4056 6426
505 384 611 451 575

1739 392 2166 460 NICEPHOHI
2207 398 2554 463 CALLISTI

3721 412 3819 476 576

506 504 623 558 sius
676 504 924 575 Ancyrae,
982 520 1079 575 per
1130 505 1425 580 Orphitum
1470 518 1526 562 et
1588 509 1806 565 Aetium
1871 514 2091 585 presby-

2203 519 2395 588 στικὴν
2424 521 2647 591 εἰρήνην
2680 536 2735 572 τε
2758 519 2850 573 καὶ
2882 520 3156 591 ὁμόνοιαν.
3185 521 3310 575 ’Ότι
3349 538 3454 575 σου
3490 524 3592 576 καὶ
3625 526 3818 597 πρώτη

507 607 677 659 teres,
707 595 866 649 Titus
889 595 1220 662 Bostrensis,
1244 598 1571 654 'l'heotimus
1602 603 1865 667 Arabum,
1900 604 2098 658 Lucia-

505 701 613 740 nus
652 690 949 753 Arcorum,
979 699 1145 758 atque
1180 690 1271 743 alii
1303 692 1491 760 plures
1528 695 1603 763 (Ι)
1667 695 1938 764 episcopi,
1991 698 2096 753 viri

505 778 771 842 insignes.
809 780 879 832 Ea
911 797 968 833 re
1004 792 1145 843 acta,
1173 784 1238 836 ad
1274 784 1666 852 imperatorem
1698 801 1922 855 quoque
1967 804 2093 857 quae

500 874 862 923 decreverant
899 870 963 922 ad
995 878 1137 925 nunc
1168 873 1389 926 modum
1415 874 1724 940 scripsere:
1757 893 1777 926 ι
1816 877 2096 941 Piissimo,

500 957 594 1010 Dei
629 960 1007 1015 amantissimo
1032 960 1261 1017 Domino
1296 974 1486 1017 nostro
1519 964 1832 1032 Jo’viuiano,
1863 969 2094 1037 Victori,

496 1051 913 1122 Augosto,quze
942 1055 1250 1107 Antiochiae
1302 1055 1690 1125 episcoporum
1734 1076 1802 1113 ex
1861 1063 2098 1119 diversis

500 1142 808 1202 provinciis
871 1147 1140 1198 convenit
1208 1147 1475 1216 synodus.
1530 1149 1687 1214 Quod
1744 1152 1920 1220 pietas
1979 1164 2093 1219 tua,

497 1236 773 1304 princeps,
801 1237 1235 1292 ecclesiasticam
1277 1254 1465 1308 pacem
1500 1252 1557 1294 et
1585 1245 1938 1298 concordiam
1963 1262 2095 1302 con-

497 1327 690 1381 ciliare
722 1328 1021 1391 studuerit,
1047 1338 1102 1381 et
1141 1330 1242 1399 ipsi
1271 1333 1442 1400 probe
1463 1334 1741 1398 novimus,
1782 1335 1876 1391 Dei
1909 1354 2096 1393 aman-

500 1419 720 1473 tissime
751 1419 1074 1489 imperator.
1105 1422 1262 1487 Quod
1311 1439 1445 1479 vero
1470 1435 1527 1480 et
1559 1436 1719 1496 caput
1754 1430 2094 1498 ejuscemodi

498 1512 725 1565 nnionis
763 1527 885 1567 esse
915 1514 1145 1567 formam
1196 1530 1339 1570 verre
1380 1526 1437 1571 et
1499 1528 1664 1573 recta:
1722 1520 1846 1575 lidei
1898 1522 2090 1577 eadem

499 1602 644 1658 bene
705 1607 1037 1676 perceperit,
1093 1618 1150 1661 et
1178 1608 1231 1661 id
1285 1625 1508 1680 quoque
1579 1628 1690 1668 non
1747 1616 2088 1684 ignoramus.

499 1695 847 1766 Quapropter
871 1713 939 1752 ne
979 1707 1035 1753 et
1060 1714 1162 1753 nos
1197 1701 1341 1755 inter
1386 1719 1481 1757 eos
1523 1720 1938 1771 recenseamur,
1998 1709 2091 1779 qui

501 1789 759 1857 dogmata
812 1792 1062 1845 veritatis
1100 1792 1465 1849 adulterando
1505 1796 1834 1865 depravant,
1876 1800 1940 1853 ad
1980 1801 2091 1870 pie-

2206 610 2537 680 πρεσϐεύειν
2601 613 2939 666 ἐσπούδακεν
2998 615 3031 683 ἡ
3081 614 3367 679 εὐσέϐεια,
3424 614 3489 668 εὖ
3527 617 3698 682 ἴσμεν
3726 619 3819 671 καὶ

2204 701 2381 767 αὐτοὶ,
2419 701 2803 770 θεοφιλέστατε
2836 705 3093 775 βασιλεῦ·
3137 707 3221 759 ὃτι
3264 706 3322 759 δὲ
3363 708 3685 776 κεφάλαιον
3722 710 3817 778 τῆς

2203 793 2460 863 τοιαύτιτς
2493 794 2746 865 ἐνότητος
2800 794 2901 863 τῆς
2954 795 3191 867 ἀληθοῦς
3247 798 3344 850 καὶ
3394 799 3705 869 ὀρθοδόξου
3733 800 3819 852 πί-

2204 900 2375 947 στεως
2412 884 2591 948 καλῶς
2621 886 2929 955 ὑπείληφας
2954 888 3046 939 τὸν
3085 889 3451 959 χαρακτῆρα,
3491 890 3622 943 οὐδὲ
3662 891 3819 945 τοῦτο

2204 975 2530 1044 ἀγνοοῦμεν,
2586 976 2703 1030 Ἵνα
2762 978 2945 1032 τοίνυν
3004 979 3080 1050 μὴ
3120 980 3258 1049 μετά
3286 981 3404 1032 τῶν
3437 997 3819 1053 παραχαρασ-

2207 1062 2411 1115 σόντων
2438 1063 2521 1123 τὰ
2540 1064 2791 1133 δόγματα
2824 1067 2923 1135 τῆς
2955 1065 3217 1134 ἀληθείας
3257 1067 3543 1137 τετάχθαι
3573 1070 3817 1138 νομιξώ-

2207 1154 2371 1223 μεθα,
2431 1157 2789 1227 ἀναφέρομεν
2844 1161 2913 1228 τῇ
2950 1161 3014 1227 σῇ
3067 1159 3348 1230 εὐλαϐείᾳ,
3387 1162 3480 1214 ὅτι
3510 1154 3618 1231 τῆς
3655 1162 3817 1229 ἀγίος

2204 1245 2426 1297 συνόδου
2450 1246 2550 1314 τῆς
2575 1248 2632 1298 ὲν
2657 1246 2862 1320 Νικαίᾳ
2893 1249 3061 1302 πάλαι
3096 1250 3368 1319 πρότερον
3397 1252 3815 1320 συγκροτηθεί-

2203 1352 2303 1405 σης
2334 1339 2433 1407 τὴν
2492 1340 2699 1405 πίστιν,
2764 1343 2858 1393 καὶ
2887 1341 3274 1411 ἀποδεχόμεθα
3333 1344 3438 1395 καὶ
3472 1346 3814 1414 κατέχομενο

2200 1431 2361 1483 ὁπότε
2397 1431 2492 1482 καὶ
2550 1430 2613 1483 τὸ
2677 1431 2876 1485 δοκοῦν
2918 1434 2973 1485 ὲν
3001 1434 3139 1503 αὐτῇ
3184 1450 3294 1487 τισι
3325 1433 3489 1497 ξένον
3519 1435 3727 1506 ὄνομα,
3756 1438 3814 1490 τὸ

2200 1520 2293 1574 τοῦ
2324 1522 2614 1591 ὀμοουσίου
2641 1524 2841 1593 φαμὲν.
2874 1524 3154 1593 ἀσφαλοῦς
3190 1526 3471 1597 τετύχηκε
3508 1529 3671 1599 παρὰ
3700 1531 3814 1591 τοῖς

2201 1614 2481 1683 Πατράσιν
2505 1615 2807 1685 ἑρμηνείας
2831 1632 2847 1647 ·
2882 1619 3257 1687 σημαινούσης
3285 1619 3372 1672 ὅτι
3395 1622 3463 1671 ἐκ
3488 1619 3600 1690 τῆς
3622 1621 3813 1684 οὐσίας

2200 1706 2293 1759 τοῦ
2339 1707 2548 1777 Πατρος
2603 1710 2631 1761 ὁ
2694 1708 2822 1772 Υἱὸς
2852 1711 3147 1780 ἐγεννήθη,
3203 1714 3296 1763 καὶ
3325 1711 3413 1764 ὅτι
3447 1712 3652 1783 ὅμοιος
3688 1712 3810 1765 κατ’

2198 1798 2389 1853 οὐσίαν
2418 1801 2495 1868 τῷ
2530 1801 2722 1870 Πατρί.
2751 1800 2886 1854 Οὔτε
2923 1802 2979 1855 δὲ
3015 1802 3091 1865 ώς
3119 1803 3323 1865 πάθους
3348 1804 3509 1867 τινὸς
3542 1807 3682 1875 περὶ
3710 1803 3809 1873 τὴν

502 1891 669 1937 tatem
698 1893 845 1938 tuam
889 1884 1204 1949 referimus,
1231 1887 1344 1958 98
1394 1905 1495 1943 nos
1524 1890 1731 1946 dudum
1797 1894 2091 1948 celebratae

2203 1892 2440 1962 ἀρρητον
2508 1894 2767 1960 γέννησιν
2833 1893 3252 1962 ἐπινοουμένον,
3314 1892 3446 1947 οὔτε
3506 1897 3657 1948 κατά
3688 1912 3810 1948 τινα

498 1984 702 2030 sanctae
730 1975 965 2032 Nicaeum
992 1978 1187 2047 synodi
1216 1978 1341 2033 ﬁdei
1374 1980 1775 2050 professionem
1808 1986 2083 2053 recipere,

497 2077 900 2139 atquetcnere.
957 2070 1024 2123 Et
1057 2071 1204 2139 quod
1260 2072 1316 2125 in
1346 2088 1409 2127 ea
1458 2076 1789 2143 quibusdam
1844 2077 2088 2145 peregri-

496 2177 630 2215 num
664 2172 722 2215 et
766 2161 1009 2216 insolens
1039 2164 1257 2217 videtur
1314 2178 1435 2219 esse
1479 2165 1711 2220 verbum
1776 2167 2085 2235 ὀμοούσιον,

495 2255 989 2319 consubstantiale,
1025 2254 1078 2310 id
1134 2271 1255 2318 nos,
1284 2269 1491 2311 certam
1551 2273 1580 2311 a
1610 2258 1864 2328 patribus
1921 2273 2088 2312 acce-

496 2351 644 2416 pisse
666 2349 905 2403 dicimus
933 2350 1471 2421 interpretationem.
1503 2350 1791 2420 Significat
1826 2351 1876 2405 id
1906 2353 2087 2416 enim,

496 2458 564 2496 ex
601 2442 913 2497 substantia
941 2444 1125 2498 Patris
1154 2443 1349 2497 Filium
1396 2458 1517 2499 esse
1550 2443 1820 2513 genitum,
1847 2452 1903 2497 et
1930 2446 2089 2499 simi-

497 2534 606 2590 lem
631 2549 756 2590 esse
788 2536 1090 2590 substantia
1115 2536 1309 2590 Filium
1334 2534 1502 2589 Patri.
1528 2536 1718 2605 Neque
1756 2536 1905 2590 enim
1932 2536 2089 2605 quasi

499 2628 788 2698 perpessio
811 2629 1113 2697 qumpiam,
1156 2628 1211 2682 in
1241 2628 1507 2683 ineliabili
1538 2628 1900 2698 generatione
1935 2627 2094 2681 intelo

495 2720 689 2790 ligitur
726 2738 739 2774 :
780 2736 966 2788 neque
997 2721 1154 2789 juxta
1186 2734 1345 2775 usum
1379 2728 1473 2774 aut
1501 2720 1959 2774 consuetudinem
1990 2719 2091 2773 ali-

496 2828 661 2882 quam
726 2812 1067 2878 Gracorum,
1129 2813 1454 2868 substantiae
1512 2813 1740 2867 verbum
1801 2812 2091 2882 accipitur.

497 2902 605 2957 Sed
629 2904 693 2956 ad
721 2905 933 2971 Arium,
958 2906 1049 2975 qui
1070 2923 1136 2961 ex
1155 2921 1263 2960 non
1286 2905 1681 2961 exsisteutibus
1706 2905 1866 2959 nobis
1891 2905 2093 2959 Filium

496 2995 668 3066 impie
689 2997 993 3066 producere
1020 3014 1188 3054 ausus
1209 3007 1311 3063 est,
1338 2997 1729 3061 cvertendnm,
1782 2998 1834 3052 id
1862 3012 2096 3067 usurpa-

498 3097 603 3142 tnr.
631 3089 1170 3155 Quemadmodumct
1194 3107 1338 3146 nunc
1356 3092 1447 3162 qui
1468 3096 1646 3146 exorti
1671 3102 1801 3145 sunt
1826 3090 2095 3160 ἀνόμοιοι,

498 3180 604 3235 hoc
658 3192 764 3246 est.
825 3185 1146 3250 dissimiles,
1175 3186 1428 3255 graviore
1496 3184 1681 3238 adhuc
1743 3182 1976 3236 audacia
2036 3188 2096 3236 et

2201 1986 2395 2055 χρῆσιν
2439 1984 2765 2055 ⁹Ελληνικὴν
2797 1986 3138 2053 λαμϐάνεται
3168 1986 3227 2038 τὸ
3256 1985 3433 2055 ὄνομα
3458 1987 3566 2055 τῆς
3589 1988 3806 2050 ούσίας·

2198 2077 2297 2139 είςι
2325 2079 2644 2148 ἀνατροπὴν
2676 2078 2734 2131 δὲ
2771 2079 2865 2133 τοῦ
2899 2079 2957 2143 ἐξ
3007 2080 3109 2132 οὐκ
3167 2079 3339 2131 ὄντων
3372 2085 3513 2151 περὶ
3547 2081 3645 2134 τοῦ
3678 2081 3805 2135 me

2198 2170 2414 2232 ἀσεϐῶς
2456 2171 2827 2239 τολμηθέντος
2868 2171 3065 2243 Ἀρείῳ
3089 2189 3102 2201 ·
3127 2172 3318 2241 ὥσπερ
3344 2173 3447 2225 καὶ
3483 2176 3535 2226 σί
3567 2172 3665 2227 νῦν
3690 2176 3807 2226 ἑπι-

2200 2260 2560 2330 φέιτήσαντες
2619 2262 2899 2331 Ἀνόμοιοι
2948 2263 3031 2316 ἔτι
3081 2263 3427 2336 θρασύτερον
3474 2268 3575 2319 καὶ
3606 2267 3807 2338 τολμη-

2202 2356 2427 2424 ρότερον
2486 2354 2580 2406 ἐπὶ
2639 2354 2788 2425 λύμῃ
2851 2355 2949 2417 vi;
3010 2356 3504 2425 ἑκκλησιαστικῆς
3550 2358 3807 2425 ὁμονοίας

2199 2442 2574 2513 ἀναισχύντως
2609 2443 3113 2515 παρῤησιάζονται.
3163 2445 3567 2517 Συνετάξαμεν
3595 2447 3653 2500 δὲ
3680 2446 3802 2516 τῇδε

2198 2533 2358 2603 ἡμῶν
2382 2537 2448 2604 τῇ
2477 2536 2729 2604 ἀναφορᾷ
2762 2536 2854 2586 καὶ
2884 2535 2945 2587 τὺ
2990 2535 3336 2606 ἀντίγραφον
3362 2538 3469 2607 τῆς
3502 2537 3684 2606 αὐτῆς
3714 2538 3804 2589 πί-

2203 2642 2376 2689 στεως
2402 2628 2499 2696 τῆς
2530 2631 2586 2679 ἐν
2610 2627 2815 2700 Nimia
2850 2628 2959 2680 ὑπὸ
2989 2629 3097 2681 τῶν
3148 2630 3657 2699 συγκροτηθέντων
3687 2631 3805 2681 ἑπι-

2204 2721 2424 2773 σκόπων
2454 2720 2706 2789 τεθείσης
2727 2738 2743 2753 ο
2793 2721 2986 2791 ἥντινα
3035 2722 3131 2774 καὶ
3170 2721 3513 2792 ἀγαπῶμεν.
3543 2723 3705 2775 Ἔστι
3738 2719 3791 2772 δὲ

2203 2808 2343 2879 αὕτη
2369 2825 2382 2839 ³
2423 2811 2765 2880 Πιστεύομεν
2796 2812 2873 2873 είς
2924 2811 3027 2863 ἕνα
3054 2810 3190 2865 Θεὸν
3225 2812 3458 2883 Πατέρα
3492 2810 3801 2879 παντοκρά-

2202 2919 2336 2971 τορα
2357 2917 2373 2932 ο
2406 2902 2502 2954 καὶ
2532 2901 2603 2953 τὰ
2622 2901 2786 2954 λοιπά
2809 2902 2901 2954 τοῦ
2938 2901 3268 2971 μαθήματος
3294 2942 3307 2965 ,
3348 2903 3799 2973 ἀπαραλλάκτως

2203 2993 2280 3055 ὡς
2330 2993 2508 3062 χρεὼν
2555 2993 2848 3062 είρημένα.
2896 3012 2915 3045 ι
2977 2993 3083 3047 Καὶ
3118 2996 3167 3047 oi
3227 2995 3325 3064 μὲν
3368 2997 3430 3050 ὲν
3492 2994 3799 3065 Ἀντιοχείᾳ

2208 3084 2562 3149 συνελθόντες
2592 3086 2757 3154 ἱερεῖς
2794 3086 2973 3138 τοιάδε
3017 3086 3441 3156 ἐπεψηφίσαντο
3472 3089 3666 3151 αὐτοῖς
3700 3090 3797 3158 ρη-

2203 3180 2319 3241 τοῖς
2359 3177 2457 3248 τὴν
2488 3179 2544 3230 ὲν
2570 3176 2773 3249 Νικαίᾳ
2801 3178 2985 3231 πίστιν
3020 3178 3396 3245 κυρώσαντες.

496 3279 804 3335 temeritate
852 3281 917 3333 ad
936 3282 1366 3335 ecclesiasticam
1389 3281 1743 3336 concordiam
1777 3276 2261 3349 pessumdandam,
2282 3275 2631 3345 impudenter
2648 3274 2919 3329 feruntur.
2941 3275 3213 3331 Rclationi
3234 3285 3420 3331 autem
3448 3276 3583 3334 huic
3600 3284 3796 3333 nostra:

494 3372 663 3427 etiam
681 3371 1067 3442 subjunximus
1089 3374 1401 3442 exemplum
1422 3373 1597 3442 ipsius
1616 3372 1852 3426 Nicaeum
1874 3370 2027 3435 ﬁdei,
2043 3370 2111 3424 ab
2133 3370 2266 3438 ipsis
2284 3368 2377 3437 qui
2403 3384 2523 3421 eam
2544 3368 2964 3438 promulgarunt
2988 3371 3261 3441 episcopis
3285 3371 3647 3442 editmzqnam
3670 3383 3794 3425 sane

494 3480 552 3525 et
573 3470 1013 3538 complectimur.
1047 3470 1145 3524 Est
1168 3483 1351 3525 autem
1367 3471 1511 3524 talis:
1531 3469 1821 3525 Credimus
1842 3469 1896 3522 in
1918 3483 2089 3523 unum
2112 3466 2281 3521 Deum
2311 3474 2517 3530 patrem
2539 3466 2994 3534 omnipotentem:
3014 3477 3069 3521 et
3092 3468 3301 3537 reliqua
3328 3469 3509 3538 ipsius
3530 3467 3792 3534 formula},

495 3566 617 3621 sine
666 3567 970 3622 mutatione
1023 3568 1199 3635 omni,
1230 3564 1391 3622 itaut
1439 3567 1719 3629 convenit,
1775 3567 2028 3637 allegata.
2068 3566 2248 3634 Atque
2280 3562 2775 3633 episcopiquidem
2792 3563 2885 3633 qui
2913 3563 3222 3620 Antiochiae
3254 3577 3661 3632 convenerant,
3688 3569 3794 3620 tunc

495 3663 887 3729 decreverunt,
917 3664 1143 3720 disertis
1168 3665 1356 3720 verbis
1403 3665 1680 3719 Niczcnam
1717 3662 1881 3718 ﬁdem
1946 3661 2366 3717 continuantes.

1084 3784 1314 3841 CAPUT
1355 3757 1497 3841 XLl.

494 3875 572 3932 De
622 3885 804 3933 sancto
859 3880 1187 3945 Athanasio,
1236 3893 1293 3932 ιιι
1352 3881 1415 3934 ab
1475 3879 1661 3947 exsilip
1696 3886 1998 3941 revocatus,
2032 3879 2087 3932 in

567 3965 760 4020 magno
790 3951 987 4020 honore
1028 3953 1171 4019 apud
1203 3949 1547 4004 Jovinianum
1590 3952 1768 4020 fuerit,
1803 3958 1850 4002 et
1877 3966 1957 4002 res
1991 3963 2082 4020 ee-

565 4017 872 4103 ctesigrune
901 4017 1275 4090 Egyptiurum
1324 4021 1496 4075 denuo
1531 4017 1651 4075 cum
1688 4028 1946 4090 potestate
1987 4018 2092 4073 ad-

569 4098 915 4144 ritintstrarit.

568 4202 710 4258 Tum
741 4218 876 4258 vero
906 4212 963 4257 et
1006 4203 1344 4260 Athanasius
1379 4203 1515 4260 cieri
1564 4201 1931 4259 Alexandrini
1970 4201 2091 4267 epi-

494 4311 720 4367 scapus,
772 4290 841 4352 de
899 4297 1206 4352 amicorum
1230 4298 1468 4352 consilio
1508 4296 1866 4351 Antiochiam
1904 4294 2090 4365 profe-

496 4400 622 4445 ctus
650 4404 777 4445 cum
828 4390 1166 4461 imperatore
1215 4389 1362 4443 fuit:
1416 4397 1585 4458 atque
1616 4388 1689 4443 ibi
1724 4388 1891 4442 rebus
1943 4400 2085 4455 quas

496 4482 753 4551 oportuit
806 4482 860 4537 ei
919 4481 1221 4553 suggestis,
1260 4480 1648 4534 Alexandriam
1692 4477 1887 4533 rediit.
1941 4477 2088 4533 Sunt

495 4582 677 4629 autem
713 4575 807 4646 qui
848 4575 1059 4640 dicunt,
1087 4575 1157 4630 ab
1201 4573 1542 4643 imperatore
1581 4571 1772 4641 potius
1802 4586 1931 4627 eum
1959 4584 2091 4625 evo-

497 4679 683 4726 catum
709 4686 858 4738 esse,
891 4678 953 4724 ut
985 4669 1065 4724 illi
1092 4682 1215 4738 quae
1244 4670 1311 4722 de
1342 4666 1611 4738 religione
1641 4665 1853 4736 agenda
1877 4672 2086 4729 essent,

496 4772 826 4835 exponeret.
882 4763 1107 4819 Etcum
1157 4762 1232 4817 ibi
1282 4777 1371 4818 res
1421 4760 1685 4818 Ecclesiae
1719 4761 1827 4816 rite
1880 4758 2091 4814 consti-

498 4855 717 4920 tuisset,
758 4864 819 4908 ct
868 4864 1016 4908 certa
1050 4854 1199 4924 apud
1260 4854 1653 4925 imperatorem
1710 4853 1837 4908 ﬁdei
1891 4852 2094 4907 funda-

497 4957 682 5002 menta
708 4946 959 5016 iecisset,
991 4946 1217 5002 domum
1264 4948 1584 5003 revertisse.
1626 4946 1730 5012 Qui
1760 4953 1945 5002 autem
1979 4946 2091 4999 An—

2770 3783 3025 3838 ΚΕΦΑΛ.
3078 3781 3215 3837 MA'.

2194 3877 2334 3948 Περὶ
2358 3878 2464 3933 τοῦ
2488 3880 2666 3950 ἁγίου
2706 3879 3095 3939 Ἀθανασὶου.
3121 3879 3201 3946 ὡς
3233 3877 3345 3950 τῆς
3371 3879 3624 3947 ἐξοριάς
3651 3881 3791 3944 dra:

2266 3947 2546 4017 κληθεὶς,
2574 3952 2671 4003 διὰ
2702 3949 3214 4018 τιμῆςέτλείστης
3245 3947 3325 4015 τῷ
3372 3953 3649 4017 Ἰοϐιανῷ
3676 3951 3790 4019 ἐγέ-

2264 4038 2405 4091 νετο
2428 4040 2439 4052 ·
2475 4024 2569 4073 καὶ
2596 4020 2717 4073 τῶν
2743 4017 2872 4073 κατ’
2894 4022 2993 4091 Αιγ
3009 4038 3205 4075 υπτον
3236 4020 3597 4091 ἐκκλησιῶν
3621 4017 3788 4085 αὖθις

2264 4090 2565 4161 ἐγκρατὴς
2594 4094 2884 4157 κατέστη.

2266 4200 2585 4274 Τηνικαῦτα
2628 4202 2686 4257 δὲ
2732 4207 2831 4256 καὶ
2890 4201 3213 4266 Ἀθανάσιος
3272 4202 3369 4256 τοῦ
3419 4205 3630 4276 κλήρου
3684 4200 3786 4253 τῶν

2206 4282 2610 4364 Ἀλεξανδρέων
2662 4293 3054 4365 προεστηκὼς,
3108 4298 3223 4347 τισὶ
3253 4294 3363 4347 τῶν
3432 4292 3784 4351 οἰκειοτάτων

2197 4388 2526 4458 συμϐούλοις
2562 4388 2931 4460 χρησάμενος,
2992 4388 3135 4443 κατᾶ
3183 4388 3283 4459 τὴν
3320 4390 3603 4461 Ἀντιόχου
3633 4384 3785 4457 γενό-

2199 4498 2383 4551 μενος,
2436 4481 2513 4550 τῷ
2566 4479 2776 4551 βασιλεῖ
2838 4480 3202 4549 συγγίνεταιο
3266 4482 3361 4534 καλ⁸
3411 4482 3483 4535 τὰ
3534 4494 3666 4550 περι
3711 4469 3782 4530 ὧν

2195 4576 2365 4646 ἐχρῆν
2392 4573 2751 4644 ὑποθέμενος,
2779 4573 3049 4644 ἀνεχώρει
3078 4573 3259 4637 αὖθις.
3286 4575 3411 4627 Εἰσὶ
3441 4576 3499 4629 δὲ
3521 4574 3576 4629 οἴ
3601 4588 3782 4643 φασιν,

2194 4666 2271 4731 ὡς
2301 4667 2329 4719 ὁ
2362 4664 2618 4735 βασιλεὺς
2671 4664 2875 4734 μᾶλλον
2910 4665 3075 4719 αὐτὸν
3135 4665 3546 4737 μετεστείλατο,
3597 4665 3695 4718 ὅσα
3723 4661 3783 4728 δὴ

2194 4761 2448 4828 πρακτέα
2478 4762 2546 4829 τῇ
2606 4758 2878 4830 θρησκείᾳ
2935 4759 3389 4829 εἰσηγησάμενον.
3450 4760 3564 4812 Καὶ
3609 4757 3675 4825 δή
3714 4751 3783 4804 ’τὰ

2194 4852 2339 4906 κατά
2365 4851 2465 4921 τὴν
2493 4847 2829 4921 Ἐκκλησίαν
2878 4849 3063 4912 καλῶς
3093 4851 3447 4922 διαθέμενος,
3476 4849 3571 4904 καὶ
3602 4846 3661 4901 τὸ
3691 4843 3782 4911 τῆς

2196 4944 2433 5006 πίστεως
2484 4942 2725 5012 ἀσφαλὲς
2760 4943 2996 5013 ὲδράσας
3023 4942 3101 5013 τῷ
3140 4942 3377 5012 βασιλεῖ,
3416 4944 3612 4997 νόστου
3658 4934 3780 5006 ἐμέ-

502 5040 722 5096 tiochiae
776 5039 1112 5093 Arianorum
1169 5041 1367 5095 haeresi
1428 5038 1650 5110 praefuit
1709 5040 1973 5102 Enzoius,
2026 5044 2091 5090 ut

2203 5050 2389 5103 μνητο.
2418 5032 2479 5086 '0
2508 5034 2565 5086 δὲ
2591 5034 2691 5102 τῆς
2733 5033 3034 5100 ’Δρειανῶν
3061 5034 3361 5105 θρησκείας
3393 5037 3449 5088 ὲν
3477 5027 3778 5099 Ἀντιοχείᾳ

498 5132 782 5202 opinionis
809 5146 920 5186 sure
944 5147 1014 5187 ex
1042 5132 1320 5187 eunuchis
1368 5134 1595 5204 quidam
1628 5134 1857 5189 nomine
1887 5132 2094 5187 Proba-

2193 5127 2475 5195 προεστὼς
2492 5125 2734 5189 Εύξώῖος
2757 5127 2858 5194 τῆς
2890 5139 3015 5193 ισης
3043 5128 3287 5191 πίστεως
3321 5127 3560 5197 σπουδὴν
3579 5119 3776 5175 ἐποιεῖ-

497 5224 612 5279 tius
643 5222 904 5279 Ecclesia:
950 5223 1339 5280 Alexandrina:
1392 5226 1791 5296 praeﬁceretur,
1849 5228 2091 5283 maximo

2203 5233 2252 5269 το
2290 5215 2571 5285 πλείστην,
2594 5217 2732 5270 κάπὶ
2767 5217 2867 5285 τῆς
2897 5215 3252 5287 Ἀλεξάνδρου
3300 5217 3412 5271 τῶν
3443 5230 3567 5270 τινα
3592 5206 3777 5265 εὐνού-

497 5315 688 5373 studio
746 5314 1057 5373 contendit.
1093 5315 1277 5387 Atque
1338 5333 1457 5374 eam
1508 5318 1580 5374 ob
1627 5333 1853 5375 causam
1900 5318 2089 5374 Euzoii

2203 5326 2303 5381 (ων
2331 5310 2766 5381 προεστηκέναιο
2792 5310 3096 5379 Προϐἀτιος
3122 5306 3189 5382 ἦν
3212 5311 3384 5382 ὄνομα
3407 5310 3484 5379 τῷ
3520 5302 3772 5371 εὐνούχῳ·

501 5422 670 5463 suasu
703 5406 1110 5464 Alexandrinus
1137 5409 1363 5480 quidam
1396 5412 1510 5482 99
1537 5411 1764 5475 Lucius,
1799 5411 2091 5481 presbyter

2203 5402 2303 5457 Καὶ
2337 5401 2401 5473 δὴ
2436 5404 2551 5465 τοῖς
2582 5401 2714 5471 περὶ
2744 5396 2990 5466 Εύζώῖον
3017 5405 3487 5475 εἰσηγησαμένοις
3527 5398 3775 5461 Ἄλεξαν·

499 5514 532 5554 a
567 5499 800 5573 Georgio
822 5509 1063 5569 creatus,
1096 5496 1241 5573 apud
1272 5504 1688 5573 imperatorem,
1725 5502 2089 5557 Athanasium

500 5595 864 5651 vehementer
891 5593 1241 5652 criminando
1274 5595 1517 5663 detulit,
1551 5594 1699 5665 quod
1746 5595 2091 5665 temporibus

486 5688 888 5757 superioribus
918 5688 972 5743 in
1005 5690 1330 5760 episcopatu
1369 5702 1473 5744 suo
1502 5703 1723 5758 semper
1752 5702 1885 5743 reus
1909 5696 2089 5752 aetus,

486 5764 563 5832 ’τι
592 5795 620 5834 a
651 5780 937 5851 prioribus
979 5779 1417 5852 imperatoribus
1458 5780 1675 5837 exsilio
1700 5788 1758 5835 ut
1794 5778 2088 5835 seditionis

2197 5495 2361 5566 δρεύς
2391 5511 2477 5557 τις
2505 5493 2740 5554 Λούκιος
2787 5494 3169 5567 πρεσϐυτέρου
3204 5496 3366 5561 ἀξίαν
3400 5490 3773 5568 ἠμφιεσμένος

2199 5590 2264 5640 ὲκ
2290 5588 2402 5641 τῶν
2431 5585 2711 5657 Γεωργίου
2740 5587 2943 5658 χειρῶν
2970 5590 3027 5651 ἐς
3052 5588 3280 5660 βασιλέα
3307 5590 3558 5661 εἰσήγετο
3577 5601 3590 5615 ·
3629 5577 3773 5634 πλεῖ-

2202 5680 2305 5735 στά
2332 5661 2391 5733 τε
2424 5679 2747 5734 Ἀθανάσιον
2779 5679 3151 5753 ἐϐλασφήμει,
3184 5680 3263 5746 ώς
3286 5681 3374 5736 ἀεὶ
3401 5676 3620 5751 γραφὰς
3648 5673 3770 5725 ύποι

2205 5776 2386 5846 μένων
2416 5776 2531 5839 τοῖς
2565 5774 2758 5846 πρώην
2794 5773 3030 5846 χρόνοις,
3072 5774 3370 5847 ὑπερόριος
3391 5775 3505 5837 τοῖς
3539 5766 3642 5841 πρὸ
3670 5761 3766 5823 αὖ·

578 5893 660 5966 (ι)
696 5894 901 5952 Eorum
949 5895 1177 5953 nomina
1220 5907 1351 5955 sunt
1398 5894 1547 5968 apud
1600 5894 1816 5955 Sacrat.
1867 5895 1966 5952 lib.
2018 5911 2095 5962 ιιι,
2140 5909 2263 5963 cap,
2296 5892 2386 5947 9.3.
