4056 6422
305 340 411 407 .577

1221 336 1827 400 ECCLESIASTIQE
1864 332 2257 393 HISTORLE
2297 328 2445 389 LIB.
2490 326 2558 385 X.

3459 318 3521 380 5'}
3528 318 3564 383 8

303 455 401 507 τοῦ
425 453 743 523 βασιλεῦσιν
773 455 1042 524 ἐκρίνετο,
1081 455 1174 507 καὶ
1203 455 1275 517 ὠς
1305 454 1399 508 ὄιτε
1422 453 1487 523 δὴ
1512 454 1755 513 στάσεως
1786 452 1885 503 καὶ

1998 457 2041 501 ξι
2094 444 2385 500 discut-dite
2440 449 2638 493 auctor
2695 435 2961 489 Inultatus
3006 432 3191 497 fuerit,
3227 441 3283 487 et
3332 433 3563 502 proinde

306 548 579 617 διχονοίας
609 548 803 613 αἴτιον,
845 548 1033 618 ἕτερον
1062 548 1380 614 εἰσάγεσθαι
1414 551 1479 617 τῇ
1526 546 1878 615 Ἀλεξάνδρου

310 637 480 689 ἐδεῖτο
538 637 855 693 ἐπίσκοπον.
915 640 973 691 '0
1005 639 1059 692 δὲ
1091 639 1367 709 βασιλεὺς.
1419 641 1519 692 οὐκ
1551 639 1737 707 ἠγνόει
1772 635 1881 706 γὰρ

307 729 409 781 ὅσα
441 727 591 796 αὐτῷ
625 728 916 798 μοχθηρῶς
966 731 1013 781 οἱ
1051 731 1107 794 ἐξ
1149 730 1362 800 Ἀρείου
1403 729 1731 798 ἐφρόνησαν,
1763 729 1887 798 ἥκι-

312 834 413 869 στα
464 820 587 879 ταῖς
640 818 1000 887 κατηγορίαις
1056 820 1395 889 προσέθετοο
1430 820 1624 888 ἀμέλει
1672 836 1755 872 τοι
1787 818 1885 871 καὶ

310 912 544 963 Λούκιον
585 909 836 962 ἐκέλευεν
893 912 1069 980 ἡσυχῆ
1128 912 1439 979 καθῆσθαι⁶
1474 912 1773 980 Προϐάτιον
1826 910 1883 962 δὲ

315 1001 410 1053 καὶ
448 1003 572 1063 τοὺς
603 1002 730 1070 περὶ
764 1003 929 1054 αὐτὸν
964 1004 1273 1071 εὐνούχους,
1306 1002 1380 1065 ὡς
1431 1005 1635 1064 αἰτίους
1682 1020 1746 1069 γε
1777 1002 1887 1054 τῶν

311 1088 571 1142 τοιούτων
615 1090 1024 1160 καθεστηκότας
1059 1093 1308 1163 θορύϐων
1334 1133 1347 1153 ,
1403 1092 1735 1162 προσέταττε
1778 1109 1886 1143 σω-

317 1179 689 1248 φρονίζεσθαι.
740 1182 843 1235 Τὸν
895 1183 941 1235 δ’
992 1183 1313 1237 Ἀθανάσιον
1356 1188 1419 1254 τῇ
1461 1186 1581 1235 τότε
1630 1182 1888 1252 συνουσίᾳ

315 1272 407 1324 καὶ
431 1272 739 1341 ἁστειότητι
775 1273 927 1337 φίλον
958 1273 1179 1344 ἄριστον
1227 1277 1632 1345 ποιησάμενος,
1666 1273 1751 1326 ἐπ’
1789 1273 1887 1324 Αἴ-

315 1382 522 1432 γυπτον
553 1367 791 1433 ἑπεμπε,
841 1365 939 1428 τὰς
975 1367 1268 1437 ἐκκλησίας
1300 1372 1392 1420 καὶ
1420 1369 1514 1419 τὸν
1544 1369 1721 1419 ἐκεῖσε
1756 1366 1885 1418 λαὸν

314 1451 350 1530 ᾗ
383 1457 557 1510 ἐδόκει
584 1457 847 1520 κελεύσας
866 1458 1167 1512 παιδεύειν.
1200 1461 1434 1512 Πλεῖστα
1460 1458 1516 1510 δέ
1542 1476 1701 1527 φασιν
1733 1462 1890 1510 ἐπαι-

315 1550 467 1603 νέσαι
516 1549 608 1601 τὸν
638 1549 803 1619 ἄνδρα
851 1550 947 1602 τοῦ
979 1567 1036 1601 τε
1068 1551 1184 1620 βίου
1211 1552 1307 1603 καὶ
1343 1550 1546 1619 ἀρετῆς
1577 1551 1761 1613 ἓνεκα,
1793 1548 1890 1602 καὶ

316 1642 423 1696 τῶν
454 1643 647 1710 λόγων,
681 1644 776 1697 σὺν
810 1644 1100 1715 θαυμαστῇ
1154 1646 1417 1715 φρονήσει
1447 1643 1887 1711 καλλυνομένων,

319 1736 413 1787 καὶ
467 1737 577 1798 τοῖς
629 1737 820 1805 ἐκείνῳ
872 1738 1003 1808 περὶ
1061 1738 1162 1809 τὴν
1196 1735 1500 1808 θρησκείαν
1549 1735 1892 1807 ὁριζομένοις

324 1827 629 1898 ἐγγράφως-

889 1942 1142 1999 ΚΕΦΑΛ.
1177 1942 1311 1997 MB’.

320 2056 459 2123 Περὶ
523 2055 637 2124 τῆς
690 2056 770 2128 ἐν-
840 2055 1264 2126 Ἀλεξανδρείᾳ
1297 2058 1616 2128 rava-(550v,
1664 2054 1742 2128 ἧς
1788 2058 1897 2128 τὸν

390 2128 534 2197 ὅρον
563 2131 595 2180 ὁ
627 2126 823 2191 πολὺς
867 2127 1214 2192 Ἆθανάσιος
1244 2127 1323 2193 τῷ
1375 2129 1630 2192 ,ϐασιλεῖ
1653 2126 1893 2194 διεπέμο

388 2202 547 2266 ψατο
571 2212 582 2226 ·
623 2198 723 2248 καὶ
745 2197 826 2261 ὡς
860 2198 898 2263 ἡ
931 2198 1000 2250 ἐν
1037 2199 1254 2264 Νικαίᾳ
1279 2201 1486 2262 πίστις
1519 2199 1724 2252 πολὺν
1754 2200 1895 2266 χρό-

387 2283 500 2320 νον
519 2266 956 2338 ξολεμηθεῖσα,
992 2271 1080 2335 εἰς
1124 2269 1239 2337 τὴν
1264 2271 1562 2338 προτέραν
1593 2268 1894 2323 κατάσταο

389 2352 494 2390 σιν
519 2332 749 2407 ἦλθεν(
943 2332 949 2333 ί
1033 2366 1041 2373 ~

402 2451 716 2517 ’Δθανάσιος
749 2452 808 2505 δὲ
858 2455 956 2524 τὴν
999 2451 1357 2524 Ἀλεξάνδρου
1398 2452 1540 2524 μετὰ
1569 2454 1740 2522 τιμῆς
1790 2451 1893 2520 τῆς

318 2545 707 2618 προσηκούσης
756 2544 1102 2609 καταλαϐὼν,
1130 2546 1255 2599 ἐπεὶ
1283 2545 1544 2616 βασιλεὺς
1572 2545 1763 2614 ἐδήλου
1804 2543 1898 2613 ἔγ-

318 2652 531 2707 γραφον
565 2638 712 2708 αὐτῷ
747 2638 991 2708 πέμπειν
1039 2641 1140 2709 τῆς
1173 2639 1481 2708 ἀμωμήτου
1514 2628 1896 2707 πίστεωςτὴν

318 2731 625 2803 ἀκρίϐειαν,
660 2731 877 2787 σύνοδον
909 2731 1145 2799 τοπικὴν
1196 2730 1468 2802 κηρύξας,
1510 2732 1601 2783 καὶ
1642 2731 1770 2792 τοὺς
1805 2728 1896 2782 ὲλο

319 2828 725 2899 λογιμωτέρους
770 2829 880 2881 τῶν
910 2824 1223 2880 ἐπισκόπων
1276 2824 1555 2895 ἁθροίσας,
1586 2824 1896 2895 ἀντέγραφε

318 2920 495 2989 τούτῳ
516 2920 617 2989 τὴν
643 2920 700 2972 ἐν
724 2918 932 2988 Νικαίᾳ
960 2917 1141 2970 πίστιν
1168 2917 1446 2987 διατηρεῖν
1475 2914 1894 2985 ἅπαρὰτρωτον,

323 3009 398 3071 ὡς
427 3012 537 3073 τοῖς
577 3009 952 3079 εὐαγγελικοῖς
983 3006 1387 3078 συμϐαίνουσαν
1418 3005 1706 3075 δόγμασιν.
1752 3004 1897 3073 Ἐγὼ

1982 540 2149 591 alium
2214 531 2602 588 Alexandrinis
2655 530 2978 597 episcopum
3027 525 3145 579 dari
3179 525 3361 595 petiit.
3391 524 3563 587 {Jovi-

1983 633 2185 684 nianus
2216 637 2422 688 autem,
2458 639 2630 693 quem
2676 637 2787 677 non
2830 619 3033 673 latebat
3084 619 3321 672 Ariauos
3377 616 3566 671 hostili

1984 723 2144 793 plane
2186 721 2241 773 in
2274 720 2430 772 illum
2464 732 2590 772 esse
2631 718 2841 777 animo,
2876 711 3206 766 criminibus
3241 711 3321 764 cis
3343 709 3567 764 minime

1988 824 2194 877 motus,
2233 811 2464 865 Lit-tium
2520 811 2767 877 quietum
2800 823 2958 868 esse.
2996 805 3316 859 Probatium
3383 812 3569 858 autem

1983 919 2039 962 et
2070 908 2315 974 reliquos
2351 905 2469 973 ejus
2525 903 2834 962 eunuchos,
2889 900 3055 953 veluti
3092 898 3266 951 turbae
3298 897 3419 951 talis
3471 910 3570 949 au-

1985 1014 2190 1063 eturcs,
2240 996 2547 1050 modestius
2604 1010 2662 1047 se
2721 1007 2911 1061 gerere
2961 992 3145 1061 jussit.
3202 988 3567 1044 Athanasium

1987 1107 2150 1161 porro
2183 1105 2311 1144 cum
2348 1087 2453 1141 sibi
2493 1090 2754 1154 temporis
2770 1085 2892 1152 ejus
2915 1082 3316 1137 consuetudine
3342 1081 3569 1134 amicis-

1988 1187 2193 1237 simum
2236 1181 2475 1243 fecisset,
2504 1180 2557 1231 in
2593 1178 2887 1247 {Egyptum
2924 1177 3157 1231 remisit.
3191 1175 3572 1241 ecclesiasque

1988 1276 2038 1330 ei
2073 1285 2127 1328 et
2158 1272 2419 1341 populum
2470 1272 2543 1324 ibi
2598 1269 2829 1323 arbitrio
2857 1284 2957 1321 suo
2988 1266 3386 1321 instituendum
3423 1279 3575 1320 com-

1989 1366 2160 1423 misit.
2190 1365 2360 1417 Porro
2383 1363 2682 1430 plurimum
2732 1360 2779 1414 is
2824 1361 3003 1412 virum
3035 1374 3162 1412 eum
3196 1359 3447 1411 laudasse
3495 1357 3577 1410 di-

1989 1460 2169 1521 citur,
2225 1463 2449 1524 propter
2507 1456 2814 1516 virtutem,
2871 1460 2926 1503 et
2983 1448 3108 1502 vitae
3175 1448 3572 1509 innocentiam,

1987 1546 2256 1603 orationis
2316 1544 2485 1598 etiam
2561 1541 2768 1595 festivae
2826 1548 3220 1602 venustatem,
3277 1537 3574 1606 prudentia

1993 1639 2229 1711 quadam
2254 1636 2578 1690 admiranda
2607 1644 2968 1704 temperatam
2989 1651 3002 1686 :
3021 1643 3079 1686 et
3107 1640 3335 1700 propter
3367 1645 3429 1685 ea
3454 1646 3579 1699 qua:

1998 1735 2044 1788 is
2093 1733 2161 1786 de
2204 1730 2468 1801 religione
2503 1736 2690 1783 nostra
2730 1728 2835 1782 rite
2883 1726 3104 1781 decreta
3128 1765 3144 1792 ,
3169 1725 3224 1779 in
3254 1723 3459 1794 scripta
3496 1739 3581 1777 re-

2000 1826 2146 1881 tulit.

2568 1936 2795 1995 CAPUT
2834 1935 3000 1992 XLII.

1995 2057 2076 2112 De
2111 2056 2312 2128 synodo
2365 2054 2771 2128 Alexandrina,
2834 2053 3002 2128 cujus_
3032 2050 3300 2128 decretum
3358 2064 3582 2128 magnus

2067 2123 2394 2181 Athanasius
2433 2126 2500 2177 ad
2527 2127 2899 2192 imperatorem
2933 2124 3116 2176 misit:
3154 2130 3203 2174 et
3238 2131 3295 2172 ut
3326 2123 3582 2192 professio

2065 2198 2191 2267 ﬁdei
2225 2197 2440 2251 Nirama
2478 2190 2643 2247 multo
2660 2194 2780 2267 jam
2812 2203 3046 2262 tempore
3073 2192 3368 2262 exagitata,
3390 2191 3447 2243 in
3473 2190 3584 2259 pri-

2065 2265 2263 2323 stinum
2291 2275 2493 2320 statam
2520 2267 2589 2318 sit
2622 2265 2892 2318 restituta.

2069 2454 2176 2510 Sed
2207 2453 2356 2508 enim
2396 2451 2724 2507 Athanasius
2763 2451 3151 2506 Alexandriam
3197 2466 3321 2506 cum
3348 2465 3437 2514 eo,
3472 2465 3584 2520 quo

1995 2562 2096 2618 par
2127 2555 2265 2611 erat,
2293 2546 2506 2600 honore
2541 2559 2796 2599 reversus
2822 2585 2836 2611 ,
2866 2544 3015 2614 quod
3048 2546 3099 2599 ei
3156 2544 3461 2611 imperator
3512 2544 3589 2597 si-

1998 2639 2374 2711 gnificaverat,
2413 2647 2472 2691 ut
2501 2636 2568 2690 ad
2596 2651 2655 2691 se
2674 2644 2883 2690 certam
2919 2636 3425 2705 irreprebensibilis
3459 2635 3585 2690 ﬁdei

1996 2732 2289 2789 formulam
2339 2730 2607 2794 mitteret,
2644 2728 2857 2799 synodo
2912 2728 3236 2797 provinciali
3289 2738 3501 2794 enacta,
3532 2737 3591 2784 et

1998 2824 2418 2896 spectatissimis
2453 2823 2767 2893 quibusque
2817 2822 3098 2892 episcopis
3127 2823 3196 2876 ad
3227 2838 3285 2876 se
3316 2823 3584 2885 evocatis,

1998 2916 2259 2989 principi,
2307 2925 2367 2969 ut
2401 2914 2680 2970 Nicaenam
2719 2912 2881 2968 ﬁdem
2935 2914 3250 2968 inviolatam
3297 2924 3463 2984 atque
3500 2916 3588 2968 in-

2002 3018 2247 3078 tegram;
2280 3022 2403 3076 quae
2447 3006 2657 3061 scilicet
2690 3004 3040 3073 Evangelicis
3063 3005 3415 3074 dogmatibus
3453 3022 3589 3061 con—

322 3103 381 3157 δέ
399 3103 501 3173 τῆς
527 3103 637 3158 τῶν
666 3104 1066 3174 ἐντευξομένων
1114 3102 1304 3155 ἕνεκεν
1343 3100 1638 3170 ὠφελείας,
1668 3101 1760 3154 καὶ
1790 3101 1890 3153 αὐ-

1999 3099 2209 3160 veuiat,
2263 3098 2544 3163 servaret,
2596 3095 2904 3165 rescripsit.
2954 3096 3156 3153 Verum
3200 3097 3339 3150 nihil
3375 3099 3585 3164 obstat,

322 3198 421 3268 τὴν
452 3197 665 3266 ἐκείνην
714 3196 813 3267 τὴν
868 3194 1181 3263 ἐπιστολὴν,
1236 3193 1311 3256 ὡς
1345 3192 1438 3245 ἐπὶ
1467 3191 1669 3256 λέξεως
1723 3187 1892 3262 εἶχεν,

323 3291 536 3361 ἐνθήσω
568 3292 637 3361 τῇ
690 3288 978 3357 συγγραφῇ
1003 3301 1016 3314 ·
1063 3285 1178 3337 ἐστι
1208 3284 1264 3337 δὲ
1293 3283 1433 3353 αὕτη
1455 3300 1470 3313 ·
1515 3303 1533 3336 ι
1560 3284 1650 3354 Τῷ
1675 3283 1896 3337 εὐσεϐεο

320 3386 501 3454 στάτῳ
535 3382 629 3436 καὶ
671 3377 1175 3449 φιλανθρωποτάτῳ
1204 3378 1423 3447 Νικητῇ
1457 3374 1759 3444 Αὐγούστῳ
1799 3376 1897 3430 Ἰο-

322 3475 494 3544 ϐιανῷ
531 3473 844 3537 Ἁθανάσιος
880 3473 979 3527 καὶ
1004 3473 1054 3525 οἱ
1085 3471 1266 3525 λοιποὶ
1289 3468 1605 3534 ἐπίσκοποι,
1635 3469 1686 3522 οἱ
1709 3467 1895 3523 ἐλθόν-

320 3579 412 3624 τες
432 3562 497 3614 ἐκ
531 3560 823 3632 προσώπου
853 3560 1072 3614 πάντων
1092 3559 1202 3613 τῶν
1233 3559 1342 3613 ἀπὸ
1367 3563 1467 3631 τῆς
1497 3557 1776 3629 Αἰγύπτου
1801 3558 1894 3611 καὶ

318 3655 587 3727 Θηϐαΐδος
625 3657 721 3710 καὶ
748 3653 958 3724 Λιϐύης
992 3653 1316 3707 ἐπισκόπων
1337 3670 1352 3687 ο
1392 3654 1680 3725 πρέπουσα
1714 3652 1897 3720 θεοφι-

317 3749 402 3801 λεῖ
421 3748 628 3819 βασιλεί
654 3747 958 3819 φιλομαθὴς
990 3746 1313 3819 προαίρεσις
1338 3747 1432 3799 καὶ
1465 3746 1631 3810 πόθος
1661 3746 1771 3799 τῶν
1801 3744 1895 3798 οὐ·
1942 3756 1943 3759 ‘

323 3840 542 3910 pzvttov.
575 3838 734 3894 Οὕτω
765 3841 873 3908 γὰρ
922 3839 1015 3891 καὶ
1070 3837 1169 3908 τὴν
1199 3837 1431 3910 καρδίαν
1463 3837 1609 3909 ἔχεις
1662 3840 1720 3892 ἐν
1736 3838 1895 3908 ’χειρὶ

318 3932 477 3998 Θεοῦ,
513 3933 609 3985 καὶ
641 3932 740 4002 τὴν
767 3930 1049 4002 βασιλείαν
1088 3930 1208 4002 μετ’
1233 3934 1458 4002 εἰρήνης
1493 3930 1720 3995 πολλαῖς
1756 3930 1895 3984 ἐτῶν

322 4025 591 4097 περιόδοις
625 4023 982 4086 ἐπιτελέσεις.
1030 4022 1352 4093 Θελησάσης
1414 4023 1599 4076 τοίνυν
1648 4023 1749 4094 τῆς
1791 4020 1894 4094 σῆς

320 4117 605 4180 εὐσεϐείας
636 4116 831 4186 μαθεῖν
853 4116 984 4187 παρ’
1012 4115 1171 4186 ἡμῶν
1194 4117 1294 4187 τὴν
1318 4115 1421 4184 τῆς
1448 4116 1746 4187 καθολικῇς
1773 4116 1897 4171 Ἐκ·-

320 4209 552 4278 κλησίας
574 4209 780 4275 πίστιν,
817 4207 1318 4283 εὐχαριστήσαντες
1347 4211 1442 4265 ἐπὶ
1467 4208 1646 4280 τούτῳ
1682 4211 1893 4281 Κυρίῳ,

321 4303 765 4373 ἐϐουλευσάμεθα
817 4304 1038 4359 πάντων
1076 4304 1278 4374 μᾶλλον
1324 4305 1424 4375 τὴν
1459 4304 1612 4376 παρὰ
1644 4305 1753 4359 τῶν
1785 4306 1897 4357 Πα-

318 4399 496 4466 τὲρων
522 4395 950 4469 ὁμολογηθεῖσαν
986 4397 1046 4449 ἐν
1095 4396 1304 4469 Νικαίᾳ
1340 4398 1527 4450 πίστιν
1575 4397 1895 4468 ὑπομνῆσαι

1999 3192 2133 3262 quin
2166 3190 2427 3246 utilitatis
2458 3204 2652 3245 eorum
2679 3190 2851 3259 gratia
2874 3190 2970 3258 qui
2998 3189 3102 3245 ista
3137 3189 3344 3261 legent,
3379 3194 3588 3262 ορῐειοι

1997 3286 2104 3351 lam
2136 3289 2257 3355 ejus
2284 3283 2351 3337 de
2386 3281 2558 3338 verbo
2589 3281 2657 3335 ad
2683 3281 2912 3335 verbum
2947 3281 3039 3336 hic
3072 3298 3367 3351 apponam.
3402 3284 3477 3338 Ea
3508 3284 3590 3339 sic

1998 3377 2164 3431 habet
2189 3393 2201 3428 :
2245 3394 2263 3426 ι
2305 3373 2567 3429 Piissimo
2592 3381 2650 3427 et
2675 3371 3078 3427 humanissimo
3104 3370 3309 3426 Victori
3339 3373 3589 3441 Augusto

1997 3465 2311 3530 Joviniano,
2344 3463 2689 3519 Athanasius
2720 3471 2777 3517 et
2822 3462 3023 3531 reliqui
3057 3462 3329 3532 episcopi,
3363 3465 3458 3532 qui
3489 3479 3593 3516 uo-

1998 3562 2146 3616 miue
2177 3559 2425 3614 omnium
2471 3554 2689 3629 Egypti
2725 3567 2779 3612 et
2815 3555 3117 3611 Thebaidis
3144 3563 3198 3610 et
3240 3556 3422 3628 Libym
3459 3572 3594 3613 con-

1998 3662 2294 3720 venerunt,
2337 3652 2731 3723 episcoporum
2769 3650 3146 3715 :Admodum,
3186 3649 3278 3706 Dei
3309 3662 3587 3707 amantem

2000 3746 2413 3817 imperatorem,
2459 3744 2707 3801 discendi
2731 3744 2975 3800 studium
3001 3785 3017 3809 ,
3048 3744 3467 3815 ctelestiumque
3506 3760 3595 3800 re-

1998 3854 2124 3894 rum
2177 3838 2517 3894 desiderium
2569 3837 2750 3892 decet.
2792 3836 2888 3892 Sic
2928 3854 3167 3909 namque
3209 3854 3336 3892 eum
3383 3853 3481 3893 cur
3534 3838 3591 3894 in

2000 3949 2166 3989 manu
2212 3933 2308 3990 Dei
2340 3932 2592 3999 habebis,
2637 3940 2752 3987 tum
2796 3931 3092 4001 imperium
3132 3932 3186 3985 in
3234 3947 3367 4002 pace
3395 3933 3595 3986 multo-

2001 4043 2124 4081 rum
2161 4024 2460 4081 curriculis
2489 4040 2761 4080 annorum
2797 4023 3235 4079 administrabis.
3258 4023 3397 4079 Cum
3425 4025 3594 4095 igitur

2001 4133 2341 4189 cognoscere
2392 4133 2421 4171 a
2456 4117 2617 4172 nobis
2646 4118 2822 4186 pietas
2858 4131 2957 4171 sua
3010 4116 3298 4172 catholicae
3326 4118 3594 4173 Ecclesiae

2001 4209 2165 4265 ﬁdem
2213 4210 2380 4279 velit,
2423 4209 2583 4279 100
2622 4209 2818 4280 gratiis
2863 4208 2977 4264 Deo
3024 4210 3093 4264 de
3148 4211 3238 4264 tali
3286 4212 3473 4266 animo
3496 4220 3592 4269 tuo

2001 4304 2159 4367 actis,
2201 4303 2382 4358 visum
2417 4301 2582 4355 nobis
2615 4310 2702 4356 est
2747 4316 2862 4371 prae
2905 4303 3165 4358 omnibus
3219 4303 3366 4369 aliis,
3399 4307 3592 4374 pietati

2005 4406 2164 4452 turea
2197 4395 2454 4465 patribus
2492 4394 2687 4449 Nicaeae
2729 4395 3132 4465 promulgatam
3186 4395 3351 4452 ﬁdem
3384 4399 3438 4452 in
3476 4416 3596 4453 me-

321 4490 423 4560 τὴν
453 4491 552 4561 σὴν
570 4490 906 4544 θεοσέϐειαν.
940 4487 1158 4561 Ταύτην
1195 4489 1305 4562 γὰρ
1338 4489 1703 4560 ἀθετήσαντὲς
1728 4507 1896 4557 τινες,

2003 4490 2234 4545 moriam
2260 4488 2535 4558 redigere.
2564 4487 2682 4554 Qua
2736 4489 2989 4543 nonnulli
3044 4490 3362 4558 proculcata
3387 4531 3402 4556 ,
3435 4495 3596 4547 nobis

325 4586 455 4651 ἡμῖν
484 4584 584 4654 μὲν
613 4583 872 4647 ποικίλως
905 4583 1400 4651 ἐπεϐουλεύσαντο,
1426 4585 1508 4637 ὅτι
1539 4583 1617 4654 μὴ
1638 4583 1902 4652 πειθόμε-

329 4674 484 4745 θατῇ
535 4675 786 4745 ’Δρειανῇ
818 4673 1032 4743 αἱρέσει
1057 4688 1073 4703 ’
1098 4670 1266 4725 αἴτιοι
1306 4672 1363 4724 δέ
1404 4672 1695 4740 γεγόνασιν
1750 4669 1906 4738 αἱρέ-

331 4784 462 4831 σεως
521 4769 616 4821 καὶ
675 4770 992 4839 σχισμάτων
1049 4769 1114 4837 τῇ
1150 4766 1412 4836 καθολικῇ
1473 4765 1793 4833 Ἐκκλησίᾳ.
1837 4763 1903 4819 Ἦ

327 4863 426 4932 μὲν
466 4862 674 4931 ἀληθὴς
706 4863 801 4913 καὶ
842 4859 1077 4931 εὐσεϐὴς
1104 4862 1188 4924 εἰς
1216 4860 1309 4912 τὸν
1352 4859 1559 4928 Κύριον
1591 4855 1751 4928 ἡμῶν
1790 4856 1902 4926 Ἰη-

325 4954 454 5009 οοῢν
499 4954 734 5025 Χριστὸν
764 4955 951 5018 πίστις
985 4952 1197 5022 φανερὰ
1253 4954 1386 5007 πᾶσι
1426 4950 1762 5020 καθέστηκε,
1807 4949 1905 5003 καὶ

274 5028 279 5033 ’
324 5049 388 5098 ἐκ
413 5044 524 5098 τῶν
560 5044 721 5098 θείων
754 5044 990 5116 Γραφῶν
1018 5042 1397 5115 γινωσκομένη
1426 5058 1484 5095 τε
1512 5042 1608 5095 καὶ
1636 5044 1905 5110 ἀναγινω-

331 5137 563 5208 σκομένη
591 5149 607 5165 ο
641 5138 701 5189 ἐν
727 5136 900 5205 ταύτῃ
927 5134 1032 5206 γὰρ
1057 5137 1106 5188 οἱ
1130 5133 1278 5202 ἅγιοι
1308 5133 1710 5199 τελειωθέντες,
1733 5133 1906 5202 ἐμαρ-

322 5229 660 5300 τδρήθησαν,
714 5230 808 5283 καὶ
837 5227 932 5282 νῦν
981 5225 1351 5287 ἀναλύσαντές
1393 5228 1533 5279 εἰσιν
1582 5226 1639 5279 ἐν
1673 5225 1900 5297 Κυρίῳ·

324 5335 504 5389 έμεινε
535 5319 593 5375 δὲ
623 5321 657 5391 ή
690 5319 874 5382 πίστις
927 5319 1176 5390 ἀϐλαϐής
1197 5335 1212 5349 ο
1251 5321 1298 5372 εί
1349 5318 1427 5390 μὴ
1473 5320 1711 5391 πονηρία
1740 5319 1906 5374 τινῶν

325 5411 616 5485 αἱρετικὼν
643 5411 1026 5483 παραποιῆσαι
1080 5411 1402 5482 ἐτόλμησεν.
1435 5413 1654 5481 ’Ἄρειος
1685 5414 1793 5485 γάρ
1822 5430 1905 5478 τις

324 5509 419 5561 2.1
449 5509 501 5559 cl
535 5508 632 5561 σὺν
666 5505 816 5578 αὐτῷ
861 5506 1179 5577 διαφθεῖραι
1210 5507 1443 5577 ταύτην,
1496 5507 1594 5559 καὶ
1646 5506 1906 5560 ἀσέϐειαν

325 5601 713 5667 ἐπεισαγαγεῖν
771 5600 893 5653 κατ’
927 5599 1098 5670 αὐτῆς
1150 5599 1541 5670 ἐπεχείρησαν,
1602 5598 1906 5669 φάσκοντες

324 5690 383 5752 ἐξ
403 5688 506 5741 οὐκ
552 5689 746 5757 ὄντων,
777 5692 872 5744 καὶ
902 5690 1132 5762 κτίσμα,
1170 5693 1265 5744 καὶ
1294 5692 1508 5761 ποίημα
1541 5693 1632 5745 καὶ
1669 5694 1906 5763 τρεπτον

325 5773 464 5835 εἶναι
493 5779 584 5833 τὸν
622 5779 749 5835 Υἰδν
775 5780 868 5836 τοῦ
896 5780 1056 5838 Θεοῦ.
1115 5783 1224 5838 Καὶ
1249 5782 1478 5848 πολλούς
1499 5800 1559 5838 τε
1610 5785 1666 5838 ἐν
1694 5784 1907 5852 τούτοις

2006 4583 2230 4653 quidem
2265 4582 2343 4636 illi
2376 4583 2555 4635 varias
2590 4580 2766 4637 moliti
2795 4591 2925 4637 sunt
2958 4581 3188 4636 insidias
3234 4582 3382 4652 quod
3417 4584 3598 4638 haere—

2007 4677 2110 4732 sim
2136 4675 2393 4730 Arianam
2453 4673 2611 4744 sequi
2666 4673 3013 4729 uoluerimus
3049 4686 3355 4737 :,auctores
3408 4686 3595 4732 autem

2008 4782 2288 4828 sectarum
2317 4779 2375 4828 et
2397 4771 2757 4827 dissidiorum
2796 4770 3055 4826 Ecclesia:
3085 4772 3390 4828 universali
3421 4775 3597 4828 exsti-

2008 4874 2146 4920 tere.
2191 4865 2313 4934 Ipsa
2353 4880 2486 4920 sane
2523 4881 2650 4920 vera
2698 4874 2753 4919 et
2785 4865 2873 4936 pia
2923 4866 2979 4919 in
3016 4865 3310 4920 Dominum
3344 4880 3595 4924 nostrum

2006 4957 2194 5013 Jesum
2222 4957 2503 5023 Christum
2538 4956 2695 5022 tides,
2731 4967 2925 5027 aperta
2955 4966 3040 5013 est
3068 4967 3124 5012 et
3155 4959 3445 5014 manifesta
3476 4977 3596 5015 om-

2010 5046 2196 5112 nibus,
2239 5063 2306 5102 ex
2334 5047 2540 5102 divinis
2570 5046 2877 5118 Scripturis
2905 5047 3127 5119 cognita
3145 5057 3312 5120 atque
3336 5051 3591 5107 collecta.

2009 5140 2070 5194 In
2102 5156 2210 5210 qua
2250 5139 2426 5194 sancti
2459 5139 2712 5195 homines
2743 5141 3116 5196 consummati
3148 5183 3161 5206 ,
3195 5145 3415 5214 egregie
3450 5160 3597 5197 mar-

2010 5235 2154 5305 tyrio
2199 5244 2331 5288 sunt
2383 5232 2628 5288 defuncti
2661 5250 2675 5287 :
2710 5242 2767 5287 et
2796 5248 2944 5289 nunc
3003 5250 3300 5305 corporum
3356 5236 3595 5292 vinculis

2010 5325 2176 5381 soluti
2237 5325 2291 5379 in
2357 5325 2584 5380 Domino
2640 5327 3066 5396 conquiescunt.
3109 5327 3173 5381 Et
3203 5328 3597 5397 permansisset

2010 5417 2102 5472 illa
2137 5418 2477 5488 incorrupta,
2511 5417 2618 5472 nisi
2666 5419 3033 5488 quorumdam
3061 5418 3443 5475 luereticorum
3493 5419 3598 5473 im-

2009 5513 2253 5582 probitas
2304 5514 2594 5566 immutare
2652 5527 2775 5567 eam
2815 5524 2980 5584 atque
3038 5512 3343 5582 depravare
3398 5511 3597 5568 fuisset

2012 5620 2165 5660 ausa.
2192 5604 2358 5659 Arius
2393 5605 2693 5674 siquidem,
2728 5616 2785 5661 et
2825 5605 3120 5676 populares
3163 5607 3306 5674 ejus,
3339 5620 3595 5659 corrum-

2010 5712 2143 5767 pere
2171 5697 2342 5762 illam,
2377 5707 2430 5752 et
2470 5698 2806 5768 impietatem
2843 5699 3110 5754 adversus
3152 5714 3272 5753 eam
3304 5698 3597 5753 subintro-

2013 5787 2215 5844 ducere
2249 5786 2433 5844 conati
2463 5798 2621 5844 sunt:
2656 5790 2852 5846 Filiqu
2887 5790 2984 5848 Dei
3015 5805 3081 5846 ex
3126 5804 3234 5845 non
3268 5791 3587 5848 exsistcnti-
