4056 6416
464 319 580 391 ὃῖθ

1687 312 2118 377 NICEPHORI
2152 287 2509 375 cALLlsrt

3653 309 3757 375 580

467 440 616 504 lius,
675 445 732 494 et
784 446 1098 494 creaturam
1175 433 1600 503 facturamque,
1637 441 1694 489 et
1752 429 2050 486 mutationi

2162 427 2486 500 ἠπάτησαν,
2512 429 2654 484 ὥστε
2691 428 2784 484 καὶ
2809 429 2937 493 τοὺς
2965 427 3258 504 δοκοῦντας
3283 420 3429 480 εἷναί
3461 445 3514 480 τι
3545 445 3758 482 συναπ-

463 534 769 589 abnoxium
805 545 926 586 esse
983 529 1250 585 dicen-tes.
1293 529 1372 582 Ac
1405 525 1614 582 multos
1646 523 1900 595 profecto
1955 537 2056 594 per

466 628 586 682 haec
619 623 1141 687 seduxerunt,adeo
1175 631 1234 676 ut
1265 621 1434 677 etiam
1466 619 1563 691 qui
1588 619 1915 674 viderentur
1935 631 2058 671 esse

462 717 694 790 aliquid,
739 717 794 772 in
840 716 1062 770 illorum
1089 713 1304 784 abrepti
1334 714 1444 769 sint
1484 709 1912 782 blasphemiam.
1945 707 2057 764 sed

463 812 611 866 enim
669 809 842 865 sancti
895 809 1090 864 Patres
1135 815 1352 862 mature
1411 805 1521 860 illis
1546 805 1774 860 obviam
1832 812 2053 868 euntes,

465 903 629 959 sicuti
689 901 974 967 diximus,
1003 900 1243 956 concilio
1284 899 1478 954 Nicaeae
1523 906 1738 962 coacto,
1795 896 2054 952 Arianam

463 997 683 1066 quidem
729 993 987 1048 haeresim
1023 993 1376 1048 anathemate
1415 988 1824 1052 confoderunt,
1865 988 2058 1043 catho-

462 1090 581 1144 lica:
607 1097 793 1142 autem
826 1096 884 1141 et
909 1085 1244 1141 universalis
1287 1083 1567 1148 Ecclesiag'
1589 1081 1712 1136 ﬁdei
1751 1079 2056 1152 professio-

463 1197 587 1237 nem
615 1183 671 1235 in
727 1181 997 1250 scriptum
1047 1179 1361 1234 retulerunt
1405 1194 1420 1230 :
1469 1186 1532 1230 ut
1571 1191 1636 1230 ea
1674 1174 1792 1243 ipsa
1845 1173 2052 1242 ubique

462 1274 860 1344 depradicata;
905 1273 1132 1327 suborta
1174 1269 1622 1340 exstingueretur
1678 1266 1924 1322 haeresis.
1983 1264 2053 1320 Et

461 1371 602 1424 lecta
632 1368 725 1422 illa
757 1375 842 1423 est
877 1375 1045 1434 atque
1074 1365 1350 1420 celebrata
1380 1365 1434 1416 in
1475 1361 1710 1416 ecclesia
1737 1360 1910 1416 omni.
1935 1358 2054 1414 Cae-

464 1472 641 1517 terum
685 1475 809 1516 cum
843 1473 1112 1515 renovare
1143 1457 1399 1512 Arianam
1430 1454 1686 1509 haeresim
1733 1467 1882 1508 nunc
1909 1467 2054 1524 quo-

465 1572 573 1626 quc
612 1556 886 1618 volentes,
945 1551 1189 1606 norinulli
1237 1550 1458 1620 quidem
1492 1566 1522 1602 ιι
1567 1547 1824 1604 Patribus
1853 1546 2052 1602 Nicaeae

465 1647 868 1718 promulgatam
899 1645 1060 1699 ﬁdem
1095 1644 1366 1713 abrogare
1391 1641 1652 1706 audeant,
1683 1639 1907 1710 quidam
1955 1655 2052 1692 au-

467 1751 573 1794 t--m
609 1753 718 1808 pra:
751 1753 811 1792 se
833 1736 1057 1806 quidem
1091 1737 1318 1789 obtentu
1351 1733 1586 1804 quodam
1619 1730 1803 1786 (erant
1837 1731 2054 1800 profes-

463 1837 674 1888 sionem
706 1833 848 1902 ejus,
885 1846 946 1887 re
980 1831 1096 1900 ipsa
1127 1843 1260 1885 vero
1283 1843 1402 1882 eam
1427 1834 1649 1896 negent,
1675 1840 1966 1896 perperam
1993 1823 2054 1876 τὸ

461 1927 749 1998 ὁμοούσιον
779 1922 1252 1981 consubstantiale
1282 1921 1734 1990 interpretantes,
1770 1919 1866 1991 qui
1902 1919 2050 1974 blas-

461 2019 682 2092 phemia
707 2018 871 2074 etiam
905 2016 1174 2087 Spiritum
1200 2023 1454 2070 sanctum
1487 2021 1776 2083 appetunt.
1802 2026 1870 2067 eo
1903 2009 2053 2082 quod

460 2119 771 2168 creaturam
802 2124 928 2164 eum
955 2123 1050 2178 per
1079 2108 1278 2162 Filium
1313 2104 1512 2160 factam
1541 2115 1595 2160 et
1615 2103 1897 2160 conditam
1930 2117 2054 2158 esse

460 2204 696 2260 dicunt:
755 2201 1070 2257 necessario
1091 2201 1158 2255 ad
1206 2201 1469 2270 pietatem
1508 2205 1683 2263 tuam,
1713 2211 1835 2251 eam
1877 2196 2054 2266 ipsam

461 2298 739 2353 Nicmnam
773 2295 899 2350 ﬁdei
931 2294 1336 2365 professionem
1369 2333 1383 2358 ,
1419 2290 1756 2346 detrimento
1806 2304 1874 2360 eo
1905 2287 2054 2360 quod

459 2405 529 2446 ex
562 2387 880 2460 huiusmodi
929 2387 1276 2458 blasphemia
1329 2384 1490 2438 multi
1549 2383 1734 2453 populi
1798 2383 2052 2453 capiunt,

463 2496 757 2552 perpenso,
794 2480 1118 2534 mittendam
1160 2494 1286 2535 esse
1335 2477 1616 2543 duximus,
1644 2485 1704 2532 ut
1729 2477 1906 2546 pietas
1964 2487 2056 2534 tua

463 2591 636 2645 quam
656 2584 912 2630 accurate
947 2589 1012 2628 ea
1041 2573 1243 2642 scripta
1289 2573 1384 2637 sit,
1417 2579 1736 2642 cognoscat,
1768 2580 1824 2627 et
1873 2588 2055 2643 quan-

465 2679 584 2722 tum
641 2683 671 2720 a
718 2667 953 2722 veritate
1009 2668 1292 2731 aberrent,
1342 2667 1438 2734 qui
1487 2665 1858 2736 praeter-hanc
1905 2665 2054 2720 aliud

465 2761 690 2821 docent.
720 2759 930 2814 videat.
966 2758 1100 2812 Illud
1120 2757 1771 2824 scilo,Christianissimc
1790 2759 2055 2830 Auguste,

465 2871 494 2910 a
554 2854 756 2908 saeculo
811 2853 954 2908 hanc
999 2866 1122 2907 esse
1189 2851 1541 2921 praadiratam
1575 2851 1760 2916 fidem,
1795 2861 1852 2906 et
1913 2851 2057 2906 hanc

463 2947 640 3016 ipsam
671 2945 948 3016 professos
977 2959 1120 3007 esse,
1147 2945 1242 3014 qui
1267 2944 1466 3000 Nicaea:
1486 2959 1798 3000 convenere
1822 2943 2012 3001 Patres
2040 2963 2053 2999 :

469 3038 625 3109 101
660 3037 836 3108 Atque
855 3038 1160 3092 etiamnum
1195 3035 1475 3109 suffragiis
1508 3037 1622 3092 suis
1639 3053 1762 3092 eam
1796 3053 2055 3108 comp-ro-

2161 522 2395 592 αχθῆναι
2429 525 2608 577 αὐτῶν
2633 527 2700 595 τῇ
2744 503 3094 594 βλασφημίᾳ.
3165 521 3277 577 Καὶ¹
3311 521 3619 592 φθάσαντες
3659 523 3758 592 μὲν

2160 613 2210 666 οῖ
2241 613 2388 682 ἅγιοι
2429 617 2679 686 Πατέρες
2709 615 2894 686 ἡμῶν,
2933 615 3310 678 συνελθόντες,
3341 615 3418 678 ὡς
3470 617 3754 686 προεῖπον,

2161 705 2220 760 ὲν
2253 708 2318 777 τῇ
2349 708 2491 762 κατά
2521 709 2760 763 Νίκαιαν
2789 709 3018 780 συνόδῳ,
3049 707 3149 778 τὴν
3211 707 3317 778 μὲν
3344 706 3634 778 Ἀρειανὴν
3675 706 3761 760 αἴ-

2163 815 2317 870 ρεσιν
2345 799 2780 870 ἀνεθεμάτισαν,
2836 801 2936 872 τὴν
2963 802 3024 855 δὲ
3071 805 3174 874 τῆς
3199 799 3497 870 καθολικῖκ
3524 801 3760 870 Ἐκκλη-

2162 889 2288 954 σίας
2329 891 2521 946 πίστιν
2555 892 2930 963 ὡμολόγησαν
2965 895 3289 966 ἐγγράφως.
3323 894 3514 960 Ὥστε,
3552 893 3758 963 ταύτης

2159 983 2438 1054 πανταχοῦ
2461 987 2910 1058 κηρυττομένης,
2931 986 3352 1054 ἀποσϐεσθῆναι
3381 988 3482 1056 τὴν
3499 987 3759 1058 ἀναρθεῖέ

2161 1091 2262 1127 σαν
2297 1075 2514 1146 αἰρεσιν
2555 1079 2709 1147 παρὰ
2725 1076 2836 1131 τῶν
2866 1078 3186 1148 αῖρετικῶν,
3223 1074 3336 1132 Ἦν
3369 1079 3468 1148 μὲν
3498 1076 3590 1131 οὖν
3615 1054 3769 1145 αῦτη.

2159 1166 2306 1225 κατὰ
2335 1169 2516 1222 πᾶσαν
2561 1170 2863 1241 ἐκκλησίαν
2893 1171 3389 1242 ἀναγινωσκομένη
3421 1187 3480 1224 τε
3513 1170 3611 1224 καὶ
3657 1186 3759 1242 κη-

2163 1260 2494 1330 ρυττομένη.
2555 1261 2702 1314 Ἀλλ’
2755 1263 2949 1330 ἐπειδὴ
3021 1263 3123 1332 τὴν
3189 1263 3486 1334 Ἆρειανὴν
3544 1264 3756 1332 αἵρεσιν

2157 1351 2470 1405 ἁνανεῶσαι
2533 1353 2854 1424 βουλόμενοί
2903 1372 3052 1420 τινες
3092 1355 3193 1426 μὲν
3231 1355 3401 1426 αὐτὴν
3431 1357 3533 1426 τὴν
3565 1359 3626 1410 ἑν
3656 1356 3756 1410 Νι-

2159 1445 2292 1517 καίᾳ
2341 1445 2494 1514 παρὰ
2523 1446 2632 1500 τῶν
2675 1447 2932 1519 Πατὲρων
2979 1447 3416 1520 ὁμολογηθεῖσαν
3453 1449 3640 1502 πίστιν
3667 1465 3758 1502 τε·

2157 1538 2500 1608 τολμήκασιν
2537 1533 2828 1608 ἀθετῆσαι,
2869 1541 3018 1604 τινες
3058 1540 3117 1594 δὲ
3152 1541 3591 1612 σχηματίζονται
3622 1545 3757 1613 ὁμο·-

2156 1631 2339 1700 λογεῖν
2365 1632 2560 1703 αὐτὴν,
2593 1636 2716 1694 ταῖς
2752 1632 2814 1688 δὲ
2856 1634 3150 1706 ἀληθείαις
3194 1635 3512 1706 ἀρνοῦνται,
3547 1654 3758 1710 παρερ-

2163 1723 2493 1793 μηνεύοντες
2544 1725 2604 1777 τὸ
2633 1725 2944 1796 όμοούσιον,
2985 1729 3085 1783 καὶ
3117 1722 3266 1782 οὗτοι
3300 1727 3758 1800 βλασφημοῦντες

2158 1817 2218 1870 τὸ
2249 1815 2475 1885 Πνεῦμα
2525 1817 2586 1870 τὸ
2609 1817 2766 1887 ἅγιον
2791 1820 2849 1870 ὲν
2902 1821 2982 1888 τῷ
3043 1820 3277 1889 φάσκειν
3307 1822 3511 1884 αὐτοὺς
3549 1823 3759 1894 κτίσμα

2158 1906 2299 1965 εἶναι
2351 1916 2446 1967 καὶ
2479 1919 2694 1985 ποίημα
2719 1915 2808 1969 διὰ
2839 1915 2938 1970 τοῦ
2977 1915 3111 1970 Υἱοῦ
3150 1917 3404 1986 γεγονὸς,
3437 1919 3760 1984 ἀναγκαίως

2157 2004 2255 2059 καὶ
2295 2007 2460 2076 ἡμεῖς
2521 2007 2902 2078 θεωρήσαντες
2950 2008 3232 2063 ἐπιδοῦναι
3261 2012 3326 2080 τῇ
3375 2011 3442 2082 σῇ
3475 2009 3756 2080 εὐσεϐείᾳ,

2157 2098 2256 2168 τὴν
2281 2100 2337 2152 ἐν
2373 2098 2581 2170 Nimio:
2611 2101 3056 2172 ὁμολογηθεῖσαν
3096 2084 3283 2157 πίστιν
3313 2104 3756 2173 ἐσπουδάσαμεν

2160 2189 2247 2244 ἵνα
2275 2190 2388 2262 γνῷ
2422 2209 2518 2246 σου
2543 2195 2574 2262 ἡ
2599 2193 2882 2248 θεοσέϐεια
2924 2195 3047 2264 μεθ’
3078 2194 3210 2266 ὅσης
3236 2196 3524 2264 ἀκριϐείας
3553 2197 3760 2267 γέγρα-

2159 2299 2316 2344 πται,
2353 2285 2445 2336 καὶ
2491 2285 2616 2338 ὅσον
2651 2285 2966 2339 πλανῶνται
2999 2287 3052 2339 οῖ
3090 2287 3222 2356 παρ’
3252 2287 3424 2360 αὐτὴν
3473 2287 3760 2344 διδάσκον-

2159 2395 2266 2440 τες.
2301 2378 2566 2444 Γίνωσκε,
2602 2378 2992 2448 θεοφιλὲσςατε
3027 2378 3330 2450 Αὐγουστε,
3366 2383 3451 2436 ὃτι
3475 2381 3614 2454 αῦτη
3653 2383 3758 2453 μὲν

2223 2469 2281 2536 ἐξ
2327 2470 2527 2535 αἰῶνος
2575 2473 3001 2541 κηρυττομένη·
3039 2473 3252 2546 ταύτην
3297 2475 3356 2528 δὲ
3385 2475 3754 2547 ὡμολόγησαν

2159 2566 2206 2616 at
2241 2565 2297 2618 ἐν
2332 2565 2544 2637 Νικαία
2577 2563 2930 2630 συνελθόντες
2982 2569 3249 2638 Πατέρες,
3277 2569 3374 2623 καὶ
3403 2569 3580 2644 ταύτῃ
3615 2571 3758 2640 σύμ-

2158 2654 2332 2729 ψηςεοι
2357 2660 2690 2730 τυγχάνουσι
2727 2663 2900 2717 πᾶσαι
2941 2663 2996 2716 αῖ
3030 2662 3174 2716 κατὰ
3201 2665 3366 2718 τόπον
3394 2663 3764 2736 ἐκκλησίαιαὶ

2159 2769 2220 2804 τε
2253 2755 2394 2807 κατὰ
2429 2755 2528 2824 τὴν
2566 2755 2808 2808 Σπανίαν
2833 2757 2929 2810 καὶ
2957 2756 3328 2826 Βρετταννίαν
3354 2760 3450 2812 καὶ
3481 2759 3710 2824 Γαλλίας
3739 2776 3755 2793 ⁸

2161 2846 2256 2898 καὶ
2277 2847 2449 2915 αἰτῆς
2493 2847 2727 2910 Ἰταλίας
2758 2849 2943 2919 πάσης
2997 2849 3093 2901 καὶ
3138 2850 3505 2919 Καμπανίας,
3539 2850 3759 2922 Δαλμα-

2160 2939 2280 3000 τίας
2321 2955 2378 2990 τε
2417 2938 2514 2992 καὶ
2567 2939 2806 3006 Μυσίας,
2837 2940 3182 3006 Μακεδονίας
3217 2945 3312 2996 καὶ
3343 2943 3524 3014 πάσης
3569 2945 3762 2999 Ἐλλά-

2161 3025 2270 3095 δος,
2313 3031 2410 3082 καὶ
2454 3031 2676 3084 οἱκατὰ
2726 3032 3002 3104 ’Λφρικὴν
3037 3036 3237 3101 πᾶσαι,
3284 3038 3380 3090 καὶ
3429 3035 3754 3108 Σαρδανίαν,

463 3133 597 3188 bare
615 3147 810 3186 omnes
829 3148 951 3202 quae
981 3131 1186 3201 passim
1213 3139 1340 3187 sunt
1369 3131 1659 3196 ecclesias,
1679 3131 1734 3185 in
1764 3129 2050 3202 Hispania,

2163 3122 2256 3177 καὶ
2301 3123 2548 3195 Κύπρον,
2582 3126 2678 3180 καὶ
2734 3128 2989 3199 Κρήτην,
3050 3129 3383 3201 Παμφυλίαν
3433 3148 3491 3185 τε
3523 3132 3620 3186 καὶ
3649 3133 3760 3186 Λυ-
3797 3197 3806 3204 _

461 3237 522 3282 et
545 3225 930 3290 Britannia,et
958 3223 1157 3288 Gallia,
1191 3233 1247 3278 et
1267 3223 1588 3290 Germania,
1616 3221 1844 3278 etltalia
1875 3223 2048 3291 omni,

461 3327 518 3373 et
542 3315 861 3386 Campania.
922 3328 977 3372 et
1023 3315 1312 3382 Dalmatia,
1363 3313 1572 3388 Mysia,
1605 3314 1950 3378 Macedonia,
1999 3325 2056 3369 et

463 3420 658 3463 cuncta
689 3407 924 3473 Graecia,
956 3409 1011 3462 in
1045 3407 1230 3462 Africa
1275 3417 1410 3472 tota,
1445 3409 1499 3462 in
1535 3407 1816 3476 Sardinia,
1846 3407 2052 3480 Cypro,

461 3500 646 3561 Creta.
680 3499 1231 3573 Pamphylia,Lycia,
1259 3501 1488 3565 Isauria,
1517 3501 1572 3554 in
1605 3498 1846 3570 [Egypto
1875 3501 2051 3565 omni,

461 3594 656 3664 Libya,
687 3593 886 3659 Ponto,
925 3603 980 3648 et
1019 3591 1389 3664 Cappadocia,
1445 3602 1612 3663 atque
1652 3594 1809 3651 hisce
1853 3595 2056 3652 vicinis

462 3686 650 3742 terris.
689 3687 834 3756 lpsas
879 3701 1100 3756 quoque
1145 3684 1389 3742 Orientis
1415 3687 1684 3742 ecclesias
1704 3727 1718 3752 ,
1743 3689 1935 3758 paucis
1960 3705 2056 3744 ex-

462 3777 639 3848 ceptis
683 3793 807 3848 quae
853 3794 980 3834 cum
1026 3777 1248 3832 Arianis
1299 3779 1570 3834 sentiunt.
1609 3779 1871 3834 Omnium
1903 3781 2052 3838 enim

455 3886 656 3928 earum
691 3886 830 3942 quas
865 3872 1250 3926 recensuimus
1286 3881 1571 3943 comperta
1603 3873 1763 3928 nobis
1819 3883 1902 3930 est
1931 3890 2057 3930 sen-

464 3962 657 4028 tentia,
693 3963 837 4032 qund
868 3963 938 4018 ab
966 3963 1048 4018 eis
1077 3962 1342 4034 epistolas
1363 3965 1688 4021 habeamus.
1713 3965 1782 4020 Et
1816 3969 2052 4035 scimus,

463 4055 559 4112 Dei
611 4055 992 4111 amantissime
1035 4058 1302 4127 Auguste,
1339 4059 1597 4128 quamvis
1627 4059 1786 4129 pauci
1825 4059 2053 4131 quidam

467 4148 593 4204 fidei
631 4147 719 4204 ἱειὶ
747 4149 1134 4218 adversentur,
1177 4150 1316 4206 nihil
1365 4159 1548 4206 tamen
1595 4166 1692 4208 eos
1741 4153 2053 4224 prmjudicii

463 4241 664 4298 aﬂcrre
708 4258 869 4313 posse
908 4243 1028 4298 orbi
1071 4243 1359 4298 universo.
1402 4243 1582 4315 Atque
1616 4245 1698 4300 illi
1753 4244 1916 4317 longo
1939 4247 2054 4318 jam

467 4343 717 4406 tempore
746 4334 816 4390 ab
861 4335 1062 4390 Ariana
1103 4334 1295 4391 infecti
1341 4335 1456 4400 lue,
1497 4337 1854 4394 contentione
1884 4339 2053 4394 etiam

2159 3215 2308 3281 κίαν,
2343 3221 2438 3270 καὶ
2464 3216 2766 3290 Ἰσαυρίαν,
2799 3221 2898 3273 καὶ
2949 3221 3028 3274 αι’
3052 3223 3196 3276 κατά
3231 3226 3416 3278 πᾶσαν
3452 3227 3757 3295 Αἴγυπτον,

2159 3308 2253 3360 καὶ
2283 3309 2524 3380 Λιϐύην,
2555 3315 2650 3366 καὶ
2703 3311 2930 3378 Πόντον,
2961 3315 3056 3367 καὶ
3105 3316 3534 3382 Καππαδοκίαν,
3565 3319 3661 3372 καὶ
3689 3321 3758 3374 τὰ

2159 3401 2388 3470 πλησὲον
2422 3402 2584 3473 μέρη,
2617 3403 2712 3457 καὶ
2745 3405 2799 3458 αί
2825 3404 2971 3459 κατὰ
2998 3407 3269 3473 ἀνατολὰς
3297 3411 3590 3480 ἐκκλησίαι
3619 3431 3764 3484 παρ-

2160 3493 2218 3558 ὲξ
2239 3495 2438 3564 ὀλίγων
2466 3495 2576 3549 τῶν
2607 3495 2678 3550 τὰ
2739 3496 2962 3571 Ἀρείου
2999 3501 3362 3571 φρονούντων.
3395 3503 3621 3562 Πάντων
3647 3511 3758 3582 γάρ

2157 3585 2270 3639 τῶν
2295 3589 2720 3661 προειρημένων
2745 3593 2812 3661 τῇ
2837 3592 3004 3664 πείρᾳ
3027 3594 3355 3666 ἐγνώκαμεν
3380 3597 3478 3668 τὴν
3505 3599 3754 3671 γνώμην,

2158 3681 2254 3735 καὶ
2285 3683 2598 3754 γράμματα
2653 3683 2874 3757 ἔχομεν,
2913 3687 3008 3739 και
3059 3685 3308 3758 οἴδαμεν,
3372 3685 3762 3763 θεοφιλέστατε

2159 3771 2463 3861 librabo-:5,
2501 3777 2586 3830 ὅτι
2621 3777 2725 3831 κᾶν
2783 3778 2956 3848 ὀλίγοι
3004 3780 3149 3844 τινὲς
3186 3783 3516 3852 ἁντιλέγωσι
3579 3788 3756 3861 ταύτῃ

2157 3855 2226 3940 τῇ
2263 3869 2470 3938 πίστει,
2526 3871 2587 3924 οὐ
2640 3871 2905 3928 δύνανται
2953 3876 3246 3948 πρόκριμα
3281 3883 3458 3935 ποιεῖν
3495 3883 3646 3958 πάσῃ
3689 3887 3757 3957 τῇ

2158 3961 2482 4032 οἰκουμένῃ.
2543 3961 2734 4035 Πολλῷ
2776 3965 2888 4036 γὰρ
2925 3967 3105 4038 χρόνῳ
3157 3969 3452 4038 βλαϐέντες
3504 3973 3612 4028 ὑπὸ
3653 3974 3758 4044 τῆς

2172 4050 2466 4124 ’Λρειανῆς
2499 4055 2772 4124 αἱρέσεως
2801 4058 3239 4131 φιλονεικότερον
3270 4062 3372 4116 νῦν
3405 4063 3759 4122 ἀνθίστανται

2102 4221 2112 4230 ⁸
2158 4147 2225 4216 τῇ
2247 4144 2502 4218 εὐσεϐείᾳ
2524 4163 2538 4178 ·
2573 4148 2668 4200 καὶ
2701 4149 2844 4222 ὑπὲρ
2868 4151 3168 4218 γινώσκειν
3192 4155 3295 4226 τὴν
3323 4157 3424 4226 σὴν
3445 4157 3756 4224 εὐσέϐειαν,

2161 4240 2344 4293 καίτοι
2395 4240 2800 4310 γινώσκουσαν,
2864 4246 3017 4316 ὅμως
3071 4249 3516 4323 ἐσπουδάσαμεν,
3548 4255 3648 4326 τὴν
3701 4257 3760 4310 ἐν

2159 4333 2372 4406 Νικαίᾳ
2403 4333 2588 4391 πίστιν
2621 4337 3061 4410 ὁμολογηθεῖσαν
3118 4343 3228 4398 ὐπὸ
3265 4345 3374 4401 τῶν
3425 4349 3758 4419 τριακοσίων

462 4431 671 4501 majore
727 4445 877 4485 nunc
910 4445 1052 4484 vera:
1095 4426 1370 4484 resistunt
1409 4429 1621 4501 pietati.
1655 4431 1724 4486 Et
1758 4442 1820 4487 ut
1878 4431 2054 4502 pietas

2160 4424 2292 4478 δέκα
2324 4426 2421 4480 καὶ
2450 4427 2602 4482 ὀκτὼ
2628 4431 2948 4488 ἐπισκόπων
2969 4432 3262 4500 ὑποτάξαι.
3301 4435 3458 4492 Ἔστι
3486 4438 3546 4493 δὲ
3575 4440 3713 4512 αῦτη
3739 4457 3756 4473 ·

457 4532 556 4577 tua
589 4523 750 4577 [idem
781 4522 1060 4576 Nicmnam
1108 4532 1442 4594 cognoscat,
1474 4525 1724 4594 quamvis
1757 4535 1919 4581 antea
1963 4541 2054 4582 co-

2165 4517 2508 4585 Πιστεύομεν
2537 4521 2614 4584 είς
2639 4521 2734 4576 ἕνα
2753 4522 2916 4590 Θεὸν,
2938 4525 3157 4599 Πατέρα
3172 4528 3614 4604 παντοκράτορα,
3629 4503 3762 4587 πάν-

453 4615 691 4688 gnitam,
729 4622 972 4668 attamen
999 4613 1162 4668 sicuti
1192 4629 1254 4669 ea
1281 4629 1313 4669 a
1338 4615 1602 4671 trecentis
1626 4615 1817 4672 decem
1850 4625 1908 4672 et
1927 4625 2056 4672 octo

461 4707 739 4778 episcopis
765 4716 852 4760 est
876 4707 1247 4777 promulgata,
1289 4708 1628 4780 subiungere
1667 4709 1870 4764 litteris
1897 4709 2057 4766 hisce

465 4796 765 4851 voluimus.
784 4795 881 4849 Est
901 4804 1088 4850 autem
1114 4797 1268 4852 talis:
1292 4795 1588 4852 Credimus
1607 4797 1661 4853 in
1685 4813 1858 4852 unum
1879 4799 2054 4854 Deum

461 4887 681 4942 Patrem
723 4885 1450 4954 omnipotentem,omnium
1479 4887 1782 4942 visibilium
1804 4897 1860 4942 ct
1887 4889 2059 4946 invis-

459 4978 658 5034 bilium
686 4976 950 5033 factorem
967 4997 980 5033 :
999 4977 1069 5034 Et
1091 4979 1148 5036 in
1182 4995 1354 5035 unum
1372 4979 1664 5035 Dominum
1689 4979 1877 5036 Jesum
1895 4980 2060 5036 Chri-

457 5081 635 5137 stum,
666 5070 869 5126 Filium
909 5071 1028 5139 Dei,
1059 5073 1308 5143 genitum
1335 5088 1404 5128 ex
1440 5071 1608 5128 Patre
1628 5111 1643 5137 .
1680 5075 2054 5146 unigenitum,

461 5161 576 5216 hoc
601 5170 708 5226 est,
742 5177 810 5216 ex
839 5162 1154 5218 substantia
1176 5161 1374 5228 Patris,
1394 5162 1568 5217 Deum
1600 5162 1670 5219 de
1700 5164 1834 5231 Deo,
1865 5165 2055 5221 lumen

455 5255 531 5309 de
563 5254 797 5320 lumine,
851 5252 1022 5310 Deum
1054 5269 1250 5308 verum
1295 5254 1366 5309 de
1419 5254 1531 5310 Deo
1577 5271 1712 5312 vero
1740 5273 1756 5311 :
1784 5259 2054 5328 genitum,

457 5362 574 5402 non
600 5347 832 5416 laetum,
862 5346 1392 5403 consubstantialem
1415 5347 1590 5414 Patri,
1616 5363 1714 5419 per
1735 5365 1902 5421 quem
1936 5366 2058 5406 om-

458 5440 554 5494 nia
589 5442 729 5496 facta
770 5448 920 5506 sunt,
959 5455 1194 5511 qumque
1237 5439 1294 5496 in
1333 5443 1490 5498 caelis
1532 5449 1684 5502 sunt.
1713 5459 1948 5514 quaeque
1997 5445 2053 5500 in

457 5533 649 5588 terris.
694 5533 798 5598 Qui
852 5545 1078 5604 prepter
1109 5548 1210 5587 nos
1269 5533 1548 5600 homines,
1583 5544 1639 5592 et
1671 5547 1901 5608 propter
1959 5554 2057 5592 no-

457 5638 636 5680 stram
694 5627 950 5692 salutem,
1008 5626 1351 5683 descendit:
1403 5639 1460 5684 et
1515 5630 1834 5686 incarnatus
1892 5631 2059 5687 homo

461 5715 669 5783 factus,
709 5728 765 5773 et
793 5733 990 5790 passus
1021 5727 1107 5775 est
1136 5738 1148 5774 :
1177 5729 1232 5775 et
1290 5722 1598 5776 resurrexit
1635 5724 1796 5778 tertia
1831 5724 1942 5790 die,
1974 5741 2061 5781 as-

465 5807 663 5864 cendit
693 5809 746 5863 in
783 5814 972 5881 cmios,
1008 5821 1278 5869 venturus
1326 5814 1572 5886 judicare
1609 5815 1762 5872 vivos
1796 5827 1852 5872 et
1903 5835 2056 5873 mor-

2161 4627 2270 4664 των
2299 4611 2515 4684 ὁρατῶν
2549 4617 2644 4670 καὶ
2677 4617 2930 4690 ἀοράτων
2957 4623 3199 4693 ποιητήν
3221 4637 3238 4654 ο
3272 4622 3369 4677 καὶ
3409 4623 3491 4686 είς
3519 4624 3616 4678 ἕνα
3643 4627 3758 4681 Κῦ-

2165 4720 2282 4774 ριον
2315 4701 2528 4775 Ἰησοῦν
2561 4707 2802 4778 Χριστὸν
2841 4710 2966 4763 Υίδν
2997 4711 3094 4765 τοῦ
3118 4711 3257 4767 Θεοῦ
3278 4730 3290 4744 ·
3328 4717 3664 4787 γεννηθέντα
3695 4723 3758 4774 ἐκ

2159 4797 2254 4850 τοῦ
2286 4798 2504 4870 Πατρός
2535 4802 2836 4871 μονογενῆ,
2863 4806 3153 4860 τουτέστιν
3201 4810 3268 4863 ὲκ
3311 4809 3410 4880 τῆς
3444 4814 3634 4879 οὐσίας
3663 4816 3758 4870 τοῦ

2163 4893 2378 4964 Πατρός
2403 4909 2414 4922 ·
2454 4895 2586 4950 Θεὸν
2618 4898 2682 4950 ὲκ
2699 4897 2858 4966 Θεοῦ,
2885 4899 3003 4970 φῶς
3026 4899 3093 4956 ὲκ
3113 4904 3313 4974 φωτὸς,
3341 4906 3476 4961 Θεὸν
3499 4909 3760 4980 ἀληθινὸν

2162 4983 2228 5038 ὲκ
2255 4985 2393 5038 Θεοῦ
2411 4987 2672 5058 ἀληθινοῦ
2693 5007 2708 5020 ·
2735 4990 3093 5062 γεννηθέντα,
3123 4994 3185 5048 οὐ
3217 4996 3541 5068 ποιηθέντα,
3565 5000 3762 5070 δμοού-

2163 5092 2280 5130 σιον
2299 5075 2378 5143 τῷ
2399 5078 2577 5151 Πατρί
2596 5095 2612 5112 ·
2660 5079 2729 5134 δι’
2756 5080 2818 5136 οῦ
2848 5085 2918 5136 τὰ
2939 5085 3120 5164 πάντα
3143 5087 3384 5156 ἐγένετο,
3409 5091 3480 5144 τά
3508 5108 3570 5145 τε
3599 5096 3659 5148 ὲν
3683 5094 3760 5162 τῷ

2161 5169 2379 5242 οὐρανῷ
2407 5173 2504 5226 καὶ
2533 5173 2604 5228 τὰ
2653 5175 2748 5228 ἐπὶ
2777 5178 2880 5248 τῆς
2907 5177 3014 5248 γῆς
3041 5217 3056 5244 ,
3107 5177 3202 5234 τὸν
3229 5180 3298 5234 δι’
3329 5184 3482 5254 ἡμᾶς
3513 5189 3642 5252 τοὺς
3668 5188 3762 5242 άν-

2163 5261 2421 5334 θρώπους
2443 5268 2536 5321 καὶ
2555 5265 2644 5322 διὰ
2665 5269 2767 5340 τὴν
2793 5271 3074 5342 ἡμετέραν
3097 5276 3376 5348 σωτηρίαν
3403 5278 3760 5350 κατελθόντα,

2165 5359 2545 5428 σαρκωθέντα,
2610 5361 3144 5436 ὲνανθρωπήσαντα,
3196 5369 3442 5424 παθόντα
3482 5375 3578 5426 καὶ
3627 5373 3763 5428 ἀνα-

2167 5455 2374 5507 στάντα
2421 5455 2486 5524 τῇ
2520 5453 2682 5529 τρίτῃ
2716 5456 2904 5530 ἡμέρᾳ
2927 5474 2942 5489 ·
2983 5459 3282 5518 ἀνελθόντα
3315 5465 3396 5528 είς
3439 5467 3568 5528 τοὺς
3597 5467 3760 5538 οὐρα·

2163 5544 2289 5609 νούς
2316 5586 2332 5611 ,
2365 5547 2664 5618 ἐρχόμενον
2695 5551 2881 5620 κρῖναι
2945 5550 3157 5618 ζῶντας
3192 5557 3290 5608 καὶ
3347 5557 3578 5629 νεκρούς
3601 5575 3616 5592 ·
3669 5561 3766 5614 καὶ

2163 5641 2244 5700 εἰς
2274 5638 2334 5690 τὸ
2367 5639 2591 5712 Πνεῦμα
2619 5642 2680 5695 τὸ
2717 5641 2899 5711 ἅγιον.
2928 5641 3070 5710 Τοὺς
3101 5646 3158 5700 δὲ
3193 5646 3474 5716 λέγοντας,
3501 5646 3612 5705 Ἦν
3633 5667 3766 5704 ποτε

2162 5731 2250 5782 ὅτε
2279 5733 2378 5784 οὐκ
2413 5727 2503 5803 ἦν,
2526 5733 2620 5786 καὶ
2651 5733 2736 5788 ὄτι
2772 5735 2832 5800 ἐξ
2857 5740 2959 5789 οὐκ
3003 5736 3177 5791 ὄντων
3204 5739 3444 5808 ἐγένετο,
3475 5741 3509 5812 ἢ
3550 5743 3608 5808 ἐξ
3647 5744 3768 5796 ἑτέ-

2166 5837 2264 5891 ρας
2302 5823 2660 5890 ὑποστάσεως
2697 5826 2729 5897 ἢ
2765 5827 2954 5892 οὐσίας
2987 5831 3299 5898 φάσκοντας
3347 5829 3506 5900 εἶναι,
3543 5837 3768 5898 τοᾷτους
