4056 6460
294 354 395 421 εει

1158 386 1159 389 η
1216 338 1825 405 ECCLESIASTIC/E
1863 337 2256 400 HISTORIA;
2299 338 2441 400 LIB.
2486 338 2559 399 X.

3331 361 3346 387 ’
3447 344 3558 410 582

295 462 683 535 ἁναθεματίζει
711 464 744 533 ὴ
776 460 905 529 ἁγία
934 458 1196 529 καθολικὴ
1238 457 1328 511 καὶ
1365 453 1700 522 ἀποστολικὴ
1743 452 1867 505 Ἐκο
1899 504 1901 510 λ

2007 470 2117 508 uos.
2152 455 2219 509 Et
2255 455 2310 509 in
2342 454 2612 524 Spiritum
2656 466 2931 515 sanctum.
2968 461 3076 516 Eos
3116 469 3301 518 autem
3347 463 3439 530 qui
3469 462 3558 517 di-

297 556 516 629 κλησία.
545 556 730 626 Ταύτῃ
785 556 848 624 τῇ
886 554 1089 618 πίστει,
1128 550 1512 618 θεοφιλέστατε
1567 545 1865 612 Δῠγουστε,

296 652 580 720 ἐπιμένειν
626 649 922 716 ἀναγκαῖοι
973 645 1047 707 ὡς
1080 643 1201 713 θεία
1245 642 1338 695 καὶ
1371 640 1724 709 ἀποστολικῇ,
1772 640 1867 689 καὶ

304 740 508 811 μηδένα
549 741 864 809 μετακινεῖν
922 736 1093 806 αὐτὴν
1132 733 1543 801 πιθανολογίαις
1579 731 1676 783 καὶ
1709 729 1866 793 λογο-

304 833 548 902 μαχίαις,
584 832 719 899 ὅπερ
754 830 1019 900 ἐποίησαν
1051 828 1110 894 ἐξ
1145 828 1317 896 ἀρχῆς
1345 824 1395 878 οἱ
1440 823 1868 893 Ἀρειομανίται,

302 926 361 991 ἐξ
389 928 488 979 οὐκ
511 925 684 978 ὄντων
714 924 804 977 τὸν
834 923 963 977 Υίδν
984 921 1077 1007 τρῦ
1108 921 1245 975 Θεοῦ
1280 919 1551 987 λέγοντες,
1580 915 1678 969 καὶ
1702 915 1784 967 ὅτι
1804 906 1873 982 ἦν

305 1019 434 1071 ποτὲ
467 1018 555 1069 ὅτε
586 1017 687 1069 οὐκ
720 1014 805 1086 ἦν,
849 1014 942 1069 καὶ
972 1016 1188 1075 κτιστὸς
1220 1011 1314 1064 καὶ
1344 1008 1587 1079 ποιητὸς,
1622 1008 1714 1059 καὶ
1747 1020 1876 1075 τρε·

306 1109 439 1171 πτός
471 1109 585 1161 ἐστι
609 1122 622 1138 ⁸
657 1108 744 1160 διὰ
775 1108 932 1161 τοῦτο
959 1106 1090 1174 γὰρ,
1127 1104 1270 1158 καθὰ
1312 1101 1669 1173 προείπομεν,
1700 1097 1798 1151 καὶ
1840 1096 1875 1166 ὴ

306 1202 361 1252 ὲν
383 1200 590 1268 Νικαίᾳ
615 1198 830 1260 σύνοδος
862 1198 1225 1264 ἁνεθεμὰτισε
1252 1197 1345 1266 τὴν
1370 1192 1625 1262 τοιαύτην
1643 1190 1879 1259 αἵρεσιν,

304 1293 406 1363 τῆς
436 1292 493 1346 δὲ
522 1291 777 1363 ἀληθείας
830 1292 1013 1344 πίστιν
1041 1287 1413 1358 ὡμολόγησεν.
1449 1286 1524 1336 Οὐ
1550 1285 1659 1353 γὰρ
1692 1279 1881 1342 ἁπλῶς

310 1387 497 1456 ὅμοιον
532 1384 787 1453 εἰρήκασι
840 1382 932 1434 τὸν
957 1381 1087 1434 Υίὸν
1122 1380 1201 1448 τῷ
1236 1378 1432 1447 Πατρὶ,
1465 1377 1551 1429 ἵνα
1583 1374 1658 1443 μὴ
1694 1371 1883 1434 ἁπλῶς

309 1477 494 1546 ὅμοιος
525 1474 661 1527 Θεοῦ
686 1516 699 1540 ,
739 1474 856 1526 ἀλλ’
890 1477 953 1526 ἐκ
998 1473 1093 1526 τοῦ
1126 1470 1260 1525 Θεοῦ
1306 1469 1438 1532 Θεὸς
1485 1466 1739 1537 ἀληθινὸς
1787 1480 1882 1515 πι-

313 1566 612 1636 στεύσηται
632 1583 645 1595 '
678 1565 812 1618 ἀλλὰ
845 1566 940 1618 καὶ
962 1563 1248 1633 ὁμοούσιον
1274 1560 1545 1632 ἔγραψαν,
1589 1558 1725 1625 ὅπερ
1752 1553 1882 1609 ἴδιόν

313 1663 429 1716 ἐστι
458 1660 679 1728 γνησίου
715 1660 808 1712 καὶ
837 1657 1092 1725 ἀληθινοῦ
1120 1654 1250 1708 Υίοῦ
1286 1653 1346 1718 ἐξ
1372 1649 1625 1723 ἀληθινοῦ
1661 1648 1756 1701 καὶ
1783 1644 1884 1715 φύ-

318 1769 401 1805 σει
452 1752 686 1822 Πατρός.
726 1750 868 1802 Ἀλλ’
899 1749 1018 1801 οὐδὲ
1071 1745 1519 1816 ἀπηλλοτρίωσαν
1556 1741 1616 1793 τὸ
1660 1737 1886 1806 Πνεῦμα

320 1841 381 1893 vi)
413 1811 695 1907 aytov'd-nb
713 1838 808 1891 τοῦ
839 1836 1049 1906 Πατρδς
1083 1811 1180 1888 καί
1209 1811 1324 1887 τοῦ»
1343 1831 1496 1896 Υίοῦ,
1528 1829 1664 1884 ἀλλὰ
1692 1825 1890 1897 μᾶλλον
1924 1811 1963 1867 Β

330 1927 679 1993 συνεδὸξασαν
713 1927 846 1980 αὐτὸ
883 1928 960 1995 τῷ
1003 1925 1177 1995 Πατρὶ
1233 1923 1326 1975 καὶ
1356 1921 1433 1991 τῷ
1461 1920 1576 1989 Υἱῷ
1604 1922 1666 2003 ἐν
1694 1919 1760 1988 τῇ
1792 1915 1890 1987 μιᾷ

330 2021 424 2089 τῆς
453 2021 614 2087 ἁγίας
643 2019 872 2089 τριάδος
896 2017 1101 2080 πίςτει,
1143 2015 1230 2069 διὰ
1271 2013 1333 2065 τὸ
1353 2014 1447 2066 καὶ
1475 2011 1604 2079 μίαν
1628 2005 1771 2063 εἶναι
1795 2005 1892 2077 τὴν

327 2114 383 2165 ἐν
412 2114 477 2183 τῇ
507 2112 638 2183 ἁγίᾳ
688 2111 879 2181 Τριάδι
911 2109 1163 2181 θεότητα.
1194 2107 1419 2167 Τούτοις
1447 2105 1511 2171 δὴ
1558 2106 1674 2168 τοῖς
1712 2103 1894 2175 γράμ-

328 2222 491 2276 μασιν
512 2208 538 2258 ὁ
564 2204 816 2272 βασιλεὺς
847 2198 1108 2272 ἐντυχὼν,
1144 2200 1379 2270 βεϐαίως
1407 2194 1673 2265 ήδράσθη,
1715 2193 1808 2246 καὶ
1828 2193 1895 2265 ἢν

325 2294 442 2369 εἷχε
472 2297 599 2367 περὶ
620 2296 730 2349 τῶν
765 2294 925 2347 θείων
964 2293 1171 2361 γνῶσίν
1204 2308 1262 2345 τε
1298 2291 1393 2344 καὶ
1421 2288 1664 2341 διάθεσιν
1688 2284 1857 2349 ἔδειξε
1878 2300 1891 2314 ο

327 2392 456 2453 τοὺς
499 2392 607 2458 γὰρ
637 2385 956 2453 δοξάζοντας
1000 2386 1061 2438 τὸ
1093 2384 1384 2452 ὁμοούσιον
1423 2382 1492 2434 δι’
1526 2381 1709 2444 αἰδοῦς
1760 2378 1894 2449 εἶχε,

325 2486 421 2537 καὶ
445 2483 638 2553 δώροις
672 2481 971 2551 φιλοτίμως
1021 2478 1297 2549 ἠμείϐετο.
1352 2477 1467 2532 Καὶ
1501 2477 1608 2545 γὰρ
1640 2474 1898 2550 πρόθεσις

326 2573 394 2649 ἦν
418 2578 626 2645 ἐκείνῳ,
658 2573 733 2639 ὥς
759 2575 808 2642 γ’
854 2572 999 2642 ἐνῆν,
1030 2571 1209 2624 πειθοῖ
1242 2569 1441 2639 μᾶλλον
1472 2568 1503 2637 ἦ
1540 2567 1632 2638 βίᾳ.
1656 2566 1753 2636 τὴν
1791 2565 1898 2618 τῶν

327 2668 631 2723 διεστώτων
655 2664 923 2734 ἀνακόψαι
944 2663 1298 2732 φιλονεικίαν,
1318 2662 1414 2714 καὶ
1439 2660 1625 2730 μηδενὶ
1649 2658 1717 2712 δι’
1740 2658 1899 2728 ὄχλον

329 2761 439 2814 τῶν
489 2758 842 2826 ὁπωσδήποτε
873 2756 1164 2826 ᾑρημένων
1184 2752 1460 2805 πιστεύειν
1489 2750 1707 2803 ἔσεσθαι
1730 2765 1746 2778 ⁸
1769 2748 1905 2816 ἁγά-

331 2869 438 2921 πης
471 2851 516 2903 δ’
542 2849 815 2903 ἐλλείπειν
849 2846 1043 2916 μηδὲν,
1105 2846 1200 2898 καὶ
1241 2846 1322 2907 είς
1353 2842 1414 2895 τὸ
1454 2843 1757 2913 ἀκρότατον
1790 2840 1902 2908 ,τῆς

333 2947 498 3015 τιμῆς
528 2943 694 3013 ἔχειν,
724 2942 839 2995 ὅσοι
886 2939 951 3010 δὴ
996 2937 1149 2992 ἑνοῦν
1178 2936 1278 3008 τὴν
1322 2934 1671 3003 Ἐκκλησίαν
1704 2932 1904 3002 μᾶλλον

335 3038 700 3092 σπουδάσωσι.
733 3034 906 3087 Τοῦτο
938 3032 994 3087 δὲ
1022 3031 1082 3084 οὐ
1119 3030 1280 3100 μόνον
1309 3030 1356 3080 oi
1384 3027 1721 3097 Χριστιανοὶ,
1769 3024 1907 3079 ἀλλὰ

334 3132 474 3185 καὶὸ
506 3131 636 3200 παρ’
661 3127 891 3197 Ἕλλησι
946 3123 1274 3194 περιὸόητος
1307 3121 1597 3189 Θεμίστιος
1628 3120 1656 3171 ὁ
1686 3117 1904 3186 φιλόσοο

336 3236 434 3288 φος
462 3215 668 3288 πρᾶξαι
692 3214 855 3268 αὑτὸν
913 3212 1180 3283 μαρτυρεῖ
1211 3210 1267 3261 ὲν
1289 3208 1367 3275 τῷ
1398 3206 1538 3278 πρὸς
1582 3206 1745 3259 αὐτὸν
1762 3204 1907 3274 λόγῳ

335 3314 397 3365 ὃν
427 3306 752 3363 Ὑπατικὸν
770 3304 1091 3374 ἐπιγράφει.
1122 3297 1421 3364 Διεξελθὼν
1453 3297 1557 3366 γὰρ
1575 3298 1670 3360 τὰς
1696 3297 1908 3349 ἐκείνου

336 3397 566 3474 ἀρετὰς,
598 3400 693 3452 καὶ
730 3394 1098 3466 ὑπερθειάσας
1132 3392 1279 3461 μάλα
1304 3390 1397 3443 τὸν
1420 3389 1612 3458 ἄνδρα,
1644 3390 1703 3441 ὲν
1735 3388 1910 3458 τούτῳ

343 3496 543 3567 μᾶλλον
598 3492 823 3571 ἐξαίρει,
854 3484 936 3553 οἷς
984 3488 1154 3557 ἀνῆκε
1214 3484 1544 3557 θρησκεύειν
1580 3482 1797 3553 ἑκάστῳ
1837 3481 1913 3545 ὡς

341 3590 582 3661 βούλοιτο
610 3602 624 3616 ’
657 3586 725 3640 δι’
755 3580 817 3638 οῦ
847 3599 983 3654 φησι
1034 3581 1130 3635 καὶ
1172 3580 1281 3634 τῶν
1310 3579 1557 3632 κολάκων
1581 3578 1673 3631 τὸν
1708 3576 1913 3629 ἀκόλα-

341 3702 466 3738 στον
516 3678 735 3752 ἐνίκησε
763 3681 1006 3751 τρόπον’
1060 3674 1155 3739 οὒς
1188 3675 1281 3730 καὶ
1328 3671 1630 3736 διαπαίζων
1679 3669 1913 3731 ἀστείως

344 3779 489 3848 μάλα
541 3776 635 3830 καὶ
667 3772 1002 3844 περιᾳανῶς,
1033 3758 1247 3823 οἴκοθεν
1294 3766 1492 3830 αὐτοὺς
1540 3763 1914 3834 διελέγχεσθαι

341 3871 491 3939 λέγει
521 3855 813 3937 ἁλουργίδα
832 3864 925 3918 καὶ
949 3863 1010 3915 οὐ
1032 3862 1167 3915 Θεὸν
1196 3857 1600 3929 θεραπεύοντας
1621 3872 1636 3887 ο
1670 3857 1767 3910 καὶ
1790 3856 1915 3908 κατ’

342 3963 497 4017 οὐδὲν
525 3960 806 4030 διαφέρειν
837 3957 1104 4028 Εὐρίπου,
1137 3954 1231 4008 νῦν
1271 3952 1369 4023 μὲν
1397 3952 1492 4005 ἐπὶ
1524 3950 1701 4015 τοῦτο,
1748 3949 1843 4004 νῦν
1869 3950 1918 4003 δ’

345 4057 430 4111 ἐπ’
465 4057 663 4118 ὶκεῖνο,
695 4053 792 4107 καὶ
834 4050 1144 4104 τούναντίον
1170 4047 1231 4098 τὸ
1270 4044 1449 4114 ῥόθιον
1482 4041 1915 4114 μεταρῤἐοντος.

1982 558 2135 606 cunt.
2163 547 2333 603 fuisse
2362 550 2814 618 aliquando-cum
2840 567 2951 606 non
2987 552 3178 615 fuerit,
3214 564 3270 609 et
3305 556 3450 623 quod
3487 570 3556 609 ex

1986 652 2093 691 non
2122 639 2514 695 exsistentibus
2538 640 2715 697 factus
2736 644 2943 706 sit,aut
2972 645 3165 701 exalia
3198 647 3556 703 subsistentia

1984 730 2069 784 vel
2101 732 2429 798 substantia,
2485 741 2583 787 aut
2615 734 2759 804 quod
2793 743 3016 791 creatus
3040 738 3126 792 vel
3155 738 3440 794 mutabilis
3472 739 3560 793 vel

1985 822 2287 889 alterabilis
2310 823 2401 886 sit,
2440 822 2795 881 anathemate
2824 827 2953 881 ferit
2981 838 3168 883 sancta
3204 830 3477 885 catholica
3504 841 3564 886 et

1986 914 2289 983 apostolica
2329 914 2600 971 Ecclesia.
2641 916 2700 972 ιιι
2748 919 2851 974 hac
2885 920 3009 983 fide,
3050 922 3142 976 Dei
3174 925 3562 978 amantissime

1988 1004 2252 1072 Auguste,
2304 1015 2365 1061 ut
2413 1008 2595 1062 divina
2631 1019 2686 1064 et
2717 1013 3040 1079 apostolica,
3094 1017 3406 1070 necessario
3470 1031 3564 1071 ar-

1988 1093 2414 1161 quiescendnm.
2451 1094 2641 1165 Neque
2678 1114 2739 1152 ea
2770 1116 2798 1153 a
2835 1102 3091 1171 quopiam
3125 1105 3420 1167 movenda,
3464 1115 3562 1160 ant

1992 1184 2256 1238 mutanda
2284 1189 2452 1250 venit,
2472 1190 2846 1254 persuasionis
2863 1204 2957 1245 aut
2984 1194 3355 1251 contentionis
3374 1197 3561 1251 verbis

1990 1276 2140 1330 ullis.
2204 1275 2258 1330 ld
2298 1281 2444 1345 quod
2501 1280 2853 1336 Ariomanitre
2898 1285 3138 1353 primum
3174 1287 3446 1353 fecerunt,
3497 1306 3567 1344 ex

1991 1385 2102 1422 non
2138 1369 2536 1427 exsistentibus
2586 1372 2783 1427 Filium
2819 1376 2913 1429 Dei
2968 1392 3112 1439 esse,
3142 1388 3197 1434 et
3248 1380 3419 1435 fuisse
3468 1382 3569 1437 ali-

1990 1459 2216 1528 quando
2276 1450 2400 1513 cum
2452 1477 2563 1515 non
2618 1463 2741 1528 fuit,
2771 1474 2828 1519 ct
2857 1467 3140 1522 conditum
3209 1483 3571 1542 creatumquc

1996 1561 2161 1620 atque
2219 1553 2356 1618 adeo
2410 1555 2704 1610 mutationi
2763 1558 3062 1613 obnoxium
3115 1576 3237 1616 esse
3295 1563 3568 1621 dicentes.

2003 1643 2159 1714 102
2200 1645 2372 1711 Quam
2410 1647 2479 1701 ob
2536 1664 2757 1703 causam
2790 1652 2981 1715 etiam,
3032 1654 3194 1711 sicuti
3236 1663 3401 1711 antea
3432 1658 3577 1714 dixi-

1999 1754 2142 1803 mus,
2196 1740 2437 1810 synodus
2471 1741 2687 1796 Nicaena
2722 1746 3059 1802 anathemati
3108 1749 3345 1820 subjecit
3401 1752 3577 1808 harte-

1995 1832 2095 1886 sim
2135 1847 2277 1898 eam,
2305 1849 2605 1901 veramque
2640 1836 2801 1893 fidem
2842 1842 3231 1910 promulgavit.
3262 1844 3387 1899 Non
3421 1847 3570 1901 enim

1994 1922 2318 1992 simpliciter
2355 1936 2542 1995 patres
2592 1926 2670 1982 illi
2702 1929 2939 1985 similem
2973 1932 3126 1987 Patri
3170 1933 3371 1988 Filium
3404 1937 3563 1992 dixe-

1997 2024 2148 2075 runt.
2184 2030 2251 2070 ne
2283 2016 2608 2086 simpliciter
2643 2020 2753 2075 Deo
2785 2023 3004 2085 similis,
3044 2023 3141 2079 sed
3172 2040 3239 2079 ex
3286 2026 3396 2081 Deo
3426 2029 3574 2083 Dens

2000 2119 2162 2159 verus
2195 2122 2316 2161 esse
2362 2109 2702 2167 crederetur.
2756 2111 2862 2168 Sed
2901 2125 2956 2168 et
2998 2116 3285 2184 ὀμοούσιον
3335 2121 3578 2175 consub-

2000 2201 2312 2255 stantialem
2365 2202 2715 2271 adiecerunt,
2766 2207 2912 2278 quod
2947 2208 2999 2262 id
3038 2211 3322 2279 proprium
3350 2213 3421 2266 sit
3452 2229 3576 2283 ger-

2001 2294 2166 2357 mani,
2196 2295 2424 2362 verique
2460 2313 2526 2351 ex
2576 2313 2707 2353 vero
2736 2310 2794 2354 et
2842 2303 3027 2357 nativo
3072 2304 3235 2360 Patre
3281 2308 3424 2361 Filii.
3459 2308 3575 2363 Non

1999 2387 2164 2440 etiam
2196 2386 2272 2440 illi
2310 2388 2573 2458 Spiritum
2603 2401 2858 2447 sanctum
2891 2397 3204 2452 alienarunt
3246 2414 3277 2452 a
3323 2400 3485 2455 Patre
3519 2409 3578 2455 ct

2000 2487 2055 2534 et
2085 2480 2249 2545 Filio,
2292 2481 2388 2535 sed
2441 2484 2627 2551 potius
2670 2499 2800 2538 eum
2830 2502 2953 2541 cum
2986 2489 3146 2543 Patre
3180 2502 3237 2545 et
3271 2491 3408 2546 Filio
3447 2506 3583 2547 con-

2002 2573 2399 2643 glorificarunt,
2446 2577 2501 2630 in
2531 2593 2639 2632 una
2702 2590 2904 2636 sanctae
2958 2582 3244 2639 Trinitatis
3279 2584 3381 2640 fide
3404 2628 3418 2650 ,
3453 2603 3589 2655 pro-

2003 2677 2192 2736 pterea
2233 2668 2379 2737 quod
2431 2685 2538 2723 una
2575 2670 2737 2724 etiam
2773 2672 2846 2726 sit
2894 2674 2947 2727 in
2975 2689 3038 2728 ea
3075 2673 3195 2744 ipsa
3231 2686 3420 2731 sancta
3463 2678 3587 2732 Tri-

2004 2755 2175 2809 nitate
2204 2755 2487 2811 divinitas.
2543 2775 2560 2808 ι
2589 2757 2748 2813 lliscc
2776 2759 2979 2816 litteris
3038 2762 3342 2831 imperator
3399 2766 3581 2830 lectis,

2006 2843 2180 2898 solide
2211 2853 2295 2899 cst
2325 2846 2688 2902 confirmatus
2717 2866 2730 2901 :
2757 2858 2812 2903 et
2845 2865 3010 2919 quam
3059 2852 3127 2906 de
3156 2836 3325 2909 rebus
3379 2854 3588 2910 divinis

2008 2939 2251 2993 obtinuit
2281 2939 2630 2995 affectionem
2661 2950 2716 2996 et
2761 2944 3091 2999 sententiam
3123 2985 3137 3007 ,
3172 2957 3363 3015 aperte
3400 2949 3583 3003 statim

2011 3029 2327 3083 declaravit.
2362 3029 2465 3095 Qui
2494 3030 2642 3085 enim
2681 3033 3149 3088 consubstantiale
3178 3036 3409 3105 professi
3432 3048 3584 3097 sunt,

2011 3134 2105 3174 eos
2154 3118 2495 3183 observavit,
2518 3128 2573 3173 et
2609 3120 2915 3175 liberaliter
2960 3131 3291 3183 muneratus
3311 3133 3415 3177 est.
3450 3124 3586 3178 lliutl

2011 3227 2231 3282 quoque
2278 3213 2321 3267 is
2362 3213 2703 3282 propositum
2754 3214 2948 3270 habuit
2987 3216 3319 3278 consilium,
3357 3228 3416 3272 ut
3466 3234 3590 3286 per-

2010 3302 2270 3358 suasione
2302 3303 2485 3373 potius
2513 3319 2676 3373 quam
2707 3304 2782 3366 vi,
2811 3306 2956 3359 inter
2982 3305 3317 3361 dissidentes
3350 3316 3586 3362 conten-

2016 3395 2188 3450 tionis
2222 3394 2510 3450 dirimeret
2544 3396 2811 3450 .stmlium
2840 3412 2854 3450 :
2892 3412 2993 3452 nec
3026 3398 3287 3468 cuipiam,
3347 3402 3594 3468 qualem-

2014 3501 2234 3557 cunque
2295 3486 2512 3541 tandem
2570 3498 2988 3544 consectarctnr
3048 3488 3233 3552 fidem,
3284 3493 3593 3547 molestiam

2020 3576 2340 3643 incesseret,
2394 3595 2575 3647 neque
2610 3580 2910 3650 quidquam
2963 3582 3030 3636 ad
3067 3582 3393 3639 charitatem
3442 3601 3598 3641 sum-

2017 3689 2161 3729 mam
2198 3673 2404 3729 faceret
2440 3675 2660 3746 reliqui.
2705 3676 2798 3731 Eis
2827 3692 2960 3732 vero
2989 3678 3081 3747 qui
3131 3677 3202 3732 ad
3239 3682 3593 3735 concordiam

2014 3776 2071 3823 et
2127 3767 2553 3823 unanimitatem
2605 3769 2909 3824 Ecclesiam
2961 3772 3230 3826 reducere
3283 3772 3596 3840 studerent,

2019 3858 2320 3915 maximum
2351 3860 2641 3916 exhiberet
2681 3861 2972 3917 honorem.
3002 3862 3058 3918 Id
3090 3863 3241 3918 illum
3277 3863 3496 3930 fecisse,
3529 3867 3600 3922 de

2018 3965 2084 4005 eo
2120 3966 2230 4005 non
2282 3951 2458 4005 solum
2500 3951 2842 4025 Christiani,
2868 3970 3058 4009 verum
3093 3956 3261 4010 etiam
3313 3957 3408 4025 qui
3455 3959 3600 4026 apud

2020 4044 2240 4098 Graecos
2277 4045 2508 4099 celebris
2545 4046 2802 4111 habetUr,
2846 4045 3187 4102 Themistius
3234 4048 3603 4118 phil050pbus

346 4160 597 4217 testatur,
625 4152 680 4205 in
708 4148 955 4205 oratione
992 4145 1060 4201 ad
1093 4158 1221 4200 eum
1252 4143 1479 4212 scripta,
1519 4154 1684 4208 quam
1711 4137 2055 4195 Consularem
2124 4142 2444 4196 nominavit.
2519 4141 2830 4196 Virtutibus
2894 4141 3041 4197 enim
3109 4145 3604 4214 ejuscommcmo.

344 4253 500 4314 ratis,
530 4248 846 4318 divinisque
875 4246 1074 4302 additis
1101 4241 1381 4307 laudibus,
1409 4256 1476 4296 eo
1499 4240 1650 4294 illum
1687 4242 1911 4294 nomine
1955 4239 2299 4309 potissimum
2376 4238 2561 4303 effert,
2619 4240 2768 4310 quod
2848 4241 3152 4310 unicuique
3201 4259 3366 4313 quam
3417 4245 3605 4308 vellet,

348 4350 668 4422 religionem
735 4344 892 4417 sequi
963 4341 1239 4414 permisit.
1278 4340 1396 4407 Qua
1428 4355 1488 4394 re
1519 4337 1673 4393 illum
1704 4337 2061 4407 impotentem
2121 4336 2465 4391 adulatorum
2496 4337 2928 4392 assentationem
2961 4337 3189 4409 fregisse
3254 4339 3416 4393 dicit:
3462 4356 3607 4410 quos

348 4461 613 4521 perquam
688 4443 867 4499 facete
933 4448 990 4496 et
1028 4439 1338 4495 luculenter
1366 4437 1626 4503 irridens,
1660 4450 1725 4490 ex
1767 4433 2013 4489 moribus
2060 4449 2257 4491 eorum
2307 4433 2651 4503 deprehendi
2710 4434 2807 4496 ait.
2866 4448 3169 4503 purpuram
3234 4435 3385 4504 ipsos
3435 4437 3609 4506 magis

349 4556 511 4616 quam
583 4541 751 4595 Deum
803 4537 984 4593 colere
1014 4554 1028 4591 :
1076 4547 1257 4605 neque
1324 4532 1508 4602 aliqua
1556 4546 1615 4585 re
1638 4530 1707 4585 ab
1755 4527 1963 4599 Euripo
1995 4529 2241 4595 diﬂ'erre,
2276 4544 2426 4587 nunc
2459 4528 2588 4595 huc,
2617 4542 2764 4585 nunc
2789 4527 2942 4593 illuc,
2976 4537 3144 4597 atque
3177 4527 3234 4582 in
3264 4534 3605 4583 conn-argum

351 4638 487 4693 adeo
513 4640 850 4689 momentum
884 4627 1179 4684 reﬂuente.

907 4769 1161 4826 ΚΕΦΔΔ.
1190 4765 1323 4822 Ml‘"
1342 4761 1350 4769 ’

362 4896 459 4958 Ὠς
491 4896 524 4948 ό
552 4889 857 4957 ,ϐασιλεὺς
893 4882 1275 4958 Ἰοϐιανὸς-ὲν
1291 4877 1700 4958 Δαιδασ-τάνοις
1731 4873 1920 4958 ἥκων,

418 4947 701 5020 ἐτελεύτα
734 4947 847 5014 ινὸῦ
863 4958 1034 5024 βίον,
1069 4955 1323 5023 μεγίστη
1367 4947 1543 5019 ζημία
1591 4947 1719 5014 τοῖς
1747 4948 1923 5000 εὐσε-

423 5036 553 5089 ϐέσι
585 5032 934 5102 γενόμενος.

419 5147 623 5205 Τοῦτον
656 5144 756 5214 μὲν
786 5138 879 5197 οὖν
907 5139 1001 5195 τὸν
1047 5137 1246 5205 τρόπον
1290 5138 1320 5190 ὁ
1359 5132 1612 5205 βασιλεὺς
1639 5131 1749 5185 τῶν
1771 5147 1927 5201 τηνι-

349 5237 528 5292 καῦτα
562 5231 927 5300 ἐκταράσσειν
971 5228 1066 5283 καὶ
1107 5225 1416 5295 ἐρεσχελεῖν
1465 5220 1565 5291 τὴν
1598 5217 1929 5288 Ἐκκλησίαν

352 5331 643 5402 ᾑρημένων
671 5325 731 5377 τὸ
761 5322 963 5393 θράσος
990 5318 1185 5389 ἀνέσχε
1207 5334 1222 5351 ο
1247 5317 1341 5369 καὶ
1362 5316 1395 5383 ἡ
1417 5316 1476 5369 ἐν
1500 5311 1706 5383 Νικκίᾳ
1723 5310 1928 5402 πίστις,

351 5401 497 5477 οὕτω
526 5420 701 5473 πολὺν
738 5416 830 5470 τὸν
859 5416 917 5467 ἐν
954 5413 1105 5483 μέσῳ
1133 5411 1327 5481 χρὸνον
1360 5403 1802 5475 πολιορκηθεῖσα,
1838 5401 1933 5455 ἐπὶ

348 5517 449 5584 τῆς
481 5512 763 5584 παρούσης
796 5504 1097 5579 ἡγεμονίας
1120 5504 1202 5564 εἰς
1222 5500 1321 5572 τὴν
1356 5499 1632 5571 προτέραν
1657 5495 1928 5565 ἐπανῆλθε

352 5608 511 5673 δόξαν
559 5621 620 5657 τε
646 5603 741 5656 καὶ
776 5596 1091 5671 ὁμολογίαν.
1133 5595 1208 5647 Ub
1248 5594 1357 5662 μὴν
1380 5592 1472 5644 ἐπὶ
1507 5590 1756 5643 πλεῖστον
1786 5586 1929 5640 οὕτω

354 5699 641 5771 προελθεῖν
675 5693 895 5765 ἔμελλε,
932 5690 1026 5744 καὶ
1060 5687 1135 5760 μὴ
1164 5688 1262 5757 τῆς
1300 5684 1497 5755 ὁμοίας
1526 5679 1682 5747 αὖθις
1728 5680 1930 5749 συγχύ-

358 5809 496 5855 σεως
532 5785 885 5859 πειραθῆναι.
935 5782 1045 5836 Καὶ
1073 5780 1183 5850 γὰρ
1229 5778 1349 5831 οὐδὲ
1375 5778 1487 5842 τοῖς
1523 5776 1616 5830 ἐπὶ
1646 5776 1935 5827 Koma-cav-

1956 4764 2005 4821 Ι)

2478 4757 2635 4831 103
2673 4754 2903 4813 CAPUT
2948 4754 3136 4811 XLIII.

2036 4872 2101 4930 Ut
2135 4873 2429 4945 imperator
2455 4869 2772 4948 Iovinianus
2794 4873 2850 4925 in
2878 4870 3201 4948 Dadastam's
3229 4913 3249 4948 ε
3267 4890 3386 4948 cum
3416 4891 3610 4948 magna

2244 4948 2448 5013 piorum
2477 4945 2711 4997 omnium
2742 4943 2987 5014 jactura,
3017 4945 3181 4998 vitam
3211 4945 3433 5014 ﬁnierit.

2104 5123 2183 5180 Ad
2218 5123 2365 5179 hunc
2407 5120 2629 5176 modum
2676 5119 3000 5176 Jovinianus
3032 5160 3047 5182 ,
3101 5120 3388 5177 audaciam
3418 5137 3612 5178 eorum

2037 5219 2272 5288 quitum
2327 5213 2675 5284 nugamentis
2706 5213 2822 5267 suis
2860 5213 3084 5268 turbare
3134 5212 3434 5268 Ecclesiam
3476 5229 3614 5268 coa-

2039 5313 2372 5373 stituerant,
2415 5307 2781 5376 compescuit.
2840 5305 2910 5360 Et
2953 5305 3169 5362 Nicaeus
3223 5305 3358 5360 fides
3413 5306 3617 5376 longo,

2041 5404 2189 5474 quod
2226 5400 2548 5465 intervenit,
2578 5411 2826 5471 tempore
2870 5409 3203 5470 oppugnata,
3231 5399 3337 5453 snh
3382 5398 3617 5467 imperio

2036 5499 2157 5568 ejus
2182 5494 2249 5549 ad
2296 5493 2588 5564 pristinam
2624 5492 2790 5546 rediit
2816 5492 3044 5560 gloriam
3093 5497 3148 5543 et
3187 5489 3616 5558 professionem.

2037 5589 2239 5644 Verum
2270 5600 2561 5640 successus
2594 5585 2659 5646 is,
2684 5600 2755 5639 ne
2779 5598 2841 5637 ea
2875 5584 2943 5637 ad
2978 5583 3212 5639 similem
3247 5594 3441 5634 rursus
3472 5581 3618 5634 rcci-

2037 5679 2194 5733 deret
2227 5677 2440 5731 turbatn
2476 5685 2532 5730 et
2560 5675 2962 5739 confusionem,
3003 5675 3230 5729 minimc
3254 5674 3474 5728 futurus
3494 5685 3618 5726 erat

2040 5773 2358 5827 diuturnus.
2392 5769 2511 5824 Non
2551 5770 2698 5824 enim
2725 5769 2809 5823 eis
2849 5768 3036 5834 rebus,
3082 5781 3201 5836 quae
3224 5765 3484 5822 Ecclesia:
3510 5764 3620 5819 sub
