4056 6460
488 346 593 409 δθω
710 358 715 363 ’
1693 331 2120 392 NICEPHORI
2160 327 2506 389 CALLISTI
2890 328 2893 331 ⁷
3688 327 3795 395 5,5,4

452 515 462 523 .
487 457 813 517 Constantio
833 455 1081 525 accidere
1104 496 1117 519 ,
1153 452 1285 508 solis
1315 489 1330 514 ,
1361 449 1543 519 magni
1579 447 1726 502 illius
1748 446 1924 516 patris
1963 445 2075 499 An-

2193 444 2294 495 :lou
2341 447 2409 514 τῇ
2436 443 2735 518 Ἐκκλησία
2767 446 2949 516 μόνοις
2992 450 3261 518 συμϐᾶσιν
3371 449 3478 502 τοῦ
3540 452 3793 519 μεγάλου

493 553 629 610 touii
652 549 922 607 divinatio
957 546 1022 600 ad
1051 544 1259 599 exitum
1294 557 1455 596 suum
1487 540 1741 611 pervenit
1776 557 1788 592 :
1820 539 1913 592 sed
1941 537 2070 590 reli-

2193 536 2388 605 πατρὸς
2410 536 2703 590 Ἀντωνίου
2750 540 3061 611 πρόρρησις
3090 542 3447 612 ἐπεραίνετο.
3493 542 3623 596 ἀλλ’
3652 542 3796 596 ἐλεί-

492 662 661 717 quum
714 643 896 697 adhuc
937 639 1003 693 ad
1040 636 1446 707 improbitatem
1477 633 1805 703 explendam
1860 630 2068 700 aliquid

2193 645 2309 679 ττετο
2344 628 2435 681 καί
2463 646 2515 682 τι
2574 629 2711 698 πρὸς
2742 632 2840 702 τὴν
2893 634 2990 701 τῆς
3028 634 3230 698 κακίας
3271 635 3683 704 ἐκπλήρωσιν,
3719 636 3798 699 ὼς

494 739 615 801 fuit,
636 731 1101 805 quemadmodum
1125 730 1179 783 id
1199 738 1387 799 postea
1409 743 1670 783 aerumna:
1699 726 1804 780 sub
1827 724 2069 780 Valentis

2193 719 2344 784 ἵδειξε
2393 721 2461 774 τὰ
2518 722 2611 775 ἐπὶ
2646 723 2951 786 Οὐάλεντος
2999 727 3266 795 γενόμενα
3300 727 3575 799 ὕστερον.
3615 728 3797 796 Λόγος

2176 816 2286 883 γὰρ
2322 813 2437 884 ἔχει
2484 817 2669 889 πρὶνῆ
2704 818 2831 880 τοὺς
2854 815 2913 882 ἐξ
2949 816 3164 888 Ἀρείου
3198 821 3306 872 τῶν
3329 821 3668 892 ἐκκλησιῶν
3701 823 3800 875 ἐπὶ

2182 905 2565 959 Κωνσταντίου
2591 908 2880 976 κατάρξαι,
2905 911 3032 964 ἰδεῖν
3061 912 3184 965 κατ’
3214 912 3346 981 ὄναρ
3368 913 3472 966 τὶν
3497 913 3680 967 πολὺν
3704 916 3802 966 καὶ

2184 998 2360 1067 μέγαν
2388 997 2733 1066 ’Δντώνινον,
2777 1002 3033 1070 ἡμιόνους
3091 1005 3396 1076 είσφρῆσαι
3459 1007 3547 1078 τῷ
3605 1010 3802 1063 θυσια-

2186 1090 2431 1161 στηρίῳ·
2469 1095 2697 1163 σκιρτᾷν
2745 1111 2804 1146 τε
2841 1096 2936 1147 καὶ
2977 1095 3257 1161 λακτίζειν
3312 1100 3499 1167 ἔνδον,
3541 1104 3642 1157 καὶ
3696 1104 3799 1175 τὴν

2184 1183 2338 1250 ἱερὰν
2368 1184 2647 1253 τράπεζαν
2675 1188 3026 1256 ἀνατρέπειν.
3070 1191 3483 1247 Διυπνισϐἐντα
3518 1195 3581 1248 δὲ
3626 1197 3800 1265 φάναι

2178 1276 2273 1327 τὸν
2295 1272 2504 1347 ὄνειρον
2534 1277 2847 1345 ἐπιλύοντα,
2882 1277 2980 1344 ὡς’
3004 1282 3165 1336 πτίλων
3200 1285 3295 1338 καὶ
3339 1286 3680 1344 ἀλλοκότων
3713 1290 3800 1345 δο-

2183 1365 2413 1432 γμάτων
2440 1365 2693 1434 ἐπιμιξία
2723 1368 2822 1438 τὴν
2838 1369 3169 1441 Ἐκκλησίαν
3199 1374 3332 1427 Θεοῦ
3359 1379 3794 1448 καταλήψεται,

2184 1458 2277 1510 καλ
2310 1458 2633 1527 ἑτεροδόξων
2659 1461 3026 1527 ἐπανάστασις
3050 1465 3148 1535 τὴν
3182 1468 3335 1536 ἱερὰν
3364 1476 3797 1544 κατορχήσεται

2184 1551 2489 1618 τράπεζαν.
2521 1552 2665 1607 Ἀλλ’
2698 1555 2784 1608 ὅτι
2823 1557 2922 1626 μὲν
2949 1557 3185 1630 ἀψευδὴς
3220 1562 3254 1632 ἧ
3285 1579 3346 1615 τε
3377 1564 3487 1619 θέα
3507 1566 3613 1620 καὶ
3645 1570 3679 1639 ἡ
3707 1570 3804 1621 ἐπὶ

498 1661 766 1720 cuparet,
814 1659 871 1703 et
917 1650 1110 1704 aliena:
1144 1649 1410 1704 doctrinae
1467 1662 1801 1705 assertorum
1838 1652 2077 1706 insultus

2193 1643 2360 1718 ταύτῃ
2393 1646 2496 1715 τῆς
2523 1646 2734 1712 λύσεως
2766 1651 3098 1722 πρόρρησις,
3152 1655 3320 1721 ἐδείξε
3361 1660 3439 1712 τά
3467 1677 3533 1712 τε
3557 1677 3803 1732 γεγενη-

502 1756 713 1795 sacram
762 1739 1150 1809 pessumdaret
1210 1755 1471 1794 mensam.
1508 1740 1681 1795 Porro
1724 1757 1834 1795 non
1884 1757 2078 1794 vanam

2193 1740 2325 1842 μένα
2359 1740 2416 1802 ἐς
2453 1738 2705 1812 ὕστερον,
2740 1743 2836 1795 καὶ
2865 1745 2964 1797 ὅσα
2997 1748 3137 1815 μετὰ
3186 1749 3360 1803 ταῦτα
3394 1752 3496 1804 ἐπὶ
3530 1752 3638 1822 τῆς
3668 1755 3803 1823 ἠγε-

502 1834 694 1898 l‘nisse,
742 1841 834 1887 aut
880 1832 1199 1887 mendacem
1264 1833 1556 1900 visionem,
1609 1834 1773 1887 simul
1808 1843 1865 1888 et
1898 1835 2078 1888 inter-

2193 1831 2379 1899 μονίας
2408 1832 2710 1897 Οὐάλεντος
2751 1834 3080 1907 διεπράχθη.
3110 1839 3294 1894 Ταῦτα
3329 1842 3438 1911 μὲν
3474 1842 3683 1908 οὕτως.
3741 1845 3800 1901 '0

505 1926 829 1995 pretationis
868 1926 989 1995 ejus
1039 1925 1478 1994 praedictionem,
1506 1940 1629 1993 quae
1659 1924 1860 1978 deinde
1889 1924 2084 1979 subse-

2193 1924 2238 1976 Ξέ
2265 1924 2519 1995 βασιλεὺς
2546 1912 2803 1992 Ἰοδιανὸς
2838 1930 2961 1983 ὅσον
2991 1932 3156 2002 τάχος
3183 1935 3242 2001 ἐξ
3265 1933 3625 2007 Ἀντιοχείας
3654 1940 3801 1993 ἀπά-

495 827 727 897 imperio
754 826 998 879 toleratae
1023 823 1409 878 ostenderunt.
1441 821 1773 890 Priusquam
1798 820 1945 874 enim
1966 818 2069 872 sub

492 917 815 972 Constantio
836 915 1025 970 Ariani
1057 913 1310 968 ecclesiis
1335 912 1589 983 regendis
1612 912 1817 981 primas
1846 910 2067 964 obtine-

492 1021 637 1074 rent,
679 1011 732 1064 in
780 1008 989 1063 somnis
1026 1008 1213 1062 videre
1249 1007 1352 1063 sibi
1405 1007 1555 1060 visus
1586 1016 1670 1060 est
1712 1003 2071 1058 admirandus

495 1102 585 1155 ille
622 1110 678 1155 et
727 1115 959 1170 magnus
1024 1100 1321 1161 Antonius,
1374 1097 1551 1151 mulos
1596 1114 1719 1151 cum
1762 1098 1968 1166 impetu
2018 1097 2071 1149 in

495 1196 740 1248 sanctius
770 1194 1076 1247 sacrarium
1116 1191 1334 1257 inferri,
1365 1201 1530 1261 atque
1580 1191 1650 1245 ibi
1680 1191 1941 1245 salientes
1966 1190 2077 1243 cal-

493 1288 765 1355 cibusque
817 1300 877 1340 se
922 1293 1198 1354 petentes,
1230 1299 1444 1337 sacram
1498 1290 1749 1336 evertere
1804 1297 2073 1335 mensam.

493 1380 629 1433 Cum
662 1389 849 1431 autem
884 1377 1196 1447 evigilasset
1219 1415 1233 1439 ,
1278 1374 1553 1429 somnium
1580 1373 1635 1428 id
1664 1373 1849 1427 retulit
1880 1381 1934 1425 et
1979 1388 2076 1425 ex-

500 1470 706 1539 posuit,
727 1468 972 1523 futurum
994 1468 1225 1532 scilicet,
1253 1476 1311 1519 ut
1333 1467 1771 1521 adulterinorum
1798 1475 2077 1518 monstro-

499 1575 804 1629 sorumque
856 1561 1173 1628 dogmatum
1231 1560 1485 1614 confusio
1523 1559 1950 1614 lCcclesiam'Dc't
1983 1574 2078 1613 oc-

501 2030 648 2083 cuta,
676 2029 733 2073 et
766 2030 958 2088 pOstea
981 2018 1149 2073 etiam
1177 2018 1485 2087 imperante
1519 2017 1747 2073 Valente
1773 2026 1891 2071 acta
1928 2025 2080 2080 sunt,

503 2116 635 2169 satis
689 2113 1063 2168 declararunt.
1117 2112 1192 2165 De
1231 2110 1319 2165 bis
1348 2111 1504 2164 satis.
1541 2110 1846 2179 Imperator
1900 2118 2083 2163 autem

500 2207 833 2262 Jovinianus
868 2205 1150 2259 celeritate
1201 2218 1395 2271 magna
1443 2203 1738 2257 Antiochia
1775 2202 2083 2267 discedens,

500 2300 1040 2369 Constantinopolim
1071 2297 1468 2358 coiitendcbat,
1488 2304 1544 2349 et
1572 2295 1805 2349 Tarsum
1831 2311 1954 2349 cum
1994 2310 2088 2348 κο-

505 2397 698 2458 uisset,
747 2392 948 2447 Juliani
978 2391 1051 2444 ibi
1082 2404 1307 2457 corpus,
1338 2387 1500 2457 jusds
1542 2385 1894 2441 funcralibus
1923 2401 2086 2455 pera-

504 2486 635 2549 ctis,
665 2483 920 2553 sepeliit:
941 2497 1047 2536 non
1072 2480 1347 2546 consulto,
1370 2478 1465 2532 sed
1485 2493 1614 2532 casu
1647 2478 1827 2548 potius
1850 2477 2086 2547 quodam

506 2586 562 2632 it
589 2591 799 2651 errore,
846 2573 1115 2627 cadavere
1145 2572 1265 2642 ejus
1298 2587 1362 2625 ex
1408 2570 1641 2624 adverso
1678 2571 1889 2625 tumqu
1918 2571 1967 2623 ei
1994 2570 2088 2639 qui

505 2669 784 2724 Maximini
814 2667 1134 2721 continebat
1179 2681 1303 2720 ossa
1327 2707 1341 2731 ,
1370 2666 1442 2718 ita
1469 2665 1715 2728 condito,
1774 2675 1833 2717 ut
1864 2665 1955 2717 via
1989 2680 2092 2733 pu-

506 2765 649 2819 blica
679 2772 980 2830 utrumque
1012 2759 1330 2826 sepulcrum
1368 2758 1672 2811 dirimeret.
1693 2757 1773 2811 lbi
1807 2772 1936 2812 vero
1958 2772 2091 2811 cou-

506 2855 591 2909 sul
618 2868 839 2924 quoque
890 2853 1284 2913 renuntiatus,
1330 2848 1871 2918 Constantinopolim
1927 2847 2092 2916 proﬁ-

507 2947 745 3012 ciscens,
790 2946 863 3000 ad
912 2945 1213 3015 Bosporum
1251 2943 1435 3008 venit,
1476 2943 1531 2996 in
1578 2943 1761 2996 locum
1791 2941 1882 2995 cui
1913 2940 2088 2995 Dada.

507 3050 663 3093 stana
718 3053 918 3092 nomen
951 3046 1056 3101 est,
1099 3035 1360 3101 Galatiae,
1397 3045 1453 3089 et
1490 3033 1760 3103 Bithyniae
1806 3033 2039 3086 limitem
2071 3048 2086 3086 :

2188 2035 2289 2086 ρας
2342 2020 2414 2081 ὼς
2438 2020 2528 2072 ἐπὶ
2557 2021 2654 2093 τὴν
2687 2023 3263 2080 Κωνσταντινούπολιν
3312 2029 3415 2082 καὶ
3444 2031 3536 2094 είς
3576 2032 3799 2102 Ταρσὸν

2186 2112 2286 2178 τὴν
2315 2109 2421 2163 τῶν
2446 2111 2689 2165 Κιλίκων
2711 2114 3027 2183 γενόμενος,
3056 2118 3174 2170 ἐκεῖ
3206 2121 3265 2173 τὸ
3287 2119 3605 2176 Ἰουλιανοῦ
3634 2124 3798 2193 σῶμα

2189 2200 2406 2267 θάπτει,
2431 2204 2530 2256 ὅσα
2564 2206 2857 2275 ἐπικήδεια
2908 2209 3117 2278 νόμιμα
3171 2211 3481 2277 ἐκτελέσας
3506 2230 3523 2245 ⁶
3555 2216 3620 2268 ού
3652 2218 3796 2271 κατά

2190 2296 2451 2362 πρόνοιαν
2474 2296 2552 2360 δὲ,
2588 2298 2723 2352 ἀλλὰ
2750 2300 2890 2353 κατά
2915 2318 3032 2354 τινα
3062 2305 3392 2372 περιφορὰν,
3420 2307 3665 2379 ἀντικρὺ
3695 2310 3797 2379 τῆς

2190 2383 2349 2455 σοροῦ
2395 2384 2430 2456 ἢ
2465 2387 2531 2439 τὰ
2563 2388 2876 2458 Μαξιμίνου
2920 2392 3175 2459 κατεῖχεν
3230 2391 3392 2459 ὀστᾶ,
3439 2396 3540 2449 τὸν
3597 2399 3795 2469 νεκρὸν

2152 2498 2159 2511 ·
2190 2477 2404 2531 ἐκείνου
2440 2481 2720 2546 κατέθετο,
2755 2482 3037 2552 λεωφόρου
3070 2484 3168 2538 ἀπ’
3197 2486 3456 2557 ἀλλήλων
3491 2491 3595 2555 τὰς
3622 2491 3794 2561 Θηκας

2189 2569 2645 2642 διατειχιζούσης.
2670 2574 2884 2627 Ἐκεῖσε
2912 2576 2968 2629 δὲ
2997 2575 3203 2642 ὕπατος
3238 2580 3672 2650 ἀναγορευθεὶς,
3701 2587 3793 2639 ἐπὶ

2190 2660 2287 2729 τὴν
2320 2662 2733 2717 Κωνσταντίνου
2774 2665 2835 2718 τὺ
2878 2667 3110 2738 ὅρμημα
3141 2669 3296 2724 ἔθετο
3324 2688 3339 2703 ⁸
3392 2675 3666 2731 κάκεῖθεν
3703 2679 3790 2732 ἐπὶ

2189 2754 2280 2806 τὸν
2311 2755 2588 2826 Βῦσπορον
2619 2756 2853 2824 γίνεται,
2887 2759 2943 2812 ἐν
2967 2779 3073 2814 τινι
3099 2764 3264 2834 χώρῳ
3289 2764 3350 2829 ὃς
3376 2770 3647 2841 μεθόριόν
3674 2773 3785 2824 ἐστι

2193 2847 2466 2908 Γαλατίας
2488 2848 2582 2901 καὶ
2609 2848 2867 2914 Βιθυνίας
2892 2866 2904 2880 ·
2939 2854 3260 2909 Δαδάστανα
3286 2857 3347 2910 δὲ
3380 2860 3467 2930 τῷ
3506 2865 3700 2934 χωρίῳ
3728 2864 3786 2917 τὸ

2191 2940 2402 3008 ὄνομα·
2465 2940 2593 2993 ἔνθα
2636 2944 2731 2996 καὶ
2786 2945 3159 3015 ἡσύγκλητος
3208 2950 3377 3005 αὐτὸν
3433 2955 3785 3024 καθυπήντο,

2193 3034 2286 3086 καὶ
2311 3034 2339 3085 ὁ
2373 3035 2713 3105 προῤῥηῦεὶς
2748 3037 3042 3107 Θεμίστιος
3083 3042 3173 3095 τὸν
3192 3044 3281 3097 ἐπ’
3306 3047 3467 3118 αύτῷ
3495 3050 3786 3108 ἐκδοθέντα

509 3133 603 3186 ubi
639 3140 863 3187 senatus
911 3131 959 3186 ei
992 3128 1257 3194 occurrit,
1288 3139 1344 3183 et
1372 3144 1536 3199 quem
1585 3127 1845 3189 diximus,
1867 3125 2089 3180 Tbemi-

2197 3126 2468 3180 ὑπατικὸν
2507 3128 2666 3197 λόγον
2711 3131 2928 3200 ἀνέγνω
2958 3149 2972 3166 ο
3005 3133 3066 3187 ὃν
3103 3137 3198 3189 καὶ
3237 3138 3294 3191 ἐν
3330 3141 3788 3197 Κωνσταντινου·

508 3227 669 3289 stius,
698 3223 1045 3279 consularem
1069 3221 1137 3276 de
1165 3236 1233 3275 eo
1250 3220 1453 3274 editam
1473 3219 1782 3273 orationem
1814 3218 2087 3282 recitavit,

514 3319 675 3391 104Ι
725 3333 891 3387 quam
943 3324 1137 3385 postea
1198 3314 1253 3368 in
1296 3315 1435 3369 urbe
1477 3310 2092 3380 Constantinopolitana

508 3416 678 3470 etiam
700 3427 891 3482 magna
908 3425 1032 3464 cum
1063 3409 1318 3462 libertate
1343 3406 1665 3476 publicavit.
1691 3405 1886 3475 Frigus
1909 3413 2092 3498 autem

512 3508 712 3575 ingens
748 3501 1073 3566 iuvaluit,ct
1108 3500 1407 3569 imperator
1436 3498 1493 3551 in
1525 3494 1833 3553 diversorio
1851 3494 2092 3565 quodam

512 3599 734 3652 avidius
764 3595 1081 3664 cupiosiore
1114 3602 1334 3660 sumpto
1366 3591 1511 3655 cibo,
1548 3591 1603 3644 in
1636 3590 1914 3651 cubiculo,
1946 3589 2095 3657 quod

513 3706 689 3761 nuper
712 3687 1010 3743 admodum
1038 3684 1189 3740 calce
1228 3692 1347 3738 erat
1388 3684 1779 3747 incrustatum,
1811 3696 1870 3735 se
1905 3679 2095 3735 confe-

513 3782 642 3837 stim
673 3780 740 3835 ad
765 3791 1021 3833 somnum
1053 3775 1380 3844 capiendum
1409 3774 1740 3843 composuit.
1762 3772 1828 3824 Et
1848 3771 1995 3840 quod
2025 3786 2094 3826 ex

516 3876 643 3944 igne
676 3872 883 3941 largius
908 3884 1143 3925 accenso
1182 3878 1342 3938 tepor
1373 3869 1666 3923 humorem
1697 3881 1763 3920 ex
1786 3866 2095 3935 parietibus

516 3982 715 4022 recens
745 3963 1015 4019 dealbatis
1058 3964 1308 4027 eliceret,
1361 3972 1528 4031 atque
1555 3960 1602 4014 is
1651 3959 1855 4015 sensim
1888 3974 1947 4014 se
1995 3976 2096 4030 per

515 4074 682 4115 nares
737 4059 1047 4123 insinuans,
1104 4065 1318 4110 meatus
1372 4069 1471 4123 per
1524 4068 1664 4123 quos
1719 4053 1992 4122 accipitur
2042 4064 2097 4108 et

515 4153 768 4208 redditur
819 4149 1081 4219 spiritus,
1111 4149 1421 4211 obturaret,
1457 4144 1949 4212 strangulationem
1988 4145 2097 4200 im-

515 4244 755 4316 peratori
786 4242 993 4305 attulit,
1034 4240 1180 4295 unde
1234 4252 1384 4293 mors
1409 4246 1492 4291 est
1511 4245 1828 4291 consecuta.
1860 4235 2097 4293 Circiter

514 4348 640 4392 octo
671 4349 888 4390 menses
910 4334 965 4387 in
1000 4331 1236 4401 imperio
1268 4328 1553 4398 transegit,
1584 4328 1671 4381 vir
1710 4327 1891 4383 bonus
1914 4337 1969 4383 et
1998 4329 2099 4384 hoc

514 4440 748 4496 nestus;
794 4427 897 4483 sub
930 4440 1040 4495 quo
1066 4434 1123 4479 et
1161 4422 1549 4477 ecclesiasticm
1603 4430 1658 4477 et
1709 4422 1945 4492 publicae
2003 4438 2096 4478 res

515 4536 811 4593 prosperos
862 4519 1136 4574 habiturae
1189 4516 1408 4570 fuerant
1462 4530 1779 4581 successus,
1838 4516 1946 4570 nisi
1995 4530 2096 4587 per

513 4618 801 4672 adversam
844 4625 1074 4683 prorsus
1106 4609 1410 4674 fortunam,
1443 4609 1733 4678 repentina
1768 4623 1942 4673 mors,
1974 4623 2098 4678 qua:

517 4711 671 4765 illum
709 4707 1007 4777 oppressit,
1037 4712 1249 4758 tantum
1281 4702 1487 4757 bonum
1517 4701 1891 4755 Romanorum
1922 4700 2098 4770 impe-

517 4805 601 4858 rio
638 4801 951 4857 invidisset.
1003 4795 1146 4853 Obiit
1174 4806 1359 4849 autem
1408 4809 1509 4848 suo
1543 4803 1598 4848 et
1627 4793 1923 4851 Varouiani
1973 4793 2095 4860 ﬁlii,

516 4910 681 4966 quem
712 4890 1114 4947 nobilissimum
1143 4890 1371 4958 Ancyrae
1412 4888 1465 4942 in
1494 4886 1706 4942 Galatia
1745 4885 2100 4940 renuntiave-

520 5000 626 5057 rat,
655 4985 947 5043 consulatu
972 5022 987 5049 ,
1025 4981 1241 5039 decimo
1283 4980 1519 5050 septimo
1550 4979 1760 5033 mensis
1808 4975 2099 5034 Februarii

520 5085 634 5148 die,
664 5095 791 5136 cum
823 5078 1169 5146 imperasset,
1193 5084 1255 5129 ut
1271 5074 1478 5129 dictum
1512 5081 1617 5137 est,
1635 5073 1857 5127 circiter
1880 5084 2099 5127 menses

523 5185 686 5240 octo;
723 5172 903 5226 aetatis
927 5183 1073 5223 anno
1125 5167 1407 5221 tricesimo
1439 5166 1619 5220 tertio.
1648 5166 1820 5221 Porro
1851 5164 2100 5218 decimus

523 5268 625 5321 iste
658 5260 1011 5318 historiarum
1035 5260 1176 5315 liber
1199 5258 1420 5313 triennii
1452 5269 1666 5329 tempus
1684 5255 2098 5326 complectitur,

521 5375 646 5414 cum
665 5356 886 5427 quidem
915 5371 943 5410 a
971 5354 1177 5410 mundo
1200 5354 1422 5410 condito
1449 5354 1744 5424 quinquies
1769 5350 2099 5406 millesimus

2197 3219 2349 3270 πόλει
2395 3219 2452 3281 ἐς
2491 3218 2723 3292 ὕστερον
2782 3224 3100 3288 ἐπεδείξατο
3131 3229 3225 3281 ἐπὶ
3267 3236 3565 3308 παρρησίᾳ
3595 3237 3780 3307 πολλῇ.

2194 3312 2368 3374 Αὐτὸς
2396 3311 2441 3364 δ’
2473 3314 2652 3366 ἐκεῖσε
2677 3317 2948 3387 χειμῶνος
2970 3321 3324 3391 ἐπικειμένου
3359 3327 3568 3382 πολλοῦ
3594 3329 3653 3383 ἕν
3679 3345 3783 3383 τινι

2194 3402 2508 3468 καταλύσας
2542 3408 2791 3478 σταθμῷ,
2825 3412 3036 3482 τροφῆς
3066 3431 3128 3467 τε
3156 3416 3361 3488 πολλῆς
3390 3421 3783 3491 ἀφειδέστερον

2198 3497 2506 3569 μετασχὼν,
2539 3501 2597 3553 ἐν
2637 3503 2866 3574 οἰκίσκῳ
2893 3507 3001 3560 τινὶ
3024 3508 3151 3578 ἄρτι
3201 3512 3530 3580 πρόσφατον
3557 3518 3622 3568 ἐκ
3645 3515 3786 3570 τιτά-

2196 3604 2288 3640 νου
2312 3589 2592 3661 δεξαμένῳ
2624 3594 2723 3661 τὴν
2755 3593 2925 3663 κόνιν,
2961 3598 3100 3667 πρὸς
3131 3596 3298 3655 ὕπνον
3329 3605 3503 3669 εὐθὺς
3534 3607 3787 3661 κατακλί.

2197 3696 2372 3734 νεται.
2410 3682 2509 3735 Διά
2537 3683 2594 3737 δέ
2626 3684 2687 3737 τὸ
2721 3686 2886 3741 ἀλέαν
2914 3689 3256 3759 ἐγγενέσθαι,
3316 3698 3495 3767 πυρὸς
3525 3700 3785 3770 ἀναφθέν·

2197 3790 2288 3834 τος
2326 3775 2543 3842 πολλοῦ,
2584 3779 2724 3841 νοτὶς
2755 3780 2821 3833 ἐκ
2852 3782 2960 3834 τῶν
2987 3785 3320 3854 νεοχρίστων
3348 3791 3561 3862 τοίχων
3600 3792 3784 3847 ἀναδο-

2199 3865 2374 3925 θεῖσα.
2411 3869 2596 3939 ἡρέμα
2629 3872 2718 3925 διὰ
2742 3871 2856 3926 ’τῶν
2909 3876 3074 3943 ῥινῶν
3130 3878 3440 3948 παρεδύετο
3464 3898 3479 3912 θ
3518 3884 3618 3937 καὶ
3663 3885 3783 3945 τοὺς

2198 3956 2666 4022 ἁναπνευστικοὺς
2704 3963 2905 4031 πόρους
2939 3965 3292 4035 ἐμφράξχσα,
3348 3973 3435 4036 είς
3479 3973 3783 4041 πνιγμονὴν

2197 4050 2411 4103 ἐλαύνει
2434 4052 2527 4104 τὸν
2555 4052 2801 4122 βασιλέα.
2833 4055 2942 4108 Καὶ
2970 4057 3113 4112 οὕτω
3132 4059 3495 4133 διαφθαρεὶς,
3531 4066 3781 4119 ἐτελεύτα

2197 4144 2290 4196 τὸν
2324 4143 2460 4214 βίον,
2508 4146 2654 4215 ἀμφὶ
2682 4146 2829 4201 ὀκτὼ
2876 4150 3055 4221 μῆνας
3081 4156 3145 4225 τῇ
3179 4154 3435 4230 βασιλείᾳ
3470 4160 3782 4229 διαγενόμε-

2198 4254 2285 4297 vo;
2311 4253 2325 4266 '
2378 4237 2517 4309 ἀνὴρ
2570 4236 2712 4291 οὕτω
2748 4242 3000 4321 καλόςτε
3033 4248 3310 4314 κὰγαῡδς,
3376 4253 3465 4320 ἐφ’
3496 4245 3542 4320 ᾧ
3582 4254 3673 4306 καὶ⁵
3717 4249 3782 4305 τὰ

2198 4329 2439 4399 δημόσια
2464 4331 2556 4383 καὶ
2584 4332 2786 4385 τὰ’τῶν
2809 4335 3117 4406 ἐκκλησιῶν
3149 4338 3393 4411 ἔπραξεν
3422 4344 3489 4398 ἂν
3521 4343 3782 4410 εὐτυχῶς,

2201 4426 2249 4474 εἰ
2287 4422 2362 4492 μὴ
2395 4421 2663 4493 ἐξαπίνης
2696 4428 2724 4478 ὁ
2775 4426 3003 4493 Θάνατος
3065 4431 3294 4497 ἐπιστὰς
3328 4438 3594 4491 τοσοῦτον
3625 4437 3781 4491 καλὸν

2203 4516 2303 4585 τὴν
2354 4516 2642 4586 Ῥωμαίων
2674 4518 3015 4590 δυστυχῆσαι
3056 4524 3382 4597 πεποίηκεν.
3432 4529 3779 4596 Ἐτελεύτησε

2205 4610 2262 4663 δὲ
2313 4611 2370 4662 ἐν
2401 4609 2637 4681 ὑπατείᾳ
2692 4613 2860 4668 αὑτοῦ
2893 4632 2949 4669 τε
2981 4617 3079 4669 καὶ
3123 4617 3484 4690 Βαρωνιανοῦ
3531 4622 3626 4676 τοῦ
3666 4616 3778 4675 υἱοῦ

2207 4701 2393 4765 αὐτοῦ,
2423 4702 2483 4755 ὃν
2514 4705 2572 4756 ἐν
2618 4705 2863 4778 Ἀγκύρᾳ
2898 4706 2997 4777 τῆς
3034 4710 3310 4775 Γαλατίας
3350 4715 3777 4784 ἐπιφανέστατον

2206 4794 2533 4865 ἀνηγόρευε,
2563 4800 2627 4869 τῇ
2656 4800 3097 4874 ἑπτακαιδεκάτῃ
3140 4805 3233 4856 τοῦ
3263 4806 3640 4878 Φεϐρουαρίου
3680 4819 3781 4875 μη·-

2206 4888 2296 4951 νός
2322 4905 2334 4917 °
2370 4888 2700 4959 βασιλεύσας
2724 4893 2847 4964 μὲν,
2880 4894 2954 4957 ὡς
2982 4898 3220 4967 εἴρηται,
3240 4898 3384 4966 ἀμφὶ
3405 4899 3587 4969 μῆνας
3612 4892 3773 4957 ὀκτὼ,

2208 4980 2380 5051 ζήσας
2411 4982 2468 5035 δὲ
2508 4983 2580 5035 τὰ
2604 4985 2783 5038 πάντα
2811 4985 2908 5056 ἔτη
2944 4988 3069 5055 τρία
3114 4989 3251 5061 πρὸς
3308 4993 3425 5053 τοῖς
3462 4990 3774 5061 τριάκοντα.

2207 5074 2463 5144 Περιέχει
2484 5074 2540 5128 δὲ
2570 5076 2666 5129 καὶ⁸
2692 5078 2726 5144 ὴ
2766 5077 3021 5148 παροῦσά
3057 5097 3146 5149 μοι
3170 5081 3371 5152 δεκάτη
3394 5080 3504 5134 τῶν
3530 5074 3773 5145 ἱστοριῶν

2207 5166 2400 5236 χρόνον
2422 5168 2560 5221 ἐτῶν
2584 5167 2754 5239 τριῶν
2777 5183 2794 5200 ο
2825 5171 3061 5239 ὁπηνίκα
3093 5174 3302 5243 κόσμου
3328 5173 3428 5244 μὲν
3453 5173 3573 5234 ἔτος
3598 5169 3774 5233 ,εωοεᾏ

2206 5258 2316 5310 ἀπὸ
2340 5258 2397 5311 δὲ
2425 5259 2527 5329 τῆς
2562 5259 2715 5324 θείας
2747 5260 2842 5315 τοῦ
2877 5262 3084 5334 Κυρίου
3121 5272 3432 5336 γεννήσεως
3476 5270 3771 5335 τριακοσιο-

2208 5350 2334 5404 στὸν
2352 5351 2445 5404 καὶ
2473 5352 2876 5425 ἑϐδομηκοστὸν
2896 5356 3235 5426 ἐπεραίνετο.

523 5451 1023 5523 octingentesimus
1053 5440 1512 5519 'septuagesimus
1577 5447 1802 5518 quintus
1868 5442 1969 5517 (l).
2010 5459 2040 5498 a
2102 5444 2320 5501 Domini
2354 5454 2538 5503 autem
2608 5448 2898 5507 nativitate
2934 5452 3358 5514 trecentesimus
3405 5459 3462 5510 et
3499 5455 3773 5521 septuage-

519 5551 699 5605 simus
730 5557 986 5620 ageretur
1023 5562 1221 5604 annus.

589 5714 667 5785 (ι)
699 5715 1010 5774 Secundum
1046 5717 1403 5783 recentiores,
1442 5670 1605 5770 λὸιΰ.
