4056 6484
294 337 411 401 585

1215 342 1814 439 ΕοοιΕδιΑδΤιαίΕ
1852 341 2234 419 ΗῙΞΤΟΒιιἘ
2277 337 2423 398 LIB.
2470 334 2572 395 XL

860 655 1878 821 ,NIKHoOPor
1954 574 2945 790 KAMIZTOY

1656 885 2163 942 ΞΑΝΘΟΠΟΥΛΟΥ

650 1050 2255 1173 ΕΚΚΑΗΣΙΑΣΤΙΚΗΣ
2364 1053 3186 1169 ΙΣΤΟΡΙΑΣ

1603 1262 2020 1371 ΤΟΜΟΣῙ
2064 1279 2229 1369 IA'.

1123 1657 1982 1785 NICEPHOBI
2081 1655 2812 1786 GALLISTI

1616 1938 1621 1947 ρ
1651 1894 2183 1958 XANTHOPULI

712 2077 2097 2193 ECCLESIASTICJE
2243 2080 3101 2195 HlSTORIx‘E

1614 2315 2020 2410 TOMUS
2089 2320 2271 2409 XI.

897 2672 1150 2728 ΚΕΦΔΛ.
1195 2675 1276 2729 Δ’.

302 2764 445 2835 Περὶ
472 2766 703 2832 διαίτης
753 2767 854 2820 καὶ
905 2766 1212 2833 πολιτείας
1231 2767 1340 2823 τοῦ
1366 2738 1674 2835 βασιλέως
1718 2770 1873 2824 οὐα-

374 2835 752 2909 λεγτινξιανοῦ
776 2851 790 2867 ο
826 2835 914 2891 ἔτι
937 2835 1006 2889 δὲ
1029 2837 1129 2891 καὶ
1166 2837 1302 2906 περὶ
1329 2838 1436 2894 τοῦ
1465 2837 1736 2909 ἀδελφοῦ
1764 2842 1874 2896 αὐ-

375 2906 482 2960 τοῦ
511 2906 872 2972 Οὐάλεντος.

389 3018 530 3071 Ἀλλ’
559 3018 700 3072 οὕτω
728 3019 827 3090 μὲν
858 3019 1172 3088 ἀποστάτης
1200 3020 1499 3093 ἁνῄρηταιυ
1530 3020 1674 3075 οὕτω
1701 3024 1756 3077 δὲ
1780 3024 1876 3076 καὶ

317 3111 570 3175 Ἰοὸιανὲς
600 3114 628 3166 ὁ
657 3112 1046 3175 εὐσεϐέστατος
1082 3112 1336 3182 βασιλεὺς
1378 3115 1437 3167 ὲν
1464 3117 1576 3178 τοῖς
1603 3117 1875 3187 μεθορίοις

306 3204 560 3257 Γαλατῶν
588 3220 648 3256 τε
689 3206 782 3256 καὶ
813 3203 1055 3257 Βιθυνῶν
1094 3205 1353 3258 ἐτελεύτα
1386 3207 1479 3260 τὸν
1510 3207 1647 3277 βίον,
1703 3209 1798 3261 Ἐκ
1817 3209 1876 3262 δὲ

306 3296 406 3365 τῆς
437 3296 695 3349 Γαλατῶν
728 3296 1003 3365 ἑϐδομαῖοι
1032 3297 1431 3360 καταλαϐόντες
1463 3298 1561 3370 τὴν
1584 3300 1823 3354 Νίκαιαν
1848 3303 1876 3355 ὁ

308 3386 558 3456 στρατὸς,
586 3384 807 3455 βασιλέα
847 3384 1133 3455 Ῥωμαίων
1162 3385 1590 3457 ἀναγορεύουσιν
1638 3388 1875 3440 Οὐαλεν-

304 3477 576 3531 τινιανόν’
615 3477 671 3540 ὃς
708 3478 777 3532 τά
810 3494 871 3531 τε
898 3477 1037 3533 ἀλλα
1089 3478 1295 3547 ἀγαθὸς
1338 3477 1414 3532 ὢν
1456 3480 1596 3551 ἀνὴρ
1647 3482 1742 3532 καὶ
1777 3485 1876 3549 τῆς

303 3570 603 3640 ἡγεμονίας
632 3568 780 3635 ἄξιος
807 3572 872 3624 ὲκ
901 3573 1195 3636 Παννονίας
1222 3567 1375 3627 εἷλκε
1409 3574 1469 3627 τὸ
1488 3575 1673 3642 γένος·
1708 3573 1878 3628 Κιδα-

305 3662 387 3724 λις
415 3662 461 3713 δ’
484 3658 551 3732 ἦν
582 3662 729 3733 αὑτῷ
755 3665 788 3733 ἡ
823 3665 1043 3734 πατρίς.
1068 3663 1240 3727 Πολὺς
1266 3664 1328 3718 δὲ
1360 3664 1457 3720 καὶ
1485 3664 1584 3737 τὴν
1613 3666 1878 3736 τακτικὴν

307 3756 622 3826 ἐπιστήμην
652 3756 947 3827 ἐτύγχανεν
969 3758 1034 3810 ὲκ
1055 3757 1178 3810 νέου
1204 3760 1271 3826 τῇ
1306 3759 1565 3829 στρατείᾳ
1596 3776 1878 3828 γεγυμνα-

308 3848 535 3917 σμένοςο
561 3846 767 3917 χαίρων
805 3845 861 3899 δὲ
897 3846 1274 3917 μεγαλοψυχίᾳ
1298 3886 1314 3913 ,
1362 3847 1518 3900 ἐσαεὶ
1544 3848 1644 3917 τῆς
1671 3848 1880 3918 παρού-

311 3956 408 4008 σης
441 3938 603 4009 τύχης
635 3939 839 4008 μείζων
876 3939 1069 3993 ἐδόκει.
1089 3938 1406 4009 Τηνικαῦτα
1431 3940 1476 3994 δ’
1499 3941 1660 4010 ἔλαχε
1686 3941 1878 4013 παρὼν

1898 2680 1956 2739 Δ

305 4032 413 4084 ἀπὸ
442 4032 539 4099 τῆς
574 4033 864 4101 ὑπερορίου
896 4032 1096 4101 φυγῆς.
1145 4034 1260 4086 Καὶ.
1308 4033 1417 4102 γάρ
1475 4049 1610 4101 φασι
1665 4034 1875 4099 τοῦτον,
1909 4014 1951 4069 Β

308 4124 471 4194 ἡνίκα
495 4124 876 4186 Κωνστάντιος
927 4123 1268 4191 ἐϐασίλευσε,
1305 4125 1416 4177 τῶν
1446 4141 1569 4178 τινα
1603 4125 1880 4178 Σιλεντια-

2505 2678 2667 2750 109
2700 2678 2927 2736 CAPUT
2966 2681 3009 2737 ι.

1978 2770 2056 2826 De
2086 2770 2195 2826 vita
2225 2777 2277 2822 et
2312 2770 2542 2824 moribus
2589 2773 2926 2838 imperatoris
2970 2771 3358 2838 Valentiniani,
3400 2783 3454 2828 et
3489 2775 3554 2829 de

2478 2842 2644 2910 fratre
2676 2845 2791 2910 ejus
2824 2842 3059 2897 Valente.

2049 3015 2114 3070 Et
2142 3017 2216 3072 ita
2266 3017 2489 3086 quidem
2537 3018 2790 3074 Julianus
2820 3018 3075 3073 desertor
3122 3035 3298 3077 caesus
3331 3033 3438 3078 est.
3474 3022 3552 3077 lla

1976 3108 2144 3163 etiam
2202 3108 2468 3165 Jovianus
2536 3109 2817 3180 piissimus
2885 3112 3187 3180 imperator
3228 3114 3281 3167 in
3349 3094 3554 3169 (iniibus

1976 3201 2200 3258 Galatiae
2226 3211 2282 3257 et
2309 3202 2577 3274 Bithyniae
2602 3218 2635 3257 e
2672 3203 2782 3257 vita
2812 3203 3069 3257 excessit.
3139 3202 3424 3260 Exercitus
3454 3222 3553 3260 au-

1977 3301 2086 3348 tem
2116 3294 2204 3348 die
2240 3294 2471 3362 septima
2507 3295 2610 3364 (l),
2648 3293 2883 3348 Nicaeam
2927 3294 3080 3349 venit
3111 3305 3167 3350 et
3203 3298 3274 3352 ibi
3307 3296 3556 3354 Valenti-

1977 3388 2203 3441 nianum
2226 3385 2600 3440 Romanorum
2629 3386 3023 3456 imperatorem
3061 3389 3431 3444 renuntiavit:
3457 3394 3554 3461 qui

1977 3492 2103 3532 cum
2156 3477 2318 3531 rebus
2370 3477 2491 3532 aliis
2541 3477 2723 3533 bonus
2754 3479 2855 3542 vir,
2889 3486 3003 3532 tum
3035 3479 3265 3549 imperio
3306 3482 3427 3552 ipso
3465 3484 3550 3539 di-

1978 3568 2335 3639 guus,Ciliali
2365 3584 2397 3624 e
2433 3570 2715 3625 Pannonia
2749 3571 3022 3627 oriundus
3046 3572 3168 3638 fuit,
3196 3575 3273 3630 rei
3300 3578 3557 3633 militaris

1980 3661 2062 3733 (ut
2095 3663 2186 3731 qui
2215 3676 2243 3715 a
2272 3662 2514 3732 iuvenali
2542 3670 2702 3717 aetate
2734 3664 2789 3717 in
2827 3664 3023 3718 castris
3040 3664 3286 3739 vixisset)
3308 3669 3557 3738 apprime

1979 3753 2211 3823 peritus,
2238 3753 2406 3807 animi
2435 3764 2616 3808 autem
2649 3754 3026 3825 magnitudine
3055 3759 3313 3826 praesenti
3338 3775 3558 3830 semper

1978 3843 2201 3900 fortuna
2235 3847 2578 3913 praestantior
2610 3848 2781 3902 visus.
2818 3847 2990 3903 Aﬂ‘uit
3047 3865 3178 3905 vero
3216 3858 3329 3904 tum
3361 3852 3558 3909 Niczeae

1980 3935 2048 3990 ab
2076 3936 2273 3990 exsilio
2307 3951 2584 3992 reversus.
2628 3935 2701 3992 De
2741 3953 2853 4008 quo
2911 3938 3044 3993 illud
3068 3939 3266 4003 fertur,
3301 3940 3560 3998 Silentia-

1980 4026 2119 4079 rium
2139 4025 2432 4094 quemdam
2463 4041 2589 4080 eum
2620 4026 2761 4097 ignis
2783 4027 3055 4082 ﬂammam
3076 4029 3178 4084 sub
3212 4029 3559 4099 Constantio,

1981 4133 2107 4173 cum
2147 4129 2341 4173 curato
2375 4126 2606 4189 corpore
2656 4120 2904 4175 cubitum
2961 4121 3172 4187 ivisset,
3206 4107 3432 4179 circiter
3461 4142 3560 4181 ve-

312 4218 442 4289 ριων
470 4217 621 4281 ἰδεῖν,
652 4217 823 4286 πυρὸς
853 4217 1027 4286 φλόγα
1043 4218 1186 4270 κατά
1213 4217 1274 4270 τὸ
1295 4217 1526 4270 δειλινὸν
1548 4219 1645 4270 τοῦ
1678 4216 1881 4285 στόμα-

1982 4224 2196 4279 Speraui
2231 4226 2296 4265 ex
2324 4226 2419 4265 ore
2449 4212 2749 4281 spirantem
2781 4212 3007 4268 vidisse.
3027 4214 3375 4272 Silentiarius
3403 4220 3555 4274 enim

307 4328 396 4373 τος
426 4310 678 4378 ἀφιέντα,
703 4311 940 4379 ὁπηνίκα
996 4311 1135 4377 μετά
1164 4310 1372 4379 τροφὴν
1407 4311 1487 4372 εἰς
1532 4308 1701 4362 ὕπνον
1726 4310 1880 4381 ἔτρέ-

309 4413 472 4455 πετο’
503 4401 531 4455 ὃ
555 4403 648 4455 κοιλ⁴
687 4402 1052 4471 Κωνσταντίῳ
1104 4403 1377 4473 ἐσήμηνεν
1401 4417 1418 4432 ο
1454 4403 1549 4454 καὶ
1586 4404 1694 4471 γὰρ
1721 4402 1881 4472 ἔτυχε

311 4493 529 4563 πέμψας
575 4493 762 4558 αὑτὸν,
814 4494 1020 4546 ἐκεῖνον
1050 4491 1116 4562 δὴ
1153 4491 1622 4561 μεταστείλασθαι
1688 4494 1880 4562 χρείας

312 4585 601 4654 καλούσης.
646 4584 703 4637 '0
733 4585 790 4637 δὲ
819 4584 1076 4653 βασιλεὺς
1109 4584 1368 4654 περιδεὴς
1399 4585 1638 4653 γεγονὼς
1673 4587 1739 4655 τῇ
1786 4584 1881 4638 τοῦ

317 4677 578 4741 θεάματος
608 4675 861 4746 ἀγγελία,
888 4675 1286 4746 παραλυπῆσαι
1319 4677 1419 4747 μὲν
1444 4676 1536 4729 τὸν
1557 4676 1727 4746 ἀνδρα
1756 4676 1884 4748 ἥκι-

314 4765 413 4821 στα
440 4769 644 4822 δίκαιον
674 4768 855 4836 ἔκρινε
877 4785 890 4797 ·
929 4767 990 4820 τό
1039 4783 1103 4836 γε
1139 4767 1247 4838 μὴν
1273 4767 1392 4830 δέος
1425 4767 1596 4821 αὐτοῦ
1637 4770 1886 4823 ἀνακτώ-

315 4879 496 4933 μενος,
529 4863 661 4932 περὶ
693 4862 759 4915 τὰ
784 4862 1033 4931 τέρματα
1064 4862 1163 4930 τῆς
1201 4862 1490 4930 Ῥωμαίων
1512 4862 1729 4930 ἔπεμπε
1754 4862 1881 4929 γῆς,

308 4955 449 5010 ὥστε
480 4956 739 5025 φρουρεῖν
775 4953 877 5022 μὲν
910 4955 1154 5012 τάκεῖσε,
1190 4954 1291 5014 τὰς
1340 4953 1399 5005 δὲ
1427 4952 1537 5004 τῶν
1588 4951 1884 5023 βαρϐάρων

309 5048 656 5102 ἀναστέλλειν
680 5047 875 5116 ὁρμάς.
908 5046 1078 5112 Λόγος
1109 5045 1155 5098 δ’
1185 5048 1240 5108 ἐς
1263 5043 1514 5115 ὕστερον,
1543 5046 1638 5098 καὶ
1662 5044 1759 5098 τοῦ
1787 5061 1885 5098 κα-

262 5166 267 5169 -
308 5140 541 5208 ταλόγου
583 5136 690 5190 τῶν
713 5136 986 5190 ἰοὸιανῶν
1014 5135 1203 5205 ἄρξαι,
1250 5135 1346 5189 καὶ
1376 5135 1883 5206 συνταγματάρχην

309 5231 386 5301 τῷ
420 5230 696 5300 Ἰουλιανῷ
731 5229 1093 5298 καταστῆναι.
1136 5228 1409 5299 Ὂπηνεκα
1458 5227 1503 5279 δ’
1539 5229 1746 5291 ἐκεῖνος
1791 5227 1886 5281 ἐπὶ

310 5325 418 5377 τῶν
443 5324 577 5377 ὅλων
599 5324 836 5391 ἐγένετο,
870 5320 1026 5384 αὖθις
1047 5320 1321 5374 ἀπελάσαι
1351 5319 1541 5373 τοῦτον
1557 5318 1651 5372 τοῦ
1675 5322 1882 5390 τάγμα-

1989 5329 2169 5374 ctasse
2212 5320 2409 5374 exsilio
2453 5320 2683 5387 dicitur,
2740 5321 2838 5376 illo
2876 5322 3099 5391 quidem
3124 5322 3228 5376 sub
3277 5330 3585 5391 pra‘textu,t
3696 5368 3703 5373 .

1983 4303 2049 4356 ad
2084 4304 2479 4357 accersendum
2516 4320 2643 4358 eum
2693 4305 2900 4374 negotii
2931 4307 3216 4376 cujusdam
3261 4311 3436 4378 gratia
3489 4313 3559 4367 ab

1984 4397 2336 4464 imperatore,
2369 4397 2458 4451 cui
2486 4397 2542 4450 id
2575 4399 2742 4451 etiam
2784 4398 3051 4452 indicavit
3076 4440 3091 4465 ,
3128 4400 3332 4454 missus
3359 4403 3561 4456 fuerat.

1984 4488 2288 4558 Imperator
2327 4489 2684 4545 Constantius
2703 4490 2938 4561 prodigii
2969 4492 3089 4557 ejus
3124 4494 3322 4546 nuntio
3348 4503 3566 4562 perter-

1985 4580 2144 4644 ritus,
2192 4581 2352 4651 110
2374 4580 2653 4636 offendere
2684 4582 2905 4652 quidem
2937 4590 2995 4637 et
3024 4586 3350 4650 perturbare
3379 4587 3562 4641 virum

1985 4688 2110 4728 eum
2144 4674 2393 4743 iniquum
2427 4689 2546 4727 esse
2607 4674 2846 4728 censuit.
2900 4673 2969 4728 Ut
3005 4684 3188 4729 autem
3244 4677 3429 4731 timori
3462 4693 3564 4732 suo

1987 4748 2327 4828 consuleret,
2362 4766 2428 4819 ad
2460 4764 2690 4821 Romani
2733 4766 2948 4835 imperii
2980 4768 3115 4821 lines
3146 4782 3273 4822 eum
3310 4770 3479 4828 misit.
3505 4779 3567 4824 ut

1988 4859 2063 4913 ibi
2117 4859 2171 4912 in
2204 4858 2460 4928 praesidio
2503 4868 2669 4921 esset,
2708 4869 2760 4911 et
2794 4858 3162 4913 Barbarorum
3207 4863 3565 4918 excursiones

1988 4949 2326 5019 prohiberet.
2362 4950 2556 5004 Postea
2588 4963 2811 5018 quoque
2845 4950 3049 5019 legioni
3092 4950 3452 5006 Iovianorum
3485 4953 3563 5023 (2)

1987 5039 2298 5110 pra’fuisse,
2352 5047 2408 5093 et
2436 5040 2693 5093 ordinum
2741 5040 2940 5095 ductor
2966 5055 3093 5095 cum
3123 5041 3342 5097 Juliano
3392 5043 3579 5122 fuisse.

1989 5131 2248 5185 traditur.
2284 5130 2354 5185 At
2375 5144 2666 5201 postquam
2716 5132 2809 5187 ille
2843 5148 3028 5188 rerum
3069 5144 3155 5190 est
3206 5137 3440 5206 potitus,
3478 5137 3568 5192 di-'

1988 5227 2197 5297 gnitate
2222 5242 2291 5282 ea
2319 5227 2616 5297 spoliatum
2655 5227 3101 5284 Valentinianum
3152 5240 3424 5299 perpetuo
3454 5244 3585 5283 ma-t

309 5432 419 5481 τος,
459 5418 554 5467 καὶ
597 5415 751 5484 ἀϊδίῳ
791 5414 1067 5484 ζημιῶσαι
1099 5420 1244 5487 φυγῇ
1269 5431 1283 5447 ο
1323 5415 1593 5486 προφάσει
1647 5415 1767 5484 μὲν,
1810 5415 1882 5478 ὡς

1991 5411 2139 5481 quod
2195 5413 2382 5482 copias
2443 5413 2552 5467 sibi
2613 5415 2936 5469 commissas
2992 5429 3101 5475 non
3145 5413 3249 5466 rite
3288 5415 3343 5466 in
3392 5414 3569 5465 aciem

315 5506 392 5577 μὴ
423 5506 600 5577 χρεὼν
642 5506 740 5578 τὴν
788 5507 880 5559 ὑπ’
911 5507 1073 5559 αὐτὸν
1125 5507 1393 5576 στρατιὰν
1436 5508 1549 5569 τοῖς
1601 5505 1882 5575 πολεμίοις

1992 5517 2186 5561 contra
2221 5505 2408 5560 hostes
2435 5504 2686 5561 duxisset
2716 5523 2731 5557 :
2765 5522 2956 5562 revera
2990 5514 3172 5561 autem
3196 5546 3213 5573 ,
3238 5521 3365 5559 cum
3397 5503 3572 5559 Julia—
3596 5522 3615 5544 ο

383 5621 457 5686 (1)
490 5618 775 5673 Februarii
797 5620 868 5674 25
894 5619 1001 5674 die.
1041 5618 1335 5685 (Socrates.
1346 5637 1360 5686 ι

1988 5634 2018 5674 a
2056 5619 2393 5677 Diocletiano
2425 5619 2585 5678 Jovio
2622 5641 2636 5677 :
2669 5621 2831 5677 sicuti
2882 5620 3020 5675 alios
3061 5634 3093 5674 a
3145 5612 3329 5687 Seipso
3363 5615 3573 5671 Hercu-

404 5693 459 5757 2)
508 5688 773 5761 Jovianos
823 5691 1207 5761 Maximianus
1283 5692 1586 5761 imperator
1661 5692 1879 5746 vocavit
1985 5688 2183 5746 liauos.

412 5761 516 5815 ites
560 5774 656 5814 eos
684 5760 778 5828 qui
812 5758 1036 5815 fortiter
1063 5762 1119 5815 in
1163 5758 1380 5830 Illyrico
1421 5777 1533 5818 rem
1572 5774 1877 5834 gesserant,

638 5860 913 5921 Ρηιιοι..
956 5859 1075 5919 Gn.
1123 5856 1353 5919 CXLVI

315 5774 367 5813 ιη

3023 5849 3093 5912 19
