4056 6412
463 308 567 368 587

1700 309 2125 370 NICEPHORI
2169 311 2518 371 CALLISTI

3630 304 3742 367 588

466 439 571 477 nus
611 424 662 476 in
696 422 885 487 Gallia,
915 422 1248 479 occidentali
1279 422 1462 477 adhuc
1490 432 1672 488 esset,
1698 435 1754 478 et
1780 424 2050 493 templum

2165 426 2658 495 παραστησάμενον
2680 439 2692 455 ⁸
2724 422 2787 477 τὸ
2817 423 2864 475 δ’
2894 421 3116 491 ἀληθὲς,
3146 420 3342 489 ὅτιπερ
3367 419 3424 470 ἐν
3452 420 3563 481 τοῖς
3599 435 3742 488 προς

461 499 741 586 quoddam
783 517 858 586 (l)
896 515 1152 571 sacriﬁcii
1184 516 1362 586 gratia
1392 526 1628 586 peteret,
1671 516 2055 571 Valentiniano

464 617 737 676 praesente
769 609 949 676 (vetus
986 607 1137 663 enim
1165 610 1513 663 consuetudo
1550 616 1695 675 erat,
1734 618 1792 664 ut
1829 610 1923 677 qui
1963 608 2055 663 Jo-

468 702 643 756 viante
669 712 725 757 et
750 700 1116 765 Herculianze,
1170 702 1243 755 ita
1281 700 1351 755 ab
1372 701 1507 757 Jove
1531 710 1587 757 et
1620 702 1858 756 Hercule
1889 701 2054 757 dictis

466 793 791 848 cohortibus
838 804 1170 862 praeessent,
1218 792 1523 862 principem
1565 806 1604 846 -a
1639 802 1792 862 tergo
1850 806 2055 860 seque-

466 888 700 957 rentur)
751 896 807 942 et
847 887 958 958 jam
1016 888 1281 957 templum
1339 885 1740 957 ingredientem
1792 884 2053 940 sacerdos

462 978 753 1033 frondibus
810 976 1145 1047 quibusdam
1207 976 1440 1031 roscidis
1497 982 1932 1045 conspergeret,
1995 984 2056 1030 et

461 1077 612 1139 gutta
644 1084 754 1122 una
788 1069 843 1122 in
869 1067 1241 1123 Valentiniani
1267 1076 1477 1122 vestem
1508 1067 1795 1130 incideret,
1824 1067 1972 1137 quod
2006 1066 2054 1121 is

461 1161 670 1215 factum
704 1161 811 1214 tale
849 1176 992 1229 aegre
1016 1159 1224 1224 ferens,
1257 1173 1386 1213 cum
1416 1160 1756 1215 sacerdotem
1783 1159 2053 1214 conviciis

461 1252 818 1323 prosciderit,
866 1260 981 1306 tum
1041 1251 1164 1320 ipso
1211 1250 1438 1304 vidente
1473 1249 1716 1316 Juliano,
1752 1266 1885 1306 ense
1929 1266 2051 1305 eam

458 1356 673 1415 partem
701 1343 892 1409 vestis,
935 1343 990 1396 in
1023 1358 1190 1413 quam
1225 1342 1426 1395 humor
1456 1357 1522 1395 ex
1554 1343 1951 1411 conspersione
1982 1356 2049 1396 ea

459 1445 794 1506 pervenerat
826 1437 1001 1506 (tanto
1054 1433 1428 1490 Christianam
1470 1436 1732 1503 pietatem
1762 1445 2054 1511 consecta-

459 1530 625 1584 batur
677 1528 925 1597 ardore)
993 1526 1283 1582 resciderit
1341 1534 1505 1595 atque
1559 1526 1845 1596 abiecerit.
1894 1526 2051 1582 Unde

460 1621 725 1689 deinceps
770 1619 848 1673 illi
910 1617 1164 1673 Julianus
1218 1615 1490 1681 infensus,
1533 1628 1661 1694 ιιοῐικ
1692 1618 1868 1672 multo
1928 1626 2052 1688 post

461 1733 587 1771 cum
639 1719 1068 1772 condemnatum
1103 1714 1361 1770 Melitinae
1402 1716 1458 1771 in
1483 1717 1743 1771 Armenia
1778 1726 2049 1787 perpetuo

2160 519 2315 572 δύσιν
2353 518 2626 581 Γαλάταις
2653 516 2735 570 ἐτι
2768 515 2844 570 ὢν
2875 514 3191 579 Ἰουλιανὸς,
3249 514 3375 567 ἐπεὶ
3427 513 3565 581 πρός
3616 530 3743 566 τινα.

2162 609 2304 664 νεὼν
2332 605 2469 683 ἧκεν
2510 610 2586 673 ὡς
2618 609 2800 663 θύσων
2837 609 3107 679 παρόντος
3155 607 3251 661 καὶ
3286 605 3743 659 Οὐαλεντινιανοῦ

2160 702 2303 771 (ἐθος
2331 702 2443 773 γὰρ
2472 697 2543 774 ἦν
2575 704 2639 756 ἐκ
2668 700 2885 772 μακροῦ
2910 701 3010 754 τοῦ
3040 699 3153 753 τῶν
3173 698 3453 753 Ἰοϐιανῶν
3482 699 3576 752 καὶ
3613 698 3743 767 Ἐρο

2157 796 2459 850 κουλιανῶν
2517 797 2799 866 τάγματος
2854 794 3165 864 ἡγουμένου
3191 807 3206 824 ·
3276 791 3644 862 στρατιωτικὰ
3679 790 3742 843 δὲ

2157 888 2417 960 τάγματα
2462 888 2654 953 ταῦτα,
2689 888 2751 940 τὸ
2785 888 2883 957 μὲν
2934 887 3044 939 ἀπὸ
3084 885 3227 948 Διὸς,
3264 884 3325 938 τὸ
3362 883 3407 939 δ’
3433 883 3526 951 ἀφ’
3570 883 3742 954 Ἤρα-

2157 981 2351 1045 κλὲους
2380 981 2482 1051 τὴν
2526 981 2908 1050 προσηγορίαν
2967 979 3321 1047 κτησάμενα·
3374 977 3603 1030 κατόπιν
3659 974 3744 1042 τῷ

2157 1073 2375 1145 βασιλεῖ
2401 1071 2768 1139 ἐπεσθαι),ῶς
2795 1069 2893 1124 τοῦ
2921 1070 3028 1124 νεὼ
3060 1068 3163 1141 ἢδη
3194 1068 3499 1122 ἐπιϐαίνειν
3524 1060 3813 1143 ἔμελλε,

2156 1164 2281 1217 καθ’
2312 1163 2556 1233 Ἕλληνα
2589 1164 2755 1232 νόμον
2781 1162 2909 1225 τοὺς
2932 1163 3206 1225 εἰσιόντας
3232 1160 3451 1222 θαλλοῖς
3488 1175 3599 1211 τισι
3623 1158 3749 1212 δια·
3772 1152 3783 1161 ’
3806 1146 3811 1149 ’

2157 1256 2378 1325 ϐρόχοις
2408 1256 2613 1326 ῥαίνων
2635 1257 2663 1307 ὁ
2690 1253 2894 1326 ἱερεύς.
2924 1254 3036 1306 Kal
3072 1252 3139 1324 δὴ
3180 1253 3311 1322 μιᾶς
3334 1251 3443 1304 τῶν
3469 1250 3752 1317 σταγόνων

2155 1349 2504 1421 ἐμπεσούσης
2554 1348 2632 1419 τῷ
2686 1349 2891 1418 ίματίῳ
2919 1388 2935 1412 ,
3016 1344 3465 1405 Οὐαλεντινιανὺς
3525 1343 3749 1415 βαρέως

2153 1444 2359 1514 ἤνεγκε
2383 1483 2398 1508 ,
2461 1443 2557 1495 καὶ
2596 1441 2980 1511 διελοιδορεῖτο
3018 1441 3096 1512 τῷ
3141 1439 3412 1508 ραίνοντι·
3446 1436 3750 1507 ὑπερφυῶς

2155 1538 2267 1607 γὰρ
2286 1536 2355 1590 τὰ
2385 1536 2729 1606 Χριστιανῶν
2752 1534 3054 1605 ἠσπάζετο.
3086 1534 3199 1590 Καὶ
3231 1533 3434 1598 τοίνυν,
3465 1531 3562 1585 τοῦ
3587 1530 3754 1602 βασι-

2152 1631 2287 1694 λόως
2318 1629 2578 1700 ὁρῶντος,
2613 1625 2891 1698 περιελὼν
2923 1628 3173 1698 μαχαίρᾳ
3197 1628 3321 1680 ὅσον
3355 1627 3422 1680 ἐκ
3444 1625 3544 1695 τῆς
3568 1625 3751 1694 ψεκά-

2152 1723 2244 1787 δος
2294 1721 2606 1794 διάϐροχον,
2660 1722 2761 1792 τῆς
2815 1721 3042 1791 ἐσθῆτος
3094 1720 3425 1791 ἀπέρῤιπτε.
3460 1718 3661 1783 Κακῶς
3699 1717 3753 1772 δ’

458 1812 714 1867 exsulare
759 1811 971 1881 jussit:
1017 1824 1139 1863 eam
1191 1824 1359 1880 quam
1422 1809 1661 1864 diximus
1738 1819 2049 1879 praetexens

2165 1786 2437 1870 ἐντεῦθεν.
2464 1786 2733 1877 διατεθεὶς
2765 1786 3083 1880 Ἰουλιανὸς,
3132 1786 3375 1868 οὐ-πάνυ
3415 1813 3604 1884 πόρρω
3645 1830 3757 1865 κα-

460 1920 705 1967 causam,
743 1902 889 1973 quod
920 1901 1125 1957 milites
1157 1901 1282 1972 ejus
1309 1901 1557 1972 segniter
1584 1916 1700 1957 rem
1730 1900 2048 1972 gessissrnt.

458 1996 578 2062 Qua
609 1997 663 2051 in
693 2011 751 2050 re
771 1996 821 2049 ei
853 1995 1104 2065 martyrii
1139 1994 1435 2061 honorem,
1464 1994 1612 2065 quod
1644 2010 1746 2064 pro
1781 1994 2052 2064 religione

462 2086 884 2143 Valentinianus
927 2084 1221 2141 subiturus
1259 2083 1463 2152 fuerat,
1500 2084 1719 2140 invidit.
1748 2082 1887 2141 Nam
1929 2099 2050 2140 eam

461 2184 532 2238 ob
562 2197 786 2239 causam
820 2181 944 2236 aliis
972 2194 1195 2250 quoque
1217 2178 1550 2235 Christianis
1576 2178 1824 2248 pepercit
1847 2216 1864 2241 ,
1902 2178 2050 2246 quod

458 2290 557 2330 eus
611 2290 676 2329 ex
727 2273 993 2344 periculis
1054 2271 1374 2342 bujusmodi
1441 2270 1663 2325 laudem
1723 2280 1779 2325 et
1820 2270 2053 2342 gloriam

460 2356 1255 2438 consequianimadverteret.
1304 2364 1412 2420 Ubi
1459 2373 1644 2419 autem
1670 2362 1935 2419 Iovianus
1985 2361 2054 2417 ad

458 2463 756 2533 imperium
790 2460 1065 2532 pervenit,
1094 2459 1166 2514 ab
1184 2458 1382 2514 exsilio
1409 2466 1493 2512 est
1531 2463 1846 2512 revocatus.
1877 2455 2053 2510 Porro

459 2557 694 2613 Joviano
737 2556 1024 2621 defuncto,
1077 2553 1272 2609 Nicaea:
1330 2552 1503 2608 totius
1539 2553 1819 2606 exercitus
1862 2562 1919 2606 et
1953 2565 2058 2606 eo-

463 2669 589 2707 rum
641 2651 882 2707 maxime
934 2650 1030 2720 qui
1092 2646 1383 2718 primarias
1414 2648 1684 2718 gerebant
1732 2644 2052 2714 dignitates,

462 2750 518 2803 in
574 2745 772 2818 primis
811 2752 995 2797 autem
1036 2735 1181 2796 Datii
1243 2739 1482 2809 patricii,
1507 2738 1601 2808 qui
1634 2752 1703 2793 ex
1741 2736 1953 2792 Galatia
1984 2734 2053 2791 ad

464 2857 592 2897 cum
630 2841 846 2895 litteras
894 2836 1126 2891 dederat
1155 2877 1167 2897 ,
1198 2830 1437 2888 Secundi
1485 2829 1750 2901 praefecti,
1801 2828 2056 2883 Arinthei

464 2937 645 3000 ducis,
678 2943 734 2989 et
760 2917 1018 3001 Glaiphi',
1058 2931 1153 2999 qui
1186 2927 1504 2982 domesticis
1540 2924 1786 2996 praefuit,
1819 2922 2054 2979 consilio

462 3043 521 3089 et
555 3032 841 3088 voluntate
877 3029 1192 3098 imperator
1243 3032 1330 3079 est
1377 3022 1608 3078 electus.
1649 3008 1804 3090 111
1836 3012 2051 3073 Etcum

2152 1908 2446 1974 τεδίκαζεν
2500 1908 2669 1964 αὐτὸν
2696 1908 2797 1978 τὴν
2835 1909 2938 1979 τῆς
2982 1906 3279 1978 Ἀρμενίας
3311 1904 3607 1974 Μελιτινὴν
3664 1907 3755 1969 είς

2153 2003 2216 2058 τὺ
2243 2002 2492 2073 διηνεκὲς
2528 2003 2812 2055 κατοικεῖν
2862 2017 2877 2032 ο
2912 2000 3195 2070 πρόφασιν
3220 1998 3475 2071 εὑρηκὼς
3502 1998 3601 2069 τὴν
3631 1998 3752 2053 τῶν

2156 2096 2289 2165 περὶ
2319 2092 2484 2149 αὐτὸν
2511 2093 2863 2164 στρατιωτῶν
2891 2092 3205 2166 ῥᾳστώνην.
3230 2092 3340 2153 Καὶ
3368 2090 3477 2164 γὰρ
3506 2092 3751 2162 ἐφθόνει,

2159 2190 2237 2260 μὴ
2287 2187 2377 2242 διὰ
2424 2186 2524 2260 τὴν
2579 2185 2884 2257 θρησκείαν
2930 2186 3103 2256 τιμῆς
3164 2184 3331 2239 αὑτὸν
3395 2186 3754 2255 μαρτυρικῑκ

2156 2281 2476 2347 ἀξιώσειεν·
2518 2282 2639 2334 ἐπεί
2692 2278 2868 2347 τοίγε
2909 2279 3007 2334 καὶ
3037 2277 3147 2331 τῶν
3188 2277 3367 2332 ἄλλων
3401 2276 3757 2349 Χριστιανῶν

2159 2378 2219 2444 ἐξ
2241 2375 2424 2438 αἰτίας
2447 2373 2708 2443 τοιαύτης
2762 2372 3008 2443 ἐφείδετο
3027 2386 3043 2403 ⁸
3076 2369 3274 2424 ἐννοῶν
3302 2370 3379 2434 ὡς
3419 2375 3534 2436 τοῖς
3562 2371 3754 2424 κινδύ-

2159 2485 2274 2533 νοις
2309 2468 2371 2522 τδ
2419 2467 2666 2529 εὐκλεεῖς
2703 2460 2847 2519 εἶναι
2887 2464 3235 2536 πορίζονται.
3270 2463 3360 2528 Ὠς
3405 2463 3464 2518 δὲ
3491 2463 3758 2526 Ἰοϐιανὸς

2159 2572 2258 2641 τὴν
2296 2569 2578 2641 βασιλείαν
2611 2564 2915 2636 παρέλαϐε,
2970 2563 3373 2635 μετάπεμπτον
3402 2563 3657 2616 κάκεῖνον
3684 2564 3754 2616 ἐκ

2159 2665 2263 2733 τῆς
2290 2663 2592 2734 ὑπερορίας
2618 2661 2856 2714 ποιεῖται
2877 2673 2892 2688 ο
2926 2658 3068 2728 πρὸς
3101 2656 3345 2712 Νίκαιαν
3365 2657 3425 2711 δὲ
3442 2657 3752 2725 γεγονότος,

2162 2750 2379 2828 συμϐὰν
2420 2757 2626 2809 ἐκεῖνον
2646 2753 2738 2807 τὸν
2773 2751 2892 2823 βίον
2924 2751 3241 2817 ἀπολιπεῖν,
3273 2748 3440 2822 βουλῇ
3465 2748 3558 2802 τοῦ
3584 2762 3753 2818 στρα-

2161 2850 2392 2903 τοπέδου
2439 2848 2668 2910 παντὸς,
2728 2846 2825 2899 καὶ
2852 2845 2965 2898 τῶν
3013 2845 3114 2906 τὰς
3153 2842 3401 2915 μεγάλας
3453 2844 3751 2896 διεπόντων

2162 2945 2358 3015 ἀρχὰς,
2394 2943 2489 2996 καὶ
2526 2940 2769 3012 μάλιστα
2806 2939 3004 2992 Λατίου
3035 2937 3130 2991 τοῦ
3159 2938 3453 3008 πατρικίου
3482 2938 3548 2990 ὲκ
3577 2935 3752 2988 Γαλαι-

2160 3039 2283 3099 τίας
2336 3033 2818 3103 διαμηνυσαμένου
2846 3072 2862 3097 ,
2897 3029 3196 3084 Σεκούνδου
3229 3048 3289 3083 τε
3330 3030 3425 3093 τοῦ
3480 3029 3751 3100 ἐπάρχου,

461 3127 816 3200 imperatoris
846 3123 1082 3192 sumptis
1114 3118 1423 3191 insignibus
1466 3118 1526 3171 in
1575 3116 1787 3187 clypeo,
1829 3110 2054 3166 militari

2165 3133 2259 3183 καὶ
2298 3128 2610 3193 ’Δρινθαίου
2659 3125 2756 3177 τοῦ
2808 3124 3148 3194 στρατηγοῦ,
3200 3124 3296 3176 καὶ
3334 3122 3595 3190 Γλαῖφου,
3643 3123 3753 3175 τῶν

460 3238 639 3287 mere,
683 3217 1165 3278 circumferretur,
1202 3212 1486 3268 exercitus
1531 3224 1659 3265 eum
1687 3247 1704 3272 ,
1739 3214 1799 3261 ut
1830 3207 1934 3260 sibi
1958 3205 2062 3260 imo

462 3315 604 3387 perii
636 3311 848 3368 socium
882 3307 1203 3372 ascisceret,
1243 3304 1477 3377 rogavit.
1531 3305 1712 3372 Atque
1751 3299 1843 3355 ille
1891 3314 2060 3353 manu

463 3412 645 3473 eis,ut
677 3404 1205 3471 silerenttiunuens,
1235 3400 1389 3470 gravi
1426 3406 1483 3451 et
1520 3394 1798 3466 imperiali
1824 3401 2061 3448 senten-

467 3514 561 3567 ta,
599 3520 619 3551 ι
656 3497 914 3554 Vestrum
945 3496 1197 3565 quidem,
1218 3491 1420 3562 inquit,
1445 3490 1552 3544 fuit
1578 3497 1640 3543 ut
1665 3487 1939 3558 privatum
1975 3501 2062 3541 me

464 3601 533 3650 ad
569 3592 919 3665 imperialem
947 3587 1289 3644 extolleretis
1330 3585 1657 3654 dignitatem
1701 3598 1717 3636 :
1751 3595 1845 3636 res
1873 3591 2059 3635 autem

466 3687 882 3748 administrare,
914 3698 1023 3738 non
1052 3683 1163 3754 jam
1199 3678 1391 3744 vestri,
1445 3676 1542 3731 sed
1574 3674 1847 3747 principis
1887 3673 2063 3743 ipsius

469 3782 690 3836 arbitrii
724 3793 870 3842 esse,
902 3790 1005 3831 vos
1036 3775 1136 3844 ipsi
1172 3789 1393 3844 quoque
1419 3771 1694 3827 dixeritis.
1741 3770 1936 3838 Itaque
1967 3780 2064 3820 vos

469 3875 736 3944 deinceps
800 3870 1072 3940 imperata
1132 3867 1317 3922 facere
1365 3874 1425 3920 et
1486 3862 1711 3935 quietos
1758 3876 1919 3927 esse,
1974 3872 2064 3913 me

470 3979 680 4032 autem,
714 3963 848 4036 quid
882 3962 1029 4017 facto
1066 3974 1207 4029 Opus
1240 3960 1334 4026 sit,
1360 3972 1555 4013 curare
1579 3956 1760 4012 decet.
1784 3973 1803 4006 ι
1840 3954 2062 4009 Actum

470 4059 695 4129 quidem
728 4057 999 4112 militibus
1021 4068 1131 4108 non
1167 4054 1336 4107 cessit
1365 4070 1379 4106 :
1417 4060 1710 4121 postquam
1744 4064 1882 4104 vero
1922 4046 2067 4104 Con-

474 4151 894 4221 stantinopolim
935 4147 1119 4212 venit,
1155 4146 1435 4229 tricesimo
1471 4161 1501 4198 a
1532 4151 1793 4212 suscepto
1825 4140 2066 4211 imperio

470 4253 585 4316 die,
606 4249 819 4304 socium
842 4245 947 4301 sibi
978 4244 1198 4315 imperii
1233 4242 1461 4296 fratrem
1490 4239 1778 4295 Valentem
1793 4237 2067 4307 adjunxit.

472 4346 539 4400 lit
569 4342 891 4415 provincias
935 4337 1235 4393 orientales
1258 4376 1272 4400 ,
1303 4343 1360 4390 et
1405 4332 1676 4403 quasdam
1703 4332 1870 4385 etiam
1915 4329 2068 4384 occi-

473 4439 727 4497 dentales
758 4437 825 4489 ad
858 4434 1141 4504 lllyricnm
1187 4443 1364 4498 usque
1395 4425 1551 4480 fratri
1583 4423 1897 4479 concessit:
1935 4419 2068 4474 reli-

2163 3222 2503 3293 δομεστίκων
2533 3220 2577 3272 δ’
2609 3206 2765 3282 οὗτος
2791 3220 3002 3290 ἠγεῖτο,
3040 3219 3123 3279 είς
3158 3219 3220 3269 τὸ
3243 3215 3547 3286 βασιλεύειν
3572 3216 3755 3283 αἱρεῖ-

2165 3334 2280 3371 ται.
2316 3317 2428 3369 Kal
2466 3313 2533 3384 δὴ
2557 3314 2626 3367 τὰ
2682 3311 2933 3383 σύμϐολα
2980 3310 3369 3381 περιθέμενον,
3400 3310 3495 3363 καὶ
3535 3309 3628 3361 ἐπὶ
3652 3307 3753 3377 τῆς

2164 3409 2416 3473 ἀσπίδος,
2448 3406 2529 3472 ὡς
2561 3405 2709 3473 ἐθος,
2744 3405 3066 3476 ὀχούμενον,
3100 3405 3130 3456 ό
3163 3402 3396 3475 στρατὸς
3434 3402 3608 3454 ἐδεῖτο
3640 3417 3755 3454 κοι-

2165 3504 2335 3557 νωνόν
2385 3518 2512 3555 τινα
2541 3502 2611 3572 τῇ
2670 3501 2819 3570 ἀρχῇ
2854 3495 3291 3569 προσλαϐέσθαι.
3334 3496 3395 3547 '0
3421 3492 3480 3546 δὲ
3509 3496 3574 3562 τῇ
3608 3495 3754 3564 χειρὶ

2169 3597 2330 3668 σιγᾷν
2362 3592 2687 3665 ἐπιτρέψας,
2704 3591 2929 3664 ἀτρέμα
2945 3591 3003 3646 δὲ
3025 3592 3125 3644 καὶ
3156 3587 3424 3661 βασιλικῷ
3449 3586 3525 3656 τῷ
3551 3588 3752 3659 φρονή-

2171 3708 2321 3761 ματι,
2364 3708 2385 3743 ι
2430 3688 2731 3759 ’Υμέτερον
2764 3685 2886 3759 μὲν,
2914 3686 3042 3757 ἔφη,
3068 3678 3127 3751 ἐξ
3159 3672 3372 3739 ἰδιώτου
3400 3683 3503 3753 ἐμὲ
3531 3678 3758 3753 βασιλέα

2169 3786 2344 3837 ποιεῖν
2364 3798 2380 3814 ⁶
2414 3781 2478 3836 τό
2497 3797 2562 3850 γε
2601 3781 2708 3853 μὴν
2728 3781 2800 3834 τὰ
2829 3782 3084 3850 πρακτέα
3107 3776 3407 3833 διευθετείν
3433 3777 3495 3830 ού
3520 3777 3631 3830 τῶν
3659 3777 3762 3843 ἀρ-

2168 3878 2438 3948 χομένων,
2473 3876 2567 3929 τοῦ
2599 3874 2657 3928 δὲ
2693 3873 3080 3945 βασιλεύοντος
3119 3872 3153 3942 ἡ
3198 3871 3404 3942 κρίσις,
3443 3870 3664 3932 πάντως
3690 3868 3759 3930 ἂν

2170 3972 2266 4025 καὶ
2301 3972 2459 4044 ὑμεῖς
2496 3970 2719 4040 φαίητε.
2762 3968 2854 4021 Δεῖ
2872 3964 2966 4022 οὖν
3022 3966 3167 4037 ὑμᾶς
3190 3964 3286 4018 τοῦ
3318 3962 3513 4018 λοιποῦ
3544 3964 3634 4017 ὑπ’
3658 3963 3763 4034 ἀρ-

2170 4066 2271 4135 χὴν
2297 4064 2474 4130 ὄντας,
2510 4063 2745 4135 ἡσυχίαν
2770 4061 2929 4128 ἄγειν
2952 4077 2967 4091 θ
3008 4060 3136 4130 ἐμοὶ
3166 4059 3223 4112 δέ
3254 4058 3351 4112 τοῦ
3379 4060 3634 4129 ποιητέου
3662 4074 3762 4125 μεο

2169 4159 2352 4229 λήσει.
2378 4175 2399 4210 ι
2443 4157 2555 4210 Καὶ
2582 4156 2707 4210 τότε
2759 4156 2860 4224 μὲν
2891 4154 2995 4207 οὐκ
3026 4148 3136 4216 εῖξε
3175 4154 3308 4216 ’τοῖς
3362 4150 3719 4218 στρατιώταις
3739 4164 3757 4178 ο

2171 4252 2229 4306 ἐν
2254 4251 2313 4305 δὲ
2342 4252 2411 4321 τῇ
2444 4248 2865 4305 Κωνσταντίνου
2921 4248 3246 4317 γενόμενος,
3295 4245 3437 4316 μετὰ
3465 4243 3763 4315 τριάκοντα

2170 4345 2388 4416 ἡμέρας
2445 4343 2547 4413 τῆς
2606 4339 3003 4412 ἁνακηρύξεως
3059 4337 3477 4411 προσλαμϐάνει
3520 4339 3588 4406 τῇ
3618 4335 3762 4405 ἀρχῇ

2176 4437 2389 4494 καὶτὸν
2420 4435 2650 4504 ἀδελφὸν
2687 4435 2993 4491 Οὐάλεντα.
3055 4434 3170 4487 Καὶ
3200 4430 3268 4486 τὰ
3303 4429 3404 4501 μὲν
3456 4430 3594 4501 πρὸς
3647 4429 3764 4482 ἀνί-

473 4548 615 4604 quas
669 4532 738 4586 ad
776 4486 1182 4584 occidentalem
1238 4521 1521 4577 Oceanum
1579 4516 1960 4586 pertinentes,
2014 4521 2061 4567 et

2176 4545 2379 4602 σχοντα
2872 4486 3208 4592 διενείματο,
3263 4486 3360 4577 καὶ
3384 4486 3762 4592 τῆς-,ἑσπέρας

473 4626 850 4682 continentem
889 4636 957 4675 ex
989 4618 1226 4673 adverso
1243 4627 1486 4678 omnem,
1504 4626 1678 4681 usque
1702 4611 1768 4665 ad
1790 4620 2072 4665 extremos

476 4720 698 4792 Libyes,
732 4715 839 4772 sibi
875 4710 1155 4775 attribuit,
1193 4718 1255 4763 ut
1286 4706 1387 4761 toti
1414 4705 1719 4776 imperaret
1756 4701 2068 4757 Occidenti.

473 4814 634 4868 Brevi
658 4811 827 4866 etiam
851 4806 1054 4862 deinde
1083 4802 1408 4860 Gratianum
1447 4799 1625 4853 tilium
1669 4795 1854 4850 adhuc
1881 4793 2073 4848 adole-

473 4904 818 4965 scentulum,
849 4900 918 4953 ad
953 4896 1247 4968 imperium
1280 4901 1576 4957 evectum,
1611 4888 1862 4944 moribus
1903 4885 2069 4942 insti-

477 5001 721 5069 tutisque
793 4994 912 5051 suis
962 4989 1278 5045 assuefecit.
1355 4982 1617 5041 Sedenim
1668 4981 1872 5036 fratres
1911 4978 2075 5034 ambo

474 5088 775 5148 Christiani
800 5086 1024 5156 quidem
1069 5083 1183 5151 jam
1234 5078 1363 5132 inde
1399 5077 1469 5131 ab
1498 5075 1658 5130 initio
1686 5074 1866 5138 fuere,
1918 5069 2073 5126 cultu

442 5188 447 5195 '
474 5199 612 5241 vero
630 5181 822 5239 divino
859 5187 917 5234 et
948 5178 1196 5231 moribus
1231 5171 1536 5227 variarunt.
1569 5168 1707 5224 Nam
1738 5165 1969 5231 Valens,
2007 5164 2078 5218 ab

476 5275 730 5333 Eudoxio
783 5271 994 5328 Ariano
1044 5267 1402 5336 baptizatus,
1452 5278 1581 5319 acer
1639 5260 1745 5315 fuit
1805 5257 2078 5328 dogmatis

476 5371 667 5427 Ariani
700 5365 1012 5431 aemulator,
1073 5359 1481 5427 molestutnque
1528 5357 1581 5411 ei
1629 5354 1759 5420 fuit,
1789 5351 1938 5421 quod
1966 5364 2078 5404 non

479 5472 674 5519 omnes
711 5459 965 5519 eamdem
1020 5454 1179 5526 sequi
1231 5450 1569 5509 sententiam
1605 5456 1852 5517 cogeret.
1883 5444 2081 5500 Valen-

484 5560 723 5613 tinianus
756 5562 972 5615 autem,
1015 5548 1250 5605 Nicaeus:
1272 5540 1634 5615 professionis
1681 5548 2080 5611 propugnator,

482 5650 756 5706 ornandus
794 5646 1018 5718 quidem
1054 5640 1337 5711 religionis
1370 5651 1484 5692 suae
1533 5636 1832 5706 populares
1898 5633 2081 5700 duxit,
2125 5648 2133 5656 '

555 5814 632 5880 tl)
663 5809 957 5879 Templum
988 5805 1263 5863 Fortunae.
1299 5797 1582 5871 (Eutrop.)

2173 4624 2337 4692 ἄχρις
2391 4618 2711 4689 ἰλλυριῶνο
2769 4618 2840 4672 τὰ
2875 4616 2922 4671 δ’
2978 4616 3190 4671 ἐκεῖθεν
3241 4618 3335 4670 ἐπὶ
3370 4615 3464 4669 τὸν
3508 4614 3766 4684 ἑσπέριον

2174 4712 2418 4767 ὠκεανὸν
2469 4713 2570 4765 καὶ
2602 4710 2827 4765 Λιϐύων
2856 4746 2873 4775 ,
2922 4711 3024 4779 τὴν
3076 4707 3308 4778 ἀντικρύ
3344 4707 3579 4779 ἤπειρον
3606 4706 3767 4775 ἄχρις

2175 4805 2420 4875 ἐσχάτων
2448 4805 2627 4858 πᾶσαν
2648 4801 2829 4870 ἐαυτῷ
2849 4801 3241 4872 ἀπεκλήρωσε,
3256 4800 3463 4870 καὶτῆς
3498 4798 3768 4868 Ἐσπέρας

2175 4893 2498 4948 ἐϐασίλευσε
2537 4894 2741 4962 πάσης.
2782 4892 2916 4946 Μετ’
2944 4892 3008 4944 οὐ
3044 4888 3182 4944 πολὺ
3211 4890 3269 4942 δὲ
3294 4891 3392 4942 καὶ
3420 4888 3584 4943 παῖδα
3627 4887 3765 4956 Γρα-

2175 4988 2357 5041 τιανδν
2386 4986 2469 5039 ἐτι
2495 4988 2785 5057 μειράκιον
2822 4985 2889 5055 τῇ
2925 4982 3184 5053 βασιλείᾳ
3212 4980 3573 5048 ἐπιϐιϐάσας,
3630 4979 3769 5050 πρὸς

2177 5084 2270 5134 τὸν
2318 5077 2516 5132 ἐαυτοῦ
2552 5077 2816 5147 συνήσκει
2875 5074 3104 5145 τρόπον.
3168 5074 3372 5144 Ἄμφω
3405 5073 3464 5126 δὲ
3515 5071 3767 5141 τάδελςρὼ

2178 5170 2502 5241 Χριστιανοὶ
2533 5168 2643 5238 μὲν
2661 5164 2803 5239 ἦσαν
2832 5165 2892 5219 τὸ
2932 5164 2994 5229 ἐξ
3026 5163 3232 5234 ἀρχῆςο
3280 5168 3383 5234 τήν
3411 5180 3476 5231 γε
3534 5163 3642 5233 μὴν
3674 5163 3770 5217 καὶ

2183 5262 2486 5334 θρησκείαν
2512 5261 2604 5315 τὸν
2643 5263 2845 5330 τρόπον
2874 5258 3155 5329 διάφοροι*
3184 5258 3402 5328 Οὐάλης
3438 5259 3538 5328 μὲν
3569 5257 3679 5327 γὰρ
3697 5255 3775 5325 τῷ

2196 5353 2464 5425 Ἀρειανῷ
2493 5352 2731 5424 Εύδοξίῳ
2760 5352 3114 5422 χρησάμενος
3158 5352 3451 5422 βαπτιστῇ,
3509 5350 3776 5421 διάπυρος

2182 5441 2252 5518 ἦν
2311 5444 2561 5517 ζηλωτὴς
2594 5444 2703 5498 τῶν
2736 5444 2948 5516 ’Δρείου
2996 5444 3311 5514 δογμάτων,
3373 5444 3470 5497 καὶ
3518 5443 3578 5495 ἐν
3614 5439 3777 5511 δεινῷ

2184 5541 2446 5603 ἐποιεῖτο,
2483 5537 2559 5608 μὴ
2614 5538 2822 5602 πάντας
2854 5536 3144 5607 βιάζεσθαι
3177 5538 3247 5592 τὰ
3289 5539 3380 5590 ῖσα
3405 5534 3602 5606 ἐκείνῳ
3646 5551 3779 5604 φρο⁶

2187 5635 2300 5688 νεῖν
2321 5630 2818 5709 ’,Οὐαλεντινιανος
2840 5631 2898 5684 δέ
2923 5630 3025 5702 τῆς
3069 5632 3129 5685 ἐν
3160 5630 3371 5702 Nntan
3405 5629 3780 5699 ὑπεριστάμε-
