4056 6436
288 359 388 422 589

1208 357 1811 421 ECCLESIASTICIE
1851 354 2244 416 HlSTORI/E
2281 354 2427 416 LIB.
2475 354 2578 415 Xl.

3448 353 3551 416 590

283 493 370 538 νος
393 473 654 540 πίστεως,
689 475 817 538 τοὺς
850 473 1140 546 ὁμοδόξους
1179 475 1410 545 ὠφελεῖν
1445 478 1545 546 μὲν
1580 475 1862 545 ἐπειρᾶτο,

1981 469 2109 523 nihil
2167 481 2351 525 autem
2405 469 2488 524 eis
2518 468 2808 533 molestiae,
2842 468 2934 538 qui
2971 467 3041 522 ab
3073 483 3139 522 co
3172 467 3549 533 dissentirent,

280 571 436 624 οὐδὲν
461 568 516 621 δὲ
541 571 656 631 τοῖς
692 567 866 632 ἄλλως
899 569 1186 634 δοξάζουσι
1217 571 1530 641 διηνὼχλει.
1570 572 1776 639 ’Ἄμφω
1805 569 1864 622 δὲ

1981 560 2176 614 intulit.
2230 560 2504 616 Cteterum
2563 559 2616 613 in
2651 559 2817 615 rebus
2880 557 3339 614 administrandis
3391 575 3553 628 pares

280 665 410 736 περὶ
440 663 538 734 τὴν
571 665 682 717 τῶν
705 665 881 719 ἄλλων
913 669 1258 737 πραγμάτων
1282 667 1547 739 διοίκησιν
1571 683 1642 718 πα
1655 667 1864 736 ραπλή-

282 775 387 812 σιοι
417 757 669 830 ἀλλήλοις
694 756 845 822 ὄντες
875 761 1198 830 ἐτύγχανον.

908 873 1174 928 ΚΕΦΑΝ.
1200 874 1258 927 Β.

289 962 459 1029 Τίνες
493 965 825 1031 τηνικαῦτα
853 964 976 1019 τῶν
1001 965 1284 1034 μεγάλων
1311 966 1552 1020 πόλεων
1579 965 1698 1032 τὴν
1737 965 1866 1018 ἑπι-

462 1036 698 1102 τροπὴν
735 1035 889 1090 κατὰ
914 1036 1211 1105 διαδοχὴν
1237 1035 1687 1104 ἐκληρώσαντο.

360 1143 511 1198 Κατὰ
543 1145 737 1199 τοῦτον
784 1147 840 1200 δὲ
888 1146 982 1199 τὸν
1036 1147 1252 1217 χρόνον,
1288 1149 1386 1217 τῆς
1440 1147 1540 1217 μὲν
1579 1148 1869 1216 Ῥωμαίων

299 1238 634 1309 Ἐκκλησίας
681 1241 781 1303 τὰς
840 1239 998 1310 ἡνίας
1046 1237 1161 1310 εἶχε
1213 1240 1491 1310 Λιόέριος,
1542 1241 1602 1304 ὃς
1645 1241 1870 1294 Ἰούλιον

273 1329 589 1396 διεδέξατο·
627 1332 731 1402 πρὸ
771 1332 984 1386 ἐκείνου
1016 1333 1072 1386 δὲ
1106 1331 1432 1402 Σίλϐεστρος
1453 1333 1549 1385 ἐπὶ
1578 1335 1871 1386 Κωνσταν-

285 1426 435 1476 τίνου
477 1423 749 1492 ἡγήσατο.
789 1421 916 1477 Ἐπὶ
947 1422 1006 1476 δὲ
1051 1427 1151 1493 τῆς
1197 1422 1561 1495 Ἀλεξάνδρου
1617 1424 1718 1493 τῆς
1770 1423 1871 1494 μὲν

278 1517 578 1587 -ὀμοουσίου
632 1504 874 1580 πίστεως
901 1526 904 1528 ⁷
930 1517 958 1569 6
995 1516 1163 1578 πολὺς
1193 1515 1517 1579 Ἀθανάσιος
1579 1517 1877 1587 προειστήο

287 1621 399 1668 κει,
433 1604 709 1674 Γεὼργιον
749 1606 845 1656 καὶ
873 1604 1183 1676 Γρηγόριον
1229 1607 1355 1667 τοὺς
1383 1606 1721 1678 αἱρεσιώτας
1754 1608 1872 1661 δια-

288 1695 586 1764 δεξάμενος
609 1711 622 1726 ·
650 1695 700 1748 οἳ
731 1695 897 1750 πάλιν
929 1697 1097 1754 αὑτὸν
1136 1698 1482 1761 Ἀθανάσιον,
1515 1699 1575 1764 ὃς
1612 1698 1877 1766 Ἀλέξανο

293 1788 452 1856 ερον·
487 1785 847 1858 Ἀλέξανδρος
897 1789 955 1843 δὲ
1015 1790 1309 1861 Ἀχιλλᾶν·
1364 1795 1394 1846 6
1425 1792 1483 1847 δὲ
1521 1793 1732 1864 Πέτρον
1781 1795 1874 1851 τὸν

297 1881 391 1933 ἐπὶ
431 1879 778 1950 Μαξιμιανοῦ
830 1886 1292 1955 μαρτυρήσαντα.
1325 1886 1448 1938 Τῶν
1494 1887 1543 1939 δ’
1579 1887 1637 1940 ἐν
1669 1887 1876 1944 Ἀντιο-

299 1971 421 2041 xei;
439 1972 535 2043 τῆς
558 1973 658 2043 μὲν
676 1973 894 2044 Ἀρείου
918 1974 1218 2044 θρησκείας
1243 1976 1482 2042 Εὑζώῖος
1499 1979 1837 2047 ὺπερίστατο
1858 1999 1874 2015 ·

298 2065 396 2133 τῆς
446 2065 504 2118 δὲ
555 2067 846 2136 ὀμοουσίου
880 2067 1120 2130 πίστεως
1153 2069 1280 2140 διχῆ
1334 2071 1594 2142 διῄρηντο
1632 2075 1682 2126 οῖ
1737 2091 1877 2144 προ-

297 2156 490 2211 στάται
517 2173 532 2190 ·
562 2157 672 2211 τῶν
707 2159 810 2228 μὲν
850 2160 961 2231 γὰρ
1005 2161 1272 2225 Παυλῖνος
1318 2164 1530 2232 ἡγεῖτο,
1583 2165 1695 2218 τῶν
1748 2167 1806 2221 δὲ
1848 2167 1878 2221 6

293 2248 437 2311 θεῖος
460 2248 744 2313 Μελέτιος.
775 2245 938 2307 Οὗτοι
959 2253 1018 2306 δὲ
1048 2253 1160 2307 τῶν
1184 2253 1245 2320 ἐξ
1276 2255 1496 2322 ’Δρείου
1525 2251 1668 2326 ἦσαν
1697 2257 1881 2316 διάδο-

292 2357 420 2408 χοι·
474 2334 550 2396 ὧν
603 2344 632 2396 6
669 2347 786 2412 ,pév
831 2345 1110 2419 προσεχὴς
1163 2347 1420 2417 Μελετίῳ
1478 2347 1730 2415 Εὑδόξιος
1784 2348 1874 2423 ἦν,

291 2430 550 2494 Λεόντιος
580 2432 638 2486 δὲ
669 2434 776 2503 πρὸ
811 2436 1049 2491 ἐκείνου.
1084 2438 1198 2508 Πρὸ
1243 2439 1302 2491 δι
1351 2439 1544 2494 τούτου
1576 2443 1874 2510 Στέφανος,

290 2521 349 2582 ὂς
377 2521 664 2585 Φλάκιτον,
697 2524 960 2589 Φλὰκιτος
988 2527 1044 2580 δὲ
1070 2527 1390 2598 Εὑφρόνιον,
1423 2524 1577 2595 οὗτος
1610 2533 1657 2586 δ’
1691 2530 1871 2588 E616-

293 2613 412 2665 ὶιον
449 2613 742 2679 διεδέξατο.
772 2616 982 2679 Πάντες
1013 2617 1057 2670 δ’
1092 2613 1240 2672 οὗτοι
1276 2623 1374 2689 τῆς
1409 2622 1628 2692 Ἀρείου
1673 2623 1877 2695 λύσσης

292 2699 435 2774 ἦσαν
470 2708 748 2776 ἀνάπλεῳ.
800 2709 916 2780 Πρὸ
950 2710 1008 2764 δὲ
1055 2711 1150 2765 τοῦ
1186 2712 1454 2767 Εὑλαλίου
1504 2715 1806 2778 Εὐστάθιος
1849 2722 1878 2772 ὁ

299 2797 471 2866 μέγας
508 2798 750 2862 εὐσεϐῶς
776 2799 879 2869 τῆς
907 2799 1190 2872 Ἀντιόχου
1217 2806 1428 2873 ἠγεῖτο,
1467 2807 1561 2860 τοῦ
1597 2809 1877 2878 μάρτυρος

294 2887 608 2956 Φιλογονίου
646 2889 894 2961 διάδοχος
922 2906 936 2921 ⁶
969 2891 1065 2944 τοῦ
1119 2892 1176 2945 δὲ
1225 2895 1540 2963 Φιλογονίου
1578 2901 1878 2967 προηγεῖτο

295 2981 564 3044 Βιτάλιος.
599 2981 722 3034 Τῶν
747 2981 792 3035 δ’
817 2985 876 3035 ἐν
918 2982 1317 3056 Ἰεροσολύμοις
1347 2987 1617 3056 Κύριλλος
1640 2989 1736 3042 ἐπὶ
1766 2991 1878 3044 τῶν

298 3073 462 3144 ἱερῶν
497 3075 701 3128 οἰάκων
734 3068 889 3136 αὖθις
936 3077 1179 3145 καθῆστο
1207 3093 1222 3108 ·
1258 3078 1316 3141 ὃς
1349 3081 1571 3150 πρῶτον
1609 3081 1712 3149 μὲν
1749 3083 1874 3136 Μά-

1971 655 2144 711 fuere.

2593 856 2816 914 CAPUT
2860 855 2925 911 ll.

1973 952 2076 1020 Qui
2099 969 2158 1007 eo
2180 961 2410 1024 tempore
2437 954 2492 1006 in
2517 955 2724 1021 magnis
2748 953 2965 1006 urbibus
2996 949 3339 1006 ecclesiarum
3369 967 3557 1004 curam

2337 1039 2432 1092 per
2459 1024 2842 1076 successionem
2863 1025 3036 1076 sortiti
3070 1025 3200 1076 sint.

2007 1136 2126 1190 ~Ea
2181 1143 2506 1206 tempestate
2557 1135 2820 1192 Ecclesiae
2872 1134 3135 1192 Romamn
3185 1137 3559 1208 gubernacula

1975 1231 2155 1284 tenuit
2185 1230 2468 1308 Liberius,
2503 1230 2637 1286 Julii
2672 1245 2987 1286 successor.
3033 1233 3174 1286 Ante
3210 1248 3342 1287 eum
3376 1240 3560 1287 autem

1978 1323 2258 1394 Sylvester
2288 1325 2392 1379 sub
2421 1323 2792 1380 Constantino
2828 1324 3137 1379 Ecclesiam
3169 1341 3288 1380 eam
3320 1338 3561 1382 rexerat.

1974 1417 2321 1473 Alexandria
2385 1417 2483 1488 (1)
2539 1428 2727 1474 autem
2797 1421 3292 1476 consubstantialis
3348 1421 3562 1490 profes-

1975 1509 2120 1566 sioni
2172 1496 2408 1580 mag-nus
2439 1511 2664 1580 praefuit
2693 1510 3054 1577 Athanasius,
3082 1511 3320 1582 Georgio
3347 1523 3406 1566 et
3433 1511 3564 1567 Gre-

1979 1603 2136 1673 gorio
2176 1602 2460 1659 haereticis
2506 1609 2881 1673 subrogatus:
2917 1606 3016 1675 qui
3067 1616 3251 1660 tamen
3284 1616 3342 1660 et
3381 1606 3483 1676 ipsi
3517 1607 3566 1662 ei

1978 1704 2389 1750 successerant.
2445 1694 2588 1752 Ante
2634 1694 2998 1753 Athanasium
3053 1685 3390 1765 Alexander,
3443 1712 3566 1754 ante

1906 1820 1952 1875 Β
1983 1788 2363 1846 Alexandrum
2393 1788 2660 1853 Achillas,
2693 1790 2851 1859 112
2880 1801 3010 1845 ante
3043 1791 3191 1846 hunc
3221 1793 3441 1858 Petrus,
3473 1795 3569 1862 qui

1981 1876 2084 1932 sub
2132 1876 2468 1932 Maximiano
2509 1879 2775 1949 martyrio
2807 1887 2894 1936 est
2927 1879 3246 1945 defunctus,
3278 1883 3571 1951 episcopus

1979 1966 2058 2022 ibi
2099 1967 2226 2026 luit.
2260 1968 2435 2024 Porro
2478 1967 2790 2026 Antiochiae
2823 1971 3044 2026 Arianis
3084 1974 3261 2042 prteiit
3303 1975 3568 2030 Euzuius.

1977 2058 2489 2116 Consubstantialis
2513 2071 2697 2116 autem
2729 2063 3095 2132 professionis
3129 2064 3243 2119 duo
3279 2075 3442 2120 erant
3472 2083 3571 2120 an-

1983 2151 2187 2208 tistites
2219 2170 2235 2208 :
2265 2153 2425 2212 alteri
2479 2169 2724 2224 namque
2769 2155 2912 2222 parti
2961 2155 3248 2220 Paulinus,
3283 2157 3446 2212 alteri
3485 2158 3571 2213 di-

1983 2261 2086 2301 vus
2129 2246 2354 2317 praefuit
2407 2247 2678 2303 Meletius.
2724 2247 2818 2303 lsti
2861 2258 3048 2304 autem
3089 2248 3312 2304 Arianis
3347 2265 3572 2306 succes-

1981 2353 2130 2394 sere.
2178 2337 2245 2392 Et
2296 2339 2464 2410 huius
2516 2340 2743 2408 quidem
2800 2341 3062 2396 decessor
3115 2343 3405 2411 proximus
3454 2343 3570 2396 Eu-

1980 2428 2204 2494 doxius,
2249 2428 2400 2483 illius
2432 2437 2620 2485 autem
2654 2429 2926 2488 Leontius
2973 2429 3178 2486 fuerat.
3232 2436 3380 2488 Ante
3418 2433 3569 2489 hunc

1982 2521 2365 2590 episcopatum
2403 2522 2477 2575 ibi
2513 2532 2761 2591 gesserat
2791 2523 3130 2592 Stephanus,
3169 2524 3257 2578 cui
3291 2528 3572 2595 praecessit

1982 2611 2248 2676 Placitus,
2281 2613 2491 2670 Placito
2522 2613 2906 2682 Euphronius,
2940 2615 3267 2682 Euphronio
3294 2615 3568 2687 Eulalius,

1979 2703 2078 2774 qui
2111 2718 2306 2758 omnes
2334 2704 2540 2758 Ariana
2575 2704 2728 2758 rabie
2773 2705 2969 2774 repleti
3005 2705 3242 2760 fuerant.
3277 2706 3424 2764 Ante
3459 2709 3570 2763 Eu-

1981 2795 2173 2850 lalium
2205 2810 2438 2866 magnus
2468 2796 2798 2852 Eustathius
2821 2797 2910 2866 pie
2937 2798 3243 2856 Ecclesiam
3269 2799 3571 2856 Antioche-

1982 2903 2108 2942 nam
2159 2889 2511 2957 gubernavit,
2551 2889 2865 2959 Philogouii
2915 2891 3175 2961 martyris
3227 2908 3570 2949 successor:

1981 2980 2375 3049 Philogoniutn
2411 2996 2543 3035 vero
2587 2981 2781 3036 Vitalis
2829 2985 3135 3050 praecessit.
3171 2982 3570 3059 Hierosolymis

1985 3071 2171 3125 autem
2203 3071 2446 3142 Cyrillus
2479 3072 2664 3128 denuo
2703 3073 3072 3142 episcopalem
3108 3076 3354 3131 obtinuit
3384 3078 3570 3148 digni-

297 3166 454 3234 ξιμον
480 3166 750 3231 διεδέξατο
772 3183 786 3200 ·
827 3169 934 3238 πρὸ
959 3169 1014 3222 δὲ
1050 3171 1308 3240 Μαξίμου
1339 3175 1365 3226 6
1398 3173 1564 3238 πολὺς
1589 3176 1877 3247 Μακάριος

1986 3173 2193 3229 tatem,
2248 3164 2344 3233 qui
2401 3165 2641 3233 primqu
2699 3166 2925 3234 quidem
2984 3167 3223 3222 Maximo
3278 3173 3568 3226 successit.

299 3257 676 3328 καθηγήσατο.
729 3260 1021 3330 Μακάριος
1054 3263 1110 3314 δὲ
1156 3265 1404 3334 διάδοχος
1437 3267 1731 3336 Ἕρμωνος
1764 3266 1832 3340 ἦν
1859 3285 1875 3300 ·

297 3349 390 3402 τὸν
413 3349 469 3403 δὲ
495 3352 766 3420 Κύριλλον
795 3352 1071 3424 Ἐρέννιος
1095 3355 1372 3428 διεδέχετο
1398 3375 1410 3390 ·
1443 3357 1502 3412 ὃν
1520 3360 1843 3429 Ἡράκλειος
1860 3379 1874 3394 ·

298 3443 390 3494 τον
417 3444 464 3496 δ’
506 3443 738 3514 Ὶλάριος
763 3462 776 3476 ·
813 3446 1008 3499 τοῦτον
1038 3448 1084 3501 δ’
1117 3448 1276 3512 αὖθις
1304 3450 1366 3502 τὸ
1392 3452 1656 3518 τηνικάδε
1683 3454 1712 3506 6
1735 3454 1880 3507 θειό-

296 3551 462 3598 τατος
511 3537 804 3607 Κύριλλος.
843 3535 965 3592 Τῶν
1014 3539 1073 3592 δὲ
1099 3540 1203 3610 τῆς
1239 3543 1880 3609 Κωνσταντινουπόλεως

297 3625 612 3696 ἐκκλησιῶν
638 3629 942 3698 τηνικαῦτα
973 3631 1200 3700 ἐκράτει
1231 3632 1506 3701 Εὑδόξιος,
1531 3636 1633 3704 τὴν
1664 3637 1879 3706 Ἀρείου

299 3716 459 3779 δόξαν
484 3717 630 3786 μάλα
663 3719 1010 3790 πρεσϐεύων.
1030 3722 1095 3774 Οἱ
1125 3722 1183 3776 δὲ
1205 3725 1302 3794 τῆς
1328 3725 1622 3795 ὀμοοὺσίου
1643 3729 1882 3792 πίστεως

298 3810 447 3863 ἔνδον
493 3811 594 3880 τῆς
633 3811 841 3876 πόλεως
875 3815 1108 3886 οἰκίσκῳ
1137 3815 1467 3889 βραχυτάτῳ
1495 3819 1594 3884 τὰς
1628 3838 1880 3891 συναγω-

298 3907 402 3967 γὰς
443 3902 750 3958 ἐποιοῦντο.
781 3904 896 3975 Τῆς
923 3906 982 3960 δὲ
1009 3909 1427 3981 Μακεδονιανῆς
1459 3912 1762 3983 θρησκείας
1795 3916 1878 3970 ἔτι

296 3994 439 4046 κατὰ
469 3996 572 4059 τὰς
611 3995 796 4059 πόλεις
828 3999 938 4051 τῶν
965 3999 1280 4072 εὐκτηρίων
1311 4005 1476 4057 οἴκων
1506 4005 1558 4059 oi
1600 4008 1657 4060 ὲν
1686 4009 1885 4061 Σελευ-

297 4088 422 4158 κεῐᾳ
454 4087 745 4153 ἐκράτουν,
776 4089 1118 4161 διδαχθέντες
1141 4092 1177 4147 ἃ
1204 4097 1255 4148 oi
1288 4097 1421 4167 περὶ
1455 4097 1738 4153 Ἀκάκιον.
1773 4101 1881 4156 Εὐ·

298 4175 469 4241 δόξιος
499 4178 555 4232 δὲ
608 4180 946 4244 Μακεδόνιον
997 4183 1306 4250 διεδέξατο·
1361 4190 1468 4261 πρὸ
1507 4189 1566 4244 δὲ
1626 4191 1820 4248 τούτου
1853 4196 1883 4248 6

300 4269 640 4343 ὁμολογητὴς
670 4272 884 4338 Παῦλος
915 4277 1015 4346 τὴν
1043 4277 1356 4350 ἐπισκοπὴν
1389 4281 1691 4353 ἐκληροῦτο
1711 4301 1725 4316 ·
1757 4286 1882 4340 τού-

299 4377 394 4413 του
429 4361 486 4414 δὲ
521 4363 698 4434 προῆν
722 4365 750 4416 6
777 4367 1058 4436 Ἀρειανὺς
1085 4372 1148 4422 ὲκ
1182 4371 1560 4443 Νικομηδείας
1593 4376 1878 4443 Εὐσέϐιος.

1985 3255 2284 3310 Maximum
2315 3265 2502 3310 autem
2537 3272 2769 3328 magnus
2799 3259 3071 3316 Macarius
3097 3263 3397 3330 praecessit,
3431 3263 3567 3318 Her-

1985 3347 2167 3401 monis
2217 3361 2530 3402 successor.
2586 3347 2794 3418 Cyrillo
2854 3349 3134 3406 Erennius
3193 3353 3568 3421 substitutus,

1985 3450 2152 3510 atque
2192 3440 2324 3494 huic
2364 3455 2588 3495 rursum
2634 3441 2944 3509 lleraclius,
2995 3444 3250 3500 Heraclio
3303 3448 3568 3516 Hilarius,

1983 3533 2075 3587 cui
2113 3543 2229 3587 tum
2263 3550 2457 3588 rursus
2490 3534 2654 3590 divus
2685 3537 2956 3593 successit
3033 3538 3293 3610 Cyrillus.
3323 3543 3391 3595 At
3431 3541 3574 3597 Con-

1985 3621 2348 3692 stantinopoli
2369 3623 2673 3680 Ecclesiam
2694 3641 2762 3681 eo
2789 3636 3041 3697 tempore
3065 3631 3244 3685 tenuit
3263 3632 3570 3699 Eudoxius,

1986 3729 2222 3784 magnus
2269 3715 2490 3774 Arianae
2541 3719 2825 3788 opinionis
2866 3733 3270 3792 prepugnator.
3319 3724 3574 3783 Consub-

1985 3807 2264 3862 stantialis
2297 3817 2482 3864 autem
2515 3809 2866 3879 professores
2904 3812 3052 3868 intra
3088 3815 3282 3872 urbem
3315 3817 3371 3873 in
3403 3836 3573 3890 parva

1986 3899 2154 3955 domo
2198 3915 2512 3959 conventus
2557 3905 2819 3976 agebant.
2871 3906 3120 3977 Templis
3165 3910 3573 3970 Macedonians:

1987 3993 2270 4064 religionis
2323 3995 2380 4050 in
2429 3997 2662 4054 urbibus
2710 4000 2990 4072 plerisque
3039 4003 3226 4060 adhuc
3280 4016 3392 4062 tum
3437 4024 3574 4078 pra:-

1984 4086 2236 4153 fuerunt,
2273 4089 2367 4158 qui
2411 4090 2466 4144 itt
2518 4090 2768 4148 Seleucia
2826 4094 2952 4151 ﬁdei
2991 4097 3285 4154 formulam
3330 4103 3573 4170 promul-

1984 4189 2270 4250 gaverant,
2300 4182 2495 4237 eadem
2524 4201 2648 4253 quae
2675 4188 2910 4243 Aeacius
2936 4193 3262 4248 sentientes.
3294 4194 3574 4252 Eudoxius
3619 4197 3626 4210 '

1985 4273 2310 4329 Macedonio
2349 4290 2721 4342 successerat,
2755 4279 3114 4338 Macedonius
3149 4287 3320 4340 Paulo
3359 4289 3574 4345 confes-

1985 4365 2122 4429 sori,
2154 4363 2359 4422 Paulus
2391 4359 2806 4426 Nicomediensi
2847 4373 3087 4430 Eusebio
3117 4377 3347 4442 Ariano,
3400 4380 3572 4437 Euse-

299 4445 470 4516 Οὗτος
525 4453 584 4507 δὲ
631 4455 990 4528 Ἀλέξανδρον
1018 4461 1330 4533 διεδέχετο·
1360 4465 1418 4528 ὃς
1477 4469 1877 4541 Μητροφάνους

1987 4456 2115 4512 bius
2165 4458 2522 4524 Alexandro,
2590 4479 2754 4532 quem
2819 4468 3099 4535 praecessit
3157 4469 3567 4541 Metrophanes.

266 4565 274 4581 »ι
299 4547 541 4618 διάδοχος
576 4551 970 4620 ἐχρημάτιζεν.
1011 4553 1168 4608 Οὕτω
1203 4557 1304 4626 μὲν
1343 4557 1412 4611 τὰ
1440 4560 1550 4615 τῶν
1572 4562 1877 4634 ἐκκλησιῶν

1989 4551 2093 4607 llic
2125 4554 2350 4624 quidem
2385 4564 2500 4612 tum
2538 4558 2916 4614 Ecclesiarum
2945 4562 3052 4617 fuit
3081 4571 3286 4619 status.

300 4641 603 4710 τηνικαῦτα
637 4643 887 4714 ἐφέρετο.

907 4763 1158 4818 ΚΕΦΑΛ.
1189 4762 1264 4820 1".

297 4863 577 4940 Hspl_tﬁc
625 4869 695 4922 ἐν
727 4868 1039 4939 Λαμψάκῳ
1065 4871 1393 4940 γενομένης
1419 4874 1692 4931 συνόδου
1719 4895 1735 4912 ·
1782 4879 1883 4932 καὶ

436 4937 516 5002 ὡς
536 4937 840 5008 ὐπερόριρθι
866 4937 920 4996 οἱ
943 4941 1050 4994 τοῦ
1071 4937 1400 5009 ὀμοὸυσίοὺ
1429 4944 1734 5013 ἐγένοντο.

379 5048 535 5102 Ἐπεὶ
560 5051 606 5104 δ’
637 5053 671 5121 ή
699 5052 807 5106 τῶν
837 5054 1112 5124 ἑσπερίων
1144 5057 1493 5126 πραγμάτων
1536 5064 1760 5129 φροντὶς
1790 5064 1884 5116 ἐπὶ

311 5135 530 5209 Ῥώμην
575 5141 760 5195 ἐκάλει
817 5142 910 5196 τὸν
968 5142 1442 5210 οὑαλεντινιανὺν,
1496 5148 1594 5199 καὶ
1639 5149 1728 5202 διὰ
1781 5149 1882 5220 τῆς

295 5227 522 5300 Θρᾴκης
577 5229 670 5284 ίὼν
725 5232 1066 5302 ἐπορεύετο·
1106 5235 1154 5287 oi
1201 5235 1309 5289 ἀνὰ
1360 5239 1460 5305 τὴν
1496 5240 1755 5295 Βιθυνίαν
1789 5245 1883 5296 καὶ

294 5321 391 5374 τὸν
437 5322 832 5393 Ἑλλήσποντον
887 5324 1080 5392 ἱερεῖς,
1116 5326 1211 5378 καὶ
1243 5326 1395 5381 ἄλλοι
1425 5329 1541 5382 ὅσοι
1572 5331 1650 5402 τῷ
1679 5334 1882 5402 ὁμοθυ-

299 5412 403 5483 σίῳ
436 5414 818 5482 προσέκειντο,
861 5414 1180 5486 ’Υπατιανῷ
1231 5419 1309 5490 τῷ
1345 5421 1448 5489 τῆς
1486 5423 1756 5494 Περίνθου
1790 5428 1885 5480 Ἦ-

371 5570 456 5655 (ί).
475 5572 821 5628 Alexandria:
866 5582 981 5628 tum
1022 5574 1243 5634 Arianis
1272 5580 1451 5648 prwiit
1493 5579 1721 5638 Lucius.
1753 5583 1880 5655 (So-

362 5651 436 5694 at.
1471 5682 1488 5699 κ

295 5645 691 5794 αβίδυο-τδῐο
722 5714 820 5794 lib.
857 5731 929 5778 ιν,
955 5731 1074 5794 cup.
1101 5717 1160 5783 2.
1196 5719 1622 5794 Macedonianos
1663 5725 1880 5794 episco-

295 5797 394 5852 pos
420 5789 691 5854 synodum
720 5787 878 5839 istam
909 5787 1136 5854 petiisse
1167 5806 1196 5846 a
1231 5791 1458 5850 Valente
1488 5787 1726 5851 scribit}
1775 5796 1880 5851 Va-

2487 4759 2912 4830 ιιθοΑΡυΤ
2953 4763 3041 4818 ιιι.

1986 4869 2063 4924 De
2099 4869 2320 4924 concilio
2346 4869 2910 4950 Lampsqceno,_et__ut
2943 4877 2996 4950 iu
3030 4878 3273 4933 exsilium
3305 4882 3442 4950 pulsi
3466 4885 3570 4937 siut

2404 4943 2872 4999 consubstantialis
2898 4947 3146 5002 cultores.

2057 5053 2358 5123 Postquam
2399 5054 2476 5125 (2)
2527 5069 2662 5110 vero
2712 5072 2898 5111 rerum
2953 5059 3386 5116 occidentalium
3439 5081 3572 5119 cura

1988 5143 2442 5200 Valentinianum
2470 5147 2700 5202 Romam
2724 5153 2972 5218 vocavit,
3010 5164 3174 5222 atque
3203 5155 3250 5209 is
3281 5155 3574 5227 per'Thra-

1986 5239 2129 5293 ciam
2180 5239 2288 5294 iter
2327 5240 2497 5306 fecit,
2551 5242 2644 5312 qui
2695 5244 2749 5297 iu
2803 5245 3060 5318 Bithynia
3107 5260 3164 5304 et
3217 5252 3574 5320 Hellesponto

1985 5330 2163 5395 luere,
2202 5331 2408 5401 aliique
2460 5331 2590 5387 item
2627 5335 2896 5405 episcopi,
2953 5339 3049 5390 τοῦ
3098 5341 3411 5408 ὁμοουσίου,
3443 5358 3573 5396 con-

1987 5423 2393 5490 substantialis,
2425 5423 2551 5478 lidei
2584 5427 2816 5494 addicti,
2852 5430 2922 5484 ab
2960 5429 3268 5502 Hypatjano
3299 5433 3574 5489 Heraclea:

1984 5585 2327 5660 letttemque,
2361 5599 2471 5639 non
2500 5597 2744 5660 gravate,
2779 5598 2837 5642 ut
2869 5603 2933 5643 ea
2985 5602 3301 5660 cogeretur,
3329 5609 3568 5648 consen-

1984 5655 2147 5719 sisse,
2185 5665 2475 5724 propterea
2514 5655 2676 5724 'quod
2726 5655 3130 5714 existimaverit
3186 5655 3301 5716 rem
3350 5679 3570 5719 omnem

1985 5724 2062 5780 ibi
2098 5741 2167 5780 ex
2199 5725 2475 5782 sententia
2508 5725 2738 5783 Eudoxii
2774 5741 2829 5784 ct
2865 5731 3049 5785 Acacii
3082 5745 3263 5787 actum
3297 5733 3390 5787 iri.
