4056 6422
506 350 604 415 591

1740 355 2165 418 NICEPHORI
2207 358 2551 421 CALLISTI

3665 371 3773 428 592

508 472 624 525 sive
657 468 903 525 Perinthi
939 470 1226 541 episcopo,
1255 480 1316 525 ut
1345 469 1412 525 ad
1448 470 1844 542 imperatorem
1881 475 2077 544 legatut

2198 474 2459 542 ρακλείας
2486 476 2736 546 ἀρχιερεῖ
2771 476 3111 547 προσιόντες,
3148 476 3335 545 ἠξίουν
3370 474 3502 547 πρὸς
3543 476 3768 547 βασιλέα

509 565 635 628 iret,
686 563 988 632 petierunt,
1027 570 1087 616 ut
1124 563 1420 633 episcopos
1466 578 1661 619 onmes
1706 565 2084 620 constituendi

505 655 779 724 dogmatis
805 655 981 725 gratia
1012 655 1069 709 in
1106 671 1274 709 unum
1305 656 1488 711 locum
1514 657 1817 712 convenire
1837 657 2083 726 juberet.

506 748 607 815 Qui
643 747 733 801 ubi
767 745 836 801 ad
880 748 1271 817 imperatorem
1310 747 1639 818 legationem
1672 763 1793 802 eam
1831 748 2081 818 pertulit,

506 841 807 909 imperator
841 840 955 907 (l),
995 858 1014 890 ι
1053 839 1206 905 Mihi,
1261 839 1460 909 inquit,
1513 840 1747 909 negotiis
1791 851 2083 911 occupato,

503 941 557 985 et
581 931 897 1001 reipublicae
921 932 1073 987 curis
1097 932 1364 997 distento,
1386 947 1477 986 res
1498 933 1772 1001 ejusmodi
1798 933 2086 1004 inquirere

502 1039 612 1077 non
661 1023 819 1077 facile
859 1033 964 1076 est.
999 1022 1109 1077 Vos
1141 1032 1353 1087 autem,
1384 1022 1589 1091 quibus
1620 1024 1737 1078 haec
1766 1024 2083 1093 procuratio

506 1116 765 1172 mandata
813 1127 933 1182 est,
982 1131 1319 1185 quocunque
1368 1117 1538 1171 vultis
1582 1118 1703 1172 loco
1749 1125 2083 1173 conventum

499 1212 672 1282 agite,
706 1220 764 1265 et
794 1210 864 1266 de
897 1210 1066 1265 rebus
1101 1210 1361 1264 omnibus
1407 1210 1498 1280 pie
1537 1210 1860 1267 deliberate.
1906 1229 1923 1262 ι
1969 1210 2084 1264 Hoc

500 1313 733 1373 accepto
765 1315 1054 1371 responso,
1091 1300 1375 1371 Lampsaci
1411 1316 1741 1368 convenere,
1776 1310 1832 1356 et
1865 1302 2083 1357 duobus

500 1395 791 1450 mensibus
830 1405 979 1463 post,
1016 1394 1085 1449 de
1132 1393 1304 1449 rebus
1348 1393 1625 1464 plerisque
1659 1403 1909 1449 statuere
1943 1396 2084 1463 (erat

500 1496 685 1541 autem
723 1487 769 1540 is
808 1500 989 1540 annus
1014 1501 1045 1540 a
1075 1486 1286 1555 synodo
1313 1484 1617 1540 Seleucena
1647 1485 1960 1555 septimus),
2023 1485 2079 1538 in

504 1579 720 1647 primis,
754 1585 815 1632 ut
845 1578 1003 1632 irrita
1040 1587 1245 1641 essent,
1281 1592 1403 1646 qua:
1442 1576 1924 1649 ConstantinOpoli
1974 1578 2085 1633 Eu-

501 1670 652 1725 doxii
703 1679 759 1725 et
802 1670 987 1725 Acacii
1038 1670 1396 1740 suggestione
1432 1670 1643 1723 sancita
1676 1679 1873 1734 erant;
1914 1679 2081 1738 atque

504 1775 565 1820 ut
594 1767 760 1821 etiam
794 1766 1111 1820 aboleretur
1132 1780 1198 1819 ea
1227 1762 1353 1819 fidei
1387 1763 1644 1830 formula,
1674 1779 1798 1834 quae
1834 1764 1909 1819 ibi
1944 1778 2079 1834 pro-

2196 564 2550 634 πρεσϐεύειν,
2586 564 2727 619 ὥστε
2759 567 3145 637 προτραπῆναι
3196 565 3441 628 ἅπαντας
3481 566 3560 627 είς
3594 563 3651 617 ἓν
3680 583 3769 618 συί

2197 654 2406 709 νελθεῖν
2434 656 2527 710 ἐπὶ
2549 656 2836 727 διορθώσει
2865 659 2961 711 τοῦ
2992 659 3285 736 δόγματος.
3318 656 3424 712 Τοῦ
3449 656 3506 709 δὲ
3523 659 3768 727 προσιόν-

2195 764 2310 812 τος,
2341 751 2435 802 καὶ
2458 749 2559 819 τὴν
2589 750 2887 817 πρεσϐείαν
2910 751 3021 803 τῶν
3045 749 3362 803 ἐπισκόπων
3386 750 3767 818 ἀγγείλαντος,

2193 844 2221 894 ό
2247 841 2525 911 βασιλεὺς,
2557 862 2575 893 ι
2601 842 2784 910 Ἐμοὶ,
2823 845 2980 914 φησὶ,
3010 844 3337 913 πράγμασιν
3366 841 3764 914 ἑνειλημμένῳ,

2194 934 2290 987 καὶ
2320 934 2389 986 τά
2412 934 2508 987 τοῦ
2536 934 2775 1005 πλήθους
2799 935 3292 1006 ἐπιτετραμμένῳ,
3323 936 3422 988 οὐκ
3451 935 3673 1006 εὐχερὲς
3700 937 3769 990 τά

2192 1026 2416 1079 τοιαῦτα
2441 1026 2854 1097 διερευνᾶσθαι.
2898 1028 3064 1097 Ὑμῖν
3091 1029 3146 1079 δὲ
3172 1022 3250 1090 οἷς
3276 1028 3435 1097 τοῦτο
3459 1028 3633 1096 μέλει,
3657 1029 3766 1096 ὅπη

2194 1116 2450 1187 βούλεσθε
2486 1119 2612 1172 καθ’
2637 1120 2872 1183 ἑαυτοὺς
2919 1119 3227 1188 γενόμενοι,
3267 1119 3531 1189 θεοφιλῶς
3559 1119 3768 1173 ἕκαστα

2190 1211 2580 1281 διασκέψασθε.
2622 1231 2641 1265 ι
2682 1213 2841 1266 Κατά
2879 1211 2943 1284 δὴ
2975 1212 3181 1282 ταύτην
3231 1212 3330 1283 τὴν
3383 1214 3678 1280 ἀπόκρισιν
3709 1214 3767 1276 ἐς
3803 1196 3836 1333 ί

2199 1303 2495 1333 Λιιιιιληυιιιι
2522 1303 2811 1333 αρνιμ-Α---
2867 1303 2952 1333 ιιι-κ
2993 1304 3111 1333 Rnn‘.
3145 1303 3274 1333 "‘5'.
3311 1302 3411 1333 σέ...
3439 1302 3621 1333 Λευ-..
3647 1302 3769 1333 ιιι.-

2189 1303 2495 1374 Λάμψακον
2522 1303 2832 1372 γεγονότες,
2866 1303 2958 1355 ἐπὶ
2993 1304 3115 1355 δυσὶ
3143 1303 3277 1371 μησὶ
3311 1302 3411 1372 τὴν
3439 1302 3621 1373 ψῆφον
3647 1302 3769 1374 ἐξή-

2191 1412 2394 1465 νεγκαν
2416 1411 2431 1427 ⁸
2469 1396 2628 1449 τοῦτο
2658 1394 2704 1448 δ’
2727 1390 2795 1466 ἦν
2826 1395 3061 1464 ἕϐδομον
3092 1395 3212 1457 ἔτος
3243 1395 3350 1447 ἀπὸ
3371 1395 3470 1464 τῆς
3500 1398 3556 1448 ὲν
3578 1395 3769 1447 Σελευ-

2190 1486 2315 1555 κείᾳ
2352 1485 2599 1540 συνόδου.
2647 1486 2760 1539 Καὶ
2802 1484 3239 1555 προηγουμένως
3275 1485 3374 1553 μὲν
3422 1485 3604 1554 ἄκυρα
3624 1483 3767 1539 εἶναι

2188 1576 2483 1642 ἐθέσπιζον
2519 1578 2589 1629 τά
2639 1579 2697 1629 ὲν
2754 1576 3343 1629 Κωνσταντινουπόλει
3396 1578 3768 1646 πεπραγμένα

2192 1668 2398 1740 σπουδῇ
2459 1667 2572 1721 τῶν
2623 1669 2753 1738 περὶ
2779 1667 3038 1732 Εὐδόξιον
3072 1669 3171 1721 καὶ
3202 1668 3463 1723 Ἀκάκιον
3486 1685 3501 1700 ·
3539 1668 3633 1722 καὶ
3663 1667 3766 1737 τὴν

2188 1761 2257 1831 ἢν
2295 1762 2476 1813 ὲκεῖσε
2511 1759 2891 1830 προεκόμισαν
2942 1761 3182 1824 πίστεως
3238 1759 3483 1824 ἔκθεσιν,
3530 1759 3605 1824 ὡς
3648 1763 3769 1823 τοῖς

3808 1362 3821 1377 δ

499 1859 666 1912 ducta
695 1856 899 1919 fuerat,
932 1857 1162 1926 perinde
1196 1864 1362 1923 atque
1401 1855 1472 1908 ab
1500 1855 1778 1924 episcopis
1824 1845 2077 1909 occiden-

2188 1851 2469 1924 ἑσπερίοις
2489 1850 2962 1923 ύπαγορευθεῖσαν
2983 1852 3310 1916 ἐπισκόποις
3335 1870 3351 1885 ο
3385 1854 3451 1924 ἣν
3484 1853 3576 1907 καί
3605 1871 3767 1917 τινας

504 1948 706 2002 talibus
734 1946 980 2009 dictata;
1013 1946 1101 1999 cui
1133 1946 1300 1999 etiam
1333 1944 1587 1999 nonnulli
1615 1943 2080 2013 subscripserant,

498 2038 869 2108 promissione
921 2053 985 2092 ea
1024 2036 1287 2098 adducti,
1346 2052 1469 2106 qua:
1506 2036 1643 2106 ipsis
1695 2034 1765 2090 de
1810 2034 2084 2090 abolenda

497 2129 961 2186 dissimilitudine
978 2129 1291 2185 secundum
1317 2129 1691 2184 substantiam
1716 2128 1858 2183 facta
1879 2126 2080 2191 fuerat,

495 2238 604 2294 qua
654 2226 840 2278 tamen
882 2224 939 2278 in
977 2238 1038 2277 re
1088 2222 1494 2293 promissorum
1537 2221 1825 2278 mendacio
1867 2221 2082 2291 decepti

495 2323 678 2371 erant.
727 2315 1213 2385 Acquiescendum
1270 2324 1457 2368 autem
1500 2327 1624 2367 esse
1671 2312 1960 2368 sententias
2004 2312 2079 2376 ei,

493 2424 617 2479 qua!
661 2409 899 2463 similem
949 2407 1261 2463 substantia
1314 2406 1464 2461 Patri
1515 2405 1714 2460 Filium
1750 2404 2078 2477 profitetur;

494 2501 645 2572 quod
697 2516 942 2572 peropus
999 2508 1151 2555 esset
1195 2509 1254 2554 et
1305 2499 1708 2563 necessarium,
1745 2508 1807 2553 ut
1844 2498 1899 2551 in
1953 2496 2080 2552 fidei

495 2594 728 2649 formula
764 2593 829 2648 ad
875 2592 1266 2647 subsistentias
1300 2592 1727 2647 discriminatim
1768 2589 2082 2661 signiﬁcan-

492 2691 591 2742 das
631 2688 860 2741 verbum
913 2686 1128 2751 ὁμοξου,
1166 2686 1271 2739 hoc
1325 2697 1432 2747 εει,
1477 2684 1701 2748 similis,
1758 2682 2077 2737 adderetur.

493 2782 678 2835 Solam
715 2795 848 2834 vero
899 2779 953 2832 in
998 2778 1264 2833 Ecclesiis
1313 2775 1575 2831 omnibus
1611 2774 1949 2855 frequentari
1986 2775 2080 2829 de-

2185 1942 2414 1999 ἐπεισαν
2447 1943 2774 2015 ὑπογράψαι
2798 1944 2893 1997 ἐπὶ
2917 1944 3213 2015 ὑποσχέσει
3244 1946 3344 2016 τῆς
3372 1947 3469 2000 τοῦ
3502 1947 3766 2018 ἀνομοίου

2184 2035 2309 2091 κατ’
2344 2036 2536 2090 οὐσίαν
2581 2036 3003 2107 ἀποκηρύξεως,
3040 2036 3069 2089 δ
3111 2038 3473 2107 διεψεύσαντο
3505 2039 3720 2094 ἀθετεῖν
3746 2056 3765 2071 ·

2188 2128 2441 2199 στέργειν
2460 2127 2519 2181 δὲ
2551 2130 2632 2192 τὸ,
2689 2129 2878 2199 ὅμοιον
2914 2127 3055 2184 εῖναι
3091 2129 3211 2182 κατ’
3243 2131 3435 2183 οὐσίαν
3483 2131 3578 2186 τὸν
3636 2133 3769 2186 Υίδν

2184 2221 2263 2294 τῷ
2294 2223 2470 2294 Πατρί
2495 2238 2510 2252 ο
2542 2219 2686 2276 εἶναι
2740 2210 2849 2293 γὰρ
2903 2221 2993 2275 ἐπ’
3021 2223 3271 2293 ἀνάγκης
3316 2222 3416 2294 τὴν
3451 2222 3544 2277 τοῦ
3575 2221 3766 2295 ὁμοίου

2184 2310 2510 2383 προσθήκην
2535 2310 2627 2365 διὰ
2659 2310 2762 2382 τὴν
2788 2313 3066 2383 σημασίαν
3092 2314 3199 2367 τῶν
3236 2312 3594 2369 ὑποστάσεων
3616 2331 3629 2344 ·
3657 2319 3767 2384 μό-

2184 2418 2283 2472 νην
2319 2401 2380 2454 δὲ
2442 2400 2828 2457 πολιτεύεσθαι
2887 2401 3073 2457 πίστιν
3120 2403 3308 2475 ἁπάσῃ
3339 2407 3405 2476 τῇ
3438 2403 3761 2476 Ἐκκλησία,

2180 2493 2280 2566 τὴν
2309 2494 2366 2546 ὲν
2394 2493 2693 2563 Σελευκείᾳ
2725 2495 2825 2564 μὲν
2881 2494 2942 2547 τὸ
2972 2493 3144 2566 κῦρος
3192 2496 3502 2566 δεξαμένην
3536 2498 3628 2549 καὶ
3668 2499 3765 2568 βε-

2182 2586 2536 2649 ϐαιωθεῖσαν,
2563 2585 2835 2657 πρότερον
2863 2586 2911 2641 δ’
2930 2589 3302 2660 ὲνἋντιοχεία
3321 2590 3666 2657 ὲκτεθεῖσαν,
3700 2593 3766 2661 ή-

2182 2680 2309 2734 νίκα
2341 2682 2373 2750 ἡ
2407 2682 2589 2734 ἐκεῖσε
2622 2680 2688 2750 δὴ
2704 2678 3048 2763 χἘκκλησία
3103 2680 3203 2752 τὴν
3255 2682 3564 2753 ἀφιέρωσιν
3611 2683 3762 2755 ἔσχε.

2180 2773 2322 2836 Τοὺς
2346 2772 2403 2825 δὲ
2435 2773 2545 2825 -εῶν
2570 2772 2780 2843 θρόνων
2811 2772 3170 2837 ἀπωσθέντας
3198 2775 3350 2844 παρά
3377 2775 3486 2828 τῶν
3510 2777 3764 2847 ἀνόμοιον

492 2873 648 2938 bere,
677 2888 802 2940 quae
835 2868 1103 2923 Seleucia
1143 2867 1369 2937 quidem
1408 2866 1754 2929 confirmata,
1787 2872 1948 2918 antea
1984 2879 2077 2917 au-

2182 2863 2273 2916 τὸν
2302 2864 2429 2917 Υίὸν
2457 2864 2536 2933 τῷ
2569 2864 2748 2937 Πατρὶ
2773 2865 3112 2930 δοξαξόντων
3155 2867 3567 2937 ἀναλαμϐάνειν
3603 2869 3762 2933 αὖθις

493 2976 600 3018 tem
629 2961 937 3017 Antiochia:
966 2960 1312 3031 promulgata
1344 2967 1513 3022 esset,
1550 2957 1739 3020 fidem,
1768 2970 1893 3010 cum
1929 2958 1981 3008 in
2013 2970 2077 3009 ea

2182 2955 2281 3026 τὴν
2336 2957 2667 3028 ἱερωσύνην,
2716 2958 2794 3020 ὡς
2844 2959 3103 3029 ἀθέσμως
3137 2961 3247 3013 τῶν
3295 2961 3514 3014 οἰκείων
3559 2961 3763 3033 θρύνων

494 3055 630 3110 urbe
671 3054 916 3109 ecclesiae
949 3052 1230 3107 dedicatio
1264 3060 1351 3106 est
1383 3050 1682 3105 celebrata.
1718 3048 1969 3125 Insuper,
2019 3056 2077 3100 ut

2182 3049 2579 3111 ἁπελαθέντας.
2618 3051 2675 3103 Et
2723 3051 2781 3104 δέ
2813 3068 2899 3115 τις
2942 3052 3072 3106 ἄλλο
3106 3070 3159 3106 τι
3208 3054 3390 3108 αὐτῶν
3437 3058 3763 3127 κατηγορεῖν

490 3148 583 3215 qui
616 3146 845 3200 sedibus
876 3145 992 3199 suis
1025 3143 1096 3197 ab
1128 3143 1217 3217 eis
1250 3142 1462 3211 expulsi
1506 3149 1688 3202 erant,
1730 3143 1825 3210 qui
1876 3139 2074 3193 Filium

2182 3140 2450 3212 βούλοιτο,
2488 3142 2650 3195 τοῦτο
2679 3144 2944 3212 πράττειν
2974 3145 3069 3198 τὸν
3108 3145 3225 3199 ἴσον
3258 3146 3505 3202 κίνδυνον
3537 3151 3764 3220 ἀναῤῥὶ-

492 3240 638 3294 l‘atri
702 3238 1032 3293 dissimilem
1093 3249 1217 3289 esse
1274 3234 1670 3304 opinarentur,
1725 3231 2077 3302 episcopatus

2182 3209 2387 3289 πτοντα
2410 3251 2425 3268 ·
2471 3209 2737 3297 δικαστὰς
2773 3235 2817 3287 δ’
2871 3231 3171 3301 εἶναιτοὺς
3198 3237 3334 3308 ὀρθά
3369 3242 3587 3309 φρονεῖν
3618 3209 3760 3310 ’δρη-

490 3349 621 3385 suus
663 3331 1010 3399 reciperent,
1042 3329 1191 3397 quod
1243 3326 1529 3396 illegitime
1563 3325 1775 3380 scilicet
1802 3339 1869 3379 ex
1899 3323 2076 3377 eccle-

2184 3328 2378 3398 μένους
2408 3328 2519 3380 τῶν
2553 3329 2870 3382 ἐπισκόπων
2895 3329 2975 3400 τῷ
3010 3328 3156 3382 ἔθνει
3178 3346 3195 3363 ο
3223 3331 3349 3392 τοὺς
3379 3331 3436 3385 δὲ
3472 3333 3761 3403 μάρτυρας

487 3426 587 3478 siis
616 3423 734 3478 suis
760 3430 948 3478 essent
977 3419 1280 3475 deturbati.
1327 3417 1486 3492 Quod
1515 3417 1559 3472 si
1585 3418 1712 3487 quis
1741 3431 2075 3487 quemquam

2182 3423 2244 3475 ὲκ
2280 3421 2393 3475 τῶν
2423 3422 2590 3485 πέλας
2619 3420 2763 3475 εἶναι
2797 3422 3104 3493 δπαρχιῶν,
3142 3423 3193 3476 οἳ
3220 3423 3289 3476 τά
3323 3425 3539 3494 ἑκάστῳ
3563 3424 3759 3495 βεϐιω-

488 3517 558 3570 de
600 3531 658 3569 re
694 3513 881 3584 aliqua
919 3524 1182 3567 accusare
1228 3509 1419 3573 vellet,
1457 3515 1519 3562 ut
1558 3509 1609 3562 ei
1644 3508 1698 3563 id
1732 3507 1914 3562 facere
1948 3523 2074 3561 cum

2183 3515 2324 3583 μένα
2357 3514 2553 3566 εἰδεῖεν
2583 3514 2649 3566 ἂν
2676 3516 2733 3576 ἐς
2761 3514 2927 3567 ταυτὸ
2962 3515 3259 3579 συνιόντες.
3290 3516 3476 3569 Ταῦτα
3501 3517 3759 3583 διαταξά-

452 3606 811 3671 conditione
865 3605 959 3659 illa
1010 3603 1240 3667 liceret,
1292 3610 1355 3657 ut
1417 3601 1561 3655 idem
1609 3609 1667 3656 et
1705 3602 1822 3670 ipse
1862 3600 2077 3655 subiret

2182 3621 2357 3674 μενοι,
2388 3607 2515 3666 τοὺς
2539 3604 2673 3674 περὶ
2704 3603 2965 3670 eosdem
3002 3607 3427 3675 συγκαλοῦντες,
3464 3611 3757 3680 μετάνοιαν

488 3701 818 3770 periculum.
871 3697 1099 3753 Judices
1159 3704 1343 3751 autem
1403 3695 1552 3749 inter
1603 3708 1703 3750 eos
1756 3702 1817 3748 ut
1887 3702 2075 3748 essent

2182 3694 2420 3765 ἀπῄνουν
2444 3694 2552 3747 τῶν
2576 3695 2990 3765 πεπραγμένων
3029 3698 3321 3768 πρότερον.
3366 3699 3455 3762 Ὠς
3484 3698 3530 3751 δ’
3556 3699 3758 3769 ἥκιστα

486 3794 789 3863 provinciae
846 3791 966 3861 ejus
1020 3788 1291 3859 episcopi,
1330 3788 1665 3843 sententiam
1723 3794 1931 3841 rectam
1989 3800 2076 3840 se-

2182 3786 2398 3855 ῆκουον,
2433 3788 2550 3847 ταῖς
2577 3787 2899 3857 ἁπανταχοῦ
2929 3789 3253 3859 ἐκκλησίαις
3284 3793 3351 3845 τά
3384 3793 3752 3863 πεπραγμένα

485 3895 746 3956 quentes.
793 3883 987 3938 Testes
1021 3891 1207 3936 autem
1242 3881 1492 3951 episcopi
1528 3896 1598 3935 ex
1656 3879 1909 3934 finitimis
1944 3894 2077 3949 pro-

2182 3878 2425 3949 ἐδήλουν.
2453 3878 2545 3931 Ἐν
2573 3879 2649 3949 νῷ
2678 3879 2736 3932 δὲ
2769 3878 2995 3950 θέμενοι
3026 3882 3117 3937 τὸν
3144 3884 3219 3953 μὴ
3255 3882 3344 3953 ὑφ’
3377 3885 3570 3938 ἑαυτὸν
3590 3888 3749 3957 ποιή-

487 3982 832 4035 ducerentur
860 3976 1205 4047 regionibus,
1231 3974 1437 4044 quibus
1464 3976 1734 4046 cujusque
1762 3974 1872 4027 vita
1902 3962 2075 4043 probe

2182 3990 2342 4043 σηται
2371 3973 2440 4026 τὰ
2479 3974 2752 4044 βασίλεια,
2792 3976 2889 4029 καὶ⁹
2945 3978 3002 4041 ἐς
3043 3978 3303 4052 διαϐολὴν
3357 3982 3538 4035 αὐτῶν
3581 3999 3756 4035 κατα-

488 4073 708 4142 cognita
731 4076 898 4124 esset.
928 4058 1088 4140 114
1110 4065 1272 4122 Hisce
1291 4065 1533 4123 decretis
1556 4065 1737 4132 factis,
1758 4064 2073 4119 Eudoxium

2182 4067 2360 4138 σταίη,
2392 4068 2641 4136 έγνωσαν
2674 4067 2890 4138 βασιλεῖ
2939 4070 3007 4124 τά
3060 4073 3120 4124 ὲν
3146 4072 3442 4145 Λαμψάκῳ
3489 4073 3759 4141 γενόμενα

487 4172 903 4232 sectatoresque
935 4164 1056 4232 ejus
1085 4164 1368 4228 evocatos,
1393 4161 1633 4231 primum
1662 4160 1730 4215 ad
1763 4156 2072 4214 facinorum

2182 4160 2495 4231 ἀναφέρειν.
2534 4161 2645 4213 Καὶ
2670 4159 2734 4231 δὴ
2781 4161 3065 4216 ἐπανιόντι
3097 4163 3360 4218 Οὐάλεντι
3393 4154 3524 4235 περὶ
3554 4166 3655 4234 τὴν
3696 4169 3757 4217 ὲν

486 4270 680 4310 eorum
711 4269 832 4323 qua:
863 4263 1300 4326 perpetrassent,
1329 4253 1711 4323 ptenitentiam
1745 4251 2071 4305 invitarunt.

488 4346 589 4401 U'ni
623 4346 703 4400 illi
737 4356 921 4399 autem
959 4344 1014 4399 id
1047 4353 1458 4413 contempsere,
1492 4358 1582 4396 res
1614 4351 1764 4396 aetas
1790 4342 1856 4395 ad
1889 4341 2076 4395 Eccle-

483 4443 595 4499 sirts
627 4453 822 4498 omnes
851 4436 1320 4507 perscripserunt.
1346 4434 1622 4489 Caeterum
1657 4433 1839 4497 veriti,
1863 4448 1932 4486 ne
1964 4432 2074 4486 Eu-

2175 4251 2367 4327 Θρᾴκῃ
2421 4253 2686 4324 Πέρινθον
2745 4255 3085 4322 ἐντυχόντες,
3120 4258 3188 4311 τά
3228 4258 3601 4330 πεπραγμένα
3629 4257 3757 4327 έδήο

2176 4342 2329 4396 λουν.
2365 4343 2455 4412 Τῷ
2483 4343 2594 4414 γάρ
2624 4345 2841 4415 ἀδελφῷ
2865 4345 3241 4417 ἀποδημοῦντι
3271 4348 3329 4410 ἐς
3363 4348 3463 4419 τὴν
3515 4349 3760 4419 πρεσϐυ-

2177 4438 2344 4508 τέραν
2359 4438 2601 4511 Ῥώμην,
2638 4443 2805 4514 μέχρι
2829 4446 2929 4514 τῆς
2962 4444 3254 4515 Ἰλλυρίδος
3292 4445 3576 4517 συνῆλθεν.
3600 4446 3758 4500 Ἀλλά

483 4539 688 4593 doxius
708 4538 888 4591 aulam
915 4529 1257 4607 invperialem
1277 4527 1384 4582 sibi
1411 4527 1737 4582 conciliaret
1752 4534 1917 4595 atque
1938 4525 2074 4595 ipsis

2182 4534 2468 4605 προλαϐὼν
2501 4536 2753 4603 Εὑδόξιος
2780 4542 2880 4595 σὺν
2912 4543 3027 4604 τοῖς
3051 4541 3191 4612 ἀμφ’
3235 4544 3423 4612 αὑτὸν,
3457 4543 3532 4609 ὡς
3561 4545 3759 4614 ἐκείνῳ

482 4630 817 4684 calumniam
839 4627 1174 4691 intenderet,
1194 4618 1459 4696 piscium
1485 4621 1663 4673 ciscst
1685 4628 1801 4672 aeta
1823 4617 2072 4686 Lampsa-

483 4739 618 4777 cena
646 4722 713 4776 ad
740 4723 1134 4792 imperatorem
1160 4717 1387 4773 referre.
1416 4718 1598 4786 Atque
1620 4711 1696 4770 ita
1722 4710 1956 4774 Valenti,
1976 4711 2068 4779 qui

484 4818 711 4870 fratrem
736 4813 801 4867 ad
824 4824 1064 4868 veterem
1084 4813 1316 4867 Romam
1337 4798 1783 4880 proficiscentem
1804 4819 1982 4867 usque
2005 4803 2070 4855 ad

484 4907 759 4976 Illyricum
783 4905 1084 4958 comitatus
1108 4904 1471 4974 produxerat,
1491 4900 1772 4964 redeunti,
1794 4899 1859 4952 ad
1882 4894 2072 4951 Periuv

486 5001 641 5052 thum
679 4998 928 5052 Thraciae
960 5012 1074 5051 rem
1112 5010 1333 5049 omnem
1362 5009 1689 5061 exposuere.
1722 4993 1924 5046 Verum
1957 4991 2069 5043 Eu-

484 5090 684 5143 doxius
703 5104 824 5141 cum
846 5085 1207 5156 pupularibus
1223 5084 1339 5139 suis
1359 5097 1456 5137 eos
1475 5092 1839 5154 praevenerat,
1853 5093 1910 5137 et
1930 5082 2070 5136 aula:

484 5180 666 5233 studia
726 5178 831 5232 sibi
885 5176 1180 5231 conciliata
1230 5174 1488 5230 habebat.
1541 5174 1730 5244 Itaque
1768 5175 2071 5242 imperator

485 5269 875 5341 Lampsacenis
898 5268 1113 5337 legatis,
1127 5283 1196 5323 ne
1216 5267 1284 5322 ab
1303 5268 1551 5324 Eudoxio
1569 5268 1925 5328 dissiderent,
1943 5280 2071 5320 sua-

484 5364 576 5416 sit.
600 5354 778 5431 Aique
803 5361 893 5414 ubi
923 5359 1003 5415 illi
1027 5359 1263 5415 Eudoxii
1290 5374 1399 5423 res,
1425 5374 1564 5429 quas
1586 5358 2066 5426 ConstantinOpoli

485 5470 648 5525 atque
678 5454 843 5509 etiam
884 5454 939 5508 in
972 5452 1182 5524 synodo
1217 5452 1481 5509 Seleucia:
1528 5450 1916 5507 fraudulenter
1948 5465 2071 5521 ege-

556 5620 633 5689 (l)
658 5617 836 5689 Verba
873 5615 1187 5689 hascaputl.
1225 5614 1350 5668 Soz.
1378 5613 1478 5689 lib.
1512 5627 1737 5689 vu,_cap.
1769 5614 1822 5675 '7,
1855 5611 1934 5665 sic
1971 5611 2071 5689 ha-

484 5681 649 5743 lent:
690 5688 843 5758 Ἐμοὶ
875 5687 1013 5757 μετά
1041 5681 1172 5758 λαοῦ
1200 5684 1528 5758 ,τεταγμέὲῳ
1557 5683 1619 5758 ού
1651 5681 2069 5758 θέμις-τοιαῦτα

490 5746 997 5831 πολυπραγμονεῖν.
1026 5757 1089 5810 Οἱ
1112 5757 1168 5808 δὲ
1195 5746 1391 5831 ἱερεῖς,
1409 5746 1914 5831 οἷςτούτουμέλει,
1934 5753 2070 5831 ’καθ’

485 5822 710 5893 ἑαυτοὺς
744 5822 850 5893 ὅπη
891 5826 1175 5894 βούλονται
1223 5822 1549 5878 συνίτωσαν.
1593 5822 1710 5878 Hoc
1752 5834 1836 5878 cst
1875 5840 1886 5875 :
1920 5823 2067 5888 Mihi,

2175 4625 2352 4680 ἐδόκει
2382 4627 2592 4683 διέθετο
2621 4633 2689 4685 τὰ
2722 4632 3025 4704 ἀνάκτορα.
3059 4635 3171 4689 Καὶ
3199 4635 3264 4705 δὴ
3290 4635 3401 4689 τῶν
3433 4638 3496 4691 ἐκ
3524 4638 3758 4707 Λαμψάο

2175 4734 2274 4770 κου
2310 4717 2598 4789 πρέσϐεων
2625 4720 2840 4792 βασιλεῖ
2873 4725 3239 4798 προσιόντων,
3294 4726 3369 4797 μὴ
3394 4727 3754 4798 διαφέρεσθαι

2175 4809 2315 4879 πρὸς
2366 4810 2617 4878 Εὑδόξιον
2654 4814 2902 4880 ἐκείνους
2959 4816 3136 4888 ὴξίου.
3171 4818 3260 4883 Ὧς
3289 4818 3345 4872 δὲ
3387 4821 3488 4891 τὴν
3519 4822 3576 4873 ἐν
3608 4824 3759 4874 Κω-

2178 4906 2621 4959 σταντινουπόλει
2668 4910 2973 4979 γενομένην
3022 4910 3239 4980 ἀπάτην
3283 4911 3361 4981 τῷ
3389 4914 3644 4982 Εύδοξίῳ,
3675 4913 3758 4968 ἔτι

2172 4990 2229 5045 δὲ
2276 4995 2369 5045 καὶ
2418 4995 2489 5048 τά
2536 4998 2678 5051 κατὰ
2739 4998 2843 5067 τῆς
2898 5001 2960 5051 ὲν
3002 5000 3299 5072 Σελευκείᾳ
3345 5003 3565 5055 συνόδου
3618 5005 3758 5074 ἐπῃ-

2172 5084 2370 5139 τιῶντο
2394 5099 2410 5116 °
2439 5087 2518 5151 είς
2568 5087 2742 5159 θυμὸν
2769 5093 2799 5144 ὁ
2827 5090 3084 5161 βασιλεὺς
3117 5094 3440 5166 ὲκτραπεὶς,
3486 5099 3613 5158 τοὺς
3656 5096 3756 5160 μὲν
3805 5166 3813 5170 ἓ
3890 5152 3895 5157 ,

2174 5177 2437 5247 πρέσϐεις
2471 5179 2780 5250 ὑπερορίαν
2806 5185 2982 5238 οἰκεῖν
3007 5186 3333 5251 κατεδίκαζε
3359 5202 3374 5218 ο
3406 5189 3520 5251 τοῖς
3546 5188 3603 5240 δὲ
3629 5187 3757 5257 περὶ

2156 5264 2426 5341 ¹Εὐδόξιον
2457 5275 2557 5338 τὰς
2595 5276 2894 5344 ἐκκλησίας
2925 5278 3263 5347 προσέταττε
3295 5279 3564 5335 δίδοσθαι.
3587 5280 3757 5340 Αὐτὸς

2172 5365 2229 5418 δὲ
2275 5366 2375 5435 τὴν
2410 5368 2518 5420 τῶν
2554 5367 2745 5439 Σύρων
2773 5369 3191 5440 κατελάμϐανεν
3239 5371 3574 5443 Ἀντιόχειαν
3599 5387 3614 5403 '
3643 5372 3761 5424 ἐδε-

2172 5456 2276 5510 δίει
2300 5460 2429 5528 γὰρ,
2470 5460 2546 5529 μὴ
2576 5461 2626 5511 οἱ
2682 5459 2896 5531 Πέρσαι
2930 5462 3031 5525 τὰς
3078 5462 3175 5515 ἐπὶ
3210 5460 3477 5518 Ἰοϐιανοῡ
3508 5480 3760 5535 τριακον-

2173 5615 2263 5688 qui
2292 5614 2459 5688 laicus
2488 5631 2630 5680 sum,
2658 5616 2792 5670 talia
2818 5618 3021 5671 curiose
3069 5618 3338 5688 inquirere
3383 5618 3466 5688 fas
3494 5633 3597 5671 non
3627 5625 3702 5688 est
3739 5631 3758 5668 :

2173 5684 2399 5753 episc0pi
2431 5701 2575 5753 vero,
2600 5689 2786 5756 quibus
2814 5690 2909 5744 hoc
2951 5695 3027 5742 est
3072 5684 3235 5757 curae,
3273 5684 3588 5759 quo-volunt
3647 5685 3757 5740 loco

2174 5765 2484 5812 conventum
2510 5765 2692 5826 agant.
