4056 6426
295 366 399 432 593

1210 364 1809 426 ECCLESIASTIC£
1852 366 2238 428 HISTORIA)
2279 368 2418 430 LIB.
2466 370 2567 430 Χί.

3461 363 3562 424 594
3610 362 3614 370 ’

294 475 505 539 τοὺτεις
550 475 785 537 σπονδάς
824 473 1110 538 λύσαντες,
1162 477 1276 538 τοῖς
1338 477 1518 529 ἐκεῖσε
1569 478 1869 532 ἐπίθωνται

1992 490 2084 543 'at,
2119 494 2444 537 accusantes
2481 479 2963 551 reprehenderunt
3000 496 3012 531 :
3052 477 3130 531 ira
3173 474 3414 543 percitus
3460 475 3563 528 im-

297 568 545 638 μέρεσιν.
609 565 872 620 Ἑκείνων
927 567 983 620 δέ
1048 567 1215 638 μηδὲν
1273 570 1736 636 νεωτεριζόντων,
1783 571 1875 624 ἐπ’

303 659 629 730 Ἀντιοχείας
656 658 949 728 διατρίϐων
978 662 1075 722 τὰς
1111 660 1411 728 ἐκκλησίας
1446 664 1735 731 ἐτάραττε.
1764 666 1872 718 Καὶ

291 749 566 805 Μελέτιον
599 748 700 818 μὲν
733 749 824 801 τὸν
865 749 1012 801 θεῖον
1046 749 1326 820 ὑπερορίῳ
1357 755 1504 822 φυγῇ
1543 752 1826 822 ἐζημίωσε
1852 770 1865 782 ·

289 842 386 896 τοῦ
415 840 473 893 δὲ
524 840 792 893 Παυλίνου
832 839 919 919 διὰ
951 840 1154 911 πολλὴν
1205 843 1533 913 μετριότητα
1574 844 1669 897 τοῦ
1703 844 1869 915 ῆϐους

292 933 570 1002 ἐφείσατο.
602 933 711 984 Καὶ
732 933 848 985 ὅσοι
874 931 930 983 δέ
956 930 1181 1002 Εὐζωΐῳ
1211 933 1287 1003 μὴ
1319 936 1595 989 κοινωνεῖν
1618 935 1867 1005 ᾑροῦντο,

291 1023 617 1093 ὑπερορίους
646 1022 822 1075 ἐποίει
841 1038 855 1053 ·
894 1027 989 1076 καὶ
1017 1024 1196 1088 ἄλλως
1219 1024 1276 1078 δὲ
1322 1025 1619 1094 ἐπιτρίϐων
1648 1026 1870 1098 ᾐκίζετο

292 1116 386 1167 καὶ
424 1113 660 1183 ἐζημίου
684 1115 740 1177 ἐς
774 1116 1058 1184 χρήματα.

1984 586 2204 644 perator
2228 584 2477 632 oratores
2503 575 2730 645 quidem
2758 574 2812 628 in
2838 571 3092 628 exsilium
3118 570 3249 639 egit,
3297 566 3563 620 ecclesias

1981 675 2166 719 autem
2222 682 2414 722 eorum
2466 667 2701 721 Eudoxii
2757 663 3021 719 studiosis
3080 659 3328 714 mandari
3377 657 3558 726 jussit.

1982 758 2100 827 Ipse
2133 775 2263 812 vero
2296 758 2647 813 Antiochiam
2692 757 2866 829 Syriae
2893 764 2977 810 est
3006 752 3310 823 profectus.
3343 748 3562 802 Veritus

1978 866 2218 919 namque
2256 850 2456 916 fuerat,
2490 866 2560 904 ne
2602 851 2802 914 Persae,
2836 846 3146 908 tricennali,
3176 859 3299 913 quae
3332 842 3436 897 sub
3469 840 3562 895 Jo-

1983 941 2207 997 viniano
2256 944 2395 997 facta
2452 943 2667 1007 fuerat,
2721 957 2852 1009 pace
2904 940 3121 996 soluta.
3174 938 3228 990 in
3280 934 3560 1003 regionem

1980 1050 2100 1089 eam
2149 1046 2529 1091 excurrerent.
2585 1036 2756 1090 Porro
2800 1034 2894 1087 ubi
2945 1032 3021 1086 illi
3064 1044 3329 1084 novarum
3379 1040 3559 1078 rerum

1980 1125 2117 1179 nihil
2175 1127 2361 1182 moliri
2408 1126 2678 1195 comperti
2735 1133 2901 1189 sunt,
2956 1120 3262 1177 Antiochia:
3321 1114 3559 1174 mansit,

294 1221 460 1281 atque
491 1211 568 1266 ibi
601 1210 878 1267 Ecclesias
903 1212 1167 1270 turbavit.
1202 1213 1335 1270 Nam
1362 1216 1551 1271 divum
1616 1217 1898 1274 Meletium
1954 1223 2131 1276 solum
2160 1224 2341 1278 exsilii
2376 1239 2541 1280 causa
2573 1231 2790 1278 vertere
2819 1221 3001 1290 coegit
3030 1233 3045 1273 ι
3113 1215 3347 1272 Paulino
3376 1219 3561 1265 autem

294 1313 520 1373 propter
570 1304 905 1374 singularem
951 1320 1171 1359 morum
1222 1308 1548 1363 modestiam
1602 1312 1869 1380 pepercit.
1945 1312 2273 1386 Quicunque
2341 1326 2525 1370 autent
2569 1315 2983 1371 communicare
3033 1325 3159 1364 cum
3202 1306 3411 1360 Euzoio
3445 1302 3556 1354 uul-

290 1402 428 1465 lent,
463 1416 559 1455 eos
591 1410 687 1454 aut
734 1401 934 1456 exsilio
977 1402 1248 1470 multavit,
1301 1417 1397 1460 aut
1453 1406 1634 1471 aliter,
1680 1412 2004 1467 verberibus
2070 1415 2283 1468 scilicet
2345 1411 2590 1468 alliciens
2630 1421 2687 1468 et
2749 1410 2978 1464 multam
3033 1406 3114 1459 eis
3158 1403 3370 1461 dicens,
3423 1398 3567 1451 male

291 1512 419 1552 accc
427 1498 526 1568 pit.

894 1597 1146 1651 ΚΕΦᾹΛ.
1196 1600 1268 1652 Δ’.

297 1686 436 1755 Περὶ
478 1688 587 1756 τῆς
624 1690 982 1758 τυραννίδος
1021 1691 1401 1758 Προκοπίου·
1456 1691 1557 1745 καί
1605 1692 1748 1758 περὶ·
1770 1693 1879 1748 τοῦ

367 1758 607 1838 τείχους
675 1761 1073 1838 Χαλκῃδόνος
1099 1801 1115 1826 ,
1183 1761 1282 1838 καὶ
1315 1762 1451 1838 ’τοῦ
1510 1763 1880 1838 εὑρεθέντος

370 1828 562 1882 ἐκεῖσε
593 1828 911 1900 χρησμοῦ·
942 1831 1043 1885 καί
1072 1828 1208 1898 περὶ
1237 1830 1344 1884 τοῦ
1384 1833 1455 1886 ἐν
1503 1828 1879 1887 remeam-L-

374 1902 657 1954 νουπόλει
687 1900 944 1970 ἀγωγοῦ.

378 2013 483 2065 Καί
507 2016 571 2082 γε
603 2015 684 2077 είς
713 2013 918 2085 πολλὴν
946 2013 1011 2069 ἂν
1043 2014 1306 2087 ὠμότητα
1341 2014 1683 2087 προύχώρει,
1713 2017 1762 2068 εί
1805 2014 1882 2085 μὴ

305 2106 606 2175 Προκόπιος
626 2108 970 2179 τυραννήσας
989 2108 1124 2176 πρὸς
1150 2107 1326 2178 βραχὺ
1346 2106 1449 2176 τῆς
1478 2107 1654 2178 ὁρμῆς
1678 2108 1882 2161 ἐκεῖνον

301 2200 631 2254 ἀνέστειλεν.
666 2192 838 2264 Οὗτος
880 2201 989 2269 γάρ
1022 2202 1100 2260 είς
1132 2200 1426 2253 Ίουλιανὸν
1453 2201 1513 2252 τὸ
1545 2206 1705 2268 γένος
1748 2199 1880 2252 ἀνά-

302 2309 436 2361 γων,
470 2293 565 2346 ἐπὶ
593 2290 854 2346 Ἰοϐιανοῦ
908 2293 972 2346 τὸ
1007 2295 1295 2362 τυραννεῖν
1327 2293 1639 2347 ἐπιϐάλλει.
1671 2293 1786 2362 Τὴν
1825 2290 1883 2347 δὲ

305 2385 627 2455 Χαλκηδόνα
676 2384 1028 2452 καταλαϐὼν,
1077 2386 1256 2458 λάθρα
1285 2403 1344 2439 τε
1397 2386 1498 2457 τὴν
1529 2386 1884 2440 Κωνσταντι-

303 2479 562 2534 νούπολιν
593 2479 800 2543 είσιὼν,
835 2481 934 2552 τὴν
992 2478 1276 2551 βασιλείαν
1328 2479 1590 2550 ἁρπάζει.
1643 2480 1885 2546 Στρατὸν

298 2572 349 2625 δ’
373 2572 473 2625 οὐκ
507 2572 793 2642 ἐλάχιστον
823 2573 882 2625 ἐν
914 2571 1113 2643 βραχεῖ
1142 2572 1428 2643 ἀθροίσας.
1458 2574 1601 2627 κατὰ
1629 2573 1723 2626 τοῦ
1749 2590 1888 2643 κρα-

299 2665 525 2729 τοῦντος
556 2667 804 2736 ἐφέρετο.
840 2665 1057 2736 Οὐάλης
1081 2665 1131 2719 δ’
1175 2667 1240 2720 ἐκ
1272 2668 1474 2739 Συρίας
1503 2667 1723 2731 ἐλάσας,
1756 2668 1886 2736 περὶ

302 2757 630 2812 Νακώλειαν
684 2760 861 2830 τούτῳ
895 2762 1308 2831 συρρήγνυται·
1347 2758 1560 2812 ἐκεῖθεν
1610 2760 1657 2812 δ’
1720 2762 1887 2830 ἡττη-

302 2851 445 2917 θεὶς,
504 2853 583 2916 είς
616 2852 853 2908 Νίκαιαν
899 2854 1293 2923 παραγίνεται.
1336 2852 1612 2924 Προδοσίᾳ
1668 2854 1725 2906 δὲ
1777 2852 1887 2906 τῶν

2504 1598 2661 1668 115
2700 1595 2926 1652 CAPUT
2969 1594 3055 1649 ιν.

1988 1693 2063 1747 De
2088 1695 2375 1765 tyrannide
2405 1691 2684 1765 Procopii;
2717 1697 2767 1741 et
2805 1688 2878 1765 de.
2900 1700 3048 1738 muro
3072 1677 3572 1765 Clialcedopis,‘ibi-

2055 1750 2154 1833 ᾳιῖε
2188 1766 2399 1818 invento
2430 1750 2703 1816 oraculo:
2744 1766 2791 1811 et
2844 1757 2908 1809 de
2954 1753 3272 1824 aquwductu
3310 1750 3570 1805 Constan-

2055 1833 2432 1904 tinopolitano.

2056 2019 2123 2075 Et
2169 2016 2417 2089 profecto
2448 2013 2513 2069 ad
2545 2013 2853 2084 graviorem
2894 2008 2986 2063 ille
3022 2006 3299 2060 feritatem
3344 2016 3570 2071 proces-

1986 2114 2175 2175 sisset,
2214 2110 2325 2165 nisi
2375 2109 2644 2178 impetum
2685 2104 2806 2174 ejus
2848 2099 3172 2169 Procopius.
3210 2095 3278 2150 ad
3318 2093 3570 2165 tyranni-

1986 2206 2108 2258 dem
2161 2201 2451 2271 aspirans,
2509 2196 2577 2253 ad
2630 2196 2796 2252 breve
2845 2203 3062 2262 tempus
3109 2186 3466 2242 inhibuisset.
3522 2181 3574 2236 Is

1987 2307 2223 2362 namque
2256 2307 2431 2363 genus
2460 2303 2622 2344 suum
2658 2286 2723 2341 ad
2761 2284 3043 2340 Julianum
3077 2274 3345 2339 referens,
3375 2283 3433 2329 et
3464 2274 3566 2328 sub

1986 2385 2288 2442 Joviniano
2323 2381 2670 2455 tyrannidem
2719 2379 3011 2441 aﬂ'cctans,
3037 2370 3446 2430 Chalcedouem
3481 2382 3573 2421 oc-

1989 2486 2306 2548 cupaverat,
2369 2483 2423 2531 et
2473 2474 2612 2529 clam
2662 2466 3197 2536 Constantinopolim
3258 2463 3571 2531 ingressus,

1990 2571 2279 2647 imperium
2304 2568 2636 2638 arripuerat.
2666 2565 2805 2619 Tum
2841 2579 2993 2621 vero,
3023 2575 3130 2613 non
3167 2554 3575 2612 contemnendo

1990 2674 2180 2721 coacto
2237 2663 2528 2728 exercitu,
2584 2659 2854 2714 adversus
2909 2656 3302 2726 imperatorem
3360 2647 3579 2703 infestis

1989 2759 2160 2830 signis
2203 2765 2289 2812 est
2333 2755 2633 2825 proiectus.
2679 2751 2780 2805 Cui
2813 2750 3014 2807 Valens
3058 2763 3125 2803 ex
3162 2745 3321 2817 Syria
3357 2744 3576 2806 obviam

1992 2865 2341 2923 progressus,
2375 2850 2521 2903 circa
2569 2846 2851 2901 Nacoliam
2882 2841 3186 2898 certamine
3217 2853 3342 2893 cum
3384 2852 3451 2892 eo
3492 2848 3579 2891 est

303 2943 435 3011 περὶ
490 2942 653 2995 αὐτὸν
711 2942 895 3007 ἁλοὺς,
938 2942 1214 3012 Γομαρίου
1246 2959 1305 2995 τε
1366 2945 1460 2994 καὶ
1515 2941 1878 3010 Ἀγγέλωνος.

1992 2959 2341 3014 congressus,
2402 2952 2458 2996 et
2488 2941 2667 2995 victus
2697 2938 2825 2992 inde
2865 2935 3099 2992 Nicaeam
3162 2932 3433 3002 pervenit.
3469 2931 3576 2986 Sed

303 3036 595 3106 δεσμώτης
637 3037 903 3090 Οὐάλεντι
928 3037 1324 3108 παραδίδοται·
1373 3036 1553 3101 ξέναις
1599 3036 1656 3089 δὲ
1718 3055 1890 3105 τιμω-

312 3129 458 3195 ρίαις
493 3132 586 3182 καὶ
613 3128 782 3199 ἄμφω
832 3130 1137 3201 ἀνῄρηνται
1162 3146 1177 3161 ·
1214 3132 1342 3193 τοὺς
1379 3131 1479 3197 μὲν
1513 3129 1623 3199 γὰρ
1671 3131 1889 3199 πρίοσιν

311 3221 541 3291 ἀπηνῶς
573 3221 794 3288 διελὼν,
820 3223 1166 3287 ἀπέκτεινεν,
1198 3224 1256 3274 ἐν
1281 3221 1524 3294 δευτέρῳ
1544 3224 1671 3285 τοὺς
1691 3222 1887 3291 ὅρκους

306 3314 537 3383 θέμενος
562 3313 654 3379 οὓς
687 3316 871 3378 αὐτοῖς
903 3316 1190 3384 ὀμωμόκει
1220 3314 1353 3368 ὥστ’
1396 3313 1585 3378 εὔνους
1633 3316 1786 3368 ἐσαεὶ
1812 3311 1890 3366 εί-

306 3421 419 3459 ναι.
468 3406 773 3476 Προκοπίου
809 3406 867 3460 δέ
896 3406 1143 3476 δένδρεσι
1172 3406 1268 3460 δύο
1295 3407 1356 3458 οὐ
1392 3407 1613 3477 μακρὰν
1666 3406 1891 3459 διεστῶ-

309 3515 396 3551 σιν
436 3498 755 3569 ἐπικάμψας
805 3498 873 3552 τά
928 3499 1094 3569 ἄκρα,
1141 3498 1382 3568 ἐκατέρῳ
1429 3497 1583 3566 φυτῷ
1625 3497 1888 3569 ἑκάτερον

309 3591 558 3659 προσῆψε
611 3591 840 3654 σκέλος⁶
880 3590 1052 3644 ἔπειτ’
1090 3592 1300 3661 ἀφῆκεν
1339 3590 1677 3659 ἐγείρεσθαι.
1709 3589 1791 3642 Τά
1829 3588 1888 3643 δὲ

309 3682 450 3752 πρὸς
481 3683 584 3751 τὴν
614 3683 872 3736 είωθυϊαν
911 3683 1103 3736 στάσιν
1152 3681 1555 3752 άνορθωθέντα,
1586 3679 1677 3734 τδν
1716 3678 1891 3750 ἄνδρα

306 3775 603 3828 διέσπασε·
635 3776 729 3827 καὶ
763 3774 937 3836 οὕτως
1000 3774 1028 3826 ὁ
1062 3774 1357 3843 τύραννος,
1393 3772 1521 3843 διχῆ
1570 3772 1888 3842 διαιρεθεὶς,

308 3866 628 3935 άπεφθάρη.
665 3866 722 3919 '0
754 3864 810 3918 δέ
836 3864 1091 3935 βασιλεὺς
1126 3864 1280 3919 λύειν
1321 3863 1391 3918 τά
1422 3866 1577 3935 τείχη
1611 3862 1891 3933 Χαλκηδό-

310 3975 401 4020 νος
442 3958 545 4027 τῆς
602 3958 941 4027 καταντικρὺ
968 3956 1267 4021 Βυζαντίου
1317 3957 1581 4027 κειμένης
1612 3955 1886 4010 ἐκέλευεν.

313 4049 494 4123 Ἐφθη
523 4051 630 4121 γάρ
665 4051 1087 4122 ἐπαρασάμενος
1113 4051 1294 4120 ἐαυτῷ
1318 4048 1482 4103 τοῦτο
1522 4049 1753 4120 πράξειν
1806 4068 1887 4103 νι-

311 4144 490 4212 κήσας
521 4143 614 4195 τὸν
636 4142 927 4213 τύραννον,
963 4144 1158 4214 ὅτιπερ
1188 4140 1553 4211 Χαλκηδόνιοι
1587 4141 1890 4209 τυραννικὰ

309 4233 699 4304 φρονήσαντες,
746 4232 865 4309 ’τὴν
930 4232 1205 4303 βασιλέως
1274 4231 1513 4304 στοργὴν
1568 4231 1886 4302 ἠθέτησαν·

310 4324 609 4394 προσιόντα
638 4324 747 4394 γάρ
788 4323 1174 4395 περιύϐρισαν,
1225 4324 1325 4388 τὰς
1352 4326 1453 4396 τῆς
1496 4323 1708 4384 πόλεως
1739 4321 1890 4393 αὐτῷ

311 4413 759 4482 ἐπιζυγώσαντες
808 4416 1008 4480 πύλας,
1045 4417 1122 4469 Τὸ
1180 4417 1280 4486 μὲν
1312 4414 1408 4471 οὖν
1454 4417 1633 4485 τεῖχος
1669 4417 1735 4485 τῇ
1790 4433 1887 4469 κε-

312 4510 497 4563 λεύσει
530 4510 626 4564 τοῦ
654 4507 986 4580 κρατοῦντος
1036 4508 1225 4563 ἐλύετο
1247 4524 1264 4542 ·
1298 4508 1543 4576 ἐξάπινα
1575 4509 1630 4561 δὲ
1671 4509 1721 4560 οί
1752 4508 1891 4561 λίθοι

321 4601 381 4652 ἐν
419 4599 1009 4672 Κωνσταντινουπόλει
1044 4599 1182 4671 πρὸς
1245 4600 1306 4654 τὸ
1356 4600 1615 4667 δημόσιον
1661 4598 1892 4670 λουτρὸν

329 4690 692 4759 μετεφέροντο
726 4689 1200 4745 Κωνσταντιανόν.
1259 4690 1366 4743 Καὶ
1405 4689 1470 4758 δὴ
1503 4689 1768 4758 λυομένου
1795 4687 1890 4741 τοῦ

321 4778 553 4850 τείχους,
581 4780 639 4834 ἐν
667 4798 773 4834 τινι
798 4780 935 4850 λίθῳ
989 4780 1267 4850 μηεταρσίῳ
1299 4780 1592 4850 γράμμασι
1624 4781 1766 4833 κατὰ
1797 4779 1887 4849 βά-

319 4869 410 4933 θος
434 4872 850 4943 κεχαραγμένος
873 4872 1120 4941 χρησμὸς
1151 4870 1381 4942 εὕρηται
1403 4872 1629 4934 παλαιδς
1653 4870 1889 4937 διεξιὼν,

316 4960 395 5021 ὡς
450 4960 611 5030 ἡνίκα
668 4961 887 5031 δαψιλὲς
949 4961 1095 5030 ὕδωρ
1125 4960 1359 5031 ὑπάρξοι
1411 4962 1477 5032 τῇ
1525 4961 1699 5022 πόλει,
1733 4979 1889 5031 τηνι-

317 5051 497 5104 καῦτα
521 5052 581 5105 τὸ
613 5053 712 5121 μὲν
752 5057 933 5125 τεῖχος
989 5054 1334 5123 ὑπουργήσει
1390 5051 1605 5122 λουτρῷ
1628 5067 1643 5082 ·
1676 5052 1803 5123 ἔθνη
1836 5054 1893 5107 δὲ

319 5143 492 5212 μυρία
519 5143 619 5213 τὴν
659 5142 949 5214 Ῥωμαίων
975 5141 1272 5197 ἐπελθόντα
1300 5144 1428 5212 γῆν,
1467 5143 1641 5197 πολλά
1670 5160 1730 5196 τε
1755 5144 1891 5216 δρά-

318 5249 401 5285 σει
428 5235 613 5286 κακά·
654 5234 806 5298 τέλος
849 5233 906 5288 δὲ
940 5234 1036 5289 καὶ
1086 5233 1228 5288 αὐτὰ
1258 5232 1541 5305 φθαρέντα
1583 5233 1891 5293 διόλωνται.

319 5322 533 5377 Κωλύει
561 5324 619 5377 δὲ
647 5325 755 5395 άρα
784 5326 939 5380 οὐδὲν
965 5326 1300 5396 φιλομαθίας
1319 5326 1482 5397 χάριν
1515 5328 1611 5380 καὶ
1639 5327 1732 5383 τὸν
1757 5348 1893 5401 χρη-

318 5415 458 5482 σμὸν
494 5416 809 5488 προσθεῖναι
835 5421 900 5489 τῇ
924 5418 1157 5491 ἱστορίᾳ.

1921 4293 1968 4351 ι)

1997 3053 2121 3093 mox
2156 3035 2457 3105 Procopius
2484 3049 2514 3088 a
2542 3031 2924 3102 proditoribus
2946 3027 3205 3093 Comario
3234 3037 3290 3082 et
3311 3025 3572 3094 Agelouc,

1994 3146 2134 3199 quos
2184 3126 2321 3182 ﬁdos
2364 3125 2468 3179 sibi
2522 3138 2646 3178 esse
2693 3128 3007 3192 putaverat,
3041 3126 3236 3186 captus
3267 3124 3325 3170 et
3359 3115 3578 3168 vinctus

2000 3220 2211 3276 Valenti
2257 3228 2341 3272 cst
2382 3216 2639 3270 traditus.
2689 3214 2746 3268 ln
2791 3220 3088 3280 utrumque
3128 3224 3291 3277 porro
3332 3206 3578 3277 prodito-

1996 3326 2114 3366 rem
2170 3325 2313 3363 novo
2364 3306 2622 3378 supplicii
2676 3319 2916 3376 genere,
2962 3298 3329 3373 jurejurando
3370 3313 3480 3368 quo
3518 3312 3576 3350 se

1994 3403 2102 3457 illis
2164 3400 2497 3455 benevolum
2566 3413 2789 3468 semper
2844 3395 2962 3451 fore
3025 3399 3308 3462 receperat
3366 3398 3576 3459 Spreto,

1995 3494 2411 3551 animadvertit.
2462 3490 2757 3546 Crudelem
2815 3489 2965 3544 enim
3027 3488 3079 3540 in
3130 3486 3353 3540 modum
3406 3483 3580 3536 serris

1995 3589 2267 3643 dissectos
2312 3583 2614 3639 interemit.
2658 3581 2965 3651 Procopius
3000 3588 3183 3634 autem
3215 3577 3280 3632 ad
3313 3575 3574 3629 arborum

1994 3682 2227 3736 duarum
2260 3696 2366 3733 non
2399 3679 2559 3749 longe
2589 3677 2735 3731 inter
2761 3689 2822 3730 se
2849 3673 3174 3729 distantium
3210 3671 3446 3726 vertices
3483 3667 3576 3721 ad-

1994 3773 2194 3827 ductos
2240 3770 2474 3839 pedibus
2517 3768 2793 3838 alligatus,
2824 3765 3036 3819 eisdem
3078 3778 3204 3817 mox
3251 3762 3317 3815 ad
3356 3769 3581 3814 natura-

1993 3862 2101 3916 lem
2133 3870 2336 3914 statum
2375 3874 2537 3914 suum
2568 3857 2751 3913 redire
2783 3854 3090 3927 permissis,
3123 3853 3438 3922 discerptus
3469 3859 3578 3905 est.

1995 3954 2085 4009 Sic
2146 3953 2357 4009 scilicet
2415 3961 2682 4024 tyrannus
2734 3950 2788 4003 in
2853 3949 2992 4003 duas
3045 3948 3344 4001 distractus
3397 3951 3581 4014 partes
3632 3952 3637 3957 ‘

1994 4047 2230 4102 interiit.
2278 4047 2586 4116 Imperator
2620 4052 2805 4098 autem
2849 4039 3242 4104 Chalcedonis,
3277 4054 3399 4108 qua:
3428 4053 3461 4092 c
3491 4053 3581 4092 re-

1994 4142 2156 4211 gione
2195 4138 2460 4209 Byzantio
2497 4137 2601 4190 sita
2646 4144 2752 4201 est,
2788 4149 2976 4188 muros
3020 4132 3166 4186 dirui
3206 4132 3417 4203 jussit:
3454 4146 3578 4183 nam

1996 4233 2049 4287 id
2076 4247 2156 4298 se,
2189 4231 2294 4287 sibi
2324 4230 2427 4300 ipsi
2451 4244 2672 4298 quoque
2696 4228 2815 4282 dira
2844 4236 3127 4297 precatus,
3159 4226 3432 4280 facturum
3458 4239 3580 4279 esse

1999 4336 2236 4396 tyranno
2265 4323 2483 4378 devicto
2511 4321 2819 4391 iuraverat,
2849 4329 3142 4390 propterea
3173 4318 3322 4389 quod
3349 4317 3583 4373 Chalce-

1999 4415 2149 4472 donii
2186 4413 2405 4486 tyranni
2445 4421 2635 4484 partes
2665 4413 2860 4477 secuti,
2891 4413 3151 4483 pietatem
3183 4423 3241 4466 et
3276 4412 3435 4466 ﬁdem
3472 4411 3578 4464 im-

1998 4508 2242 4578 peratori
2293 4505 2535 4561 debitam
2588 4504 2923 4575 abjeeerant.
2973 4501 3108 4557 Nam
3160 4519 3312 4569 eum,
3347 4518 3474 4558 cum
3513 4504 3579 4557 ad

2000 4600 2192 4653 urbem
2249 4614 2371 4654 eam
2429 4598 2796 4662 accessisset,
2853 4596 3254 4651 contumeliose
3312 4596 3581 4651 conviciis

1998 4692 2332 4762 proscissum
2394 4691 2570 4762 portis
2603 4690 2809 4745 clausis
2838 4690 3146 4743 exclusere.
3188 4688 3382 4743 Mtenia
3415 4687 3583 4756 igitur

1997 4785 2271 4856 principis
2308 4785 2464 4856 jussu
2509 4784 2898 4845 diruebantur,
2934 4791 2991 4837 et
3030 4796 3158 4835 saxa
3211 4783 3395 4836 statim
3440 4781 3584 4834 Cun-
3632 4758 3645 4773 κ

1999 4878 2419 4948 stantinopolim
2467 4875 2535 4930 ad
2584 4876 2866 4945 publicum
2915 4876 3214 4935 lavacrum.
3246 4873 3391 4943 quod
3432 4872 3580 4926 Cuu-

2001 4970 2343 5025 stantianum
2392 4978 2644 5023 vocatum
2691 4977 2796 5030 est,
2834 4967 3227 5021 exstruendqu
3281 4966 3583 5020 transfere-

1998 5063 2224 5117 bantur.
2279 5061 2577 5117 Enimvero
2611 5076 2737 5117 cum
2788 5060 2870 5115 sic
2916 5076 3105 5113 murus
3155 5060 3492 5123 dirucrctur,
3527 5060 3580 5112 iu

2000 5154 2225 5209 sublimi
2268 5153 2508 5224 quodam
2543 5153 2929 5217 saxo,,litteris
2964 5152 3129 5207 altius
3163 5152 3356 5206 incisis
3389 5166 3586 5205 oracu-

1998 5245 2112 5315 lum
2151 5245 2527 5315 conscriptum
2567 5252 2843 5314 repertum
2875 5249 2981 5310 est,
3018 5241 3153 5296 illud
3199 5241 3537 5297 denuntians
3567 5258 3580 5292 :

2000 5332 2104 5389 Ubi
2152 5337 2461 5406 copiosiore
2503 5352 2644 5405 aqua
2689 5335 2826 5389 urbs
2868 5333 3219 5390 abundatura
3255 5341 3423 5395 esset,
3466 5340 3582 5384 tum

1997 5426 2116 5483 fore
2170 5437 2230 5481 ut
2279 5445 2473 5482 murus
2526 5428 2750 5482 lavacro
2800 5426 3098 5491 inserviat;
3150 5434 3344 5495 gentes
3396 5432 3580 5477 autem

316 5509 648 5575 innumera‘,
682 5510 1059 5566 Romanorum
1092 5521 1371 5566 vastantes
1403 5512 1723 5581 imperium,
1790 5517 2022 5571 multum
2085 5519 2319 5574 ail‘erant
2383 5521 2724 5582 detrimenti,
2758 5521 2976 5574 tandem
3025 5533 3154 5571 vero
3194 5527 3247 5570 ct
3276 5517 3407 5586 ip~:l:
3429 5531 3584 5571 casae

331 5603 630 5658 intereant.
676 5600 783 5658 Sed
830 5603 968 5657 nihil
1016 5602 1220 5668 obstat,
1263 5603 1564 5672 quominus
1601 5603 1979 5660 studiosorum
2011 5623 2175 5664 causa
2209 5611 2497 5665 oraculum
2535 5611 2716 5680 ipsum
2751 5610 2842 5663 hic
2868 5617 3193 5680 apponatur.

327 5721 488 5775 Ἀλλ’
520 5720 618 5775 ὅτε
644 5720 720 5790 δὴ
746 5721 922 5793 (φησὶ)
946 5723 1175 5791 νύμφαι
1212 5720 1506 5789 δροσερέν
1527 5719 1713 5856 Ῐκατὰ,
1736 5722 1894 5776 ἄστυ

1551 5809 1794 5856 xIx-amr

1551 5809 1794 5859 xnpsmr

2008 5727 2169 5800 116
2199 5729 2257 5783 1η
2291 5730 2462 5784 media
2494 5729 2723 5801 liquidas
2751 5746 2869 5783 cum
2896 5731 3088 5783 ducent
3116 5726 3242 5781 urbe
3271 5727 3528 5794 choreas,
