4056 6418
259 379 366 438 557

868 495 1120 549 ΚΕΦΑΛ.
1152 497 1227 550 Ε’.

258 583 401 659 Περί
433 584 754 659 Ἕᾷευσίου
786 587 891 641 τοῦ
921 587 1195 655 Κυζίκου,
1240 590 1337 642 καὶ
1380 592 1715 659 Εὐνομίουο
1750 592 1838 644 ἔτι

329 653 400 706 δὲ
428 655 526 734 καὶ
547 657 681 724 περὶ
722 656 984 726 Ἆγελίου
1007 659 1115 713 τοῦ
1139 653 1478 715 ἐπισκόπου
1498 653 1619 714 τῶν
1645 663 1842 716 Ναυα-

330 739 572 780 τιανων.

340 833 408 890 ’0
430 835 490 889 δὲ
524 835 782 907 βασιλεὺς
814 838 1033 911 Οὐάλης
1067 841 1372 911 τηνικαῦτα
1410 843 1489 914 τῷ
1522 845 1664 898 κατὰ
1696 846 1841 913 Προ-

259 929 456 982 κοπίου
491 930 716 1002 πολέμῳ
745 932 1143 1004 ἐνευτυχήσας,
1195 937 1342 989 κατὰ
1374 937 1477 1003 τῆς
1508 938 1842 1010 Ἐκκλησίας

257 1019 417 1084 αὖθις
450 1022 747 1089 ὡπλίζετο,
794 1028 979 1080 πᾶσαν
1031 1031 1332 1099 θρησκείαν
1381 1031 1585 1102 Ἀρείῳ
1642 1033 1842 1102 ἐπίσης

262 1117 481 1186 φρονεῖν
519 1116 666 1190 μάλα
701 1118 1130 1190 ἐκὸιαζόμενος’
1167 1122 1407 1191 μάλιστα
1437 1125 1493 1177 δέ
1541 1125 1844 1195 ὑπερφυῶς

263 1210 407 1264 κατὰ
453 1211 564 1264 τῶν
597 1213 659 1267 ἐν
717 1213 1008 1287 Λαμψάκῳ
1060 1217 1430 1272 συνελθόντων
1478 1220 1737 1287 ἐπρίετο·
1781 1222 1841 1275 οὐ

266 1307 429 1374 μόνον
462 1306 545 1366 ὅτι
574 1306 702 1367 τοὺς
734 1305 1175 1377 ’Δρειανίζοντας
1204 1308 1315 1364 τῶν
1345 1312 1667 1365 ἐπισκόπων
1693 1311 1848 1366 ἀπώ-

163 1388 177 1400 ’
262 1413 451 1463 σαντο,
470 1396 622 1450 am
648 1396 745 1450 καὶ
768 1400 869 1469 τὴν
903 1401 962 1452 ἐν
989 1399 1260 1471 Ἀριμίνῳ
1280 1404 1380 1469 τῆς
1413 1405 1656 1467 πίστεως
1686 1404 1844 1458 ἐκθε-

262 1507 354 1541 σιν
378 1489 763 1560 ἀπεκήρυξαν.
807 1492 920 1546 Καὶ
948 1476 1065 1562 δῆτ’
1097 1495 1162 1546 ἐκ
1192 1495 1434 1559 Νικαίας
1465 1497 1710 1566 ἀπάρας,
1747 1515 1848 1552 κα-

261 1581 607 1650 ταλαμϐάνει
637 1583 737 1653 τὴν
767 1584 1167 1656 Νικομήδειαν.
1196 1588 1444 1641 Ἐκεῖθεν
1499 1589 1555 1642 δέ
1597 1590 1844 1660 πέμψας,

266 1672 393 1737 ἄγει
415 1671 548 1743 παρ’
580 1673 760 1743 ἐαυτῷ
793 1674 884 1727 τὸν
915 1676 1160 1741 Κυζίκου
1206 1677 1509 1745 Ἐλεύσιον,
1537 1679 1596 1744 ὃς
1629 1682 1695 1751 τῇ
1726 1682 1846 1735 Μα-

268 1763 504 1819 κεδονίου
536 1767 730 1841 γνώμῃ
786 1767 990 1836 μᾶλλον
1016 1770 1375 1840 προσέκειτο⁸
1437 1773 1536 1826 καὶ⁹
1582 1772 1847 1841 σύλλογον

1210 384 1809 447 ΕεαιΕδιΑδΤιεΕ
1847 385 2231 450 ΗΙΞΊῸΒΗΕ
2268 394 2409 455 LIB.
2458 396 2568 456 XI.

1870 501 1917 554 Α

3425 395 3541 457 59η

2549 506 2778 564 CAPUT
2812 508 2877 562 γ.

1950 593 2026 649 De
2060 597 2275 652 Elt‘usio
2327 599 2582 672 Cyziceno
2633 609 2681 653 et
2725 599 3032 672 Eunomia;
3078 600 3200 653 item
3236 605 3303 651 de
3350 597 3530 665 Agclio

2432 670 2477 722 Ν
2486 675 2733 725 ovatiano
2767 671 3026 740 episcopo.

2020 849 2322 917 Imperator
2364 848 2583 914 Valens,
2614 850 2763 905 bello
2806 858 2999 904 contra
3038 847 3370 916 Procopium
3409 859 3536 912 pro-

1952 956 2113 1011 spere
2144 950 2299 1010 gesto
2331 943 2532 1018 elatus.
2564 942 2837 996 adversus
2881 940 3171 996 ecclesiam
3212 954 3406 991 rursus
3442 952 3535 990 ar-

1952 1049 2052 1087 ma-
2078 1035 2310 1103 paravit,
2341 1035 2451 1088 vim
2500 1035 2860 1105 religionibus
2904 1034 3186 1094 omnibus,
3219 1042 3278 1085 ut
3322 1046 3381 1083 se
3419 1027 3532 1082 Arii

1955 1126 2198 1197 dogmati
2244 1126 2765 1189 accommodarent:
2814 1124 3079 1179 inferens.
3130 1123 3360 1176 Maxime
3405 1135 3537 1173 vero

1954 1227 2147 1271 contra
2212 1232 2309 1270 eos
2371 1215 2463 1285 qui
2529 1216 2816 1285 Lampsaei
2878 1224 3213 1270 conventum
3272 1220 3537 1282 egerant,

1954 1305 2268 1368 frendebat,
2300 1305 2445 1375 quod
2475 1320 2585 1360 non
2613 1306 2779 1358 modo
2809 1305 3025 1360 Arianis
3053 1304 3331 1373 episcopis
3361 1296 3541 1371 digni-

1957 1411 2125 1455 tatem
2159 1399 2537 1467 abrogassent,
2571 1399 2666 1453 sed
2709 1399 2876 1455 etiam
2919 1396 3046 1451 fidei
3093 1397 3387 1449 formulam
3418 1393 3542 1447 Ari-

1954 1492 2088 1546 mini
2128 1490 2529 1561 promulgatam
2581 1490 2964 1544 damnassent.
3012 1489 3082 1544 Et
3125 1488 3305 1543 Nicaea
3359 1483 3544 1553 profe-

1955 1592 2099 1647 ctus,
2125 1582 2503 1637 Nicomediam
2536 1581 2708 1641 venit.
2743 1588 2911 1650 atque
2939 1596 3006 1635 eo
3033 1579 3319 1635 Eleusium
3354 1575 3542 1646 Cyziei

1955 1675 2280 1744 episcopum
2324 1673 2390 1728 ad
2425 1690 2486 1730 se
2516 1675 2738 1737 accivit,
2778 1673 2871 1743 qui
2907 1670 3215 1726 Macedonii
3251 1670 3546 1725 sententia

1957 1768 2133 1840 magis
2181 1766 2441 1837 addictus
2495 1776 2636 1822 erat.
2693 1754 3157 1836 Congregatoque
3203 1763 3542 1816 Arianorum

284 1858 341 1911 ‘A
351 1859 730 1929 ρειανιζόντων
748 1861 1066 1916 ἐπισκόπων
1095 1864 1382 1935 ἁθροίσας,
1401 1868 1684 1920 κοινωνεῖν
1704 1867 1851 1920 ἐκεί-

1957 1863 2347 1933 epise0porum
2387 1870 2556 1926 coetu,
2600 1870 2662 1915 ut
2702 1876 2831 1914 cum
2865 1860 2974 1914 illis
3004 1858 3255 1913 eamdem
3287 1866 3533 1910 commu-

275 1968 388 2016 νοις
419 1952 511 2021 τῆς
544 1954 788 2018 πίστεως
821 1955 1076 2020 ἐϐιάζετο
1101 1973 1115 1990 ·
1141 1959 1169 2010 ὁ
1194 1958 1253 2011 δὲ
1286 1959 1354 2012 τά
1385 1959 1485 2030 μὲν
1513 1959 1710 2030 πρῶτα
1731 1977 1856 2028 γεν-

271 2043 435 2109 ναίως
464 2040 582 2117 εἶχε
627 2048 725 2102 καὶ
768 2048 1032 2117 ἀνδρείως
1080 2049 1361 2103 ἀντέτεινε
1406 2050 1508 2122 τὴν
1557 2051 1853 2105 κοινωνίαν

264 2136 633 2207 ἀπαγορεύων
656 2153 671 2168 ο
713 2137 789 2203 ὡς
835 2139 881 2191 δ’
917 2140 1216 2212 ὑπερόριον
1251 2144 1428 2195 ποιεῖν
1484 2142 1582 2195 καὶ
1615 2144 1682 2196 τὰ
1713 2161 1852 2216 προ-

261 2227 429 2280 σόντα
468 2230 524 2282 κοί
555 2231 914 2302 ἀφαιρεῖσθαι
941 2234 1186 2303 ἠπείλει,
1215 2233 1424 2300 δείσας,
1452 2234 1600 2288 ἑκὼν
1633 2235 1853 2291 ἀέκοντί

255 2339 333 2392 γε
365 2322 524 2394 θυμῷ
560 2325 621 2377 τὸ
653 2327 1004 2397 προσταχθὲν
1054 2329 1137 2392 είς
1183 2329 1357 2399 πέρας
1381 2322 1488 2400 ἦγε
1512 2328 1592 2399 τῷ
1614 2328 1850 2398 βασιλεῖ.

259 2415 379 2469 Καὶ
435 2416 597 2480 εὐθὺς
642 2418 941 2489 μεταμέλῳ
994 2422 1240 2490 ἐχρῆτο,
1299 2420 1399 2475 καλ⁴
1446 2419 1546 2473 ἐπὶ
1603 2421 1851 2482 Κυζίκου

258 2502 580 2571 γενόμενος,
608 2506 966 2574 ἐκκλησιάζει
1015 2509 1078 2562 τὸ
1110 2508 1323 2578 πλῆθος
1344 2548 1362 2575 ,
1392 2510 1491 2564 καὶ
1548 2511 1648 2580 τὴν
1670 2512 1857 2582 ἁμαρο

262 2597 392 2650 τίαν
439 2600 729 2670 παρρησίᾳ
758 2600 1060 2671 ἐξήγγελλε
1086 2618 1100 2633 ·
1159 2602 1477 2672 προσετίθει
1518 2619 1584 2670 γε
1616 2605 1726 2673 μὴν
1759 2604 1856 2657 καὶ

261 2690 457 2760 ἕτερον
483 2692 785 2746 ἐπίσκοπον
819 2695 1180 2749 ἐκκαλεῖσθαι
1203 2713 1217 2727 ο
1248 2696 1432 2769 ἐαυτῷ
1468 2697 1581 2768 γὰρ
1618 2699 1695 2771 μὴ
1720 2715 1856 2768 προ-

265 2785 458 2854 σήκειν
499 2784 595 2838 τοῦ
638 2785 829 2840 λοιποῦ
883 2788 1163 2855 ἱερᾶσθαι,
1199 2791 1300 2861 τὴν
1332 2794 1608 2864 σφετέραν
1663 2792 1855 2848 πίστιν

264 2878 673 2948 προδεδωκότα.
708 2880 865 2936 Εὖνοι
911 2883 968 2937 δὲ
998 2883 1067 2937 τὰ
1101 2884 1340 2953 μάλιστα
1374 2884 1523 2951 αὗτῷ
1550 2884 1706 2949 δντες
1737 2888 1855 2940 Κυ-

263 2970 483 3040 ζικηνοὶ
509 3012 523 3035 ,
562 2972 662 3042 τὴν
711 2974 821 3045 γὰρ
863 2974 1078 3029 ἐκείνου
1120 2977 1406 3029 πολιτείαν
1459 2977 1760 3047 κατάκρως
1791 2979 1857 3050 ᾐ-

264 3063 480 3129 δοῦντο,
513 3066 705 3137 ἕτερον
736 3069 888 3138 ἱερέα
936 3071 1035 3140 οὐχ
1087 3069 1319 3135 εἴλοντο,
1349 3068 1477 3123 οὔτε
1517 3070 1624 3141 μὴν
1679 3069 1856 3141 ἑτέρῳ

1957 1969 2196 2024 nemque
2244 1954 2409 2009 fidem
2450 1954 2936 2024 complecteretur,
2991 1949 3309 2020 imperavit.
3370 1946 3544 2000 Porro

1956 2046 2214 2101 Eleusius
2271 2046 2514 2117 primum
2571 2059 2841 2116 generose
2907 2051 2965 2098 et
3026 2042 3247 2097 fortiter
3316 2039 3541 2094 illorum

1956 2137 2409 2198 communionem
2472 2145 2802 2205 aspernatus
2863 2136 3067 2191 restitit
3121 2154 3134 2189 :
3192 2132 3287 2188 ubi
3357 2139 3542 2185 autem

1956 2228 2262 2298 imperator
2293 2227 2551 2283 exsilium
2582 2228 2634 2280 ei
2671 2227 3061 2294 bonorumque
3115 2222 3544 2295 publicationem

1957 2323 2200 2376 minatus
2237 2329 2343 2386 est,
2380 2330 2530 2375 metu
2580 2320 2892 2389 perculsus,
2936 2319 3119 2373 libens
3165 2315 3413 2386 quidem,
3448 2313 3543 2368 sed

1930 2418 2067 2467 'non
2120 2413 2317 2468 libenti
2371 2414 2581 2479 animo,
2621 2412 2768 2480 quod
2818 2412 3124 2481 imperator
3160 2410 3350 2481 jussit,
3390 2407 3542 2461 fecit.

1957 2505 2163 2561 Verum
2192 2506 2486 2562 confestim
2518 2505 2851 2575 poenitentia
2883 2504 3107 2568 ductus,
3134 2517 3260 2556 cum
3283 2500 3545 2572 Cyzicum

1957 2599 2224 2665 venisset,
2258 2598 2406 2669 apud
2444 2598 2862 2652 multitudinem
2898 2598 2959 2651 in
3002 2603 3281 2651 conventu
3319 2591 3547 2662 publico

1959 2699 2248 2760 peccatum
2282 2705 2442 2745 suum
2468 2678 2761 2759 propalam
2799 2698 2886 2743 est
2916 2687 3202 2742 confessus
3239 2703 3253 2740 :
3287 2683 3422 2739 illud
3460 2683 3547 2735 in~

1958 2798 2128 2852 super
2162 2782 2374 2837 addens
2408 2782 2504 2852 (’l).
2545 2792 2604 2835 ut
2643 2782 2812 2837 alium
2862 2780 2966 2836 sibi
3012 2794 3298 2835 sacrorum
3341 2776 3551 2847 delige-

1958 2887 2084 2932 rent
2128 2878 2471 2943 antistitem;
2513 2877 2616 2932 sibi
2661 2876 2810 2931 enim
2857 2876 3121 2944 deinceps
3166 2874 3552 2943 episcopatu”)

1959 2987 2170 3040 gerere.
2208 2971 2355 3039 quod
2409 2970 2578 3046 fidem.
2623 2985 2779 3023 suam
2832 2954 3160 3038 prodiderit,
3199 2968 3382 3020 minus
3420 2981 3553 3020 con-

1957 3065 2175 3117 venire.
2212 3064 2384 3133 118
2428 3062 2683 3134 Cyziceni
2721 3069 2930 3125 autem,
2967 3061 3113 3129 quod
3161 3073 3377 3114 summa
3421 3072 3549 3110 eum

267 3155 633 3228 παρεχώρουν
687 3158 788 3229 τῆς
824 3158 1200 3229 Ἐκκλησίαςο
1259 3160 1355 3214 ὑπ’
1406 3160 1559 3232 αὖτῷ
1609 3160 1667 3215 δὲ
1713 3157 1853 3230 ἦσαν

1962 3159 2475 3228 complecterentur
2528 3154 2955 3219 benevolentia,
3012 3162 3071 3208 et
3124 3152 3550 3208 conversatione

266 3250 598 3317 ταττόμενοι
627 3249 725 3321 τῆς
761 3253 971 3312 οἰκείας
1003 3251 1165 3323 δόξης
1227 3253 1651 3323 μετατιθέμενοι
1696 3254 1856 3307 οὐδα-

273 3339 416 3411 μῶς.
455 3340 543 3404 Ὠς
569 3341 627 3395 δὲ
656 3342 813 3399 ταῦτ’
843 3343 1093 3408 Ερδόξιος
1117 3344 1281 3415 ἔγνω,
1307 3346 1408 3415 τῆς
1447 3345 1742 3416 Ἀρειανῆς
1773 3347 1857 3398 αἱ·

270 3433 481 3503 ρὲσεως
500 3435 559 3489 ὲν
590 3432 1161 3493 Κωνσταντινουπόλει
1197 3439 1582 3508 προεστηκὼς,
1612 3455 1855 3508 χειροτο-

265 3527 355 3578 νεί
404 3526 590 3589 αὐτοῖς
641 3526 734 3580 τὸν
784 3526 1101 3599 Εὐνόμιον·
1140 3526 1282 3600 ᾤετο
1335 3531 1447 3598 γὰρ
1490 3530 1665 3584 δεινὸν
1723 3531 1856 3591 ὄντα

267 3618 480 3686 λέγειν,
514 3617 712 3672 Θᾶττον
743 3621 1107 3691 μεταπείσειν
1143 3622 1516 3692 Κυζικηνοὺς,
1550 3624 1732 3678 πειθοῖ
1748 3641 1854 3678 τινι

267 3710 526 3784 δαιμονίᾳ
574 3712 712 3783 προς
745 3712 847 3783 τὴν
881 3716 1159 3785 σφετέραν
1209 3715 1621 3783 ἐφελκύσασθαι
1650 3716 1855 3785 δόξαν.

282 3805 440 3858 Ἐπεὶ
467 3804 523 3859 δὲ
555 3806 634 3868 είς
668 3805 915 3871 Κύζικον
956 3802 1094 3879 ἧκεν
1130 3808 1424 3877 Εὑνόμιος,
1462 3809 1856 3880 προστάγματι

272 3895 544 3964 βασιλέως
573 3896 683 3950 τῶν
719 3897 822 3966 μὲν
854 3897 1161 3966 ἐκκλησιῶν
1185 3901 1484 3973 ἐκράτησε,
1525 3902 1619 3956 τοῦ
1661 3903 1858 3957 Ἐλευ-

276 3990 396 4043 algu
445 3989 833 4055 ἐξελαθέντος·
895 3993 944 4046 οἱ
997 3992 1043 4046 δ’
1095 3994 1293 4065 ἐκείνῳ
1348 3996 1691 4066 πειθόμενοι,
1751 3996 1859 4065 ἔξω

273 4084 474 4153 τειχῶν
504 4084 813 4151 γενόμενοι.
849 4086 959 4155 πρὸ
987 4087 1088 4154 τῆς
1122 4085 1336 4151 πόλεως
1367 4089 1470 4151 τὰς
1525 4089 1858 4157 συναγωγὰς

273 4176 590 4245 ποιούμενοι
638 4177 1022 4248 ἐκκλησίαζον.
1055 4177 1220 4233 Ἀλλά
1278 4179 1407 4251 περὶ
1453 4180 1552 4247 μὲν
1586 4181 1859 4252 Εὑνομίου

276 4271 371 4323 καὶ
399 4271 499 4339 τῆς
531 4269 828 4340 ἐπωνύμου
874 4272 1053 4342 τούτῳ
1083 4272 1352 4342 αἱρέσεως
1389 4275 1589 4342 μικρὸν
1630 4273 1862 4346 ὕστερον

273 4363 418 4415 κατὰ
447 4363 631 4434 χώραν
664 4362 777 4431 ἐρῶ
798 4376 812 4390 ⁸
846 4363 908 4417 οὐ
968 4364 1130 4434 μόνον
1153 4365 1209 4417 δὲ
1263 4364 1685 4429 Μακεδονιανοὶ,
1722 4367 1862 4422 ἀλλὰ

274 4456 369 4507 καὶ
397 4456 445 4507 οἱ
480 4455 542 4506 τὸ
589 4437 769 4523 δόγμα
797 4454 907 4507 τῶν
940 4457 997 4507 ἐν
1020 4455 1229 4525 Νικαίᾳ.
1282 4456 1659 4512 συνελθόντων
1690 4476 1863 4527 πρεσ-

1958 3252 2080 3323 ejus
2131 3251 2511 3320 maximopere
2548 3250 2988 3315 delectarentur,
3015 3247 3343 3318 episcopum
3379 3245 3550 3299 alium

1958 3359 2070 3399 non
2112 3353 2464 3413 receperunt,
2500 3357 2683 3412 neque
2723 3341 2817 3396 alii
2853 3340 3158 3396 Eeclesiam
3199 3337 3498 3408 regendam
3534 3354 3548 3391 :

1959 3438 2055 3494 sed
2115 3437 2219 3508 ipsi
2273 3437 2500 3493 Eleusio
2560 3436 2810 3502 subditi,
2877 3433 3210 3491 sententiam
3274 3432 3551 3502 permise-

1960 3538 2093 3584 runt
2127 3545 2284 3586 suam
2337 3529 2570 3585 minime
2622 3539 2862 3585 mutare.
2905 3526 3065 3595 Quod
3107 3528 3201 3582 ubi
3260 3525 3555 3580 Eudoxius

1957 3622 2177 3678 Arianm
2211 3631 2376 3677 sectae
2405 3620 2890 3692 Constantinopoli
2938 3620 3232 3689 praefectura
3267 3618 3550 3688 cognovit,

1959 3715 2287 3785 episc0pum
2322 3714 2430 3769 illis
2449 3713 2736 3769 ordinavit
2761 3711 3124 3777 Eunomium.
3152 3711 3374 3766 Putavit
3400 3726 3553 3764 nam-

1960 3820 2071 3877 que
2104 3807 2244 3871 fore,
2283 3815 2345 3860 ut
2390 3807 2437 3862 is
2480 3806 2802 3875 eloquentia
2851 3820 2954 3861 sua
3001 3804 3154 3859 brevi
3191 3819 3289 3874 per
3337 3804 3556 3857 felicem

1960 3900 2259 3970 quamdam
2308 3899 2681 3969 persuadendi
2736 3899 2845 3953 vim
2895 3896 3200 3969 Cyzicenos
3272 3882 3557 3951 demulsos

1961 3995 2030 4048 ad
2089 3994 2413 4064 opinionem
2475 4007 2631 4047 suam
2694 3993 3066 4063 pertraheret.
3131 3992 3201 4046 Et
3261 3999 3553 4060 postquam

1963 4085 2277 4140 Eunomius
2300 4083 2559 4154 Cyzicum
2590 4085 2765 4147 venit,
2807 4084 3073 4138 ecclesias
3101 4085 3356 4152 quidem,
3389 4084 3555 4138 Eleu-

1920 4168 1921 4171 “
1963 4180 2047 4234 sio
2098 4177 2455 4246 imperatoris
2496 4175 2655 4247 jussu
2710 4176 2985 4246 expulso,
3051 4191 3258 4232 vacuas
3304 4178 3557 4246 recepit,

1962 4271 2122 4339 plebs
2142 4280 2354 4333 autem,
2390 4267 2610 4322 Eleusio
2639 4269 2973 4337 obsequens,
3005 4278 3161 4323 extra
3196 4263 3560 4326 urbcm‘con-

1964 4373 2167 4419 ventus
2204 4362 2426 4431 agebat.
2477 4361 2586 4416 Sed
2636 4362 2706 4416 de
2766 4361 3048 4415 Eunomio
3094 4370 3153 4416 et
3194 4362 3317 4431 ejus
3357 4363 3554 4418 haeresi

1966 4472 2067 4512 suo
2095 4457 2218 4510 loco
2250 4457 2415 4525 paulo
2461 4465 2586 4524 post
2629 4453 2834 4508 dicam.
2866 4455 3073 4509 Verum
3104 4455 3399 4509 enimvero
3437 4472 3548 4509 non

273 4546 531 4612 εεόοντες
559 4549 669 4601 τῶν
692 4548 836 4602 ίσων
877 4549 1068 4602 κακῶν
1097 4550 1242 4603 κατὰ
1275 4551 1378 4620 τὴν
1408 4551 1853 4605 Κωνσταντινού-

1965 4548 2131 4605 modo
2188 4547 2598 4613 Macedoniam,
2640 4549 2737 4602 sed
2796 4547 2963 4601 etiam
3019 4547 3306 4603 Nietenum
3356 4548 3555 4615 dogma

277 4641 435 4692 πολιν
464 4641 782 4711 ἐπειρῶντο.
813 4641 1044 4712 Ἐπίσης
1071 4643 1129 4696 δέ
1157 4644 1343 4706 αὐτοῖς
1370 4646 1468 4698 καὶ
1493 4645 1544 4697 οῖ
1568 4645 1639 4698 τὰ
1669 4644 1861 4700 Ναυά-

275 4751 372 4785 του
404 4735 748 4805 φρονοῦντες,
782 4735 880 4789 άτε
907 4737 976 4806 ’δὴ
1016 4737 1116 4792 καὶ
1159 4733 1308 4792 οὗτοι
1339 4740 1406 4808 τῇ
1441 4737 1536 4792 τοῦ
1562 4740 1856 4809 ὁμοουσίου

270 4827 397 4896 δόξῃ
434 4830 831 4897 προσκείμενοι
854 4845 868 4861 ο
905 4824 981 4885 ὧν
1008 4831 1077 4901 δὴ
1107 4833 1204 4885 καὶ
1224 4831 1325 4894 τὰς
1355 4832 1661 4903 ἐκκλησίας
1682 4838 1854 4903 ἀφαι-

276 4919 486 4988 ρεῖσθαι
510 4921 728 4974 ἐκέλευε
759 4922 1043 4992 βασιλεύςο
1071 4924 1200 4987 τοὺς
1224 4924 1282 4977 δέ
1307 4924 1503 4987 ἄλλους
1531 4926 1854 4980 ἀποκλείειν

269 5012 373 5064 οῦκ
408 5008 586 5082 εἶχενο
618 5014 721 5085 ἤδη
754 5015 864 5085 γὰρ
885 5015 1187 5087 ἐκπολλοῦ
1224 5017 1417 5082 ἀφεῖλε
1447 5017 1855 5083 Κωνστάντιος.

272 5104 380 5157 Τὸν
425 5105 470 5158 δ’
523 5107 827 5160 ἐπίσκοπον
880 5107 1109 5162 ἐκείνων
1154 5108 1424 5177 Ἀγέλιον,
1486 5109 1546 5174 ὃς
1598 5111 1711 5165 ἀπὸ
1744 5112 1858 5166 τῶν

271 5194 689 5251 Κωνσταντίνου
723 5200 933 5268 χρόνων
956 5203 1055 5270 τῆς
1084 5200 1197 5255 τῶν
1230 5201 1595 5277 Ναυατιανῶν
1626 5202 1861 5276 Ἐκκλη-

271 5287 399 5351 σίας
454 5289 666 5359 ἡγεῖτο.
701 5294 799 5344 καὶ
856 5292 1152 5363 ὑπερόριον
1205 5294 1487 5347 ἐποιεῖτω
1536 5294 1764 5358 ἐλέγετο
1801 5296 1858 5348 δέ

271 5373 449 5444 οὗτος,
478 5382 556 5447 ὼς
587 5385 871 5449 Σωκράτει
902 5384 1073 5451 δοκεῖ,
1107 5385 1435 5456 θαυμασίως
1479 5387 1654 5457 βιοῦν.
1690 5388 1766 5442 Τό
1798 5404 1856 5441 τε

270 5477 385 5545 γὰρ
416 5477 476 5529 ἐν
515 5477 812 5550 φιλοσοφίᾳ
836 5481 1098 5549 μέγιστον
1124 5481 1412 5552 ἐκέκτητο,
1440 5483 1686 5553 κτήσεως
1709 5482 1856 5536 άπά-

273 5584 375 5643 σης
402 5572 497 5625 καὶ
522 5574 828 5643 χρημάτων
853 5574 1135 5646 ἐλεύθερος
1169 5574 1246 5629 ὢν
1267 5591 1281 5606 ·
1313 5578 1409 5629 καὶ
1437 5578 1472 5645 ἡ
1520 5576 1719 5648 ἀγωγὴ
1761 5578 1857 5631 τὸν

270 5664 515 5734 ἐργάτην
562 5667 812 5721 ἐδείκνυ·
847 5669 931 5722 ἐνὶ
976 5670 1088 5739 γὰρ
1150 5670 1465 5741 χιτωνίσκῳ
1514 5671 1856 5740 σκεπόμενος

1968 4640 2398 4712 comprobantes
2449 4630 3185 4710 Constantinopoii'eisdem
3238 4639 3558 4694 adicieban-

1967 4746 2060 4791 tur
2091 4737 2251 4792 malis
2284 4755 2297 4790 :
2332 4750 2516 4803 neque
2554 4749 2623 4789 eo
2662 4735 2849 4789 minus
2895 4735 3061 4790 etiam
3103 4734 3424 4795 Novatiani,
3455 4736 3551 4805 qui

1965 4840 2025 4886 et
2061 4830 2170 4900 ipsi
2219 4828 2717 4886 consubstantialis
2757 4829 3167 4899 professionem
3214 4830 3557 4899 complecte-

1965 4924 2207 4991 bantur;
2260 4931 2604 4993 quapropter
2657 4924 2739 4979 eis
2788 4939 3015 4994 quoque
3064 4923 3334 4978 ecclesias
3383 4922 3555 4976 adimi

1967 5020 2273 5089 imperator
2331 5026 2696 5087 praeceperat.
2753 5016 2907 5072 Alios
2958 5026 3248 5087 praeterea,
3281 5033 3425 5088 quos
3457 5032 3555 5072 ex-

1967 5109 2240 5174 cluderet,
2281 5123 2393 5163 non
2442 5107 2713 5172 habebat;
2758 5122 2920 5163 antea
2964 5108 3114 5163 enim
3153 5108 3365 5164 dudum
3411 5109 3558 5166 Con—

1968 5203 2208 5257 stantius
2266 5200 2548 5257 haereticis
2611 5202 2844 5274 reliquis
2906 5204 3175 5259 ecclesias
3247 5205 3554 5275 eripuerat.

1967 5296 2218 5368 Agelium
2280 5311 2505 5366 Quoque
2570 5299 2926 5368 episcopum.
2981 5301 3075 5369 qui
3124 5317 3154 5354 a
3201 5299 3554 5356 Constantini

1969 5390 2338 5463 temporibus,
2382 5391 2450 5445 ad
2495 5406 2627 5446 eum
2672 5403 2855 5463 usque
2904 5395 3076 5459 diem,
3115 5395 3553 5450 Novatianorum

1963 5484 2219 5540 ecclesiis
2276 5495 2549 5554 praterat,
2597 5486 2651 5540 in
2705 5488 2961 5542 exsilium
3013 5488 3211 5545 Valens
3261 5489 3395 5558 egit.
3450 5487 3556 5554 Qui

1938 5566 2133 5641 ‘sane,
2186 5578 2655 5647 quemadmodum
2709 5579 2922 5636 Socrati
2975 5583 3220 5645 videtur,
3273 5581 3556 5635 admiran-

1966 5671 2091 5725 dam
2135 5671 2249 5740 egit
2292 5672 2485 5726 vitam.
2522 5672 2658 5728 Nam
2700 5674 2753 5728 in
2789 5689 2879 5740 eo,
2913 5674 3060 5746 quod
3104 5675 3160 5729 in
3203 5672 3555 5745 philosophia

343 5850 421 5921 (ι)
459 5851 522 5907 Et
550 5849 713 5908 simul
744 5854 811 5910 dc
841 5857 891 5909 vi
934 5856 1039 5911 sibi
1074 5857 1222 5913 illata
1258 5866 1620 5926 conquestus.
1648 5858 1805 5913 Socr.
1851 5856 1949 5912 lib.
1993 5874 2069 5924 tv,
2104 5874 2227 5929 cap.
2264 5859 2313 5914 6.
