4056 6424
573 394 679 457 599

1815 421 2243 486 NlCEPHORI
2282 424 2629 490 CALLISTI
2950 455 2979 472 ο
3392 485 3397 491 .
3749 424 3840 488 600

569 506 869 615 maximum
902 522 1006 578 est,
1038 515 1142 572 fuit
1171 535 1187 574 :
1218 526 1600 591 possessiones
1632 532 1782 588 enim
1828 536 2011 593 nullas
2063 552 2149 593 ne-

2269 539 2502 595 διετέλει
2526 583 2543 608 ,
2575 544 2687 607 τοῖς
2718 543 2869 615 ὅροις
2921 540 3019 596 τοῦ
3047 538 3387 610 Εὐαγγελίου
3448 537 3698 609 στοιχιῖΝ,
3747 540 3835 592 καὶ

568 608 679 662 que
708 598 1010 696 quidquam
1053 610 1304 673 pecuniae
1340 613 1553 672 habuit.
1588 617 1657 675 Et
1694 622 1817 680 vitae
1846 624 1970 696 ejus
1998 628 2157 684 insti-

569 698 751 746 tutum
810 693 863 746 id
919 699 1155 756 maxime
1209 703 1534 764 declaravit.
1593 711 1766 770 Unica
1812 693 1961 773 enim
2003 730 2156 776 veste

564 793 863 881 contentus
894 787 1032 856 fuit,
1090 801 1147 847 et
1188 800 1526 869 evangelicis
1576 805 1819 865 decretis
1865 810 2152 881 insistens,

564 872 957 933 calceamentis
1004 897 1136 937 usus
1186 903 1298 942 non
1338 901 1444 945 est.
1490 892 1763 969 Cancrum
1818 917 1929 956 non
1980 905 2155 961 multo

564 974 715 1032 post.
751 968 820 1023 ab
855 972 1052 1027 exsilio
1086 989 1408 1048 revocatus,
1443 968 1715 1044 ecclesias
1755 1007 1883 1047 suas
1919 996 2154 1064 recepit,

666 1058 843 1116 libere
896 1064 950 1117 in
998 1067 1082 1122 eis
1131 1085 1442 1150 conventus
1485 1079 1620 1147 egit.
1663 1082 1818 1144 Quod
1866 1094 1924 1138 ut
1972 1058 2149 1152 ﬁeret,

560 1145 877 1208 Marcianus
907 1157 1131 1225 quidam
1165 1162 1369 1225 effecit,
1404 1166 1487 1220 vir
1519 1169 1627 1223 vita
1660 1173 1822 1226 simul
1854 1184 1910 1228 et
1938 1176 2152 1231 doctri-

560 1255 632 1293 na
669 1242 968 1300 admodum
1003 1261 1309 1319 spectatus,
1363 1258 1461 1327 qui
1495 1260 1703 1315 «ludum
1735 1262 2152 1331 quidem'suum

562 1334 617 1387 in
672 1336 1030 1427 imperatoria
1074 1347 1200 1399 aula
1259 1349 1585 1409 obtinuerat
1627 1356 1852 1425 locum,
1899 1369 2012 1414 tum
2057 1379 2155 1416 au-

560 1438 673 1483 tem
724 1437 869 1501 apud
923 1436 1257 1497 Novatianos
1295 1445 1348 1499 in
1392 1449 1846 1520 presbyterorum
1893 1453 2149 1509 ordinem

560 1535 880 1594 cooptatus,
922 1530 1279 1602 imperatoris
1323 1538 1463 1617 tilias
1502 1541 1853 1598 Auastasiam
1888 1555 1945 1599 et
1979 1546 2152 1601 Caro-

559 1622 1093 1686 samgrammatieae
1140 1638 1417 1698 prmcepta
1463 1631 1725 1697 docebat,
1771 1637 1876 1690 sul)
1911 1654 2148 1708 quarum

561 1709 790 1765 nomine
849 1713 1069 1781 publica
1130 1718 1351 1776 lavacra
1409 1723 1891 1799 Constantinopoli
1950 1731 2153 1787 Valens

561 1806 892 1859 construxit.
950 1807 1112 1880 119
1162 1810 1296 1881 Ejus
1350 1815 1448 1869 viri
1495 1822 1670 1889 gratia
1715 1820 2149 1879 Novatianorum

2263 630 2635 703 ὑποδημάτων
2665 634 2789 705 δίχα
2806 633 2985 689 διόλου
3013 633 3282 698 ἐϐάδιζεν.
3315 632 3390 686 Οὐ
3416 629 3603 699 πολλῷ
3622 630 3677 682 δὲ
3699 628 3836 682 ὕστε-

2267 741 2360 794 ρον
2398 726 2791 796 μετακληθεὶς,
2810 728 2913 789 τὰς
2938 726 3030 780 ὑπ’
3060 726 3225 780 αὑτὸν
3264 724 3573 794 ἐκκλησίας
3592 722 3836 790 κατέσχε,

2263 818 2359 869 καὶ
2411 818 2586 882 ἀδεῶς
2619 819 2978 889 ἐκκλησίαζε.
3021 819 3292 889 Πρόξενος
3336 815 3391 870 δὲ
3443 814 3658 869 τούτων
3700 811 3838 880 αὐτῷ

2262 908 2584 978 Μαρκιανός
2621 927 2675 962 τι
2712 911 2957 978 ἐγένετο,
3011 912 3153 981 ἀνὴρ
3195 908 3294 979 βίῳ
3321 909 3417 962 καὶ
3460 905 3613 975 λόγῳ
3638 903 3841 971 θαυμα-

2262 999 2393 1062 σίως
2417 1000 2599 1062 συζῶν
2622 1019 2636 1034 ο
2675 1003 2734 1065 ὃς
2764 1003 2934 1057 πάλαι
2958 1003 3059 1072 μὲν
3101 1004 3159 1055 ὲν
3188 1004 3301 1064 τοῖς
3327 999 3660 1066 ἀνακτόροις
3686 1013 3840 1064 στρα-

2257 1092 2411 1155 τείας
2443 1094 2746 1161 ἐπείληπτο
2769 1113 2782 1126 ·
2820 1097 2939 1149 τότε
2990 1096 3038 1147 δ’
3070 1096 3322 1165 ἱερᾶσθαι
3356 1092 3545 1162 λαχὼν
3572 1090 3838 1144 Nauem:-

2257 1183 2389 1246 νοῖς,
2454 1184 2556 1245 τὰς
2618 1183 2889 1251 βασιλέως
2943 1184 3282 1254 θυγατέρας,
3327 1182 3702 1236 Ἀναστασίαν
3750 1181 3839 1231 καὶ

2257 1272 2556 1344 Καρῶσαν,
2593 1275 2786 1344 λόγους
2848 1276 3278 1347 γραμματικοὺς
3332 1273 3726 1338 ἐξεπαίδευεν·
3769 1265 3836 1324 ὧν

2257 1364 2354 1417 καὶ
2416 1366 2486 1418 τὰ
2542 1366 2782 1437 δημόσια
2832 1370 3037 1439 λουτρὰ
3087 1371 3152 1439 τῇ
3214 1367 3639 1421 Κωνσταντινου
3683 1381 3838 1417 κατα-

2260 1459 2634 1511 σκευασθέντα
2696 1461 2913 1530 Οὑὰλης
2966 1462 3166 1516 ἐποίει.
3222 1460 3373 1514 Αἰὸοϊ
3404 1459 3594 1512 τοίνυν
3626 1456 3839 1526 τάνδρὸς

2261 1550 2401 1619 πρὸς
2435 1551 2617 1619 ὀλίγον
2653 1554 2711 1605 αἱ
2755 1555 2865 1606 τῶν
2924 1552 3288 1609 Ναυατιανῶν
3344 1552 3649 1623 ἐκκλησίαι
3697 1549 3837 1602 κλει-

2260 1644 2476 1698 σθεῖσαι
2532 1643 2691 1709 αὖθις
2756 1648 3043 1718 ὴνοίγοντο
3068 1664 3085 1679 ’
3121 1647 3183 1702 οὐ
3223 1649 3407 1716 μέντοι
3458 1645 3555 1700 καὶ
3583 1642 3728 1697 οὕτω
3752 1644 3841 1710 τῆς

2258 1738 2323 1790 ὲκ
2351 1739 2462 1791 τῶν
2494 1741 2801 1810 Ἀρειανῶν
2832 1741 3083 1815 ταραχῆς
3116 1740 3469 1795 παντάπασιν
3514 1733 3658 1811 ἦσαν
3702 1734 3842 1787 ἐλεύ-

2266 1827 2425 1900 θεροι
2447 1846 2459 1861 ⁸
2504 1831 2592 1884 διὰ
2626 1831 2818 1901 μίσους
2849 1834 2958 1903 γὰρ
2987 1828 3131 1904 ἦσαν
3165 1833 3372 1896 αὐτοῖς,
3406 1831 3609 1900 ὅτιπερ
3632 1827 3757 1888 τοὺς
3787 1827 3841 1875 τὸ

557 1893 835 1964 ecclesim,
885 1898 953 1952 ad
1006 1902 1178 1958 breve
1232 1913 1450 1976 tempus
1498 1910 1721 1977 clausas,
1758 1930 1977 1969 rursum
2025 1925 2149 1971 sunt

2258 1893 2437 1993 δόκμα
2468 1923 2564 1986 τῆς
2592 1893 2651 1977 ὲν
2685 1893 2892 1997 Nucan
2924 1893 3165 1990 πίστεως
3197 1893 3693 1996 ὑπερασπίζοντας
3715 1919 3839 1987 ἠγά-

558 1997 785 2055 ορθτιευ.
825 1989 932 2046 Sed
964 2008 1034 2047 ne
1063 2011 1131 2050 eo
1168 1998 1391 2067 quidem
1428 2012 1591 2071 pacto
1623 2020 1854 2074 prorsus
1887 2008 1956 2061 ab
1991 2010 2151 2063 Aria-

556 2092 757 2133 norum
812 2084 992 2140 turbis
1049 2088 1208 2144 fuere
1264 2090 1539 2151 immunes
1593 2113 1608 2150 :
1653 2099 1748 2166 qui
1806 2098 1886 2154 cis
1944 2099 2149 2157 infensi

2262 2032 2378 2067 πων
2412 2017 2622 2087 σφόδρα
2646 2020 2741 2072 καὶ
2773 2019 3060 2090 ἔστεργον,
3089 2018 3293 2089 καίπερ
3321 2016 3445 2072 κατ’
3493 2014 3666 2084 ἄλλην
3694 2011 3840 2077 δόξαν

2260 2107 2495 2162 πλεῖστα
2521 2111 2678 2178 διαφε
2691 2112 2933 2182 ρόμενοι.

555 2186 852 2251 Propterea
880 2191 1062 2245 erant.
1135 2185 1285 2254 quod
1332 2188 1570 2244 Niaeme
1616 2192 1740 2246 fidei
1781 2191 2054 2263 dogmatis
2125 2196 2446 2259 defensores
2494 2202 2654 2260 valde
2740 2216 3085 2264 amarentet
3122 2206 3662 2278 complecterentur,
3728 2195 3838 2253 aliis

556 2275 915 2348 Opinionihus
950 2279 1252 2349 plurimum
1282 2281 1352 2336 ab
1381 2282 1490 2339 illis
1518 2283 1877 2342 dissidentes.

1171 2403 1396 2463 CAPUT
1446 2407 1535 2464 Vl.

554 2490 1104 2568 Deoia-edonianis,
1150 2506 1201 2551 et
1245 2499 1351 2553 τοῦ
1392 2502 1746 2568 όμοουσὶου,
1799 2505 2151 2559 concubinam

628 2564 798 2647 (iam,
854 2567 1169 2635 cultoribus,
1207 2580 1255 2624 et
1296 2571 1363 2624 de
1398 2564 1663 2641 legatione
1692 2564 1901 2642 piorum
1924 2573 2149 2631 Romam

627 2652 816 2690 M1880.

627 2728 881 2784 Eudoxio
924 2738 981 2785 et
1027 2731 1396 2801 popularibus
1435 2735 1558 2805 ejus
1590 2736 1863 2792 adversus
1895 2753 1994 2793 eos
2046 2739 2143 2810 qui

556 2821 776 2877 sincere
826 2822 1105 2879 Nicaenam
1151 2825 1408 2882 colebant
1468 2827 1633 2883 fidem
1690 2843 1924 2888 conatus
1974 2838 2147 2903 probe

556 2915 861 2970 succedere
895 2918 999 2973 visi
1041 2927 1193 2974 sunt.
1239 2920 1375 2976 Nam
1418 2921 1477 2977 in
1507 2924 1744 2977 maxima
1783 2925 2014 2981 ditionis
2043 2927 2149 2983 Va-

554 3009 723 3065 lentis
752 3020 926 3080 parte.
960 3022 1019 3066 et
1058 3014 1410 3082 potissimum
1451 3015 1508 3070 in
1547 3015 1931 3087 llelleSponto,
1972 3019 2151 3074 Thra-

554 3102 678 3163 cia,
722 3101 977 3175 Bithynia
1016 3113 1185 3175 atque
1240 3107 1365 3162 aliis
1420 3108 1477 3163 in
1535 3110 1778 3177 circuitu
1835 3112 2037 3169 vicinis
2091 3124 2149 3169 ct

2859 2416 3113 2470 ΚΕΦΑΛ.
3171 2412 3265 2482 ς’.

2252 2510 2396 2578 Περὶ
2421 2510 2542 2564 τῶν
2559 2506 3032 2578 Μακεδονιανῶν
3056 2505 3162 2578 καὶ
3188 2504 3322 2578 τῶνΔ
3354 2493 3831 2578 φρονούντωντὸ

2325 2568 2653 2649 ὃμοούσὶον
2675 2597 2690 2612 ·
2716 2580 2817 2635 καὶ
2849 2576 3117 2647 περὶτῆς
3142 2580 3231 2642 εἰς
3265 2568 3506 2644 Ῥώμην
3528 2568 3833 2640 πρεσϐείας

2326 2651 2445 2705 τῶν
2471 2649 2761 2704 εὐσεϐῶν.

2321 2745 2431 2797 Καὶ
2457 2743 2596 2811 πρὸς
2628 2742 2728 2813 μὲν
2762 2742 2893 2805 τοὺς
2928 2740 3252 2813 ἀκραιφνῶς
3286 2740 3386 2806 τὴν
3419 2741 3482 2793 ἐν
3516 2735 3725 2805 Νικαίᾳ
3755 2729 3833 2783 σέ·

2256 2840 2452 2901 δοντας
2472 2837 2657 2890 πίστιν
2684 2837 2838 2908 παρὰ
2861 2839 2974 2899 τοῖς
3008 2837 3136 2905 περὶ
3157 2835 3411 2899 Εὐδόξιον
3442 2824 3827 2914 κατορθοῦσθαι

2257 2932 2436 2986 ἐδόκει
2487 2933 2550 2982 τδ
2608 2927 3048 2998 σπουδαζόμενον
3072 2945 3086 2959 ·
3122 2927 3202 2998 τῷ
3232 2930 3343 2998 γὰρ
3393 2926 3643 2993 πλείστῳ
3682 2918 3825 2991 μέρει

2254 3028 2354 3096 τῆς
2386 3024 2748 3095 ἐπικρατείας
2771 3022 3097 3087 Οὐάλεντος,
3130 3022 3224 3076 καὶ
3266 3020 3510 3091 μάλιστα
3544 3017 3647 3071 ἀνά
3668 3031 3722 3066 τε
3745 3009 3827 3064 rev

2267 3118 2670 3189 Ἑλλήσποντον
2699 3119 2797 3173 καὶ
2829 3116 3056 3187 θρᾴκην
3084 3115 3180 3167 καλ¹
3217 3112 3507 3179 Βιθυνίαν,
3537 3110 3632 3165 καὶ
3656 3107 3735 3160 ἔτι
3768 3100 3827 3154 τὰ

557 3194 918 3250 ulterioribus
958 3197 1124 3251 etiam
1159 3194 1357 3261 'terris,
1382 3198 1570 3269 neque
1612 3200 1873 3257 ecclesiis
1913 3203 2025 3272 jam
2068 3202 2149 3259 illi

2258 3208 2445 3279 κύκλῳ
2479 3207 2687 3260 τούτων
2726 3206 2822 3260 καὶ
2848 3207 3207 3276 προσωτέρω,
3234 3202 3359 3257 οὔτε
3391 3199 3708 3272 ἐκκλησιῶν
3737 3190 3825 3265 ἦρα

554 3289 857 3355 prarfuere,
891 3304 1073 3359 neque
1102 3291 1400 3360 episcopos
1430 3304 1563 3346 suos
1596 3292 1861 3349 habuere.
1897 3295 2149 3350 Macedo-

554 3383 738 3435 nianis
780 3391 988 3447 autem,
1023 3384 1116 3452 qui
1166 3385 1427 3454 permulti
1479 3386 1534 3439 in
1574 3387 1803 3456 regione
1832 3402 1896 3442 ea
1931 3397 2145 3443 rectam

549 3476 1106 3545 jam'couscctantes
1165 3477 1502 3532 sententiam
1554 3474 1912 3543 erant,'non
1967 3481 2149 3536 minus

557 3568 775 3633 infesti,
806 3566 1191 3622 inhumaniter
1215 3576 1272 3622 et
1297 3567 1448 3638 ipsos
1478 3580 1609 3625 sunt
1636 3571 1938 3639 persecuti.
1967 3570 2148 3639 Atque

555 3662 647 3715 isti
680 3670 909 3732 propter
949 3661 1300 3716 imminentia
1343 3662 1483 3717 mala
1525 3663 1732 3733 oppido
1764 3662 1816 3717 in
1847 3674 2143 3733 angustum

557 3755 794 3822 redacti,
826 3756 918 3810 alii
963 3756 1030 3810 ad
1066 3757 1208 3812 alios
1236 3772 1335 3827 per
1368 3756 1536 3812 urbes
1577 3758 1783 3828 legatos
1815 3757 2018 3810 misere
2046 3772 2061 3808 :
2092 3764 2149 3810 et

559 3849 779 3904 tandem
831 3849 896 3903 ad
947 3848 1171 3903 fratrem
1211 3849 1457 3905 Valentis
1504 3850 1732 3905 Romam
1785 3848 1889 3904 sibi
1945 3846 2143 3903 confu-

556 3942 845 4013 giendum,
875 3952 931 3996 et
984 3958 1108 3997 cum
1156 3942 1385 3997 Liberio
1422 3942 1628 4011 potius,
1662 3943 1820 4010 cujus
1859 3940 1980 3995 fidei
2017 3956 2145 4010 pro-

555 4035 855 4091 fessionem
922 4037 1422 4105 amplectebantur,
1481 4050 1647 4104 quam
1703 4049 1830 4090 cum
1892 4033 2144 4089 Eudoxio

555 4130 1082 4187 communicandum
1112 4146 1239 4187 esse
1267 4140 1534 4186 statuere.
1571 4129 1758 4197 Itaque
1794 4127 2143 4183 Eustathium

2256 3317 2351 3369 χον
2376 3314 2391 3331 ο
2433 3298 2783 3369 ἀφῃρημένοι
2816 3296 2873 3349 δὲ
2902 3298 3000 3349 καὶ
3036 3295 3145 3349 τῶν
3180 3294 3445 3364 ἱερᾶσθαι
3504 3290 3714 3350 τούτοις
3743 3285 3826 3383 λα·

2256 3390 2463 3462 χόντων
2496 3385 2661 3458 ἦσαν.
2688 3386 2829 3457 Πρὸς
2862 3386 2922 3439 δὲ
2951 3386 3081 3447 τοὺς
3105 3384 3171 3437 τὰ
3208 3382 3556 3438 Μακεδονίου
3586 3382 3826 3448 φρονουν-

2254 3500 2381 3547 τας,
2448 3480 2845 3536 πολλαπλάσιοι
2894 3477 3002 3546 γὰρ
3035 3472 3178 3548 ἦσαν
3230 3474 3335 3528 ἀνὰ
3389 3474 3519 3528 τόδε
3554 3472 3614 3525 τὸ
3673 3465 3825 3534 κλίμα

2257 3570 2407 3629 οὗτοι
2451 3574 2560 3627 τῶν
2593 3570 2733 3642 ὀρθὰ
2787 3572 3009 3640 φρονεῖν
3042 3567 3366 3640 ᾑρημένων,
3417 3561 3825 3656 χαλεπαινοντξς

2257 3667 2469 3726 τούτοις
2498 3662 2732 3735 σφόδρα,
2775 3658 3169 3732 ἀπανθρώπως
3219 3656 3477 3712 ἐδίωκον,
3537 3654 3600 3708 Οἱ
3637 3649 3692 3703 δὲ
3734 3649 3826 3699 τῶν

2254 3757 2625 3826 ἐπικειμένων
2661 3755 2855 3808 κακῶν
2892 3751 2973 3823 τῷ
3002 3752 3112 3806 δέει
3142 3748 3675 3819 στενοχωρούμενοι,

2252 3849 2520 3919 ἀλλήλους
2558 3848 2701 3902 κατὰ
2727 3846 2912 3909 πόλεις
2934 3840 3503 3914 διαπρεσϐευόμενοι,
3537 3838 3645 3892 δεῖν
3671 3832 3826 3886 ιδοκῐ-

2259 3944 2435 4014 μαζον
2459 3940 2550 3992 ἐπί
2574 3957 2635 3992 τε
2657 3941 2749 3992 τὸν
2779 3937 3012 4006 ἀδελφὸν
3043 3934 3351 3995 Οὐάλεντος
3386 3927 3765 4014 καταφεύγειν
3778 3919 3829 4014 ές

2269 4009 2515 4101 Ῥώμην,
2545 4030 2790 4102 Λιϐερεῳ
2819 4047 2880 4084 τε
2914 4029 3221 4093 κοινωνεῖν,
3270 4025 3304 4098 ἢ
3336 4027 3461 4090 τοῖς
3508 4022 3636 4094 περὶ
3678 4009 3830 4071 Εὐδό-

2256 4127 2368 4194 ξιον
2400 4128 2499 4199 (a).

557 4227 847 4296 Sebastiae,
882 4231 972 4284 cui
1025 4229 1325 4299 aliquoties
1369 4230 1626 4297 adempta
1678 4226 1863 4280 fuerat
1904 4225 2170 4296 dignitas,
2209 4234 2267 4281 et
2310 4227 2608 4297 Sylvauum
2646 4225 2804 4280 Tarsi
2846 4223 3077 4290 Ciliciae,
3138 4232 3305 4293 atque
3344 4216 3711 4291 Theophilum
3739 4206 3827 4263 Ca‘

554 4325 895 4382 stabalorum
931 4325 1007 4397 (l)
1039 4326 1331 4397 episcopos
1372 4325 1603 4379 Romam
1641 4324 1916 4394 legarunt,
1949 4324 2141 4393 eisque
2183 4324 2519 4380 mandarunt
2561 4333 2622 4376 ut
2663 4339 2731 4379 ne
2777 4337 2903 4377 cum
2943 4320 3169 4376 Liberio
3211 4319 3281 4375 de
3360 4318 3470 4374 lide
3548 4303 3825 4408 contende-

555 4435 721 4490 rent,
772 4424 866 4479 scd
924 4424 1113 4494 potius
1173 4438 1298 4478 cum
1357 4423 1607 4478 Romana
1666 4423 2147 4477 communicarent
2221 4420 2509 4488 Ecclesia,
2583 4437 2648 4476 ac
2700 4418 3191 4475 consubstantialis
3240 4415 3640 4487 professionem
3690 4414 3824 4459 com—

554 4521 883 4592 probarent.
925 4521 1008 4575 llli
1058 4537 1184 4576 cum
1242 4520 1449 4574 litteris
1496 4534 1713 4583 eorum,
1748 4520 1845 4589 qui
1901 4519 1973 4573 ab
2019 4519 2144 4573 aliis
2186 4518 2456 4574 Seleuciae
2504 4516 2775 4587 segregati
2856 4515 3103 4580 fuerant,
3144 4514 3198 4568 in
3268 4513 3483 4568 Italiam
3517 4511 3819 4581 pervenere.

487 4644 508 4659 ς
555 4622 722 4684 atque
774 4615 851 4671 ibi
902 4619 1293 4685 imperatorem
1344 4610 1817 4679 Valentinianum,
1888 4624 2179 4683 propterea
2224 4614 2370 4682 quod
2418 4612 2495 4707 .in
2525 4610 2700 4666 Gallia
2729 4608 2807 4680 (Ξ)
2836 4619 3029 4665 contra
3068 4607 3425 4662 Sauromatas
3454 4602 3866 4728 bellumgeﬁh

508 4681 515 4691 ι
892 4713 943 4728 οι
1095 4722 1106 4728 -
1185 4710 1223 4728 n
1291 4726 1316 4728 ,_
1387 4727 1394 4728 ,
1451 4721 1491 4728 .,
1543 4726 1551 4728 ε
1611 4710 1736 4728 1-1.-
1783 4712 1822 4728 σε
1995 4712 2058 4728 αν.
2106 4711 2118 4728 ι
2167 4726 2178 4728 -
2253 4726 2378 4728 kd-”
2439 4724 2618 4728 μᾼΑΛ---
2685 4708 2976 4728 -..μ1-..,--ι
3057 4704 3313 4728 ,μαψ--..ο
3375 4702 3620 4728 -Αηῖ-ςΛιιΔ
3663 4706 3705 4728 Ic
3763 4724 3767 4728 .

508 4681 665 4792 iret,
698 4727 810 4768 non
855 4713 1134 4770 viderunt.
1183 4710 1322 4767 Cum
1375 4721 1559 4766 autem
1610 4710 1836 4766 Liberio
1918 4711 2187 4780 epistolas
2243 4726 2383 4781 quas
2418 4681 2626 4764 .secum
2680 4708 2983 4763 attulerant
3052 4704 3339 4767 oﬂ‘errent,
3375 4702 3620 4771 recipere
3655 4681 3856 4799 11.3335!

513 4771 744 4866 irenuit
778 4852 795 4877 ,
843 4808 1081 4864 Arianos
1131 4822 1231 4862 eos
1273 4811 1428 4869 e‘sse,
1481 4821 1586 4861 nec
1666 4806 1738 4861 ab
1787 4805 2050 4862 Ecclesia
2112 4820 2211 4859 sua
2252 4804 2475 4874 agnosci
2527 4818 2712 4874 posse,
2760 4801 3180 4885 qui‘Nicaenam
3231 4796 3605 4852 abolevissent

514 4874 921 4967 Idicensaﬁui
975 4905 1053 4960 illi
1095 4904 1530 4976 responderunt,
1605 4918 1666 4958 se
1720 4918 1819 4972 per
1871 4903 2172 4973 legitimam
2229 4901 2616 4972 ptenilentiam
2685 4901 2750 4953 ad
2816 4898 3074 4953 veritatis
3144 4893 3523 4965 cognitionem
3575 4879 3818 4984 rediisse.

556 5004 891 5058 sententiam
940 5002 1036 5054 τοῦ
1084 5003 1341 5072 ἀνομοίου
1378 5001 1671 5072 ahjecisse,
1712 5010 1769 5056 et
1809 5000 2007 5055 Filium
2078 5013 2145 5067 pe

2258 4998 2403 5053 mnia
2454 4997 2599 5051 Patri
2646 4997 2887 5053 similem
2958 4993 3238 5064 professos
3267 5005 3391 5045 esse
3420 5006 3439 5043 :‘
3473 4967 3819 5077 120-"?!“1:

556 5113 666 5167 que
726 5098 795 5153 ab
847 5096 1161 5163 ὁμοουσίου,
1202 5094 1702 5160 consubstantiaii,
1754 5096 1901 5148 κατὰ
1956 5095 2137 5147 πάντα

2258 5110 2392 5154 οιον,
2419 5092 2526 5145 hoc
2564 5103 2670 5156 εει,
2715 5107 2812 5162 per
2843 5090 3026 5144 omnia
3058 5087 3320 5149 similem,
3347 5081 3601 5200 differre.l
3624 5064 3818 5200 ξὶιιιιιδιέῑ

2275 5184 2286 5195 '
2336 5196 2348 5200 -
2561 5184 2684 5200 ί¹Α·Α
2719 5198 2744 5200 ~
2799 5181 2857 5200 νι-
2914 5181 2987 5200 λη
3041 5177 3215 5200 μ---ει
3277 5176 3445 5200 ιιι-..η
3479 5168 3556 5200 :n:
3610 5164 3694 5200 ςιρ
3739 5170 3765 5200 ιι

555 5158 746 5249 verbis
802 5158 1027 5253 auditis,
1069 5158 1328 5243 Liberius
1379 5158 1779 5256 professionem
1834 5199 2030 5238 eorum
2083 5184 2136 5237 in
2181 5158 2452 5253 scriptum
2522 5158 2751 5238 relatam
2794 5181 2863 5234 ah
2908 5181 2990 5235 eis
3035 5177 3240 5247 exegit.
3266 5176 3447 5244 Atque
3477 5168 3557 5224 illi
3588 5158 3765 5218 libellu

557 5291 631 5353 ei,
671 5290 725 5342 in
760 5302 872 5357 quo
907 5287 1075 5341 etiam
1106 5286 1382 5341 Nicamam
1455 5284 1618 5340 fidem
1692 5284 2070 5344 inseruerunt,
2114 5282 2465 5336 obtulerunt.
2540 5280 2813 5350 Epistolas
2863 5277 3111 5348 quidem,
3154 5289 3294 5343 quas
3361 5282 3552 5326 secum
3601 5260 3725 5325 SmY

3731 5256 3819 5303 rna

556 5352 626 5439 ex
657 5352 794 5437 Asia
816 5388 872 5434 et
924 5394 992 5434 ex
1043 5379 1272 5445 Pisidia,
1310 5379 1542 5436 Isauria.
1594 5375 1922 5446 Pamphylia
1976 5384 2033 5429 et
2090 5374 2280 5446 Lycia,
2341 5376 2432 5429 ubi
2481 5381 2793 5428 conventus
2837 5378 3096 5439 egerant,
3130 5368 3391 5429 attulere,
3426 5364 3647 5432 propter
3705 5352 3820 5446 9".”

555 5479 828 5537 lixiratem
870 5481 963 5537 hic
997 5497 1106 5538 non
1153 5483 1409 5553 apposui.
1452 5478 1704 5534 Libellus
1768 5487 1977 5537 autem,
2049 5489 2214 5545 quem
2255 5472 2585 5528 Eustathius
2636 5486 2763 5525 cum
2817 5468 3044 5537 collegis
3099 5464 3216 5520 suis
3266 5459 3492 5518 Liberio

558 5575 766 5633 habet:

630 5698 706 5758 (ll
728 5699 933 5753 Cilicize
961 5700 1073 5752 hzee
1106 5698 1297 5752 civitas
1326 5704 1428 5751 est.
1466 5692 1673 5764 (ὅθεν.)

632 5771 708 5840 (2)
751 5769 1153 5824 Ecclesiasticm
1214 5768 1462 5847 historia:
1516 5765 1851 5847 scrip_tor_es_
1888 5764 2144 5847 videntur

559 5831 741 5895 Gallos
777 5849 833 5894 et
856 5842 1160 5895 Germanos
1195 5854 1295 5909 pro
1331 5837 1523 5892 eadem
1556 5831 1718 5906 gente
1762 5834 2043 5892 habuisse.
2090 5831 2146 5884 lu

3538 5445 3709 5507 dedit,
3746 5433 3819 5489 sic

2250 5682 2497 5741 Gratiani
2536 5680 2703 5735 rebus
2743 5676 2884 5731 infra
2914 5676 3272 5761 Almanorum
3307 5677 3509 5722 nomen
3539 5650 3813 5761 repertﬂln

2255 5766 2310 5811 et
2339 5754 2647 5810 Germaniae
2679 5765 2790 5804 uno
2823 5760 2990 5817 atque
3022 5746 3196 5800 aitero
3225 5747 3369 5797 loco.

627 5953 700 6018 (a)
735 5953 831 6005 Hic
864 5949 1028 6017 deﬁcit
1051 5955 1211 6004 textus
1234 5953 1431 6003 ercus
1457 5951 1602 6016 hujus
1636 5949 1810 6015 capitis
1831 5956 1877 6003 et
1908 5946 2164 6000 duodecim
2185 5936 2505 6009 sequentium.
