4056 6496
401 397 504 463 601

1366 407 1976 470 ECCLESIASTICIE
2018 411 2410 473 HISTORL‘E
2452 415 2597 475 LIB.
2647 417 2754 477 XI.

3580 423 3687 486 602

1770 550 1777 555 “
1858 547 2087 605 CAPUT
2127 551 2238 606 νη.

975 659 1286 730 Ὀμολογία
1315 661 1436 716 τῶν
1462 663 1791 732 πρέσϐεων.
1830 666 2077 731 Αιόερίῳ
2108 667 2188 732 τῷ
2230 671 2546 732 sanandam
2595 669 2825 737 Ῥώμης
2853 671 3136 726 δοθεῖσα.-

1218 782 1486 855 Confessio
1529 782 1821 853 legatorum
1847 783 2078 838 'Liberio
2125 787 2370 856 episcOpo
2418 788 2655 842 Romano
2696 789 2950 844 exhibita.

484 916 501 949 ι
541 893 775 951 Domino
808 894 968 950 fratri
1003 902 1060 949 et
1093 895 1319 965 collegae
1355 896 1601 958 Liberio,
1637 897 1986 965 Eustathius,
2029 907 2071 960 Α
2100 897 2586 970 Constantinopoli
2633 917 2735 971 per
2774 917 3020 958 errorem
3068 904 3544 974 subscripserunt.
3592 908 3686 963 Est

403 1004 465 1048 et
512 991 806 1064 Sylvanus,
838 988 1183 1059 Theophilus
1227 991 1463 1045 salutem
1514 990 1567 1045 in
1611 991 1867 1045 Domino.
1908 989 1991 1045 Ad

406 1084 692 1140 evitandas
729 1082 951 1137 insanas
996 1081 1408 1145 haereticorum,
1439 1081 1532 1151 qui
1580 1098 1686 1136 non
1730 1082 1993 1137 desinunt

407 1176 672 1234 Ecclesia:
702 1174 989 1230 catholicae
1018 1174 1354 1229 offendicula
1384 1190 1592 1239 creare,
1624 1174 1990 1244 suspiciones,

405 1279 464 1325 ct
505 1270 571 1324 ad
609 1284 801 1323 earum
838 1283 1059 1324 causam
1101 1280 1158 1322 et
1195 1268 1546 1323 occasionem
1596 1282 1816 1322 onmem
1852 1284 1992 1339 prae-

407 1362 740 1423 cidendam,
792 1360 987 1433 synodi
1029 1359 1423 1430 Lampsaci.et
1468 1359 1732 1432 Smyrnae.
1771 1370 1828 1415 et
1869 1361 1992 1416 aliis

408 1455 579 1509 variis
615 1452 671 1508 in
703 1453 842 1507 locis
870 1453 941 1507 ab
973 1452 1294 1507 orthodoxis
1333 1463 1389 1507 et
1427 1465 1579 1508 recte
1624 1452 1993 1507 sentientibus

406 1547 685 1618 episcopis
712 1545 1006 1602 celebrata
1038 1546 1259 1601 decreta
1289 1546 1629 1615 profitentes,
1659 1545 1803 1614 apud
1832 1545 1993 1601 boni-

412 1650 579 1695 tatem
624 1650 799 1703 tuam,
854 1649 911 1692 et
953 1636 1247 1693 universos
1297 1635 1467 1691 italia:
1506 1637 1786 1706 t0tiusque
1830 1635 1987 1691 Occi-

411 1733 593 1787 dentis
645 1731 935 1802 episcopos
991 1730 1267 1800 legatione
1322 1729 1625 1800 fungimur,
1674 1737 1731 1785 et
1776 1728 1990 1784 litteras

416 1825 694 1880 afferimus
724 1823 1067 1899 catholicam
1115 1838 1214 1878 nos
1265 1822 1428 1877 ﬁdem
1476 1836 1718 1887 servare,
1762 1836 1886 1892 quae
1933 1822 1989 1875 in

418 1928 599 1972 sancta
633 1917 853 1973 Niemna
887 1916 1126 1986 synodo,
1158 1916 1262 1971 sub
1292 1915 1455 1970 beato
1489 1914 1853 1969 Constantino
1884 1912 1988 1968 im-

416 2018 686 2079 peratore,
720 2025 750 2065 a
782 2011 1047 2064 trecentis
1079 2009 1271 2064 decem
1317 2017 1375 2062 et
1415 2016 1541 2063 octo
1574 2007 1832 2062 Patribus
1863 2020 1991 2075 pro-

412 2105 650 2175 mulgata
697 2113 865 2174 atque
910 2103 1259 2161 confirmata.
1296 2100 1569 2156 hactenus
1607 2101 1661 2155 in
1700 2109 1846 2155 statu
1886 2114 1989 2155 suo

412 2197 672 2251 inviolata
714 2206 882 2266 atque
934 2196 1159 2250 immota
1210 2194 1453 2260 duravit,
1488 2205 1653 2262 atque
1693 2194 1748 2249 in
1788 2208 1986 2263 perpe-

414 2298 562 2342 tuam
598 2288 863 2343 duratura
906 2298 992 2343 est
1028 2306 1042 2341 :
1078 2287 1133 2341 in
1175 2301 1283 2356 qua
1308 2286 1370 2338 τὸ
1407 2285 1720 2355 ὁμοούσιον,
1755 2285 1996 2340 consub-

411 2382 690 2446 stantiale,
719 2383 821 2437 rite
862 2382 1063 2452 pieque
1095 2391 1287 2435 contra
1315 2380 1433 2435 Arii
1468 2379 1877 2450 improbitatem
1911 2389 1998 2434 est

412 2475 799 2530 constitutum.
838 2475 1137 2545 Fidemque
1170 2490 1291 2530 eam
1322 2489 1424 2529 nos
1454 2489 1563 2528 una
1592 2489 1717 2529 cum
1747 2473 1829 2529 eis
1858 2487 1997 2542 quos

413 2566 657 2621 diximus
693 2566 973 2636 episcopis
1014 2578 1072 2622 et
1107 2581 1382 2627 servasse,
1417 2576 1475 2619 et
1501 2580 1677 2635 usque
1719 2565 1788 2619 ad
1830 2564 1996 2619 finem

414 2670 734 2716 servaturos
777 2675 922 2727 esse,
950 2660 1208 2714 manibus
1250 2659 1352 2728 ipsi
1393 2658 1598 2713 nostris
1634 2656 1995 2727 profitemur;

414 2753 854 2809 condenmantes
903 2753 1122 2817 Arium,
1159 2751 1501 2820 impiamque
1543 2749 1859 2804 doctrinam
1911 2762 2001 2802 se-

415 2858 771 2918 ctatoresque
823 2846 1116 2918 ejusdem,
1175 2860 1396 2900 necnon
1457 2858 1678 2899 omnem
1736 2840 2000 2906 Sabellii,

415 2939 987 3010 Patripassianorum,
1033 2936 1367 3001 Marcionis,
1417 2932 1672 2998 Photini,
1722 2930 1999 2997 Marcelli,

416 3032 706 3101 ipsiusque
747 3030 901 3085 Pauli
949 3027 1300 3083 Samosateni
1351 3026 1627 3092 haeresim,
1666 3024 2003 3078 doctrinam-

416 3143 526 3198 que
559 3142 775 3191 eorum,
821 3141 1040 3181 necnon
1083 3140 1279 3181 omnes
1311 3124 1394 3180 eis
1428 3122 1831 3190 assentientes;
1869 3129 1925 3176 et
1957 3121 2002 3176 si

314 3274 319 3278 .
417 3236 539 3289 quae
580 3226 845 3290 praeterea
891 3226 1020 3272 sunt
1065 3217 1187 3271 aliae
1231 3226 1394 3271 sectae
1439 3225 1645 3270 sanctae
1693 3213 1845 3275 fidei,
1882 3228 2005 3283 quae

312 3306 325 3311 “
418 3313 507 3383 pie
538 3320 703 3382 atque
727 3309 1000 3365 catholice
1034 3308 1233 3364 Nicaeae
1268 3324 1298 3363 a
1330 3309 1537 3363 sanctis
1565 3305 1827 3362 Patribus
1858 3320 2008 3359 com-

418 3408 599 3475 posita
633 3414 800 3473 atque
832 3402 1177 3473 promulgata
1197 3410 1302 3468 est,
1331 3404 1577 3455 adversae
1608 3408 1667 3454 et
1690 3398 2005 3462 contrariae,

418 3496 769 3551 anathemate
821 3510 1045 3565 quoque
1079 3495 1134 3549 in
1171 3492 1368 3563 primis
1408 3492 1676 3547 ferientes
1708 3490 2004 3545 formulam

2096 1004 2280 1045 autem
2315 992 2449 1046 fides
2481 1001 2691 1060 nostra,
2728 1006 2894 1066 atque
2933 1013 3127 1052 eorum
3174 1014 3411 1068 quorum
3456 1003 3685 1055 nomine

2095 1083 2371 1154 legatione
2394 1084 2699 1157 fungimur,
2732 1089 2870 1143 ista:
2899 1089 3191 1146 Credimus
3220 1091 3276 1145 in
3306 1109 3475 1145 unum
3508 1093 3681 1147 Deum

2095 1177 2314 1232 Patrem
2347 1179 2814 1250 omnipotentem,
2842 1182 3146 1238 visibilium
3182 1194 3238 1239 et
3265 1186 3513 1240 omnium
3543 1188 3685 1241 invi-

2095 1269 2339 1325 sibilium
2381 1272 2669 1327 factorem.
2712 1275 2775 1329 Et
2810 1276 2863 1329 in
2899 1292 3069 1329 unum
3097 1277 3440 1346 unigenitum
3487 1279 3681 1345 Deum,

2096 1363 2389 1418 Dominum
2430 1374 2684 1421 nostrum
2738 1367 2929 1423 Jesum
2963 1366 3270 1435 Christum,
3314 1370 3518 1424 Filium
3564 1372 3686 1435 Dei,

2094 1470 2161 1509 ex
2203 1453 2385 1517 Patre,
2430 1457 2537 1512 hoc
2579 1466 2688 1521 est,
2727 1474 2795 1514 ex
2837 1458 3149 1514 substantia
3196 1459 3376 1515 Patris
3414 1458 3729 1531 genitumJ

2094 1543 2267 1597 Deum
2312 1544 2380 1599 de
2412 1546 2546 1609 Deo,
2583 1547 2772 1604 lumen
2818 1547 2888 1603 de
2924 1548 3159 1615 lumine,
3195 1550 3364 1604 Deum
3398 1566 3590 1605 verum
3621 1554 3690 1605 de

2094 1635 2209 1690 Deo
2240 1652 2393 1702 vero,
2428 1638 2701 1709 genitum,
2731 1656 2843 1695 non
2888 1641 3121 1707 factum,
3156 1644 3686 1700 consubstantialem

2097 1728 2264 1795 Patri,
2291 1745 2586 1809 perquam
2618 1733 2802 1789 omnia
2835 1734 2977 1790 faeta
3009 1743 3160 1800 sunt,
3191 1752 3425 1806 quaeque
3455 1737 3509 1791 in
3547 1738 3690 1793 caelo

2096 1832 2249 1885 sunt,
2296 1838 2529 1893 qumque
2566 1824 2621 1879 in
2660 1833 2831 1881 terra.
2872 1825 2978 1893 Qui
3025 1837 3254 1897 propter
3289 1842 3390 1882 nos
3426 1828 3684 1884 homines

2093 1924 2151 1969 et
2186 1926 2413 1986 propter
2456 1926 2702 1972 nostram
2755 1919 2989 1974 salutem
3035 1919 3360 1981 descendit,
3407 1928 3464 1974 et
3505 1920 3686 1973 incar-

2095 2019 2278 2073 natus,
2308 2019 2366 2064 et
2394 2010 2560 2065 homo
2591 2011 2790 2077 factus,
2821 2021 2876 2066 et
2907 2028 3101 2081 passus
3129 2020 3233 2066 est.
3266 2009 3334 2065 Et
3374 2013 3686 2066 resurrexit

2096 2102 2261 2157 tertia
2294 2103 2405 2168 die,
2438 2104 2781 2158 etascendit
2824 2104 2878 2158 in
2913 2104 3105 2169 cmlos,
3135 2114 3411 2159 venturus
3448 2104 3578 2157 inde
3604 2106 3689 2157 ’atl

2093 2193 2455 2266 iudicandum
2487 2195 2649 2250 vivos
2687 2203 2744 2250 et
2778 2207 3053 2251 mortuos.
3084 2196 3152 2253 Et
3182 2196 3233 2250 in
3262 2195 3532 2266 Spiritum
3567 2212 3692 2251 san-

2099 2295 2274 2344 ctum.
2306 2286 2414 2354 Qui
2447 2298 2631 2343 autem
2667 2289 2882 2354 dicunt,
2914 2289 3086 2343 fuisse
3129 2289 3432 2358 aliquando
3473 2303 3693 2359 tempus

2098 2395 2222 2453 cum
2244 2365 2353 2435 non
2372 2381 2558 2443 fuerit,
2578 2380 2837 2450 quodque
2862 2381 3182 2451 priusquam
3207 2381 3428 2452 genitus
3460 2381 3553 2446 sit,
3576 2396 3686 2434 non

2097 2470 2286 2538 fuerit,
2314 2482 2371 2527 et
2396 2473 2545 2543 quod
2573 2488 2640 2527 ex
2669 2488 2779 2527 non
2810 2473 3215 2527 exsistentibus
3248 2473 3428 2527 factus
3468 2473 3563 2537 sit,
3596 2481 3693 2525 aut

2098 2580 2168 2621 ex
2208 2566 2316 2621 alia
2367 2566 2681 2639 substantia
2716 2555 2804 2621 vel
2846 2567 3233 2633 subsistentia,
3262 2566 3349 2621 vel
3398 2564 3694 2619 mutationi

2100 2667 2159 2713 et
2204 2659 2520 2713 alterationi
2567 2658 2874 2713 obnoxium
2916 2659 3115 2714 Filium
3151 2658 3249 2715 Dei
3290 2672 3433 2721 esse,
3466 2657 3698 2711 anathe-

2103 2762 2248 2805 mate
2288 2752 2505 2823 jugulat
2532 2752 2810 2808 catholica
2838 2761 2896 2808 et
2926 2752 3229 2822 apostolica
3266 2751 3542 2807 Ecclesia.
3583 2750 3696 2819 Ego

2102 2864 2234 2904 vero
2258 2847 2605 2915 Eustathius,
2631 2848 2928 2919 episcopus
2953 2847 3219 2903 Sebastiae
3241 2846 3419 2910 urbis,
3439 2854 3495 2900 et
3519 2844 3698 2899 Theo—

2103 2939 2326 3004 philus,
2377 2949 2435 2994 et
2497 2938 2803 3010 Sylvanus,
2863 2937 3293 3007 Lampsacente,
3347 2933 3700 3007 Smyrnensis

2104 3031 2450 3099 aliarumque
2500 3029 2837 3101 synodorum
2886 3029 3072 3098 legati,
3114 3028 3258 3082 hanc
3306 3026 3430 3083 fidei
3483 3025 3701 3095 profes«

2107 3122 2319 3178 sionem
2351 3121 2610 3175 manibus
2640 3122 2848 3175 nostris
2889 3121 3286 3190 voluntateque
3328 3129 3520 3175 nostra
3551 3121 3694 3175 scri-

2107 3214 2341 3285 psimus.
2376 3212 2535 3281 Quod
2583 3213 2628 3268 si
2674 3213 2799 3282 quis
2846 3222 3047 3282 praeter
3091 3216 3236 3268 hanc
3280 3212 3468 3289 fidem,
3499 3220 3694 3267 contra

2108 3321 2209 3361 nos
2232 3314 2328 3360 aut
2353 3320 2452 3360 eos
2482 3321 2512 3359 a
2539 3304 2745 3374 quibus
2770 3304 2922 3359 missi
2953 3319 3170 3369 sumus,
3201 3304 3410 3374 aliquid
3438 3305 3696 3358 criminis

2109 3398 2399 3455 intendere
2437 3398 2700 3463 voluerit,
2737 3396 2806 3452 ad
2846 3412 3214 3468 quoscunque
3256 3396 3534 3452 sanctitati
3586 3404 3696 3451 tua:

2107 3491 2290 3546 visum
2328 3490 2497 3546 fuerit
2549 3491 2868 3560 episcopos,
2899 3505 3000 3545 nos
3045 3497 3216 3559 atque
3250 3489 3378 3544 illos
3412 3504 3538 3543 cum
3573 3504 3702 3544 san-

418 3588 655 3644 Arimini
699 3588 923 3652 lectam,
953 3586 1192 3641 Nicaeus:
1229 3584 1444 3640 scilicet
1486 3584 1613 3637 fidei
1651 3596 1879 3652 prorsus
1912 3596 2003 3636 re-
2032 3600 2076 3658 ο
2109 3583 2322 3638 ctitatis
2348 3591 2454 3638 tua:
2481 3581 2686 3638 litteris
2716 3582 2940 3636 remitte
2970 3601 2983 3636 :
3016 3590 3077 3637 ut
3103 3597 3231 3637 cum
3254 3581 3397 3652 apud
3423 3596 3518 3635 eos
3548 3580 3701 3650 ipsos

421 3688 781 3751 pugnantem.
835 3678 934 3735 Cui
990 3679 1213 3749 quidem
1265 3676 1517 3730 formulae
1565 3674 1700 3729 Nica
1753 3672 2005 3729 Thracia:

419 3775 619 3839 allatae,
643 3773 894 3827 nonnulli
921 3772 1050 3828 dolo
1073 3772 1218 3826 malo
1243 3779 1300 3826 et
1325 3768 1578 3840 periurio
1603 3765 2001 3831 circumventi,

2106 3673 2328 3746 iudices
2373 3687 2540 3728 causa
2589 3672 2829 3739 dicatur,
2869 3683 2984 3728 tum
3036 3673 3092 3727 in
3134 3688 3262 3728 eum
3306 3673 3402 3742 qui
3448 3671 3700 3729 criminis

2114 3765 2406 3821 convictus
2433 3762 2628 3830 fuerit,
2652 3764 2898 3835 legitime
2923 3764 3420 3825 animadvertatur.

1759 3937 1916 4006 121
1956 3935 2186 3993 CAPUT
2229 3934 2370 3989 vni.

1060 4060 1393 4130 Ἐπιστολὴ
1428 4060 1701 4129 Λιϐερίου
1751 4058 1878 4124 τοῖς
1906 4059 1977 4112 ἐν
2007 4056 2083 4127 τῇ
2118 4057 2242 4126 "Egi
2273 4055 2634 4123 ἐπισκόποις
2673 4051 3036 4125 πεμφθεῖσα.

1384 4180 1631 4249 Epistola
1652 4179 1873 4243 Liberii,
1907 4178 2161 4245 episcOpis
2196 4175 2545 4230 orientalibus
2577 4174 2764 4229 missa.

500 4313 616 4369 Hoc
671 4311 860 4366 libello
910 4308 1083 4364 veluti
1135 4294 1375 4376 quodam
1429 4305 1659 4374 pignore
1707 4295 1813 4355 sibi
1864 4297 2010 4353 obli-

431 4414 586 4476 gatos
652 4402 909 4457 Liberius
964 4402 1033 4454 ad
1089 4395 1541 4453 communionem
1618 4390 1884 4454 admisit,
1941 4403 2009 4444 ac

424 4498 687 4566 deinceps
744 4510 870 4550 cum
932 4490 1253 4563 huiusmodi
1312 4487 1520 4543 litteris
1584 4499 1683 4540 eos
1746 4482 2005 4539 dimisit:

431 4608 449 4640 ι
497 4588 724 4642 Dilectis
770 4585 1039 4640 fratribus
1078 4592 1134 4637 et
1176 4580 1438 4649 collegis,
1485 4577 1726 4649 Hythio,
1772 4575 2006 4648 Cyrillo,

2112 4295 2226 4361 liae,
2256 4304 2312 4352 et
2346 4295 2546 4365 reliqui
2588 4292 2910 4351 Occidentis
2935 4292 3183 4363 episcopi
3226 4291 3459 4346 salutem
3507 4305 3705 4361 perpe-

2114 4398 2267 4443 tuam
2299 4387 2354 4442 in
2389 4386 2646 4440 Domino.
2671 4383 3093 4454 Optatissimum
3120 4382 3287 4437 nobis
3312 4382 3464 4452 pacis
3488 4392 3545 4437 et
3569 4397 3705 4437 con-

2112 4480 2317 4536 cordiae
2352 4477 2615 4549 gaudium
2641 4478 2845 4532 litterae
2877 4489 3101 4544 vesuae,
3132 4475 3261 4531 ﬁdei
3293 4475 3507 4531 lumine
3535 4474 3730 4530 rcful-‘

2111 4584 2343 4644 gentes,
2397 4571 2603 4626 fratres
2657 4568 2879 4634 dilecti,
2939 4569 3293 4633 attulerunt,
3349 4583 3489 4637 quas
3543 4566 3708 4621 nobis

428 4679 794 4751 Hyperechio,
842 4678 1071 4737 lleroni.
1125 4674 1370 4743 Elpidio,
1418 4672 1695 4735 Maximo,
1741 4669 2005 4736 Eusebio,
2044 4662 2575 4762 l)reverendissimi
2642 4661 2843 4717 fratres
2900 4671 2958 4716 et
3020 4660 3277 4731 episcopi
3347 4659 3704 4723 Eustathius,

427 4772 720 4842 Eucarpio,
772 4771 1052 4834 Eortasio,
1101 4769 1302 4832 Neoni,
1356 4766 1674 4828 Eumathio,
1717 4763 2008 4827 Faustino,

424 4867 648 4930 Proeto,
693 4864 1001 4925 Passinieo,
1047 4864 1339 4925 Arsenico,
1393 4859 1623 4926 Severo,
1668 4858 2008 4931 Didymioni,

425 4960 735 5023 Britannio,
756 4956 1060 5020 Callicrati,
1084 4956 1369 5022 Damabio,
1407 4953 1658 5019 ASdesio,
1681 4951 2010 5016 Eustochio,

424 5050 740 5117 Ambrosio,
796 5049 1046 5115 Gelonio,
1076 5047 1367 5110 Pardalio,
1424 5045 1771 5108 Macedonio,
1818 5035 2009 5110 Paul'o,

428 5144 709 5208 Marcello,
748 5142 1027 5203 Heraclio,
1068 5140 1409 5202 Alexandro,
1450 5137 1670 5202 Adolio,
1709 5137 2010 5199 Marciano,

428 5237 717 5300 Sthenelo,
742 5236 968 5302 Joanni,
1001 5234 1225 5299 Macari,
1251 5231 1530 5294 Charisio,
1567 5230 1828 5302 Sylvano,
1863 5229 2013 5284 Pho-

431 5329 568 5391 tino,
610 5327 814 5391 Autho,
848 5325 1111 5390 Antonio,
1144 5323 1327 5385 Celso,
1360 5318 1740 5391 Euphranori,
1774 5317 2009 5382 Milesio,

430 5420 706 5484 Patricio,
758 5418 1090 5482 Severiano,
1145 5416 1411 5475 Eusebia.
1472 5412 1788 5483 Eumolpio,
1845 5411 2013 5465 Atha-

430 5514 606 5577 nasio,
644 5513 980 5582 Diophanto,
1012 5511 1324 5573 Minodoro,
1360 5507 1555 5572 Diocli,
1590 5503 2009 5577 Chrysampelo,

432 5608 702 5677 Eugenio,
745 5606 1055 5669 Eustathio,
1096 5603 1402 5667 Callicrati,
1444 5602 1704 5665 Arseniu,
1735 5597 2006 5669 Eugenio,

435 5697 715 5768 Martyrio,
762 5698 1032 5759 llieratio,
1083 5696 1338 5760 Leontio,
1388 5694 1692 5763 Philagrio,
1733 5690 1925 5757 Lucio,
1957 5700 2012 5744 et

432 5790 710 5844 universis
763 5788 1042 5859 episcopis
1101 5786 1481 5841 Orientalibus
1532 5783 1896 5847 urthodoxis,
1957 5791 2012 5836 et

436 5894 640 5962 rcctam
680 5883 840 5938 fidem
877 5881 1253 5943 sectantibus,
1289 5879 1550 5935 Liberius
1580 5878 1874 5949 cpiscopus
1909 5876 2013 5931 lla-

2118 4757 2392 4829 Sylvanus
2447 4765 2618 4827 atque
2685 4752 3035 4824 Theophilus
3082 4752 3475 4807 reddiderunt.
3525 4755 3706 4820 Atque

2117 4867 2187 4906 eo
2212 4850 2453 4905 maxime
2484 4847 2736 4913 nomine,
2766 4846 2913 4913 quod
2946 4861 3169 4901 sensum
3198 4854 3254 4900 et
3284 4843 3704 4914 persuasionem

2121 4942 2248 4999 fidei
2281 4951 2496 5003 vestrae,
2530 4956 2658 4996 cum
2691 4938 2988 4995 tenuitatis
3022 4954 3159 4994 meae
3185 4947 3350 5007 atque
3382 4936 3704 4991 Italicorum

2117 5031 2675 5102 Occidentaliumque
2694 5029 3087 5100 episcoporum
3121 5028 3371 5082 omnium
3402 5024 3704 5090 sententia,

2119 5124 2462 5182 concordare
2511 5125 2912 5178 confirmarunt
2952 5130 3010 5178 et
3058 5129 3471 5177 asseverarunt.
3527 5119 3709 5186 Atque

2117 5236 2238 5278 eam
2301 5220 2473 5288 ipsam
2526 5219 2786 5274 novimus
2844 5217 3177 5273 catholicam
3234 5228 3291 5271 et
3336 5213 3703 5286 apostolicam

2117 5329 2240 5369 esse
2276 5313 2462 5380 fidem,
2500 5328 2622 5383 quae
2666 5311 2732 5368 ad
2781 5312 3063 5367 Nicaenam
3101 5325 3278 5380 usque
3311 5308 3584 5381 synodum
3626 5307 3711 5359 in-

2121 5417 2271 5477 tegra
2306 5414 2474 5476 atque
2508 5408 2736 5459 immota
2771 5416 2990 5460 servata
3018 5413 3103 5458 est
3139 5422 3151 5456 :
3190 5417 3354 5472 quam
3395 5401 3565 5455 etiam
3609 5399 3711 5453 Pa-

2119 5509 2229 5555 tres
2275 5499 2470 5554 Niczrac
2521 5514 2645 5553 cum
2687 5498 2899 5567 ingenti
2946 5495 3174 5556 la'titia,
3213 5508 3319 5547 non
3363 5491 3540 5546 solum
3590 5504 3707 5543 ser-

2118 5609 2301 5657 mone,
2362 5607 2555 5645 vcrutn
2608 5591 2777 5644 etiam
2836 5589 3115 5657 scriptura
3172 5584 3592 5648 intercedente,
3646 5592 3709 5635 ut

2117 5686 2410 5758 vestigiu‘m
2447 5698 2502 5742 ct
2535 5686 2838 5742 scintillam
2873 5700 3092 5738 omnem
3132 5680 3389 5741 absurda:
3424 5675 3705 5749 opinionis

2117 5781 2561 5851 cxstinguerent,
2588 5788 2720 5834 sunt
2749 5779 3009 5848 professi.
3040 5777 3170 5848 Ejus
3196 5771 3482 5842 exemplar
3511 5783 3705 5825 neces-

2118 5878 2265 5933 sario
2302 5876 2448 5932 hisce
2481 5874 2684 5931 litteris
2717 5872 3126 5939 snlnicicndun‘t
3165 5883 3284 5924 esse
3315 5864 3597 5929 duximus,
3630 5875 3698 5915 ne
