4056 6476
384 339 493 403 603

1619 339 2043 400 NICEPHORI
2083 340 2435 403 CALLlaTI

3555 346 3662 412 601

389 466 578 524 postea
612 455 766 509 locus
797 466 854 510 et
896 455 1289 525 Opportunitas
1335 455 1616 510 htereticis
1647 455 1713 508 ad
1757 467 1976 509 Strnen-
2004 460 2053 515 Α
2081 457 2318 510 ctionem
2368 469 2609 513 vestram
2664 461 3078 526 scriberemus,
3124 474 3178 518 et
3218 465 3362 536 justa
3416 476 3664 537 petentes

387 549 488 601 das
514 546 640 602 ﬁdei
677 548 908 603 insidias
941 549 1289 618 relinquatur
1318 565 1332 602 :
1362 547 1564 616 quibus
1593 546 1671 601 illi
1698 546 1973 616 improbi-

390 640 519 694 tatis
548 655 660 695 sum
690 641 964 709 igniculos
994 642 1303 695 excitantes
1325 680 1340 704 ,
1373 639 1668 695 discordia:
1713 639 1967 695 incendia

388 748 543 787 more
574 747 678 787 suo
711 733 947 787 dilatare
979 735 1181 788 solent.
1222 732 1547 788 Eustathius
1584 748 1741 793 sane.
1776 732 1970 799 Sylva-

388 840 496 880 nus
531 835 696 894 atque
729 826 1072 896 Theophilus
1094 865 1110 889 ,
1152 827 1353 881 fratres
1396 827 1573 881 nostri
1598 825 1972 880 'reverendis-

388 917 534 980 simi,
568 917 728 971 nobis
756 929 943 972 vestro
966 918 1192 973 nomine
1221 928 1577 989 receperunt,
1609 918 1968 972 dilectionem

387 1021 626 1066 vestram
684 1026 795 1065 non
850 1012 1038 1067 minus
1084 1026 1252 1082 atque
1303 1012 1451 1080 ipsos
1488 1012 1649 1066 ﬁdem
1697 1011 1971 1083 ejusmodi

388 1118 607 1173 semper
628 1086 685 1157 et
714 1112 877 1158 antea
906 1119 1177 1166 servasse,
1204 1114 1261 1159 et
1286 1104 1352 1158 ad
1388 1104 1550 1159 ﬁnem
1580 1120 1755 1175 usque
1788 1118 1974 1157 serva-

388 1206 571 1248 turam
616 1211 759 1259 esse,
797 1196 852 1250 in
902 1197 1123 1252 Niczena
1155 1197 1411 1253 videlicet
1460 1198 1595 1253 urbe
1626 1206 1659 1250 'a
1712 1197 1975 1251 trecentis

388 1286 580 1341 decem
613 1296 671 1343 et
713 1297 842 1343 octo
889 1289 1168 1360 episcopis
1213 1290 1537 1344 orthodoxis
1579 1301 1632 1344 et
1669 1301 1817 1345 recte
1852 1305 1978 1343 sen-

391 1379 661 1436 tientibus
710 1382 1149 1450 comprobatam.
1196 1381 1329 1450 Quae
1362 1383 1510 1452 quod
1552 1393 1759 1438 certam
1796 1385 1978 1452 perfe-

390 1483 651 1542 ctamque
678 1474 1071 1543 complectitur
1104 1475 1420 1543 veritatem,
1451 1492 1548 1530 ora
1582 1477 1972 1531 haereticorum

393 1566 645 1620 omnium
689 1567 877 1621 omnia
906 1565 1150 1622 obstruit
1190 1577 1360 1638 atque
1403 1569 1625 1624 evertit.
1672 1568 1794 1623 Non
1847 1584 1979 1623 casu

392 1659 543 1714 enim
594 1660 852 1725 fortuito,
905 1660 1000 1716 sed
1046 1660 1238 1715 divino
1284 1677 1516 1731 prorsus
1558 1672 1732 1725 nutu,
1784 1671 1978 1717 contra

394 1754 514 1808 Arii
569 1755 842 1810 insaniam
900 1765 1086 1810 tantus
1126 1756 1525 1826 episcoporum
1578 1772 1850 1811 numerus
1894 1764 1982 1812 est

2078 548 2495 616 adjuvareuius,
2522 553 2828 620 praesertim
2860 569 2985 607 cum
3013 569 3078 608 ex
3113 555 3417 626 legatorum
3448 565 3661 611 vestro-

2080 656 2203 694 rum
2250 644 2693 710 asseveratione,
2731 627 3046 701 Orientales
3096 662 3200 701 vos
3236 648 3568 718 resipuisse,
3605 658 3664 703 et

2082 747 2209 787 cum
2241 731 2695 792 Occidentalibus
2726 746 2880 792 recte
2920 730 3296 794 sentientibus
3346 741 3662 795 consentire

2082 826 2542 884 intellexerimus.
2596 829 2903 887 Scribimus
2948 848 3080 901 ergo
3129 833 3323 896 vobis,
3359 842 3420 887 ut
3465 834 3665 888 noritis

2084 935 2208 974 cum
2242 920 2619 976 Ariminenses
2650 924 3026 993 blasphemiae
3050 964 3065 987 ,
3100 941 3222 994 quaa
3254 935 3373 980 tum
3409 941 3506 996 per
3536 942 3666 979 sur-

2087 1013 2397 1082 reptionem
2432 1024 2563 1069 sunt
2589 1016 2656 1070 ab
2687 1019 3008 1073 auc:oribns
3035 1035 3223 1073 earum
3254 1033 3451 1088 magno
3478 1018 3669 1072 Eccle-

2089 1107 2185 1161 sia:
2236 1107 2573 1163 detrimento
2616 1109 3089 1175 subintroduclaa‘,
3132 1111 3292 1181 122
3324 1110 3665 1165 anathemati

2085 1200 2386 1270 subjectas,
2416 1210 2529 1255 tum
2554 1200 2941 1257 Occidentales
2969 1204 3265 1259 universos
3299 1205 3352 1257 in
3388 1204 3666 1259 Nicrenam
3728 1248 3737 1253 .

2089 1292 2215 1347 ﬁdei
2268 1294 2667 1361 professionem
2722 1297 3102 1364 conspirasse.
3151 1294 3519 1363 Quamobrem
3570 1311 3673 1365 per

2086 1402 2186 1441 vos
2221 1389 2273 1440 id
2305 1387 2569 1441 omnibus
2603 1387 2837 1442 indicari
2871 1398 3115 1458 oportet,
3143 1390 3324 1458 utqui
3353 1389 3404 1441 vi
3432 1388 3669 1458 quadam

2086 1478 2300 1531 seducti
2336 1486 2503 1547 atque
2537 1477 2649 1531 laesi
2682 1488 2851 1539 sunt,
2890 1480 3112 1535 tandem
3149 1497 3181 1537 a
3214 1480 3459 1537 tenebris
3492 1480 3669 1534 luere-

2092 1566 2214 1623 ticis
2240 1568 2308 1622 ad
2336 1567 2585 1623 divinum
2615 1570 2908 1625 catholicae
2939 1570 3217 1626 libertatis
3247 1572 3431 1632 lumen
3465 1572 3666 1625 reverti

2091 1658 2325 1728 possint.
2365 1659 2424 1713 Si
2469 1659 2561 1727 qui
2608 1676 2742 1715 vero
2785 1661 3051 1731 deinceps
3096 1674 3372 1716 venenum
3423 1663 3671 1733 perﬁdiae

2092 1764 2389 1818 respuere,
2464 1763 2522 1805 et
2576 1750 2694 1806 Arii
2761 1752 3138 1823 blasphemias
3184 1769 3387 1809 omnes
3445 1754 3668 1809 abolere

395 1854 648 1906 coactus.
682 1857 892 1915 quanto
926 1847 1144 1901 scilicet
1182 1863 1418 1902 numero
1448 1848 1647 1903 beatus
1679 1848 1771 1903 ille
1802 1848 1979 1902 Abra-
2012 1831 2056 1887 Β
2086 1842 2538 1913 analhemalique
2580 1844 2861 1914 subiicere
2905 1845 3193 1900 ηυιυθνὶιιι
3214 1886 3228 1911 ν
3261 1847 3404 1909 Arii.
3436 1849 3667 1916 eiusque

400 1938 526 1991 ham
575 1946 656 1993 tot
697 1937 941 1993 hostium
985 1938 1156 1993 millia
1197 1940 1304 1994 ﬁde
1355 1940 1673 1995 debellavit.
1725 1939 1800 1994 Ea
1849 1940 1984 1994 ﬁdes

398 2046 523 2083 cum
556 2030 609 2084 in
649 2030 1011 2086 subsistentia
1042 2043 1099 2087 et
1129 2032 1354 2088 nomine
1386 2032 1484 2085 τοῦ
1512 2034 1824 2103 ὀμοθυσίου,
1850 2049 1982 2087 con-

397 2124 802 2191 substantialis,
834 2125 1124 2191 consistat,
1151 2125 1383 2195 perinde
1406 2134 1573 2196 atque
1607 2125 1982 2180 munitissima

395 2214 651 2283 quaedam
703 2223 761 2270 ct
810 2215 1262 2286 inexpugnabilis
1306 2231 1441 2280 arx,
1489 2216 1888 2284 impressiones
1929 2227 1985 2270 et

395 2306 685 2362 machinas
716 2309 987 2379 malignas
1017 2310 1236 2364 Arianae
1266 2310 1517 2380 perﬁdiae
1549 2326 1765 2371 omnes,
1798 2311 1871 2363 ita
1903 2309 1982 2363 uti

396 2399 591 2464 decet,
636 2402 969 2456 contemnit.
1013 2402 1083 2456 Et
1124 2405 1381 2473 quamvis
1417 2403 1663 2473 episcopi
1713 2402 1987 2458 Occiden-

401 2490 538 2544 tales
583 2506 754 2562 prope
796 2508 992 2549 omnes
1033 2494 1268 2549 Arimini
1315 2496 1700 2560 convenerint,
1731 2511 1856 2550 cum
1904 2496 1981 2549 ibi

399 2583 698 2638 concilium
733 2586 1070 2640 Arianorum
1110 2586 1382 2656 coegisset
1415 2587 1672 2643 vecordia
1696 2629 1710 2650 .
1748 2598 1807 2642 ut
1844 2589 1983 2642 insi-

401 2673 559 2728 diosa
592 2675 828 2744 quadam
855 2677 1140 2741 suasione,
1174 2692 1271 2731 seu
1308 2678 1455 2747 quod
1488 2679 1678 2732 verius
1713 2690 1816 2742 est,
1860 2694 1986 2748 pro-

401 2767 527 2821 fana
558 2769 895 2824 auctoritate
925 2778 983 2823 et
1014 2771 1293 2839 potentia,
1341 2771 1393 2825 id
1426 2771 1573 2840 quod
1611 2771 1665 2825 in
1706 2770 1832 2825 ﬁdei
1872 2772 1986 2826 fora

399 2860 548 2915 mula
586 2862 925 2917 tutissimum
964 2864 1452 2934 certissimumque
1501 2866 1739 2934 positum
1780 2865 1981 2927 fuerat.

396 2954 708 3015 abolerent.
746 2963 844 3009 aut
891 2955 1115 3026 oblique
1158 2966 1465 3027 negarent,
1511 2956 1651 3011 nihil
1702 2968 1883 3011 tamen
1920 2975 1984 3013 ea

400 3046 611 3115 profuit
639 3047 934 3104 calliditas.
961 3049 1097 3103 Nam
1130 3065 1325 3104 omnes
1352 3050 1465 3105 fere
1490 3052 1581 3121 qui
1607 3060 1720 3105 tum
1748 3052 1981 3106 Arimini

2088 1944 2459 2000 sectatorum,
2491 1945 2547 1990 et
2580 1950 2909 1992 caeterorum
2949 1940 3292 2007 serpentium
3328 1937 3671 1994 Sabelliano~

2088 2044 2207 2081 rum
2229 2067 2245 2093 ,
2278 2028 2820 2099 Patripassianorum
2847 2071 2861 2095 ,
2903 2041 3073 2100 atque
3104 2031 3337 2085 aliarum
3376 2031 3669 2087 haeresium

2088 2136 2147 2176 se
2175 2121 2495 2191 complices,
2533 2122 2601 2175 ab
2631 2121 3008 2177 ecclesiastica
3041 2123 3431 2178 communione
3458 2133 3515 2179 et
3540 2141 3672 2180 cou-

2083 2215 2371 2284 junctione
2414 2215 2670 2270 exclusos
2705 2225 2760 2270 et
2804 2217 3018 2270 alienos
3050 2230 3177 2271 esse
3201 2256 3216 2279 ,
3252 2232 3374 2286 quae
3409 2217 3671 2272 adulterii

2089 2306 2234 2359 ﬁlios
2285 2322 2395 2361 non
2437 2308 2715 2371 admittit,
2757 2308 2958 2363 sciant.
3012 2309 3161 2364 Deus
3210 2325 3309 2363 vos
3362 2309 3674 2364 incolumes

2088 2397 2516 2460 servet,.fratrcs
2543 2399 2752 2454 dilecti.
2790 2419 2808 2451 ι
2846 2398 3008 2455 Hisce
3035 2401 3233 2457 litteris
3250 2401 3581 2456 Eustathius
3614 2411 3674 2455 et

2087 2490 2313 2561 collega:
2342 2491 2463 2562 ejus
2504 2491 2783 2559 acceptis,
2835 2493 2889 2545 in
2926 2491 3171 2547 Siciliam
3214 2492 3565 2563 trajecerunt.
3605 2492 3675 2545 Et

2089 2594 2379 2655 postquam
2445 2583 2519 2637 ibi
2579 2582 2894 2638 Siculorum
2952 2583 3340 2653 episcoporum
3404 2582 3673 2654 synodus,

2087 2690 2280 2730 eorum
2314 2674 2576 2728 instinctu
2607 2674 2905 2740 celebrata,
2931 2684 3096 2744 atque
3118 2674 3220 2742 ipsi
3245 2673 3339 2727 τοῦ
3361 2676 3671 2740 ὁμοουσῐου,

2088 2768 2600 2832 consubstantialis,
2635 2768 2794 2821 ﬁdem
2826 2768 3057 2837 professi
3093 2777 3245 2829 sunt,
3284 2766 3673 2835 Nicaenamque

2088 2860 2383 2915 formulam
2430 2862 2766 2919 auctoritate
2820 2877 2919 2916 sua
2968 2861 3392 2926 conﬁrmarunt,
3432 2860 3675 2928 acceptis

2090 2952 2164 3007 ibi
2196 2969 2420 3024 quoque
2462 2953 2710 3021 ejusdem
2756 2954 3053 3007 sententia:
3081 2952 3311 3011 litteris.
3356 2951 3421 3004 ad
3456 2965 3552 3005 eos
3578 2950 3674 3020 qui

2090 3062 2149 3101 se
2181 3048 2517 3118 legaverant,
2553 3057 2687 3102 sunt
2723 3046 2958 3101 reversi.
2991 3047 3173 3114 Atque
3208 3045 3285 3101 illi
3320 3045 3564 3099 redditas
3596 3044 3675 3097 ibi

399 3136 630 3191 inescati
682 3148 847 3207 atque
885 3139 1081 3195 fraude
1115 3142 1329 3209 decepti
1367 3141 1622 3205 fuerant,
1661 3158 1808 3196 nunc
1842 3147 1979 3197 ι·θεί-
2008 3165 2054 3231 c
2087 3147 2299 3201 litteras
2342 3142 2550 3197 Liberii
2579 3184 2593 3205 ,
2643 3141 2711 3195 ad
2759 3142 2926 3195 urbes
2981 3156 3227 3210 quasque
3278 3154 3373 3208 per
3422 3148 3676 3195 oratores

397 3232 701 3300 piscentes,
736 3234 859 3286 eum
899 3233 1238 3287 anathemati
1271 3250 1464 3287 eorum
1496 3234 1590 3304 qui
1625 3235 1700 3289 ibi
1734 3251 1978 3290 conven-

399 3308 515 3376 tum
545 3338 728 3392 egere,
768 3322 895 3378 fidei
931 3324 1223 3379 formulam
1257 3327 1639 3396 subjecerunt,
1701 3339 1814 3383 tum
1854 3331 1982 3383 uni-

398 3413 601 3467 versali
626 3423 682 3495 et
709 3416 1026 3485 apostolicae
1059 3416 1207 3480 ﬁdei,
1246 3433 1370 3488 qua:
1395 3417 1591 3472 Nicaea:
1620 3419 1843 3474 decreta
1872 3431 1983 3485 est,

400 3502 880 3573 subscripserunt.
926 3505 994 3559 Et
1026 3508 1313 3561 nobiscum
1355 3510 1832 3564 communicantes
1854 3552 1868 3575 ,
1898 3527 1981 3565 ar-

400 3595 751 3651 dentioribus
782 3598 948 3651 etiam
980 3600 1182 3653 animis
1206 3600 1408 3654 contra
1436 3600 1554 3655 Arii
1585 3600 1899 3657 doctrinam
1931 3612 1988 3659 et

401 3694 709 3764 discipulos
736 3696 861 3764 ejus
896 3695 1174 3750 feruntur.
1209 3696 1380 3762 Quam
1413 3712 1530 3753 rem
1569 3697 1643 3752 ita
1680 3671 1990 3766 deprehen-

402 3801 520 3838 sam
560 3799 705 3851 esse,
746 3786 839 3839 ubi
881 3796 1135 3841 oratores
1168 3790 1334 3841 etiam
1372 3790 1542 3843 vestri
1576 3797 1985 3856 cognoverunt,

311 3932 320 3943 _
400 3877 458 3933 in
504 3877 914 3946 subscriptione
947 3894 1047 3934 sua
1094 3894 1193 3933 vos
1237 3896 1458 3951 quoque
1504 3881 1876 3948 addiderunt,
1928 3891 1988 3938 et

404 3969 621 4033 Arium,
653 3981 709 4025 et
743 3985 925 4040 quieta
960 3972 1332 4027 sectatoribus
1359 3973 1481 4045 ejus
1514 3974 1750 4028 Arimini
1788 3988 1982 4029 contra

402 4064 680 4117 biit-tenam
713 4062 876 4117 ﬁdem
903 4074 1025 4118 acta
1053 4072 1204 4129 sunt,
1248 4066 1604 4120 anathemate
1640 4066 1980 4136 jugulantes.

401 4158 613 4222 Quibus
655 4172 787 4211 sane
818 4157 993 4225 actis,
1040 4173 1141 4213 vos
1182 4160 1350 4215 etiam
1395 4160 1757 4232 jurisjurandi
1796 4176 1985 4215 sacra-

400 4261 590 4304 mento
656 4249 1010 4307 fraudulento
1069 4252 1480 4318 circumventi,
1544 4252 1985 4321 subscripsistis.

399 4341 751 4414 Quapropter
770 4346 1080 4415 convenire
1104 4345 1274 4403 nobis
1300 4345 1483 4402 visum
1508 4353 1618 4411 est,
1650 4354 1719 4401 «ut
1744 4344 1819 4401 ad
1849 4343 1992 4400 dile-

2084 3237 2151 3293 ad
2202 3235 2702 3293 consubstantialis
2763 3233 2888 3288 fidei
2949 3241 3393 3303 propugnatores
3451 3234 3672 3297 misere,

2084 3331 2448 3385 cohortantes
2487 3344 2607 3393 eos,
2654 3337 2712 3381 ut
2754 3326 3236 3382 consentientibus
3271 3326 3472 3379 animis
3515 3324 3681 3380 Tarsi

2085 3423 2293 3480 Cilicia!
2343 3424 2737 3485 convenirent,
2790 3420 2856 3474 ad
2895 3417 3059 3473 ﬁdem
3094 3418 3372 3473 Nicaanatn
3417 3432 3676 3486 compro-

2088 3514 2327 3570 bandam
2351 3552 2365 3577 ,
2400 3523 2458 3568 et
2500 3528 2624 3581 qua:
2658 3519 2849 3583 postea
2888 3517 3097 3565 exortae
3139 3516 3291 3575 sunt,
3330 3522 3501 3585 nugas
3536 3507 3676 3561 abo-

2088 3607 2306 3664 lendas.
2329 3607 2400 3659 Et
2428 3605 2631 3660 factum
2659 3603 2712 3658 id
2744 3604 2886 3657 forte
2913 3609 3083 3661 eSset,
3118 3599 3222 3654 nisi
3249 3598 3343 3670 qui
3373 3600 3672 3669 plurimum

2090 3698 2236 3768 apud
2281 3699 2675 3766 imperatorem
2714 3693 2959 3754 valebat.
3002 3686 3335 3757 obsiitissct,
3388 3690 3676 3745 Eudoxius

2091 3791 2374 3854 videlicet,
2408 3790 2632 3844 Arianae
2662 3786 2948 3857 religionis
2980 3783 3299 3854 praefectus,
3337 3783 3432 3853 qui
3464 3785 3675 3855 synodo

2084 3898 2149 3937 ea
2194 3883 2404 3937 indicta
2460 3885 2631 3951 magis
2674 3881 2843 3934 etiam
2896 3885 3245 3943 commotus,
3294 3877 3501 3947 majora
3554 3877 3663 3931 illis

2087 3974 2277 4029 intulit
2334 3975 2689 4028 detrimenta.
2741 3972 2899 4039 Quod
2955 3985 3090 4025 vero
3143 3966 3522 4023 Macedoniani
3577 3982 3674 4036 per

2093 4076 2344 4121 oratores
2363 4080 2492 4121 suos
2512 4081 2577 4119 cu
2588 4081 2636 4118 m
2654 4064 2884 4119 Liberio
2910 4061 3402 4124 communiCarint,
3429 4067 3486 4113 et
3509 4058 3671 4112 ﬁdem

2097 4157 2368 4212 Nicaenam
2401 4146 2783 4226 approbarint.
2816 4155 3060 4211 Sabinus
3091 4155 3204 4221 ipse
3229 4154 3285 4207 in
3316 4151 3670 4224 synodalium

2088 4248 2359 4305 Actorum
2390 4250 2743 4305 collecta'neis
2771 4256 2857 4301 est
2884 4245 3191 4303 confessus.

1856 4490 2088 4549 CAPUT
2131 4492 2221 4548 ῐΧ.

1324 4612 1470 4678 Περὶ
1499 4606 1619 4662 τῶν
1643 4608 1712 4660 ἐν
1750 4608 2002 4674 Τιιιὶνοις
2032 4612 2132 4662 καὶ
2181 4611 2372 4676 Καρίᾳ
2401 4606 2706 4662 συνόδων.

1431 4736 1508 4790 De
1532 4735 1752 4805 synodi:
1794 4732 1989 4804 Tyana
2018 4742 2067 4787 et
2094 4732 2342 4787 in'Caria
2374 4733 2599 4786 coactis.

469 4860 671 4914 Eodem
720 4868 971 4926 tempore
1021 4856 1320 4913 concilium
1373 4853 1575 4925 Tyana:
1621 4855 1690 4908 ab
1742 4851 1982 4907 Eusebio
2018 4856 2058 4908 ι)
2091 4850 2291 4919 gaudio
2310 4851 2656 4911 exsilientes,
2691 4848 2758 4902 ad
2793 4851 3082 4901 universas
3104 4847 3453 4917 scripserunt
3485 4845 3678 4899 Eccle-

395 4953 662 5004 (J.rsare:e
702 4949 1095 5018 Cappadociae,
1131 4936 1436 5001 Athanasio
1470 4950 1719 5016 Ancyrae,
1757 4942 1982 5013 Pelagio

395 5041 708 5104 Laodiceae,
741 5040 963 5095 Zenone
990 5040 1170 5100 Tarsi,
1204 5041 1373 5094 Paulo
1413 5038 1643 5098 Emesue,
1678 5036 1870 5090 Otreio
1903 5037 1981 5105 il)

398 5133 689 5199 Melitinze,
735 5131 1003 5202 Gregorio
1034 5130 1294 5186 Nazianzi
1316 5170 1331 5195 ,
1363 5131 1597 5199 aliisque
1643 5128 1832 5181 multis
1863 5126 1986 5196 epi-

399 5226 604 5294 scopis,
637 5225 731 5295 qui
753 5224 847 5276 τοῦ
869 5222 1185 5293 ὁμοουσίου,
1212 5221 1723 5279 consubstantialis.
1751 5218 1983 5274 verbum

399 5316 733 5372 servandum
776 5332 901 5373 esse
935 5316 1279 5382 Antiochiae,
1315 5316 1609 5370 .Ioviniano
1644 5315 1979 5384 imperante,

395 5411 784 5477 decreverant,
807 5410 1166 5466 celebratum.
1196 5409 1372 5466 Lecta:
1399 5402 1711 5464 ibi'Liberii
1743 5418 1800 5461 et
1826 5407 1987 5462 Occi-

400 5488 706 5558 dentalium
738 5503 1127 5575 episcoporum
1156 5504 1387 5567 litterae,
1423 5517 1562 5573 quas
1595 5515 1783 5556 secum
1817 5500 1983 5570 legati

401 5593 706 5668 Lampsaco
761 5599 988 5654 Romam
1036 5599 1189 5654 missi
1232 5599 1558 5653 attulerant.
1611 5597 1983 5663 Quamobrem

2085 4944 2230 5007 sias,
2281 4954 2341 4997 ut
2372 4945 2593 4998 decreta
2626 4945 2997 4997 Asiaticorum
3049 4942 3434 5009 episcoporum
3481 4947 3537 4993 et
3582 4936 3676 4991 Li-

2088 5039 2253 5103 berii,
2284 5040 2570 5099 Italorum,
2602 5037 2887 5095 Afrorum.
2922 5036 3207 5089 Gallorum
3244 5032 3675 5087 occidentalium

2086 5133 2337 5203 legerent
2364 5132 2668 5202 epistolas:
2697 5140 2754 5185 et
2786 5138 2998 5184 tantum
3036 5124 3174 5198 ipsis
3204 5125 3674 5182 consentientium

2089 5241 2416 5287 numerum,
2448 5224 2541 5294 qui
2577 5223 2739 5293 longe
2778 5223 3130 5277 Ariminense
3175 5220 3476 5275 concilium
3512 5233 3679 5287 supe—

2091 5318 2273 5379 rabat,
2304 5317 2756 5382 considerarent,
2782 5326 2839 5370 et
2866 5316 2932 5370 ad
2961 5315 3296 5371 sententiam
3329 5313 3677 5368 communio-

2092 5426 2328 5480 nemque
2352 5426 2547 5465 eorum
2573 5411 2903 5466 accederent
2930 5425 2944 5463 :
2980 5423 3199 5463 necnon
3230 5414 3291 5461 ut
3319 5408 3400 5460 eis
3424 5403 3671 5472 ejusdem

2092 5519 2151 5558 se
2196 5518 2317 5558 esse
2361 5505 2656 5560 sententize
2705 5502 2916 5559 litteris
2966 5502 3068 5573 ipsi
3116 5502 3236 5557 suis
3280 5499 3673 5554 rescriberem.

2088 5597 2451 5666 Scripserunt
2507 5605 2812 5667 pra-terea,
2864 5606 2923 5651 ut
2977 5595 3046 5649 ad
3101 5595 3248 5649 diem
3309 5591 3672 5647 constitutum

478 5740 556 5804 (ι)
586 5740 789 5813 Montio
823 5743 992 5813 hujus
1033 5742 1197 5795 etiam
1257 5743 1316 5795 iit
1350 5741 1403 5794 in
1437 5739 1674 5809 quatiam
1702 5735 2037 5792 ~T|ieodosii
2078 5736 2501 5803 constitutione,
2546 5737 2599 5791 in
2646 5735 2710 5792 Cr.
2741 5732 3132 5790 Theodosiano
3171 5730 3271 5786 lib.
3322 5729 3423 5783 ult.
3451 5726 3487 5782 i.
3546 5723 3675 5795 Epi-

403 5813 591 5878 scopis,
620 5811 693 5868 De
733 5814 838 5871 ﬁde
876 5811 1079 5869 cutliol.
