4056 6484
402 392 513 457 605
1365 395 1974 458 ECCLESIASTICB
2009 396 2406 460 HISTORIA;
2446 402 2592 468 LIB.
2634 403 2743 464 XI.
3565 407 3671 470 606

402 514 576 558 verno
604 501 786 558 adhuc
817 512 1066 574 tempore
1090 504 1326 560 Tarsum
1351 505 1560 561 Ciliciae
1584 505 1979 561 convenirent.
2010 514 2057 570 Α
2087 509 2255 563 veluti
2309 525 2430 579 quae
2482 511 2709 568 Luciani
2758 514 3014 585 martyris
3060 531 3184 571 esse
3243 516 3584 583 crederetur,
3612 529 3668 572 et

406 595 664 652 Sedenim
708 593 844 650 dum
912 597 998 651 sic
1049 598 1120 652 de
1165 597 1422 653 Tarsensi
1476 599 1685 671 synodo
1735 597 1984 668 cogenda
2088 600 2451 669 amajoribus
2479 617 2671 656 eorum
2704 604 2955 673 periculo
2976 611 3041 660 ‘et
3070 607 3276 662 sudore
3303 607 3477 661 nmlto
3511 622 3667 662 com.

405 688 613 758 agitur,
665 688 885 757 triginta
940 698 999 745 et
1043 698 1285 758 quatuor
1332 690 1448 745 fere
1496 692 1682 745 Asiani
1729 688 1983 759 episcopi
2089 691 2319 758 probata
2374 705 2558 761 esset,
2617 698 3039 754 conﬁrmarunt.
3099 699 3405 768 imperator
3460 710 3669 764 autem,

405 776 717 832 Antiochia:
743 777 800 831 in
824 777 986 833 Caria
1027 780 1449 843 convenientes,
1483 781 1728 836 studium
1756 778 1985 849 quidem
2086 779 2343 836 Eudoxio
2375 785 2694 853 annitente,
2741 788 3015 859 synodum
3057 790 3115 845 in
3161 791 3357 847 Cilicia
3400 793 3671 847 celebrari

405 869 791 925 ecclesiasticae
805 870 1113 925 concordiae
1130 871 1993 938 sarciendmlaudarimtz‘bpoou-
2091 869 2406 926 institutam
2445 876 2756 943 prohibuit,
2790 877 2994 933 edictis
3029 895 3093 935 ea
3122 882 3192 937 de
3227 897 3394 937 causa
3424 891 3480 937 ct
3510 897 3666 937 com-

410 960 549 1025 σξου,
579 959 1090 1024 consubstantialis,
1112 975 1248 1015 vero
1275 976 1474 1016 nomen
1500 962 1850 1032 repudiantes
1876 959 1993 1014 for-
2094 960 2505 1019 minationibus
2536 965 2762 1037 publice
2796 970 3120 1040 propositis.

409 1053 613 1108 mulam
665 1051 794 1109 lidei
843 1051 1153 1107 Antiochia:
1199 1060 1256 1108 et
1299 1051 1569 1109 Seleuciae
1598 1052 1990 1123 compositam,

1156 1134 1177 1161 ὗ

1852 1219 2083 1278 CAPUT
2122 1220 2195 1277 Χ.

481 1334 622 1404 Περὶ
675 1336 809 1392 τοῦ
844 1339 1179 1403 τηνικαῦτα
1239 1341 1570 1411 γενομένου
1603 1341 1905 1421 animai}:
1936 1341 2061 1421 erat
2099 1344 2242 1421 napi
2265 1345 2373 1421 τρῦ
2403 1345 2580 1415 ἄτιον
2621 1348 3011 1415 Ἀθανασιου,
3074 1349 3155 1417 ὡς
3180 1353 3365 1418 αὐτὸς
3398 1353 3588 1421 μόνος

1614 1414 1727 1467 οὐκ
1756 1412 2031 1482 ἐξηλάθη
2064 1414 2171 1469 τοῦ
2212 1417 2452 1484 θρόνου.

415 1523 494 1578 De
540 1538 605 1580 ea
659 1542 780 1597 qua
824 1535 933 1581 mm
979 1539 1229 1599 grassata
1281 1538 1359 1585 est
1409 1530 1774 1602 persecution'e'
1796 1546 1814 1584 :
1853 1538 1905 1584 et
1945 1530 2010 1612 de
2038 1545 2256 1654 {sancto
2300 1534 2619 1599 Athanasio,
2662 1544 2728 1589 ut
2792 1537 2839 1590 is
2892 1535 3036 1591 solus
3087 1536 3209 1591 sede
3283 1554 3383 1590 sua
3438 1553 3548 1590 non
3592 1537 3662 1591 δὴ

1926 1616 2034 1654 em
2061 1618 2143 1654 us.

1926 1616 2143 1668 ejectus.

491 1717 646 1788 123
666 1717 1084 1775 Provinciarnm
1106 1735 1335 1792 quoque
1356 1723 1690 1793 praesidibus
1709 1723 1994 1794 sigillatim
2028 1796 2067 1801 _
2105 1726 2416 1795 aliquorum
2468 1727 2893 1784 denuntiatione
2950 1711 3285 1791 secesserit,
3335 1726 3539 1801 eodem
3583 1714 3686 1781 res

422 1811 720 1871 mandavit,
764 1820 828 1866 ut
861 1827 929 1867 ex
962 1812 1218 1868 ecclesiis
1248 1828 1346 1869 eos
1379 1815 1743 1871 deturbarent
1777 1816 1994 1884 episco-
2028 1796 2073 1855 Β
2102 1817 2323 1872 recidit.
2361 1818 2517 1885 Quod
2548 1819 2699 1873 enim
2744 1828 2854 1873 tam
2904 1818 3225 1875 necessario
3259 1796 3505 1887 tempore
3541 1819 3683 1873 insi-

424 1917 552 1971 pos,
574 1903 679 1973 'qui
727 1904 831 1958 sub
859 1903 1187 1961 Constantio
1217 1907 1569 1961 exauctorati
1593 1945 1610 1971 ,
1660 1906 1995 1977 dignitatem
2101 1908 2222 1964 dias
2247 1908 2351 1964 sibi
2378 1918 2615 1965 structas
2639 1910 2966 1977 'prreviderit
2988 1920 3045 1964 et
3070 1910 3284 1972 vitarit,
3308 1909 3526 1963 consilii
3554 1924 3682 1964 esse

420 1993 709 2063 pristinam
751 1997 856 2050 sub
895 1996 1119 2052 Iuliano
1154 1999 1522 2068 recepissent.
1573 2000 1679 2054 Per
1702 1997 1995 2068 ejusmodi
2102 1999 2282 2054 visum
2305 2008 2421 2064 est,
2453 2001 2599 2069 quod
2626 2008 2848 2070 captum
2884 2000 3188 2055 humanum
3225 1998 3542 2054 excederet.
3576 2000 3683 2052 Alii

413 2085 722 2152 iussionem
769 2086 1012 2158 Egyptii
1040 2089 1211 2144 etiam
1234 2090 1603 2160 magistratus
1630 2089 2013 2145 Athanasium
2103 2104 2239 2144 vero
2284 2088 2509 2154 dicunt,
2546 2106 2715 2154 eum,
2765 2091 2914 2161 quod
2963 2091 3109 2161 vulgi
3162 2091 3419 2145 insanum
3472 2100 3684 2144 motum

418 2176 673 2232 ecclesiis
691 2177 858 2233 simul
887 2190 944 2234 et
972 2182 1111 2236 urbe
1133 2181 1505 2237 Alexandrina
1535 2181 1742 2251 ejicere
1769 2188 2005 2236 conten-
2105 2181 2494 2249 praesenserit,
2526 2181 2777 2236 etsimul
2808 2182 3025 2236 veritus
3050 2181 3159 2245 sit,
3192 2181 3237 2236 si
3265 2180 3397 2251 quid
3433 2179 3560 2235 inde
3589 2180 3689 2233 de-

418 2267 642 2324 derunt.
692 2269 817 2325 Non
868 2270 1009 2326 levis
1061 2271 1211 2327 enim
1258 2287 1420 2342 pmna
1464 2271 1736 2343 imperiali
1793 2274 2005 2327 inserta
2106 2273 2743 2348 trimenti-prevenisset,
2768 2288 2845 2328 ne
2867 2273 2985 2340 ipse
3017 2282 3219 2328 auctor
3247 2273 3375 2328 mali
3407 2272 3529 2341 ejus
3562 2288 3688 2325 esse

316 2367 331 2379 ‘
420 2367 542 2414 erat
573 2360 751 2416 edicto
776 2400 792 2425 ,
814 2362 976 2432 quod
1014 2363 1293 2433 praefectis
1325 2363 1589 2419 omnibus
1612 2403 1628 2429 ,
1662 2373 1733 2419 'et
1758 2364 1862 2435 qui
1896 2362 2004 2418 sub
2106 2365 2425 2432 videretur,
2468 2374 2595 2421 toto
2633 2381 2701 2420 eo
2730 2374 2980 2436 tempore
3009 2366 3086 2435 (l)
3137 2366 3192 2420 in
3226 2374 3456 2436 paterno
3489 2380 3689 2419 monu-

420 2464 615 2506 eorum
641 2452 817 2524 signis
847 2460 905 2508 et
932 2462 1215 2523 potestate
1240 2463 1430 2510 essent
1454 2454 1727 2511 militibus
1757 2465 1814 2510 et
1841 2469 2008 2510 sena-

422 2543 672 2611 toribus,
716 2559 846 2600 cum
900 2546 1145 2615 ingentis
1192 2546 1449 2616 pecunia:
1496 2547 1705 2611 multa],
1753 2547 2010 2617 corporis

421 2649 645 2706 quoque
689 2640 1038 2693 coercionem
1089 2638 1477 2694 denuntiabat.
1529 2640 1600 2694 At
1650 2639 2009 2696 Christianus

422 2729 661 2798 popuius
707 2729 1053 2785 conveniens
1098 2730 1426 2800 pmtectum
1468 2730 1725 2802 rogavit»,
1770 2742 1834 2786 ut
1880 2733 2011 2800 cpi--

424 2836 652 2889 scopum
684 2836 852 2876 causa
903 2836 1012 2877 non
1055 2824 1191 2877 satis
1226 2822 1533 2878 deliberata
1574 2838 1692 2878 non
1726 2825 2009 2893 exigeret,

2108 2464 2293 2510 mento
2319 2454 2628 2511 delituisse.
2662 2455 2844 2525 Atque
2872 2455 2965 2509 ille
2998 2454 3224 2526 quidem
3256 2455 3338 2509 sic
3362 2453 3606 2524 profugit
3633 2460 3691 2506 et

2108 2550 2293 2605 latuit.
2319 2548 2440 2604 Non
2463 2549 2629 2618 longe
2658 2556 2999 2617 autem;post
3024 2547 3329 2616 imperator
3356 2545 3553 2599 litteris
3576 2543 3693 2598 suis

2111 2656 2237 2697 eum
2266 2640 2584 2705 revocavit,
2621 2639 3291 2696 et-eeelesiamobtinere
3317 2638 3504 2707 jussit.
3541 2634 3695 2691 Scri-

2112 2741 2264 2802 ptum
2294 2732 2402 2787 hoc
2444 2741 2645 2801 praeter
2672 2731 2848 2785 animi
2870 2730 3209 2787 sententiam
3255 2728 3541 2784 Valentem
3574 2724 3696 2780 edi-

2113 2823 2262 2878 disse
2292 2821 2525 2892 -opinor,
2565 2821 2651 2877 vel
2692 2821 2844 2891 quod
2884 2821 3178 2877 Athanasii
3219 2820 3454 2892 gloriam
3503 2833 3693 2874 secum

425 2914 523 2967 sed
558 2914 875 2969 accuratius
906 2915 1223 2969 litterarum
1262 2915 1640 2984 imperiatiurn
1677 2915 2012 2970 sententiam
2114 2915 2231 2985 ipse
2261 2922 2566 2984 reputaret,
2605 2929 2671 2970 ac
2708 2913 3208 2984 reprehensionem
3248 2914 3370 2983 ejus
3402 2914 3480 2968 rei
3516 2928 3548 2967 a
3582 2912 3693 2968 Va-

425 3004 827 3074 perpenderet,
869 3019 998 3075 qua:
1044 3019 1144 3060 eos
1193 3015 1406 3060 tantum
1464 3006 1872 3075 proscriberet,
1915 3004 2014 3075 qui
2116 3006 2454 3068 lentiniano,
2504 3006 2601 3076 qui
2643 3007 2928 3062 Nicronurn
2976 3007 3261 3062 decretum
3302 3005 3696 3075 proﬁtebatur,

426 3096 875 3153 subComtantio
889 3099 1148 3153 exsulare
1158 3099 1322 3165 jussi,
1349 3098 1694 3154 sanuliano
1716 3098 1791 3153 ab
1813 3097 2011 3153 exsilio
2036 3124 2081 3183 ο
2113 3106 2463 3168 exspectaret
2491 3113 2507 3152 :
2554 3098 2642 3153 vel
2673 3100 2820 3169 quod
2868 3106 3077 3154 motum
3109 3112 3306 3159 eorum
3337 3097 3431 3167 qui
3467 3096 3692 3164 plurimi

426 3190 879 3246 reversi'essent.
918 3191 1290 3245 Athanasium
1326 3206 1506 3261 porro
1541 3191 1654 3245 sub
1674 3190 2009 3246 constantio
2113 3191 2270 3247 illum
2298 3190 2621 3257 laudabant,
2662 3206 2733 3246 ne
2781 3206 2878 3260 per
2908 3206 3177 3245 novarum
3212 3204 3408 3245 rerum
3444 3189 3692 3244 studium

429 3280 654 3348 quidem
675 3281 852 3336 exsilii
874 3295 1044 3336 causa
1072 3282 1252 3337 solum
1276 3281 1513 3337 vertisse
1537 3281 1820 3345 dicebant,
1844 3290 2012 3350 atque
2113 3283 2422 3353 respublica
2465 3281 2671 3351 aliquid
2694 3282 3012 3338 detrimenti
3053 3291 3302 3352 caperet,
3346 3291 3667 3351 suspectum

422 3371 501 3426 ab
536 3373 732 3428 eodem
783 3372 1076 3428 reductum
1125 3382 1294 3444 atque
1335 3373 1392 3426 in
1425 3373 1809 3443 episcopatum
1842 3389 2009 3428 suum
2112 3376 2367 3431 haberet.
2412 3373 2623 3444 Opinor
2666 3390 2892 3445 quoque
2938 3374 3159 3430 Arianre
3212 3373 3440 3429 haeresis
3489 3374 3693 3426 antesi-

422 3462 941 3519 restitutnmesse:
975 3461 1262 3519 lulianum
1295 3472 1515 3529 autem,
1558 3478 1684 3519 cum
1717 3479 1912 3519 omnes
1939 3465 2011 3521 ab
2106 3481 2350 3537 gnanos,
2382 3464 2458 3519 ita
2492 3475 2552 3519 ut
2576 3480 2680 3535 par
2700 3473 2851 3529 erat,
2881 3480 2991 3519 non
3019 3463 3320 3519 admodum
3340 3465 3452 3533 jam
3485 3463 3539 3517 in
3569 3462 3692 3532 ejus

418 3555 625 3611 exsilio
656 3566 993 3622 revocaret,
1024 3571 1206 3610 unum
1238 3557 1392 3610 hunc
1423 3567 1782 3626 persecutum
1814 3557 2009 3624 fuisse,
2111 3557 2216 3612 viri
2267 3544 2733 3627 proscriptionem
2790 3556 3094 3627 lugendam
3139 3555 3463 3616 incubuisse
3496 3570 3510 3607 :
3551 3553 3686 3608 illud

431 3662 595 3717 quem
629 3647 851 3703 tandem
878 3648 1207 3704 Jovinianus
1234 3648 1565 3704 restituerit.
1600 3648 1729 3705 Huic
1758 3648 2011 3705 cum.di-

434 3749 662 3805 cerent,
712 3756 898 3809 neque
943 3740 1203 3810 praefecto
1258 3742 1699 3812 persuaderent,
1754 3745 2013 3800 restitere

432 3843 642 3899 tamen,
672 3838 730 3889 et
750 3834 871 3888 vim
911 3833 1030 3889 ﬁeri
1061 3848 1178 3888 non
1213 3836 1544 3905 permisere.
1577 3832 1852 3890 Craterum
1884 3851 2013 3891 cum

434 3928 634 3997 vulgus
654 3926 903 3996 undique
934 3928 1278 3994 conﬂueret,
1322 3927 1576 3983 etiturba
1608 3926 1806 3996 ingens
1836 3938 2013 3996 atque

435 4017 729 4081 tumultus,
760 4016 985 4071 adeou-t
1031 4016 1235 4073 seditio
1280 4027 1724 4086 exspectaretur,
1773 4018 1829 4072 in
1875 4019 2013 4074 urbe

431 4119 587 4165 esset
614 4126 631 4163 :
660 4109 956 4179 praefectus
980 4122 1105 4165 rem
1145 4124 1267 4164 eam
1294 4110 1627 4180 imperatori
1661 4108 2011 4179 signiﬁcavit,

432 4203 794 4258 Athanasium
822 4202 896 4256 ibi
921 4216 1158 4256 manere
1183 4202 1540 4273 permittens.
1558 4201 1638 4256 Et
1665 4202 1864 4257 diebus
1886 4203 2016 4271 piu-

435 4295 594 4349 ribrrs
610 4295 853 4356 exactis,
876 4295 1080 4349 sedirio
1092 4308 1170 4349 ea
1194 4296 1378 4366 sopita
1408 4298 1668 4366 jarmesse
1686 4294 2010 4358 videbatur,

433 4403 559 4441 cum
618 4388 952 4442 Athanasius
998 4389 1219 4456 vesperi
1278 4390 1415 4442 urbe
1461 4388 1790 4458 egreditur,
1842 4395 1902 4442 et
1950 4387 2009 4440 in

2112 3649 2541 3720 perpendentes,
2583 3649 2629 3705 si
2675 3651 2815 3705 urbe
2858 3650 3178 3720 ejiceretur,
3218 3648 3335 3702 fore
3375 3658 3433 3701 ut
3468 3662 3691 3701 rursum

2110 3741 2551 3812 imperatoribus
2583 3742 2848 3797 molestus
2882 3741 3043 3796 ﬁeret
3065 3782 3078 3806 ,
3104 3741 3581 3810 .occasionemque
3625 3754 3695 3795 ex

2112 3847 2179 3889 ea
2220 3847 2281 3888 re
2331 3833 2456 3887 illos
2497 3832 2867 3903 eorupellandi
2902 3832 3152 3892 haberet.
3200 3833 3597 3901 Valentemque
3639 3831 3697 3886 in

2107 3926 2449 4001 seintentiam
2480 3939 2637 3980 suam
2668 3924 2996 3990 adduceret,
3032 3924 3482 3980 Valentinianum
3509 3936 3695 3978 autem

2116 4018 2223 4073 sibi
2271 4021 2711 4073 consentientem
2760 4017 2830 4071 ad
2880 4018 3021 4071 iram
3066 4017 3241 4072 etiam
3294 4024 3693 4071 commoveret.

2115 4109 2424 4164 Plurimum
2460 4124 2702 4179 namque
2730 4124 2861 4164 eum
2894 4117 3242 4175 metuerunt,
3275 4109 3542 4162 virtutem
3576 4108 3699 4177 ejus

2117 4200 2174 4252 in
2205 4198 2374 4253 rebus
2398 4213 2522 4267 quae
2554 4199 2659 4253 sub
2688 4196 3031 4253 Constantio
3068 4198 3427 4261 acciderant,
3459 4202 3697 4267 experti.

2118 4286 2273 4341 Adeo
2291 4287 2448 4341 enim
2481 4297 2592 4342 tum
2622 4302 2847 4359 quoque
2879 4288 3234 4343 inimicorum
3265 4290 3499 4342 consilia
3528 4297 3585 4342 et
3615 4289 3700 4340 in-

2120 4379 2287 4433 sidias
2313 4379 2664 4449 propulerat,
2692 4388 2755 4432 ut
2779 4380 2828 4433 ei
2864 4379 2943 4434 illi
2974 4395 3080 4434 non
3111 4389 3335 4446 gravate
3365 4380 3614 4433 ecclesiis
3641 4379 3697 4432 in

436 4479 641 4548 predio
688 4481 926 4549 quodam
963 4455 1164 4535 latitat.
1213 4480 1434 4553 ἐξεγριὶ
1472 4455 1661 4534 autem
1694 4479 2009 4549 pr'ei'ectus,
2044 4455 2349 4543 Da‘Egypto
2396 4472 2681 4533 cederent,
2712 4478 2771 4525 et
2809 4486 2874 4525 ea
2906 4470 2975 4526 de
3019 4485 3186 4526 causa
3231 4471 3371 4541 ipse,
3417 4471 3508 4523 vix
3556 4471 3703 4524 Con-

434 4570 803 4639 et‘copiarum
837 4570 1156 4625 militarium
1188 4586 1313 4640 qua:
1332 4570 1421 4624 uibi
1442 4581 1615 4622 erant
1643 4570 1774 4623 dux.
1802 4569 2012 4623 intem-

438 4666 591 4729 pesta
615 4671 780 4717 nocte
809 4662 864 4715 in
891 4662 1209 4722 ecclesiam.
1236 4664 1329 4717 ubi
1357 4662 1451 4717 ille
1474 4660 1821 4716 domicilium
1838 4673 2011 4713 suum

441 4752 695 4815 habebat,
734 4754 932 4820 venit,
981 4764 1038 4807 et
1076 4754 1134 4808 in
1180 4753 1521 4810 habitaculis
1542 4754 1719 4808 etiam
1760 4752 2015 4821 superio-

438 4847 592 4901 ribus
638 4846 929 4916 diligenter
975 4860 1102 4900 eum
1146 4846 1359 4916 quaerit
1397 4862 1412 4897 :
1445 4846 1542 4900 sed
1595 4845 1862 4915 opinione
1908 4857 2013 4897 sua

403 4936 763 5001 irustratus,
817 4954 879 4991 re
928 4937 1131 4993 iniecta
1174 4937 1317 4991 abit.
1367 4936 1797 4991 Exist-imaverat
1841 4933 2013 4996 enim,

439 5025 587 5093 quod
635 5026 793 5095 plebs
840 5026 1064 5080 tandem
1118 5025 1326 5093 prioris
1376 5036 1593 5088 motus,
1627 5040 1736 5093 quo
1783 5025 2012 5079 excitata

441 5118 643 5183 iuerat,
684 5118 856 5172 oblita
891 5122 1057 5182 esset,
1088 5128 1145 5172 et
1178 5133 1432 5172 somnum
1471 5132 1669 5173 omnes
1696 5124 2012 5185 carperent,

438 5209 599 5265 facile
647 5226 705 5265 se
738 5211 1089 5277 imperatoris
1143 5210 1414 5280 imperata
1467 5212 1905 5271 exsecuturum,
1959 5215 2017 5259 et

442 5302 634 5356 urbem
663 5302 783 5357 sine
804 5303 1077 5358 seditione
1102 5313 1347 5373 pacatam
1372 5310 1825 5358 conservaturum
1867 5311 2011 5353 esse.

439 5392 698 5449 Sedenim
755 5395 1071 5464 prrel'ectus.
1113 5405 1171 5449 et
1210 5395 1307 5463 qui
1350 5410 1477 5449 cum
1521 5408 1590 5448 eo
1629 5401 1809 5453 erant,
1864 5388 2013 5460 quod

437 5484 798 5539 Athanasium
836 5486 1346 5559 noninvcnissent,
1368 5485 1538 5540 valde
1573 5492 1704 5541 sunt
1732 5480 2012 5538 admirati.

440 5574 567 5632 sm
608 5578 757 5633 enim
799 5570 991 5633 divini’
1021 5562 1277 5633 Numinis
1318 5576 1525 5633 indicio
1552 5615 1567 5641 ,
1596 5591 1695 5632 seu
1727 5573 2053 5660 hominum.

515 5710 591 5777 (i)
623 5710 902 5767 Mensi‘bus
933 5722 1187 5781 quatuor.
1230 5710 1494 5781 (Socrat.)

2116 4564 2308 4620 stantii
2348 4564 2556 4619 litteris
2589 4562 3071 4634 acquiescens,-ex
3100 4564 3258 4618 italia
3291 4563 3516 4617 rediret.
3552 4562 3697 4617 Cau-

2116 4674 2231 4730 sam
2274 4657 2538 4725 quidem,
2584 4656 2947 4726 quamobrem
2980 4656 3316 4710 Athanasius
3359 4671 3470 4709 non
3506 4655 3698 4709 itidem

2118 4757 2179 4801 ut
2204 4747 2298 4802 alii
2332 4762 2402 4802 ex
2441 4746 2680 4802 ecclesia
2720 4746 2920 4816 pulsus
2951 4746 3063 4809 sit,
3111 4746 3257 4800 hanc
3286 4760 3408 4800 esse
3441 4745 3697 4816 conjicio.

2116 4838 2226 4892 Alii
2273 4851 2408 4892 vero
2450 4836 2697 4907 episcopi
2731 4845 2945 4891 tantum
2982 4852 3095 4892 non
3128 4837 3542 4907 persecutione,
3577 4820 3701 4906 quae

2121 4930 2229 4984 illis
2258 4944 2357 4999 par
2388 4938 2555 4991 esset,
2588 4943 2712 4997 quae
2742 4928 2812 4982 ab
2838 4927 3151 4985 idololatris
3179 4928 3429 4982 excitate:
3456 4928 3701 4991 fuerant,

2120 5030 2250 5077 sunt
2281 5021 2535 5090 expetiti.
2568 5019 2775 5077 Exsilia
2806 5020 2956 5075 enim
2983 5029 3041 5075 et
3072 5021 3492 5091 deportationes
3523 5021 3576 5074 in
3604 5036 3702 5074 eos

2118 5116 2210 5184 qui
2248 5130 2354 5168 non
2401 5114 2592 5169 eadem
2637 5129 2764 5168 cum
2810 5113 3039 5169 Valente
3074 5115 3378 5174 sentirent.
3424 5114 3698 5168 decerne—

2120 5206 2346 5271 bantur,
2398 5217 2455 5260 et
2506 5220 2680 5261 sacrae
2721 5206 2871 5262 aedes
2911 5207 2980 5263 iis
3009 5207 3235 5277 quidem
3287 5206 3699 5267 adimebantur,

2119 5298 2241 5352 aliis
2282 5308 2462 5351 autem
2509 5297 3017 5353 committebantur.
3063 5296 3332 5369 IEgyptus
3379 5311 3514 5351 vero
3560 5294 3697 5347 dum

2121 5388 2427 5444 Athanasio
2454 5390 2564 5443 vita
2598 5390 2952 5460 suppetebat,
2992 5390 3262 5445 malorum
3295 5385 3568 5458 ejusmodi
3600 5385 3703 5439 im-

2123 5479 2307 5533 munis
2334 5488 2390 5534 ct
2420 5494 2621 5548 expers
2650 5478 2777 5534 fuit.
