4056 6476
404 324 511 384 607

1628 332 2051 393 NICEPIIOIU
2089 335 2443 398 CALLISTI

3569 302 3682 410 608.

1859 446 2085 503 CAPUT
2142 448 2235 503 XI.

436 562 516 626 Ως
572 559 942 639 διῃρέθησαν
1001 565 1057 616 οι
1103 563 1389 631 Ἀρειίινοὶ
1416 566 1543 641 -καὶΑ
1586 566 1990 641 Εὺγρμιανρί·
2026 569 2125 641 κᾳὶ
2166 570 2303 638 περὶ
2364 574 2666 641 Εὐνομίου
2733 573 2834 627 καὶ
2874 575 3128 630 Ἀετίουο
3183 574 3283 630 καὶ
3331 575 3449 630 ὅσα
3524 580 3675 633 κατὰ

728 634 729 639 “
1368 633 1480 702 τῆς
1512 636 1840 703 ὀρθοὸὀξου
1880 633 2280 708 ἐνεωτέρισαὶ·
2318 633 2601 709 πίστεώς.

412 746 474 799 ιη
515 745 704 800 Ariani
730 752 779 798 et
804 743 1131 798 Eunomiani
1162 762 1254 816 per
1284 746 1565 832 dimidium
1588 749 1692 802 sint
1719 748 1946 816 sejunctt’
1964 755 1991 801 '.'
2038 758 2087 802 et
2118 751 2183 803 de
2216 756 2482 832 Eunomia
2508 765 2559 810 et
2594 758 2767 824 Aetio,
2812 769 2862 814 et
2891 777 3009 832 qua:
3074 764 3115 816 ii
3173 771 3359 819 contra
3432 767 3677 820 ονυιοιίο-

1328 832 1460 870 ωαηι
1490 818 1647 886 ﬁdem
1674 835 1931 873 novarum
1961 835 2139 897 rerum
2162 824 2339 878 studio
2368 827 2474 879 sint
2504 832 2705 885 conati.

435 964 441 968 -
481 931 641 1002 124
680 930 793 985 Sub
839 932 981 985 idem
1018 942 1237 1000 tempus
1279 932 1587 987 Eunomius
1630 934 1701 987 ab
1734 934 1986 989 Eudoxio
2019 941 2066 996 Α
2092 937 2208 995 Arii
2246 944 2519 999 sententia
2558 948 2949 1015 permansisse.
2989 948 3288 1019 Postquam
3324 965 3459 1004 vero
3486 949 3671 1022 Cyzici

404 1030 653 1090 secessit,
688 1038 744 1080 et
771 1027 1005 1081 seorsim
1045 1042 1176 1079 suos
1213 1027 1317 1080 sibi
1349 1036 1660 1082 conventus
1689 1031 1824 1099 egit,
1858 1046 1993 1100 pro~

404 1132 589 1188 pterea
642 1122 790 1190 quod
845 1136 971 1174 cum
1022 1120 1259 1189 saepius,
1331 1130 1391 1173 ut
1441 1130 1750 1191 praeceptor
1811 1122 1989 1192 ipsius

404 1212 597 1266 Aetius
640 1215 693 1265 in
740 1213 972 1282 gratiam
1016 1223 1075 1267 et
1118 1215 1573 1270 communionem
1620 1218 1987 1287 reciperetur,
2047 1225 2056 1233 '

400 1304 715 1359 liudoxium
767 1315 1039 1372 rogasset,
1090 1306 1143 1361 id
1202 1306 1506 1376 impetrare
1552 1324 1663 1364 non
1720 1311 1987 1379 potuerit.

400 1398 518 1452 Non
567 1399 696 1454 ideo
743 1409 925 1453 autem
971 1399 1193 1454 Aetium
1223 1410 1508 1456 aversatus
1554 1411 1642 1457 est
1683 1403 1987 1471 Eudoxius,

401 1491 549 1558 quod
585 1492 835 1547 haeresim
877 1492 994 1563 ejus
1020 1508 1244 1548 exosam
1287 1492 1541 1557 haberet,
1572 1482 1738 1563 quam
1778 1495 1990 1550 scilicet

403 1584 641 1638 maxime
680 1583 1105 1654 depraadicabat,
1144 1585 1239 1641 sed
1281 1586 1429 1656 quod
1469 1600 1671 1642 omnes
1701 1587 1796 1657 qui
1852 1603 1997 1651 cum

402 1675 655 1729 Eudoxio
685 1679 1108 1733 consentiebant
1156 1680 1227 1733 ab
1279 1678 1440 1734 Aetio
1473 1689 1665 1749 utpote
1712 1681 1990 1736 diversam

401 1767 472 1819 ab
510 1782 577 1820 eo
621 1770 926 1824 doctrinam
959 1778 1185 1825 tenente
1228 1771 1613 1826 abhorrerent.
1647 1772 1827 1841 Atque
1871 1774 1990 1828 haec

405 1860 519 1927 ipsa
547 1876 709 1916 causa
744 1862 870 1926 fuit,
898 1878 998 1919 cur
1032 1864 1180 1918 inter
1212 1844 1528 1918 Eudoxium
1563 1872 1621 1919 et
1649 1864 1988 1918 Eunomium

405 1951 678 2008 discessio
720 1955 897 2009 ﬁeret.
945 1956 1122 2010 Porro
1174 1956 1372 2011 Aetius
1419 1958 1727 2012 vehemens
1760 1967 1817 2013 et
1861 1973 1990 2013 acer

400 2046 621 2101 Arianae
656 2048 882 2103 haeresis
913 2059 1160 2104 assertor
1189 2058 1246 2104 et
1281 2059 1664 2120 propugnator
1695 2050 1834 2113 fuit,
1868 2061 1989 2106 arte

402 2139 705 2208 sephistica
741 2142 880 2196 bene
920 2145 1253 2197 instructus.
1288 2142 1553 2198 Eamdem
1589 2153 1775 2198 autem
1810 2144 1987 2201 hatre-

401 2233 505 2285 sim
538 2233 710 2304 magis
743 2234 913 2287 etiam
952 2233 1265 2304 discipulus
1296 2235 1415 2306 ejus
1453 2236 1770 2292 Eunomius
1797 2236 1990 2293 defen-

402 2323 504 2391 dit,
555 2325 661 2391 vir,
707 2326 855 2394 quod
892 2325 1129 2381 Ruﬁnus
1172 2328 1282 2393 ait,
1332 2337 1389 2381 et
1429 2342 1664 2398 corpore
1711 2340 1769 2384 et
1801 2331 1985 2385 anima

399 2417 693 2486 lcprosus,
727 2428 893 2486 atque
936 2419 1080 2472 intra
1116 2428 1174 2474 et
1206 2430 1363 2474 extra
1407 2421 1604 2477 morbo
1651 2423 1805 2493 regio
1850 2424 1988 2477 inl'e-

400 2521 526 2564 ctus
574 2511 690 2580 (l),
741 2510 858 2580 ipse
900 2526 1124 2581 quoque
1166 2525 1286 2567 arte
1329 2512 1616 2569 dialectica
1654 2526 1987 2585 praepetens.

400 2599 661 2655 llaeresim
691 2601 811 2671 ejus
862 2601 1086 2671 quidam
1135 2602 1207 2669 ab
1235 2602 1358 2673 ejus
1407 2605 1634 2659 nomine
1683 2607 1987 2674 appellant.

401 2688 507 2742 Alii
538 2688 645 2740 τῶν
684 2689 981 2758 ἀνομοίων,
1034 2691 1139 2746 hoc
1184 2702 1293 2754 eat,
1328 2693 1715 2759 dissimilium,
1764 2708 1986 2752 vocant.

402 2780 549 2835 Sunt
578 2793 831 2835 attetores
870 2780 1134 2850 quidam,
1174 2783 1267 2850 qui
1296 2783 1632 2839 Eunomium
1668 2786 1836 2839 istum
1871 2788 1988 2856 pri-

384 2860 554 2927 'mum
597 2890 791 2929 ausum
841 2875 1013 2931 fuisse
1047 2877 1245 2931 dicunt
1279 2878 1606 2944 instituere,
1661 2888 1722 2932 ut
1765 2878 1987 2934 divinus

403 2967 711 3036 baptismns
770 2970 1050 3025 mersione
1106 2986 1213 3025 una
1274 2981 1686 3041 perageretur:
1752 2982 1811 3026 et
1862 2988 1985 3027 eam

400 3078 522 3129 quze
551 3063 619 3116 ab
647 3063 913 3129 apostolis
943 3079 1042 3133 per
1072 3079 1269 3121 manus
1304 3075 1532 3134 accepta
1569 3064 1737 3121 hodie
1767 3080 1990 3135 quoque

403 3154 609 3225 ubique
642 3166 919 3223 servatur,
956 3157 1318 3214 traditionem
1351 3160 1693 3226 adulterare,
1729 3172 1785 3215 et
1818 3164 1987 3217 ritum

397 3247 572 3301 alium
601 3248 652 3302 in
692 3250 928 3305 ecclesia
956 3251 1253 3322 Cyzicena,
1295 3253 1648 3308 accuratiore
1678 3254 1991 3312 sanctiore-

399 3353 506 3409 qnc
538 3340 805 3409 gravitate
838 3343 1139 3397 novitatem
1180 3359 1337 3399 suam
1381 3345 1737 3415 obtegentem
1762 3384 1777 3409 ,
1829 3343 1990 3402 inve-

402 3431 572 3486 uisse.
614 3432 739 3488 Fuit
781 3447 1000 3499 autem,
1033 3436 1196 3491 sicuti
1246 3439 1457 3493 dictum
1491 3448 1609 3503 est,
1642 3447 1699 3494 et
1733 3439 1993 3496 Sozome-

406 3539 508 3578 uns
565 3533 833 3590 testatur,
890 3528 1052 3599 cujus
1109 3528 1282 3585 verba
1343 3531 1630 3586 ascribere
1682 3531 1859 3596 libet,
1921 3534 1990 3587 ad

400 3618 687 3673 orationes
725 3618 1050 3674 scribendas
1077 3636 1187 3674 non
1222 3624 1466 3691 ineptus,
1496 3624 1851 3678 contentiosa
1876 3624 1989 3679 dis-
2018 3649 2060 3704 ο

401 3707 631 3777 putandi
682 3724 885 3779 genere
942 3721 1001 3764 et
1058 3712 1393 3782 syllogismis
1448 3714 1738 3784 gaudens:
1795 3717 1991 3784 quales

399 3807 706 3855 sectatores
755 3803 876 3870 ejus
925 3801 1110 3857 adhuc
1163 3805 1370 3858 multos
1421 3805 1612 3859 videre
1659 3813 1764 3860 est.
1806 3824 1825 3857 ι
1864 3806 1988 3861 Νοη

401 3902 511 3945 tam
548 3892 694 3945 enim
744 3892 824 3948 illi
869 3894 1035 3949 vitam
1074 3894 1398 3959 honestam,
1434 3910 1618 3951 mores
1666 3907 1891 3953 sanctos
1932 3908 1992 3954 et

402 3985 695 4053 benignam
746 4001 875 4054 erga
913 4002 1119 4056 egenos
1166 3986 1644 4053 misericordiam,
1696 3990 1740 4043 si
1794 3990 1988 4045 eadem

402 4092 527 4131 eum
565 4077 700 4146 ipsis
736 4080 1001 4145 sentiant,
1043 4095 1210 4150 quam
1248 4081 1292 4134 si
1326 4081 1452 4150 quis
1485 4083 1837 4138 contentiose
1865 4084 1985 4139 dis-

403 4186 615 4233 serere,
647 4183 703 4226 ct
735 4172 1070 4244 syllogismis
1097 4183 1266 4244 atque
1299 4175 1831 4233 ratiocinationibus
1862 4179 1991 4233 vin-

405 4278 535 4318 cere
561 4265 840 4331 videatur,
878 4267 1130 4325 laudant.
1168 4268 1333 4324 Tales
1362 4285 1601 4340 namque
1632 4271 1838 4340 pietate
1877 4287 1993 4327 ma-

399 4358 520 4425 jore
550 4371 717 4426 supra
755 4372 950 4413 omnes
983 4374 1104 4415 esse
1144 4360 1538 4417 existimantur
1565 4380 1578 4418 :
1612 4363 1777 4419 sicuti
1807 4363 1989 4419 Theo-

405 4449 679 4517 phronius
729 4450 1026 4522 Cappadox
1080 4461 1138 4507 et
1194 4452 1539 4523 Eutychius,
1601 4465 1767 4511 sectae
1826 4455 1995 4527 hujus

406 4542 666 4607 studiosi,
702 4543 795 4613 qui
824 4543 1132 4600 obtinentia
1159 4546 1328 4617 hujus
1352 4546 1573 4617 imperii
1610 4557 1862 4618 tempore
1884 4546 1988 4619 (9.),

405 4636 620 4703 scipsos
674 4633 745 4689 ab
803 4635 1048 4692 Ecclesia
1110 4638 1515 4701 rescindentes,
1573 4653 1702 4695 cum
1760 4640 1815 4694 in
1869 4639 1995 4695 aliis

406 4731 572 4781 rebus
605 4741 673 4780 ex
718 4727 972 4784 Eunomii
1010 4732 1402 4800 opinionibus,
1443 4740 1559 4786 tum
1599 4734 1655 4788 in
1704 4747 1861 4789 sacro
1897 4734 1994 4789 ba-

405 4820 606 4888 ptismo
640 4834 728 4876 res
762 4835 934 4876 novas
974 4822 1355 4890 induxerunt,
1394 4839 1506 4879 non
1544 4825 1599 4879 in
1634 4824 1991 4890 Trinitatem,

406 4911 505 4965 sed
536 4912 592 4965 in
616 4910 821 4968 Christi
852 4927 1086 4969 mortem
1122 4917 1514 4986 haptizandum
1545 4933 1669 4973 esse
1700 4920 1992 4974 docentes.

2093 1029 2388 1098 episc0pus
2428 1032 2604 1089 laetus
2653 1045 2836 1100 esset,
2880 1052 2913 1091 a
2961 1039 3112 1093 clero
3157 1055 3283 1093 eum
3334 1055 3474 1103 suo,
3528 1044 3674 1111 quod

2094 1136 2236 1174 nova
2292 1123 2609 1180 institueret
2664 1128 2960 1199 dogmata,
3007 1139 3323 1183 accusatum
3376 1146 3521 1186 esse.
3570 1132 3680 1187 Eu-

2094 1215 2321 1272 doxium
2375 1235 2583 1289 porro,
2634 1225 2729 1292 qui
2771 1232 2885 1278 tum
2933 1223 3414 1292 Constantinopoli
3460 1223 3677 1278 Ariana:

2094 1308 2292 1364 haeresi
2330 1315 2573 1382 prmfuit,
2609 1314 2765 1370 illum
2796 1316 3179 1379 accersivisse,
3207 1327 3374 1385 atque
3410 1325 3470 1368 ut
3497 1315 3671 1369 verba

2093 1402 2159 1456 ad
2192 1404 2455 1473 populum
2485 1406 2553 1460 de
2578 1406 2828 1461 doctrina
2855 1422 2953 1462 sua
2988 1407 3218 1471 faceret,
3250 1407 3300 1460 ei
3329 1405 3672 1474 permisisse.

2092 1492 2318 1549 Etcum
2367 1496 2505 1550 nihil
2545 1498 2602 1551 in
2635 1512 2704 1551 eo
2749 1497 3105 1561 damnasset,
3152 1511 3280 1551 eum
3318 1505 3380 1549 ut
3416 1494 3673 1566 Cyzicum

2094 1586 2302 1641 rediret
2331 1587 2680 1643 cohortatum
2705 1604 2829 1645 esse
2853 1605 2869 1643 :
2903 1589 3061 1644 illum
3092 1603 3228 1644 vero
3255 1587 3487 1652 dixisse,
3513 1602 3574 1642 se
3602 1585 3675 1641 de

2094 1690 2298 1735 caetero
2333 1695 2460 1734 cum
2491 1686 2573 1736 eis
2605 1681 2700 1749 qui
2737 1695 2798 1736 se
2828 1690 3151 1749 suspectum
3189 1680 3459 1735 haberent
3480 1720 3495 1744 ,
3527 1679 3678 1733 futu-

2095 1788 2215 1826 rum
2242 1788 2351 1827 non
2378 1786 2521 1837 esse,
2552 1780 2992 1842 praetextumque
3027 1786 3155 1825 eum
3182 1768 3542 1824 discessionis
3565 1783 3678 1822 suae

2094 1864 2456 1920 obtendisse:
2513 1879 2640 1918 cum
2696 1877 2891 1918 revera
2939 1878 3106 1917 causa
3157 1862 3248 1917 illa
3298 1870 3482 1925 esset,
3530 1861 3678 1930 quod

2094 1968 2488 2027 praeceptorem
2548 1972 2712 2012 suum
2777 1954 2998 2011 Aetium
3039 1962 3325 2025 receptum
3390 1969 3500 2009 non
3555 1968 3678 2008 esse

2093 2065 2237 2119 aegre
2275 2049 2483 2106 ferret:
2526 2048 2922 2119 hominemque
2968 2047 3025 2101 in
3059 2056 3243 2116 coepto
3277 2060 3380 2100 suo
3426 2059 3676 2116 perseve-

2093 2157 2284 2205 rasse,
2319 2152 2378 2196 et
2413 2140 2552 2197 nihil
2595 2141 2665 2196 de
2695 2140 2887 2210 priore
2921 2139 3189 2209 opinione
3227 2153 3325 2193 sua
3371 2145 3675 2192 mutantem

2094 2233 2372 2303 privatum
2421 2230 2648 2285 vixisse.
2689 2230 2759 2286 Et
2811 2230 2930 2285 haec
2980 2229 3206 2299 quidem
3259 2227 3355 2282 alii
3407 2227 3478 2281 ad
3532 2229 3679 2281 hunc

2092 2322 2355 2387 modum,
2401 2322 2494 2377 alii
2543 2335 2673 2377 vero
2714 2319 2882 2375 aliter
2927 2319 3179 2376 tradunt.
3230 2318 3490 2374 Sedenim
3559 2319 3679 2375 sive
3774 2350 3779 2355 ι

2093 2414 2404 2470 Eunomius
2449 2429 2550 2469 seu
2584 2414 2679 2468 alii
2730 2412 2958 2482 quidam
3014 2411 3373 2467 traditionem
3417 2411 3679 2480 baptismi

2094 2508 2437 2562 innovarunt
2459 2545 2474 2570 ,
2507 2507 2610 2561 soli
2647 2505 2729 2561 illi
2764 2505 3079 2575 periculosa
3116 2504 3221 2560 ista
3257 2504 3472 2558 ratione
3505 2503 3678 2558 divini

2093 2602 2350 2672 baptismi
2381 2613 2641 2671 expertes
2669 2600 2807 2654 mihi
2836 2614 2869 2654 e
2906 2598 3020 2653 vita
3054 2597 3367 2653 excessisse
3395 2597 3676 2651 videntur.

2093 2693 2151 2749 Si
2180 2692 2327 2746 enim
2379 2693 2483 2762 ipsi
2530 2692 2603 2746 ab
2653 2690 2813 2745 initio
2864 2701 3088 2759 recepta
3133 2690 3540 2744 consuetudine
3582 2688 3679 2743 ba-

2093 2784 2309 2853 ptizati,
2333 2785 2570 2852 primum
2593 2783 2811 2852 seipsos
2851 2781 3197 2851 rebaptizare
3221 2796 3328 2836 non
3353 2789 3676 2850 potuerunt,

2095 2888 2190 2932 aut
2215 2877 2363 2946 quod
2389 2877 2442 2930 in
2467 2876 2603 2946 ipsis
2631 2891 2741 2930 non
2762 2874 2986 2940 accidit,
3013 2874 3176 2943 primi
3210 2874 3677 2929 introduxerunt:

2093 2970 2358 3040 quodque
2402 2985 2585 3038 neque
2622 2969 2729 3038 ipsi
2779 2984 2879 3038 per
2926 2982 2985 3022 se
3031 2968 3316 3032 habuere,
3351 2981 3535 3036 neque
3585 2981 3679 3035 per

2093 3063 2234 3117 alios
2261 3077 2550 3131 accepere,
2579 3062 2630 3115 id
2658 3061 2712 3115 in
2741 3060 2884 3116 alios
2917 3060 3283 3115 contulerunt
3312 3079 3326 3113 :
3359 3073 3486 3114 cum
3515 3073 3681 3128 super

2094 3156 2257 3235 initio
2283 3167 2342 3211 et
2375 3155 2734 3210 fundamento
2768 3153 2917 3223 quod
2951 3153 3262 3209 subsistere
3300 3158 3545 3222 nequeat
3571 3151 3675 3220 (ὅ),

2094 3261 2307 3316 suaque
2354 3244 2601 3314 ipsorum
2655 3241 2975 3311 arrogantia
3000 3280 3015 3305 ,
3047 3241 3247 3311 dogma
3282 3241 3388 3295 hoc
3433 3239 3683 3295 institue-

2094 3347 2264 3392 runt:
2301 3346 2417 3392 tum
2455 3351 2578 3405 quae
2612 3335 2716 3405 ipsi
2749 3349 2861 3389 non
2893 3340 3256 3403 acceperunt,
3287 3332 3411 3388 aliis
3445 3334 3684 3387 tradide-

2095 3437 2249 3493 runt,
2301 3425 2450 3496 quod
2497 3440 2631 3479 sane
2679 3422 2912 3478 stultum
2964 3437 3030 3476 ac
3074 3421 3336 3478 stolidum
3379 3430 3486 3477 est.
3540 3421 3680 3477 lllud

2095 3520 2244 3574 enim
2279 3534 2380 3573 sua
2428 3516 2595 3572 etiam
2632 3516 2882 3585 ipsorum
2928 3500 3280 3569 confessione
3316 3514 3683 3583 constat,yqui

2097 3613 2216 3681 ipse
2260 3609 2520 3680 baptismi
2565 3608 2740 3664 sacris
2766 3606 3019 3663 initiatus
3064 3621 3178 3660 non
3226 3605 3322 3673 sit,
3367 3621 3495 3661 eum
3546 3606 3682 3660 alios

2098 3705 2381 3772 baptizare
2426 3717 2534 3756 non
2584 3716 2788 3772 posse:
2825 3699 2923 3768 qui
2975 3712 3107 3752 vero
3141 3698 3458 3755 traditionis
3489 3713 3681 3753 eorum

2099 3812 2255 3851 more
2301 3794 2613 3865 baptizatus
2661 3808 2773 3848 non
2806 3792 2912 3854 sit,
2943 3805 3073 3846 eum
3115 3806 3216 3860 pro
3258 3805 3372 3846 non
3407 3790 3682 3860 baptizata

2100 3889 2171 3944 ab
2211 3890 2295 3943 eis
2324 3886 2539 3949 haberi,
2574 3896 2634 3940 ut
2675 3885 2772 3957 qui
2806 3899 2917 3938 non
2951 3883 3199 3953 legitime
3230 3891 3579 3938 sacramento
3612 3896 3680 3935 eo

2103 3982 2356 4036 initiatus
2387 3980 2481 4034 sit.
2515 3979 2816 4034 Testautur
2841 3976 2948 4032 hoc
2974 3977 3218 4045 ipsimet,
3241 3975 3373 4031 dum
3406 3991 3685 4047 quoscun-

2101 4091 2209 4146 que
2245 4075 2302 4129 in
2331 4072 2666 4130 sententiam
2700 4084 2859 4125 suam
2892 4080 3237 4140 pertraxere,
3270 4070 3492 4125 etiamsi
3523 4078 3685 4124 antea

2103 4169 2263 4225 statis
2307 4167 2600 4223 catholicae
2647 4163 2907 4219 Ecclesiae
2952 4163 3304 4218 caeremoniis
3355 4164 3512 4216 tincti
3549 4162 3683 4226 sint,

2099 4263 2470 4333 rebaptizaut.
2515 4259 2649 4324 Quae
2693 4256 2913 4311 novitas
2965 4270 3076 4310 non
3120 4268 3316 4323 parum
3359 4254 3682 4324 religionem

2103 4356 2380 4418 turbavit,
2423 4364 2481 4409 et
2524 4350 3018 4407 Christianismum
3051 4348 3336 4417 suscipere
3370 4346 3687 4402 volentibus

2100 4461 2330 4523 propter
2359 4449 2675 4517 dogmatum
2705 4443 3112 4499 dissensionem
3139 4438 3302 4496 valde
3337 4440 3573 4495 obstitit.
3613 4439 3686 4492 De

2103 4544 2377 4602 Eunomio
2410 4526 2577 4611 porro
2614 4546 2672 4593 et
2717 4537 2876 4592 Aetio
2921 4536 3056 4590 illud
3086 4533 3292 4590 addere
3318 4533 3477 4599 libet,
3508 4533 3687 4587 Euuo-

2102 4641 2301 4694 m’ianaa
2345 4632 2573 4689 haeresis
2603 4639 2888 4686 auctorem
2941 4629 3185 4699 primum
3228 4625 3450 4681 Aetium
3483 4626 3682 4696 Syrum

2101 4724 2315 4784 fuisse:
2347 4736 2405 4783 et
2441 4724 2602 4795 125
2632 4725 2725 4795 qui
2764 4722 2923 4793 juxta
2966 4721 3085 4776 Arii
3114 4720 3447 4776 sententiam
3481 4717 3682 4773 Filiutn
3748 4752 3753 4756 α

2103 4824 2256 4880 Patri
2311 4820 2673 4891 inaequalem,
2723 4826 3088 4885 creatumque
3136 4829 3296 4876 esse,
3354 4822 3411 4867 et
3456 4829 3521 4867 ex
3577 4827 3685 4866 non

2102 4915 2501 4973 exsistentibus
2528 4910 2810 4968 exstitisse
2836 4907 3106 4964 decrevit.
3140 4906 3206 4962 Et
3236 4906 3329 4975 qui
3367 4906 3687 4975 opinionem

408 5004 738 5059 Eunomium
791 5021 931 5083 Sane
987 5009 1156 5078 aliqui
1217 5009 1419 5064 dicunt
1472 5010 1609 5063 nihil
1669 5011 1772 5066 hac
1826 5013 1883 5065 in
1935 5027 1995 5066 re
2028 4993 2072 5047 Β
2102 5026 2223 5067 eam
2259 5006 2674 5078 approbarunt,
2724 5001 2940 5057 Aetiani
2988 5000 3142 5067 prius
3192 5010 3323 5054 sunt
3358 4998 3512 5052 dicti.
3549 4999 3685 5051 Cum

408 5115 668 5167 uovasse,
710 5101 808 5157 sed
841 5103 1314 5173 quemadmodum
1349 5105 1419 5159 ab
1456 5103 1616 5158 initio
1649 5116 1916 5173 cmperat,
1944 5104 2000 5158 in

478 5241 557 5311 (J)
589 5239 815 5312 §ozom.
853 5241 956 5312 lib.
989 5259 1068 5308 vt,
1098 5257 1222 5312 cap.
1243 5242 1336 5299 96.

477 5310 553 5382 (’2)
585 5311 887 5389 Theodosii
914 5310 1181 5389 iunioris
1222 5313 1515 5389 imperium
1548 5310 1997 5389 intelligendum,

403 5382 470 5437 ad
520 5398 685 5451 quem
740 5383 1041 5438 Historiam
1093 5398 1247 5438 suam
1290 5386 1725 5439 ecclesiasticam
1779 5384 2001 5451 scripsit

405 5454 768 5525 Sozomenus,
815 5455 975 5525 cujus
1021 5471 1085 5509 ea
1132 5464 1263 5509 sunt
1296 5457 1465 5510 verba
1505 5456 1607 5508 lib.
1642 5470 1717 5525 vi,
1751 5470 1873 5522 cap.
1906 5453 1997 5507 26.

403 5524 663 5597 Socrates
716 5524 1009 5597 propterea
1044 5525 1380 5580 Eunomium
1429 5525 1629 5597 Cyzico
1675 5524 1990 5579 Constanti-

404 5542 663 5580 bocrales
716 5542 816 5593 pro
860 5542 1009 5580 terea
1044 5542 1380 5580 nunomtum
1429 5542 1629 5597 Cyzico
1675 5542 1990 5579 musrauu-

404 5595 647 5665 nopolim
700 5595 767 5649 ad
814 5542 1122 5651 Eudoxium
1161 5612 1447 5651 reversum
1484 5611 1610 5650 esse
1649 5605 1704 5649 et
1750 5610 1875 5648 eum
1922 5608 1991 5647 eo

406 5667 673 5738 mansisse
703 5667 862 5734 dicit,
895 5669 1039 5738 quod
1062 5668 1319 5738 Cyziceni
1355 5684 1463 5722 non
1505 5666 1745 5721 terentes
1776 5665 1992 5738 ampul-

405 5734 579 5815 l_osam
615 5738 738 5815 ejus
766 5734 1136 5807 loquentiam]
1183 5740 1463 5815 hominem
1499 5740 1636 5791 urbe
1680 5737 1989 5815 exegerint.

420 5804 476 5859 lu
512 5804 1020 5875 prolt'xitatc‘cuitn
1073 5809 1341 5867 orationis
1380 5810 1498 5879 ejus
1536 5819 1590 5863 ct
1641 5804 1989 5875 tuuitiloquio

2109 5109 2336 5162 autem,
2390 5092 2859 5167 quemadmodum
2916 5101 3080 5145 antea
3129 5090 3407 5155 diximus,
3463 5089 3727 5160 quidatu

2107 5240 2316 5309 ingens
2351 5236 2453 5309 fuit
2497 5232 2898 5309 sententiarum
2934 5227 3187 5309 penuria.
3223 5226 3441 5309 Etcum
3490 5226 3689 5297 longos

2105 5296 2526 5376 coitscripsi’s‘set
2578 5304 2629 5357 iu
2689 5296 2978 5376 epistolam
3030 5297 3300 5376 Panti__ad
3353 5296 3692 5376 llom.com—

2109 5367 2433 5442 mentarios,
2486 5385 2670 5430 tmten
2724 5367 2768 5426 is
2817 5385 3053 5442 scopum
3082 5367 3241 5442 Pauli
3287 5371 3597 5442 pertingere
3636 5381 3695 5423 et

2110 5449 2329 5517 assequi
2366 5438 2471 5499 non
2501 5444 2747 5515 potuisse
2779 5441 3003 5495 dicitur.
3028 5438 3154 5517 _Lih.
3189 5455 3262 5501 IV,
3300 5453 3356 5517 c_._
3396 5438 3449 5491 9.

2185 5508 2270 5589 (5f
2314 5508 2522 5589 Eodem
2579 5520 2928 5589 argumento
2962 5510 3042 5563 uti
3075 5508 3448 5589 _-tentporibtts
3487 5508 3697 5589 nostris

2099 5578 2413 5661 possemus,
2446 5588 2501 5640 iu
2534 5578 2845 5638 refutandis
2879 5582 2962 5635 eis
2992 5581 3088 5649 qui
3125 5595 3321 5633 manus
3352 5578 3475 5661 aliis
3505 5579 3692 5661 impo-

2102 5648 2236 5716 nere
2271 5648 2499 5722 audent,
2542 5669 2668 5710 cum
2718 5667 2836 5707 eam
2891 5648 3219 5721 potestatem
3269 5664 3380 5705 non
3430 5648 3695 5714 habeant,

2101 5741 2158 5787 et
2198 5727 2506 5786 consecrati
2540 5739 2768 5796 prorsus
2808 5738 2916 5778 nou
2950 5722 3083 5776 sint.
