4056 6468
345 397 449 459 639

1302 389 1903 451 ECCLESIASTICAE
1944 391 2331 451 HISTORUE
2372 392 2520 452 LIB.
2564 390 2668 451 Xl.

3486 391 3593 451 61‘}

348 509 542 562 Filium
579 508 729 562 Patri
761 508 1075 580 ὁμοούσιον,
1109 506 1662 569 consubstantialem,
1691 506 1911 575 quidam
1942 531 1989 589 Δ
2016 506 2338 577 Cyzicenam
2398 508 2687 562 ecclesiam
2748 519 2849 574 pro
2907 502 3129 557 Eleusio
3172 502 3589 572 gubernandam

346 600 706 669 ὁμοιοούσιον,
747 598 1342 669 aequisubstanstialem
1367 638 1381 660 ,
1424 596 1721 650 dicendum
1787 611 1911 651 esse

345 702 698 746 assererem:
736 700 793 745 et
827 691 1145 760 imperatori
1185 704 1298 743 tum
1346 688 1607 757 placitum
1642 698 1813 751 esset,
1853 698 1913 742 ut

345 784 411 837 de
465 782 826 837 Ariminensis
883 781 1104 837 concilii
1162 779 1475 845 sententia,
1535 779 1706 834 Filius
1760 779 1911 834 Ρ.ιιι·ἰ

343 877 551 942 ὅμοιος,
578 874 823 942 aequalis,
846 872 1168 928 crederetur
1196 891 1208 926 :
1233 871 1698 939 Aetiusiquidem,
1731 882 1789 925 ut
1816 872 1910 939 qui

348 965 699 1033 blasphemus
729 965 783 1018 in
831 965 1000 1018 Deum
1037 972 1204 1029 esset,
1238 962 1437 1017 exsilio
1480 973 1564 1017 est
1597 971 1908 1016 mactatus:

347 1053 572 1108 haeresis
596 1063 778 1107 autem
808 1054 930 1124 ejus
960 1053 1365 1123 quodammodo
1389 1053 1455 1106 ad
1485 1061 1706 1121 tempus
1733 1053 1909 1105 soluta

344 1145 555 1215 jacuit,
591 1144 736 1212 quod
774 1160 954 1214 neque
986 1145 1127 1199 alius
1174 1144 1482 1214 quispiam,
1532 1143 1624 1211 qui
1677 1143 1912 1213 alicujus

345 1246 491 1291 esset
521 1236 781 1302 nominis,
818 1252 995 1307 neque
1025 1237 1143 1304 ipse
1177 1235 1478 1290 Eunomius
1508 1235 1584 1305 (l)
1629 1235 1909 1304 propalam

347 1336 402 1381 et
432 1327 603 1381 libere
634 1326 702 1380 de
738 1342 800 1380 ea
831 1328 1105 1383 disserere
1133 1326 1383 1383 auderet.
1417 1325 1688 1381 Gaeterum
1733 1326 1823 1380 ubi
1866 1326 1913 1380 is

2021 598 2253 661 accepit,
2299 598 2698 667 conquiescere
2747 596 2973 651 omnino
3018 609 3125 647 non
3179 595 3390 661 potuit,
3436 601 3491 645 et
3536 590 3593 645 in

2024 690 2388 744 coneionihus
2408 689 2474 744 ad
2503 688 2766 758 populum
2793 688 2931 742 Aetii
2963 685 3280 756 Opinionem
3319 698 3509 736 rursus
3537 684 3593 736 in

2019 778 2258 830 medium
2310 778 2585 847 produxit.
2628 777 2807 846 Atque
2852 787 2903 829 ut
2942 774 3059 828 ﬁeri
3103 774 3271 835 soli-t,
3322 787 3445 825 cum
3492 772 3592 823 ho-

2021 869 2196 922 mines
2230 869 2462 936 primum
2496 870 2719 922 haeresis
2754 868 2913 921 istius
2943 876 3219 919 auctorem
3251 865 3588 933 ignorarent,

2017 953 2394 1012 Eunoanianos
2427 967 2735 1012 sectatores
2769 958 2890 1027 ejus
2921 955 3380 1024 cognominarunt
3419 992 3432 1014 ,
3466 968 3593 1019 pro-

2017 1060 2206 1121 pterea
2234 1050 2378 1118 quod
2410 1061 2532 1118 post
2559 1051 2776 1104 Aetium
2812 1052 3002 1118 dogma
3037 1049 3138 1100 hoc
3177 1045 3474 1097 Eunomius
3506 1057 3592 1096 re—

2018 1141 2274 1203 novavit,
2310 1153 2367 1195 et
2406 1143 2613 1210 majore
2645 1141 2899 1206 audacia,-
2930 1156 3092 1209 quant
3124 1138 3218 1206 qui
3255 1134 3307 1189 id
3350 1134 3591 1203 primum

2024 1231 2349 1298 tradiderat,
2384 1231 2655 1286 defendit.

1787 1476 2016 1534 CAPUT
2054 1478 2173 1533 XII.

349 1600 487 1668 Περὶ
554 1599 663 1668 τῆς
693 1597 977 1668 αἱρέσεως
1015 1577 1134 1651 ἑῶν
1200 1596 1686 1667 Ἀπολλιναρίων,
1746 1598 1852 1651 τοῦ
1889 1614 1950 1651 τε
1989 1600 2217 1666 πατρὸς
2248 1598 2344 1651 καὶ
2376 1598 2481 1652 τοῦ
2508 1596 2678 1652 vim?"
2706 1596 2805 1650 καὶ
2864 1595 3025 1663 ὅπως
3056 1600 3143 1663 εις
3186 1597 3297 1664 τὴν
3361 1597 3590 1653 εἰκαίαν

1657 1668 1996 1722 ἀπέπλω-ἀν
2022 1670 2282 1736 αἵρεσιν.

767 1787 843 1841 De
872 1789 1055 1857 haeresi
1093 1785 1483 1857 Apollinarium
1508 1787 1682 1857 patris
1721 1796 1769 1840 et
1791 1786 1912 1854 ﬁlii,
1947 1795 1996 1840 et
2013 1787 2269 1857 quomodo
2292 1788 2345 1840 in
2387 1804 2541 1841 suam
2569 1786 2889 1840 declinarint
2922 1787 3187 1841 haeresim.

426 1903 765 1974 Apollinares
795 1901 936 1957 duos
965 1902 1157 1967 fuisse,
1190 1914 1405 1973 patrem
1436 1911 1493 1957 et
1524 1900 1720 1966 filium,
1755 1910 1914 1955 antea
1946 1914 1989 1968 Β
2017 1916 2314 1957 numerosa
2342 1901 2509 1955 etiam
2548 1901 2795 1956 carmina
2840 1901 3089 1970 quaedam
3124 1902 3192 1956 ab
3228 1902 3347 1970 ipso
3380 1903 3591 1971 Apolli-

353 1996 604 2050 diximus.
655 1996 721 2051 Et
762 2006 920 2066 pater
949 1995 1171 2066 quidem
1201 1997 1508 2068 presbyter,
1546 1995 1689 2049 ﬁlius
1724 2005 1908 2049 autem

349 2088 516 2140 lector
554 2086 657 2140 fuit
697 2102 713 2140 :
753 2095 983 2156 uterque
1011 2085 1219 2142 Graecis
1257 2086 1569 2157 disciplinis
1600 2086 1755 2140 valde
1786 2100 1914 2139 eru-

347 2168 511 2233 ditus.
572 2179 731 2233 Pater
773 2180 1181 2249 grammaticus,
1229 2178 1375 2234 ﬁlius
1421 2178 1608 2233 rhetor
1657 2177 1909 2248 insignis.

349 2270 506 2324 l‘ater
534 2268 883 2323 Alexandriae
911 2277 1091 2334 ortus,
1125 2268 1445 2338 aliquandiu
1480 2267 1661 2339 Beryti
1701 2267 1912 2323 litteras

346 2362 556 2415 docuit.
634 2358 915 2413 Laodicea:
990 2375 1124 2437 vero
1185 2358 1537 2413 matrimonio
1592 2366 1908 2423 contracto,

348 2451 520 2504 lilium
580 2449 957 2519 Apollinarem
1020 2451 1333 2520 progenuit.
1386 2449 1582 2504 intima
1642 2450 1725 2504 eis
1783 2466 1908 2505 cum

351 2539 654 2608 Epiphanio
683 2539 949 2609 praeclaro
997 2540 1244 2609 sophista
1278 2539 1524 2594 amicitia
1556 2539 1682 2595 fuit.
1719 2542 1764 2593 A
1799 2554 1908 2610 quo

345 2647 408 2688 ut
445 2632 883 2703 sejungerentur,
917 2646 986 2685 ne
1021 2631 1337 2685 Theodotus
1370 2632 1592 2701 quidem
1619 2632 1913 2702 episc0pus

348 2722 1060 2777 Laodicensisauctoritate
1103 2731 1159 2776 et
1192 2722 1488 2776 interdicto
1525 2739 1625 2777 suo
1657 2723 1911 2777 obtinere

348 2814 548 2884 potuit.
599 2813 907 2868 Permultos
952 2813 1008 2866 bi
1065 2822 1120 2866 et
1171 2813 1336 2868 utiles
1375 2813 1635 2867 Ecclesia:
1685 2813 1912 2868 edidere

350 2906 540 2968 libros,
565 2906 723 2961 sicuti
750 2913 910 2958 antea
941 2920 969 2958 a
993 2904 1155 2958 nobis
1177 2913 1263 2959 est
1288 2905 1518 2959 dictum.
1552 2905 1758 2959 Deinde
1785 2921 1911 2959 vero

349 2996 403 3049 in
440 2996 690 3050 haeresim
733 2996 972 3049 nominis
1010 2995 1092 3048 sui
1123 2995 1264 3050 (uade
1305 3004 1434 3050 sunt
1478 2995 1739 3065 prolapsi.
1774 2996 1912 3050 Nam

348 3088 676 3158 Apollinaris
703 3088 866 3150 illius,
894 3085 1079 3140 multis
1104 3086 1173 3139 ab
1203 3086 1446 3140 Ecclesia
1478 3086 1751 3150 abductis,
1784 3101 1912 3140 suos

348 3179 452 3233 sibi
486 3187 795 3233 conventus
823 3178 955 3247 egit,
997 3178 1318 3246 sociumque
1361 3176 1733 3231 constituendi
1765 3176 1910 3246 dog-

2014 1993 2133 2048 nari
2177 1994 2401 2048 inventa
2430 1993 2811 2048 deeantantes.
2837 1993 2973 2048 Nam
3011 1994 3058 2048 is
3088 2004 3290 2062 praeter
3318 1995 3589 2050 eruditio-

2014 2099 2142 2137 nem
2206 2084 2475 2154 reliquam
2527 2083 2583 2137 in
2641 2082 2853 2152 poetica
2907 2097 3128 2151 quoque
3189 2084 3323 2136 varii
3372 2087 3592 2154 generis

2014 2173 2266 2229 versibus
2303 2173 2707 2242 componendis
2739 2173 3021 2227 excelluit.
3056 2175 3172 2235 Qua
3220 2173 3313 2239 ille
3346 2176 3590 2230 oblecta-

2015 2267 2163 2320 tione
2188 2265 2396 2330 multis,
2424 2276 2484 2319 ut
2515 2264 2621 2318 sibi
2654 2265 3026 2329 adhaererent,
3061 2267 3359 2334 persuasit.
3391 2268 3456 2321 Et
3481 2267 3585 2320 viri

2013 2356 2069 2411 in
2100 2355 2606 2424 compotationibus
2647 2342 3018 2424 manuumque
3073 2355 3234 2425 126
3271 2357 3584 2419 laboribus,

2014 2448 2276 2502 mulieres
2331 2462 2553 2524 quoque
2605 2447 2661 2501 in
2724 2444 2967 2499 laniﬁcio
3023 2461 3124 2500 suo
3174 2447 3415 2500 carmina
3469 2447 3592 2518 ejus

2014 2540 2342 2610 psallebant.
2368 2539 2452 2593 Ad
2476 2538 2651 2593 studii
2675 2538 2822 2592 enim
2845 2544 2897 2592 et
2917 2537 3168 2592 laborum
3191 2539 3587 2601 laxamentum,

2013 2633 2082 2687 ad
2115 2631 2234 2687 dies
2270 2631 2461 2695 festos,
2498 2639 2553 2685 et
2574 2629 2642 2685 ad
2678 2644 2766 2684 res
2807 2629 2964 2690 alias,
3004 2638 3167 2699 prout
3194 2639 3410 2700 tempus
3451 2630 3584 2695 fert,

2013 2736 2267 2796 poemata
2309 2723 2637 2789 elaboravit,
2679 2738 2801 2791 quae
2836 2722 2904 2776 ad
2935 2722 3152 2776 laudem
3190 2722 3282 2777 Dei
3316 2704 3591 2792 pertinent

2015 2818 2219 2872 omnia.
2262 2818 2410 2871 llanc
2442 2817 2693 2870 haeresim
2730 2815 2895 2870 latius
2925 2829 3167 2884 serpere,
3210 2830 3336 2868 cum
3378 2817 3592 2884 primus

2016 2910 2172 2965 urbis
2201 2909 2390 2963 Romae
2415 2908 2713 2978 episc0pus
2741 2905 3008 2960 Damasus
3035 2915 3090 2960 et
3121 2905 3316 2960 Petrus
3359 2906 3587 2960 Alexan-

2015 3002 2211 3055 drinus
2251 3000 2659 3068 cognovissent,
2693 3009 2885 3052 coacto
2932 2997 3114 3051 Romae
3148 2996 3587 3067 concilio,’alie-

2014 3105 2140 3143 nam
2168 3105 2290 3144 esse
2331 3089 2401 3142 ab
2436 3088 2685 3143 Ecclesia
2725 3087 3022 3141 universali
3056 3096 3391 3142 statuerunt.
3425 3087 3588 3155 Apol-

2013 3180 2210 3236 linaris
2243 3180 2409 3235 etiam
2457 3180 2575 3249 ipse
2614 3178 2804 3232 itidem
2836 3188 3060 3247 propter
3091 3179 3261 3232 animi
3298 3181 3590 3235 imbecilli-

351 3270 510 3324 matis
544 3269 627 3323 sui
664 3268 892 3324 Vitalem
924 3267 1136 3336 accepit
1161 3267 1588 3331 Antiochenam.
1623 3281 1689 3321 ex
1718 3281 1913 3321 eorum
1940 3245 1984 3305 (ἶ
2020 3283 2210 3336 tatem,
2242 3272 2495 3341 dogmate
2521 3284 2625 3325 suo
2651 3271 3015 3336 instituendo,
3046 3286 3134 3325 res
3163 3286 3334 3325 u0vas
3363 3273 3588 3326 molitus

350 3376 579 3415 numero
609 3361 702 3430 qui
745 3359 946 3414 Meletii
977 3358 1278 3414 Ecclesiatn
1314 3358 1756 3428 frequentabant,
1788 3373 1913 3428 pre-

348 3454 656 3524 sbyterum,
692 3453 872 3508 virum
921 3453 1129 3506 nemini
1175 3451 1378 3505 illustri
1422 3453 1548 3505 vita:
1592 3460 1650 3505 et
1695 3465 1911 3504 morum

347 3547 634 3601 sanctitate
679 3544 961 3599 cedentem
998 3544 1101 3614 (‘2),
1143 3552 1200 3598 et
1243 3558 1433 3596 eorum
1477 3541 1571 3612 qui
1620 3542 1744 3596 lidei
1792 3543 1914 3614 ejus

345 3636 622 3691 commissi
651 3636 870 3690 fuerant
894 3634 1268 3689 eurandorum
1292 3649 1552 3703 perquam
1577 3620 1910 3701 studiosum,

343 3741 520 3794 eaque
559 3728 626 3780 de
655 3739 819 3779 causa
847 3739 878 3778 a
922 3724 1122 3794 populo
1146 3724 1359 3795 egregie
1399 3724 1608 3778 cultum
1644 3734 1699 3777 et.
1741 3738 1912 3778 vene-

346 3827 546 3879 ratum.
607 3816 775 3871 Paulo
829 3817 1201 3886 postjenim,
1254 3829 1379 3869 cum
1438 3830 1468 3869 a
1527 3815 1915 3871 communione

350 3913 550 3969 Meletii
579 3913 943 3978 discessisset,
971 3911 1275 3982 Apollinari
1312 3926 1371 3967 se
1403 3911 1709 3981 conjunxit,
1738 3922 1916 3967 secta-

355 4004 680 4072 toribusque
708 4004 828 4073 ejus
848 4003 1153 4060 Antiochiae.
1184 4002 1421 4073 praefuit,
1446 4002 1571 4057 vitae
1605 4003 1913 4059 reverentia

352 4112 463 4150 non
489 4094 741 4164 exiguam
777 4095 954 4164 plebis
981 4102 1191 4164 partem
1219 4094 1493 4147 addictam
1524 4094 1628 4149 sibi
1655 4093 1866 4149 habens
1894 4111 1909 4148 a

346 4189 440 4257 qui
481 4188 649 4241 etiam
680 4186 906 4241 nomine
946 4185 1016 4239 ab
1053 4199 1121 4240 eo
1150 4194 1401 4254 accepto,
1447 4185 1707 4240 Vitaliani
1740 4198 1910 4254 usque

344 4280 411 4332 ad
461 4278 758 4334 Theodosii
808 4278 1048 4347 junioris
1095 4277 1388 4346 imperium
1437 4276 1507 4329 ah
1554 4275 1912 4331 Antiochenis

344 4379 474 4424 sunt
504 4370 701 4425 vocati.
740 4369 952 4423 Dicitur
982 4375 1164 4421 autem
1196 4367 1309 4422 hoc
1341 4366 1538 4422 fecisse
1573 4367 1769 4422 dolore
1808 4368 1911 4421 im-

347 4461 535 4528 pulsus
566 4476 581 4512 :
616 4458 846 4527 perinde
882 4466 1048 4527 atque
1089 4471 1119 4510 a
1167 4456 1446 4519 Flaviano,
1480 4457 1573 4526 qui
1605 4467 1791 4526 postea
1829 4472 1912 4512 se-

347 4552 467 4602 dem
502 4548 896 4602 Antiochenam
949 4546 1183 4614 accepit,
1229 4554 1344 4599 tum
1397 4556 1576 4599 autem
1623 4542 1910 4615 presbyter
1935 4586 1989 4644 Β

352 4654 469 4692 cum
496 4640 593 4693 illo
619 4649 759 4705 erat,
804 4637 1131 4707 despectus,
1162 4646 1219 4689 et
1248 4638 1546 4706 quominus
1579 4637 1910 4691 familialiter

351 4747 469 4786 cum
500 4732 760 4799 episcopo
784 4744 905 4783 esse
930 4736 1148 4797 posset,
1186 4728 1484 4798 impeditus
1510 4728 1722 4783 fuisset.
1755 4729 1911 4795 Quod

348 4838 582 4894 namque
613 4837 676 4876 ea
720 4837 781 4875 re
823 4821 1153 4873 diminutam
1178 4834 1307 4875 esse
1340 4818 1537 4873 famam
1568 4835 1724 4875 suam
1750 4831 1913 4891 puta-

348 4923 450 4980 ret,
501 4913 787 4968 hominum
820 4926 992 4975 more,
1025 4910 1214 4964 dolore
1244 4924 1311 4963 eo
1351 4909 1551 4971 victus,
1587 4911 1655 4966 ad
1701 4913 1910 4982 Apolli-

347 5021 532 5061 narem
569 5020 629 5059 se
662 5003 921 5063 contulit,
950 5010 1160 5057 etcum
1196 5017 1263 5056 eo
1297 5003 1743 5069 communicavit,
1779 5005 1915 5059 ami-

346 5099 473 5152 citia
501 5097 620 5167 ejus
661 5097 718 5150 in
755 5095 948 5164 primis
984 5109 1139 5149 usus.
1181 5094 1260 5148 Ex
1293 5109 1361 5147 eo
1396 5102 1642 5164 tempore
1688 5094 1743 5148 in
1788 5096 1913 5151 aliis

345 5202 566 5257 quoque
641 5185 871 5240 urbibus
941 5185 1044 5240 sub
1100 5184 1379 5254 episc0pis
1433 5184 1550 5240 suis
1604 5198 1913 5242 conventus

347 5280 628 5344 habuere,
671 5286 729 5332 et
773 5279 915 5333 ritus
961 5276 1031 5330 ab
1080 5276 1325 5331 Ecclesia
1377 5276 1648 5331 catholica
1701 5277 1913 5333 alienos

345 5371 702 5425 celebravere
748 5386 764 5425 :
813 5376 1016 5438 praeter
1062 5378 1314 5438 receptas
1359 5382 1542 5421 sacras
1585 5368 1910 5436 cantilenas,

415 5507 492 5579 (i)
530 5505 608 5579 Ad
642 5500 1022 5579 declarandam
1073 5503 1311 5579 ineptam
1343 5512 1416 5579 .et
1471 5501 1775 5579 improbam
1802 5501 1914 5579 Eu-

346 5570 514 5633 noinii
542 5576 875 5644 impietatem
894 5580 959 5644 _et
983 5570 1445 5644 vaniloquentiam
1469 5570 1721 5644 Socrates
1745 5573 1909 5644 verba

344 5650 464 5718 ejus
488 5646 590 5718 ista
616 5640 823 5713 profert
849 5660 863 5696 :
892 5642 1035 5695 Deus
1062 5646 1257 5718 de_sua
1281 5640 1396 5709 ipse
1428 5642 1737 5718 substantia
1770 5643 1909 5718 nihil

343 5712 802 5786 antplius,fquam
855 5726 974 5774 nos,
1020 5712 1171 5765 novit
1205 5725 1429 5786 tneque
1479 5726 1542 5786 ea
1595 5712 1772 5786 magis
1805 5712 1909 5777 illi,

346 5780 510 5850 qua...
539 5780 718 5848 nobis,
759 5795 842 5837 cst
894 5791 1196 5850 perspecta.
1232 5782 1338 5834 Sed
1373 5780 1519 5850 quod
1575 5780 1643 5835 de
1694 5780 1757 5835 ea
1811 5797 1907 5836 nos

2014 3380 2135 3422 esse
2189 3364 2434 3430 dicitur,
2503 3363 2817 3434 hujusmodi
2878 3363 2947 3417 de
3007 3379 3191 3418 causa.
3253 3365 3589 3419 Athanasius

2012 3457 2398 3513 Alexandrinae
2444 3455 2705 3511 Ecclesia:
2753 3455 3071 3524 episcopus,
3115 3456 3218 3509 sub
3261 3456 3587 3510 Constantio

2014 3552 2071 3606 in
2109 3549 2363 3605 exsilium
2394 3558 2572 3610 actus,
2619 3560 2747 3601 cum
2783 3548 2836 3600 in
2871 3546 3163 3617 IEgyptum
3201 3548 3379 3603 redire
3403 3549 3589 3618 jussus

2012 3651 2183 3706 esset,
2228 3651 2283 3696 et
2317 3658 2413 3711 per
2455 3640 2783 3694 Laodiceam
2820 3640 2923 3695 iter
2968 3640 3193 3703 faceret,
3227 3656 3351 3695 cum
3384 3641 3587 3710 Apolli—

2012 3734 2156 3800 nari,
2187 3733 2334 3804 quod
2365 3733 2737 3787 amicissimus
2760 3733 2809 3786 ei
2837 3741 3002 3798 esset,
3030 3731 3375 3786 familiariter
3404 3746 3589 3786 versa-

2014 3830 2113 3881 tus
2150 3834 2257 3881 est.
2303 3825 2462 3892 Quod
2514 3833 2738 3888 autem,
2779 3824 2877 3893 qui
2922 3823 3142 3876 diversa
3191 3835 3349 3877 erant
3394 3834 3543 3878 secta
3570 3864 3584 3885 ,

2014 3916 2407 3972 commercium
2442 3923 2498 3970 et
2532 3914 2978 3969 communionem
3009 3916 3130 3985 ejus
3160 3915 3330 3970 veluti
3357 3916 3589 3986 jurisju-

2015 4007 2177 4063 randi
2225 4015 2573 4063 sacramento
2614 4007 2939 4074 abnegatam
2982 4016 3394 4072 aversarentur,
3444 4007 3587 4061 inter

2014 4114 2155 4169 quos
2217 4109 2274 4155 et
2335 4099 2603 4168 Georgius
2661 4096 3017 4151 Laodicensis
3075 4097 3376 4167 episcopus
3427 4097 3579 4153 fuit:

2013 4191 2387 4260 Apollinarem
2417 4189 2464 4243 is
2487 4203 2554 4242 eo
2578 4188 2801 4241 nomine
2830 4188 2897 4241 ab
2918 4186 3159 4242 Ecclesia
3186 4188 3441 4253 exclusit,
3471 4198 3590 4244 tan-

2013 4293 2179 4349 quam
2211 4286 2404 4332 contra
2434 4291 2675 4331 canones
2709 4287 2763 4331 et
2791 4291 2975 4331 sacras
2998 4277 3429 4332 constitutiones
3460 4295 3585 4334 eum

2012 4370 2318 4425 Athanasio
2365 4368 2577 4422 fuisset.
2639 4367 2706 4420 Et
2767 4381 2893 4421 cum
2950 4367 3204 4421 criminis
3255 4369 3378 4424 loco
3430 4370 3479 4424 id
3533 4371 3587 4425 ei

2015 4461 2241 4532 objecit,
2290 4470 2404 4513 tum
2455 4458 2726 4512 rationem
2770 4456 2935 4512 etiam
2983 4466 3039 4512 et
3083 4472 3299 4527 pmnam
3336 4470 3584 4515 veterum

2012 4561 2179 4620 atque
2229 4550 2554 4618 paenitentia
2595 4547 3037 4602 oblitteratorum
3088 4557 3402 4601 erratorum
3458 4565 3584 4604 cum

2014 4638 2269 4698 convicio
2318 4638 2386 4692 ab
2437 4651 2505 4691 eo
2548 4636 2749 4705 exegit.
2801 4634 2938 4689 Cum
2986 4650 3223 4703 namque
3268 4635 3587 4692 Theodotus

2014 4741 2142 4788 ante
2177 4746 2303 4786 eum
2341 4729 2524 4785 adhuc
2564 4726 2959 4781 Laodicensem
3006 4726 3307 4780 Ecclesiae
3351 4740 3585 4797 regeret.

2015 4826 2254 4879 maxime
2278 4835 2395 4879 tum
2428 4822 2643 4892 pollens
2670 4820 3018 4891 Epiphanius
3046 4820 3289 4889 sophista
3322 4821 3585 4892 hymnum

2017 4914 2075 4968 in
2128 4914 2401 4969 Bacchum
2451 4913 2800 4977 recitaverat,
2833 4926 2944 4980 quo
2990 4922 3329 4980 praeceptore
3368 4913 3590 4982 juvenis

2015 5005 2323 5060 etiamnum
2365 5002 2700 5072 Apollinaris
2745 5001 3021 5055 utebatur.
3066 5001 3399 5056 itecitaiioni
3442 5005 3493 5057 ei
3541 5004 3588 5059 is

2016 5111 2140 5151 cum
2190 5107 2347 5166 patre
2409 5095 2517 5150 sibi
2579 5094 2911 5164 cognomine
2972 5097 3330 5162 grammatico
3385 5098 3587 5167 insigni

2015 5187 2196 5242 aﬁ‘uit.
2227 5188 2409 5255 Atque
2443 5186 2535 5241 ubi
2566 5185 2908 5255 Epiphanius
2937 5185 3242 5240 oratiOnem
3273 5201 3393 5240 eam
3423 5203 3585 5249 exor-

2015 5291 2201 5341 surus,
2246 5275 2406 5331 sicuti
2443 5276 2527 5330 eis
2556 5276 2650 5344 qui
2684 5275 2962 5345 specimen
2996 5275 3214 5344 aliquod
3250 5279 3437 5331 talium
3469 5292 3589 5332 atu-

2016 5369 2233 5424 diorum
2257 5368 2545 5434 exhibent,
2568 5383 2686 5421 mos
2708 5376 2813 5433 est,
2844 5382 2953 5421 non
2977 5367 3222 5422 initiatos
3253 5379 3307 5421 et
3328 5369 3588 5437 profanos

2014 5502 2242 5565 scimus,
2280 5500 2425 5555 idem
2461 5512 2518 5554 et
2546 5501 2663 5570 ipse
2694 5514 2920 5569 prorsus
2941 5501 3045 5554 scit
3076 5517 3090 5553 :
3119 5512 3174 5554 et
3211 5514 3408 5555 rursus
3439 5502 3587 5568 quod

2015 5572 2109 5626 ille
2164 5571 2338 5628 novit.
2390 5570 2548 5627 idin
2594 5571 2755 5625 nobis
2799 5584 3018 5638 quoque
3063 5570 3319 5625 similiter
3360 5573 3586 5628 omnino

2016 5642 2273 5711 reperias.
2308 5639 2377 5695 Ut
2405 5655 2591 5711 supra.

2088 5712 2165 5782 (2)
2191 5710 2411 5766 Sozout.
2439 5710 2536 5764 lib.
2572 5727 2648 5776 va,
2681 5726 2803 5782 cap.
2838 5712 2928 5771 25.
