4056 6486
459 353 520 416 (ii
540 353 560 418 1
1681 351 2110 412 NICEPHORI
2151 351 2500 412 CALLISTI
3681 349 3787 413 C1?

460 466 616 519 exire
645 468 700 516 et
730 459 924 531 procul
958 474 1081 514 esse
1119 457 1378 530 jussisset
1420 475 1434 510 :
1468 472 1646 526 neque
1689 457 2048 527 Apollinaris,
2080 467 2122 519 Α
2156 474 2264 512 non
2297 457 2596 528 persuasit,
2629 473 2869 513 maerore
2899 468 3191 529 correptus
3215 457 3557 514 Ecclesiam
3593 459 3791 513 turba-

463 570 644 626 neque
672 556 792 623 ejus
820 563 997 623 pater,
1040 567 1219 620 neque
1249 553 1413 605 etiam
1451 553 1594 603 alius
1629 549 1909 618 quispiam
1953 547 2048 616 qui
2157 553 2256 613 vit,
2306 562 2362 606 et
2416 551 2671 621 dogmate
2723 567 2870 606 novo
2911 551 3166 606 haeresim
3219 566 3388 604 suam
3441 551 3789 612 introduxit,

463 651 540 703 ibi
582 648 816 702 aderant
847 644 1320 704 Christianorum,
1357 657 1422 696 ex
1473 641 1756 695 auditorio
1797 640 2050 693 secessit.
2157 646 2339 714 quoad
2385 645 2568 713 potuit
2601 661 2612 695 :
2651 645 2974 714 compositis
3005 655 3126 698 arte
3160 643 3571 706 orationibus,
3604 645 3793 698 inimi-

465 742 519 795 ld
548 751 838 810 postquam
867 737 1094 792 rescivit
1116 736 1441 790 Theodotus
1466 735 1786 804 episcopus,
1822 736 2052 787 moleste
2157 753 2282 790 cum
2318 737 2612 800 ulciscens,
2650 745 2706 790 et
2737 737 2884 805 quod
2912 750 2973 790 se
3006 737 3058 789 in
3090 750 3389 790 sacrarum
3424 734 3787 790 Litterarum

467 835 612 887 tulit.
650 834 712 885 Et
747 833 870 886 aliis
899 831 1124 901 quidem
1155 845 1220 884 ex
1246 828 1449 897 populo
1481 828 1836 898 aliquatenus
1859 826 2055 896 objur—
2158 828 2411 882 doctrina
2447 828 2540 880 illo
2572 827 3020 896 praestantiorem
3047 833 3492 880 exauctorasset
3519 841 3792 896 arguens.

464 925 639 993 gatis,
701 923 932 993 gratiam
990 922 1178 976 delicti
1233 921 1364 975 fecit
1422 939 1436 972 :
1495 917 1860 988 Apollinarim
1913 930 2052 971 vero
2157 921 2236 974 Ad
2276 921 2425 974 hunc
2454 921 2682 974 modum
2720 920 2936 974 scilicet
2965 918 3197 988 privata:
3224 918 3617 981 clericorum,
3654 927 3795 972 teni-

473 1029 778 1086 ιιιΐυηιίιυθ
809 1031 934 1070 Cum
968 1016 1049 1070 είε
1086 1015 1370 1086 ρτορθιθῐη
1410 1021 1697 1082 Peccatum
1729 1010 2052 1080 ODJCCiSSel.
2157 1031 2290 1086 pore
2317 1014 2588 1084 quolibet,
2618 1013 2943 1077 inimicitia,
2972 1013 3212 1066 maximo
3239 1010 3581 1066 Ecclesiam
3616 1011 3797 1065 detri-

466 1110 536 1163 ab
583 1108 825 1164 Ecclesia
869 1108 1203 1178 segregavit.
1242 1107 1417 1160 Erant
1450 1106 1597 1157 enim
1647 1103 1864 1167 clerici,
1898 1112 2055 1172 pater
2160 1117 2348 1162 mento
2399 1107 2656 1169 aﬂ‘ecere,
2713 1116 2772 1161 et
2813 1106 3145 1174 religionem
3208 1106 3260 1157 in
3316 1113 3529 1158 sectas
3589 1103 3799 1159 multas

467 1202 690 1268 quidem
727 1201 1041 1272 presbyter,
1075 1201 1222 1253 tilius
1261 1214 1391 1252 vero
1415 1213 1699 1251 sacrarum
1735 1197 2057 1266 Scriptura-
2159 1202 2502 1256 dissecuere.
2547 1199 2604 1253 ιιι
2638 1199 2767 1254 inde
2798 1199 2935 1254 satis
2964 1198 3164 1268 liquet.
3196 1197 3252 1252 Si
3283 1196 3455 1250 enim
3490 1196 3698 1250 itidem
3741 1207 3800 1249 ut

469 1313 593 1350 rum
637 1294 820 1347 adhuc
852 1295 1050 1347 lector.
1092 1291 1487 1344 lntercesserat
1518 1287 1729 1358 aliquid
1763 1291 2055 1359 temporis,
2160 1290 2504 1350 Theodotus,
2544 1287 2815 1358 Georgius
2857 1301 3081 1356 quoque
3125 1284 3520 1356 ptenitentem
3579 1282 3800 1352 Apolli-

469 1396 530 1440 et
562 1400 679 1450 eos,
715 1393 1004 1454 postquam
1039 1382 1297 1452 lacrymis
1341 1392 1398 1435 et
1438 1381 1666 1451 jejuniis
1699 1379 1909 1435 Crimen
1955 1384 2058 1437 ad-

472 1477 1073 1545 niissum‘ptenitentes
1124 1475 1520 1537 abolevissent,
1571 1473 1896 1529 Theodotus
1938 1492 2060 1530 rur-

472 1583 594 1620 sum
658 1567 713 1619 in
784 1565 1016 1634 gratiam
1079 1568 1315 1633 recepit.
1371 1561 1474 1618 Ubi
1541 1575 1726 1618 autem
1788 1565 2058 1637 Georgius

473 1660 858 1727 episcopatum
888 1666 972 1710 est
1001 1658 1253 1726 adeptus,
1290 1664 1347 1708 et
1375 1655 1707 1724 Apollinaris
1732 1672 1856 1710 cum
1889 1659 2060 1713 Atha-

476 1752 633 1804 nasio
684 1750 1037 1803 familiariter
1089 1749 1212 1813 fuit,
1267 1748 1736 1818 quemadmodum
1790 1750 2056 1818 diximus,

475 1845 1017 1898 excommunicatum
1062 1858 1191 1898 eum
1223 1842 1467 1896 Ecclesia
1501 1842 1710 1911 exegit.
1754 1843 1937 1913 Atque
1967 1845 2061 1900 ille

475 1952 620 2006 saepe
650 1936 950 2008 Georgium
977 1937 1210 2000 dicitur,
1244 1944 1302 1989 ut
1340 1941 1391 1989 in
1435 1935 1886 1991 communionem
1920 1937 2064 1992 reci-

476 2045 724 2104 peretur,
765 2033 1120 2104 deprecando
1147 2033 1494 2088 obsecrasse.
1526 2028 1732 2085 Verum
1771 2033 1864 2087 ubi
1902 2032 1955 2087 id
1987 2032 2066 2086 illi

2159 1384 2339 1436 narim
2373 1380 2735 1452 suscepisset,
2785 1379 3014 1434 hazresis
3043 1392 3168 1448 quae
3197 1376 3268 1431 ab
3309 1391 3389 1431 eo
3428 1389 3661 1430 nomen
3700 1375 3798 1429 ba-

2164 1476 2275 1539 bet,
2324 1484 2385 1528 ut
2426 1489 2527 1543 ego
2576 1473 2805 1540 quidem
2855 1481 3025 1542 puto,
3068 1485 3180 1524 non
3219 1478 3515 1524 exstaret.
3560 1467 3796 1538 Ingenia

2162 1581 2401 1631 namque
2421 1566 2711 1620 hominum
2738 1565 2784 1619 si
2809 1563 3017 1634 despici
3049 1579 3109 1618 se
3130 1561 3330 1616 vidcan
3343 1572 3388 1628 t,
3417 1569 3793 1629 arrogantem

2163 1659 2450 1713 audaciam
2505 1658 2855 1728 concipiunt,
2902 1666 2960 1710 et
3006 1654 3390 1710 contendendi
3446 1653 3654 1709 studio
3706 1665 3796 1708 res

2166 1766 2336 1806 novas
2366 1750 2695 1806 moliuntur.
2725 1753 2798 1803 At
2828 1748 2875 1806 si
2905 1748 2963 1804 id
2994 1748 3142 1819 quod
3183 1762 3422 1818 aequum
3457 1758 3555 1802 est
3592 1760 3798 1802 conse-

2168 1854 2441 1916 quuntur,
2485 1844 2554 1898 ad
2596 1842 3036 1898 moderationem
3062 1855 3122 1898 se
3155 1839 3311 1906 dant,
3356 1847 3424 1895 et
3474 1848 3642 1895 sorte
3693 1851 3794 1894 sua

2172 1935 2424 1992 contenti
2459 1943 2591 1991 sunt
2622 1935 2726 2006 (l).

1795 2193 1955 2264 127
1989 2192 2217 2249 CAPUT
2258 2191 2402 2248 xm.

560 2307 659 2375 Ὠς
691 2307 1013 2376 Βασίλειος
1041 2308 1142 2362 καὶ
1165 2303 1499 2380 Γρηγόριος
1539 2304 2074 2447 ἆμφὲιέϊὶάἆῗὲίξὲἓγοέ

2186 2305 2339 2359 κατὰ
2367 2304 2672 2372 Εὐνομίου
2701 2303 2804 2360 καὶ
2855 2302 3316 2372 Ἀπολλιναριου
3373 2301 3678 2373 ἔγραψαν
3700 2318 3716 2334 ⁸

2182 2377 2187 2427 '.
2210 2373 2616 2446 ἐδογμάτιζον.

555 2494 623 2550 Ut
657 2494 892 2550 Basilius
923 2505 971 2548 et
1011 2493 1295 2569 Gregorius
1332 2506 1549 2568 uterque
1587 2494 1744 2548 libros
1785 2495 2128 2569 refutntorios
2167 2503 2352 2569 contra
2387 2490 2706 2569 Eunomium
2743 2500 2792 2544 et
2831 2489 3230 2562 Apollinarium
3261 2491 3641 2562 scripserint:
3672 2501 3720 2547 et

1421 2563 1536 2637 qna!
1562 2571 1786 2621 istorum
1811 2566 2180 2618 haereticorum
2212 2564 2406 2634 fuerint
2445 2563 2743 2631 opiniones.

553 2683 907 2745 Eunomium,
955 2684 1104 2755 quod
1151 2682 1431 2748 diximus,
1477 2682 1668 2737 eadem
1723 2697 1848 2736 cum
1905 2680 2065 2734 Aetio

479 2779 689 2834 sentire
719 2779 905 2848 negari
940 2793 1050 2831 non
1105 2785 1287 2847 potest
1319 2776 1420 2846 (2).
1456 2776 1591 2830 Nam
1617 2786 1671 2829 et
1702 2776 1817 2845 ipse
1845 2776 2067 2828 Aetium

478 2877 873 2938 praeceptorem
918 2868 1128 2936 jactat,
1179 2873 1237 2920 et
1284 2866 1336 2920 id
1391 2864 1446 2919 in
1502 2865 1728 2936 scriptis
1776 2866 1894 2935 ipse
1952 2865 2072 2918 suis

2170 2679 2280 2734 sed'
2315 2695 2344 2734 a
2385 2679 2662 2749 principio
2707 2679 2985 2734 carnalem
3031 2678 3181 2733 illam
3237 2690 3516 2736 naturam
3565 2680 3625 2736 in
3656 2680 3789 2736 Fiiio

2171 2773 2365 2827 fuisse.
2416 2773 2595 2842 Atque
2639 2787 2930 2842 perperam
2988 2781 3280 2841 acceptum
3340 2773 3571 2829 dictum
3623 2774 3788 2845 quod-
3832 2839 3836 2842 _

2176 2865 2303 2918 dam
2372 2864 2754 2934 evangelicum
2826 2872 3088 2932 tanquam
3151 2864 3559 2919 testiinonium
3629 2876 3787 2922 tanta:

479 2970 670 3030 aperte
705 2969 960 3016 testatur.
1012 2959 1385 3036 Apollinarem
1417 2975 1547 3014 vero
1609 2959 1775 3014 etiam
1807 2972 2074 3012 accusans
2102 2993 2149 3053 ο
2178 2956 2508 3014 absurditati
2559 2956 2874 3026 praetendit,
2923 2956 3115 3011 dicens
3155 2973 3171 3012 :
3217 2955 3402 3011 Nemo
3452 2962 3701 3014 ascendit
3740 2960 3789 3012 in

479 3053 780 3125 Gregorius
817 3053 1080 3108 Nazianzi
1123 3053 1439 3123 episcopus,
1477 3052 1533 3106 in
1569 3052 1800 3122 epistola
1829 3051 2067 3120 quadam

480 3149 550 3202 ad
595 3147 918 3203 Nectarium
959 3146 1590 3216 Constantinopolitanae
1629 3144 1888 3200 Ecclesiae
1921 3158 2066 3214 pra:-

482 3241 682 3308 sidem,
721 3242 835 3295 haec
859 3239 1057 3295 scribit
1090 3257 1104 3292 :
1141 3258 1159 3290 ι
1181 3238 1249 3293 ΕΙ.
1284 3239 1682 3298 detrimentum
1713 3236 1938 3307 quidem
1967 3249 2072 3288 no-

481 3344 682 3398 strum,
739 3331 888 3402 quod
940 3333 995 3386 in
1033 3333 1158 3389 sinu
1209 3342 1399 3388 nostro
1443 3331 1714 3391 fovemus,
1761 3321 2070 3386 Eunomius

483 3424 715 3478 minime
753 3438 818 3477 eo
873 3421 1024 3492 quod
1075 3423 1309 3493 alicujus
1355 3422 1600 3476 nominis
1644 3426 1738 3485 sit,
1776 3431 2074 3477 contentus

482 3528 568 3573 est
603 3535 620 3572 :
650 3532 840 3572 verum
893 3515 1000 3569 nisi
1034 3531 1230 3571 omnes
1274 3532 1380 3569 una
1426 3529 1615 3570 secum
1664 3516 1718 3568 in
1763 3515 2068 3584 perniciem

485 3607 790 3676 pertrahat,
817 3605 1092 3676 jacturam
1141 3604 1195 3658 id
1255 3619 1376 3659 esse
1413 3604 1643 3673 judicat.
1685 3603 1946 3660 Sedenim
1993 3614 2076 3657 to-

484 3700 713 3754 lerauda
739 3699 858 3752 haec
884 3698 1107 3766 quidem
1144 3705 1294 3752 sunt.
1319 3695 1478 3763 Quod
1510 3706 1694 3751 autem
1725 3699 1779 3751 in
1813 3696 2075 3752 Ecclesiae

484 3792 897 3846 calamitatibus
926 3806 1128 3845 censeo
1185 3790 1348 3861 longe
1404 3791 1815 3862 gravissimum,
1874 3791 2083 3862 Apolli-

484 3887 821 3941 naristarum
871 3892 956 3939 est
998 3883 1323 3952 impunitas.
1364 3882 1512 3949 Quos
1568 3884 1758 3938 nescio
1796 3886 2077 3953 quomodo

485 3978 755 4033 sanctitas
804 3985 896 4030 tua
946 3975 1196 4046 negligit,
1249 3975 1616 4030 concionandi
1656 3985 2084 4048 conventusque

489 4069 725 4140 cogendi
778 4068 1061 4122 licentiam
1116 4083 1274 4138 aequa
1331 4069 1622 4125 ItobiSCUm
1690 4077 1966 4139 potestate
2020 4076 2080 4124 et

486 4163 761 4232 dignitate
789 4161 893 4216 sibi
927 4160 1033 4230 ipsi
1066 4168 1420 4230 usurpantes.
1450 4159 1534 4213 Tu
1568 4160 1821 4227 quidem,
1855 4161 1951 4231 qui
1981 4175 2081 4231 per

486 4253 673 4310 omnia
709 4269 936 4324 prorsus
977 4253 1134 4323 juxta
1167 4252 1263 4307 Dei
1298 4253 1534 4323 gratiam
1567 4252 1623 4306 in
1657 4253 1864 4308 divinis
1890 4251 2079 4308 erudi-

2180 3051 2387 3115 cwlum,
2423 3051 2528 3104 nisi
2565 3051 2656 3120 qui
2698 3066 2725 3103 e
2758 3049 2885 3104 caelo
2923 3050 3216 3115 descendit,
3261 3051 3450 3110 Fidius
3488 3055 3716 3110 hominis
3751 3054 3789 3105 '.

2183 3147 2264 3202 Ita
2300 3158 2358 3200 ut
2393 3147 2718 3217 priusquam
2758 3145 3133 3208 descenderit,
3163 3145 3284 3213 ipse
3310 3145 3511 3202 Filius
3546 3149 3784 3204 hominis
3850 3129 3856 3136 ’

2182 3239 2355 3294 fuerit
2401 3258 2413 3292 :
2460 3248 2517 3294 et
2561 3238 2936 3302 descenderit,
2976 3253 3132 3294 suam
3180 3237 3329 3292 illam
3383 3240 3651 3297 deferens
3683 3255 3794 3294 car-

2183 3349 2336 3396 nem,
2395 3347 2559 3402 quam
2616 3332 2669 3386 in
2720 3331 2862 3387 oculo
2911 3330 3171 3387 habuerit
3215 3339 3688 3390 antesaecularem
3735 3341 3786 3388 et

2184 3425 2732 3482 consubstantiatam
2773 3424 2875 3496 (4).
2905 3425 2970 3479 Ει
2995 3439 3190 3480 rursus
3218 3429 3598 3495 apostolicam
3630 3428 3784 3483 aliam

2183 3519 2399 3592 profert
2425 3533 2616 3573 vocem
2645 3535 2659 3570 :
2689 3517 2998 3573 secundum
3041 3517 3326 3572 hominem
3365 3534 3397 3572 e
3417 3524 3568 3576 cmlo
3597 3535 3740 3577 esse.
3765 3537 3781 3569 ι

2185 3610 2394 3667 Deinde
2427 3609 2672 3664 instituit
2699 3609 2983 3667 hominem
3013 3610 3170 3665 illum
3197 3611 3295 3681 qui
3333 3628 3367 3668 e
3399 3618 3548 3669 creto
3585 3614 3787 3668 venerit

2187 3713 2430 3762 mentem
2486 3718 2596 3757 non
2654 3702 2904 3766 habere,
2961 3702 3056 3758 sed
3103 3702 3464 3760 divinitatem
3515 3703 3785 3776 Unigeniti

2189 3807 2445 3854 naturam
2492 3797 2697 3852 mentis
2728 3795 3060 3865 adimplere,
3096 3805 3157 3854 ut
3185 3812 3310 3866 quae
3341 3801 3424 3867 (5)
3467 3815 3600 3869 pars
3636 3797 3786 3852 tertia

2191 3892 2447 3946 humana:
2477 3888 2974 3961 coagmentationis
3018 3889 3091 3944 sit
3135 3889 3302 3956 facta,
3353 3892 3545 3963 anima
3583 3901 3641 3945 et
3672 3903 3786 3942 cor-

2191 3995 2327 4052 pore
2374 3979 2700 4034 humanitus
2752 3977 2898 4033 circa
2959 3995 3080 4036 eam
3125 3982 3562 4047 essistentibus,
3613 3988 3786 4035 mente

2189 4071 2300 4127 illis
2324 4070 2661 4136 decollante,
2691 4078 2750 4124 et
2781 4071 2956 4126 verbo
2983 4071 3075 4125 Ilei
3109 4072 3294 4126 locum
3319 4074 3449 4144 ejus
3477 4073 3784 4132 obtinente.

2193 4168 2373 4234 Atque
2407 4165 2669 4233 equidem
2719 4161 2967 4218 nondum
3007 4163 3115 4218 hoc
3159 4179 3330 4233 grave
3383 4176 3475 4222 est
3505 4172 3788 4234 spectacu-

2191 4256 2330 4310 lum.
2387 4254 2594 4311 Verum
2659 4253 2799 4309 illud
2849 4252 3098 4308 omnium
3155 4255 3321 4323 longe
3373 4255 3784 4324 gravissimum,

485 4355 578 4400 tus
614 4361 677 4400 es
710 4345 1022 4417 mysteriis,
1054 4359 1168 4400 non
1207 4354 1418 4400 tantum
1450 4361 1573 4416 quae
1600 4344 1669 4400 ad
1704 4345 2077 4415 patrocinium
2110 4365 2154 4421 ι)
2185 4347 2336 4418 quod
2372 4347 2556 4418 ipsum
2612 4347 2966 4417 unigenitum
2997 4347 3196 4412 Deum,
3231 4347 3482 4418 judicem
3521 4345 3781 4406 omnium,

483 4453 540 4491 et
573 4437 954 4493 defensionem
1004 4437 1102 4492 Dei
1147 4437 1304 4493 verbi
1351 4447 1630 4508 Spectant,
1670 4439 1768 4495 sed
1813 4454 1880 4494 ea
1913 4440 2082 4496 etiam

484 4546 610 4602 quae
636 4531 705 4585 ab
747 4530 1031 4587 haereticis
1060 4530 1332 4586 adversus
1357 4531 1636 4586 saniorem
1670 4531 1834 4588 ﬁdem
1865 4535 2088 4606 excogi-

486 4632 602 4678 tata
639 4633 792 4690 sunt,
828 4633 1006 4679 tenes.
1039 4625 1296 4678 Attamen
1333 4639 1444 4678 non
1481 4624 1862 4694 importunum
1891 4625 2084 4691 fuerit,

485 4733 517 4770 a
558 4719 831 4772 tenuitate
870 4732 996 4772 mea
1040 4715 1510 4786 magniﬁcentiam
1555 4725 1702 4770 tuam
1756 4719 1952 4773 audire
1987 4719 2090 4773 ali-

484 4807 644 4878 quid.
695 4807 870 4863 lncidi
909 4809 962 4863 in
998 4809 1338 4879 Apollinaris
1384 4809 1662 4876 libellum,
1706 4814 1802 4882 qui
1853 4827 2077 4868 omnem

492 4900 814 4956 haereticam
849 4899 1264 4970 improbitatem
1303 4902 1466 4973 longe
1496 4915 1746 4974 superat.
1781 4905 2084 4964 Asseverat

404 4987 408 4991 ’
490 4993 666 5057 enim,
709 5008 932 5047 carnem
964 4995 1121 5064 juxta
1155 4995 1353 5051 salutis
1393 5009 1602 5053 nostrae
1645 4999 2088 5056 administratio-

490 5099 617 5138 nem
660 5085 729 5138 ab
777 5086 1065 5154 unigenito
1111 5087 1250 5142 Filio
1297 5098 1511 5145 natura:
1558 5103 1762 5147 nostrze
1809 5102 2090 5148 transmu-

490 5176 672 5257 tandfe
695 5180 906 5247 gratiis,
954 5195 1066 5235 non
1101 5183 1461 5238 adventitiam
1486 5185 1563 5254 (3)
1598 5195 1915 5258 susceptam
1944 5203 2092 5255 esse,

566 5317 580 5344 ²
614 5315 771 5369 Joan.
803 5334 885 5382 in,
920 5320 1001 5374 15.

563 5460 638 5528 tl)
669 5461 728 5534 In
780 5459 970 5534 Graico
1020 5460 1321 5534 Niicephori
1367 5461 1675 5533 exemplari
1727 5460 1946 5534 integer
1989 5464 2080 5521 hic

487 5531 769 5606 scxternio
827 5532 1020 5588 defuit.
1078 5531 1371 5606 Deiectum
1418 5531 1563 5606 eunif
1612 5535 1771 5603 juxta
1828 5531 2076 5606 capitum

489 5602 902 5725 amilota'tionem
951 5619 1020 5658 ex
1083 5605 1211 5659 aliis
1260 5602 1656 5660 ecclesiasticis
1707 5602 2082 5676 scriptoribus

489 5687 724 5725 CXllCVI.

489 5687 724 5740 explevi.

561 5745 635 5818 (ἓ)
670 5744 889 5818 Sozom.
926 5746 1026 5802 lib.
1059 5761 1288 5818 v1,'c:ip.
1326 5745 1418 5800 27.

561 5816 638 5882 (5)
669 5817 758 5874 Μὴ
791 5819 1110 5888 ἐπίκτητον.

2186 4451 2474 4498 auctorem
2519 4449 2578 4496 et
2625 4442 2825 4496 ducem
2878 4443 3027 4505 vitae,
3078 4451 3136 4496 et
3184 4449 3531 4498 vastatorem
3574 4437 3784 4497 mortis,

2187 4535 2484 4590 mortalem
2519 4533 2765 4589 instituit
2801 4551 2817 4589 :
2859 4534 2938 4588 ita
2980 4543 3042 4588 ut
3073 4534 3391 4604 passionem
3430 4533 3527 4589 ille
3565 4534 3620 4588 in
3655 4526 3786 4584 divi-

2185 4629 2363 4686 nitate
2406 4641 2508 4683 sua
2559 4627 2893 4696 susceperit,
2928 4637 2986 4684 et
3021 4627 3078 4681 in
3127 4627 3391 4686 triduana
3429 4627 3524 4682 illa
3567 4617 3786 4682 mortiﬁ-

2187 4723 2408 4778 catione
2464 4721 2763 4790 corporis,
2820 4720 2984 4776 simul
3031 4722 3198 4778 etiam
3247 4735 3314 4775 ea
3368 4736 3500 4776 cum
3561 4723 3785 4784 corpore

2188 4825 2566 4880 commortua,
2595 4823 2654 4870 et
2682 4815 2764 4870 sic
2794 4830 2826 4870 a
2858 4815 3023 4872 Patre
3053 4830 3275 4870 rursum
3317 4831 3349 4870 a
3379 4822 3578 4884 ,morte
3609 4819 3783 4864 resus-

2189 4911 2362 4966 citata
2411 4909 2509 4967 sit.
2560 4909 2798 4980 Reliqua
2851 4924 2979 4978 qua:
3027 4909 3445 4979 importunitati
3509 4913 3670 4959 tanta:
3705 4897 3784 4950 ille

2191 5003 2406 5075 adjicit,
2456 5004 2682 5074 longum
2733 5014 2882 5060 esset
2935 4997 3251 5059 recensere.
3299 5002 3608 5072 Opiniones
3660 5007 3782 5048 sane

2196 5097 2539 5166 Apollinaris
2576 5106 2635 5153 et
2662 5097 2922 5152 Eunomii
2970 5097 3163 5168 quales
3209 5097 3443 5159 iuerint,
3473 5109 3543 5149 ex
3575 5091 3643 5145 iis
3667 5093 3779 5153 quae

2201 5189 2350 5245 dicta
2397 5199 2552 5256 sunt,
2591 5190 2833 5260 quilibet
2862 5200 3186 5260 cognoscet.
3223 5188 3289 5245 Et
3341 5199 3403 5242 ιιι
3451 5183 3632 5241 facilis
3663 5190 3782 5231 con-

2268 5471 2346 5541 (4)
2375 5467 2692 5538 Legendum
2721 5470 2774 5524 in
2804 5469 2998 5526 Graeco
3027 5467 3598 5538 συνουσιωμένην-ριο
3623 5471 3778 5509 συνω-

2194 5544 2492 5610 σιωμένην.
3481 5599 3490 5609 ,

2267 5614 2344 5684 (5)
2375 5613 2562 5682 Μέρος
2611 5612 2705 5665 τοῦ
2742 5610 3092 5681 ἀνθρωπίνου
3144 5609 3538 5684 ειυγκρίμριιιξοςΔ
3565 5601 3624 5683 ei:

2198 5673 2390 5755 μδριιον
2419 5673 2600 5756 ψῦχῆς
2654 5700 2714 5736 τε
2752 5673 2859 5737 καῖ
2878 5685 3135 5754 σώματος
3175 5673 3322 5736 κά.τᾶ
3351 5673 3420 5731 ei.
3446 5673 3772 5743 ἀνθρώπινον

2196 5774 2264 5808 πε
2271 5757 2328 5827 ρ).
2358 5756 2531 5810 αὐτὴν
2559 5755 2753 5809 ὄντων.
3183 5771 3189 5775 ·
