4056 6466
328 388 437 453 n13

1276 389 1883 453 ECCLESIASTICAE
1912 394 2309 455 HISTORI/E
2332 394 2485 457 LIB.
2525 396 2641 456 Xl.

3464 389 3575 453 614

330 506 544 574 jectura
568 512 673 567 est,
709 503 1014 573 permultos
1043 502 1120 557 illi
1151 503 1219 557 ab
1246 503 1490 559 Ecclesia
1526 506 1819 560 universali
1851 507 1906 562 in
1939 516 1982 569 Α
2016 509 2295 573 transiret,
2342 490 2780 576 periclitabatur.
2832 510 2916 575 Ab
2956 507 3236 565 Eunomio
3264 518 3470 572 autem,
3505 523 3572 561 ne

336 612 528 650 eorum
564 596 898 649 sententiam
949 595 1367 661 pertraxissent,
1412 595 1520 650 nisi
1554 595 1813 650 Basilium
1849 605 1902 652 et

337 686 656 757 Gregorium
719 685 1072 755 Cappadoces
1121 685 1488 763 adversarios
1544 686 1904 753 invenissent,

339 782 434 852 qui
482 796 549 835 ex
610 780 860 848 professo
911 778 1081 832 multa
1138 778 1405 832 adversus
1452 794 1549 834 eos
1607 781 1906 849 scripsere.

341 873 638 927 Theodosii
666 880 952 943 presteres,
983 869 1131 939 quod
1159 870 1324 939 paulo
1360 880 1481 939 post
1513 882 1761 925 secutum
1797 876 1906 936 est,

344 967 633 1036 imperium
686 973 920 1019 conatus
965 978 1156 1018 eorum
1209 962 1497 1032 repressit.
1563 963 1698 1017 Nam
1741 962 1929 1018 duces.

343 1060 493 1127 ipsos
523 1057 810 1111 haeresium
849 1071 914 1111 ex
952 1055 1338 1124 frequentibus
1364 1062 1418 1108 et
1444 1053 1731 1123 populosis
1758 1053 1913 1109 orbis

345 1152 599 1223 partibus
636 1151 689 1203 in
725 1150 876 1204 solos
908 1149 1066 1203 locos
1101 1148 1388 1217 relegavit.
1426 1145 1708 1203 Obstitere
1741 1148 1908 1202 etiam

348 1244 575 1311 insuper
619 1240 731 1294 illis
762 1241 882 1309 ejus
919 1238 1096 1295 aetatis
1128 1237 1407 1293 monachi.
1456 1238 1732 1294 Murdicus
1758 1254 1916 1293 nam-

347 1348 457 1402 que
505 1332 723 1385 Nicaana
780 1333 1065 1386 retinuere
1111 1332 1367 1396 decreta,
1416 1331 1510 1401 qui
1564 1331 1616 1384 in
1668 1330 1823 1402 Syria
1858 1338 1917 1386 et

347 1424 695 1494 Cappadocia
764 1423 1124 1492 finitimisque
1169 1423 1308 1479 locis
1361 1424 1722 1479 monasticam
1783 1432 1916 1479 sunt

352 1515 742 1584 philosophati.
777 1512 847 1569 Et
890 1515 1042 1583 regio
1079 1528 1146 1568 ea
1195 1529 1317 1584 quae
1358 1527 1389 1570 a
1422 1512 1615 1569 Cilicia
1649 1518 1715 1568 ad
1750 1514 1918 1571 Phoe-

360 1607 559 1662 niciam
611 1620 784 1677 usque
833 1605 1030 1670 tendit,
1080 1620 1154 1660 ne
1189 1604 1242 1661 in
1291 1605 1540 1661 hmresim
1584 1605 1920 1674 Apollinaris

2011 599 2369 656 inficerentur
2415 603 2602 670 populi
2654 617 2685 656 a
2735 601 2928 657 Cilicia
2969 611 3027 657 et
3058 614 3243 658 monte
3273 602 3457 657 Tauro
3503 600 3572 654 ad

2011 690 2430 761 Hellespontum
2481 703 2537 748 et
2583 694 3116 765 Constantinopolim
3165 708 3338 763 usque
3397 702 3574 745 metus

1998 791 2148 837 erat.
2205 784 2319 837 Non
2379 785 2601 840 difficile
2646 786 2793 839 enim
2847 787 3068 855 utrique
3120 794 3275 847 erat,
3327 784 3577 838 finitimis

2012 889 2232 943 quoque
2259 890 2474 936 eorum,
2501 877 2642 945 apud
2675 891 2815 945 quos
2845 877 3230 940 versabantur,
3265 884 3325 929 ut
3357 884 3573 929 senten-

2013 964 2145 1019 tiam
2184 980 2337 1019 suam
2375 977 2766 1036 sequerentur,
2792 968 3158 1045 persuadere.
3189 968 3337 1022 Idem
3368 980 3500 1020 sane
3524 975 3579 1019 et

2008 1054 2233 1110 Arianis
2261 1060 2508 1130 contigit.
2554 1059 2761 1130 Vulgus
2780 1062 2949 1127 enim,
2990 1061 3410 1121 monachorum,
3442 1072 3581 1128 quos

2004 1150 2419 1213 recensuimus,
2451 1152 2716 1207 virtutem
2766 1165 2823 1208 et
2854 1169 3024 1223 opera
3073 1153 3426 1213 admiratum,
3456 1166 3580 1203 cum

2017 1238 2169 1309 ipsos
2202 1252 2354 1297 recte
2390 1245 2607 1299 sentire
2637 1245 2895 1302 credidit.
2931 1254 3044 1300 tum
3093 1245 3253 1299 aliter
3294 1243 3584 1311 opinantes

2020 1343 2248 1402 propter
2290 1335 2661 1405 suspicionem
2712 1338 2942 1405 impurae
2993 1344 3051 1390 et
3107 1335 3431 1390 adulterinas
3481 1333 3585 1388 doc

2019 1425 2212 1480 ctrina:
2254 1436 2566 1481 aversatum
2614 1435 2699 1482 est
2741 1427 2953 1483 :sicuti
2982 1425 3242 1497 Egyptii,
3291 1426 3588 1481 monachos

2025 1529 2156 1571 suos
2185 1528 2502 1588 sequentes,
2531 1519 2770 1575 Arianos
2790 1534 2891 1590 pro
2918 1518 3175 1574 hostibus
3202 1517 3471 1573 habuere.

1646 1768 1814 1839 123
1845 1765 2073 1825 CAPUT
2111 1766 2251 1827 xw.

363 1876 496 1946 Περὶ
525 1878 674 1960 τῆς-
704 1878 1008 1960 αἱρέσεως.
1032 1879 1159 1960 τῷν
1211 1882 1817 1960 Ἀγβρωπᾳμᾳρξριτῶῃ
1837 1886 1938 1940 καὶ
1975 1883 2107 1960 τῷν-
2150 1888 2609 1960 Μασσαλζανῶν
2632 1906 2646 1920 ·
2682 1890 2769 1960 ἐτι
2792 1889 2861 1945 δὲ
2886 1958 2895 1960 Α
2916 1892 3017 1944 καὶ
3050 1889 3181 1958 περὶ
3215 1888 3352 1960 τῶνί
3400 1890 3598 1945 Ναυα-

499 1948 752 2001 τιανῶνο
800 1949 890 2002 ὅτι
915 1948 1012 2007 καὶ
1042 1948 1211 2008 οὗτοι
1265 1948 1354 2017 sic
1385 1948 1594 2007 ποιῑᾶ
1617 1948 1986 2021 διῃρέθησαν
2022 1954 2121 2009 διὰ
2147 1957 2265 2023 τὴν
2294 1958 2621 2027 μετάθεσιν
2652 1958 2760 2026 τῆς
2803 1958 2910 2014 τοῦ
2938 1948 3156 2031 Πάσχᾶ
3187 1959 3421 2027 ἑορτῆς.

434 2067 507 2123 De
542 2067 729 2123 haeresi
751 2066 1407 2143 Anthropomorphitarttm
1426 2065 1994 2143 ethlfassalianoru‘m‘:
2032 2080 2290 2143 prwte_rea
2319 2072 2383 2125 de
2413 2070 2753 2136 Novatianis,
2791 2074 2931 2143 quod
2958 2082 3009 2127 et
3036 2074 3159 2143 jam
3184 2074 3222 2128 ii
3255 2076 3307 2128 in
3331 2076 3525 2130 multas

1113 2146 1281 2192 sectas
1312 2139 1419 2192 sint
1452 2139 1605 2194 divisi
1630 2146 1849 2227 propter
1877 2138 2139 2207 feriarum
2175 2140 2394 2194 Paro/ue
2421 2145 2782 2197 mutationem.

432 2255 505 2310 Ea
566 2266 727 2312 atate
759 2255 994 2311 Audaeus
1052 2270 1273 2326 quoque
1321 2255 1568 2324 quidam,
1603 2267 1660 2312 et
1718 2269 1919 2328 genere
1951 2261 1994 2316 Β
2029 2261 2274 2324 tempore
2292 2255 2459 2310 etiam
2477 2255 3595 2325 Massaiianorum(l)pullulavitliaaresis.

361 2362 422 2405 et
448 2350 632 2424 lingua
660 2349 852 2419 Syrus,
883 2347 987 2402 fuit
1015 2363 1284 2403 novorum
1312 2348 1627 2416 dogmatum
1654 2348 1926 2402 inventor.

361 2437 497 2502 Quae
556 2438 704 2493 enim
764 2437 902 2492 mala
956 2436 1166 2491 dudum
1222 2438 1582 2507 parturierat,
1632 2438 1931 2511 aliquando

366 2528 590 2582 tandem
625 2528 863 2597 peperit.
914 2527 1158 2583 Primum
1197 2544 1434 2598 namque
1479 2543 1604 2584 cum
1643 2544 1929 2598 perperam
1968 2606 1973 2607 γ

364 2618 500 2672 illud
536 2619 915 2685 intellexisset,
951 2618 1228 2674 Faciamus
1258 2614 1518 2675 hominem
1546 2622 1619 2675 ad
1644 2623 1932 2693 imaginem

364 2719 422 2763 et
437 2708 838 2764 similitudinem
859 2722 1117 2774 nostram,
1164 2709 1332 2766 Deum
1359 2710 1596 2767 humana
1618 2728 1740 2770 esse
1762 2713 1934 2777 forma

366 2803 626 2871 Opinatus
664 2814 772 2869 est,
811 2805 1179 2874 eumdemquc
1212 2804 1521 2874 corporalia
1560 2808 1806 2862 membra
1839 2808 1938 2862 ha-

371 2897 501 2949 bere
523 2895 856 2950 existimavit
888 2913 900 2949 :
939 2912 1106 2951 sacras
1135 2896 1440 2966 Scriptum
1466 2902 1795 2954 sententiam
1825 2917 1935 2955 non

370 2987 505 3041 satis
557 2995 882 3049 assecutus,
939 2999 1061 3056 qua:
1125 2986 1299 3041 divini
1354 2989 1611 3045 Numinis
1671 2993 1937 3061 operibus

372 3076 736 3132 humanarum
802 3081 1037 3149 partium
1094 3081 1361 3136 vocabula
1421 3084 1636 3147 tribuit,
1686 3088 1937 3157 quando-

374 3169 593 3239 quidem
623 3186 690 3226 eo
730 3172 918 3237 modo,
954 3174 1046 3242 qui
1087 3191 1174 3230 res
1203 3175 1520 3231 subtiliores
1563 3179 1848 3249 percipere
1884 3190 1942 3236 et

374 3266 568 3319 audire
599 3272 899 3331 nequeunt,
927 3263 1144 3319 facilius
1167 3267 1457 3320 consilium
1483 3267 1575 3322 Dei
1603 3269 1937 3340 intelligunt.

375 3354 598 3409 Addidit
624 3354 826 3410 deinde
856 3354 922 3409 ad
952 3355 1291 3423 impietatem
1324 3372 1443 3411 eam
1473 3358 1780 3414 consimilia
1808 3361 1940 3414 alia.

378 3448 421 3497 Α
451 3443 703 3500 Manente
727 3447 872 3499 enim
905 3445 960 3500 id
994 3454 1301 3513 mutuatus,
1342 3449 1684 3504 conditorem
1719 3453 1943 3506 univer-

376 3537 557 3618 sitatis
602 3537 769 3607 hujus
811 3537 983 3591 Deum
1028 3550 1213 3607 neque
1250 3540 1429 3607 ignem
1477 3556 1653 3610 neque
1687 3544 1944 3598 tenebras

374 3642 591 3682 creasse
629 3628 839 3683 docuit.
886 3627 1084 3682 Vcrdm
1137 3628 1255 3682 haec
1294 3629 1542 3698 quidem,
1588 3639 1644 3684 et
1687 3646 1945 3701 quaecun-

374 3732 486 3785 que
516 3727 644 3772 sunt
667 3718 961 3787 ejusmodi,
988 3721 1083 3787 qui
1123 3718 1377 3772 factionis
1407 3719 1529 3786 ejus
1559 3728 1709 3785 sunt,
1737 3718 1941 3775 celant.

382 3801 648 3855 Dicuntur
675 3811 861 3855 autem
913 3817 942 3856 a
990 3802 1228 3871 publicis
1278 3803 1535 3858 Ecclesiae
1582 3806 1947 3858 conventibus

375 3892 674 3961 segregari,
707 3901 998 3961 propterea
1029 3893 1175 3962 quod
1202 3894 1453 3947 nonnulli
1485 3896 1771 3964 pecuniam
1800 3894 1943 3962 apud

376 3998 481 4038 nos
546 3984 888 4038 exsecrando
942 3984 1133 4040 fenore
1193 3987 1421 4050 locem,
1498 3987 1753 4040 nonnulli
1817 4001 1944 4042 cum

377 4076 709 4133 mulieribus
752 4088 929 4141 extra,
982 4096 1093 4133 non
1146 4090 1206 4134 ut
1253 4081 1337 4134 lex
1385 4080 1656 4149 postulat,
1707 4081 1948 4152 conjugii

378 4169 837 4224 consuetudinem
870 4170 1139 4224 habentes
1174 4171 1339 4239 impie
1380 4171 1585 4226 vivant.
1618 4169 1722 4237 Qui
1754 4188 1887 4226 vero
1919 4186 1947 4226 a

383 4257 588 4311 talibus
618 4259 799 4313 rebus
840 4260 949 4313 sint
996 4259 1185 4321 alieni,
1232 4258 1408 4314 libere
1435 4275 1560 4315 cum
1594 4262 1678 4316 eis
1705 4276 1953 4316 commu-

379 4348 590 4402 nicare.
642 4349 711 4403 At
763 4350 889 4404 ideo
936 4350 1058 4403 illos
1098 4363 1201 4404 suo
1243 4351 1481 4420 quodam
1520 4367 1675 4407 more
1725 4355 1791 4409 ab
1830 4354 1953 4408 aliis

379 4447 665 4512 separatos
696 4442 887 4495 vivere
918 4452 1157 4506 constat,
1184 4445 1333 4512 quod
1368 4442 1684 4511 dogmatum
1727 4459 1952 4499 suorum

381 4532 663 4586 occultent
690 4533 1089 4601 blasphemiam
1126 4543 1183 4588 et
1204 4536 1585 4605 impietatem.
1621 4536 1796 4592 Porro
1827 4534 1955 4592 ﬁcta

389 4624 507 4677 haec
531 4632 588 4677 et
621 4625 939 4680 assimulata
975 4626 1240 4681 sanctitas
1286 4627 1615 4697 arrogantiae
1642 4635 1727 4682 est
1767 4629 1952 4698 plena,

388 4730 512 4783 qua:
554 4719 765 4774 scilicet
812 4733 843 4773 a
877 4719 1128 4774 doctrina
1163 4718 1565 4775 Pharisaeorum
1612 4720 1951 4791 provenerit.

393 4806 524 4861 nam
549 4820 606 4864 et
633 4811 711 4865 illi
738 4812 1049 4866 animarum
1077 4812 1241 4867 simul
1272 4821 1328 4867 et
1353 4826 1643 4882 corporum
1676 4813 1954 4869 medicum

2035 2343 2306 2415 Εὑχήτας,
2336 2346 2442 2402 hoc
2473 2356 2554 2401 εει
2576 2356 2900 2416 precatores,
2940 2348 3042 2402 hos
3068 2348 3478 2415 cognominant,
3506 2349 3601 2418 qui

2032 2450 2153 2489 eam
2213 2451 2405 2491 vocem
2464 2438 2517 2492 iu
2569 2437 2817 2494 Graecum
2874 2439 3208 2495 transtulere
3268 2454 3601 2495 sermonem.

2034 2519 2253 2579 Habent
2283 2534 2467 2580 autem
2498 2527 2643 2582 aliud
2684 2543 2904 2598 quoque
2936 2543 3263 2598 cognomen,
3292 2545 3357 2584 ex
3388 2545 3447 2584 re
3485 2529 3604 2598 ipsa

2034 2622 2223 2666 natum
2257 2632 2272 2668 :
2308 2616 2718 2673 Ἕνθουσιασταί
2740 2620 2910 2683 enim,
2931 2619 3036 2674 hoc
3063 2613 3150 2674 est
3170 2619 3407 2675 Numine
3435 2619 3604 2675 afllati

2035 2706 2419 2772 nominantur,
2472 2709 2719 2764 daemone
2769 2711 3027 2779 quopiam
3070 2711 3181 2765 vim
3231 2711 3285 2765 in
3328 2712 3412 2767 eis
3449 2727 3607 2766 suam

2038 2806 2365 2861 exercente,
2399 2815 2563 2868 quam
2613 2816 2728 2855 rem
2767 2799 3008 2870 Spiritus
3038 2803 3213 2857 sancti
3263 2794 3609 2872 praesentiam

2041 2907 2163 2946 esse
2190 2892 2507 2960 opinantur.
2534 2893 2637 2959 Qui
2666 2908 2798 2948 vero
2831 2895 2885 2948 in
2911 2894 3013 2949 hoc
3043 2893 3176 2947 vitio
3211 2893 3434 2963 perfecti
3459 2903 3610 2957 sunt,

2041 2998 2307 3036 manuum
2343 2999 2483 3052 opus
2513 2999 2675 3038 omne
2703 2993 2758 3037 ct
2781 2983 3022 3039 laborem
3050 2965 3476 3054 perinde‘atque
3508 2985 3612 3037 im-

2042 3083 2376 3163 probitatem
2417 3091 2762 3136 aversantur.
2799 3081 2989 3150 ltaque
3024 3096 3219 3135 somno
3246 3080 3441 3143 dediti,
3465 3094 3614 3134 som-

2044 3172 2261 3227 niorum
2314 3172 2554 3224 visiones
2583 3179 2638 3222 et
2663 3169 2980 3237 phantasias
3011 3166 3358 3236 pr0phetiam
3386 3172 3608 3219 vocant.

2045 3261 2209 3316 Istius
2241 3260 2464 3315 haeresis
2494 3260 2662 3313 duces
2706 3258 2861 3311 fuere
2902 3257 3140 3320 Dadoes,
3176 3256 3406 3318 Sabbas,
3449 3254 3615 3309 Adel-

2045 3354 2231 3426 phius,
2273 3354 2505 3407 Hermas
2555 3361 2612 3405 et
2642 3351 2964 3422 Symeones.
2998 3360 3163 3419 atque
3211 3358 3469 3417 prasterea
3496 3344 3614 3401 alii.

2046 3446 2147 3513 Qui
2176 3446 2397 3515 quidem
2441 3461 2500 3499 se
2550 3444 2616 3497 ab
2662 3441 3043 3498 ecclesiastica
3075 3438 3465 3494 communione
3507 3452 3616 3491 non

2046 3537 2451 3597 abstinuerunt,
2486 3533 2623 3588 nihil
2654 3548 2882 3602 prorsus
2905 3532 2990 3586 vel
3022 3531 3282 3601 prodesse
3309 3528 3392 3583 vel
3422 3527 3619 3582 obesse

2048 3630 2291 3684 divinam
2323 3642 2505 3681 escam
2536 3625 2808 3682 dicentes.
2836 3625 2914 3680 De
2942 3639 3048 3694 qua
3077 3623 3342 3678 Dominus
3365 3620 3622 3676 Christus

2050 3720 2232 3787 inquit
2261 3735 2274 3771 :
2309 3717 2410 3782 Qui
2442 3717 2729 3771 manduca!
2762 3732 2933 3769 meam
2968 3721 3269 3779 carnem,et
3299 3712 3423 3765 bibit
3449 3725 3621 3763 meum

2046 3811 2381 3880 sanguinem,
2411 3810 2620 3867 vivatis
2648 3818 2906 3865 internum
2935 3816 2975 3864 ⁸.
3005 3811 3464 3865 Morbum'autem
3495 3820 3622 3860 eum

2048 3902 2395 3973 supprimere
2420 3903 2610 3959 sedulo
2636 3912 2927 3967 conantur,
2953 3911 3011 3957 et
3032 3901 3286 3957 eumdem
3307 3899 3474 3954 etiam
3493 3913 3627 3953 con-

2050 3994 2181 4048 victi
2213 3993 2565 4063 impudenter
2601 3999 2904 4063 pernegant
2946 4008 2960 4044 :
2994 4001 3049 4050 et
3082 3991 3193 4047 illis
3223 3991 3316 4061 qui
3347 3991 3402 4045 in
3431 3989 3624 4045 eadem

2053 4096 2184 4140 sunt
2217 4085 2519 4154 opinione,
2560 4100 2725 4153 quam
2778 4084 2882 4154 ipsi
2908 4070 3109 4139 animo
3157 4083 3626 4153 complectuntur,

2052 4173 2296 4230 Ecclesia
2349 4174 2715 4229 interdicunt.
2769 4173 2994 4229 Letoius
3044 4189 3176 4228 sane
3220 4170 3626 4228 .‘ilelitinensem

2052 4269 2368 4335 gubernans
2397 4266 2723 4330 Eeclesiam,
2758 4268 2841 4319 vir
2872 4265 3063 4320 divino
3091 4265 3289 4319 ardore
3322 4272 3625 4333 spectatus,

2053 4373 2176 4413 cum
2219 4356 2389 4411 multa
2430 4356 2764 4410 monasteria
2797 4370 2893 4410 seu
2937 4354 3120 4424 potius
3151 4353 3470 4424 praedonum
3502 4368 3629 4423 spe-

2054 4450 2246 4505 luncas
2278 4450 2608 4518 cont‘agione
2641 4447 2819 4502 morbi
2858 4448 2979 4518 ejus
3013 4446 3217 4516 corripi
3247 4445 3500 4509 videret,
3535 4461 3629 4499 eas

2056 4539 2324 4601 incendit,
2363 4548 2421 4595 et
2452 4541 2613 4608 lupos
2646 4539 2716 4594 ab
2748 4538 2933 4593 ovium
2965 4554 3128 4608 grege
3157 4527 3397 4607 depulit.
3432 4536 3627 4590 itidem

2056 4640 2112 4686 et
2142 4629 2598 4701 praeclarissimus
2627 4630 2720 4685 ille
2746 4628 3189 4699 Amphilochius.
3221 4629 3313 4697 qui
3350 4638 3631 4696 metropo-

2056 4724 2154 4780 lim
2186 4722 2638 4794 Lycaoniaa‘fidei
2679 4728 2790 4777 suae
2822 4721 3090 4776 creditam
3128 4720 3288 4784 rexit,
3323 4730 3380 4775 et
3410 4730 3628 4791 gentem

2058 4815 2375 4869 universam
2424 4813 2774 4884 gubernavit,
2810 4812 2903 4866 ubi
2952 4819 3163 4883 pestem
3199 4812 3361 4867 talem
3403 4827 3470 4868 eo
3499 4828 3631 4884 per-

388 4913 759 4968 accnsarunt,
801 4905 869 4958 ad
913 4915 1136 4960 sanctos
1184 4905 1465 4975 apostolos
1503 4905 1756 4960 dicentes
1791 4922 1806 4960 :
1847 4905 1957 4961 Cur
1990 4906 2279 4988 Dvenisse
2327 4905 2603 4976 cognovit,
2652 4919 2771 4958 eam
2824 4905 2990 4974 ejecit
3035 4920 3050 4957 :
3096 4911 3154 4959 et
3201 4920 3397 4973 greges
3436 4903 3531 4968 qui
3562 4904 3632 4960 ab

382 5009 506 5046 cum
531 4989 826 5075 publicanis
855 5006 904 5049 et
939 4998 1305 5066 peccatoribus
1329 4996 1505 5075 cibum}
1518 4998 1677 5051 sumit
1702 4998 1958 5067 magister

383 5097 556 5140 uester
581 5086 644 5138 ’⁸1
693 5066 758 5141 Et
788 5103 884 5157 per
919 5090 1242 5158 prophetam
1286 5089 1355 5143 de
1390 5066 1589 5143 talibus
1635 5089 1956 5167 hominibus

386 5180 525 5232 dicit
549 5180 691 5234 Deus
722 5182 865 5246 τρυε
891 5182 1092 5248 dicunt,
1133 5181 1310 5236 Purus
1340 5197 1477 5243 sum.
1507 5197 1671 5236 neme
1696 5184 1955 5253 attigeris,

385 5273 491 5326 iste
535 5272 710 5338 fumus
749 5273 948 5341 furoris
991 5275 1097 5349 mei
1141 5283 1218 5326 est
1274 5273 1314 5328 '.
1358 5272 1616 5328 Sedenim
1661 5277 1956 5331 amentiam

387 5361 621 5416 istorum
654 5363 904 5418 refellere
960 5364 1227 5433 temporis
1257 5364 1416 5419 istius
1443 5380 1555 5419 non
1587 5374 1691 5420 est.
1721 5363 1959 5420 Proinde

387 5454 463 5509 ad
508 5455 719 5525 reliqua
752 5457 1230 5511 commemoranda
1266 5455 1712 5527 progrediamur.
1753 5455 1957 5511 Eodem

471 5572 485 5597 '
514 5568 707 5624 Matth.
732 5586 806 5639 ix,
839 5571 924 5624 Η.
972 5571 1024 5607 -¹
1063 5570 1166 5626 lsa.
1196 5588 1290 5638 LII,
1331 5573 1417 5628 ll.
1496 5573 1517 5606 ³
1540 5572 1696 5628 Joan.
1727 5588 1802 5641 vr,
1834 5570 1922 5627 55.

2061 5012 2130 5052 eo
2154 4996 2543 5067 pascebantur,
2577 4994 2731 5049 clade
2763 5011 2825 5050 ea
2876 4994 3152 5050 liberavit.
3196 4995 3368 5050 Porro
3411 5003 3469 5050 et
3510 4996 3631 5050 Fla-

2062 5089 2281 5153 vianus,
2311 5087 2517 5142 celebri
2551 5087 2692 5141 fama
2723 5087 2827 5151 vir,
2864 5096 3153 5157 postquam
3185 5087 3494 5143 Antiochiae
3516 5090 3633 5158 epi-

2065 5196 2265 5251 scopus
2306 5191 2391 5235 est
2440 5180 2637 5246 factus,
2689 5190 2744 5234 et
2793 5181 2845 5235 id
2897 5197 3072 5251 genus
3123 5182 3375 5237 homines
3423 5184 3638 5238 Edessa:

2065 5271 2276 5333 versari
2308 5270 2587 5340 cognovit.
2635 5286 2846 5326 veneno
2875 5287 2976 5327 suo
3010 5271 3277 5327 ﬁnitimos
3304 5271 3634 5335 inficientes,

2067 5363 2466 5416 monachorum
2527 5361 2818 5418 sodalitate
2875 5365 3108 5434 quadam
3171 5363 3238 5418 ad
3293 5378 3391 5417 eos
3449 5365 3636 5426 missa,

2067 5456 2418 5511 Antiochiam
2468 5470 2564 5510 eos
2613 5457 2900 5526 pertraxit,
2945 5467 3002 5509 et
3047 5455 3431 5526 aegritudinem
3481 5469 3636 5507 suam

462 5721 539 5789 (ι)
571 5719 1018 5777 Massalianorum
1074 5722 1329 5786 istorum,
1401 5720 1581 5789 quiet
1613 5718 1857 5774 Euchita:
1901 5718 2016 5773 sive
2055 5715 2428 5772 Enthusiastae
2481 5714 2765 5781 dicuntur,
2822 5716 3030 5771 mentio
3081 5715 3159 5780 fit,
3212 5712 3249 5767 l.
3308 5710 3535 5773 Ariani,
3586 5721 3645 5764 ut

386 5804 552 5856 supra
