4056 6432
542 328 647 393 615

1769 315 2194 378 NlCEPﬂORl
2235 315 2580 376 CALLlSTl
2821 358 2827 367 .
3490 316 3495 321 ’
3680 305 3771 369 616

542 449 911 516 pernegantes
953 438 1021 494 ad
1067 437 1216 492 hunc
1250 433 1471 489 modum
1511 433 1565 487 in
1603 431 1837 486 crimine
1872 429 1994 499 ipso
2028 428 2123 483 de-
2147 435 2197 492 Α
2225 442 2402 483 noxas
2453 426 2760 516 remittere.
2808 420 3092 494 Ejusmodi
3140 420 3355 516 litteras
3402 419 3458 473 in
3502 417 3775 516 provinciis

547 532 864 606 prehendit.
930 532 1300 585 Accusatores
1360 524 1509 579 enim
1574 536 1771 577 eorum
1832 520 1972 575 falsa
2027 534 2125 590 per

545 626 875 681 calumniam
918 622 1159 684 deferre,
1206 627 1264 673 et
1317 625 1487 671 testes
1540 613 1824 668 mendacia
1875 610 2125 680 proferre

546 719 707 773 dixit.
769 713 1100 783 Adelphium
1165 719 1349 765 autem
1419 706 1716 762 admodum
1768 705 1879 775 jam
1937 717 2123 757 senem

546 806 741 862 blande
788 803 1147 873 cempellans,
1194 799 1439 854 assidere
1485 796 1589 851 sibi
1635 794 1803 865 jussit
1844 793 1957 848 :Et
1999 807 2125 855 nos,

543 896 745 966 inquit,
788 911 820 949 0
866 909 1056 955 senex,
1094 892 1187 960 qui
1232 892 1343 961 jam
1387 888 1554 941 vitam
1605 900 1778 955 prepe
1821 886 2123 952 exegimus,

546 988 757 1043 certius
789 1001 912 1040 cum
947 984 1246 1037 humanam
1284 990 1540 1033 naturam
1573 974 1976 1044 perspeximus,
2010 980 2123 1024 tum

544 1078 993 1134 adversariorum
1031 1052 1346 1128 daemonum
1383 1067 1749 1138 cognovimus
1781 1064 2122 1127 molitiones,

543 1172 727 1239 reipsa
766 1182 987 1236 quoque
1034 1164 1223 1235 gratiae
1257 1158 1829 1217 subministrationem
1879 1154 2125 1226 perdidi-

545 1266 748 1316 cimus.
779 1261 1022 1315 Iuvenes
1054 1272 1239 1312 autem
1288 1255 1404 1317 isti,
1446 1252 1539 1324 qui
1576 1252 1772 1305 harum
1814 1264 1998 1302 rerum
2037 1263 2128 1303 ac-

543 1354 796 1408 curatius
848 1351 988 1406 nihil
1050 1349 1409 1418 intelligunt,
1465 1359 1750 1401 sermones
1805 1344 2124 1415 spirituales

544 1446 740 1500 audire
801 1459 910 1497 non
968 1441 1269 1496 sustinent.
1326 1439 1676 1508 Quapropter
1734 1437 1868 1490 mihi
1924 1435 2123 1499 dicite,

545 1536 826 1607 quomodo
852 1549 951 1589 vos
978 1532 1281 1603 perhibetis
1303 1548 1428 1587 cum
1458 1531 1716 1600 spiritum
1744 1529 2122 1584 adversarium

480 1682 489 1689 ,
548 1628 785 1689 cedere,
844 1635 958 1679 tum
1018 1623 1256 1694 Spiritus
1311 1624 1486 1677 sancti
1541 1622 1776 1692 gratiam
1817 1620 2127 1676 advenire?

556 1718 746 1775 Verbis
803 1718 956 1772 hisce
1013 1731 1183 1772 senex
1239 1715 1567 1779 demulsus,
1628 1730 1902 1770 venenum
1958 1730 2123 1770 omne

2228 517 2488 588 degentes
2536 513 2792 570 homines
2856 530 2983 569 cum
3048 512 3414 582 accepiSseut,
3468 509 3774 564 sententiam

2227 624 2418 664 earum
2444 619 2500 663 et
2520 608 2790 678 judicium
2827 608 2892 662 ad
2926 621 3109 661 mores
3133 620 3262 660 suos
3286 601 3772 658 accommodabant.

2231 699 2299 756 Ut
2335 700 2483 754 enim
2540 699 2631 754 ille
2683 697 3035 768 significavit,
3093 710 3204 750 non
3258 694 3622 747 admittendos
3668 707 3776 745 esse

2229 789 2295 843 ad
2360 789 2643 860 mysteria,
2695 788 2791 856 qui
2851 798 2973 856 post
3023 785 3355 853 baptismum
3407 788 3682 851 peccatum
3728 780 3776 831 in

2228 884 2459 929 mortem
2492 876 2893 929 admisissent:
2935 874 3057 928 aliis
3085 872 3306 943 quidem
3360 871 3557 925 acerba
3599 880 3652 922 et
3689 869 3779 921 im-

2230 968 2407 1023 manis
2437 968 2665 1022 canonis
2700 966 3019 1038 hujusmodi
3050 966 3162 1020 visa
3222 974 3308 1019 cst
3336 978 3457 1017 esse
3500 962 3779 1023 sententia,

2228 1058 2321 1111 alii
2371 1068 2590 1126 autem,
2649 1059 2795 1129 quod
2844 1060 3054 1129 justum
3104 1067 3162 1112 et
3201 1056 3269 1111 ad
3302 1056 3470 1111 vitam
3504 1065 3781 1121 moresque

2228 1148 2589 1219 corrigendos
2649 1147 3125 1206 accomuiodatum
3175 1161 3299 1202 esse
3355 1150 3647 1199 censerent
3692 1140 3781 1193 de-

2228 1251 2467 1309 cretum,
2510 1257 2805 1312 suscepere
2835 1242 2935 1314 (‘2).
2986 1242 3060 1296 De
3107 1254 3218 1310 quo
3260 1253 3385 1294 cum
3416 1251 3518 1306 per
3543 1233 3785 1305 quaestio-

2228 1348 2355 1388 nem
2399 1332 2800 1404 ambigeretur,
2849 1333 2971 1387 alia:
3019 1330 3263 1387 Cornelii
3310 1327 3554 1397 episcopi
3604 1341 3783 1394 super-

2227 1437 2432 1480 venere
2461 1425 2684 1490 litteraz,
2733 1425 2969 1496 gratiam
3012 1423 3201 1480 delicti
3246 1422 3413 1477 etiam
3450 1419 3561 1474 illis
3586 1432 3784 1473 annun-

2232 1518 2454 1580 tiantes,
2486 1518 2581 1588 qui
2615 1529 2739 1588 post
2774 1518 3111 1590 baptismum
3141 1525 3487 1588 peccassent.
3535 1512 3613 1568 Ad
3651 1512 3785 1566 hunc

2228 1609 2460 1663 modum
2490 1625 2613 1664 cum
2650 1612 2876 1681 utrique
2907 1611 3186 1665 contraria
3215 1610 3358 1664 inter
3385 1622 3444 1662 se
3473 1622 3571 1676 per
3595 1604 3787 1673 episto-

2228 1700 2310 1755 las
2344 1701 2675 1765 scriberent,
2705 1712 2762 1757 et
2807 1718 2930 1771 quas
2976 1701 3240 1756 dicebant
3285 1699 3598 1753 divinarum
3627 1696 3785 1750 Litte-

547 1824 908 1879 suppressum
963 1807 1254 1873 evomuit,
1325 1816 1383 1864 et
1438 1808 1650 1862 nullam
1710 1807 2000 1862 utilitatem
2053 1823 2120 1863 ex

2229 1807 2415 1847 rarum
2450 1794 2692 1848 oraculis
2720 1793 3106 1859 obfirmarent,
3135 1807 3236 1862 pro
3275 1789 3527 1845 moribus
3565 1788 3783 1857 quisque

546 1902 710 1973 129
741 1901 931 1955 divino
985 1900 1261 1969 baptismo
1299 1900 1366 1955 ad
1416 1916 1512 1955 eos
1558 1900 1652 1969 qui
1688 1915 1757 1955 eo
1807 1908 2120 1965 uterentur,

546 1990 835 2059 pervenire
868 1990 1029 2044 dixit.
1065 1988 1248 2045 Solam
1282 1999 1466 2045 autem
1514 1990 1823 2044 orationem
1869 1989 2122 2045 sedulam

542 2081 847 2135 daemonem
898 2080 955 2134 in
999 2080 1202 2139 animis
1252 2079 1601 2135 habitantem
1652 2079 1877 2151 ejicere.
1910 2078 2125 2134 Unum-

541 2186 818 2242 quemque
868 2172 1015 2226 enim
1072 2171 1170 2241 qui
1228 2182 1489 2225 nascatur
1541 2171 1821 2225 hominem
1881 2186 1910 2224 a
1945 2170 2125 2241 primo

541 2271 794 2330 parente,
854 2246 1023 2316 sicuti
1078 2268 1358 2325 naturam,
1399 2260 1476 2314 ita
1533 2259 1849 2315 dtemonum
1900 2275 2125 2330 quoque

544 2350 871 2404 servitutem
949 2350 1193 2404 trahere.
1277 2349 1490 2415 Quibus
1545 2349 1868 2420 precatione
1934 2351 2125 2405 sedula

543 2439 792 2503 exactis,
851 2439 1118 2511 deinceps
1171 2438 1442 2510 Spiritum
1508 2449 1762 2495 sanctum
1824 2440 2123 2504 advenire,

545 2528 900 2598 praesentiam
935 2543 1115 2595 suam,
1146 2531 1221 2584 ita
1249 2539 1308 2584 ut
1335 2530 1608 2584 sentiatur
1637 2540 1689 2584 et
1722 2532 2123 2599 conspiciatur,

545 2619 906 2687 indicantem,
974 2636 1291 2690 corpusque
1331 2621 1402 2675 ab
1446 2621 1802 2675 allectionum
1853 2638 1949 2677 seu
2001 2640 2127 2692 per-

542 2712 866 2780 pessionum
902 2719 1052 2766 metu
1092 2712 1446 2778 liberantem,
1483 2724 1539 2767 et
1569 2714 1807 2767 animam
1854 2716 1922 2769 ab
1962 2715 2123 2769 incli-

543 2804 768 2858 natione
808 2818 873 2859 ea
908 2820 1031 2873 quae
1074 2805 1131 2859 in
1171 2805 1420 2860 deterius
1455 2805 1584 2873 fert,
1620 2807 1693 2860 ita
1724 2807 2121 2876 vindicantem,

542 2906 604 2948 ut
636 2905 831 2964 postea
860 2910 1041 2965 neque
1073 2897 1415 2952 abstinentia
1455 2907 1511 2952 et
1553 2899 1765 2969 jejunio
1798 2915 2003 2970 corpus
2029 2916 2123 2981 ca-
2168 2968 2171 2971 _

541 2984 802 3055 stigante,
835 3003 1019 3057 neque
1052 2988 1309 3043 doctrina
1342 3005 1465 3058 quas
1487 2989 1677 3046 frenos
1698 2991 1862 3047 nobis
1885 2994 2120 3066 injiciat,

2226 1885 2345 1941 suis
2377 1901 2500 1941 eam
2532 1886 2928 1955 comprobabat
2958 1885 3311 1948 sententiam,
3349 1883 3417 1938 ad
3444 1886 3609 1953 quam
3639 1890 3785 1947 antea

2225 1980 2390 2033 etiam
2428 1978 2725 2033 inclinatus
2749 1979 2919 2049 magis
2948 1978 3153 2032 fuerat.
3175 1977 3281 2043 Qui
3303 1976 3452 2031 enim
3477 1975 3784 2044 delinquere

2226 2080 2283 2126 et
2317 2085 2549 2143 peccare
2575 2071 2816 2126 libenter
2848 2070 2993 2125 soliti
3024 2082 3208 2134 erant,
3254 2069 3596 2141 ejuscemodi
3626 2068 3783 2121 venia:

2226 2158 2588 2218 concessione
2646 2170 2762 2216 tum
2816 2172 3062 2232 accepta,
3123 2177 3225 2234 per
3280 2164 3556 2233 reliquum
3603 2161 3784 2217 deinde

2226 2255 2355 2309 vitae
2405 2263 2624 2324 tempus
2675 2270 2739 2308 ea
2796 2254 2851 2308 in
2902 2254 3121 2309 delictis
3171 2254 3433 2309 onmibus
3486 2254 3782 2309 utebantur.

2226 2345 2375 2402 Gens
2424 2362 2590 2417 porro
2652 2347 2929 2418 Phrygum
2973 2347 3192 2417 populis
3234 2347 3359 2402 aliis
3406 2347 3783 2417 temperantior

2229 2439 2680 2510 moderatiorque
2704 2455 2828 2496 esse
2854 2441 3093 2495 videtur.
3126 2440 3360 2496 Perraro
3387 2444 3535 2495 enim
3563 2439 3784 2510 Phryges

2224 2534 2435 2604 jorant.
2491 2533 2560 2589 Et
2607 2533 2892 2587 iracundia
2939 2532 3164 2603 quidem
3234 2534 3381 2603 apud
3453 2532 3678 2605 Scythas
3732 2541 3782 2585 et

2230 2621 2477 2676 Thraces
2536 2622 2853 2677 dominatur
2896 2641 2911 2678 :
2963 2623 3180 2677 libidini
3232 2632 3290 2678 et
3342 2621 3784 2693 concupiscentia:

2229 2714 2543 2769 Orientales
2566 2715 2759 2786 pepuli
2801 2715 2975 2787 magis
3004 2717 3313 2772 inserviunt
3345 2733 3361 2771 :
3394 2718 3781 2788 Paphlagonum

2229 2814 2415 2859 autem
2448 2814 2505 2861 et
2534 2806 2813 2887 Phrygum
2847 2823 2983 2879 gens
3022 2808 3091 2863 ad
3123 2819 3387 2864 neutrum
3433 2825 3613 2865 rerum
3664 2812 3781 2864 ista-

2232 2915 2355 2953 rum
2406 2916 2680 2970 propensa
2740 2911 2845 2958 est.
2907 2901 3297 2974 Neque‘enim
3350 2903 3470 2959 ludi
3520 2904 3784 2960 Circenses

2229 3007 2409 3061 neque
2467 2993 2781 3063 spectacula
2843 3009 2995 3049 nunc
3071 2999 3215 3066 apud
3289 2988 3391 3052 eos
3449 2997 3782 3053 exhibentur.

539 3086 596 3131 et
648 3079 953 3148 composite
993 3081 1280 3135 ambulare
1333 3082 1549 3147 doceat,
1589 3084 1661 3138 sit
1712 3098 1872 3154 Opus.
1932 3085 1997 3139 Et
2030 3087 2118 3141 cui
2152 3113 2194 3171 ο
2230 3087 2582 3158 Quapropter
2614 3088 2692 3143 illi
2723 3099 2889 3160 atque
2922 3089 3058 3144 item
3106 3090 3201 3145 alii
3238 3091 3489 3157 ejusdem
3523 3090 3782 3150 sententiis

540 3178 621 3222 ita
659 3168 901 3239 Spiritus
950 3181 1180 3226 sanctus
1229 3172 1549 3240 obveniret,
1595 3190 1722 3230 eum
1774 3191 1884 3230 non
1944 3179 2122 3233 solum

540 3275 570 3313 a
630 3262 884 3328 corporis
945 3262 1361 3319 titillationibus
1397 3264 1665 3328 liberari,
1725 3283 1919 3323 verum
1954 3271 2122 3324 etiam

540 3347 689 3402 clare
750 3351 938 3404 futura
996 3354 1324 3421 praevidere,
1388 3364 1444 3409 et
1489 3357 1818 3412 Trinitatem
1881 3360 2121 3415 divinam

542 3439 724 3494 oculis
770 3442 885 3495 suis
934 3458 1184 3498 cernere.
1246 3444 1360 3499 Hoc
1404 3457 1566 3515 pacto
1615 3449 1781 3504 divus
1826 3450 2125 3507 Flavianus

544 3529 745 3597 putido
785 3532 991 3588 eﬂosso
1024 3536 1201 3601 fonte,
1234 3548 1290 3592 et
1339 3539 1510 3607 impio
1560 3542 1771 3596 nudato
1820 3543 2005 3609 latice,
2055 3546 2123 3599 ad

541 3623 824 3678 infelicem
860 3624 1017 3679 illum
1061 3642 1252 3682 senem
1289 3629 1470 3699 inquit
1507 3646 1521 3684 :
1554 3631 1865 3689 Inveterate
1907 3636 2121 3693 dierum

541 3715 837 3780 malorum,
867 3718 1153 3787 redarguit
1182 3727 1234 3772 te
1263 3735 1325 3773 os
1359 3730 1538 3788 tuum,
1569 3738 1675 3777 non
1709 3738 1810 3795 ego
1842 3741 1857 3778 :
1892 3736 1947 3781 et
1974 3728 2124 3783 labia

541 3817 635 3861 tua
678 3809 1055 3864 testimonium
1091 3812 1501 3880 perhibuerunt
1525 3823 1720 3870 contra
1752 3827 1825 3871 te.
1865 3818 1931 3872 Et
1965 3830 2122 3889 peste

542 3899 632 3953 illa
668 3899 724 3953 in
754 3914 1007 3970 apertum
1045 3905 1283 3971 prolata,
1315 3900 1475 3974 Syria
1508 3916 1639 3960 sunt
1660 3909 1860 3976 exacti,
1886 3921 1941 3964 et
1965 3911 2124 3965 Pam-

540 3990 781 4060 phyliam
814 3993 1267 4063 commigrantes,
1298 4011 1419 4049 eam
1458 4012 1680 4068 quoque
1721 4001 1876 4055 clade
1920 4003 2121 4074 imple-

538 4093 764 4137 verunt.
814 4086 999 4155 Atque
1056 4088 1172 4142 haec
1223 4088 1450 4157 quidem
1501 4089 1569 4145 de
1610 4093 1865 4147 absurdis
1915 4094 2037 4150 istis
2065 4105 2122 4148 et

541 4176 744 4243 ineptis
802 4176 1111 4233 liaaresibus
1176 4180 1290 4234 sint
1352 4182 1522 4236 dicta.
1608 4183 1818 4237 Eodem
1874 4193 2121 4255 tempore

536 4263 833 4319 Novatiani
859 4268 936 4338 (1)
966 4285 1194 4340 quoque
1216 4272 1508 4343 Phrygiam
1540 4274 1867 4340 incolentes,
1898 4276 2121 4333 Pascha:

540 4358 685 4412 diem
722 4358 925 4414 festum
974 4374 1285 4420 mutavere.
1340 4364 1400 4419 Id
1460 4381 1624 4434 porro
1674 4382 1968 4436 exponam,
2024 4370 2118 4423 ubi

2231 3180 2366 3233 mihi
2396 3182 2571 3252 magis
2600 3182 2871 3237 inclinare
2901 3182 3161 3238 videntur
3190 3184 3259 3239 ad
3293 3201 3359 3238 ea
3389 3203 3513 3257 qua:
3543 3203 3572 3241 a
3597 3187 3783 3243 Novato

2228 3274 2546 3341 praescripta
2599 3283 2748 3328 sunt.
2800 3274 3148 3345 Praecipuum
3186 3293 3434 3348 namque
3488 3279 3632 3349 apud
3677 3279 3782 3332 illos

2229 3375 2488 3434 tauquam
2522 3366 2796 3435 piaculum
2847 3376 2905 3423 et
2957 3368 3300 3424 abominatio
3349 3380 3441 3426 est
3487 3370 3779 3425 fornicatio.
3828 3394 3831 3399 ν

2227 3452 2296 3530 _Et
2323 3471 2456 3511 sane
2488 3457 2732 3529 Phryges
2772 3467 2829 3513 et
2862 3459 3243 3530 Paphlagones
3291 3462 3580 3517 moderate
3610 3460 3779 3529 magis,

2226 3524 2393 3619 quam
2422 3551 2558 3605 alias
2598 3566 2961 3621 quascunque
2990 3553 3250 3619 haereses,
3285 3553 3483 3610 vivere
3524 3554 3781 3609 videmus.

2233 3641 2499 3697 Eamdem
2552 3656 2776 3698 causam
2825 3658 2950 3697 esse
3000 3644 3200 3714 opinor
3254 3644 3337 3699 eis
3388 3649 3553 3702 etiam
3602 3645 3690 3715 qui
3734 3643 3779 3695 in

2227 3735 2672 3790 occidentalibus
2732 3737 2988 3806 partibus
3040 3737 3312 3803 habitant,
3363 3750 3429 3795 et
3468 3740 3656 3795 Novati
3705 3737 3785 3789 de-

2227 3838 2382 3882 creto
2445 3840 2666 3897 parent.
2741 3828 2917 3884 Porro
2970 3829 3218 3885 Novatus
3279 3831 3502 3887 etiamsi
3580 3837 3783 3902 propter

2225 3920 2474 3975 exactius
2521 3920 2647 3975 vitae
2702 3937 2878 3991 genus
2914 3936 3070 3977 suam
3123 3923 3229 3978 sibi
3278 3935 3486 3980 sectam
3542 3920 3777 3982 instituit,

2226 4026 2337 4065 non
2365 4009 2455 4064 ille
2486 4020 2666 4064 tamen
2696 4012 3001 4082 quidquam
3040 4012 3110 4068 de
3140 4012 3369 4070 Pascha:
3399 4015 3538 4071 festo
3570 4016 3656 4069 die
3679 4026 3783 4066 mu-

2229 4106 2385 4161 tavit.
2418 4104 2649 4174 Semper
2676 4120 2943 4176 namque,
2992 4106 3156 4161 sicuti
3196 4105 3583 4164 Occidentales
3616 4113 3780 4178 partes

2226 4196 2411 4251 facere
2471 4200 2645 4253 solita:
2701 4209 2883 4265 erant,
2942 4207 3000 4253 ct
3055 4201 3172 4270 ipse
3218 4199 3432 4258 Pascha
3483 4199 3777 4259 celebravit.

2222 4286 2433 4341 Pascha
2485 4298 2670 4342 autem
2729 4291 2838 4344 illa:
2883 4305 3103 4361 semper
3164 4303 3336 4363 agunt
3385 4296 3499 4367 jam
3555 4295 3677 4348 inde
3719 4289 3779 4343 ab

2228 4378 2412 4443 initio,
2447 4393 2516 4433 ex
2564 4394 2675 4449 quo
2723 4381 3023 4438 Christiani
3074 4396 3205 4440 sunt
3259 4387 3413 4454 facti,
3464 4399 3588 4459 post
3626 4385 3778 4455 aequi-

539 4452 782 4551 primum
802 4454 1037 4551 ldiitero,
1067 4457 1429 4551 quamobrem
1463 4457 1706 4529 Phryges
1734 4470 1790 4514 et
1822 4461 2122 4532 Paphlago-
2153 4448 2199 4502 Ῑ)
2228 4472 2496 4526 noctium.
2531 4448 2631 4527 llic
2662 4477 3015 4544 postmodum
3071 4479 3176 4533 sub
3207 4448 3494 4535 Valeriano
3531 4448 3778 4551 principe,

541 4557 642 4596 nes
692 4544 950 4599 Ecclesi'e
989 4561 1182 4600 eorum
1229 4555 1338 4601 tam
1395 4550 1629 4603 tirmiter
1677 4551 1955 4607 retineant
2013 4554 2119 4607 hu-

532 4632 773 4700 jusmodi
819 4634 1154 4691 sanctiones.
1205 4637 1451 4692 Novatus
1486 4642 1780 4711 presbyter
1823 4654 2119 4711 propterea

537 4724 607 4776 ab
667 4726 901 4780 ecclesia
953 4728 1202 4782 Romana
1259 4729 1553 4798 discessit,
1615 4734 1761 4803 quod
1829 4733 2118 4791 Cornelius

536 4816 833 4885 episcopus
867 4832 966 4872 eos
993 4820 1058 4873 ad
1089 4824 1533 4878 communionem
1568 4826 1892 4889 admiserat,
1936 4828 2029 4895 qui
2057 4829 2114 4880 in

539 4908 924 4975 persecutione
973 4910 1042 4963 ab
1090 4912 1429 4980 imperatore
1478 4916 1646 4970 Decio
1699 4917 1959 4983 excitata,
2013 4919 2121 4975 diis

538 4995 1011 5051 sacrificaverant.
1044 5000 1194 5055 Hanc
1222 5004 1391 5070 ipsam
1421 5004 1492 5057 ob
1518 5019 1743 5058 causam
1773 5017 2118 5077 segregatus.

539 5095 645 5140 cta
676 5090 1160 5149 consentientibus
1187 5095 1293 5148 Sibi
1325 5097 1602 5165 episcopis
1635 5097 1701 5150 ad
1735 5099 2119 5167 episc0patum

540 5190 792 5246 evectus,
833 5184 1094 5239 omnibus
1129 5170 1339 5257 ubique
1370 5188 1634 5244 Ecclesiis
1664 5191 1911 5261 scripsit,
1951 5209 2020 5248 ne
2055 5195 2122 5249 ad

539 5274 797 5343 mysteria
854 5277 1211 5346 percipienda
1261 5294 1358 5333 eos
1399 5279 1492 5347 qui
1552 5282 1964 5338 sacrilicasseut
2018 5287 2119 5339 ad-

541 5364 827 5422 mitterent
862 5386 875 5422 :
906 5371 1001 5423 sed
1038 5371 1186 5440 ipsos
1220 5372 1446 5441 quidem
1482 5373 1547 5427 ad
1584 5376 1967 5442 paenitentiam
2018 5392 2116 5432 co-

538 5456 917 5525 hortarentur,
951 5463 1067 5518 Deo
1094 5475 1277 5519 autem
1318 5466 1494 5519 veniae
1529 5471 1942 5524 concessionem
1984 5485 2115 5539 pcr-

538 5548 843 5616 tnitterent,
874 5553 967 5621 qui
1006 5554 1158 5609 solus
1198 5555 1516 5611 facultatem
1551 5558 1781 5615 haberet
1833 5571 1891 5614 et
1926 5570 2116 5630 posset

612 5692 687 5768 (ἦ)
718 5694 871 5768 Socr.
902 5694 999 5749 lib.
1024 5711 1106 5768 iv,
1143 5712 1263 5768 cap.
1294 5688 1384 5752 28.

2226 4562 2323 4630 qui
2367 4565 2814 4631 persecutionem
2868 4570 3135 4623 adversus
3160 4567 3516 4625 Christianos
3559 4567 3779 4622 concita-

2222 4661 2403 4717 verat,
2431 4656 2697 4724 martyrio
2725 4656 2892 4711 vitam
2919 4656 3083 4714 ﬁniit.
3114 4660 3217 4724 Qui
3253 4675 3382 4715 vero
3417 4661 3537 4730 ejus
3575 4656 3777 4713 nomine

2224 4747 2280 4799 in
2310 4745 2548 4817 Phrygia
2580 4759 2900 4817 censentur,
2927 4751 2998 4805 ab
3026 4751 3299 4808 institutis
3327 4763 3387 4808 et
3414 4750 3778 4809 communione

2222 4840 2343 4909 ejus
2372 4856 2497 4895 cum
2529 4842 2634 4897 sibi
2667 4844 2804 4911 ipsis
2829 4843 3180 4914 indulgentes
3204 4846 3646 4916 degenerasseut,
3687 4842 3777 4893 hoc

2224 4938 2470 5001 tempore
2497 4935 2753 5001 paschale
2787 4950 3013 5005 quoque
3058 4937 3259 4993 festum
3309 4946 3610 4992 mutarunt.
3649 4933 3775 4988 Coo-

2221 5020 2351 5075 cilio
2404 5021 2551 5089 enim
2610 5024 2665 5077 in
2718 5025 2859 5078 Pazo
2920 5026 3072 5092 vico,
3140 5027 3236 5081 ubi
3302 5026 3559 5097 Sangaris
3609 5019 3770 5079 aumis

2226 5111 2388 5183 130
2426 5112 2605 5169 fontes
2635 5126 2789 5179 sunt,
2820 5126 3037 5180 coacto,
3064 5119 3223 5187 pauci
3247 5119 3471 5188 quidam
3496 5105 3553 5172 et
3573 5106 3772 5169 obscuri

2225 5219 2324 5272 per
2352 5205 2643 5278 Phrygiam
2692 5206 3130 5263 Novatianorum
3185 5212 3430 5279 episcopi
3460 5210 3771 5264 statuerunt,

2223 5300 2540 5356 Judacorum
2586 5318 2776 5375 azyma
2830 5297 3179 5362 observanda
3212 5318 3269 5361 et
3316 5324 3439 5362 cum
3470 5311 3550 5361 eis
3583 5299 3772 5357 Pascha

2223 5394 2621 5450 celebrandum
2672 5412 2817 5452 esse.
2858 5396 2984 5453 Haec
3026 5398 3134 5454 sibi
3184 5401 3495 5454 renuntiata
3541 5407 3656 5449 esse
3685 5388 3775 5442 50°

2224 5498 2404 5543 crates
2430 5488 2546 5560 (qui
2580 5490 2684 5544 hoc
2709 5490 2835 5545 loco
2866 5507 2977 5545 non
3008 5493 3311 5548 abhorrere
3362 5506 3420 5546 se
3467 5505 3494 5544 a
3534 5480 3772 5541 Novatia-

2222 5596 2427 5636 norum
2458 5581 2729 5637 institutis
2755 5584 2934 5653 palam
2961 5600 3072 5654 prae
3103 5600 3161 5639 sc
3194 5584 3321 5653 fert)
3354 5598 3383 5635 a
3409 5594 3537 5636 sene
3558 5572 3771 5647 quodam

610 5763 690 5831 (ἢ)
723 5764 848 5818 ιιωυ
895 5780 963 5819 ex
1016 5764 1174 5823 Sucr.
1210 5763 1496 5837 excerpta,
1546 5786 1708 5837 quem
1762 5772 2076 5827 Novatianae
2116 5769 2343 5827 haeresis
2375 5776 2706 5824 sectatorem
2742 5765 3090 5835 Nirephorus
3121 5781 3244 5822 esse
3275 5763 3501 5822 censuit.
