4056 6430
349 317 452 386 617

1281 315 1883 387 ECCLESIAS'I‘ICE
1919 324 2308 386 HISTORIA?
2349 324 2500 389 LIB.
2539 323 2644 388 XI.

3505 320 3608 383 6l8

351 421 547 492 scribit
578 423 675 506 (1),
703 435 799 506 qui
840 445 900 490 se
957 428 1262 506 presbyteri
1314 414 1500 490 filium;
1537 435 1706 492 fuisse
1764 436 1920 502 dixit,
1954 455 2000 512 Α
2028 444 2114 490 est
2141 451 2254 490 non
2284 435 2606 504 incelebris)
2637 431 2908 503 episcopi,
2949 447 2979 486 a
3005 430 3207 503 quibus
3234 441 3347 488 tum
3373 434 3610 488 maxime

349 543 592 598 quocum
669 527 892 600 S'ynodo
925 528 976 583 ei
1022 527 1357 582 interfuerit.
1406 526 1546 582 Cum
1591 526 1814 596 quidem
1854 539 1923 580 eo

350 633 458 671 non
487 619 850 674 convenerint
873 618 959 672 vel
980 617 1206 687 Agelitts
1226 617 1702 687 Constantinopoli
1745 616 1926 672 Nova-

351 709 626 763 tianorum
683 707 1021 778 episcopus,
1075 707 1161 762 vel
1221 707 1493 762 Maximus
1541 707 1782 774 Nicaeae,
1836 707 1924 761 vel

348 801 516 855 etiam
549 797 882 856 Nicomediae
909 812 1006 857 aut
1043 799 1246 873 Cotyai
1279 801 1357 871 (9)
1393 800 1548 870 (urbs
1577 814 1644 856 ea
1673 799 1924 872 Phrygia

2030 526 2467 582 Novatianorum
2525 525 2721 596 religio
2771 534 2855 580 est
2899 525 3306 580 administrata.
3360 523 3489 580 Haec
3531 527 3614 579 sic

2032 627 2148 672 tum
2215 628 2362 673 acta.
2433 617 2627 673 Postea
2695 631 2830 672 vero
2881 616 3323 670 Novatianorum
3377 618 3612 672 ecclesia

2031 719 2259 780 propter
2285 723 2405 764 eam
2457 708 2730 781 synodum
2781 709 2836 764 in
2887 717 3076 780 partes
3112 708 3368 764 discessit
3402 723 3419 766 :
3449 711 3612 763 sicuti

2031 815 2133 856 suo
2162 800 2284 856 loco
2318 799 2592 856 dicemus.

1691 1019 1694 1022 .
1781 957 2010 1018 CAPUT
2049 959 2171 1016 XV.

362 1069 476 1145 Ὡς,
551 1066 848 1151 Εὐδοέίρυ
897 1077 1005 1151 rei}
1069 1067 1766 1151 Κωνάτρντςνουπόλεῳς
1846 1076 2372 1151 Σελευτήσανζος,
2433 1078 2490 1151 ol_
2567 1079 2861 1151 'Apetarol
2927 1081 3273 1151 Δημόφιλον
3323 1080 3614 1149 προεόἀλο

421 1154 644 1222 λοντοζ
680 1152 734 1202 al
756 1149 825 1200 δὲ
861 1149 974 1218 τῆς
1008 1146 1338 1222 κᾳᾷρλικλῆς
1406 1145 2158 1222 Ἐἶκκλησίας-ᾹΕὐάτῬιον,
2222 1145 2564 1203 Εὑσταθίου
2612 1145 2721 1204 ἑοῦ
2775 1145 3143 1222 Ἀντιοχὲιᾱς
3207 1145 3427 1206 τοῦτὸν⁸
3489 1168 3613 1219 χει-

420 1218 879 1286 ροτονήσαντος
901 1234 914 1249 ·
967 1221 1064 1273 καὶ
1105 1219 1223 1272 ὅσα
1243 1219 1340 1271 ἐπὶ
1374 1218 1609 1281 τούτοις
1639 1217 1893 1284 συνέϐη.

429 1335 494 1392 Ut
551 1334 793 1390 Eudoxio
838 1334 1426 1404 Constantiimpolitano
1469 1334 1708 1400 γρίπορο
1763 1340 1991 1404 mortuo,
2036 1331 2229 1404 Ariani
2266 1328 2656 1404 Demophilum,
2693 1328 2957 1404 Catholici
2983 1339 3176 1404 autem
3225 1331 3542 1403 Evagrium,

777 1405 1057 1460 Eustathio
1088 1399 1412 1458 Antiocheno
1443 1399 1681 1472 episcopo
1707 1405 1846 1456 hunc
1872 1403 2155 1455 ordinante
2180 1399 2437 1470 elegerint
2466 1415 2485 1456 ς
2509 1409 2562 1454 et
2585 1416 2701 1470 qua:
2719 1402 2800 1454 liis
2830 1401 3151 1468 .acciderint.

431 1523 538 1577 Sed
595 1528 658 1575 ut
704 1520 988 1575 historiam
1045 1535 1445 1590 persequamur
1506 1522 1617 1590 (5).
1669 1533 1736 1575 eo
1782 1518 1931 1574 unde

359 1615 591 1684 digressi
617 1627 831 1677 sumus,
867 1613 1263 1668 revertendum
1294 1613 1453 1667 nobis
1479 1621 1584 1667 est.
1618 1613 1928 1682 Imperator

2041 1527 2336 1572 revocatus
2367 1555 2381 1582 ,
2427 1526 2543 1572 tum
2606 1528 2791 1573 autem
2837 1517 3320 1589 Constantinopoli
3367 1524 3617 1592 privatus

2038 1609 2269 1676 latebat,
2298 1617 2359 1665 ut
2389 1624 2487 1664 sua
2520 1611 2718 1665 saltem
2763 1612 3058 1680 praesentia
3121 1614 3438 1682 ὁμοουσεου,
3482 1631 3618 1670 con-

376 1707 580 1760 Valens
637 1703 1120 1770 Constantinopoli
1167 1703 1410 1768 solvens,
1458 1703 1805 1758 Antiochiam
1863 1701 1930 1757 ad
1965 1685 2006 1739 Β
2037 1698 2444 1765 substantialis,
2483 1699 2830 1769 professores
2855 1701 3232 1759 confirmaret.
3261 1704 3339 1759 Ita
3385 1705 3617 1771 factum,

366 1797 625 1852 Orontem
654 1795 807 1850 adire
853 1796 1190 1865 properavit.
1248 1795 1318 1850 Et
1365 1811 1492 1851 cum
1550 1795 1932 1851 Nicomediam

369 1890 702 1960 pervenisset
735 1890 841 1961 (4),
877 1889 952 1943 ibi
982 1889 1086 1943 hac
1114 1889 1182 1943 de
1212 1903 1378 1943 causa
1403 1887 1623 1944 restitit.
1650 1888 1936 1944 Eudoxius

363 1985 577 2038 Arianae
626 1993 795 2038 sectae
859 1981 1156 2051 episcopus
1213 1981 1395 2036 statim
1451 1989 1575 2050 post
1627 1980 1933 2035 discessum

364 2077 714 2145 imperatoris
756 2074 1234 2142 Constantinopoli
1261 2074 1370 2128 vita
1404 2073 1697 2129 defunctus
1735 2073 1934 2137 fuerat,

341 2150 652 2222 oconsulatu
714 2165 1082 2222 Valentiniani
1143 2172 1200 2218 et
1256 2164 1508 2218 Valentis
1569 2163 1754 2226 tertio,
1809 2178 1934 2217 cum

357 2261 583 2330 quidem
665 2259 883 2314 clavum
974 2258 1238 2312 Ecclesiae
1308 2256 1937 2324 Constantinopolitanae

359 2357 521 2410 annis
569 2353 827 2408 undecim
877 2351 1134 2406 rexisset.
1206 2349 1341 2420 Ejus
1391 2351 1447 2405 in
1511 2350 1693 2404 locum
1743 2346 1935 2402 Ariani

359 2455 724 2517 surrogarunt
764 2442 1152 2513 Demophilum
1209 2441 1530 2513 quemdam.
1588 2442 1938 2498 Professores

357 2552 544 2596 autem
596 2539 910 2611 ὁμοουσίου,
942 2534 1456 2598 consubstantialis,
1485 2533 1836 2590 commodum
1878 2547 1938 2587 se

363 2643 625 2702 tempus,
701 2640 762 2686 ut
827 2631 1014 2686 sedem
1083 2627 1459 2698 episcopalem
1518 2631 1936 2693 recuperarent,

364 2735 558 2780 nactos
605 2739 728 2780 esse
777 2723 903 2788 rati,
932 2721 1226 2792 Evagrium
1276 2733 1390 2774 sua:
1420 2717 1678 2773 factionis
1707 2717 1938 2788 presby-

363 2831 546 2876 terum
571 2819 892 2888 cpiscopum
913 2815 1300 2885 designarunt.
1325 2811 1426 2867 Cui
1455 2824 1652 2865 manus
1676 2809 1936 2880 imposuit

366 2911 708 2975 Eustathius,
739 2909 1037 2978 episcopus
1071 2904 1375 2976 aliquando
1399 2903 1806 2965 Antiochenus,
1840 2902 1935 2972 qui

367 3021 397 3057 a
413 3002 705 3058 Ioviniano
727 2999 949 3071 quidem
977 3003 1046 3054 ab
1069 2996 1267 3054 exsilio
1284 3011 1396 3051 non
1420 2996 1495 3050 ita
1516 2994 1730 3064 pridem
1754 2993 1936 3049 fuerat

2037 1800 2098 1846 ut
2125 1793 2313 1846 Ariani
2365 1792 2814 1860 persecutionem
2863 1793 3132 1849 adversus
3179 1805 3402 1851 nostros
3456 1814 3615 1850 reno—

2036 1893 2254 1939 varent.
2296 1883 2372 1938 Ea
2404 1898 2494 1938 res
2522 1896 2822 1954 postquam
2863 1895 2950 1941 est
2974 1886 3043 1940 ad
3075 1886 3384 1958 principem
3412 1889 3615 1952 delata,

2037 1978 2250 2031 veritus
2289 1975 2384 2030 ille
2429 1992 2500 2031 ne
2539 1975 2816 2030 seditione
2868 1987 2925 2032 et
2970 1979 3212 2034 tumultu
3271 1979 3466 2036 civitas
3501 1991 3618 2036 tur-

2038 2069 2292 2135 baretur,
2340 2069 2636 2124 militarem
2674 2085 2897 2124 manum
2938 2071 3260 2128 Nicomedia
3300 2074 3618 2130 Constanti—

2037 2161 2284 2232 n0polim
2315 2163 2488 2225 misit.
2525 2179 2650 2218 cum
2703 2163 2964 2220 mandato
3003 2166 3305 2235 ejusmodi,
3340 2178 3406 2222 ut
3443 2168 3615 2222 simul

2036 2265 2092 2309 et
2123 2255 2410 2311 ordinator
2433 2262 2490 2311 et
2514 2255 2807 2312 ordinatus
2830 2258 3423 2329 comprehenderetur,
3447 2270 3616 2330 atque

2039 2347 2182 2402 alius
2211 2347 2321 2402 alio
2352 2347 2669 2404 exsulatum
2701 2349 3043 2405 mitteretur.
3082 2351 3413 2408 Eustathius
3441 2354 3615 2424 igitur

2037 2440 2261 2511 Bizyam
2303 2440 2409 2512 (5),
2443 2441 2590 2511 quod
2616 2441 2864 2498 Thracias
2899 2443 3163 2514 Oppidum
3199 2455 3311 2508 est,
3348 2447 3618 2516 Evagrio:

2041 2534 2097 2588 in
2133 2534 2318 2588 locum
2367 2534 2538 2588 alium
2597 2535 2926 2604 deportatus
2966 2545 3072 2592 est.
3126 2537 3364 2593 Proinde
3403 2539 3615 2598 Ariani.

2040 2627 2186 2696 quod
2218 2626 2472 2696 plerique
2523 2642 2717 2682 omnes
2757 2629 2811 2682 in
2844 2629 3011 2684 rebus
3061 2631 3319 2686 secundis
3372 2633 3608 2697 faciunt,

2043 2721 2214 2789 magis
2238 2721 2522 2791 magisque
2549 2721 2793 2786 eﬂ‘erari,
2819 2722 3160 2779 ortlmdoxos
3197 2733 3254 2779 et
3302 2735 3450 2780 recte
3493 2742 3621 2781 sen-

2043 2814 2247 2868 tientes
2308 2812 2604 2868 admodum
2659 2828 2900 2877 vexare,
2952 2817 3204 2880 caedere,
3263 2818 3621 2872 contumeliis

2042 2904 2284 2969 aﬂicere,
2316 2906 2373 2959 in
2401 2904 2620 2960 vincula
2655 2905 2956 2976 conjicere,
3013 2909 3263 2975 pecuniis
3292 2909 3460 2965 etiam
3491 2925 3622 2979 spo-

2041 2996 2206 3064 liare,
2242 2997 2591 3052 intoleranda
2618 2998 2804 3051 omnia
2837 2997 3104 3054 adversus
3127 3015 3225 3056 eos
3254 3001 3458 3056 facere.

1799 3157 2032 3216 CAPUT
2071 3157 2215 3214 XVI.

368 3283 507 3353 Περὶ
534 3285 641 3352 τῆς
663 3284 966 3355 ὠμότητος
1027 3278 1167 3355 τῶν-
1224 3278 1562 3355 Ἀρειανῶν,
1628 3277 1763 3355 καὶ.
1797 3277 1875 3355 ᾡς
1942 3273 2185 3355 qutian
2242 3276 2396 3355 accita
2447 3278 2571 3355 tdr_
2615 3278 2992 3355 Ἀσζακηνᾷν
3048 3280 3189 3355 τῆς-
3225 3283 3624 3352 Νικομηδείας

441 3345 674 3411 5161:567-
705 3345 1108 3426 ’ὀχπδὸὴσὶοντα
1142 3345 1690 3418 ἐκκλησιαστικοὺς
1737 3345 1838 3401 ἐπὶ
1913 3347 2117 3416 μέσης
2149 3347 2472 3418 θαλάσσης
2501 3346 2626 3402 σὺν
2685 3346 2767 3414 τῷ
2789 3350 2984 3415 πλοίῳ
3053 3345 3196 3422 «ubi
3261 3345 3622 3422 παραῷιάλωέ

437 3441 569 3483 σεν.

374 3545 447 3599 De
507 3546 816 3602 crudelitate
853 3547 1209 3606 Arianorum,
1284 3553 1334 3597 et
1395 3549 1453 3595 ut
1534 3539 1729 3593 Valens
1767 3539 1908 3593 circa
1972 3531 2650 3608 Astacenunt_Nic0iiiedite
2684 3541 2898 3608 portum
2941 3536 3207 3608 octoginta
3240 3539 3621 3598 ecclesiasticos

1070 3603 1212 3670 uiros
1245 3629 1354 3668 una
1391 3628 1508 3667 cum
1541 3612 1752 3681 navigio
1800 3610 1855 3662 in
1903 3608 2073 3660 medio
2122 3606 2260 3658 mari
2296 3603 2408 3674 igni
2446 3604 2806 3658 combusserit.

446 3735 599 3804 131
643 3734 814 3789 Porro
842 3748 967 3789 cum
992 3731 1200 3787 nostris
1225 3729 1364 3785 dura
1407 3729 1522 3782 haec
1550 3737 1606 3782 et
1636 3725 1821 3797 gravia
1849 3738 1940 3778 es-
1969 3727 2012 3784 (ζ
2045 3728 2154 3780 ret,
2209 3734 2278 3774 ne
2336 3717 2534 3773 seditio
2587 3718 2644 3772 in
2697 3719 2862 3790 vulgo
2887 3719 3150 3786 oriretur,
3211 3725 3423 3783 veritus
3491 3739 3571 3784 ρει
3606 3751 3619 3785 ε

368 3834 518 3888 sent,
537 3823 604 3878 ad
629 3822 938 3894 principem
974 3830 1294 3892 preratores
1323 3819 1545 3884 misere,
1577 3817 1621 3872 si
1646 3832 1758 3886 quo
1779 3815 1944 3869 modo

375 3917 542 3969 linem
572 3927 829 3967 aerumna:
852 3913 972 3981 ejus
1005 3911 1258 3965 obtinere
1281 3916 1528 3978 possent.
1562 3905 1835 3962 Caeterum
1864 3901 1941 3956 illi

373 4008 640 4080 Opinione
665 4021 763 4061 sua
791 4003 1091 4074 plurimum
1120 4011 1250 4056 sunt
1277 4000 1422 4064 falsi,
1449 4007 1511 4053 ut
1541 3998 1635 4067 qui
1668 3995 1942 4066 justitiam

379 4117 439 4156 se
475 4102 543 4154 ab
579 4101 787 4170 injusto
825 4100 1226 4168 impetraturos
1252 4108 1373 4149 esse
1392 4092 1764 4163 speraverint.
1804 4090 1943 4144 Cum

374 4207 618 4262 namque
667 4189 854 4246 dilecti
889 4205 960 4244 ex
1003 4185 1382 4242 ecclesiastico
1424 4183 1620 4236 ordine
1661 4180 1945 4248 oct0ginta

371 4286 502 4352 viri,
546 4283 747 4354 quibus
773 4279 997 4352 praefuit
1040 4277 1306 4340 Urbasus,
1341 4272 1700 4335 Theodorus,
1743 4281 1799 4325 et
1830 4269 1945 4323 Me-

374 4380 664 4442 nedemus,
699 4373 1078 4431 Nicomediam
1118 4372 1423 4434 venissent,
1459 4380 1654 4437 preces
1701 4366 1947 4434 impera-

375 4472 485 4527 tori
527 4468 886 4532 obtulissent,
940 4474 999 4519 et
1042 4464 1112 4518 de
1150 4465 1202 4516 vi
1253 4471 1400 4517 tanta
1444 4458 1697 4531 quiritati
1733 4465 1943 4520 essent,

377 4564 698 4632 indignatus
729 4560 844 4623 ille,
871 4560 924 4613 in
955 4557 1251 4628 praesentia
1283 4555 1508 4624 quidem
1543 4554 1680 4607 iram
1707 4549 1943 4621 pressit:

381 4652 576 4706 deinde
601 4660 786 4706 autem
814 4648 955 4702 clam
997 4647 1247 4702 Modesto
1282 4644 1541 4714 praefecto
1575 4643 1856 4712 praecepit,
1889 4652 1949 4696 ut

379 4741 810 4812 comprehensos
843 4755 942 4796 eos
981 4748 1224 4792 necaret.
1259 4734 1525 4805 Supplicii
1556 4737 1677 4807 ejus
1725 4738 1946 4798 modus,

373 4834 505 4905 quia
551 4847 728 4888 novus
771 4841 828 4888 et
880 4831 1126 4885 insolens
1169 4842 1399 4898 prorsus
1431 4827 1558 4886 fuit.
1599 4826 1948 4896 posteritatis

377 4927 666 4981 memoriae
699 4932 785 4978 est
815 4923 1129 4978 mandatus.
1163 4917 1485 4984 Praefectos,
1528 4919 1575 4976 si
1621 4918 1774 4972 viros
1822 4917 1950 4974 reli-

371 5019 580 5089 giosos,
607 5017 702 5086 qui
731 5015 869 5070 nihil
906 5013 1338 5077 commisissent,
1368 5010 1657 5080 propalam
1695 5009 1945 5078 perime-

449 5224 524 5295 (1)
558 5225 776 5282 Sozom.
803 5227 905 5283 lib.
940 5240 1016 5287 vr.
1052 5239 1175 5295 cap.
1199 5221 1292 5295 24.

374 5366 415 5424 ϐ
449 5287 525 5418 £2)
558 5295 715 5379 ξενον.
761 5299 924 5352 habet
969 5287 1239 5366 Cotya'nii.
1279 5291 1601 5363 Legendum
1644 5305 1711 5348 ex
1754 5287 1947 5357 Suida,

421 5385 448 5420 0
478 5385 595 5424 αωι.

421 5369 595 5421 οῑυωὶ.

449 5385 771 5508 ίέῗξέοοηι.
802 5435 898 5508 lib.
937 5448 1014 5500 tv,
1056 5449 1177 5502 cap.
1217 5433 1285 5508 [4
1315 5439 1371 5488 et
1399 5432 1489 5488 15.

449 5506 524 5574 (4)
552 5506 770 5562 Sozom.
805 5507 901 5558 lib.
933 5521 1007 5569 vl,
1047 5519 1168 5572 cap.
1211 5506 1295 5559 l5.

447 5570 525 5649 (5)
567 5578 726 5648 Bizya
779 5592 875 5630 arx
924 5570 1424 5649 regunt—AThracize,
1455 5572 1674 5649 {Terei
1731 5570 1946 5649 nefasto

373 5642 602 5705 crimine
637 5642 807 5702 invisa
839 5642 1248 5701 hirundinibus.
1283 5646 1430 5699 Plin.
1467 5645 1564 5699 lib.
1596 5660 1670 5710 iv,
1707 5658 1830 5712 cap.
1856 5642 1943 5696 11.

448 5719 523 5787 (6)
569 5717 1046 5784 Constantinopoli
1105 5729 1289 5770 autem
1337 5715 1525 5787 Ariani
1582 5715 1770 5784 plures
1807 5713 1944 5787 pios

373 5783 781 5857 catltolicosque
829 5783 1176 5858 preSbyteros
1235 5788 1394 5850 navi,
1462 5786 1518 5840 in
1567 5783 1674 5855 qua
1727 5783 1938 5836 nullum

654 5883 923 5942 Pa'rnon.
955 5881 1066 5940 Gn.
1102 5880 1332 5939 CXLVI

2047 3821 2389 3884 quapropter
2435 3826 2532 3868 eos
2589 3827 2650 3867 se
2711 3812 2766 3866 in
2819 3814 3080 3870 exsilium
3141 3819 3440 3875 missurum
3495 3840 3619 3878 esse.

2047 3904 2396 3960 assimulavit
2419 3904 2600 3972 (6).In
2632 3920 2739 3973 qua
2770 3905 2850 3959 illi
2883 3909 3161 3964 sententia
3183 3915 3398 3981 magnis
3422 3917 3626 3970 animis

2047 3997 2398 4068 acquievere.
2450 3999 2547 4054 Ille
2596 3999 2783 4054 navim
2829 4017 2948 4063 eos,
3006 4003 3177 4060 veluti
3224 4007 3402 4062 solum
3446 4013 3627 4066 exsilii

2048 4105 2214 4146 causa
2244 4106 2504 4146 versuros
2535 4095 2911 4150 conscendere
2932 4096 3120 4166 jussit,
3156 4109 3213 4154 et
3259 4103 3445 4157 nautis
3478 4119 3624 4173 pra-.-

2050 4185 2221 4254 cepit,
2266 4193 2328 4239 ut
2367 4184 2424 4239 in
2468 4185 2655 4240 medio
2703 4189 2840 4242 mari
2891 4203 3087 4244 navem
3131 4192 3520 4261 incenderent,
3569 4211 3628 4253 ut

2049 4291 2176 4331 cum
2205 4291 2272 4330 eo
2308 4276 2472 4331 modo
2517 4277 2593 4331 illi
2629 4278 2996 4344 interiissent.
3032 4286 3272 4352 sepulcri
3300 4303 3436 4342 cura
3470 4306 3628 4344 care-

2053 4377 2200 4423 rent.
2233 4368 2472 4425 Ventum
2520 4379 2607 4424 est
2647 4370 2700 4424 in
2751 4372 2936 4427 sinum
2967 4376 3235 4441 medium,
3269 4379 3363 4446 qui
3396 4382 3626 4437 Astace-

2053 4475 2161 4515 nus
2195 4469 2428 4516 vocatur
2458 4480 2472 4515 :
2509 4463 2585 4516 ibi
2625 4472 2810 4518 nauta:
2862 4464 3128 4534 imperata
3173 4469 3449 4526 fecerunt.
3486 4475 3622 4530 Nam

2053 4554 2159 4623 ipsi
2207 4554 2437 4624 scapha,
2475 4571 2598 4626 qua:
2651 4571 2847 4612 navem
2884 4561 3243 4628 sequebatur,
3302 4580 3625 4630 conscensa.

2055 4645 2338 4716 navigium
2372 4645 2450 4717 (7)
2475 4647 2528 4700 in
2557 4662 2668 4715 quo
2697 4649 2802 4703 viri
2833 4649 2912 4704 illi
2950 4651 3319 4720 vehebantur,
3357 4657 3624 4712 incende-

2059 4747 2214 4794 runt.
2256 4737 2656 4794 Vehementius
2690 4747 2806 4794 tum
2849 4741 3184 4802 subsolanus
3212 4757 3412 4803 ventus
3435 4749 3625 4815 ﬂabat,

2058 4837 2116 4885 et
2146 4829 2378 4900 proinde
2400 4830 2560 4885 navis
2597 4845 2664 4885 eo
2688 4830 2858 4888 citius
2885 4832 3159 4890 flammam
3201 4842 3476 4911 concepit.
3514 4843 3628 4900 Du-

2058 4923 2206 4978 ravit
2249 4938 2314 4977 ea
2356 4937 2534 4991 usque
2563 4924 2630 4977 ad
2671 4923 2854 4980 locum
2883 4925 3178 4999 Bithyniae,
3203 4931 3298 5001 qui
3326 4931 3625 4991 Dacidizus

2054 5021 2432 5085 nuncupatur,
2468 5015 2657 5085 ibique
2689 5030 2798 5072 una
2848 5033 2973 5073 cum
3024 5021 3134 5090 piis
3163 5022 3273 5080 illis
3304 5025 3628 5083 hominibus

1981 5223 2029 5282 ι)
2058 5227 2175 5295 erat
2196 5219 2632 5295 instrumentum
2655 5221 2958 5285 nauticum,
2975 5220 3377 5295 imposuerunt,
3394 5239 3625 5295 eamque.

2060 5292 2275 5360 pelago,
2294 5291 2474 5347 ventis
2503 5291 2774 5360 nudisque
2793 5303 3000 5348 temere
3028 5291 3307 5348 ferendam
3338 5291 3627 5352 commise-

2063 5372 2214 5432 runt.
2253 5363 2457 5432 Deinde
2509 5363 2803 5431 populares
2847 5362 3115 5432 quosdam
3161 5376 3292 5416 suos
3315 5361 3372 5416 in
3403 5366 3626 5432 navigio

2060 5431 2172 5483 alio
2221 5431 2552 5495 submisere,
2613 5432 2706 5500 qui
2765 5431 2942 5501 ignem
3021 5433 3096 5485 illi
3181 5432 3484 5500 injicereut.
3533 5431 3627 5490 Sic

2045 5503 2221 5555 sancti
2277 5502 2355 5555 illi
2417 5501 2519 5554 viri
2561 5517 2686 5556 cum
2739 5503 2863 5571 igne
2915 5511 2971 5557 et
3022 5516 3161 5571 aqua
3221 5501 3621 5565 conflictantes.

2046 5580 2328 5638 postremo
2388 5572 2633 5642 inimari
2695 5571 3304 5642 submersiantartyrii
3360 5587 3621 5628 coronam

2049 5651 2397 5713 receperunt.
2428 5641 2729 5713 (Theodor.
2772 5657 2983 5708 tv,cap.
3015 5641 3129 5711 Ἡ.)

2117 5712 2192 5783 (7)
2228 5710 2482 5766 Socrates
2521 5710 2711 5766 navale
2729 5727 2866 5766 esse
2901 5713 3054 5767 dicit.

3114 5871 3188 5933 20
