4056 6426
528 378 654 441 "019

1755 376 2193 438 ‘NICEI‘HORI
2238 375 2580 436 CALLISTI
3690 372 3777 435 620

552 493 604 546 in
644 492 830 545 littore
877 500 960 546 est
994 490 1305 560 absumpta.
1354 488 1613 545 Sedeuim
1645 489 1847 546 factum
1882 502 1988 547 tam
2018 501 2133 547 tru—
2163 499 2205 555 Α
2237 490 2435 546 incola:
2466 489 2706 561 patriam
2748 488 2823 558 (Ι)
2885 488 3287 559 relinquerent,
3316 494 3373 542 ct
3417 484 3781 543 Constantino-

548 584 833 638 culentum
893 584 1135 637 vindicta
1155 591 1240 636 est
1271 593 1583 651 prosecuta.
1629 584 1821 639 Fames
1847 584 2121 655 siquidem

551 684 782 746 repente
816 684 965 729 tanta
1014 682 1097 730 est
1144 672 1200 729 in
1256 673 1497 746 Phrygia
1526 686 1670 740 orta,
1704 686 1762 730 ut
1804 676 2124 731 necessario

2235 583 2403 652 polim
2437 598 2498 639 se
2539 592 2707 653 atque
2740 580 2810 637 ad
2850 580 2989 636 alias
3022 580 3272 636 diversas
3321 580 3630 650 provincias
3668 593 3783 635 con-

2230 676 2467 731 ferrent.

1946 822 2175 880 CAPUT
2217 823 2383 880 XVII.

551 949 687 1016 Περὶ
713 950 859 1012 βίου
901 948 998 1003 καὶ
1039 949 1278 1017 ἀγωγῆς
1313 949 1407 1001 καὶ
1468 946 1744 1009 παιδείας
1773 945 1868 1017 καὶ
1901 942 2275 1017 Δ(γυμψυχίας
2323 941 2428 1017 rei}
2484 940 2750 1017 μεγςζιου
2798 942 3119 1017 Βαᾳιλείου
3163 942 3261 997 καὶ
3306 942 3633 1012 Γρηγορίου
3690 935 3783 994 τοῦ

1083 1011 1416 1088 Θεὸλήόγου·
1472 1021 1563 1069 καὶ
1611 1017 1771 1080 ὅπως
1815 1014 1913 1066 ἐπὶ
1954 1013 2069 1079 τὴν
2119 1013 2425 1081 ἱερατικὴν
2465 1013 2767 1080 καθέδραν
2799 1011 3189 1082 ἀνήχθησαν.

534 1143 628 1197 .De
657 1140 787 1204 vita,
818 1140 1167 1199 institutione,
1198 1137 1406 1199 studiis,
1446 1145 1493 1188 et
1515 1135 1705 1187 intima
1737 1132 1974 1253 amit'itz'ta
2006 1131 2185 1252 magn‘i
2244 1127 2433 1210 Βηδὶίῇ
2455 1140 2501 1184 et
2540 1128 2783 1199 Gregorii
2814 1130 3055 1200 Tltcologt'
3082 1145 3100 1183 :
3172 1139 3225 1183 et
3247 1138 3302 1183 ut
3332 1131 3402 1184 ad
3424 1128 3785 1185 sacerdotalem

1861 1218 1915 1253 se
1957 1217 2037 1253 em
2066 1216 2144 1252 sn:
2203 1210 2457 1253 provecti.

1861 1210 2037 1254 εειιεηι
2066 1210 2169 1252 διηι
2202 1210 2457 1265 provecti.

619 1330 757 1387 Cum
784 1341 920 1383 vero
954 1326 1125 1380 multa
1156 1322 1318 1378 nobis
1341 1324 1409 1379 de
1436 1321 1642 1377 Basilio
1666 1318 1864 1389 Magno
1908 1327 1967 1371 et
1986 1316 2124 1371 Gre-

547 1425 705 1495 gorio
733 1420 1012 1489 Theologo
1040 1416 1272 1472 dicenda
1309 1418 1440 1481 sint,
1473 1430 1657 1485 aperte
1687 1413 1925 1483 pretium
1951 1410 2129 1464 factu-

478 1554 487 1557 τ
550 1529 673 1568 rum
706 1526 792 1566 me
817 1525 940 1565 esse
979 1508 1190 1579 putavi.
1239 1508 1283 1561 si
1316 1520 1492 1576 pauca
1528 1502 1776 1574 quaedam
1819 1500 1888 1554 de
1933 1497 2128 1553 arctis-

518 1607 714 1668 ‘sima,
766 1617 888 1673 quae
941 1600 1114 1655 tantis
1168 1598 1307 1653 viris
1353 1598 1498 1652 inter
1547 1610 1606 1650 se
1646 1594 1751 1648 fuit
1785 1590 2029 1647 amicitia
2071 1597 2127 1643 et

549 1695 972 1768 coniunctium,
995 1692 1410 1763 praemitteret".
1432 1688 1589 1755 Quod
1610 1701 1744 1741 sane
1772 1700 1885 1740 non
1917 1682 2124 1738 rectius

2231 1316 2423 1371 datum
2480 1316 2736 1371 divinum
2768 1317 3024 1377 duceret,
3052 1323 3112 1370 et
3151 1316 3295 1370 alter
3334 1315 3570 1370 alterum
3603 1315 3666 1370 ad
3696 1316 3791 1369 vir-

2234 1419 2408 1464 tutem
2443 1419 2674 1467 acueret
2712 1422 2878 1480 atque
2915 1410 3207 1465 excitaret.
3242 1411 3310 1465 Et
3341 1410 3389 1465 si
3419 1426 3530 1464 non
3566 1411 3791 1464 insolens

2236 1504 2341 1590 hoc
2403 1505 2635 1558 verbum
2676 1512 2843 1570 esset,
2908 1504 3155 1574 regulam
3214 1513 3271 1559 et
3333 1504 3620 1569 amussim,
3681 1503 3791 1573 qui-

2235 1598 2342 1652 bus
2397 1613 2522 1667 quze
2572 1606 2724 1652 recta
2763 1608 2915 1664 sunt,
2951 1614 3143 1667 quaeve
3186 1599 3392 1658 minus.
3426 1598 3791 1668 explorantur,

2234 1691 2471 1746 alterum
2512 1692 2671 1747 alteri
2705 1692 2879 1747 fuisse
2914 1692 3183 1747 dicerem.
3215 1691 3512 1746 Sedalibus
3548 1705 3644 1745 nos
3668 1705 3790 1745 con-

549 1787 874 1856 certiusque
925 1784 1132 1849 fecero,
1164 1797 1339 1853 quam
1363 1780 1410 1835 si
1452 1778 1708 1849 Gregorii
1744 1775 1919 1881 ipsius
1956 1788 2021 1828 ea
2055 1771 2124 1827 de
2165 1828 2203 1883 Β
2228 1783 2518 1853 iunximus
2545 1799 2653 1837 non
2690 1783 3167 1852 impudicissimis.
3202 1783 3298 1838 sed
3340 1782 3789 1838 modestissimis:

552 1894 611 1934 re
650 1876 1185 1949 verba‘protulero,
1246 1888 1371 1944 qua:
1432 1872 1485 1926 in
1543 1886 1609 1926 ea
1661 1868 1915 1924 oratione
1972 1874 2124 1928 sunt,

514 2043 518 2047 ﬁ
550 1987 719 2043 quam
764 1972 810 2025 is
847 1971 915 2025 de
963 1968 1166 2023 Basilio
1200 1965 1492 2021 funebrem
1524 1960 1879 2029 conscripsit.
1913 1977 1933 2010 ι
1970 1957 2130 2011 Tem-

514 2110 517 2115 .
551 2083 708 2137 pore,
743 2063 951 2134 inquit,
997 2060 1353 2132 procedente,
1383 2056 1478 2112 ubi
1508 2057 1651 2112 alter
1687 2054 1844 2109 alteri
1875 2061 2127 2107 mutuum

548 2172 794 2213 amorem
832 2156 1060 2227 (factum
1113 2153 1168 2209 id
1219 2150 1472 2216 Athenis,
1526 2147 1617 2204 uhi
1666 2147 1835 2202 simul
1891 2155 2130 2213 uterque

551 2252 756 2308 litteris
784 2265 1008 2321 operam
1043 2250 1286 2319 novavit)
1336 2246 1628 2308 indicavit,
1662 2242 2130 2309 aﬁ‘ectionemquc

548 2358 672 2398 eam
721 2340 1086 2411 philosophia:
1125 2340 1301 2410 gratia
1336 2343 1664 2405 conceptam
1706 2347 1831 2389 esse
1854 2331 2128 2391 constitit,

514 2453 521 2475 ε
553 2445 670 2490 tum
694 2435 838 2489 alter
868 2433 1030 2488 alteri
1056 2433 1239 2486 iactus
1261 2436 1348 2485 est
1366 2428 1584 2484 omnia.
1616 2425 1731 2483 Sub
1753 2440 1865 2480 uno
1891 2422 2132 2479 viximus

552 2533 701 2583 tecto
740 2522 1196 2588 contubernales,
1247 2530 1307 2576 et
1353 2527 1505 2574 arcta
1548 2519 1711 2574 inter
1754 2531 1855 2571 nos
1887 2514 2129 2570 devincti

511 2617 947 2691 "conjunctione
993 2616 1140 2670 idem
1187 2613 1560 2683 spectavimus
1609 2629 1623 2665 :
1669 2620 1727 2664 et
1774 2609 1917 2664 alter
1968 2607 2132 2661 alteri

514 2746 521 2753 ι
550 2708 1156 2777 δηὶιηιιιιιηίιδετληιοῐη
1197 2713 1255 2759 et
1279 2711 1627 2758 constantem
1681 2698 1963 2770 prrcstitit.
1995 2696 2133 2752 ϐοτ-

520 2818 749 2874 ⁸ροιίιιη
791 2815 1034 2871 namque
1082 2796 1460 2862 necessitudo,
1494 2795 1758 2865 quoniam
1808 2808 1991 2847 rerum
2031 2792 2133 2844 ﬁn-

549 2907 747 2948 xarum
777 2902 882 2956 est,
915 2889 1067 2945 haud
1105 2888 1266 2943 aliter
1305 2902 1469 2957 quam
1501 2885 1660 2940 verni
1692 2881 1884 2945 ﬂores,
1915 2882 2128 2935 interit.

554 2988 742 3059 Neque
778 2986 953 3051 enim,
979 2984 1212 3040 materia
1243 2982 1377 3052 igne
1392 2986 1744 3051 consumpta,
1780 2977 1997 3030 ﬁamma
2032 2977 2134 3029 du-

554 3091 661 3143 rat,
696 3080 793 3135 sed
851 3093 962 3135 una
1004 3091 1128 3131 cum
1177 3090 1239 3131 re
1285 3084 1531 3129 cremata
1565 3070 1893 3127 evanescit:
1952 3083 2133 3137 neque

2234 1892 2343 1930 non
2397 1876 2945 1942 contentiosissimis,
3006 1875 3103 1931 sed
3153 1877 3406 1945 pacilicis
3446 1876 3698 1939 maxime,
3745 1884 3795 1927 et

2232 1967 2565 2037 quibuscum
2608 1982 2730 2022 esse
2774 1968 3133 2022 utilissimum
3178 1978 3287 2035 est,
3316 1970 3468 2038 quod
3519 1968 3791 2032 sciremus,

2233 2065 2453 2121 facilius
2498 2064 2630 2117 vitia
2668 2065 3000 2134 contagione
3042 2066 3323 2130 contrahi,
3355 2080 3522 2134 quam
3549 2063 3787 2117 virtutem

2233 2171 2360 2211 cum
2397 2154 2524 2209 aliis
2553 2154 2979 2209 communicari.
3014 2153 3478 2222 Quandoquidem
3502 2162 3559 2208 et
3583 2149 3791 2205 morbus

2237 2249 2290 2301 in
2327 2247 2467 2303 alios
2517 2247 2706 2310 citius,
2739 2261 2904 2314 quam
2936 2245 3194 2300 valetudo
3255 2246 3612 2301 transfertur.
3636 2243 3793 2298 Disci-

2236 2342 2420 2411 pliuas
2467 2356 2577 2395 non
2606 2339 3046 2407 iucundissimas
3087 2339 3262 2397 matis
3297 2354 3463 2409 quam
3493 2334 3792 2392 honestissi-

2237 2450 2354 2489 mas
2385 2434 2690 2490 consectati
2723 2447 2936 2488 sumus.
2975 2432 3112 2487 Nam
3143 2447 3244 2503 per
3272 2447 3376 2488 eas
3409 2433 3494 2488 vel
3530 2430 3597 2486 ad
3635 2430 3795 2485 virtu-

2236 2536 2370 2589 tem,
2404 2527 2487 2580 vcl
2535 2525 2605 2579 ad
2664 2525 2800 2580 vitia
2853 2523 3195 2596 eﬁlnguntur
3244 2522 3651 2580 adolescentes.
3685 2523 3796 2575 Due

2235 2622 2419 2672 autem
2476 2617 2639 2674 nobis
2684 2625 2849 2672 erant
2880 2627 3031 2673 notae
3058 2618 3160 2672 viae
3188 2634 3205 2670 :
3242 2616 3427 2672 altera
3460 2615 3609 2687 prior
3635 2622 3687 2668 et
3710 2613 3793 2665 lto-

2236 2711 2473 2776 nestior,
2496 2711 2669 2766 altera
2700 2711 2997 2782 posterior,
3017 2720 3074 2767 et
3098 2726 3210 2767 non
3238 2711 3495 2783 ejusdem
3515 2705 3789 2766 momenti:

2238 2803 2334 2857 illa
2368 2804 2436 2858 ad
2469 2819 2627 2860 sacra
2664 2806 2892 2876 templa,
2940 2814 2995 2861 et
3024 2805 3123 2875 qui
3152 2806 3209 2860 in
3242 2808 3328 2861 eis
3379 2813 3511 2861 sunt
3538 2803 3789 2865 doctores,

2236 2895 2353 2951 haec
2400 2897 2468 2950 ad
2521 2897 2787 2967 profanos
2834 2899 3131 2968 magistros
3160 2897 3402 2953 ducens.
3446 2894 3792 2967 Reliquasio-

2237 2989 2439 3045 sistere
2490 2990 2576 3045 eis
2618 2990 2937 3046 volentibus
2984 2990 3335 3061 reliquimus,
3392 2991 3643 3047 videlicet
3690 2986 3792 3043 dies

2239 3081 2431 3144 festos,
2487 3082 2724 3148 theatra,
2763 3082 3107 3152 spectacula,
3174 3093 3494 3139 conventus
3545 3080 3792 3154 publicos,

551 3174 826 3239 charitas,
885 3170 982 3226 ubi
1025 3168 1238 3225 fomitis
1287 3166 1456 3221 ardor
1512 3163 1805 3238 emarcuit,
1854 3161 2132 3217 consistit.

2244 3175 2522 3230 convivia.
2576 3174 2725 3229 Nihil
2778 3175 2930 3230 enim
2960 3174 3349 3230 admirandum
3402 3186 3458 3232 et
3496 3174 3794 3247 praeclarum

530 3268 788 3323 .Divinus
828 3274 1015 3321 autem
1073 3273 1134 3319 et
1173 3261 1408 3333 pudicus
1453 3274 1635 3319 amor,
1679 3255 2132 3327 quandoquidem

554 3358 638 3413 rei
673 3357 849 3411 ﬁrmae
875 3362 933 3409 et
966 3353 1188 3409 stabilis
1215 3360 1321 3417 est,
1350 3360 1639 3419 propterea
1676 3348 1817 3404 solet
1845 3361 1974 3402 esse
1999 3361 2137 3401 con-

528 3448 820 3506 stantior.
852 3446 919 3501 Et
951 3454 1164 3515 quanto
1201 3445 1377 3513 magis
1403 3451 1653 3496 amantes
1689 3440 1768 3494 rei
1804 3438 2135 3494 desiderata:

532 3537 1031 3612 .pulchritudinem
1075 3535 1459 3599 considerant,
1495 3541 1648 3586 tanto
1698 3530 1844 3587 inter
1891 3544 1954 3585 se
1997 3542 2137 3583 con-

551 3634 861 3701 iunguntur
914 3626 1114 3698 magis.
1170 3623 1298 3678 Haec
1342 3620 1600 3677 amicitia:
1631 3628 1840 3675 nostra:
1870 3618 1957 3672 lex
1990 3624 2134 3670 erat.

557 3730 739 3798 Atque
789 3738 916 3780 cum
957 3723 1025 3776 ad
1079 3721 1230 3775 hunc
1273 3718 1501 3773 modum
1549 3716 1696 3770 inter
1748 3728 1851 3769 nos
1903 3710 2136 3766 animati

555 3833 843 3885 essemus,
900 3827 957 3872 et
1013 3815 1151 3870 tales
1206 3814 1362 3867 ﬁrmo
1411 3806 1695 3875 thalamo‘,
1747 3817 1808 3864 at
1858 3806 2135 3861 Pindarus

561 3914 779 3984 inquit,
838 3922 1039 3965 aureas
1089 3908 1381 3962 columnas
1449 3902 1994 3961 substrusissemus,
2058 3898 2133 3952 ita

558 4008 822 4073 deinceps
848 4000 1244 4073 processimus,
1276 4000 1386 4053 Deo
1414 3996 1580 4053 simul
1609 4005 1666 4050 et
1703 3994 1981 4051 desiderio
2014 4007 2135 4046 mn-

556 4108 657 4154 tuo
684 4093 1118 4166 opitulatoribus
1147 4090 1253 4145 usi.
1286 4089 1393 4145 Sed
1422 4086 1702 4157 quomodo
1730 4086 1848 4140 sine
1872 4084 2135 4156 lacrymis

550 4188 995 4248 necessitudinis
1028 4196 1194 4241 tanta:
1225 4180 1533 4239 recorder?
1561 4180 1767 4235 Eadem
1815 4190 1936 4235 erat
1969 4178 2133 4255 nobis

558 4287 641 4342 rei
688 4281 1165 4348 invidiosissime,
1197 4276 1466 4333 doctrinae
1496 4272 1731 4337 scilicet,
1767 4287 1897 4342 spes
1926 4287 2126 4341 propo-

549 4379 687 4434 sita.
725 4375 833 4431 Sed
887 4372 1097 4428 invidia
1157 4358 1316 4439 {32
1373 4356 1573 4431 abfuit,
1612 4362 1907 4419 :emulatio'
1942 4373 2130 4419 autem

552 4480 864 4538 utrumque
906 4465 1204 4521 exercuit:
1244 4470 1298 4515 et
1326 4467 1604 4515 certamen
1637 4458 1799 4514 nobis
1828 4466 1968 4519 erat,
2017 4473 2128 4512 non

561 4572 686 4617 uter
722 4570 975 4615 nostrum
1018 4555 1225 4623 primas
1249 4552 1440 4616 ferret,
1476 4566 1669 4604 verum
1700 4560 1824 4604 uter
1851 4550 2012 4604 alteri
2041 4564 2136 4604 eas

561 4648 1095 4709 concederet.Alter
1123 4647 1275 4701 enim
1304 4643 1536 4698 alterius
1562 4643 1783 4698 laudem
1820 4654 1876 4698 ct
1907 4641 2136 4713 gloriam

560 4762 662 4817 pro
688 4760 786 4800 sua
820 4743 1080 4798 habebat.
1112 4741 1177 4794 Et
1204 4739 1260 4793 in
1295 4748 1530 4807 utroque
1550 4739 1665 4793 visa
1692 4746 1778 4792 est
1804 4738 1986 4791 anima
2030 4752 2137 4791 una

559 4841 674 4894 duo
709 4834 1074 4893 circumferre
1105 4846 1362 4902 corpora.
1394 4830 1552 4898 Quod
1584 4831 1630 4885 si
1656 4829 1994 4885 credendum
2022 4844 2134 4883 non

561 4940 652 4987 est
688 4928 1028 4989 dicentibus,
1085 4924 1272 4979 omnia
1314 4924 1368 4978 in
1418 4923 1681 4977 omnibus
1724 4937 1848 4978 esse
1892 4924 1994 4977 sita
2029 4939 2045 4977 :
2083 4932 2140 4976 at

561 5022 726 5077 nobis
758 5021 830 5075 id.
850 5019 1045 5074 saltem
1078 5019 1356 5083 credatur,
1384 5017 1618 5072 alterum
1660 5016 1717 5071 in
1762 5016 1939 5071 altero
1968 5016 2134 5070 situm

565 5114 763 5175 tuisse,
816 5121 874 5165 et
928 5111 1162 5165 alterum
1210 5110 1281 5163 ab
1319 5109 1493 5162 altero
1521 5107 1870 5177 pependisse.
1903 5107 2137 5177 Utrique

564 5219 707 5273 opus
752 5218 922 5261 unum
955 5200 1297 5272 propositum
1330 5198 1458 5265 fuit,
1484 5199 1658 5253 virtus
1705 5199 1848 5268 ipsa,
1879 5210 1937 5253 et
1970 5209 2029 5252 ut
2057 5199 2139 5255 vi-

567 5309 676 5352 tam
734 5310 952 5351 omnem
1003 5294 1072 5349 ad
1123 5307 1276 5363 spem
1336 5291 1581 5345 futuram
1637 5291 2026 5361 dirigeremus,
2081 5300 2138 5346 et

565 5390 724 5460 prius
784 5389 913 5444 inde
963 5387 1150 5441 animo
1205 5384 1636 5438 trauslerremur
1685 5397 1846 5453 quam
1904 5396 2139 5452 corpore

565 5483 965 5538 excederemus
991 5498 1005 5534 :
1044 5477 1113 5534 ad
1147 5475 1295 5547 quod
1324 5484 1659 5546 spectantes,
1691 5479 1860 5531 vitam
1886 5488 1945 5533 et
1966 5477 2141 5533 actio-

563 5588 694 5628 nem
728 5587 948 5626 omnem
980 5578 1226 5625 nostram
1262 5567 1336 5621 ita
1368 5566 1728 5632 instituimus,
1763 5578 1822 5622 ut
1851 5585 1952 5623 nos
1987 5584 2143 5623 man-

637 5686 714 5755 (ι)
758 5681 1292 5755 Coustantinupolim
1337 5680 1596 5755 Socrates
1642 5683 1841 5738 scribit
1883 5683 2142 5754 frequen-

572 5753 838 5835 tissimam
906 5754 1316 5807 multitudinem
1381 5753 1565 5817 alere,
1629 5765 1922 5822 propterea
1993 5757 2139 5823 quod

572 5836 721 5879 mare
755 5828 805 5878 ei
845 5839 1008 5879 otnue
1057 5837 1230 5893 genus
1273 5834 1610 5879 connueatus
1659 5828 1974 5895 suppeditet
2026 5843 2039 5879 :
2085 5836 2142 5897 et

2242 3283 2366 3321 esse
2388 3265 2556 3329 duco,
2589 3267 2737 3337 quod
2756 3268 2822 3321 ad
2855 3267 3121 3322 virtutem
3152 3283 3265 3322 non
3295 3269 3609 3332 conducat,
3637 3275 3793 3333 neque

2240 3375 2339 3415 eos
2394 3360 2486 3424 qui
2535 3360 2723 3416 studio
2776 3360 2904 3431 ejus
2956 3344 3247 3427 tenentur,
3299 3363 3563 3419 meliores
3593 3358 3787 3413 reddat.

2242 3452 2422 3521 Atque
2456 3452 2583 3508 aliis
2614 3451 2838 3522 quidem
2866 3453 2977 3508 alia
3006 3461 3158 3515 sunt,
3191 3453 3279 3508 vel
3309 3469 3341 3508 a
3387 3463 3538 3524 patre
3569 3457 3789 3516 accepta.

2243 3546 2329 3601 vel
2358 3551 2521 3600 domo
2553 3561 2621 3601 ex
2664 3545 3012 3615 quotidianis
3056 3543 3349 3601 studiiset
3378 3544 3683 3602 actionibus
3712 3556 3787 3593 re-

2244 3649 2461 3710 portata
2494 3639 2866 3711 cognomina:
2905 3640 3068 3695 nobis
3096 3654 3228 3694 vero
3255 3639 3449 3711 ingens
3476 3643 3784 3693 momentum

2245 3730 2350 3783 fuit
2376 3739 2437 3784 et
2475 3742 2702 3790 nomen,
2734 3738 2796 3783 ut
2836 3726 3137 3783 Christiani
3172 3736 3229 3784 et
3257 3742 3509 3785 essemus
3550 3737 3604 3782 et
3630 3724 3786 3779 nomi-

2245 3838 2530 3877 narentur.
2599 3820 2832 3876 Athenae
2900 3820 3164 3891 equidem
3232 3821 3359 3876 aliis
3420 3835 3529 3876 non
3594 3826 3784 3890 parum.

2245 3917 2514 3979 quantum
2548 3909 2615 3963 ad
2645 3909 2861 3964 animos
2902 3911 3167 3979 pertinet,
3195 3920 3424 3965 nocent.
3457 3911 3589 3965 Nam
3615 3906 3662 3960 id
3693 3917 3787 3959 non

2244 4004 2450 4059 frustra
2482 4002 2557 4072 pii
2586 4002 2909 4071 opinantur,
2941 4000 3091 4070 quod
3124 4002 3246 4071 plus
3273 4001 3383 4057 illa:
3410 4016 3572 4073 quam
3600 3997 3786 4064 reliqua

2243 4094 2455 4150 Graecia
2514 4094 2678 4149 idolis
2732 4094 3047 4148 abundant.
3078 4095 3146 4149 Et
3179 4095 3431 4165 profecto
3465 4094 3673 4150 diﬁicile
3697 4102 3788 4143 εει.

2244 4204 2354 4242 non
2408 4189 2573 4243 simul
2623 4187 2868 4256 aliquem
2914 4198 3300 4242 transversum
3330 4190 3451 4260 rapi
3497 4187 3565 4242 ab
3596 4186 3788 4242 illorum

2242 4282 2628 4340 laudatoribus
2674 4290 2732 4336 et
2772 4281 3043 4350 patronis.
3081 4281 3255 4337 Nobis
3298 4297 3433 4338 vero
3470 4283 3563 4353 qui
3610 4278 3790 4334 animis

2240 4377 2416 4447 probe
2458 4376 2690 4431 munitis
2718 4384 2886 4441 atque
2916 4376 3169 4430 instructi
3201 4390 3473 4442 essemus,
3508 4373 3705 4428 nullum
3729 4364 3789 4419 ab

2244 4471 2356 4526 illis
2388 4468 2616 4523 obvenit
2660 4466 3081 4522 detrimentum.
3120 4467 3263 4533 Quin
3288 4484 3319 4522 c
3348 4470 3569 4524 diverso
3601 4463 3787 4535 potius.

2167 4532 2215 4591 υ
2244 4562 2391 4633 quod
2424 4562 2650 4631 quidem
2684 4561 2838 4615 dictu
2887 4560 3142 4629 mirabile
3185 4572 3290 4627 est,
3343 4579 3410 4619 ea
3441 4578 3507 4618 ex
3542 4532 3614 4615 re
3635 4555 3785 4624 magis

2241 4656 2410 4710 etiam
2449 4656 2503 4708 in
2556 4653 2660 4708 ﬁde
2707 4668 2900 4707 sumus
2937 4654 3274 4717 conﬁrmati,
3322 4665 3617 4727 prepterea
3655 4645 3786 4718 quod

2240 4764 2488 4805 errorem
2520 4758 2576 4803 et
2600 4749 2974 4817 impuritatem
3006 4762 3203 4802 eorum
3233 4750 3685 4817 cognoverimus:
3723 4737 3785 4791 ibi

2241 4844 2519 4898 daemones
2545 4841 2917 4911 despicientcs
2950 4840 3046 4896 ubi
3079 4842 3357 4897 daemones
3388 4849 3516 4898 sunt
3544 4841 3596 4894 in
3625 4833 3786 4890 admi-

2242 4935 2474 4989 ratione.
2508 4933 2575 4988 Et
2621 4933 2668 4987 si
2701 4932 2828 5001 quis
2863 4941 2951 4987 est
2983 4941 3079 4986 aut
3127 4933 3377 4988 creditur
3409 4948 3534 4989 esse
3577 4925 3785 4983 ﬂuvius.

2240 5027 2334 5097 qui
2395 5041 2493 5095 per
2546 5025 2885 5094 salsuginem
2932 5038 3178 5077 amaram
3223 5027 3391 5080 maris
3460 5017 3783 5077 dulcedinem

2240 5132 2395 5171 suam
2442 5115 2686 5171 retinens
2725 5115 2883 5169 ﬁuit:
2921 5126 3014 5170 aut
3047 5116 3305 5170 animans
3337 5116 3542 5184 aliqua,
3589 5120 3702 5178 qua:
3736 5101 3784 5154 ίη

2242 5209 2385 5277 igne.
2415 5224 2443 5264 a
2491 5225 2602 5279 quo
2631 5209 2814 5263 omnia
2855 5217 3285 5273 consumantur,
3315 5207 3580 5264 subsilit:
3616 5198 3669 5254 id
3699 5205 3791 5279 ηοξ
3834 5199 3847 5205 ’

2241 5301 2387 5355 inter
2441 5301 2686 5371 aequales
2739 5315 2936 5354 omnes
2984 5299 3234 5370 profecto
3284 5300 3511 5355 fuimus.
3554 5293 3618 5348 Et
3653 5278 3786 5357 ιιυοά

2241 5393 2683 5463 pulcherrimum
2733 5403 2854 5458 est,
2911 5392 3177 5448 sodalitas
3219 5393 3470 5462 quadam
3525 5384 3787 5441 nobiscum

2242 5499 2352 5539 non
2381 5486 2645 5554 ignobilis
2674 5484 2801 5549 fuit,
2837 5500 2960 5554 qua:
2990 5487 3060 5540 ab
3097 5485 3193 5539 illo
3245 5494 3503 5553 tanquam
3553 5476 3686 5530 duce
3714 5467 3785 5517 iu-

2244 5577 2580 5633 stituebatur
2639 5587 2805 5649 atque
2868 5580 3187 5649 regebatur,
3250 5578 3458 5633 eisdem
3519 5564 3781 5625 nobiscum

2244 5699 2509 5763 praeterea
2546 5706 2669 5743 cum
2706 5707 2844 5760 opus
2879 5691 2977 5754 sit,
3009 5689 3428 5763 Euxinol‘onto
3463 5685 3649 5763 iugetis
3673 5668 3788 5763 λῖτα·

2245 5743 2416 5814 ἶιιθιιιί
2451 5753 2605 5831 εἶψὶε
2627 5778 2711 5816 eo
2743 5743 3288 5832 'stthveliaturswib.
3310 5743 3402 5825 Vtv,
3431 5743 3550 5824 cap:
3584 5743 3688 5812 ιδ’)
