4056 6464
398 379 502 442 631
1333 394 1932 465 ECCLESlASTlC.~E
1972 399 2355 464 HlSTORl.E
2398 390 2542 461 Lts.
2584 397 2690 460 XI.
3508 388 3650 464 .632

409 502 610 560 studiis
647 500 912 575 gaudens.
952 505 1212 574 Quamvis
1242 511 1456 578 pedites
1482 553 1497 577 ,
1545 515 1699 584 juxta
1742 518 1970 590 Lydium
2006 535 2044 578 Α
2081 519 2237 588 133
2283 519 2499 585 itaque,
2532 524 2826 585 postquam
2880 509 2934 563 in
2996 503 3401 577 philosophicis
3447 505 3651 561 litteris

408 614 657 665 currum,
691 600 841 656 illius
884 602 1097 657 scilicet
1127 618 1348 660 cursum
1374 615 1433 662 et
1476 625 1683 666 morem
1712 627 1972 669 currere-
2079 613 2218 666 satis
2267 608 2472 665 versati
2518 618 2704 670 erant,
2736 620 2803 658 ex
2836 595 3093 672 Origenis
3123 610 3178 656 et
3232 599 3496 663 aliorum,
3552 596 3648 666 qui

408 707 550 748 mus.
595 692 753 748 Unde
781 694 1081 750 celebritas
1110 697 1360 766 quadam
1386 702 1549 758 nobis
1575 705 1805 772 contigit
1825 705 1972 775 apud
2081 705 2237 758 illum
2298 702 2385 756 vel
2440 706 2866 769 praecesserant,
2916 695 3002 748 vel
3062 693 3347 749 consecuti
3403 691 3649 750 fuerant.

405 786 701 855 magistros
730 794 787 840 et
816 788 1228 845 commilitones
1260 801 1506 857 nostros,
1539 807 1808 865 praterea
1842 811 1972 853 vero
2075 793 2254 857 libris,
2309 806 2588 848 sacrarum
2628 786 2957 844 Litterarum
2986 785 3314 841 sententiam
3363 783 3650 837 addidice-

405 876 460 931 in
502 876 707 932 Graecia
743 879 918 942 omni.
952 880 1098 948 apud
1131 895 1229 937 eos
1262 884 1499 941 maxime
1528 888 1623 958 qui
1656 889 1712 942 in
1738 904 1801 944 ea
1832 905 1973 960 prae-
2076 894 2226 941 runt.
2260 884 2448 954 Magna
2493 884 2640 938 enim
2686 891 2800 935 tum
2844 882 2979 935 orbe
3030 889 3145 935 tcto
3177 875 3432 946 Origcnis
3468 875 3643 944 gloria

406 971 566 1030 cipue
596 969 729 1024 clari
766 982 916 1025 sunt.
950 971 1095 1037 Quin
1136 974 1250 1046 jam
1290 974 1435 1031 fama
1469 993 1691 1048 quoque
1728 982 1973 1036 nominis
2078 979 2202 1032 fuit.
2241 976 2298 1031 In
2349 979 2469 1047 ejus
2514 976 2678 1030 libris
2718 990 2842 1028 cum
2891 988 2948 1027 se
2989 971 3388 1032 exercuissent,
3425 968 3646 1021 Arianis

403 1061 579 1116 nostri
627 1063 768 1116 ultra
811 1061 1034 1118 Gracia
1089 1063 1249 1130 lines,
1306 1067 1467 1122 sicuti
1518 1069 1623 1125 hoc
1670 1073 1970 1128 multorum
2077 1079 2302 1123 strenue
2349 1068 2698 1122 restiterunt.
2751 1064 2818 1118 Et
2870 1063 3000 1133 quia
3048 1062 3126 1115 illi
3181 1060 3548 1114 auctoritates
3591 1069 3647 1111 et

405 1168 660 1208 sermone
727 1153 1052 1216 ferebatur.
1125 1161 1418 1226 processit.
1486 1161 1661 1217 Tanta
1733 1180 1972 1236 namque
2079 1162 2398 1216 teStimonia
2440 1176 2508 1214 ex
2546 1157 2797 1228 Origenis
2836 1155 3059 1223 scriptis
3109 1153 3176 1207 ad
3222 1152 3431 1222 dogma
3486 1167 3645 1204 suum

407 1257 801 1315 praceptorum
847 1256 1190 1311 nostrorum,
1234 1262 1440 1319 quanta
1483 1254 1871 1321 Athenarum,
1917 1267 1974 1312 et
2073 1250 2548 1320 comprobandum
2606 1249 2935 1311 atferebant,
2993 1247 3097 1316 ipsi
3148 1261 3244 1299 eos
3300 1244 3644 1299 refellerunt.

408 1344 557 1393 tanta
589 1345 797 1400 nostra,
826 1348 1034 1407 quanta
1065 1353 1464 1410 praceptorum
1489 1344 1610 1399 laus
1643 1346 1765 1401 fuit.
1791 1351 1972 1418 Atque
2075 1358 2205 1408 non.
2249 1343 2385 1398 satis
2445 1341 2701 1412 Origenis
2766 1340 3102 1395 sententiam
3172 1347 3458 1390 assecutos
3523 1348 3646 1387 esse

406 1428 542 1482 adeo
575 1443 672 1496 per
702 1430 1013 1483 amicorum
1055 1431 1294 1502 insigne.
1327 1434 1488 1490 sicuti
1539 1438 1764 1501 fuimus,
1802 1439 1876 1493 ita
1916 1450 1977 1497 et
2077 1434 2458 1489 ostendentes.
2516 1432 2676 1501 Apud
2729 1433 2934 1485 multos
2991 1429 3214 1498 quidem
3268 1436 3381 1480 tum
3432 1426 3644 1483 Ariani.

409 1518 583 1573 habiti
618 1536 847 1576 sumus:
889 1532 950 1576 ut
987 1524 1128 1578 nihil
1166 1526 1348 1581 simile
1381 1528 1528 1597 apud
1550 1526 1775 1586 ‘Grzecos
1800 1530 1971 1586 babe-
2075 1533 2241 1592 atque
2288 1520 2593 1577 Eunomius
2658 1528 2715 1574 et
2770 1520 2887 1589 ipse
2940 1517 3286 1581 Arianizaus,
3342 1517 3398 1569 in
3452 1529 3649 1583 magno

409 1618 529 1665 rent
572 1610 662 1664 vel
698 1610 926 1669 Orestes
970 1622 1029 1668 et
1066 1614 1323 1686 Pylades,
1369 1618 1454 1673 vel
1492 1618 1824 1687 Molionida,
1861 1622 1971 1677 Ho-
2075 1614 2234 1670 l'uere
2285 1613 2487 1683 pretio.
2542 1614 2613 1666 At
2678 1612 2756 1666 illi
2799 1619 3087 1681 postquam
3133 1623 3257 1663 cum
3284 1606 3552 1677 Gregorio
3595 1613 3650 1659 et

409 1702 594 1756 inerici
644 1704 904 1759 carminis
950 1705 1283 1763 miraculum
1312 1709 1412 1778 (-1).
1452 1728 1471 1761 ι
1514 1710 1640 1767 Hac
1675 1711 1971 1783 Gregorius
2072 1705 2274 1763 Basilio
2307 1706 2394 1760 vel
2446 1704 2671 1776 scriptis
2716 1705 2804 1759 vel
2833 1700 3305 1789 disputationibus
3338 1709 3471 1754 sunt
3509 1712 3647 1752 con-

412 1793 476 1848 de
536 1808 635 1848 sua
696 1803 754 1850 et
800 1795 989 1850 Basilii
1040 1797 1331 1868 disciplina
1372 1810 1429 1854 et
1476 1801 1742 1869 amicitia,
1803 1819 1969 1874 quam
1999 1851 2047 1874 ,-
2073 1799 2268 1871 gressi,
2292 1797 2498 1854 indocti
2529 1812 2758 1868 prorsus
2782 1811 2905 1851 esse
2930 1794 3198 1864 comperti
3229 1802 3379 1849 sunt.
3410 1792 3650 1847 Basilius

413 1885 576 1940 etiam
627 1900 755 1939 cum
796 1888 1000 1958 scripta
1031 1888 1318 1960 pleraque,
1351 1900 1467 1946 tum
1500 1894 1747 1964 epistola
1773 1851 1967 1952 eorum
1999 1851 2050 1912 Β
2078 1905 2111 1945 a
2164 1890 2384 1946 Meletio
2437 1889 2743 1945 Antiochia:
2787 1888 3050 1959 episc0po
3084 1886 3353 1941 diaconus
3402 1895 3645 1949 creatus,

412 1980 578 2047 magis
603 1978 906 2036 declarant.
948 1981 1061 2036 Hos
1099 1997 1237 2038 sane
1273 1984 1426 2039 viros
1465 1985 1511 2040 si
1554 1987 1682 2055 quis
1730 1989 1877 2044 inter
1910 2003 1970 2044 se
2078 1990 2270 2052 postea
2307 1981 2502 2053 patriae
2534 1997 2650 2039 sua?
2693 1978 2959 2038 Cmsal‘em
2984 1978 3372 2050 Cappadocum
3413 1978 3648 2033 antisles

404 2073 679 2137 conterre,
733 2074 1038 2144 vitamque,
1088 2090 1274 2132 mores
1331 2085 1388 2133 et
1451 2079 1711 2135 virtutem
1773 2095 1969 2136 eorum
2078 2073 2280 2141 factus,
2317 2089 2443 2129 cum
2473 2088 2608 2129 cura
2638 2082 2694 2130 et
2742 2072 2849 2133 [ide
2883 2072 3137 2128 ecclesiis
3169 2071 3648 2142 prafuit.Veritus

405 2180 679 2235 exponere
698 2166 849 2231 velit,
871 2168 1104 2222 alterum
1126 2170 1288 2225 alteri
1312 2170 1573 2241 praferre
1596 2171 1969 2228 addubitabit.
2077 2169 2224 2223 enim
2256 2182 2327 2223 ne
2355 2182 2444 2223 res
2469 2167 2798 2222 Arianorum
2825 2182 2982 2221 nova
3032 2166 3192 2220 Ponti
3215 2166 3382 2221 etiam
3407 2164 3646 2219 ditiones

406 2256 530 2312 Fuit
557 2258 702 2311 enim
729 2260 875 2313 inter
896 2272 1018 2325 eos,
1046 2270 1106 2315 et
1137 2261 1266 2315 vita
1289 2261 1609 2329 sanctioris,
1639 2270 1697 2318 et
1723 2264 1971 2333 profana
2080 2265 2454 2329 occuparent,
2507 2258 2766 2315 celeriter
2816 2258 2885 2315 ad
2943 2274 3038 2315 eas
3095 2268 3280 2329 partes
3333 2258 3646 2329 percurrit,

401 2347 571 2403 simul
605 2362 886 2418 sacraque
918 2348 1190 2405 doctrina
1237 2351 1602 2406 concertatio.
1650 2351 1786 2407 Nam
1831 2355 1970 2409 ado-
2078 2344 2246 2419 atque
2298 2349 2699 2406 monachorum
2747 2349 2822 2406 ibi
2891 2350 3159 2408 exercitia
3211 2350 3532 2411 instituens,
3586 2357 3647 2404 et

400 2441 676 2497 lescentes
721 2440 926 2507 adhuc,
950 2441 1183 2497 Athenis
1225 2442 1456 2498 Himerii
1507 2453 1564 2499 et
1612 2444 1967 2511 Probaresii,
2078 2441 2374 2512 plerosque
2421 2457 2578 2498 sacra
2622 2442 2877 2498 doctrina
2911 2443 3200 2512 erudiens,
3234 2444 3291 2500 in
3338 2443 3442 2500 ﬁde
3473 2444 3644 2499 etiam

398 2534 497 2604 qui
548 2543 661 2589 tum
701 2533 846 2589 inter
888 2534 1165 2606 sopbistas
1205 2536 1472 2607 pracipui
1538 2546 1722 2601 erant,
1772 2538 1972 2596 deinde
2079 2530 2408 2589 ﬂuctuantes
2440 2534 2807 2591 conﬁrmavit.
2848 2534 3117 2607 Gregorio
3145 2546 3354 2602 autem,
3393 2535 3488 2605 qui
3520 2535 3632 2590 Na-

401 2626 574 2680 etiam
632 2624 937 2680 Antiochia
992 2624 1051 2680 in
1100 2623 1260 2696 Syria
1309 2624 1527 2681 Libanii
1582 2627 1866 2685 auditores
1914 2639 1972 2685 et
2082 2624 2258 2678 ziaMi
2290 2625 2559 2681 mediocri
2598 2625 2958 2696 (Ἰεβρθάοεῖαδ
3005 2626 3231 2698 Oppido:
3277 2629 3422 2695 ολιτί
3456 2643 3557 2684 SUO
3592 2631 3650 2684 in

402 2717 660 2789 discipuli
697 2724 870 2771 artem
903 2715 1236 2783 rhetoricam
1269 2731 1484 2772 summe
1528 2718 1969 2789 perdidicerunt.
2077 2717 2399 2787 episcopatu
2446 2719 2731 2783 successit,
2777 2718 2921 2773 idem
2967 2720 3211 2775 studium
3240 2721 3365 2777 luit.
3392 2720 3647 2777 Circum-

402 2811 652 2876 Etcum,
697 2810 847 2881 quod
882 2811 950 2866 ad
976 2809 1343 2881 philosophia
1372 2810 1557 2869 studia
1603 2811 1763 2869 valde
1793 2830 1972 2886 appo-
2080 2811 2199 2865 iens
2260 2809 2410 2864 enim
2453 2817 2510 2865 et
2556 2809 2672 2879 ipse
2717 2811 2916 2880 oppida
2954 2812 3243 2882 pleraque,
3284 2828 3381 2868 eos
3414 2814 3509 2884 qui
3583 2815 3640 2869 in

404 2906 497 2962 siti
526 2913 735 2971 essem,
759 2904 989 2974 quidam
1035 2918 1133 2960 eos
1180 2903 1252 2959 ad
1298 2903 1462 2960 ludos
1506 2906 1863 2976 aperiendas,
1913 2916 1972 2964 et
2080 2899 2344 2971 religione
2385 2900 2639 2957 imbecilli
2668 2909 2853 2967 erant,
2884 2902 3242 2959 confortavit.
3280 2905 3640 2962 Potissimum

403 2997 765 3067 sophisticam
822 2994 992 3050 vitam
1050 2994 1571 3065 complectendam,
1629 2997 1726 3054 alii
1779 3006 1970 3054 autem
2079 3008 2213 3049 vero
2253 2991 2783 3064 Constantinopolim
2839 2993 3186 3064 frequentius
3236 2996 3447 3064 visens,
3504 3012 3636 3056 son-

400 3091 476 3146 ad
514 3104 708 3147 causas
760 3089 819 3144 in
852 3087 973 3144 foro
1006 3087 1252 3159 agendas
1299 3087 1752 3156 cohortarentur,
1784 3090 1970 3147 studio
2080 3084 2265 3140 tentia
2291 3100 2404 3141 suae
2435 3086 2830 3169 suffragatores
2861 3089 2916 3144 in
2944 3088 3196 3148 doctrina
3235 3096 3588 3155 confirmavit
3623 3120 3635 3151 :

413 3192 650 3255 utroque
676 3190 1022 3255 contempto,
1061 3181 1369 3239 solitariam
1396 3190 1531 3239 sunt
1558 3182 1728 3238 vitam
1766 3183 1969 3238 secuti.
1999 3212 2044 3271 ο
2071 3186 2133 3232 et
2165 3185 2353 3245 postea
2388 3177 2446 3233 in
2488 3193 2610 3234 eam
2641 3180 2832 3236 urbem
2862 3182 3104 3253 legitime
3146 3196 3432 3254 evocatus,
3464 3193 3610 3254 admi
3628 3224 3643 3234 -

1269 3293 1275 3301 .
2012 3266 2042 3271 '
2076 3266 2459 3325 nistrationem
2494 3267 2755 3327 Ecclesia
2784 3272 2858 3328 ibi
2891 3275 3189 3331 multorum
3235 3281 3633 3352 episcoporum

401 3367 650 3438 ὕστερον,
681 3366 955 3437 συνδρομῇ
984 3363 1196 3419 πολλῶν
1227 3363 1420 3434 ἱερέων
1442 3363 1542 3435 τῆς
1575 3362 1760 3418 ἐκεῖσε
1778 3363 1977 3436 ἐκκλη-

2073 3372 2350 3415 concursu
2390 3372 2446 3416 et
2493 3361 2759 3435 suffragio
2789 3367 3054 3437 suscepit.
3098 3368 3257 3436 Quod
3309 3374 3417 3429 nisi
3451 3375 3640 3433 divina

404 3458 525 3521 σίας
558 3456 657 3526 τὴν
694 3457 1002 3526 ἐπισκοπὴν
1032 3455 1341 3531 ἐπετράπη.
1380 3451 1442 3507 Εἰ
1488 3452 1563 3524 μὴ
1597 3456 1704 3524 γὰρ
1740 3453 1904 3507 αὐτὸν
1938 3456 1972 3525 ὴ

2076 3453 2268 3520 gratia,
2308 3461 2368 3505 ut
2399 3454 2445 3508 is
2473 3469 2539 3509 eo
2564 3458 2803 3523 veniret,
2833 3471 3212 3530 procurasset,
3251 3466 3401 3534 quod
3433 3473 3600 3539 expnl
3620 3501 3636 3509 ν

403 3549 522 3603 θεία
569 3547 728 3619 χάρις
756 3548 935 3602 ἐκεῖσε
960 3543 1326 3616 παραϐάλλειν
1360 3544 1554 3611 ἐκίνει,
1588 3544 1713 3615 μήτ’
1748 3545 1974 3598 ἐπισκό-

2076 3542 2153 3597 sis
2205 3543 2504 3607 omnibus,
2567 3563 2747 3618 neque
2813 3551 3110 3621 episcopus
3167 3570 3347 3625 neque
3405 3560 3637 3616 ecclesia

400 3659 507 3695 που
537 3641 663 3712 μήτ’
694 3638 991 3709 ἐκκλησίας
1029 3636 1218 3707 οὔσης,
1243 3637 1462 3691 πάντων
1491 3635 1535 3689 δ’
1572 3635 1973 3706 ἐλαυνομένων,

2079 3633 2155 3687 ibi
2203 3644 2386 3700 esset,
2417 3638 2724 3707 periculum
2761 3651 2915 3700 certe
2946 3652 2998 3697 et
3033 3653 3212 3700 metus
3247 3647 3365 3703 fere
3407 3647 3605 3706 luisset
3634 3694 3648 3715 ,

399 3734 707 3789 ἐκινδύνευε
730 3732 915 3803 σχεδὸν
935 3730 1126 3802 μηκέτ’
1149 3727 1288 3784 εἶναι
1313 3731 1379 3800 τῇ
1402 3730 1811 3783 Κωνσταντίνου
1832 3728 1891 3781 τὺ
1906 3732 1971 3800 τῇ

2078 3741 2148 3780 ne
2200 3724 2399 3793 deinde
2465 3729 2702 3787 Nicana
2773 3731 2897 3788 ﬁdei
2946 3735 3213 3792 doctrina
3259 3737 3653 3797 Constantino-

402 3828 459 3879 ἐν
505 3823 710 3893 Νικαία
757 3822 992 3883 πίστεως
1029 3820 1226 3890 δόγμα.
1273 3820 1434 3873 Ἀλλὰ
1476 3821 1606 3890 περὶ
1647 3820 1748 3889 μὲν
1780 3819 1973 3872 τούτου

2078 3818 2186 3888 poli
2247 3820 2399 3875 locus
2448 3820 2688 3877 deesset.
2744 3822 2852 3879 Sed
2904 3824 3007 3881 hac
3056 3826 3124 3881 de
3186 3843 3245 3884 re
3298 3840 3489 3899 postea
3547 3848 3648 3887 suo

399 3920 497 3973 καὶ
526 3917 682 3981 αὖθις
726 3916 870 3970 κατὰ
901 3919 1085 3986 χώραν
1121 3913 1353 3986 ἐροῦμεν
1383 3932 1398 3947 υ
1435 3915 1493 3968 τὸ
1524 3914 1579 3968 δέ
1609 3931 1673 3982 γε
1720 3914 1815 3967 νῦν
1849 3915 1977 3984 περὶ

2077 3912 2200 3968 loco
2254 3911 2455 3967 dicam.
2514 3916 2571 3968 lu
2628 3916 2919 3985 prasentia
2972 3918 3257 3975 historiam
3315 3921 3384 3976 de
3443 3924 3643 3980 Basilio

401 4011 678 4066 Βασιλείου
703 4008 955 4078 διέξειμι.

803 4008 955 4078 ξειμι.
2079 4021 2405 4077 persequar.

988 4123 1241 4177 ΚΕΦΑΛ.
1283 4120 1389 4177 ιη’.

2627 4121 2856 4176 CAPUT
2899 4121 3085 4179 XVIII.

410 4220 511 4286 Ὧς
543 4218 692 4287 μετὰ
715 4216 1013 4288 Εὑσέὄιον
1043 4217 1364 4288 Βασζλειος
1398 4214 1518 4288 τὴν
1550 4214 1976 4288 Καππαδοκῶν

2083 4212 2148 4268 Ut
2175 4220 2289 4281 post
2324 4211 2612 4288 Eusebium
2631 4282 2640 4288 Δ
2660 4212 2864 4288 Basilio
2883 4214 3124 4288 Ecclesia
3150 4216 3547 4288 Cappadocum
3577 4225 3645 4276 sit

470 4282 769 4357 ἐπετράπη
794 4305 808 4320 ο
846 4287 949 4341 καὶ
979 4288 1111 4356 περὶ
1141 4286 1251 4355 τῆς
1298 4282 1793 4355 πρὸςήούάλεντα
1821 4286 1976 4353 παῤ-

2147 4285 2479 4357 εοηιηιῐεδα;
2522 4292 2572 4335 ει
2606 4282 2668 4336 de
2702 4284 2895 4354 insigni
2926 4285 3042 4355 ejus
3088 4282 3337 4342 adversus
3374 4289 3647 4346 Valentem

465 4352 690 4429 ῤηῖας
720 4352 930 4413 α’ὺτοῦ.
1050 4352 1067 4356 ⁷
1202 4352 1239 4355 ’ί
1342 4352 1353 4355 ⁷
1902 4352 1911 4353 ί

1050 4352 1067 4356 τ
1202 4352 1211 4355 -
1230 4352 1239 4353 ί
1342 4352 1353 4355 ν
1902 4352 1911 4353 '
2149 4354 2355 4405 dicendi
2381 4352 2640 4408 libertate.

476 4476 717 4546 Διαφορά
767 4490 853 4535 τις
908 4470 1110 4540 συνέϐη
1151 4469 1229 4540 τῷ
1263 4469 1370 4541 πρὸ
1417 4467 1515 4523 τοῦ
1546 4467 1829 4523 Βασιλείου
1875 4471 1976 4537 τῆς

2150 4468 2407 4531 Eusebio,
2439 4471 2530 4539 qui
2557 4480 2684 4524 ante
2711 4469 2968 4525 Basilium
3004 4473 3252 4528 ecclesiae
3282 4475 3647 4531 Casariensis

334 4556 335 4559 “
414 4563 739 4634 Ἐκκλησίας
768 4560 1106 4632 καθηγεμόνι
1130 4559 1395 4629 Εύσεϐἰῳ,
1418 4559 1498 4613 ἑτι
1520 4560 1578 4617 ἐν
1599 4560 1870 4623 διακόνοις
1887 4577 1936 4612 τε

2045 4564 2409 4631 ιςυὺει-οοιοι*
2443 4563 2567 4625 fuit,
2596 4563 2885 4619 dissidium
2940 4565 3213 4634 quoddam
3261 4581 3385 4621 cum
3446 4568 3647 4623 Basilin

405 4658 645 4720 λοῦντος.
673 4652 781 4709 Ἦν
813 4653 871 4708 δὲ
897 4656 928 4708 ὁ
946 4653 1212 4734 Ἐὐσέϐιος
1244 4653 1337 4706 καὶ
1362 4650 1530 4705 τᾶλλα
1561 4652 1660 4720 μὲν
1689 4653 1975 4716 ἐπαινετὸς

2077 4656 2378 4712 etiamnum
2396 4656 2629 4711 diacono
2650 4655 2983 4711 intercessit.
3002 4656 3129 4712 Fuit
3156 4667 3342 4712 autem
3373 4659 3647 4715 Eusebius

405 4753 433 4805 ὁ
472 4751 630 4821 ἀνὴρ,
664 4748 759 4801 καὶ
791 4749 900 4812 τοῖς
944 4746 1085 4816 ὑπὲρ
1107 4744 1388 4808 εὐσεϐείας
1426 4744 1692 4807 κινδύνοις
1742 4744 1977 4815 μάλιστα

2075 4763 2205 4805 cum
2225 4748 2348 4803 aliis
2378 4749 2433 4803 in
2469 4750 2638 4802 rebus
2663 4748 2752 4809 vir
2797 4763 3050 4816 magnus,
3082 4758 3196 4802 tum
3250 4750 3650 4805 certaminibus

402 4844 725 4915 διαπρέψας,
758 4841 833 4905 ὡς
868 4843 896 4894 ὁ
927 4839 1050 4893 τότε
1084 4837 1252 4902 ἔδειξε
1289 4836 1548 4907 διωγμὸς.
1587 4836 1697 4905 Τῆς
1735 4835 1826 4891 οὖν
1857 4836 1977 4890 δια-

2075 4852 2133 4897 et
2155 4840 2415 4912 periculis
2442 4855 2542 4910 pro
2567 4841 2771 4910 pietate
2815 4839 3117 4894 subeundis
3148 4840 3386 4895 maxime
3440 4854 3656 4912 specta-

401 4942 572 5010 φορᾶς
593 4936 914 5006 γενομένης,
943 4932 1220 4993 Βασίλειος
1254 4932 1352 5000 μὲν
1379 4930 1473 4983 ἐπὶ
1492 4929 1583 4981 τὸν
1613 4928 1814 4981 Πόντον
1843 4928 1983 4999 ἐχώο

2079 4943 2189 4991 tus.
2222 4933 2279 4988 ιιι
2327 4934 2472 5004 quod
2500 4934 2619 5003 ejus
2656 4932 2924 5003 temporis
2978 4931 3297 5002 persecutio
3332 4932 3651 4989 declaravit.

403 5050 512 5105 ρει,
548 5031 645 5084 καὶ
660 5031 771 5092 τοῖς
797 5028 974 5080 ἐκεῖσε
1002 5023 1310 5093 φιλοσόφως
1341 5021 1477 5086 ζῶσι
1507 5021 1673 5090 συνῆν
1693 5036 1706 5050 ·
1736 5022 1764 5073 ὁ
1789 5020 1847 5075 δὲ
1866 5021 1977 5074 τῶν

2082 5026 2374 5082 Dissidium
2424 5036 2609 5080 autem
2642 5040 2765 5080 cunt
2795 5026 2879 5080 eis
2930 5025 3375 5092 intercessisset,
3425 5023 3658 5078 Basilius

403 5124 728 5195 Καισαρέων
743 5121 938 5191 δῆμος,
960 5120 1056 5170 καὶ⁸
1079 5117 1283 5187 μᾶλλον
1308 5116 1422 5169 ὅσοι
1451 5112 1547 5166 τοῦ
1571 5112 1812 5183 πλήθους
1835 5108 1979 5184 ἦσαν

2082 5122 2137 5175 in
2172 5121 2405 5174 Pontum
2431 5119 2680 5183 secessit,
2715 5128 2881 5187 atque
2916 5116 2990 5172 ibi
3039 5133 3164 5173 cum
3191 5118 3479 5173 monachis
3538 5121 3629 5187 phi

403 5217 741 5288 σοφώτεροι,
782 5211 850 5267 δι’
881 5210 1136 5272 ὑπονοίας
1164 5205 1313 5279 εἶχον
1337 5205 1624 5269 Εὐσέϐιον,
1657 5207 1750 5258 καὶ
1780 5206 1978 5258 ἀπολι-

2078 5212 2362 5278 losophice
2416 5210 2728 5265 viventibus
2762 5210 2884 5265 fuit.
2929 5210 3090 5266 Plebs
3144 5219 3327 5266 autem
3356 5209 3658 5266 Casarieu-

403 5316 527 5366 πεῖν
553 5326 612 5363 τε
640 5307 800 5363 αὐτὸν
830 5302 1202 5366 ἐϐουλεύοντο,
1238 5303 1332 5354 καὶ
1363 5299 1485 5352 κατ’
1521 5298 1659 5352 ἰδίαν
1684 5297 1984 5369 χωρισθέν-

2081 5307 2180 5368 sis,
2206 5313 2369 5373 atque
2392 5305 2447 5358 in
2478 5304 2675 5373 primis
2703 5304 2797 5373 qui
2825 5318 2889 5359 ea
2920 5312 3081 5360 erant
3109 5303 3474 5366 cordatiores,
3507 5303 3653 5372 quod

400 5422 516 5469 τες,
544 5405 643 5465 τὰς
678 5399 1003 5468 συναγωγὰς
1037 5396 1176 5466 δῆτα
1227 5392 1538 5456 ποιεῖσθαι,
1573 5393 1656 5445 ὅτι
1687 5392 1864 5461 φυγῆς
1894 5390 1982 5444 αι’-

2085 5399 2383 5455 Eusebium
2416 5408 2734 5468 suspectum
2769 5397 3070 5461 habebant,
3102 5397 3260 5465 quasi
3307 5394 3447 5464 fuga
3493 5408 3660 5449 causa

404 5515 517 5560 τιος
542 5493 787 5564 ἐγεγόνει
815 5491 973 5563 ἀνδρὶ
994 5487 1236 5558 τοσούτῳ
1255 5487 1355 5556 τὴν
1376 5484 1580 5555 ἀρετὴν
1600 5483 1691 5536 καὶ
1721 5483 1868 5554 βιοῦν
1890 5483 1985 5537 λι.

2086 5499 2235 5546 esset
2253 5490 2354 5545 viri
2378 5491 2538 5553 tanti,
2561 5489 2658 5559 qui
2688 5487 2892 5543 virtute
2917 5497 2972 5543 et
2995 5487 3242 5542 moribus
3268 5494 3324 5540 et
3345 5486 3663 5554 eloquentia

402 5607 522 5658 γειν
551 5589 694 5656 ὑπὲρ
720 5588 965 5646 ἅπαντας
1000 5581 1292 5650 εὐδοκίμῳ,
1326 5579 1419 5632 καὶ
1443 5575 1619 5631 ταῦτα
1652 5577 1872 5644 στίφους
1895 5592 1986 5628 το-

2087 5582 2346 5639 onmibus
2376 5581 2498 5635 aliis
2525 5581 2735 5635 clarior
2755 5588 2921 5643 esset,
2978 5593 3046 5632 eo
3081 5578 3359 5648 pracipue
3417 5585 3666 5645 tempore

407 5682 613 5737 σούτων
642 5676 936 5750 αἱρετικῶν
953 5673 1323 5745 περιθέοντος.
1341 5670 1401 5723 '0
1440 5671 1538 5740 μὲν
1557 5664 1652 5723 οὖν
1677 5668 1982 5731 Βασίλειος,

2086 5688 2198 5744 quo
2231 5673 2621 5728 haereticorum
2672 5672 2865 5741 ingens
2913 5668 3211 5725 multitudo
3264 5670 3658 5725 circumcursa-

486 5864 560 5933 (l)
590 5861 807 5916 Sozom.
838 5857 965 5912 eod.
992 5871 1115 5925 cap.
1156 5856 1242 5910 Η.
1278 5852 1490 5908 Sorrat.
1518 5848 1643 5904 eod.
1676 5863 1793 5918 cap.
1820 5846 1915 5902 26.
