4056 6426
515 299 632 365 “£23

1692 353 1712 368 .
1750 301 2172 365 NICEPHORI
2215 305 2300 365 CA
2311 305 2562 366 LLISTI

3677 309 3768 373 (illi

517 417 967 485 ret,consilium
1018 417 1137 488 ejus
1189 417 1533 488 relinquendi
1587 427 1642 472 et
1696 412 1924 473 scorsim
1984 435 2088 473 con

2214 420 2302 474 ἴνα
2369 421 2444 491 μὴ
2501 421 2561 473 τὸ
2622 419 2704 488 ἐφ’
2761 417 2940 490 ἑαυτῷ
2991 417 3090 492 τὴν
3154 418 3457 490 ἐκκλησίαν
3502 419 3770 493 ἐπιτρέψῃ.

518 519 718 566 ventus
765 510 869 564 sibi
906 525 1036 564 suos
1084 509 1279 580 agendi
1345 524 1561 578 cepere.
1599 508 1758 581 134
1806 512 1985 580 Atque
2030 511 2104 566 ita

516 607 742 677 quidem
800 604 1067 667 Basilius,
1143 619 1245 668 ne,
1321 613 1586 673 quantum
1660 621 1717 659 tn
1795 619 1863 658 co
1934 604 2102 659 situm

516 709 656 762 erat,
720 696 1022 752 Ecclesiam
1065 694 1323 765 plurimis
1375 695 1706 749 tumultibus
1763 695 1831 748 ab
1883 696 1964 750 eis
2007 696 2101 765 qui

517 791 692 844 aliena
767 788 1110 850 sentiebant,
1179 787 1568 842 conturbatum
1617 788 1854 858 amplius
1901 788 2105 859 all'lige-

519 891 643 946 ret,
724 879 966 950 quietam
1035 881 1087 933 in
1173 879 1420 934 Ponticis
1495 879 1847 935 monasteriis
1905 881 2102 950 agebat

513 977 704 1030 vitam.
769 975 967 1029 Valens
1021 982 1231 1034 autem,
1282 982 1340 1027 et
1371 988 1491 1042 quae
1514 989 1639 1027 cum
1681 987 1748 1028 eo
1793 980 1912 1028 erat
1945 989 2098 1028 sacra

512 1069 716 1122 cohors
772 1067 1016 1138 (semprr
1064 1067 1210 1120 enim
1274 1065 1432 1120 illum
1494 1064 1789 1119 incitantes
1855 1064 2096 1135 episcopi

514 1161 701 1216 Ariani
753 1160 1170 1229 sequebantur)
1221 1169 1592 1228 opportunum
1633 1174 1690 1212 se
1725 1166 1943 1226 tempus
2002 1174 2099 1210 na-

513 1263 631 1306 Ctos
689 1265 813 1304 esse
869 1250 1142 1311 dicentes,
1201 1257 1262 1302 ut
1319 1247 1372 1301 in
1429 1247 1811 1317 Cappadocum
1846 1248 2092 1302 Caesarea

515 1344 661 1412 quod
725 1343 930 1396 vellent
990 1340 1362 1409 perlicerent,
1418 1351 1710 1409 propterea
1758 1337 1904 1406 quod
1952 1338 2098 1393 Basi-

516 1436 621 1487 lus
679 1432 1016 1497 secessisset,
1076 1438 1132 1484 et
1173 1428 1412 1501 populus
1453 1428 1674 1483 Eusebii
1709 1429 1838 1482 odio
1880 1429 1947 1483 ad
1982 1431 2097 1484 dis-

517 1526 829 1581 cessionem
860 1533 1162 1593 spectaret,
1187 1521 1502 1576 Nicomedia
1519 1521 2094 1591 profectiCazsaream.

519 1630 778 1690 tanquam
832 1628 888 1672 et
934 1618 1078 1672 hanc
1108 1615 1376 1680 eversuri,
1403 1622 1714 1671 venerunt:
1786 1597 1974 1686 atque‘
2021 1617 2092 1670 ibi

517 1731 637 1783 qua:
661 1713 806 1767 soliti
836 1712 1071 1773 fuerant,
1101 1724 1365 1780 peragere
1398 1718 1527 1765 sunt
1575 1709 1783 1776 conati,
1834 1709 2092 1764 videlicet

2213 512 2490 575 πλείστοις
2530 511 2783 582 θορύϐοις
2829 512 2980 581 παρὰ
3033 513 3142 564 τῶν
3175 512 3504 582 ἑτεροδόξων
3535 529 3776 581 κυμαινο-

2215 602 2404 672 μένην,
2427 605 2544 665 τοῖς
2578 603 2724 656 κατὰ
2754 603 2952 656 Πόντον
2981 590 3430 675 φροντιστηρίυις
3461 605 3707 660 ἐνέϐαλεν
3725 610 3776 678 ἡ-

2213 696 2349 762 συχῆ
2372 693 2604 759 διαζῶν,
2647 693 2862 764 Οὐάλης
2882 696 2939 749 δέ
2965 697 3058 749 καὶ
3085 699 3112 749 ὁ
3135 697 3265 766 περὶ
3283 697 3446 750 αὑτὸν
3469 697 3611 766 ίερδς
3632 715 3778 767 στρα-

2210 789 2302 849 τὸς
2339 789 2448 858 (ἀεὶ
2480 789 2592 858 γὰρ
2650 789 2847 857 ἐκείνῳ
2885 789 3128 859 συνῆσαν
3159 790 3574 861 διερεθίζοντες)
3606 793 3777 860 καιρὸν

2211 879 2354 949 ἔχειν
2398 880 2645 943 είπόντες
2683 881 2777 934 καὶ
2825 883 2884 934 ἐν
2932 883 2999 953 τῇ
3053 881 3444 936 Καππαδοκῶν
3493 884 3684 936 ἀνύσαι
3725 885 3779 936 τὸ

2211 971 2667 1041 σπουδαζόμενον,
2703 972 2762 1024 τό
2790 989 2849 1025 τε
2883 972 3169 1042 ἁπόδημον
3197 969 3337 1026 εἶναι
3369 973 3667 1038 Βασίλειον,
3697 977 3780 1028 καὶ

2208 1067 2268 1119 τὸ
2295 1066 2382 1118 διά
2418 1065 2608 1134 μίσους
2637 1066 2866 1132 ἄγεσθαι
2901 1065 2979 1135 τῷ
3013 1065 3128 1136 λαῷ
3160 1067 3250 1118 τον
3290 1067 3557 1121 Εὑσέϐιον
3586 1071 3677 1121 καὶ
3709 1069 3779 1133 είς

2211 1154 2366 1226 ῥῆξιν
2407 1155 2562 1225 ὁρᾷν,
2599 1156 2660 1207 ἐκ
2689 1157 2788 1222 τῆς
2818 1154 3188 1224 Νικομηδείας
3215 1156 3556 1224 ἀπάραντες,
3593 1157 3667 1217 ὡς
3696 1157 3779 1209 καὶ

2206 1247 2414 1317 ταύτην
2437 1245 2966 1316 καταστρεψόμενοι,
2989 1249 3054 1317 τῇ
3074 1247 3406 1315 Καισαρέων
3431 1249 3776 1317 προσέϐαλον,

2207 1341 2298 1392 καὶ
2341 1340 2410 1392 τὰ
2461 1339 2699 1392 είωθότα
2730 1339 2909 1390 ποιεῖν
2958 1338 3312 1407 ἐπεχείρουν·
3367 1339 3650 1392 ἐκϐάλλειν
3693 1340 3780 1409 μὲν

2205 1429 2312 1482 τῶν
2344 1427 2658 1498 ἐκκλησιῶν
2692 1430 2817 1486 τοὺς
2868 1426 3231 1498 ὀρθόφρονας,
3260 1430 3374 1490 τοῖς
3416 1428 3462 1481 δ’
3489 1429 3547 1493 ἐξ
3577 1429 3778 1500 Ἀρείου

2204 1521 2407 1585 ταύτας
2439 1521 2662 1576 διδόναι.
2695 1522 2936 1575 ’Πκιστα
2967 1522 3014 1575 δ’
3045 1522 3232 1584 αὑτοῖς
3268 1521 3408 1589 μετὰ
3448 1522 3649 1574 σκοπὸν
3685 1523 3780 1573 άπ-

2207 1614 2302 1682 έϐη
2355 1615 2415 1666 τὸ
2461 1614 2855 1684 βουλευόμενον
2880 1629 2894 1644 ⁸
2926 1612 3043 1684 ἅμα
3073 1614 3182 1682 γὰρ
3225 1613 3526 1683 ἠγγέλλετο
3571 1616 3778 1676 τούτους

2207 1703 2300 1755 ἐπὶ
2330 1703 2670 1773 Καισαρείας
2703 1703 2975 1765 ἐλαύνειν,
3013 1706 3110 1756 καὶ
3140 1703 3422 1768 Βασίλειος
3452 1705 3546 1768 τὰς
3571 1707 3626 1757 ἐν
3657 1707 3778 1759 Πόν-

519 1817 578 1860 ιιι
643 1815 790 1859 recta
851 1805 1157 1858 sentientes
1229 1801 1479 1858 ecclesiis
1527 1801 1834 1872 exigerent,
1885 1815 2091 1870 easque

2197 1814 2273 1866 τῳ
2321 1795 2606 1864 διατριϐὰς
2661 1797 2878 1866 χαίρειν
2937 1795 3130 1860 εἰπὼν,
3187 1797 3280 1850 ἐπὶ
3311 1797 3414 1868 τὴν
3467 1795 3778 1868 Καισαρέων

527 1897 740 1950 μινίτιηίε
774 1895 1067 1950 traderent.
1101 1893 1370 1950 Caeterum
1422 1894 1709 1948 consilium
1780 1894 1831 1947 id
1892 1893 2091 1948 frustra

516 1992 636 2040 luit.
674 1985 1096 2055 Quamprimum
1123 1985 1270 2038 enim
1303 1985 1403 2038 hos
1429 1984 1733 2038 Caesaream
1767 1983 2090 2053 pervenisse

513 2079 824 2133 nuntiatum
845 2087 950 2141 est,
978 2075 1214 2130 Basilius
1243 2074 1559 2130 monasticis
1588 2075 1643 2128 in
1691 2074 1867 2130 Ponto
1891 2074 2096 2129 scholis

511 2173 630 2226 vale
685 2171 852 2234 dicto,
910 2169 1212 2225 Caesaream
1261 2175 1316 2224 et
1375 2171 1491 2236 ipse
1537 2168 1698 2234 redit,
1745 2176 1802 2222 et
1852 2166 2094 2222 Eusebio

512 2266 678 2317 rebus
717 2262 976 2316 omnibus
1026 2261 1148 2331 aliis
1182 2259 1518 2330 pOSthabitis
1569 2259 1917 2316 conciliatur.
1974 2259 2094 2325 Quo

500 2359 735 2430 .quidem
795 2357 940 2411 facto
985 2354 1153 2409 animi
1225 2354 1306 2408 sui
1357 2353 1797 2410 benevolentiam
1860 2354 2094 2406 maxime

512 2448 769 2502 ostendit.
799 2446 867 2501 Et
904 2445 1051 2516 quod
1085 2445 1138 2498 in
1175 2457 1417 2514 tempore
1444 2458 1642 2514 magno
1668 2441 1880 2510 judicio
1908 2445 2090 2498 omnia

493 2555 634 2592 cum
663 2537 875 2591 ratione
902 2536 1034 2606 egit,
1063 2533 1640 2602 disputationibusque
1674 2541 1987 2602 opportune
2009 2543 2092 2586 est

513 2643 664 2687 usus.
698 2642 924 2681 examen
957 2625 1342 2680 haereticorum
1410 2627 1603 2696 ingens
1634 2626 1856 2694 repulit,
1891 2633 1948 2678 et
2005 2638 2094 2677 ec-

509 2721 691 2777 elesim
757 2719 1100 2788 temporibus
1171 2718 1484 2773 durissimis
1568 2717 1794 2788 profuit.
1868 2717 2093 2778 Valens,

511 2827 802 2888 ρυςῑιιιιιιηι
843 2813 894 2868 ei
920 2823 1153 2867 conatus
1178 2827 1286 2865 non
1321 2812 1605 2873 successit,
1662 2826 1770 2864 una
1803 2825 1924 2866 eum
1977 2810 2094 2880 epi-

510 2908 696 2976 δι-ορὶε
737 2905 852 2959 suis
885 2902 1236 2958 Antiochiam
1271 2900 1544 2955 concessit
1569 2899 1686 2970 (1):
1727 2911 1896 2970 atque
1959 2901 2092 2955 inde

507 2997 791 3066 aliquanto
818 3005 943 3064 post
971 2995 1021 3046 in
1046 2991 1447 3063 Cappadocram
1495 3006 1776 3054 reversus,
1809 2991 2090 3057 Basilium,

507 3096 632 3155 post
657 3085 870 3139 Eusebii
898 3093 1130 3137 mortem
1154 3082 1415 3136 ecclesias
1433 3081 1905 3136 administrantem
1938 3082 2089 3138 inve-

499 3177 612 3232 -nit:
643 3191 801 3246 quem
828 3190 951 3230 cum
970 3174 1188 3242 exigere
1207 3173 1388 3238 vellet,
1414 3174 1632 3228 etelitus
1647 3189 1708 3229 ea
1733 3175 1785 3228 in
1803 3191 1861 3230 re
1882 3185 1965 3230 est
1987 3175 2089 3230 im—

507 3270 747 3339 peditus.
795 3269 1010 3322 Atenim
1071 3264 1430 3320 nihilominus
1492 3266 1706 3321 leonem
1765 3267 1954 3322 statim
2029 3283 2088 3323 se

500 3363 659 3417 larva
693 3371 744 3414 et
785 3358 1236 3414 terriculamenta
1268 3358 1660 3412 exterriturum
1689 3374 1810 3414 esse
1835 3359 2086 3425 credens,

508 3453 574 3507 ad
619 3451 857 3521 praefecti
895 3448 1139 3502 tribunal
1197 3463 1322 3502 eum
1356 3448 1498 3502 misit
1525 3449 1622 3518 (2).
1663 3449 1742 3503 lbi
1802 3449 2090 3518 praefectus

508 3547 776 3600 assistens
827 3558 952 3598 cum
990 3547 1311 3612 interrogat,
1357 3557 1590 3611 quanam
1647 3541 1716 3597 de
1741 3557 1908 3598 causa
1955 3543 2086 3599 reli-

508 3635 1136 3707 gionem-imperatoris
1198 3647 1306 3687 non
1375 3633 1859 3703 complecteretur.
1906 3636 2087 3706 Atque

511 3734 601 3785 ille
630 3749 644 3785 :
675 3730 830 3795 Quod
862 3729 966 3784 hoc
993 3728 1081 3782 sic
1102 3727 1248 3783 Deus
1278 3743 1384 3782 non
1440 3729 1718 3797 praecepit,
1770 3728 1967 3799 inquit.
2022 3730 2088 3785 Et

511 3827 738 3892 insuper
782 3819 1127 3891 imperatoris
1174 3835 1419 3875 errorem
1483 3821 1862 3890 reprehendit,
1922 3830 2085 3892 atque

508 3915 822 3984 ὀμοούσιον,
849 3913 1342 3980 eonsubstantiale,
1367 3913 1632 3968 defendit.
1663 3912 1768 3968 Ubi
1813 3931 1944 3970 vero
1995 3915 2086 3970 ille

510 4014 744 4061 mortem
771 4005 822 4061 ei
852 4006 1093 4060 minatus
1115 4011 1224 4070 est,
1252 4004 1490 4059 Basilius
1517 4005 1749 4076 gratiam
1785 4021 1845 4061 se
1896 4006 1974 4061 illi
2019 4022 2088 4062 eo

506 4100 732 4156 nomine
770 4098 971 4153 habere
995 4096 1155 4162 dixit,
1181 4097 1383 4167 quippe
1406 4099 1499 4167 qui
1557 4097 1840 4154 discedere
1895 4114 1962 4154 ex
1994 4100 2086 4153 tali

509 4207 694 4248 rerum
729 4200 871 4248 statu
897 4205 1005 4244 non
1035 4198 1253 4261 gravate
1278 4188 1616 4259 cuperetaEt
1645 4204 1768 4243 cum
1797 4190 2087 4260 praefectus

508 4284 744 4352 amplius
803 4297 924 4337 eam
966 4295 1080 4336 rem
1135 4279 1445 4335 deliberare
1498 4278 1757 4350 juberet,
1806 4279 2082 4348 Basilius,

505 4377 617 4447 Ego
641 4375 886 4446 quidem,
922 4373 1122 4443 inquit,
1152 4380 1210 4426 et
1232 4371 1397 4427 hodie
1421 4380 1479 4426 et
1505 4387 1628 4427 cras
1656 4371 1798 4428 idem
1867 4373 2086 4432 futurus

2197 1889 2320 1960 ἥκει
2343 1905 2355 1918 ·
2390 1891 2484 1942 καὶ
2515 1891 2692 1942 πάντα
2724 1890 2956 1959 θέμενος
2983 1891 3039 1942 ἐν
3061 1891 3326 1961 δευτέρῳ,
3365 1891 3652 1944 σπένδεται
3682 1891 3776 1943 Εὑ-

2201 1982 2392 2053 σεϐίῳ,
2451 1982 2546 2035 καὶ
2581 1984 2636 2035 ἐν
2671 1984 2786 2045 τοῖς
2834 1982 3071 2051 μάλιστα
3114 1983 3176 2036 τὸ
3202 1985 3451 2037 εὐνοῖκδν
3481 1983 3774 2043 ἐπεδείκνυ,

2199 2075 2342 2128 κατὰ
2371 2076 2563 2139 καιρὸν
2593 2075 2648 2128 ἐν
2695 2076 2877 2145 κρίσει
2908 2075 3039 2139 τοὺς
3072 2075 3268 2144 λόγους
3294 2075 3622 2143 οἰκονομῶν.
3667 2076 3774 2138 Ἐγ-

2198 2168 2408 2238 καίρως
2436 2167 2492 2220 δὲ
2523 2170 2634 2230 τοῖς
2662 2167 2867 2236 λόγοις,
2901 2167 2962 2220 τὸ
2989 2167 3125 2220 πολὺ
3162 2168 3271 2220 τῶν
3320 2167 3619 2238 αἱρετικῶν
3648 2168 3774 2220 ἁπε-

2198 2260 2472 2330 κρού-σατο
2517 2260 2756 2326 σμῆνος·
2793 2258 2890 2311 καὶ
2948 2261 3014 2328 τῇ
3096 2259 3401 2331 Ἐκκλησία
3445 2262 3512 2313 τά
3559 2261 3770 2327 μέγιστα

2197 2349 2501 2419 τηνικαῦτα
2528 2353 2630 2418 ἐπή
2643 2350 3052 2419 μυνεν,οὑἀλης
3081 2350 3138 2402 δὲ
3170 2351 3465 2420 ἀποτυχὼν
3491 2353 3590 2420 τῆς
3622 2367 3769 2402 σπου-

2196 2445 2314 2514 δῆς,
2352 2445 2450 2497 σὺν
2481 2448 2590 2508 τοῖς
2617 2443 2756 2513 ἀμφ’
2787 2445 2950 2496 αὑτὸν
2977 2443 3220 2512 ἱερεῦσιν
3253 2444 3350 2496 ἐπὶ
3387 2443 3490 2514 τῆς
3519 2443 3771 2512 Ἀντιόχου

2199 2537 2416 2608 ἐχώρει.
2451 2535 2606 2588 Μετὰ
2627 2535 2683 2587 δέ
2715 2552 2835 2588 τινα
2857 2535 3051 2604 χρόνον
3081 2533 3293 2587 ἐκεῖθεν
3329 2531 3491 2598 αὖθις
3523 2535 3602 2597 είς
3625 2536 3771 2588 Καπο

2200 2629 2466 2683 παδοκίαν
2497 2628 2824 2696 γενόμενος,
2865 2625 3180 2696 εὑρίσκεται
3211 2626 3499 2680 Βασίλειον
3533 2626 3664 2695 μετά
3690 2625 3770 2688 τὴν

2199 2722 2460 2775 Εὑσεϐίου
2494 2721 2751 2788 τελευτὴν
2777 2720 2873 2782 τὰς
2905 2719 3206 2788 ἐκκλησίας
3232 2719 3639 2789 ἐπιτραπέντα.
3679 2717 3772 2770 Kal

2195 2814 2258 2885 δὴ
2291 2812 2730 2885 βουλευσάμενος
2763 2811 2929 2864 αὑτὸν
2966 2810 3240 2876 ἐξελάσαι,
3271 2811 3490 2866 ἄνωθεν
3523 2812 3771 2879 ἀπέσχετο

2194 2907 2295 2975 τῆς
2349 2905 2672 2972 ἐπιϐουλῆς.
2703 2904 2899 2973 Ὅμως
2929 2902 2972 2956 δ’
3028 2902 3120 2956 οὖν
3150 2903 3316 2962 εὐθὺς
3374 2901 3771 2974 μορμολυκείοις

2195 2997 2285 3049 τον
2317 2996 2523 3048 Λέοντα
2551 2996 2800 3064 οἰόμενος
2862 2993 3143 3060 ἐκφοϐεῖν,
3177 2995 3257 3055 εἰς
3296 2993 3368 3047 τὸ
3396 2995 3505 3047 τῶν
3535 2993 3771 3063 ὑπάρχων

2197 3089 2414 3159 ἔπεμπε
2444 3088 2820 3157 δικαστήριον.
2865 3087 2923 3140 '0
2971 3086 3029 3140 δὲ
3071 3085 3320 3156 ὕπαρχος
3347 3086 3772 3156 παραστησάμε-

2196 3199 2308 3246 νος,
2357 3180 2552 3235 πεῦσιν
2587 3179 2866 3250 προσῆγεν
2906 3179 3031 3233 ὅτου
3075 3180 3260 3250 χάριν.
3302 3177 3389 3251 μὴ
3421 3181 3490 3234 τὰ
3526 3177 3772 3250 βασιλέως

2192 3275 2526 3344 θρησκεύειν
2575 3273 2812 3341 αἱρεῖται
2838 3287 2854 3305 ο
2890 3271 2983 3324 τὸν
3023 3271 3069 3323 δ’
3108 3269 3544 3340 ἀποκρίνασθαι,
3594 3269 3768 3332 ὅτιπερ

2193 3365 2269 3437 μὴ
2319 3364 2563 3418 κελεύειν
2597 3362 2742 3416 οὑτω
2775 3363 2930 3418 Θεόν.
2963 3363 3075 3416 Καὶ
3121 3361 3370 3433 προσῆγε
3404 3363 3506 3427 τὰς
3545 3359 3764 3432 μέμψεις

2191 3460 2284 3512 καὶ
2336 3457 2397 3510 τὸ
2445 3455 2734 3528 ὁμοούσιον
2771 3455 3110 3526 συνεκρότει.
3151 3455 3245 3518 Ὦς
3275 3455 3332 3509 δέ
3366 3456 3596 3510 θάνατον
3627 3451 3762 3519 αὑτῷ

2189 3549 2478 3619 διηπείλει,
2509 3550 2602 3602 καὶ
2643 3547 2807 3617 χάριν
2838 3547 3026 3615 ἔλεγεν
3060 3545 3207 3616 ἔχειν
3235 3549 3605 3604 ἀπαλλάττειν
3640 3547 3758 3616 ᾑρη-

2193 3644 2339 3711 μένῳ
2375 3642 2484 3695 τῶν
2511 3635 2635 3695 ὧδε.
2669 3641 2762 3703 El;
2793 3639 2988 3706 σκέψιν
3019 3639 3075 3692 δὲ
3097 3639 3192 3692 τοῦ
3221 3640 3473 3711 ὑπάρχου
3505 3641 3668 3694 θεῖναι
3684 3635 3764 3687 τὸν

2189 3735 2348 3800 λόγον
2383 3731 2860 3802 προτρεπομένου,
2882 3730 2974 3784 τὸν
3003 3730 3282 3784 Βασίλειον
3320 3734 3491 3801 φάναι
3513 3747 3527 3763 ⁸
3566 3750 3584 3783 ι
3632 3725 3760 3793 Ἐγὼ

2191 3827 2291 3895 μὲν
2323 3828 2415 3880 καὶ
2449 3827 2690 3897 σήμερον
2738 3824 2833 3877 καὶ
2866 3824 2931 3892 τῇ
2974 3820 3240 3893 ὑστεραίᾳ
3281 3822 3308 3874 ό
3341 3823 3507 3885 αὐτὸς
3540 3821 3725 3888 ἔσομαι
3747 3833 3758 3845 ·

2189 3919 2302 3972 είθε
2335 3919 2391 3972 δέ
2424 3920 2488 3971 σὺ
2520 3915 2716 3971 σαυτὸν
2755 3915 2830 3987 μὴ
2866 3914 3196 3984 ἐνήλλαττες
3219 3930 3235 3945 ·
3270 3916 3482 3984 κτίσμα
3527 3914 3628 3984 γάρ
3652 3909 3724 3963 ὢν
3745 3947 3758 3970 ,

2187 4008 2286 4058 οὑκ
2317 4006 2385 4059 ἂν
2411 4004 2676 4074 κτίσματι
2703 4004 3034 4073 προσκυνεῖν
3075 4004 3305 4072 ἐλοίμην
3327 4007 3436 4058 ηκαὶ
3469 4004 3606 4058 Θεὸν
3632 3996 3760 4054 εἶναι

2188 4099 2494 4165 ὁμολογεῖν.
2535 4096 2679 4151 ⁹ἁλλ’
2705 4097 2818 4150 οὐδ’
2853 4097 2984 4166 ὑμῖν
3025 4099 3308 4150 κοινωνεῖν
3343 4097 3444 4167 τῆς
3474 4093 3759 4167 θρησκείας

2187 4189 2472 4260 ἀνέξομαι.
2501 4189 2562 4242 Et
2587 4190 2695 4259 γὰρ
2723 4190 2822 4242 καὶ
2845 4189 2958 4242 τῶν
2997 4189 3118 4244 λίαν
3145 4189 3444 4258 ἐπισήμων
3474 4189 3649 4259 ὑμεῖς,
3675 4184 3760 4236 καὶ

2188 4281 2287 4332 οὑκ
2326 4281 2616 4350 ἐλαχίστης
2665 4279 2889 4350 ἡγεῖσθε
2930 4280 3127 4351 μοίρας
3170 4282 3270 4352 τῆς
3319 4284 3424 4354 γῆς
3450 4323 3466 4348 ,
3515 4281 3626 4337 ἀλλ’
3667 4277 3760 4331 οὐκ

2189 4371 2381 4441 ἐμοιγε
2427 4370 2754 4442 χαρίζεσθαι
2794 4372 3073 4442 προσῆκον
3104 4374 3441 4442 ἀνθρώποις,
3479 4376 3576 4442 τῆς
3614 4373 3658 4425 δ’
3689 4371 3759 4429 εἰς

502 4483 645 4523 sum.
671 4467 888 4524 Utinam
909 4479 1041 4521 vero
1060 4473 1114 4518 tu
1136 4463 1371 4533 teipsum
1397 4478 1505 4517 non
1521 4471 1809 4521 mutasses.
1824 4464 2088 4522 Creatura

2197 4464 2257 4514 τδ
2303 4463 2455 4516 Θεῖον
2483 4463 2722 4526 πίστεως
2752 4463 2841 4517 διὰ
2889 4465 3062 4518 ταῦτα
3122 4466 3440 4538 ὀλιγωρείνο
3470 4470 3539 4538 ἢν
3562 4469 3656 4520 οὐκ
3702 4465 3760 4513 5v

502 4561 648 4614 enim
676 4573 802 4615 cum
825 4559 951 4619 sim,
977 4565 1283 4610 creaturam
1319 4553 1574 4613 adorare,
1633 4553 1920 4625 Deumque
1969 4570 2092 4611 esse

505 4651 772 4722 proﬁteri,
797 4651 851 4704 in
874 4649 1121 4704 animum
1137 4661 1246 4701 non
1267 4645 1522 4699 inducam
1546 4659 1756 4699 meum.
1773 4645 1881 4702 Sed
1913 4663 2095 4718 neque

503 4744 754 4815 religioni
779 4749 978 4797 vestrae
1003 4753 1089 4793 me
1146 4739 1426 4808 aggregari
1494 4739 1798 4794 sustinebo.
1848 4738 2092 4796 Tametsi

502 4838 648 4891 enim
673 4849 770 4890 vos
785 4831 1141 4888 clarissimiet
1155 4845 1262 4884 non
1285 4828 1510 4883 minima
1525 4829 1672 4885 orbis
1689 4845 1812 4900 pars
1836 4845 1959 4886 esse
1981 4833 2096 4887 exi-

503 4929 824 4994 stimamini,
849 4927 1004 4998 135
1024 4941 1109 4980 me
1129 4934 1306 4980 tamen
1327 4925 1556 4979 minime
1590 4924 1748 4980 decet
1780 4925 2093 4982 hominibus

501 5021 814 5094 gratiﬁcari,
839 5030 892 5073 et
911 5029 1197 5088 propterea
1218 5017 1376 5073 ﬁdem
1399 5018 1452 5071 in
1471 5020 1638 5072 Deum
1659 5019 1810 5087 parvi
1830 5018 2090 5088 pendere:

504 5132 666 5184 quam
686 5128 787 5182 ego
822 5111 1202 5166 mediusﬁdius
1224 5109 1544 5178 proditurus
1565 5125 1672 5164 non
1698 5127 1838 5177 sum,
1869 5111 2088 5165 etiamsi

510 5207 644 5258 mihi
695 5205 969 5258 bonorum
1004 5202 1459 5272 publicationem,
1485 5210 1541 5257 et
1560 5203 1836 5267 exsilium,
1863 5205 2086 5258 etaliud

502 5297 797 5366 quidquam
819 5295 1064 5365 gravium
1085 5308 1472 5352 terumnarum,
1489 5302 1831 5363 mortemque
1851 5295 1989 5350 adeo
2007 5296 2090 5364 ip-

501 5403 614 5442 sam
638 5388 882 5442 mineris.
903 5385 1210 5440 Nihilenim
1230 5400 1408 5439 rerum
1431 5387 1618 5441 talium
1640 5401 1933 5441 maerorem
1953 5387 2086 5441 mihi

501 5480 698 5535 allen-re
734 5486 934 5548 potest.
959 5478 1114 5545 Quod
1136 5478 1181 5532 si
1211 5477 1499 5534 facultates
1519 5493 1666 5532 meas
1695 5493 1758 5530 ex
1771 5478 1930 5565 petis,
1951 5494 2086 5548 pan-

573 5617 647 5685 (l)
687 5615 764 5687 Ad
821 5615 1198 5686 epiSCOpatum
1231 5631 1379 5679 eum,
1421 5617 1720 5670 multorum
1779 5616 2082 5687 episcopo-

505 5699 620 5738 rum
653 5686 931 5754 suffragiis
961 5695 1048 5740 est
1077 5695 1321 5740 evectus.
1365 5687 1632 5755 (Socrat.)

579 5757 959 5825 (‘2)Soerates,
996 5755 1257 5810 Basiliam
1317 5756 1384 5809 ab
1442 5755 1775 5827 imperatore
1831 5761 2077 5816 Cresa-rea

2197 4557 2473 4625 προδοίην,
2506 4557 2608 4609 κᾶν
2635 4558 2921 4627 δήμευσιν,
2955 4557 3057 4612 κᾶν
3087 4559 3414 4631 ὑπερορίαν,
3438 4564 3543 4616 κᾶν
3572 4560 3694 4614 ἄλλο
3717 4575 3760 4606 τι

2195 4648 2304 4700 τῶν
2347 4647 2558 4710 δεινῶν,
2590 4648 2695 4702 κᾶν
2727 4649 2958 4704 θάνατον
3005 4651 3168 4704 αὑτὴν
3217 4652 3454 4723 άπειλῇς
3479 4672 3494 4686 ·
3518 4653 3670 4706 οὐδέν
3700 4664 3760 4716 με

2194 4742 2303 4810 γάρ
2331 4758 2383 4793 τι
2408 4740 2612 4794 τούτων
2639 4742 2796 4811 άνιᾷν
2814 4741 2946 4813 ἔχει.
2969 4742 3032 4796 Ei
3063 4744 3122 4797 δὲ
3153 4745 3258 4816 τὴν
3287 4747 3428 4818 ἐμὴν
3460 4741 3760 4816 περιουσίαν

2195 4832 2395 4902 ζητεῖς,
2433 4834 2600 4900 ῥάκια
2638 4834 2813 4888 ταῦτα
2860 4834 3077 4906 τρίχινα
3123 4837 3216 4890 καὶ
3249 4837 3431 4906 βιϐλία
3465 4839 3638 4905 ὀλίγα.
3685 4827 3759 4891 οἷς

2194 4923 2304 4991 ἐγὼ
2330 4924 2770 4994 καλλωπίζομαι,
2803 4926 2856 4978 τί
2881 4926 3088 4979 τούτων
3121 4945 3203 4981 σοι
3235 4929 3397 4998 ἔρως,
3436 4922 3758 4982 ἀπόλαυε.Εί

2192 5015 2248 5068 δὲ
2277 5018 2690 5088 καὶκὺπερόριον
2721 5017 2902 5090 βούλει
2940 5021 3135 5091 ποιεῖν,
3164 5021 3406 5090 ἕτοιμος.
3439 5022 3557 5082 Πῶς
3580 5019 3623 5072 δ’
3645 5018 3758 5068 €50-

2197 5127 2295 5178 μαι
2327 5109 2414 5162 ἀεὶ
2458 5111 2556 5180 τὴν
2607 5111 2710 5179 γῆν
2741 5112 3074 5182 παροδεύων,
3105 5117 3198 5166 καὶ
3225 5115 3360 5185 πρὸς
3389 5115 3555 5181 ἄλλην
3586 5110 3756 5181 χώραν

2194 5203 2438 5273 σφοδρῶς
2473 5205 2864 5274 ἐπειγόμενος;
2903 5204 2976 5258 Τὸ
3013 5205 3071 5258 δὲ
3105 5207 3264 5275 σῶμα
3300 5207 3439 5276 μετὰ
3473 5207 3570 5272 τὴν
3601 5199 3753 5270 πρώο

2189 5312 2289 5362 την
2337 5296 2574 5367 πληγὴν,
2627 5296 2937 5366 αἰσθήσεως
2986 5299 3323 5369 ἀμοιρῆσαν,
3377 5301 3468 5353 καὶ
3519 5295 3751 5366 βασάνων

2189 5391 2439 5458 κρεῖττον
2492 5390 2646 5443 ἔσται
2681 5393 2923 5444 πάντων.
2955 5409 2973 5442 ι
3008 5393 3194 5446 Ταῦτα
3232 5397 3326 5448 καὶ
3365 5390 3752 5454 τοιαῦθ’ἕτερα

2188 5484 2737 5553 παρῤησιασαμένου,
2755 5486 3128 5554 καταπλαγεὶς
3141 5490 3168 5542 ὁ
3186 5488 3292 5542 ὑπα
3305 5505 3429 5560 ρχος
3441 5486 3537 5558 τὴν
3551 5482 3749 5536 σύνεσιν

2186 5619 2529 5693 Antiochiam
2564 5631 2876 5690 evocatura,
2908 5623 2982 5679 ibi
3031 5627 3430 5693 comparuisse,
3457 5631 3512 5682 et
3537 5624 3740 5678 causam

2187 5690 2389 5745 dixisse
2423 5693 2640 5747 scribit.
2681 5693 2803 5749 Lib.
2841 5711 2916 5756 tv,
2947 5710 3070 5768 cap.
3103 5690 3185 5753 9.6.
