4056 6488
327 531 438 596 (.25

1267 532 1856 596 ECCLESIASTICAE
1894 531 2277 596 lilSTOlll/E
2317 535 2458 597 LIB.
2506 535 2612 597 XI.

3464 528 3578 590 62*}.

320 646 416 709 τσῦ
443 652 658 725 ἀνδρὸς,
686 652 942 725 δρομαῖος
968 654 1047 723 τῷ
1077 652 1290 725 βασιλεῖ
1308 651 1548 725 προσιὼν
1578 652 1897 724 ἀνήγγειλεν
1922 708 1924 715 ,

2029 655 2288 711 ιοείιυεοο
2339 669 2395 708 et
2435 656 2638 719 cilicia,
2696 664 2861 724 atque
2906 654 3075 708 libros
3131 662 3335 719 paucos
3378 647 3472 717 qui
3516 647 3585 701 in.

319 746 395 809 ὡς
446 744 668 808 πειθοῦς
716 744 1071 817 στερρότερος
1115 747 1143 798 6
1178 745 1317 815 ἁνήρ
1343 761 1356 776 ’
1390 746 1483 798 καὶ
1534 744 1568 813 ἢ
1613 745 1898 813 προφανῶς

324 836 607 903 κολάζειν,
654 838 686 911 ἢ
720 838 983 909 μηδαμῶς
1014 839 1225 893 οἴεσθαι
1258 841 1380 901 ταῖς
1423 838 1675 900 ἀπειλαῖς
1709 837 1903 908 πειθή-

2003 749 2207 803 mundo
2240 766 2360 803 meo
2390 759 2537 812 sunt,
2566 749 2613 803 si
2633 748 2751 810 hos,
2783 743 3336 815 inquam,adamasti,
3371 740 3583 809 recipe.

2006 839 2099 894 Sin
2127 848 2185 893 ut
2213 840 2392 895 exsilii
2422 853 2588 894 causa
2621 838 2802 893 solum
2857 846 3083 904 vertam,
3114 833 3308 897 mavis,
3356 842 3577 902 paratus

323 940 440 976 νιον
489 924 655 993 σχεῖν.
712 925 771 977 ’0
804 926 860 978 δὲ
908 925 1047 989 τέως
1081 924 1280 996 ἠρέμει
1302 940 1317 955 ⁸
1350 925 1448 994 τῆς
1477 925 1523 977 δ’
1551 924 1766 996 ἡμέρας
1793 926 1903 976 τῶν

2029 931 2071 985 ιιι
2105 931 2157 985 id
2198 946 2340 987 sum.
2385 929 2547 986 Exsul
2579 946 2706 985 vero
2746 928 3020 999 quomodo
3047 943 3167 993 ero,
3211 926 3309 995 qni
3361 938 3579 992 semper
3624 946 3629 949 -

322 1014 634 1082 Θεοφανίων
680 1016 1037 1087 ἐνισταμένης
1062 1017 1157 1070 σὺν
1176 1019 1243 1088 τῇ
1275 1016 1403 1086 περὶ
1431 1017 1594 1070 αὐτὸν
1637 1016 1906 1087 φαντασίᾳ.

323 1107 391 1177 τῇ
418 1105 683 1178 ἐκκλησίᾳ
704 1109 1169 1178 παραγενόμενος,
1185 1107 1336 1178 δῶρά
1346 1124 1405 1161 τε
1426 1111 1494 1179 τῇ
1522 1107 1641 1181 θείᾳ
1659 1107 1905 1179 τραπέζῃ

325 1198 704 1268 προσήνεγκε·
751 1199 846 1251 καὶ
876 1199 955 1271 τῷ
985 1197 1167 1270 πολλῷ
1194 1199 1293 1268 τῆς
1322 1198 1573 1264 εὐταξίας
1625 1198 1909 1252 καταπλα-

326 1291 470 1358 γεὶς,
523 1291 932 1361 παρατραπεὶς,
988 1291 1189 1362 μικροῦ
1235 1290 1301 1346 ἂν
1354 1292 1436 1354 είς
1464 1289 1736 1360 τοῦδαφος
1760 1290 1910 1362 spet-

329 1396 454 1443 πτο,
490 1382 540 1433 εί
583 1381 657 1453 μή
687 1399 773 1446 τις
803 1382 910 1437 τῶν
939 1384 1004 1438 ὲκ
1041 1382 1136 1437 τοῦ
1171 1385 1417 1455 βήματος
1445 1380 1785 1455 δραξάμενος
1813 1381 1908 1434 τοῦ

327 1471 578 1543 χιτῶνος,
630 1471 721 1524 τὸν
761 1471 986 1542 βασιλέα
1038 1477 1229 1527 πεσεῖν
1257 1460 1637 1542 ὲπειγόμενον,
1679 1470 1910 1540 ἀνεκτῆς-

333 1579 485 1616 cato.
535 1561 689 1615 Ἐπεὶ
716 1562 774 1616 δὲ
803 1562 895 1616 καὶ
934 1563 1014 1627 είς
1042 1562 1233 1632 λόγους
1279 1558 1384 1635 ἧκε
1418 1562 1628 1630 τάνδρὶ,
1652 1562 1734 1614 ἔτι
1770 1561 1910 1630 μᾶλα

331 1653 423 1706 λον
440 1650 721 1723 ἐθαύμασε
750 1652 853 1723 τῆς
868 1670 930 1712 τε
956 1653 1150 1721 σοφίας
1167 1654 1263 1707 καὶ
1287 1652 1383 1706 τοῦ
1419 1652 1548 1723 περὶ
1574 1645 1633 1705 τῦ
1662 1649 1910 1722 ἱερᾶσθαι

333 1745 428 1797 καὶ
471 1743 878 1814 ἐκκλησιάζειν,
913 1743 1010 1798 καὶ
1041 1743 1301 1808 εὐταξίας
1346 1743 1553 1813 κόσμον
1583 1743 1674 1796 τὸν
1710 1741 1909 1813 μέγαν.

336 1837 450 1889 Οὐκ
471 1837 550 1899 είς
583 1835 806 1907 μακρὰν
833 1834 891 1889 δὲ
913 1837 1036 1900 ταῖς
1061 1835 1172 1890 τῶν
1204 1835 1465 1891 ἐναντίων
1494 1831 1772 1896 διαϐολαῖς
1797 1831 1912 1886 ὲδό⁴

341 1944 424 1980 κει
456 1926 756 1997 ὑπερορίαν
787 1926 951 1981 αὐτὸν
967 1929 1270 1981 κατοικεῖν.
1314 1925 1472 1980 Ἐπεὶ
1486 1924 1545 1978 δὲ
1573 1926 1607 1994 ἡ
1643 1922 1740 1988 νὺξ
1771 1939 1914 1994 παρ-

2007 1033 2213 1078 terram
2240 1023 2395 1092 quasi
2445 1021 2765 1091 peregrinus
2795 1033 3040 1088 pererro,
3091 1025 3149 1071 et
3178 1015 3243 1070 ad
3295 1012 3585 1083 regionem.

2009 1114 2169 1169 aliam
2196 1115 2553 1170 vehementer
2580 1111 2807 1182 aspire?
2859 1109 3071 1178 Corpus
3122 1120 3286 1175 porro
3335 1105 3461 1164 hoc,
3496 1103 3579 1156 vel
3623 1170 3634 1183 .

2011 1215 2132 1278 post
2182 1206 2413 1277 primam
2463 1205 2698 1276 plagam,
2743 1216 2942 1259 sensus
2982 1198 3209 1256 omnino
3259 1210 3476 1266 expers,
3525 1203 3584 1247 et

2013 1296 2352 1353 cruciatibus
2381 1296 2640 1366 superius
2700 1306 2928 1364 prorsus
2966 1291 3210 1346 futurum
3240 1298 3344 1343 est.
3373 1305 3390 1337 ο
3456 1285 3582 1340 llaec

2013 1399 2178 1458 atque
2210 1388 2295 1444 bis
2347 1388 2547 1444 similia
2597 1387 2704 1441 alia
2737 1399 2866 1441 cum
2901 1382 3183 1439 liberrime
3213 1379 3471 1435 Basilius‘
3499 1377 3586 1431 di-

2015 1481 2207 1546 xisset,
2232 1486 2623 1536 consternatus
2649 1477 2719 1533 ad
2749 1476 2852 1531 viri
2884 1472 3243 1546 prudentiam
3271 1467 3584 1540 praefectus,

2013 1571 2270 1628 celeriter
2294 1571 2361 1627 ad
2382 1571 2770 1642 imperatorem
2788 1566 3030 1623 accurrit
3054 1562 3404 1632 ,eidemque,
3431 1559 3587 1615 Basi-

2013 1663 2157 1719 lium
2175 1663 2609 1721 constantiorem
2636 1675 2781 1727 esse,
2813 1673 2978 1730 quam
3008 1666 3070 1713 nt
3105 1672 3138 1712 a
3168 1654 3448 1735 sententia
3489 1667 3589 1708 sua

2014 1759 2276 1814 suasione
2333 1753 3038 1820 deducatur,-renuntiat:
3112 1756 3448 1820 quapropter
3496 1756 3592 1801 aut

2016 1846 2294 1918 propalam
2347 1847 2404 1902 in
2477 1860 2603 1903 eum
2659 1843 3137 1907 animadverteret,
3209 1847 3304 1893 aut
3363 1851 3591 1906 persuav

2017 1939 2136 1996 deri
2200 1938 2364 1994 minis
2425 1938 2576 1994 illum
2655 1948 2837 2007 posse,
2894 1933 3252 2009 existimare.
3295 1929 3589 1984 desineret.

346 2019 430 2088 ἦν,
463 2021 556 2074 καὶ
595 2020 623 2072 6
649 2019 840 2090 δίφρος
884 2018 1239 2091 ηὐτρέπιστο,
1276 2018 1539 2103 εξακπίνης
1583 2015 1912 2088 προσϐάλλει

2029 2031 2323 2103 Imperator
2411 2039 2524 2084 tum
2610 2026 2832 2099 quidem
2915 2022 3146 2093 quievit.
3213 2021 3347 2077 Cum
3404 2027 3599 2074 autem

341 2082 487 2169 νοσος
521 2106 596 2177 τῷ
625 2082 728 2161 τοῦ,
748 2082 1018 2177 βασιλέως
1052 2082 1234 2174 παιδὶ,
1267 2082 1586 2177 ᾧήθαλάτης
1625 2082 1697 2176 ἦν
1720 2104 1911 2174 ὄνομα.

350 2199 474 2250 Ἐπὶ
503 2199 659 2251 τόσον
691 2199 735 2253 δ’
769 2194 838 2268 ἦν
872 2198 1069 2270 ἰσχυρά
1092 2216 1153 2252 τε
1177 2202 1210 2270 ὴ
1238 2200 1392 2262 νόσος
1421 2199 1514 2253 καὶ
1551 2197 1821 2269 σφαλερὰ,
1839 2197 1914 2259 ὡς

338 2290 706 2362 ἀπαγορεύειν
735 2292 930 2362 ἐκείνῳ
965 2293 1025 2345 τὸ
1059 2289 1183 2362 ζῇν,
1216 2291 1266 2344 οἳ
1294 2287 1619 2360 θεραπεύειν
1644 2285 1786 2362 ἦσαν
1808 2288 1916 2359 μά-

338 2383 496 2436 λιστα
533 2382 772 2452 δόκιμοι.
817 2384 1032 2456 Οὐάλης
1068 2384 1126 2438 δὲ
1181 2385 1459 2454 ἀφόρητον
1505 2383 1811 2454 ἡγούμενος
1857 2382 1918 2433 τὸ

341 2475 603 2546 πραχθὲν,
635 2477 774 2531 κατὰ
805 2477 897 2531 τοῦ
925 2478 1160 2547 ἐδάφους
1189 2477 1509 2548 ἐῤῥίπτετο,
1540 2475 1647 2546 πρὸ
1673 2473 1766 2528 τοῦ
1796 2489 1921 2527 παι-

337 2567 427 2631 δδς
442 2568 712 2639 ᾑρημένος
731 2568 936 2635 θανεῖν,
960 2571 1055 2622 καὶ
1087 2570 1364 2640 ἀνήκεστα
1381 2567 1597 2621 ἐπένθει
1622 2566 1711 2619 τὸν
1734 2565 1916 2618 παῖδα.

264 2677 268 2679 ‘
339 2662 580 2729 Δομνίκα
606 2659 663 2713 δὲ
695 2661 726 2730 ἡ
762 2659 1054 2730 βασίλισσα
1078 2662 1173 2714 ποια)⁵
1204 2658 1340 2731 αὐτὴ
1365 2659 1582 2730 χείρονα
1613 2657 1917 2726 πάσχουσα,

340 2751 590 2822 δείμασιν
636 2753 788 2822 ἔλεγε
841 2754 1096 2824 φοϐεροῖς
1141 2734 1334 2816 νυκτὸς
1386 2753 1650 2823 ἐμπεσεῖν
1689 2749 1785 2803 καί⁵
1816 2751 1923 2801 πά-

346 2860 498 2909 σχειν
545 2845 716 2898 ταῦτα
745 2845 834 2899 διὰ
862 2846 961 2916 τὴν
996 2846 1134 2913 πρὸς
1175 2847 1267 2897 τὸν
1303 2843 1604 2896 ἐπίσκοπον
1633 2841 1923 2895 διετείνετο

345 2936 524 3007 ὓϐριν.
557 2937 665 2992 Καὶ
699 2938 897 2992 αὐτίκα
928 2938 1021 2992 τὸν
1059 2936 1343 2990 Βασίλειον
1373 2938 1485 3000 τοῖς
1522 2935 1746 2997 οίκείοις
1795 2933 1923 2986 ἑπέ-

340 3044 512 3099 τρεπε
547 3029 1028 3099 μεταστέλλεσθαι,
1066 3031 1166 3083 καὶ
1213 3029 1290 3101 τῷ
1326 3029 1568 3100 κειμένῳ
1602 3027 1703 3081 ὅσα
1734 3043 1796 3095 γε
1826 3026 1924 3078 δυ-

346 3124 483 3176 νατὰ
511 3122 728 3193 βοηθεῖν
752 3137 765 3152 °
799 3125 1100 3193 παρῃτεῖτο
1124 3121 1232 3192 γὰρ
1260 3122 1422 3184 αὐτὸς
1447 3122 1576 3191 περὶ
1611 3118 1805 3173 τούτου
1831 3135 1925 3171 κε-

343 3214 526 3269 λεύειν
556 3216 782 3286 ἔναγχος
822 3215 1294 3287 περιυϐρισμένῳ.
1343 3215 1403 3268 ’0
1435 3215 1492 3267 δὲ
1526 3213 1732 3284 παρῆν,
1766 3213 1861 3265 καὶ
1895 3211 1925 3262 6

346 3307 476 3369 παῖς
500 3308 629 3379 ῥᾷον
659 3308 809 3378 εσχε.
840 3308 1043 3380 Πεῖραν
1063 3308 1108 3362 δ’
1134 3309 1272 3372 ὅλως
1297 3310 1555 3377 εἰσάγων,
1579 3305 1945 3378 διεμηνύετοη

2022 2122 2452 2194 Epiphaniorum
2508 2119 2680 2175 festus
2728 2117 2849 2174 dies
2902 2116 3137 2180 adesset,
3165 2126 3291 2167 cum
3338 2108 3607 2165 universae

2021 2228 2186 2286 quam
2296 2225 2484 2267 secum
2569 2208 2852 2272 habebat,
2945 2204 3098 2261 inani
3166 2212 3223 2259 et
3308 2199 3603 2271 splendida

2020 2319 2221 2376 pompa
2277 2303 2335 2358 in
2374 2300 2659 2358 ecclesiam
2718 2298 2910 2365 venit,
2967 2304 3019 2352 et
3069 2307 3273 2350 munus
3318 2305 3480 2347 suum
3515 2290 3595 2360 (ὅ)

2022 2396 2089 2453 ad
2121 2410 2332 2453 sacram
2364 2409 2608 2451 mensam
2657 2390 2872 2447 attulit:
2908 2399 3075 2460 atque
3134 2386 3211 2442 ibi
3235 2384 3382 2456 quod
3409 2381 3595 2439 omnia
3636 2378 3641 2383 ’

2027 2491 2168 2546 miro
2249 2488 2444 2544 ordine
2519 2492 2885 2557 gererentur,
2943 2483 3010 2537 ad
3082 2491 3364 2550 stuporem
3442 2476 3598 2530 dela-

2027 2596 2159 2650 psus
2197 2590 2252 2635 et
2303 2589 2450 2634 totus
2492 2586 2754 2641 mutatus,
2786 2576 2841 2629 in
2869 2575 3046 2631 solum
3109 2571 3463 2636 concidisset,
3492 2568 3596 2622 nisi

2027 2671 2253 2740 quidam
2318 2686 2383 2724 ex
2443 2669 2638 2724 ordine
2699 2666 3044 2731 sacerdotali,
3107 2664 3288 2720 tunica
3348 2669 3600 2729 correpta

2028 2762 2412 2832 imperatorem
2461 2761 2571 2832 iam
2640 2767 2887 2813 ruentem
2942 2755 3284 2811 retinuisset.
3324 2752 3427 2808 Ubi
3471 2767 3602 2805 vero

2029 2870 2336 2910 sermonem
2363 2870 2578 2926 quoque
2612 2868 2737 2932 cum
2771 2852 2888 2906 viro
2941 2849 3193 2910 contulit,
3248 2847 3418 2916 magis
3441 2846 3600 2900 etiam

2028 2945 2376 3017 sapientiam,
2442 2946 2727 3015 sacrisque
2796 2942 3071 2999 obeundis
3124 2949 3181 2995 et
3236 2936 3602 2994 concionibus

2030 3046 2195 3108 atque
2245 3035 2615 3091 conventibus
2671 3033 2996 3105 peragendis
3047 3030 3454 3095 dexteritatem,
3500 3043 3605 3083 nec

2032 3144 2139 3183 non
2167 3142 2351 3183 rerum
2383 3129 2630 3183 omnium
2657 3126 2903 3181 ordinem
2932 3123 3369 3195 pulcherrimum
3429 3119 3605 3175 admi—
3665 3156 3671 3162 .

2033 3228 2186 3276 ratus
2233 3229 2338 3276 est.
2399 3219 2659 3274 Sedenitn
2706 3228 2895 3289 postea
2950 3216 3101 3272 brevi
3160 3212 3607 3269 adversariorum

2032 3312 2323 3368 calumniis
2353 3322 2657 3381 permotus,
2690 3311 2747 3364 in
2778 3309 3032 3366 exsilium
3055 3323 3181 3363 eum
3213 3306 3431 3361 mittere
3469 3319 3603 3359 con-

352 3416 372 3447 ι
416 3396 478 3448 ΕΞ
498 3398 698 3470 ἀληθῆ,
726 3397 924 3467 λέγων,
956 3397 993 3453 ἃ
1023 3399 1089 3452 σύ
1124 3397 1374 3463 δοξάζεις
1402 3401 1534 3469 περὶ
1563 3396 1722 3461 Θεοῦ,
1757 3394 1924 3465 εὐχὴν

2030 3405 2232 3461 stituit.
2266 3405 2334 3459 Et
2354 3406 2464 3475 iam
2488 3418 2597 3457 nox
2629 3404 2838 3467 aderat,
2862 3411 2919 3457 et
2946 3414 3146 3457 currus
3171 3399 3606 3468 prmparabatur,

345 3490 579 3559 πρᾶττε,
612 3491 705 3543 καὶ
731 3490 792 3543 δυ
804 3490 971 3545 σώπει
995 3491 1151 3557 Θεὸν,
1169 3492 1260 3545 ἵνα
1287 3508 1373 3559 μοι
1404 3493 1431 3543 6
1461 3492 1586 3552 παῖς
1621 3490 1695 3560 μὴ
1722 3487 1923 3556 ἀπόλη-

346 3591 465 3635 ται.
505 3581 641 3635 Ἀλλ’
668 3585 716 3636 εί
749 3584 1052 3651 πιστεύεις,
1080 3583 1187 3653 ἔφη
1222 3583 1498 3646 Βασίλειος
1520 3623 1534 3646 ,
1570 3580 1758 3651 ὥσπερ
1788 3578 1923 3648 ἐγὼ,

349 3676 449 3727 καὶ
476 3675 573 3742 τὴν
598 3675 755 3729 νόσον
783 3676 892 3729 τῶν
914 3675 1222 3744 ἑοικλησιῶν
1245 3674 1557 3739 ἁποξέσεις,
1579 3676 1797 3735 πάντως
1822 3687 1923 3723 που

351 3766 582 3837 ζήσεταί
617 3783 701 3818 σοι
732 3768 760 3818 6
789 3769 943 3830 παῖς.
981 3785 1000 3819 ι
1050 3766 1158 3819 Τοῦ
1186 3767 1244 3820 δὲ
1280 3765 1608 3834 συνθεμένου
1632 3764 1726 3816 καλ¹
1755 3762 1926 3824 ἄλλως

356 3858 686 3928 πράξαντος,
717 3861 745 3912 6
777 3863 903 3922 παῖς
946 3857 1039 3912 τοῦ
1080 3857 1232 3929 βιοῦν
1259 3857 1658 3927 ἀπηλλάττετο.
1693 3850 1928 3922 ’ἰσχυρί-

352 3953 511 4014 ζοντο
559 3951 602 4004 δ’
636 3943 898 4017 ἅπαντες,
926 3950 1003 4014 ὡς
1057 3951 1156 4004 οὐκ
1189 3951 1256 4004 ἂν
1286 3948 1578 4020 ἀπολώλει,
1616 3949 1661 4000 εἰ
1697 3947 1773 4016 μὴ
1806 3948 1931 4009 τοὺς

350 4044 694 4114 ἑτεροδόξοδς
711 4045 967 4109 καλέσας,
987 4044 1122 4098 σύνα
1131 4060 1205 4114 μα
1222 4041 1491 4112 Βασιλείῳ
1514 4038 1771 4103 εὔξασθαι
1792 4038 1932 4106 ὑπὲρ

349 4136 451 4189 τοῦ
474 4136 657 4198 παιδὸς
688 4136 991 4207 παρηγγύα
1019 4150 1032 4163 ⁸
1060 4132 1142 4198 οἷς
1168 4138 1262 4186 καὶ
1293 4133 1579 4203 βαπτίζειν
1614 4130 1813 4201 μᾶλλον
1844 4129 1934 4182 τὸν

248 4238 265 4246 ’
353 4223 528 4276 παῖδα
549 4226 943 4296 προύτρέπετο.
970 4223 1236 4286 Βασιλεὺς
1258 4223 1315 4275 δὲ
1341 4220 1621 4291 τὺνάνδρα
1653 4218 1721 4271 δι’
1752 4216 1934 4280 αἰδοῦς

353 4313 733 4382 ἀγωνιχωρία
764 4313 831 4366 τά
862 4306 1239 4365 κάλλισταῶν
1273 4308 1422 4381 εἶχεν
1449 4311 1659 4375 αὐτόθι,
1694 4310 1805 4371 τοῖς
1835 4310 1936 4362 αὐ-

351 4407 451 4459 τοῦ
477 4406 697 4471 ξενῶσιν
731 4408 1139 4476 άπεχαρίςετοο
1165 4405 1306 4459 ἀλλὰ
1338 4405 1501 4458 πάλιν
1530 4403 1636 4455 ὐπὸ
1666 4402 1778 4454 τῶν
1813 4417 1936 4456 συν-

357 4501 506 4571 ήθων
531 4499 989 4571 πολιορκούμενος
1012 4501 1040 4552 6
1056 4498 1294 4570 κρατῶν,
1323 4496 1477 4558 αὖθις
1504 4495 1597 4549 τὸν
1622 4496 1769 4548 ὅσιον
1804 4510 1936 4562 μετ-

359 4593 642 4647 εστέλλετο
665 4608 679 4622 ·
714 4596 810 4646 καὶ
848 4595 948 4661 τῆς
991 4593 1102 4646 τῶν
1127 4590 1387 4644 ἐναντίων
1437 4587 1652 4659 μερίδος
1683 4585 1937 4655 γενέσθαι

2026 3515 2152 3553 cum
2195 3498 2494 3567 derepente
2555 3497 2781 3550 morbus
2837 3494 3191 3563 imperatoris
3248 3490 3444 3556 ﬁlium,
3514 3489 3606 3544 cui

2027 3591 2184 3648 Gallo
2218 3604 2417 3644 nomen
2464 3594 2604 3654 erat,
2637 3585 2871 3641 invadit.
2902 3584 3035 3639 Tam
3090 3584 3390 3638 vehemens
3421 3592 3606 3636 autem

2027 3693 2085 3739 et
2112 3682 2452 3752 periculosus
2518 3680 2566 3733 is
2615 3688 2757 3743 erat,
2800 3686 2859 3731 ut
2903 3676 2996 3746 qui
3060 3690 3292 3744 puerum
3347 3671 3627 3728 curabant-7

2031 3775 2232 3832 medici
2266 3774 2531 3845 insignes,
2563 3771 2632 3826 de
2681 3771 2790 3825 vita
2841 3770 2964 3841 ejus
2992 3767 3379 3838 desperarent.
3410 3764 3614 3820 Valens

2031 3882 2357 3925 casumeum
2384 3864 2863 3935 impatientissime
2890 3860 3093 3927 ferens,
3126 3860 3182 3913 in
3206 3859 3324 3914 solo
3347 3857 3621 3925 volvitur,

2035 3975 2134 4028 pro
2167 3959 2263 4013 ﬁlii
2289 3957 2467 4013 salute
2501 3967 2733 4010 mortem
2763 3953 2869 4008 sibi
2900 3952 3004 4022 ipsi
3032 3959 3210 4021 optat,
3250 3959 3306 4005 et
3338 3949 3609 4005 insolabi-

2036 4052 2163 4106 liter
2211 4050 2384 4120 luget.
2418 4047 2701 4103 Dominica
2742 4060 2964 4116 quoque
3017 4042 3368 4112 imperatoris
3411 4042 3615 4110 conan

2038 4145 2279 4215 graviter
2308 4140 2588 4212 aﬂligitur,
2638 4149 2696 4196 et
2727 4137 3022 4194 horrendis
3082 4145 3249 4190 noctu
3312 4136 3615 4205 pavoribus

2042 4235 2497 4303 territam,atque
2526 4233 2580 4287 id
2617 4242 2842 4303 propter
2869 4245 2990 4287 eam
3017 4244 3140 4301 qum
3176 4227 3438 4299 episcopo
3467 4227 3616 4281 illata

2039 4338 2188 4385 esset
2221 4327 2501 4399 iniuriam,
2545 4341 2760 4397 passam
2814 4325 2874 4381 se
2909 4337 3032 4380 esse
3091 4321 3400 4378 conﬁrmat.
3456 4319 3623 4390 136

2040 4420 2278 4476 Proinde
2307 4419 2561 4475 Basiliam
2590 4420 2901 4488 statimiper
2917 4432 3047 4473 suos
3074 4419 3619 4485 accersitzeumque,

2047 4520 2107 4567 ut
2131 4513 2401 4584 iacentem
2421 4525 2673 4581 puerum,
2691 4512 2834 4580 quod
2862 4517 3066 4580 posset,
3081 4508 3395 4580 adiuvaret,
3431 4518 3606 4576 rogat.

2044 4604 2166 4674 Ipse
2204 4617 2441 4673 namque
2485 4604 2805 4672 imperator,
2847 4610 3073 4672 propter
3103 4610 3380 4656 recentem
3428 4600 3623 4655 etiam-

363 4690 618 4757 παρῄνει.
662 4686 748 4749 Ὠς
779 4686 838 4741 δὲ
877 4687 968 4738 τὸν
1007 4686 1293 4754 ἀδάμαντα
1324 4682 1532 4735 πείθειν
1564 4679 1816 4750 οὐδαμῶς
1858 4671 1924 4730 εἶ·

2044 4712 2174 4751 num
2200 4697 2250 4750 ei
2283 4695 2477 4750 factam
2530 4694 2810 4765 iniuriam,
2867 4693 3166 4762 quidquam
3221 4692 3385 4747 abeo
3432 4678 3619 4760 petere

367 4795 486 4849 χεν,
511 4782 588 4844 είς
619 4780 832 4852 ἑξορίαν
859 4779 1096 4847 ἀπάγειν
1128 4776 1369 4831 ἐκέλευε.
1410 4776 1519 4829 Καὶ
1547 4777 1575 4828 6
1598 4775 1696 4845 μὲν
1723 4774 1824 4843 τῆς
1850 4773 1939 4838 εξ-

363 4871 518 4941 ορίας
559 4872 763 4943 χάρτης
792 4871 1101 4941 ἐγράφετο*
1125 4872 1193 4941 τῇ
1243 4870 1387 4940 χειρὶ
1430 4869 1489 4922 δὲ
1519 4870 1708 4923 τοῦτον
1743 4884 1953 4939 πειραι

365 4964 486 5027 θεὶς
541 4963 859 5036 βεϐαιῶσαι,
892 4963 1045 5017 οὐδὲν
1082 4963 1197 5016 τῶν
1229 4962 1510 5032 στοιχείων
1539 4961 1752 5034 γράψαι
1788 4962 1940 5017 δεδύ-

361 5073 517 5129 νητο.
569 5058 628 5110 ’0
682 5057 788 5127 γὰρ
840 5057 1083 5126 κάλαμος
1121 5056 1287 5120 εὐθὺς
1328 5056 1641 5126 συνετρίϐη.
1679 5054 1834 5112 Ἐπεὶ
1882 5055 1942 5108 δὲ

362 5155 463 5208 καὶ
495 5155 523 5207 6
550 5152 810 5224 δεύτερος·
837 5154 931 5205 καὶ
956 5154 983 5205 ὁ
1017 5151 1201 5221 τρίτος
1232 5150 1309 5213 ὡς
1336 5150 1396 5203 τὸ
1435 5149 1584 5211 είκὸς
1609 5146 1944 5216 εὐθυνούμε-

363 5264 456 5310 νος
495 5247 694 5317 ἐπίσης
718 5244 794 5315 τῷ
834 5243 1037 5315 πρώτῳ
1065 5243 1332 5315 ἔπασχον·
1367 5241 1448 5296 ἐτι
1490 5241 1561 5298 δὲ,
1588 5242 1649 5294 τὸ
1676 5241 1941 5304 δυσσεϐὲς

368 5345 747 5416 γραμματεῖον
777 5342 954 5393 ἐκεῖνο
986 5337 1242 5409 βεϐαιοῦν
1284 5337 1569 5411 ἐπειρᾶτο,
1597 5335 1801 5388 σείεται
1842 5333 1942 5404 μὲν

365 5439 516 5509 αὐτῷ
549 5439 583 5507 ἡ
614 5437 732 5509 χεὶρ
778 5435 1120 5507 παραδόξως.
1172 5432 1387 5504 Τρὸμος
1427 5431 1476 5485 δ’
1513 5429 1741 5500 ἄσχετος
1773 5429 1944 5500 αὐτὴν

367 5529 656 5600 διεδέχετο.
695 5527 976 5583 Ἐντεῦθεν
1005 5527 1060 5580 δὲ
1081 5524 1462 5588 κατασεισθεὶς
1492 5524 1595 5594 τὴν
1621 5521 1825 5592 ψυχὴν,
1849 5520 1946 5573 καὶ

442 5728 520 5799 (l)
553 5728 748 5810 Munus
803 5724 1157 5808 oli‘ertorium
1192 5738 1210 5778 :
1248 5722 1397 5850 (tuod
1454 5721 1786 5791 αὐτουργὸς,
1838 5720 1947 5776 hoc

442 5811 475 5850 l.
509 5815 608 5850 sua
641 5812 755 5850 inse
787 5811 950 5850 manu
983 5797 1206 5850 obtulit.
1241 5801 1255 5850 l
1312 5809 1425 5850 reg.
1456 5791 1615 5850 Νη.)

368 5791 475 5860 est.
506 5791 608 5853 sua
639 5799 755 5867 ipse
787 5811 950 5853 manu
983 5797 1206 5850 obtulit.
1241 5791 1425 5865 (ΕΙ-οε.
1456 5791 1615 5867 Naz.)

441 5871 519 5939 (2)
558 5865 701 5939 Cum
751 5878 932 5921 autem
989 5866 1044 5939 id
1096 5881 1205 5939 nou
1264 5872 1536 5939 annueret
1583 5865 1947 5939 irruperator:

375 5931 745 6068 ligusilius,,De
792 5952 976 6006 puero,
1028 5937 1230 6008 inquit,
1276 5934 1520 5992 voluntas
1573 5931 1785 5988 Dontini
1836 5931 1950 6001 ﬁet.

376 6022 389 6068 ί
418 6015 575 6068 ‘ocm

376 6015 575 6086 (ὅθεν.)

2043 4787 2357 4842 verebatur.
2402 4784 2640 4839 Basilius
2668 4783 2842 4848 adest,
2875 4792 2931 4836 et
2957 4797 3094 4851 puer
3136 4782 3465 4838 meliuscule
3516 4780 3620 4835 lia-

2044 4878 2159 4935 bet.
2183 4878 2489 4948 Imperator
2508 4873 2867 4929 nihilominus
2891 4871 3198 4943 periculum
3230 4872 3501 4934 facturus,
3549 4873 3619 4927 ad

2041 4971 2238 5027 illum:
2273 4988 2291 5021 ι
2318 4967 2374 5023 Si
2406 4981 2555 5030 vera,
2589 4965 2790 5035 inquit,
2822 4971 2954 5019 sunt
2989 4976 3111 5032 quae
3153 4964 3223 5018 de
3252 4962 3362 5018 Deo
3417 4963 3611 5024 doces.

2004 5099 2009 5103 -
2044 5074 2292 5132 precare,
2321 5067 2378 5114 et
2403 5059 2575 5113 Deum
2598 5070 2784 5123 exora,
2822 5069 2893 5110 ne
2916 5053 3053 5108 mihi
3079 5053 3223 5109 ﬁlius
3241 5054 3502 5111 intereat.
3524 5054 3626 5109 »Αι

2045 5154 2138 5209 ille
2156 5169 2202 5208 ι(
2222 5151 2278 5208 Si
2293 5150 2437 5207 idem
2451 5132 2720 5221 quodego
2741 5147 2943 5215 credis,
2966 5147 3331 5218 morbumque
3353 5163 3614 5217 grassan-

2046 5256 2161 5303 tem
2179 5243 2526 5301 abecclesiis
2565 5242 2864 5314 dispellere
2884 5239 3197 5304 constituis,
3226 5241 3458 5297 omnino
3484 5254 3624 5309 puer

2045 5340 2412 5397 convalescet.
2444 5356 2464 5390 ι
2488 5337 2758 5394 Gaaterum
2779 5350 2906 5392 cum
2933 5332 3138 5391 Valens
3171 5332 3229 5388 id
3259 5348 3320 5389 se
3347 5333 3623 5388 facturum

2046 5431 2337 5501 reciperet,
2372 5438 2429 5484 et
2460 5428 2621 5482 aliter
2653 5437 2836 5481 tamen
2867 5424 3091 5491 faceret,
3121 5438 3262 5495 puer
3292 5438 3324 5479 e
3371 5423 3485 5477 vita
3526 5436 3625 5476 ex-

2046 5522 2232 5579 cessit.
2263 5520 2467 5577 Omnes
2501 5526 2683 5574 autem
2706 5527 3117 5583 asseverarunt,
3169 5531 3282 5572 non
3313 5515 3622 5587 periturum

2122 5720 2400 5794 (3)1m'uit
2453 5720 2557 5777 isti
2591 5721 3320 5794 colloquiorDemosthenes
3375 5719 3627 5794 quidam,

2051 5793 2404 5863 imperatoris
2457 5792 2779 5856 Obsonator,
2815 5793 2908 5863 qui
2951 5792 3104 5848 orbis
3148 5792 3631 5863 universihdocto-

2055 5860 2167 5918 rem
2232 5879 2498 5931 carpens,
2550 5864 2783 5918 barbare
2852 5862 3207 5932 loquebatur.
3270 5864 3339 5916 At
3397 5860 3630 5932 Basilius

2054 5929 2371 5995 subridens,
2410 5933 2824 6001 Ἐθεασάμεθα,
2880 5929 3096 6003 inquit,
3158 5933 3257 5995 καὶ,
3308 5929 3631 6002 Δημοσθένη

2057 6005 2447 6076 ἀφάμματον,
2508 6010 2608 6060 hoc
2660 6014 2765 6072 est,
2823 6003 2909 6060 En
2963 6004 3365 6058 Demosthenen:
3426 6014 3657 6072 quoque:
