4056 6474
1606 286 1677 304 ~—

419 392 524 460 633

1343 405 1948 466 ECCLESIASTlC/E
1988 407 2375 469 IllSTJRlzli
2419 408 2562 471 LIB.
2606 408 2716 470 Xl.

3520 378 3535 389 ’
3571 411 3675 471 ςτιι

417 527 506 570 τος
538 509 729 578 ἕψεται
761 528 774 541 ·
803 511 914 578 ἐγὼ
940 511 997 564 δὲ
1019 513 1116 576 τὰς
1133 511 1286 574 δίκας
1314 514 1471 568 δώσω
1532 517 1629 586 τῆς
1685 517 1783 585 σῆς
1839 518 1976 569 ἀναιι

2101 517 2417 572 teriremns.
2469 516 2606 571 Cum
2638 520 2683 571 is
2710 534 2802 587 qut
2834 518 3014 572 exsilii
3048 517 3103 572 li!
3126 518 3307 573 ellum‘
3338 517 3408 574 ab
3435 518 3642 588 impera

420 604 643 671 ρέσεως.
688 621 706 654 ι
739 600 911 656 Ταῦτ’
942 600 1134 666 είπὼν,
1169 604 1312 656 κατὰ
1346 605 1570 675 πρώτην
1605 606 1862 675 εἰσϐολὴν
1892 607 1993 677 τῆς

416 692 629 757 νυκτὸς,
665 692 789 761 μεθ’
818 693 937 757 ἐνὸς
985 692 1202 746 οἰκέτου
1260 692 1442 760 ἐξιὼν,
1479 695 1640 764 μόνος
1692 696 1939 760 ἐϐάδιζεν
1974 713 1992 730 ο

414 784 516 838 δ’δ’
536 784 723 838 εἵπετο
755 785 1195 855 προσκεφάλαιον
1252 786 1415 856 μόνον
1443 790 1536 840 καὶ
1598 787 1805 857 βιϐλίον
1835 791 1862 841 ό
1906 789 1993 844 Bac

417 877 607 945 ράπων
639 877 1059 947 ἐπιφερόμενος.
1109 877 1250 948 Πρὸς
1283 878 1340 931 δὲ
1377 878 1476 950 τὴν
1523 879 1690 950 ὄχθην
1740 880 1833 934 τοῦ
1888 880 1994 934 Εὑ-

413 967 620 1038 φράτου
659 968 951 1035 γενόμενος
981 983 998 1001 ⁸
1028 968 1190 1023 δίεισι
1219 969 1276 1023 δὲ
1307 972 1335 1023 ό
1372 971 1621 1040 ποταμός
1641 972 1734 1024 τὸν
1767 972 1992 1043 περίϐοο

411 1060 504 1112 λον
521 1059 617 1113 τοῦ
650 1063 843 1123 ἄστεος
877 1060 1170 1133 περιθέων,
1239 1062 1369 1117 ἔνθα
1396 1063 1494 1118 καὶ
1522 1064 1615 1117 τὸν
1650 1065 1818 1135 πόρον
1846 1065 1992 1136 ἔχειν

410 1151 675 1219 λέγεται·
734 1152 931 1217 ἐπιϐὰς
991 1153 1188 1220 ἀλιάδι,
1251 1156 1345 1209 ἐπὶ
1400 1156 1464 1209 τδ
1517 1156 1693 1228 πέραν
1746 1157 1993 1213 ἐλαύνειν

413 1241 530 1302 τοῖς
586 1240 803 1309 ἐρέταις
862 1242 1210 1297 ὲνεκελεύετο
1257 1243 1387 1315 περὶ
1430 1246 1525 1300 τὸν
1555 1286 1571 1310 ,
1626 1247 1686 1310 δς
1740 1247 1992 1302 καλεῖται

410 1329 655 1401 Ζεῦγμα.
690 1332 799 1385 Καὶ
827 1334 855 1386 δ
883 1333 982 1403 μὲν
1014 1334 1103 1405 ﬁet
1152 1334 1248 1389 τοῦ
1275 1336 1466 1409 πρόσω
1486 1354 1501 1368 ·
1546 1338 1883 1409 Σαμοσατεῖς
1934 1340 1992 1394 δὲ

409 1425 625 1491 γνόντες
653 1424 714 1476 τὸ
743 1424 952 1494 δρᾶμα,
982 1424 1241 1497 ὀδυρμοῖς
1290 1428 1387 1481 καὶ
1444 1428 1710 1501 δάκρυσιν
1758 1431 1989 1501 εἴχοντο.

410 1518 521 1570 Καὶ
548 1517 743 1569 αὐτίκα
799 1503 1069 1587 πλήρηςδ
1114 1518 1283 1590 πόρος
1343 1523 1454 1572 τῶν
1493 1522 1842 1592 ἐμπλεόντων
1897 1520 1988 1596 ἦν.

422 1611 510 1673 Ὡς
537 1610 595 1663 δὲ
627 1610 779 1677 μόλις
825 1611 1145 1673 κατέλαϐον.
1170 1612 1401 1667 ἐπιπολὺ
1426 1612 1498 1689 τὸ
1532 1613 1715 1685 ῥόθιον
1776 1616 1991 1686 διατρέ-

409 1715 615 1768 χοντες,
636 1699 1036 1772 δεδακρυμένοι
1087 1701 1311 1768 πάντες,
1371 1701 1581 1756 πείθειν
1640 1705 1986 1776 ἐπεχείρουν,

2105 617 2223 664 tore
2266 609 2561 674 afferebat,
2612 610 2760 664 circa
2803 611 3195 678 crepusculum
3228 612 3579 675 advenisset,
3617 620 3681 663 ut

2103 700 2305 754 tacitus
2341 711 2521 763 esset,
2573 716 2904 771 causamque
2935 703 3208 757 adventus
3254 703 3337 758 sui
3377 710 3675 771 premeret,

2099 806 2226 844 eum
2260 790 2543 844 admonuit
2578 790 2681 861 (1).
2723 810 2740 842 ι
2782 791 2838 846 Si
2866 792 3048 859 enim,
3090 792 3305 860 inquit,
3341 792 3446 845 hoc
3490 790 3679 844 ninlti-

2101 883 2237 937 tudo
2278 882 2601 942 resciverit.
2650 883 2849 937 ardore
2894 883 2996 937 zeli
3046 883 3317 946 excitata,
3367 890 3421 935 te
3452 881 3674 950 quidem

2098 972 2193 1028 illa
2226 973 2414 1027 statim
2457 972 2714 1036 necabit,
2760 986 2846 1025 me
2881 983 3063 1026 autem
3115 972 3281 1027 caedis
3329 971 3450 1040 ejus
3482 984 3674 1039 poenas

2093 1064 2250 1119 luere
2293 1063 2594 1133 oportebit.
2632 1082 2651 1115 ι
2687 1061 2812 1118 Haec
2859 1063 2950 1118 ubi
2999 1062 3267 1124 dixisset,
3319 1061 3385 1116 ad
3432 1061 3668 1128 primam

2096 1156 2294 1220 facem,
2326 1156 2492 1211 unico
2521 1156 2761 1216 servulo,
2792 1155 2886 1223 qui
2917 1153 3152 1210 cervical
3180 1163 3391 1209 tantum
3419 1162 3475 1208 et
3505 1153 3664 1209 libel-

2093 1247 2207 1304 lum
2244 1262 2433 1303 secum
2484 1246 2727 1311 ferebat,
2765 1245 3094 1311 comitatus,
3132 1246 3285 1301 solus
3326 1261 3387 1300 se
3426 1245 3483 1299 in
3514 1245 3664 1299 viam

2095 1339 2288 1395 dedit:
2328 1347 2494 1408 atque
2531 1338 2623 1391 ubi
2671 1337 2740 1392 ad
2788 1336 3090 1407 Euphratis
3138 1337 3312 1406 ripam
3338 1338 3523 1402 venit,
3571 1337 3666 1406 qui

2096 1429 2251 1484 urbis
2277 1431 2398 1499 ejus
2434 1428 2636 1484 mmnia
2666 1428 3094 1498 praeterlabitur,
3131 1430 3224 1485 ubi
3258 1430 3423 1483 etiam
3456 1430 3670 1483 transi-

2097 1528 2211 1574 tum
2242 1520 2448 1576 habere
2474 1521 2693 1584 dicitur,
2724 1521 3076 1590 piscatoriam
3102 1521 3429 1576 conscendit
3456 1522 3667 1583 navim,

2094 1620 2151 1666 et
2183 1612 2419 1678 remiges
2464 1610 2519 1665 in
2567 1610 2744 1680 ripam
2793 1612 3022 1666 alteram
3071 1625 3195 1665 eum
3241 1610 3424 1666 locum
3472 1627 3669 1667 Versus

2093 1701 2475 1774 qui_Zeugma
2518 1707 2875 1769 nominatur,
2922 1704 3202 1774 appellere
3251 1705 3439 1775 jussit.
3491 1705 3670 1771 Atque

414 1791 487 1858 μὴ
514 1792 624 1851 τοῖς
658 1791 842 1856 λύκοις
899 1792 1317 1863 προδιδόναιτά
1371 1793 1645 1864 πρόϐατα.
1717 1795 1872 1849 Ἐπεὶ
1929 1796 1976 1850 δὲ

2089 1793 2184 1848 ille
2228 1795 2450 1864 quidem
2495 1795 2575 1852 sic
2613 1804 2701 1850 est
2760 1795 3064 1864 profectus.
3114 1797 3183 1850 At
3224 1797 3572 1853 Samosateni
3610 1812 3670 1851 re

417 1879 579 1934 πολλὰ
603 1883 855 1952 λέγοντες
874 1882 1087 1939 πείθειν
1112 1884 1214 1938 οὐκ
1242 1879 1393 1954 εἶχον
1423 1885 1507 1956 (τὸ
1534 1886 1644 1956 γὰρ
1699 1888 1976 1942 ἀποστολι-

2092 1887 2345 1956 cognita,
2393 1888 2449 1941 in
2489 1887 2746 1959 lacrymis
2790 1897 2848 1943 et
2887 1888 3043 1943 luctu
3087 1902 3244 1953 esse,
3286 1897 3342 1942 et
3372 1888 3665 1943 confestim

414 1976 706 2031 κὸνηέκεῖνο
739 1978 1136 2047 προύϐάλλετο,
1180 1981 1379 2051 ἀρχαῖς
1408 1982 1505 2035 καὶ
1543 1980 1819 2046 ἐξουσίαις
1855 1983 1976 2037 ὑπο-

2088 1977 2351 2047 trajectus
2378 1978 2768 2049 navigantibus
2792 1978 3021 2049 repleri.
3046 1978 3151 2037 Ubi
3178 1995 3311 2035 vero
3337 1994 3463 2035 eum
3491 1981 3663 2034 multa

406 2071 745 2141 τάσσεσθαι)·
777 2075 805 2126 ὁ
832 2072 933 2142 μὲν
959 2073 1119 2138 ἄλλος
1151 2073 1282 2127 ἄλλο
1322 2092 1376 2128 τι
1408 2075 1632 2146 χρυσίον
1673 2075 1770 2130 καὶ
1818 2077 1984 2148 ἐσθῆ-

403 2180 474 2217 τα
494 2164 588 2218 καὶ
616 2165 834 2228 οἰκέτας
860 2165 936 2229 ὡς
963 2164 1060 2218 ἐπὶ
1079 2167 1238 2238 ξένης
1299 2167 1593 2239 ἀπαίροντι
1651 2169 1931 2240 προσῆγον
1963 2186 1979 2201 ’

403 2258 433 2311 δ
464 2255 522 2309 δὲ
558 2257 866 2325 τάναγκαῖα
915 2258 1070 2329 παρά
1106 2259 1216 2314 τῶν
1279 2261 1724 2332 γνωριμωτέρων
1777 2260 1982 2329 λαϐὼν,

400 2350 525 2411 ταῖς
561 2338 745 2418 εὐχαῖς
779 2367 837 2403 τε
873 2352 1209 2416 καθοπλίσας
1236 2355 1312 2418 ὡς
1338 2353 1443 2422 δεῖ,
1470 2344 1564 2410 καὶ
1627 2354 1738 2409 τῶν
1797 2373 1984 2427 παρα-

397 2435 698 2506 δεδομένων
728 2440 978 2509 ἀκριϐῶς
1031 2440 1251 2510 ἔχεσθαι
1292 2445 1711 2516 παρεγγυήσας,
1752 2443 1846 2498 ἐπὶ
1887 2445 1981 2500 τὸν

401 2532 614 2602 Ἵστρον
643 2533 932 2590 διέϐαινεν.
971 2535 1034 2590 Ol
1064 2534 1111 2590 δ’
1168 2535 1466 2608 ἀχθόμενοι
1489 2539 1551 2590 τὸ
1602 2539 1738 2593 ἄστυ
1797 2558 1983 2594 κατει-

396 2623 648 2691 ληφότες,
675 2624 885 2696 ἕτοιμοι
915 2625 1055 2696 πρὸς
1089 2625 1190 2699 τὴν
1247 2629 1356 2680 τῶν
1409 2628 1593 2684 λύκων
1653 2631 1981 2703 συμπλοκὴν

394 2711 539 2787 ἦσαν
572 2731 585 2744 °
622 2716 787 2770 καλὸν
818 2717 930 2788 γὰρ
961 2720 1055 2772 καὶ
1107 2718 1290 2773 αὐτῶν
1341 2722 1548 2776 ἐκεῖνον
1570 2723 1663 2775 τὸν
1699 2723 1839 2793 ὑπὲρ
1881 2724 1979 2777 τοῦ

397 2807 565 2862 καλοῦ
597 2808 759 2879 ζῆλον
790 2810 1223 2882 ἐκδιηγήσασθαι
1257 2826 1274 2844 ο
1307 2811 1517 2869 ἀδικεῖν
1572 2815 1679 2883 γὰρ
1744 2816 1975 2885 νομίσω,

394 2902 445 2952 εί
474 2900 549 2971 μὴ
578 2901 637 2955 τὸ
660 2902 863 2972 θερμὸν
891 2905 985 2956 καὶ
1014 2903 1318 2975 ἀκραιφνὲς
1368 2906 1550 2962 αὐτῶν
1595 2907 1696 2977 τῆς
1739 2907 1978 2971 πίστεως

395 2989 703 3061 παραδώσω
736 2994 803 3064 τῇ
840 2993 1053 3064 μνήμῃ.
1092 2992 1180 3058 Ὠς
1211 2994 1322 3066 γὰρ
1347 2996 1396 3048 ot
1428 2994 1528 3065 τῆς
1580 2995 1797 3066 Ἀρείου
1831 3014 1974 3068 συμ-

353 3091 360 3098 ’
398 3080 616 3159 μορίοις.
652 3080 780 3145 ὅλας
807 3081 1105 3154 ἐκκλησίας
1157 3084 1267 3137 τῶν
1311 3085 1592 3153 ποιμένων
1648 3083 1977 3155 γυμνώσαν-

392 3188 505 3237 τες,
538 3174 631 3225 καὶ
654 3174 744 3225 ἐπὶ
770 3172 1066 3244 Σαμόσατα
1113 3173 1298 3244 ἕτερον
1347 3175 1464 3229 ἀντ’
1522 3176 1809 3243 Εὐσεϐίου,
1871 3178 1975 3231 Εὑ-

393 3265 580 3334 νὸμιον
613 3263 810 3335 ὄνομα,
843 3268 1242 3337 άντεισήγαγον
1270 3283 1285 3299 ⁸
1318 3267 1493 3333 οὐδεὶς
1522 3269 1630 3323 τῶν
1693 3270 1974 3337 ἁπάντων,

391 3361 454 3428 ού
510 3359 700 3427 πένης,
757 3359 1153 3429 ούνπλούσιος,
1211 3363 1271 3414 ού
1325 3362 1460 3428 νέος,
1520 3362 1582 3415 ού
1638 3363 1972 3433 πρεσϐύτης,

393 3453 585 3523 ᾁπλῶς
605 3454 782 3516 οὐδεὶς
802 3454 969 3522 φάναι
1017 3456 1097 3519 εἰς
1133 3455 1234 3524 τὴν
1272 3455 1571 3525 ἐκκλησίαν
1623 3458 1819 3528 εἰσῄει,
1868 3457 1980 3510 ῶσ-

396 3564 502 3618 περ
521 3544 589 3621 ἦν
622 3546 745 3612 ἔθος
774 3564 789 3581 ο
821 3549 980 3619 μόνος
999 3547 1045 3601 δ’
1090 3548 1298 3613 ἐκεῖνος
1345 3549 1422 3622 τῷ
1475 3551 1815 3621 ὲπισκοπείῳ
1859 3551 1977 3621 διῆ-

394 3659 517 3710 γεν,
540 3643 755 3706 οὐδενὸς
786 3644 950 3698 αὐτὸν
978 3642 1095 3699 οὗθ’
1137 3645 1398 3715 ὁρῶντος,
1425 3643 1548 3698 οὔτε
1603 3646 1666 3698 τὸ
1709 3646 1973 3717 παράπαν

392 3736 556 3805 λόγον
610 3736 1012 3817 μεταδιδόντος,
1080 3739 1277 3794 Καίτοι
1346 3740 1513 3808 φασὶν
1579 3738 1742 3795 αὐτὸν
1795 3739 1974 3803 ἄλλως

387 3829 609 3901 ιπιεικῆ
638 3848 694 3883 τε
719 3830 849 3889 ὄντα
881 3833 975 3895 καὶ
1001 3833 1225 3905 μέτριον
1253 3847 1268 3862 ⁹
1302 3834 1398 3887 καὶ
1434 3831 1593 3886 τοῦτο
1612 3832 1967 3903 παρίστησιν.

401 3923 622 3995 Ἐπειδὴ
644 3925 751 3997 γὰρ
777 3929 857 3989 είς
880 3926 1140 3997 δημόσιον
1167 3923 1270 3998 ἧκε
1321 3927 1570 3998 λουτρὸν,
1602 3927 1711 3980 τῶν
1742 3926 1972 3980 οἰκετῶν

389 4015 834 4085 ὲγκλεισαμένων
864 4021 962 4081 τάς
992 4016 1182 4088 θύρας,
1213 4018 1421 4090 πλῆθος
1472 4020 1580 4089 πρδ
1636 4019 1746 4073 τῶν
1790 4019 1971 4088 θυρῶν

289 4094 303 4106 ’
391 4107 613 4163 ἑστάναι
650 4108 862 4179 μαθὼν,
895 4110 1007 4173 τοῖς
1030 4111 1272 4173 οἰκέταις
1306 4106 1463 4174 αὖθις
1500 4113 1844 4166 ἀναπετάσαι
1871 4114 1970 4175 τὰς

388 4199 562 4270 θύρας
616 4201 711 4254 τοῦ
767 4201 1055 4272 βαλανείου
1096 4202 1464 4268 ἐνεκελεύετο,
1517 4204 1612 4257 καὶ
1659 4202 1828 4268 ἀδεῶς
1874 4206 1968 4258 τοῦ

386 4292 613 4362 λουτροῦ
638 4297 915 4348 κοινωνεῖν
944 4295 1025 4368 τῷ
1058 4295 1371 4369 βουλομένῳ
1414 4297 1711 4367 ἐπέτρεπε.
1742 4296 1817 4351 Τὸ
1851 4298 1968 4350 ῐσον

384 4385 445 4453 δὲ
475 4386 569 4439 καὶ
592 4386 650 4438 ἐν
674 4388 788 4450 τοῖς
809 4386 985 4451 θόλοις
1023 4387 1169 4442 ἔνδον
1198 4388 1395 4444 ἐποίει.
1444 4388 1598 4442 Ἐπεὶ
1630 4389 1676 4441 δ’
1704 4390 1966 4463 είσῄεσάν

382 4494 532 4547 τινες
564 4482 656 4533 καὶ
686 4479 873 4551 κύκλῳ
911 4480 1261 4550 εἱστήκεσαν,
1292 4483 1660 4554 συμμετέχειν
1683 4484 1792 4535 τῶν
1839 4484 1964 4555 θερ-

2004 3223 2052 3283 C

2086 2078 2242 2137 parte
2265 2066 2414 2121 fluvii
2441 2083 2663 2123 emensa
2688 2076 2818 2122 sunt
2841 2067 3146 2134 consecuti,
3169 2068 3452 2138 plorantes
3470 2082 3664 2122 omnes

2086 2159 2318 2215 suadere
2346 2160 2395 2215 ei
2445 2160 2878 2223 contenderunt,
2927 2174 2999 2214 ne
3032 2159 3180 2230 lupis
3212 2174 3345 2215 oves
3374 2159 3659 2228 proderet.

2084 2253 2192 2309 Sed
2223 2265 2512 2324 postquam
2554 2256 2727 2310 multa
2757 2254 3042 2319 dicentes,
3079 2268 3206 2309 eum
3239 2254 3294 2309 in
3323 2250 3661 2309 sententiam

2085 2362 2240 2401 suam
2301 2346 2575 2402 adducere
2642 2362 2753 2401 non
2815 2353 3115 2417 potuerunt
3173 2344 3321 2415 (nam
3393 2342 3662 2412 apostoli-

2084 2444 2210 2495 cum
2282 2439 2419 2495 illud
2467 2440 2677 2495 dictum
2730 2441 2811 2495 eis
2860 2424 3088 2510 objecit,
3140 2436 3556 2517 magistratibus
3603 2446 3660 2490 et

2082 2534 2453 2604 potestatibus
2496 2533 2751 2589 subditos
2794 2531 2980 2602 esse);
3044 2531 3186 2586 alius
3218 2529 3439 2600 quidem
3485 2527 3659 2594 aliud,

2082 2639 2278 2678 aurum
2322 2625 2535 2679 scilicet
2573 2633 2630 2679 et
2670 2633 2880 2680 vestem
2923 2631 2981 2678 et
3007 2621 3242 2676 famulos
3272 2620 3321 2673 ei
3368 2619 3423 2673 in
3457 2628 3658 2680 terram

2083 2717 2322 2772 alienam
2354 2727 2412 2773 et
2445 2718 2806 2790 longinquam
2843 2715 3214 2787 proﬁciscenti
3258 2712 3498 2767 obtulit:
3540 2715 3660 2782 ipse

2081 2826 2214 2866 vero
2252 2811 2590 2867 necessariis
2628 2821 2842 2866 tantum
2883 2826 2914 2865 a
2952 2809 3401 2864 familiarissimis
3433 2807 3661 2877 quibus-

2080 2921 2189 2975 que
2218 2906 2460 2976 acceptis
2488 2905 2676 2971 rebus,
2707 2903 3023 2975 precatione
3047 2919 3142 2958 eos
3177 2903 3251 2956 ita
3287 2910 3342 2956 ut
3369 2899 3654 2962 convenit,

2082 2996 2345 3063 munivit,
2386 3005 2443 3053 et
2491 3006 2551 3051 ut
2587 2997 2893 3051 doctrinam
2945 2996 3201 3050 traditam
3255 2993 3551 3064 diligenter
3599 2998 3656 3043 et

2078 3099 2338 3143 accurate
2372 3089 2700 3153 retinerent,
2734 3091 2988 3144 hortatus
3015 3096 3124 3154 est,
3158 3098 3214 3143 et
3244 3086 3323 3141 sic
3355 3084 3421 3139 ad
3452 3084 3654 3138 Istrum

2080 3197 2258 3252 usque
2311 3181 2614 3237 contendit.
2675 3181 2756 3236 ΙΙΙὶ
2810 3180 3019 3235 factum
3066 3178 3122 3233 id
3182 3193 3326 3244 a'gre
3383 3175 3650 3232 ferentes.

2083 3273 2179 3327 ubi
2211 3273 2264 3326 in
2299 3272 2492 3327 urbem
2522 3282 2653 3326 sunt
2686 3270 2919 3335 reversi,
2953 3270 3131 3342 parati
3161 3276 3320 3323 erant
3349 3282 3473 3321 cum
3509 3265 3657 3334 lupis

2077 3381 2273 3421 manus
2317 3380 2636 3421 conserere.
2677 3363 2920 3435 Equum
2966 3364 3115 3418 enim
3149 3370 3257 3425 est,
3301 3368 3361 3414 ut
3389 3360 3649 3412 ardorem

2075 3435 2136 3513 εἷ
2155 3457 2333 3513 zelum
2364 3472 2584 3528 quoque
2614 3473 2833 3523 eorum,
2866 3466 3091 3527 propter
3119 3469 3233 3508 rem
3269 3453 3555 3507 honestam
3597 3460 3652 3504 et
3762 3461 3779 3467 ·

2076 3551 2398 3621 pulchram,
2440 3565 2733 3621 exponam.
2775 3551 2839 3604 Et
2880 3549 3126 3620 profecto
3166 3546 3425 3615 injuriam
3459 3543 3538 3597 eis
3567 3558 3655 3597 me

2075 3644 2257 3698 facere
2286 3642 2656 3697 existimarem
2679 3683 2694 3706 ,
2741 3642 2784 3697 si
2830 3658 2938 3696 non
2975 3641 3291 3712 flagrantem
3338 3638 3557 3692 illorum
3595 3636 3651 3690 in

2076 3736 2183 3790 fide
2228 3735 2600 3791 sinceritatem
2635 3736 2917 3790 memoria:
2937 3733 3281 3805 posteritatis
3305 3730 3649 3785 mandarem.

2079 3828 2233 3901 14],
2266 3829 2405 3884 Nam
2438 3829 2553 3895 ubi,
2589 3828 2688 3899 qui
2730 3828 2847 3883 Arii
2894 3826 3154 3882 factionis
3183 3834 3379 3888 erant,
3414 3822 3652 3892 pastnri-

2073 3921 2178 3975 bus
2203 3936 2271 3975 ex
2301 3919 2553 3975 ecclesiis
2579 3919 2839 3975 omnibus
2891 3917 3160 3988 expulsis,
3191 3914 3479 3970 Samosata
3511 3925 3651 3980 quo-

2071 4028 2181 4085 que
2231 4028 2332 4082 pro
2384 4011 2628 4069 Eusebio
2678 4013 3013 4067 Eunomium
3064 4007 3356 4080 quemdam
3408 4005 3652 4061 adduxe-

2072 4114 2240 4172 runt,
2292 4122 2456 4162 nemo
2508 4105 2797 4160 hominum
2852 4105 3102 4159 omnium
3146 4101 3233 4156 vel
3279 4115 3524 4170 pauper,
3561 4099 3649 4151 vel

2069 4199 2319 4270 locuples
2340 4239 2357 4267 ,
2391 4199 2479 4254 vel
2519 4199 2760 4269 juvenis,
2792 4197 2881 4252 vel
2913 4211 3106 4265 senex,
3141 4206 3308 4264 atque
3340 4202 3400 4248 ut
3429 4190 3643 4261 simpli-

2069 4293 2207 4349 citer
2223 4292 2424 4355 dicam,
2449 4306 2612 4347 nemo
2635 4305 2885 4362 prorsus,
2911 4291 2984 4344 ita
3006 4303 3067 4343 ut
3085 4304 3204 4343 mos
3224 4296 3330 4351 est,
3355 4284 3641 4341 ecclesiam

2068 4396 2152 4441 cst
2201 4388 2499 4459 ingressus.
2553 4386 2675 4456 Ipse
2731 4400 2863 4439 vero
2913 4384 3066 4439 solus
3121 4383 3179 4436 in
3229 4382 3646 4450 episcopalibus

2067 4477 2282 4534 aedibus
2312 4486 2565 4533 versatus
2592 4486 2677 4531 est
2698 4516 2714 4542 ,
2745 4476 2965 4531 nemine
2998 4491 3124 4529 eum
3160 4474 3508 4542 rcSpiciente.
3545 4484 3641 4527 aut

387 4566 503 4632 μῶν
530 4566 739 4621 ὑδάτων
770 4568 1170 4641 πρεύτρὲπετο.
1208 4570 1296 4637 Ὡς
1328 4570 1374 4623 δ’
1395 4572 1679 4641 ἱστάμενοι
1730 4572 1830 4625 καὶ
1880 4571 1960 4624 ἐτι

2079 4570 2434 4629 conveniente
2462 4588 2476 4625 :
2507 4585 2634 4624 cum
2668 4568 2893 4638 quidem
2927 4568 3011 4621 vir
3043 4567 3322 4621 humanus
3363 4577 3417 4621 et
3450 4567 3609 4621 mode

387 4661 539 4732 σιγὴν
568 4661 793 4733 ἤσκουν,
821 4662 987 4734 τιμὴν
1008 4662 1106 4733 τὴν
1160 4662 1352 4717 στάσιν
1405 4663 1714 4730 ὑπολαϐὼν,
1771 4663 1970 4720 θᾶττον

388 4755 703 4823 καταλιπὼν
736 4757 798 4825 τὸ
844 4755 1069 4826 θερμὸν,
1106 4755 1506 4826 ἀπηλλάττετο.
1560 4758 1621 4810 Οἱ
1659 4757 1715 4810 δὲ
1756 4775 1971 4828 συμμε-

380 4850 600 4918 τασχεῖν
631 4850 689 4901 τδ
719 4847 866 4920 ὕδωρ
894 4847 988 4901 τοῦ
1017 4849 1114 4920 τῆς
1138 4848 1405 4920 αἱρέσεως
1425 4850 1596 4918 ἄγους
1620 4850 1966 4919 νομίσαντες,

382 4943 563 4995 ἐκεῖνο
599 4941 698 5012 μὲν
728 4944 838 5005 τοῖς
870 4942 1172 5013 ὑπονόμοις
1217 4942 1437 5011 ὲξέχεον
1464 4959 1478 4973 ο
1525 4941 1717 5012 ἕτερον
1774 4943 1832 4997 δὲ
1870 4959 1967 4996 κε-

381 5035 671 5105 ράσαντες,
726 5033 1080 5105 ἀπελούοντο.
1129 5034 1197 5091 '0
1239 5022 1331 5107 δη
1362 5034 1552 5106 μαθὼν
1603 5037 1632 5088 ό
1678 5035 1967 5104 Εὑνόμιος,

381 5116 545 5197 edita;
598 5127 700 5197 τὴν
757 5125 915 5195 πόλιν
966 5123 1164 5192 λιπὼν,
1218 5125 1404 5180 οἴκαδε
1449 5128 1560 5179 fsto
1592 5140 1608 5156 ο
1675 5124 1797 5180 λίαν
1847 5126 1959 5197 γὰρ

376 5212 607 5284 ἀνόητον
642 5204 779 5284 ᾤετο
806 5213 964 5267 πόλει
994 5213 1281 5284 δυσμενῶς
1304 5213 1504 5285 ἐχούσῃ
1531 5213 1725 5278 κοινῶς
1779 5231 1960 5284 παρα-

384 5306 571 5375 μένειν
589 5307 890 5378 αἱρεῖσθαι.
921 5307 1041 5377 Καὶ,
1070 5305 1219 5376 οὕτω
1249 5306 1349 5377 μὲν
1377 5307 1606 5376 ἐκεῖνοςε
1643 5306 1787 5360 ἑκὼν
1824 5307 1960 5362 ἀπε-

376 5399 546 5471 χώρει
566 5384 675 5465 τῶν
708 5400 1071 5470 Σαμοσάτων.
1096 5399 1161 5469 Οἱ
1180 5399 1228 5454 δ’
1271 5399 1543 5470 ’Δρειανοὶ
1571 5399 1763 5471 ἕτερον
1823 5417 1954 5470 προ-

375 5491 693 5564 ϐάλλονται,
748 5492 979 5561 Λούκιον
1032 5492 1226 5564 δνομα,
1284 5491 1450 5546 λύκον
1516 5492 1686 5556 δντως
1744 5495 1840 5547 καὶ
1893 5494 1956 5547 οὐ

373 5586 629 5655 ποιμένα.
654 5586 736 5639 Τά
761 5602 827 5655 γε
853 5586 961 5656 μὴν
1010 5586 1282 5656 πρόϐατα,
1333 5585 1540 5658 καίπερ
1585 5586 1822 5655 ποιμένα
1877 5584 1954 5656 μὴ

373 5681 612 5750 ἔχοντες,
639 5679 788 5750 ὅμως
821 5680 893 5733 τὰ
921 5679 1199 5750 ποιμένων
1257 5678 1454 5751 ἔδρων,
1513 5678 1716 5735 ἄσυλον
1760 5678 1953 5749 διατη-

445 5799 523 5867 (t)
552 5795 762 5855 Theod.
795 5798 921 5854 eod.
949 5814 1073 5869 cap.
1108 5799 1197 5855 M.

2068 4675 2189 4721 stus
2229 4664 2399 4718 fuisse
2427 4662 2612 4717 dictus
2642 4667 2733 4717 sit.
2769 4661 2927 4726 Quod
2959 4661 3088 4715 inde
3117 4660 3255 4715 satis
3296 4668 3480 4729 patet;
3515 4674 3644 4711 cum

2064 4758 2213 4812 enim
2267 4758 2323 4811 in
2369 4755 2653 4827 publicum
2703 4759 2946 4810 venisset
2999 4753 3297 4819 balneum,
3347 4762 3403 4806 et
3448 4752 3641 4806 famuli

2061 4850 2213 4905 fores
2258 4849 2468 4904 lavacri
2524 4848 2892 4912 clausissent,
2938 4847 3032 4902 ubi
3084 4861 3184 4915 pro
3227 4844 3442 4899 foribus
3494 4854 3642 4898 stare

2063 4944 2336 5014 plurimos
2379 4940 2671 5011 cognovit,
2717 4938 3021 5003 ministris,
3051 4947 3112 4992 ut
3141 4951 3234 4992 eas
3266 4938 3640 5000 recluderent,

2063 5034 2347 5105 praecepit,
2402 5042 2572 5102 atque
2604 5040 2665 5086 ut
2689 5031 3064 5086 communiter
3088 5039 3146 5084 et
3168 5029 3364 5094 libere,
3394 5030 3491 5101 qui
3523 5032 3641 5083 vel-

2062 5127 2213 5192 lent,
2256 5124 2533 5183 lavatione
2580 5134 2893 5189 uterentur,
2941 5122 3068 5177 illos
3113 5122 3444 5177 admonuit:
3489 5122 3638 5191 quod

2064 5219 2256 5275 itidem
2304 5219 2360 5274 in
2408 5215 2666 5273 interiori
2695 5217 2945 5271 conclavi
2979 5215 3131 5270 fecit.
3160 5216 3338 5284 Atque
3373 5217 3464 5269 ubi
3499 5232 3639 5269 ιιυιι-

2065 5311 2200 5366 nulli
2228 5308 2459 5380 ingressi
2484 5324 2612 5365 eum
2637 5309 3128 5364 circumsteterunt
3189 5317 3249 5362 ut
3280 5324 3384 5361 una
3416 5320 3540 5359 cum
3569 5323 3639 5359 eo

2066 5404 2121 5458 in
2146 5402 2343 5458 calidis
2369 5401 2532 5473 aquis
2553 5400 2829 5463 lavarent,
2859 5415 2957 5455 eos
2977 5411 3063 5454 est
3086 5399 3425 5454 cohortatus.
3459 5396 3636 5452 (la-te-

2065 5512 2187 5550 rum
2214 5511 2342 5551 cum
2371 5495 2450 5551 illi
2472 5494 2554 5550 sic
2579 5503 2789 5550 stantes
2819 5499 3082 5555 tacerent,
3109 5491 3377 5545 honorem
3398 5490 3638 5543 statione

2062 5588 2336 5660 ejusmodi
2365 5587 2562 5643 haberi
2588 5587 2694 5643 sibi
2728 5597 2904 5649 ratus,
2937 5584 3193 5639 celeriter
3223 5595 3394 5650 aquas
3427 5580 3641 5634 calidas

2061 5681 2325 5751 reliquit,
2363 5690 2419 5737 et
2447 5679 2604 5736 abiit.
2630 5680 2701 5735 At
2740 5677 2821 5734 illi
2855 5692 3027 5747 aquas
3064 5674 3184 5745 ejus
3209 5671 3484 5743 piaculum
3522 5671 3641 5727 ha:-

446 5870 691 5938 (2)1’lin.
724 5869 820 5926 lib.
856 5884 907 5941 ν,
939 5887 987 5926 c.
1023 5871 1116 5927 24.
1152 5870 1449 5929 Pulchrum
1492 5871 1803 5944 exemplum
1833 5872 1933 5944 τῆς
1972 5894 1976 5908 ι

2079 5870 2321 5943 θαρχίας.
