4056 6490
306 5760 323 5797 1

443 348 559 443 θεὴ

1383 386 1981 448 ΕεξίῖἰιΕδίΛὸΤΙΟΑι

2122 391 2405 451 :TORLE
2447 391 2591 454 LIB.
2632 392 2737 451 x1.
3132 368 3143 376 ’
3592 390 3696 453 63s

450 492 682 561 Ἄραδον
739 491 1057 556 κατεδίκαζε
1125 494 1224 564 τὴν
1286 497 1441 564 νῆσον
1495 498 1684 551 οἰκεῖν.
1756 497 1914 550 Ἐπεὶ
1977 498 2021 549 δ’

2128 500 2324 558 Valens
2381 504 2793 560 condemnavit.
2847 502 3117 570 Quoniam
3183 520 3317 558 vero
3375 505 3697 575 apostolicis

439 585 819 644 ἀποστολικοῖς
867 586 1168 655 χαρίσμασι
1218 585 1554 658 διαπρέπων,
1612 588 1689 658 τῷ
1718 588 1816 658 τῆς
1883 588 2024 640 διδα-

442 675 672 739 σκαλίας
706 678 848 744 φωτὶ
876 679 945 732 τὰ
978 678 1157 749 πλήθη
1194 680 1328 748 πρὸς
1370 680 1531 733 αὑτὸν
1579 675 1761 747 εἷλκε,
1812 681 1907 732 καὶ
1952 680 2022 733 τὰ

441 769 555 821 τῶν
591 769 917 837 νοσημάτων
951 770 1051 823 ὅσα
1095 772 1295 841 ἰατρῶν
1329 771 1601 841 ἀπείρηκε
1634 772 1821 841 τέχνη,
1860 773 1975 825 ἰᾶτο
2002 788 2018 803 ο

441 860 651 912 ἐκεῖθεν
675 861 754 924 είς
779 878 898 914 τινα
930 861 1083 914 πόλιν
1113 862 1418 929 Αἰγυπτίαν
1445 863 1713 932 μεθίστα,
1758 863 2024 933 Ὀξύρυγ-

442 968 537 1022 χον
592 952 781 1020 (ονομα.
849 952 937 1015 Ὦς
1014 953 1069 1006 δὲ
1128 955 1292 1008 κάκεῖ
1333 955 1543 1016 πάντας
1614 955 1831 1022 ὲφείλκε
1881 958 2020 1008 κατὰ

442 1045 600 1106 κλέος
637 1045 737 1108 τὴς
778 1045 1007 1121 ἀρετῆς,
1043 1047 1123 1108 εἷς
1150 1063 1270 1098 τινα
1306 1047 1560 1115 ἐσχατιὰν
1588 1048 1647 1098 οὺ
1672 1049 1864 1117 πόρρω
1912 1046 2019 1121 τῷν

443 1132 830 1200 γειτονούντων
865 1133 1158 1205 βαρϐάρων
1224 1137 1496 1204 μετετίοει
1539 1135 1701 1207 (Φιλὼ
1735 1133 1802 1207 ἦν
1848 1136 2019 1204 ὄνομα

440 1225 518 1294 τῷ
551 1223 732 1294 χώρῳ)
768 1225 864 1278 τὸν
894 1228 1003 1278 τῶν
1065 1229 1349 1296 οὐρανίων·
1374 1220 1632 1298 θαλάμων
1673 1229 1842 1294 ἄξιον.
1883 1229 2021 1281 Φασὶ

446 1318 630 1386 μέντοι
658 1318 718 1368 ὲν
754 1317 967 1386 Ἀράδῳ
1015 1319 1072 1380 ἐς
1111 1317 1271 1389 δεῦρο
1314 1319 1413 1389 τὴν
1467 1318 1681 1372 ἐκείνου
1741 1320 2018 1388 διαμένειν

444 1409 631 1477 κλίνην
691 1410 951 1477 πλείστης
999 1411 1313 1479 ἠξιωμένην
1367 1411 1576 1479 τιμῆςο
1632 1411 1861 1474 πολλοὺς
1909 1414 2018 1484 γὰρ

445 1499 534 1551 ἐπ’
561 1499 778 1566 ἐκείνης
840 1500 1342 1570 κατακλινομὲνους
1399 1500 1508 1552 τῶν
1569 1500 1868 1551 νοσούντων
1920 1499 2019 1569 τὴν

445 1585 632 1652 ὑγείαν
655 1585 742 1640 διὰ
770 1587 872 1655 τῆς
902 1588 1136 1649 πίστεως
1170 1587 1493 1655 δρέπεσθαι.
1553 1581 1655 1640 Οἷα
1711 1588 1769 1639 δὲ
1812 1589 1909 1640 καὶ
1960 1591 2018 1639 ὲν

454 1676 680 1748 Ἐδέσσῃ
707 1679 773 1747 τῇ
808 1677 964 1730 πόλει
1012 1677 1090 1747 τῷ
1119 1678 1378 1731 Οὐάλεντι
1407 1680 1745 1748 πέπρακται,
1773 1680 1833 1731 οὑ
1860 1678 2018 1748 θέμις

445 1768 644 1820 διδόναι
692 1771 841 1838 σιγῇ.
899 1769 1117 1837 Ἐπειδὴ
1169 1770 1277 1839 γὰρ
1310 1769 1401 1822 τὸν
1456 1771 1747 1839 εἰρημένον
1799 1769 2016 1838 Βάρσην

2127 594 2288 649 donis
2320 595 2534 660 clarus,
2576 595 2842 655 doctrina;
2876 611 2989 650 suae
3025 596 3149 650 luce
3179 595 3586 650 multitudinem
3626 597 3691 650 ad

2123 700 2183 739 se
2241 687 2632 763 pertrahebat,
2684 698 2741 742 et
2787 687 3012 742 morbos
3065 703 3206 757 quos
3247 687 3450 743 medici
3508 688 3692 741 curari

2124 792 2284 846 posse
2332 777 2795 847 desperaverant,
2834 780 3099 844 sanabat,
3135 780 3187 832 in
3219 778 3526 850 Egyptiam
3565 778 3695 832 inde

2125 867 2316 927 urbem
2356 869 2646 937 quamdam
2683 868 3070 940 Oxyrynehum
3113 871 3335 925 nomine
3376 882 3460 925 est
3497 871 3697 938 depor—

2127 970 2271 1014 tatus
2302 960 2402 1030 (1).
2440 961 2595 1033 143
2634 960 2736 1016 Ubi
2775 978 2903 1015 vero
2929 973 2984 1017 et
3015 963 3088 1017 ibi
3126 964 3343 1016 virtutis
3366 963 3540 1032 gloria
3575 962 3695 1015 ani-

2121 1065 2240 1105 mos
2266 1052 2509 1104 omnium
2543 1053 2596 1106 in
2627 1068 2684 1107 se
2717 1055 3009 1118 convertit,
3041 1054 3095 1107 in
3125 1064 3400 1108 evtremos
3425 1052 3692 1123 quosdam

2122 1142 2258 1196 lines
2300 1159 2329 1197 a
2366 1142 2568 1212 quibus
2603 1160 2710 1197 non
2762 1145 2920 1213 longe
2964 1144 3186 1198 Barbari
3234 1144 3464 1199 aberant
3510 1144 3690 1212 (Philo

2122 1235 2279 1289 locus
2327 1234 2372 1289 is
2417 1235 2756 1305 nominatur)
2807 1235 3107 1290 translatus
3148 1243 3267 1299 est,
3302 1250 3424 1288 cum
3463 1233 3686 1302 quidem

2123 1326 2339 1383 cmlesti
2425 1327 2707 1381 domicilio
2760 1336 2906 1382 eSSet
2965 1327 3183 1396 dignus.
3240 1327 3568 1381 Etiamnunc
3637 1325 3692 1376 in

2122 1418 2303 1473 Arado
2332 1419 2592 1472 lectulum
2627 1434 2745 1472 esse
2774 1419 2991 1479 dicunt,
3019 1433 3182 1487 quem
3214 1416 3448 1486 plurimo
3483 1415 3695 1467 honore

2122 1510 2270 1565 Deus
2298 1513 2369 1565 sit
2397 1512 2654 1583 dignatus
2676 1553 2689 1575 ,
2729 1512 2877 1583 quod
2920 1513 3112 1583 aegroti
3156 1511 3316 1566 multi
3360 1511 3413 1563 in
3447 1524 3572 1562 eum
3606 1522 3695 1561 re-

2122 1602 2287 1671 positi
2331 1605 2703 1658 valctudinem
2750 1620 2849 1674 per
2895 1602 3059 1657 ﬁdem
3106 1609 3455 1671 recuperent.
3491 1601 3695 1655 Verqu

2121 1693 2405 1749 enimvero
2460 1712 2582 1763 qua:
2644 1693 2860 1748 Edessze
2918 1695 3085 1749 etiam
3144 1694 3443 1749 crudeliter
3500 1693 3699 1747 Valens

2120 1785 2313 1855 egerit,
2343 1784 2564 1839 silentio
2592 1800 2655 1839 ea
2685 1785 2948 1840 mandare
2972 1802 3079 1839 non
3114 1786 3268 1840 licet.
3294 1784 3429 1840 Cum
3461 1800 3698 1852 namque

449 1860 544 1928 τῆς
570 1862 806 1930 ποίμνης
836 1863 1122 1932 ἐστέρησε,
1158 1862 1340 1919 Λύκον
1402 1862 1786 1931 ἀντικαθίστη.
1830 1863 1921 1924 Ὠς
1963 1862 2021 1915 δὲ

2124 1874 2366 1943 Barsen,
2409 1893 2570 1946 quem
2613 1877 2869 1941 diximus,
2917 1894 2946 1932 a
2995 1892 3156 1947 grege
3204 1892 3306 1931 suo
3350 1876 3696 1938 exclusisset,

450 1955 508 2005 τὸ
531 1952 736 2023 πλῆθος
761 1954 1110 2024 δυσχεραῖνον
1144 1956 1244 2025 τὴν
1272 1957 1559 2008 κοινωνίαν
1609 1955 1860 2025 σφοδρῶς
1887 1955 2023 2007 άπε-

448 2044 900 2110 σείετο,“πάντ⁷ες
961 2050 1062 2116 τὴν
1111 2047 1271 2100 πόλιν
1332 2048 1725 2110 καταλιπόντες
1769 2048 1876 2119 πρὸ
1927 2047 2022 2100 τοῦ

445 2135 637 2202 ἄστεος
670 2139 1086 2208 συνηθροίζοντο
1113 2156 1126 2171 ·
1155 2136 1221 2210 ἧν
1243 2140 1286 2193 δ’
1308 2140 1490 2193 ἐκεῖσε
1529 2140 1715 2211 ’Θωμᾷ
1755 2139 1834 2210 τῷ
1885 2141 2025 2194 ἀπο-

453 2229 626 2298 στόλῳ
656 2232 915 2299 ἐπιφανὲς
937 2232 1225 2301 εὑκτὴριον
1257 2250 1272 2264 ο
1300 2231 1333 2286 δ
1380 2230 1666 2303 ἱστορῆσαι
1699 2233 2021 2303 βουλόμενος

444 2318 679 2389 Οὐάλης,
711 2318 929 2391 σύναμα
958 2321 1038 2391 τῷ
1092 2322 1343 2394 ὑπάρχῳ,
1408 2322 1683 2386 Μόδεστος
1743 2315 1897 2386 οὗτος
1931 2318 2020 2393 ἦν,

444 2405 577 2479 ἧκεν
611 2412 987 2483 ἐντειλάμενος
1011 2414 1300 2485 πρότερον,
1344 2414 1404 2468 τὸ
1429 2416 1818 2486 συνιστάμενον
1841 2418 2023 2469 ἐκεῖσε

445 2502 648 2574 πλῆθος
685 2506 827 2575 μετά
878 2505 978 2575 τῆς
1010 2506 1297 2577 ὁπλιτικῆς
1356 2508 1482 2576 περὶ
1531 2507 1693 2561 αὑτὸν
1742 2508 2023 2577 δυνάμεως

442 2595 815 2661 διασκεδάσαι,
844 2597 1060 2667 ῥάϐδοις
1090 2601 1186 2653 καὶ
1236 2599 1493 2668 ῥοπάλοις
1540 2600 1833 2665 παίοντας,
1891 2599 1940 2652 εἰ
1967 2599 2032 2652 δὲ.

444 2689 650 2760 δεήσει,
686 2692 1067 2762 χρησομένους
1104 2695 1198 2747 καὶ
1230 2693 1396 2762 ξίφει.
1436 2692 1577 2750 Ὀδὲ
1609 2693 1671 2746 τὸ
1722 2693 2022 2761 κελευόμε-

444 2798 535 2836 νον
564 2782 691 2854 ἔδρα
723 2802 736 2816 σ
770 2786 866 2838 καὶ
896 2786 1075 2858 λάθρα
1104 2790 1217 2850 τοῖς
1261 2787 1598 2857 Ἐδεσσηνοίς
1629 2788 1822 2858 ἐδήλου
1845 2786 2021 2856 φυλά-

447 2871 758 2947 ξασθαιτὴν
787 2878 1102 2950 ὑστεραίαν,
1150 2880 1227 2951 μὴ
1261 2882 1342 2944 είς
1370 2881 1711 2934 τὺνείωθότα
1746 2878 2024 2933 συνελθεξν

444 2970 648 3023 τόπονο
699 2971 1028 3041 πρόσταγμα
1065 2972 1175 3042 γὰρ
1247 2972 1517 3043 βασιλέως
1563 2969 1706 3026 εἶναι
1752 2972 2023 3044 τιμωρίαν

445 3059 675 3127 ἐπάγειν
702 3055 781 3124 οἷς
804 3061 1008 3116 ἁλῶναι
1042 3062 1306 3135 συμϐαίη.
1338 3063 1453 3115 Καὶ
1477 3063 1506 3116 ό
1534 3065 1631 3131 μὲν
1656 3062 1833 3127 οὕτως
1862 3064 2023 3134 ὴπεί-

445 3150 529 3205 λει
551 3153 758 3223 καίπερ
789 3153 1098 3221 ἑτερόδοξος
1131 3170 1147 3185 ⁶
1259 3154 1468 3226 μηδένα
1517 3155 1563 3227 ἢ.
1586 3154 1803 3225 ὀλίγους
1848 3157 2024 3209 κινδυρ

446 3242 637 3298 νεῦσαι
672 3245 1150 3318 προμηθούμενος,
1183 3248 1217 3321 ἢ
1249 3248 1381 3313 ἴσως
1429 3248 1523 3302 καὶ
1579 3248 2026 3319 παραιτούμενος.

438 3336 646 3392 "tau-rh
669 3341 803 3410 πρὸς
828 3339 926 3413 τὴν
952 3340 1055 3394 τοῦ.
1090 3341 1420 3412 κρατοῦντος
1446 3341 1640 3412 ὀργήν.
1713 3341 2022 3413 Ἐδεσσηνοὶ

450 3416 634 3500 μέντοι
670 3433 727 3483 ὲν
751 3432 996 3504 δευτέρῳ
1027 3434 1248 3505 θέμενοι
1299 3436 1400 3499 τὰς
1459 3435 1712 3502 ἀπειλὰς,
1776 3435 1893 3503 ἅμα
1946 3435 2020 3505 ἕῳ

449 3523 723 3595 πρόθυμοι
759 3527 1018 3599 μᾶλλονῆ
1060 3527 1332 3598 πρότερον
1378 3528 1476 3583 ἐπὶ
1517 3528 1610 3583 τὸν
1659 3531 1826 3582 τόπον
1881 3528 2020 3600 ἐχώ-

451 3629 602 3684 ρουν,
658 3616 751 3666 καὶ
808 3616 869 3667 τὸ
926 3615 1118 3678 εἰωθὸς
1181 3617 1473 3688 ἔπραττον.
1530 3616 1914 3685 Ἀγγελθέντος
1962 3617 2022 3671 δὲ

447 3706 705 3778 Μοδέστῳ
737 3707 829 3761 τοῦ
861 3708 1207 3779 πράγματος,
1251 3711 1353 3762 οὑκ
1381 3704 1550 3780 εἶχεν,
1577 3710 1606 3762 ό
1655 3726 1711 3763 τι
1744 3712 1839 3762 καί¹
1889 3710 2023 3781 δρά-

451 3814 614 3854 σειεν.
650 3799 970 3870 Ἀμηχέινως
998 3800 1226 3871 δ’ἒχων,
1262 3803 1387 3856 ὅσον
1426 3804 1593 3872 τάχος
1618 3801 1797 3872 Δστίχα
1851 3820 2020 3872 στρα-

446 3889 704 3960 τιωτικὴν
733 3892 1094 3959 ἑπαγόμενος,
1119 3892 1256 3963 διῄει
1288 3894 1387 3963 τὴν
1417 3892 1646 3960 ἀγορὰν,
1679 3894 1774 3945 καὶ
1811 3893 1907 3944 ἐπὶ
1957 3892 2033 3945 τὸ-

450 3981 631 4037 πεδίον
659 3984 765 4051 ἤϊε.
799 3983 1011 4057 Γυναίῳ
1042 3984 1098 4037 δέ
1126 4002 1233 4037 τινι
1270 3984 1597 4054 περιτυχὼν,
1633 3983 1837 4054 βρέφος
1860 3985 2022 4053 ἐφέλ-

450 4091 601 4128 κοντι
629 4077 695 4147 τῇ
745 4076 915 4148 χειρὶ,
984 4077 1247 4146 ἀκόσμως
1290 4074 1347 4145 δὲ
1387 4075 1482 4128 καὶ
1516 4077 1667 4145 παρὰ
1699 4075 1758 4127 τὸ
1811 4074 2021 4144 πρέπον

448 4170 666 4238 γυναικὶ
691 4170 751 4223 τὸ
780 4171 952 4241 φᾶρος
1002 4170 1124 4240 εἰκῆ
1182 4187 1297 4233 πως
1344 4169 1741 4241 ἐπισυρομένῃ,
1795 4171 1891 4222 καὶ
1944 4167 2021 4230 ὡς

450 4263 543 4315 ἐπί
570 4278 623 4315 τι
652 4262 940 4316 σπουδαῖον
971 4263 1132 4332 δῆθεν
1178 4258 1276 4333 τὴν
1322 4261 1431 4324 τῶν
1479 4254 1804 4331 ἡγουμένων
1858 4278 2025 4331 στρα-

448 4355 708 4423 τιωτικὴν
746 4353 1098 4406 διακόπτοντι
1152 4356 1432 4424 φάλαγγα,
1463 4356 1490 4406 ό
1525 4353 1767 4422 ὕπαρχος
1824 4352 2021 4425 συλλη-

450 4446 651 4517 φθῆναι
676 4447 876 4516 ταύτην
937 4448 1197 4512 ἐκέλευε,
1254 4448 1347 4499 κα).
1385 4447 1509 4498 ὅτου
1567 4446 1727 4515 χάριν
1779 4445 2020 4509 σπεύδει,

2125 1966 2327 2038 Lycum
2365 1968 2443 2040 (2)
2473 1983 2573 2038 pro
2602 1983 2668 2023 eo
2691 1969 3016 2024 substituit:
3048 1982 3210 2036 quam
3244 1982 3360 2021 rem
3393 1967 3522 2036 quia
3553 1966 3700 2020 mul-

2096 2060 2303 2139 vtitudo
2337 2076 2481 2130 aegre
2514 2061 2677 2124 tulit,
2721 2072 2777 2116 et
2811 2060 3258 2114 communionem
3294 2059 3412 2131 ejus
3457 2059 3692 2127 respuit,

2125 2154 2315 2209 relicta
2364 2154 2502 2209 urbe
2541 2169 2733 2209 omnes
2777 2165 2935 2209 extra
2981 2153 3100 2222 ejus
3143 2152 3346 2207 moenia
3392 2159 3699 2206 conventus

2123 2260 2308 2314 egere.
2363 2244 2497 2300 Erat
2548 2256 2733 2300 autem
2794 2244 2869 2300 ibi
2921 2242 3148 2298 Thomae
3198 2243 3432 2314 apostoli
3478 2241 3698 2310 insigne

2123 2338 2426 2392 oratorium
2451 2377 2466 2403 ,
2511 2335 2660 2407 quod
2702 2336 2892 2391 videre
2941 2334 3129 2389 volens
3157 2334 3387 2399 Valens,
3429 2347 3537 2385 una
3568 2346 3696 2385 cum

2124 2430 2383 2501 praefecto
2411 2430 2678 2496 Modesto,
2704 2429 2975 2498 quosdam
3007 2428 3164 2499 prius
3190 2442 3316 2481 cum
3344 2425 3602 2479 mandato
3630 2438 3700 2479 eo

2125 2522 2308 2589 misit,
2353 2531 2412 2576 ut
2444 2522 2857 2579 multitudinem
2894 2519 2970 2574 ibi
3005 2528 3423 2588 congregatam,
3457 2527 3701 2589 arm‘ato-

2126 2629 2250 2668 rum
2294 2629 2435 2686 quos
2478 2629 2666 2669 secum
2714 2612 2952 2668 ducebat
2990 2626 3156 2682 Opera
3201 2610 3558 2679 dissiparem,
3604 2609 3703 2663 ba-

2125 2705 2266 2760 culis
2298 2714 2357 2759 et
2391 2704 2560 2759 clavis
2589 2718 2709 2759 eam
2741 2703 3028 2774 pulsantes
3053 2742 3069 2767 ,
3100 2700 3154 2756 si
3186 2715 3321 2755 vero
3355 2714 3495 2770 opus
3528 2708 3706 2762 esset,

2124 2793 2337 2867 gladios
2391 2808 2615 2864 quoque
2669 2792 3019 2848 adhibentes.
3077 2788 3378 2846 Praefectus
3429 2788 3699 2858 imperata

2123 2886 2341 2950 facere,
2373 2884 2593 2940 etclam
2623 2884 2921 2940 Edesseuis
2954 2883 3307 2947 denuntiare,
3333 2896 3402 2936 ne
3432 2881 3707 2951 postridie

2124 2994 2276 3034 more
2304 2992 2405 3032 suo
2437 2977 2493 3032 in
2522 2977 2647 3031 loco
2673 2991 2741 3031 eo
2775 2975 3162 3030 convenirent.
3199 2972 3513 3028 Mandatum
3546 2970 3695 3026 enim

2123 3071 2192 3126 ab
2221 3072 2555 3139 imperatore
2587 3084 2744 3133 esse,
2778 3077 2838 3121 ut
2881 3056 2935 3121 in
2971 3081 3067 3122 eos
3110 3066 3205 3136 qui
3252 3064 3326 3118 ibi
3358 3062 3697 3132 deprehensi

2124 3169 2329 3226 essent,
2358 3160 2598 3232 graviter
2621 3158 3186 3215 animadverteretur.
3216 3155 3517 3211 Prmfeetus
3543 3168 3696 3215 sane.

2126 3252 2379 3324 quamvis
2418 3253 2651 3307 diversae
2695 3251 2981 3306 sententia:
3019 3258 3076 3304 et
3119 3248 3428 3319 religionis,
3462 3247 3531 3301 ad
3569 3260 3698 3299 cum

2124 3343 2353 3397 modum
2391 3343 2503 3397 illis
2546 3351 2630 3397 est
2670 3341 2911 3394 minatus
2944 3358 2957 3394 :
2990 3342 3075 3394 vel
3110 3338 3257 3409 quod
3291 3337 3566 3392 neminem
3602 3343 3698 3389 aut

2124 3429 2333 3506 paucos
2379 3443 2526 3489 certe
2574 3434 2877 3504 periclitari
2910 3433 3098 3496 vellet,
3161 3432 3249 3485 vel
3282 3431 3426 3501 quod
3466 3430 3698 3482 fortasse

2126 3527 2516 3597 imperatorem
2565 3528 2805 3596 graviter
2850 3526 3225 3595 indignantem
3273 3539 3438 3593 Opera
3482 3537 3579 3575 sua
3618 3522 3695 3574 uti

2124 3617 2315 3672 nollet.
2370 3616 2634 3671 Edesseui
2695 3631 2827 3669 vero
2887 3619 3161 3670 minarum
3222 3612 3695 3667 denuntiationem

2126 3712 2285 3783 parvi
2333 3710 2670 3781 pendentes,
2711 3723 2818 3763 una
2862 3724 2989 3764 cum
3040 3707 3288 3762 diluculo
3334 3704 3698 3760 alacriortbus

2124 3804 2292 3860 etiam
2343 3820 2510 3874 quam
2559 3813 2720 3857 antea
2768 3802 2967 3857 animis
3017 3802 3074 3855 in
3120 3802 3299 3854 locum
3352 3799 3698 3867 designatum

2125 3901 2454 3960 convenere,
2497 3905 2552 3949 et
2581 3897 2742 3950 solita
2774 3910 2929 3950 sacra
2961 3910 3058 3949 sua
3094 3907 3380 3963 peregere.
3413 3880 3570 3955 Quod
3604 3889 3698 3943 ubi

2123 3982 2375 4041 Modesto
2404 3993 2490 4041 est
2517 3985 2844 4052 indicatum,
2881 4000 3006 4039 cum
3036 3982 3185 4052 quod
3216 3982 3423 4036 faceret
3457 3995 3569 4034 non
3601 3979 3701 4032 ha-

2123 4079 2315 4146 beret,
2372 4080 2585 4134 consilii
2646 4080 2850 4148 inops,
2905 4092 3069 4148 quam
3127 4076 3412 4130 celerrime
3473 4072 3699 4127 militari

2125 4187 2288 4224 manu
2322 4181 2606 4226 contracta
2631 4210 2646 4236 ,
2680 4185 2777 4239 per
2810 4171 2992 4223 forum
3024 4168 3093 4223 ad
3127 4183 3381 4237 campum
3413 4180 3538 4219 eum
3569 4179 3702 4218 eon-

2106 4248 2304 4318 Itendit
2332 4281 2344 4317 :
2377 4273 2431 4317 et
2465 4264 2518 4316 in
2551 4263 2933 4316 mulierculam
2981 4261 3212 4325 incidit,
3243 4276 3407 4315 manu
3453 4244 3695 4328 puelluiu

2128 4365 2458 4425 raptantetn,
2489 4355 2829 4424 palliumque
2869 4356 2951 4407 sic
2978 4364 3184 4407 temere
3216 4361 3272 4406 et
3311 4352 3693 4419 incomposite,

2127 4457 2320 4501 contra
2365 4463 2528 4516 quam
2578 4446 2839 4499 feminam
2892 4446 3085 4509 decet,
3134 4444 3480 4505 trahentem,
3533 4453 3698 4510 atgue

449 4543 546 4610 τὴν
575 4541 754 4592 αἰτίαν
784 4538 1007 4611 ἀπῄτει.
1032 4539 1143 4608 Τῆς
1177 4539 1224 4591 δ’
1250 4540 1538 4615 είπούσης,
1584 4526 1807 4591 Ἑπιτδ
1839 4535 2021 4589 πεδίον

2126 4540 2264 4595 adeo
2316 4538 2622 4595 militarent
2672 4536 2963 4590 ductorum
3026 4535 3396 4604 phalangem,
3460 4535 3695 4603 perinde

450 4632 579 4685 ἔνθα
629 4634 679 4686 οἱ
735 4631 833 4701 τῆς
895 4629 1182 4693 εὐσεϐείας
1242 4631 1575 4700 θεράποντες
1605 4646 1621 4662 ο
1666 4629 1838 4696 ἔγνων
1890 4629 2020 4707 γὰρ,

377 4784 411 4804 n
451 4723 618 4793 ἔγνων
652 4729 751 4788 τὰς
800 4725 893 4794 ὑφ’
954 4724 1109 4792 ὑμῶν
1151 4725 1519 4795 τυρευομένας
1560 4723 1886 4785 ἐπιϐουλάςο
1930 4724 2024 4775 καὶ

411 4817 673 4872 ’σπεύδω
725 4819 823 4871 καὶ
875 4818 1017 4887 αὑτὴ
1079 4817 1184 4870 τῶν
1240 4818 1371 4870 ἴσων
1432 4814 2022 4884 ἐκείνοις,ἁξιωθῆναι

392 4897 416 4913 ”
450 4908 647 4978 γερῶν,
704 4907 794 4960 ἵνα
843 4910 919 4977 μὴ
978 4908 1210 4959 κατόπιν
1258 4906 1461 4976 δρόμου
1517 4907 1861 4974 γεγενημένη
1925 4904 2023 4974 τῆς

447 5000 602 5070 παρὰ
633 4999 750 5071 Θεῷ
778 4998 932 5068 δόξης
956 4999 1207 5068 ἁμάρτω.
1244 4998 1317 5051 Ύὺ
1372 4998 1426 5049 δὲ
1476 4982 1688 5049 παιδίον
1718 4997 1794 5060 τί,
1859 4997 2019 5079 φησὶ,

454 5093 572 5162 μεθ’
601 5093 801 5161 ἑαυτῆς
840 5091 1018 5162 ἄγεις,
1055 5091 1208 5154 αὖθις
1239 5091 1268 5142 ὁ
1325 5089 1574 5160 ὕπαρχος
1630 5092 1912 5161 ἀνηρώτα.
1959 5091 2022 5143 Ἦ

448 5186 531 5251 δὲ,
570 5185 689 5238 Ἵνα
715 5186 809 5240 καὶ
838 5186 972 5238 αὑτὸ
996 5183 1096 5254 τῆς
1149 5186 1268 5255 ίσης
1298 5182 1559 5254 ἀξιωθείη
1617 5189 1804 5254 τιμῆς,
1853 5203 2024 5252 μετα-

428 5277 579 5359 ισχδν
610 5277 720 5329 τῶν
782 5266 995 5329 παθῶν.
1042 5276 1444 5344 ΔΚαταπλαγεὶς
1500 5275 1559 5328 δὲ
1606 5275 1707 5343 τῆς
1771 5275 2019 5345 ἀνδρείας

449 5373 663 5440 ἐκείνης
689 5371 790 5440 τὴν
817 5369 1193 5438 γενναιότητα,
1228 5370 1325 5423 καὶ⁸
1355 5371 1420 5421 ὲκ
1464 5368 1670 5438 ταύτης
1701 5367 1798 5437 τὴν
1851 5369 2025 5420 ἀπαν-

448 5481 559 5519 των
585 5456 1009 5535 τεκμηράμενος
1030 5463 1365 5532 προθυμίαν,
1390 5464 1468 5526 εἰς
1490 5462 1557 5514 τὰ
1583 5452 1830 5531 βασίλεια
1884 5461 2020 5514 καθε-

436 5638 443 5643 ‘
522 5616 600 5695 (Ι)
642 5622 864 5695 Theod._
885 5622 1011 5678 eod.
1046 5638 1164 5692 cap.
1205 5622 1291 5695 16.

519 5693 597 5767 (‘2)
632 5696 826 5767 Λύκος,
848 5693 1044 5767 Lycus,
1067 5694 1513 5767 propriumuesse
1530 5694 1641 5767 hoc
1672 5695 1794 5749 loco
1821 5710 2019 5750 nomen

450 5764 631 5834 potem
669 5782 683 5817 :
714 5764 919 5832 alioqui
956 5765 1118 5834 λύκος
1145 5764 1549 5830 lupusGrawis
1592 5765 1818 5830 dicitur,
1858 5774 1915 5820 et
1940 5769 2020 5821 sic

438 5833 839 5921 .appellativmn
867 5850 937 5888 no
965 5850 1066 5889 seu
1103 5833 1285 5887 {uc-rit.

2112 4647 2291 4705 atque
2332 4635 2401 4688 ad
2450 4650 2562 4687 rem
2612 4633 2790 4703 magni
2833 4630 3102 4687 momenti
3152 4638 3502 4699 properaret,
3549 4644 3701 4681 rum-

2126 4734 2371 4796 pentem.
2406 4725 2537 4778 Eam
2563 4724 2721 4795 jussu
2764 4737 2865 4777 suo
2897 4720 3377 4790 comprehensam,
3409 4717 3701 4784 cujusnant

2108 4810 2207 4869 'roi
2251 4814 2426 4882 gratia
2473 4821 2756 4882 tantopere
2803 4802 3090 4865 festinaret
3110 4850 3131 4875 ,.
3185 4807 3507 4875 interrogat.
3555 4804 3695 4858 Tum

2130 4907 2216 4962 illa
2250 4907 2365 4977 (5):
2412 4906 2471 4960 lu
2520 4921 2774 4977 campum
2821 4919 2986 4967 eum,
3024 4898 3237 4971 inquit,
3290 4900 3346 4952 in
3390 4915 3500 4968 quo
3546 4912 3707 4952 vera:

2127 4998 2350 5068 pietatis
2372 4997 2616 5053 cultores
2640 5005 2771 5050 sunt
2796 4995 3134 5064 congregati.
3169 4991 3330 5063 144.
3358 4991 3494 5046 Novi
3524 4991 3706 5056 enim,

2125 5101 2182 5146 et
2228 5099 2380 5146 certo
2427 5090 2557 5145 novi
2608 5098 2824 5143 vestras
2876 5103 3013 5157 quas
3065 5085 3283 5141 struitis
3331 5082 3600 5137 insidias:
3643 5090 3705 5133 et:

2126 5195 2422 5251 prepterea
2456 5198 2523 5236 eo
2557 5181 2748 5235 venire
2776 5174 3036 5251 propero,
3074 5188 3134 5232 ut
3161 5177 3392 5246 usqualta
3429 5192 3552 5229 eum
3590 5174 3711 5227 illis-

2125 5264 2439 5344 consequar
2471 5270 2698 5346 pramia
2724 5314 2738 5339 ,
2792 5290 2861 5329 ne
2915 5273 3127 5327 scilicet
3176 5287 3344 5325 cursu
3380 5270 3713 5324 intermisso

2112 5370 2339 5445 tardius
2380 5362 2619 5431 vadens,
2666 5367 2843 5439 gloria
2887 5382 3008 5436 qua:
3042 5382 3072 5419 a
3111 5365 3221 5418 Deo
3263 5373 3386 5425 est,
3421 5359 3713 5415 excidant.—

2124 5462 2363 5518 Puerum
2399 5470 2584 5515 autem
2620 5459 2944 5529 (praefectus
2979 5455 3287 5526 subinlert)
3324 5453 3457 5524 quid
3506 5454 3582 5506 ita
3615 5462 3700 5505 te-

2198 5622 2275 5692 (3)
2312 5621 2540 5676 Animus
2568 5620 2715 5674 enim
2750 5617 2936 5673 divina
2981 5615 3330 5692 atumlatlone
3372 5624 3707 5692 succensus,

2126 5684 2425 5750 humanum
2483 5707 2591 5745 non
2636 5693 2784 5760 capit
2834 5700 3067 5760 metum,
3116 5687 3210 5740 sed
3230 5684 3709 5760 terriculamenta.

2124 5765 2592 5887 onmiaN-jprorisu
2633 5753 2801 5817 habet
2838 5767 2899 5815 ct
2954 5758 3192 5815 ludicro.
3230 5755 3440 5810 Theod.
3484 5753 3580 5806 ιιι).
3621 5766 3709 5819 tv,

2126 5852 2244 5887 can.
2278 5842 2311 5886 ξ.
2354 5872 2367 5886 .

2126 5852 2244 5904 cap.
2278 5842 2367 5887 26.
