4056 6418
328 318 424 383 641

1252 314 1862 378 ECCLESIASTICE
1905 314 2299 377 HISTORIA!
2342 317 2490 381 LIB.
2522 315 2625 380 XI.

3465 317 3571 381 6i'2

331 441 452 501 τοὺς
506 435 608 506 μὲν
654 434 900 507 Θρᾴκην,
951 433 1080 499 τοὺς
1127 432 1462 505 δ”Ᾱραόίαν
1499 434 1593 487 καὶ
1655 432 1875 501 Θηϐαΐδι

2006 441 2178 489 torem
2209 447 2335 491 mox
2365 432 2662 503 procurrit,
2699 438 2754 488 ct
2786 431 3088 487 multorum
3121 432 3393 489 honorum
3436 449 3571 490 cau-

324 530 509 594 οίκεῖν,
540 528 636 582 καὶ
665 526 863 591 ἄλλους
884 525 1123 598 ἀλλαχοῦ
1156 527 1530 599 διασπαρῆναι
1562 528 1675 590 τοῖς
1700 526 1891 596 πολιχη

322 621 475 681 νίοις.
513 619 575 671 Εἰ
606 617 661 672 δέ
698 635 801 672 που
818 618 910 671 καὶ
941 617 1164 686 ἀδελφοὶ
1203 619 1485 690 παρῆσαν,
1520 618 1616 673 ἀπ’
1644 616 1891 688 ἀλλήλων

321 710 515 764 διίστα.
545 708 806 777 Εύλόγιον
839 711 1025 778 μέντοι
1057 709 1154 762 καὶ
1174 709 1543 779 Πρωτογένην
1569 710 1639 763 τὰ
1658 708 1889 780 δεύτερα

323 802 445 872 μετ’
482 801 695 861 ἐκεῖνον
718 800 934 871 ἔχοντα,
970 800 1050 866 είς
1081 800 1308 854 ’Δντινὼ
1345 803 1444 872 τὴν
1469 801 1727 872 Θηϐαίων
1754 800 1889 866 ἐξώ-

320 892 490 964 ριζεν.
519 890 663 962 Ὀση
692 890 736 943 δ’
758 889 987 944 ἐκείνων
1019 891 1052 960 ἡ
1084 891 1277 961 ἀρετὴ,
1309 890 1561 945 ἐντεῦθεν
1602 891 1889 961 δειχθήσε-

316 1001 428 1035 ται.
483 980 636 1036 Ἐπεὶ
692 982 803 1051 γὰρ
868 980 1155 1053 σύμφρονά
1201 998 1325 1035 τινα
1377 983 1680 1037 ἐπίσκοπον
1728 976 1888 1054 εὗρον

314 1076 518 1138 ἐκεῖσε,
549 1076 831 1128 κοινωνεῖν
867 1073 1099 1140 εἴλοντο,
1128 1075 1226 1128 καὶ
1255 1074 1365 1129 τῶν
1411 1075 1888 1146 ἐκκλησιαστικῶν

317 1170 567 1238 μετεῖχον
600 1167 897 1237 συλλόγων.
930 1169 1164 1237 Ὀλίγων
1195 1169 1253 1223 δὲ
1313 1169 1520 1241 σφόδρα
1559 1170 1889 1240 ἀθροιζομέ-

314 1276 443 1325 νων,
479 1258 553 1321 di;
584 1260 833 1328 ἔγνωσαν
864 1259 966 1331 τὴν
1011 1260 1215 1324 αἰτίαν,
1249 1260 1521 1330 Ἕλληνας
1556 1256 1698 1314 εἶναι
1737 1259 1888 1314 ἑποί-

312 1368 441 1414 κους
470 1351 571 1419 τῆς
600 1352 829 1416 πόλεως,
862 1354 931 1406 τά
963 1353 1150 1407 εἰκότα
1188 1352 1286 1422 τῆς
1332 1352 1542 1419 πλάνης
1573 1352 1886 1424 θρηνήσαν-

310 1459 422 1506 τες,
448 1444 510 1496 ού
543 1443 655 1497 δεῖν
687 1445 952 1515 ἐνόμισαν
981 1444 1143 1516 μέχρι
1165 1444 1260 1498 τοῦ
1290 1444 1562 1514 κόψασθαι
1593 1446 1882 1500 ῖστασθαιο

313 1534 435 1589 ἀλλ’
461 1536 551 1599 ὡς»
581 1536 749 1599 εἰκὸς.
782 1536 879 1588 καὶ
924 1537 1025 1605 τῆς
1068 1536 1295 1590 ἐκείνων
1329 1538 1577 1607 ἰατρείας
1621 1538 1884 1607 φροντίδα

310 1626 565 1681 ἐποίουν,
588 1628 697 1681 Καὶ
735 1626 994 1695 Εὐλόγιος
1029 1627 1130 1698 μὲν
1175 1630 1388 1702 οἰκιδίῳ
1418 1632 1613 1684 ἑαυτὸν
1659 1630 1883 1702 καθείρ‹

1997 539 2112 579 sam
2151 539 2276 581 esse
2324 524 2483 592 dixit,
2528 523 2674 595 quod
2724 524 3104 581 condemnatis
3146 525 3395 580 exsilium
3449 525 3568 580 fore

1992 621 2299 682 putaretur.
2337 612 2637 684 imperator
2665 630 2725 669 re
2763 616 3004 685 cognita,
3034 613 3335 685 disgregari
3365 630 3484 681 eos,
3512 625 3567 669 et

1993 704 2155 759 binos
2207 705 2404 775 partim
2465 706 2519 760 in
2569 705 2882 768 Thraciam,
2930 707 3130 776 partim
3184 706 3237 760 iu
3281 707 3563 769 Arabiam,

1991 794 2258 863 quosdam
2290 795 2346 849 in
2377 794 2738 859 Thebaidem,
2779 803 2940 865 atque
2973 796 3110 851 alios
3142 796 3251 850 alio
3282 798 3335 851 in
3365 796 3562 865 oppida

1990 884 2227 956 dispergi
2258 885 2417 956 iussit
2450 887 2553 955 (1).
2608 885 2665 941 Si
2696 886 2789 956 qui
2828 887 2994 942 etiam
3045 888 3190 942 inter
3215 902 3313 943 eos
3365 886 3566 941 fratres

1989 984 2196 1043 essent,
2226 977 2462 1049 disjungi
2497 980 2712 1033 curavit
2742 979 2841 1049 (‘2).
2875 979 3136 1048 Eulogius
3171 995 3325 1044 sane,
3355 990 3410 1035 et
3430 980 3565 1035 Pro-

1989 1075 2238 1139 togenes.
2258 1070 2352 1139 qui
2384 1070 2654 1125 secundas
2682 1071 2750 1125 ab
2783 1071 2877 1126 illo
2909 1071 3141 1138 ferebat,
3166 1073 3442 1127 Antinoeu
3477 1073 3554 1142 (5)

1990 1158 2353 1215 Thebmorum
2437 1162 2694 1231 oppidum
2772 1162 3042 1232 deportati
3112 1174 3260 1219 sunt.
3346 1164 3559 1231 Quanta

1989 1259 2172 1304 autem
2224 1251 2441 1306 illorum
2473 1252 2650 1307 virtus
2707 1251 2892 1317 fuerit,
2938 1253 3071 1308 illud
3107 1254 3387 1310 indicabit.
3420 1256 3558 1310 Cum

1990 1357 2228 1412 namque
2265 1346 2553 1400 sententiae
2573 1360 2685 1400 suae
2721 1346 3037 1416 episcopum
3069 1347 3145 1401 ibi
3200 1350 3555 1417 repetissent.

1986 1435 2395 1491 communicare
2424 1448 2743 1508 coeperunt,
2790 1449 2844 1492 et
2876 1438 3283 1495 ecclesiasticos
3313 1455 3554 1495 conven-

1986 1536 2076 1583 tus
2111 1539 2361 1599 egerunt.
2388 1530 2562 1585 Porro
2595 1547 2721 1585 cum
2755 1533 2911 1600 pauci
2944 1532 3104 1588 valde
3137 1533 3203 1587 ad
3241 1547 3337 1588 eos
3363 1549 3562 1589 convo-

1982 1617 2188 1679 nirent,
2220 1626 2275 1671 et
2295 1632 2514 1672 causam
2558 1621 2677 1691 ejus
2700 1622 2780 1674 rei
2816 1636 2939 1676 esse
2984 1623 3372 1692 comperirent.
3413 1629 3556 1695 quo-l

312 1716 427 1782 ξας,
490 1718 666 1788 ἡσυχῆ
726 1718 997 1788 καθῆστο,
1054 1718 1146 1772 τὸν
1196 1720 1305 1774 τῶν
1356 1722 1497 1776 ὅλων
1541 1722 1875 1776 ὲκδυσωπῶν

1982 1704 2187 1762 Graecze
2212 1708 2622 1778 superstitionis
2650 1710 2881 1765 studiosi
2916 1712 3177 1782 oppidani
3209 1723 3395 1770 essent
3430 1717 3558 1770 :ubi

314 1808 465 1864 Θεὸν.
507 1807 567 1862 Ὀ
599 1809 655 1862 δὲ
686 1811 1075 1884 Πρωτογένης,
1112 1813 1181 1865 τὰ
1206 1813 1331 1885 ἰερὰ
1373 1814 1681 1883 γράμματα
1715 1815 1875 1869 ἐκπε-

1985 1813 2085 1869 pro
2128 1814 2195 1855 eo
2232 1811 2396 1870 atque
2424 1800 2603 1867 decet,
2623 1816 2865 1857 errorem
2896 1819 3024 1858 eum
3073 1805 3395 1871 eluxissent,
3444 1825 3555 1863 non

318 1899 693 1970 παιδευμένος,
725 1902 819 1956 καὶ
867 1903 1104 1973 γράφειν
1154 1904 1303 1971 μάλα
1355 1905 1754 1976 ἐξησκημένος,
1799 1907 1879 1959 δι’

312 1989 626 2044 δασκαλείου
657 1991 962 2062 μειρακίων
1012 1994 1332 2063 προΐστατο,
1362 1996 1646 2075 τόπονιείς
1682 1998 1879 2053 παιδα-

308 2081 539 2148 γωγεῖον
573 2080 883 2149 ἐπιτήδειον
914 2081 1190 2153 εὑρηκώς.
1223 2082 1449 2154 ’Δμέλει
1487 2086 1584 2140 καὶ
1637 2088 1875 2157 γράφειν

307 2170 388 2234 είς
410 2189 471 2224 τε
504 2171 698 2234 κάλλος
728 2174 824 2227 καὶ
868 2172 1054 2244 τάχος,
1108 2176 1209 2229 καὶ
1278 2177 1349 2229 τὰ
1394 2176 1519 2248 ἰερά
1558 2178 1876 2244 εξεπαίδευε

302 2260 491 2329 λόγια·
528 2264 598 2318 τά
621 2280 681 2317 τε
729 2264 992 2318 Δαυῖδικά
1025 2265 1162 2338 μέλη
1194 2268 1291 2320 καὶ⁵
1332 2268 1401 2322 τὰ
1452 2270 1743 2342 πρόσφορα
1777 2272 1877 2343 τῆς

301 2353 674 2425 ἀποστολικῆς
721 2354 1068 2420 διδασκαλίας
1101 2358 1471 2427 ἐκμανθάνειν
1523 2365 1874 2432 παρεσκευά-

303 2444 451 2510 ζετο.
498 2445 653 2499 Ἐπεὶ
705 2447 761 2501 δὲ
795 2448 903 2501 τῶν
958 2449 1262 2521 μειρακίων
1295 2450 1357 2506 ἓν
1405 2453 1545 2526 νόσῳ
1576 2471 1875 2526 κατειργα-

286 2535 506 2617 Ισμένον
531 2536 712 2594 θανεῖν
734 2540 1100 2612 προσδόκιμον
1119 2539 1209 2615 ἦν,
1226 2546 1317 2598 ἐπὶ
1343 2546 1442 2614 τῆς
1465 2547 1641 2611 οἰκίας
1665 2548 1693 2602 ὁ
1720 2549 1876 2618 Πρω-

300 2630 533 2701 τογένης
590 2629 764 2702 ἥκων,
793 2634 885 2688 καὶ
936 2636 1005 2706 τῇ
1055 2638 1155 2706 τῆς
1204 2638 1385 2708 χειρὸς
1418 2639 1527 2710 ἀφῇ
1566 2640 1626 2694 τὸ
1667 2641 1874 2698 λυποῦν

300 2724 478 2775 ποιεῖν
504 2722 889 2794 ὲδραπέτευεν,
920 2727 969 2779 oi
997 2727 1104 2779 τῶν
1143 2727 1319 2783 ἀλλων
1353 2733 1591 2800 πατέρες
1629 2733 1874 2803 διαγνόν-

301 2829 417 2878 τες,
452 2813 544 2867 ἐπὶ
575 2814 676 2883 τῆς
702 2814 882 2881 οἰκίας
913 2817 1004 2871 τὸν
1034 2818 1354 2891 πρεσϐύτην
1387 2822 1590 2893 ἀνῆγον
1614 2824 1871 2889 ἕκαστος,

300 2903 399 2956 καὶ
425 2905 540 2968 τοῖς
564 2905 912 2977 ἀρρωστοῦσι
931 2908 1039 2962 τῶν
1067 2909 1278 2965 παίδων
1301 2912 1620 2984 ἐπικουρεῖν
1651 2917 1870 2988 ἠντιόὁ-

297 2994 442 3049 λουν.
481 2993 540 3050 Ὀ
574 2995 631 3050 δὲ
692 2995 768 3069 μὴ
826 2998 1090 3054 δύνασθαι
1143 3002 1362 3073 βοηθεῖν
1414 3004 1624 3075 ἔλεγεν,
1680 3010 1730 3061 εἰ
1794 3010 1870 3081 μὴ

1982 1892 2309 1947 cessandum
2361 1894 2464 1949 sibi
2500 1909 2643 1960 esse,
2689 1911 2864 1965 usque
2892 1896 3021 1951 dum
3056 1897 3155 1968 ipsi
3192 1908 3411 1968 pectora
3456 1916 3555 1955 sua

1979 1982 2324 2054 plangerent,
2355 1985 2658 2050 duxerunt,
2720 1987 2815 2042 sed
2844 1987 2917 2042 ita
2956 1996 3017 2042 ut
3046 2004 3143 2058 par
3163 1999 3300 2051 erat,
3336 1991 3555 2045 illorum

1979 2089 2199 2146 quoque
2237 2075 2526 2133 medicina:
2553 2086 2610 2133 et
2661 2078 2856 2134 salutis
2895 2093 3084 2135 curam
3117 2091 3424 2150 gesserunt.
3486 2083 3552 2137 Et

1978 2166 2240 2238 Eulogius
2290 2167 2513 2238 quidem
2584 2168 2639 2223 in
2690 2168 3083 2225 domunculam
3143 2173 3434 2242 quamdam
3492 2189 3557 2228 se

1977 2257 2156 2329 ipsum
2188 2258 2419 2323 abdidit,
2456 2260 2644 2330 ibique
2676 2262 2877 2316 tacitus
2910 2263 3083 2326 vixit,
3114 2279 3297 2318 rerum
3334 2265 3554 2320 univer-

1975 2364 2159 2405 sarum
2192 2350 2362 2406 Deum
2402 2352 2659 2422 precibus
2709 2368 2963 2409 exorans.
3002 2354 3334 2425 Protogenes
3365 2367 3545 2410 autem

1974 2455 2156 2498 sacras
2198 2441 2430 2499 Litteras
2455 2443 2709 2513 edoctus,
2749 2453 2805 2501 et
2857 2446 2909 2499 in
2934 2447 3213 2501 scribendi
3244 2457 3358 2502 arte
3389 2449 3553 2504 valde

1972 2533 2311 2589 exercitatus
2334 2574 2350 2599 ,
2396 2534 2584 2589 ludum
2613 2534 2941 2591 litterarium
2967 2536 3188 2605 aperuit
3217 2577 3231 2602 ,
3261 2541 3550 2592 commodo

1973 2624 2176 2680 scholas
2195 2626 2424 2695 puerilis
2447 2625 2568 2681 loco
2599 2626 2844 2682 invento.
2884 2624 3043 2699 156
3068 2629 3124 2683 In
3142 2644 3206 2684 ea
3227 2640 3283 2684 et
3320 2630 3553 2700 pulchre

1972 2721 2029 2769 et
2053 2713 2310 2770 celeriter
2339 2715 2779 2773 adolescentulos
2808 2719 3073 2783 scribere,
3101 2729 3157 2775 et
3180 2735 3334 2775 sacra
3360 2721 3549 2777 docuit

1972 2807 2216 2875 oracula,
2249 2807 2321 2862 ita
2352 2818 2413 2863 ut
2443 2808 2521 2864 illi
2549 2809 2805 2867 Davidica
2839 2813 3079 2867 carmina
3106 2855 3120 2879 ,
3153 2822 3210 2869 et
3258 2814 3364 2869 alia
3415 2831 3551 2885 apo-

1971 2897 2178 2969 stolicae
2209 2899 2473 2957 doctrinae
2498 2917 2737 2959 consona
2783 2905 3152 2962 addiscerem.
3188 2905 3324 2961 Cum
3360 2917 3551 2961 autem

1970 3006 2039 3047 ex
2089 2993 2276 3062 pueris
2315 3008 2459 3048 unus
2494 2994 2690 3050 morbo
2720 2996 3029 3061 confectus,
3057 2998 3109 3052 in
3139 3001 3551 3069 exspectatione

298 3082 567 3153 πρότερον
617 3084 645 3137 ὁ
699 3086 871 3139 νοσῶν
904 3088 964 3140 τὸ
998 3087 1141 3144 θεῖον
1164 3089 1392 3145 ὑπέλθοι
1435 3092 1686 3165 λουτρόν.
1720 3098 1785 3162 Οἱ
1813 3099 1870 3151 δὲ

1976 3087 2167 3139 mortis
2192 3094 2356 3150 esset,
2388 3082 2726 3156 Protogenes
2771 3088 2822 3141 in
2856 3089 3078 3141 domum
3115 3090 3205 3144 ubi
3234 3091 3278 3143 is
3304 3091 3542 3160 iacebat,

298 3174 384 3241 τῷ
418 3174 570 3246 πόθῳ
596 3176 697 3246 τῆς
725 3177 1047 3250 ἀπαλλαγῆς
1098 3180 1452 3253 ὴπειγμιίνοι,
1493 3184 1688 3239 θᾶττον
1716 3189 1866 3263 ἐπεί-

298 3267 475 3332 θοντο,
508 3267 607 3322 καὶ
639 3267 728 3324 διὰ
748 3270 852 3340 τῆς
897 3275 1219 3345 σωματικῆς
1247 3275 1407 3329 νόσου
1440 3277 1535 3330 καὶ
1574 3277 1674 3347 τὴν
1705 3279 1867 3350 ψυχι-

296 3357 400 3426 κὴν
431 3359 619 3426 ὑγείαν
644 3360 958 3430 ιδρὲποντο.
989 3362 1053 3416 Ei
1075 3362 1133 3416 δέ
1157 3382 1245 3427 τις
1272 3366 1371 3420 καὶ
1398 3366 1508 3421 τῶν
1534 3367 1866 3440 ἐρρωμένων

294 3450 543 3515 πεισθεὶς
568 3451 671 3522 τῆς
703 3452 856 3517 θείας
902 3454 1128 3526 χάριτος
1174 3461 1465 3530 μετασχεῖν
1500 3460 1684 3531 ἤθελε,
1713 3464 1866 3533 παρὰ

291 3541 384 3594 τὸν
417 3542 674 3610 Εὑλόγιον
706 3543 825 3608 ἰὼν,
857 3547 954 3600 καὶ
993 3548 1097 3617 τὴν
1134 3548 1309 3620 θύραν
1343 3551 1666 3617 πατάσσων,
1711 3554 1863 3607 ἀνοί-

288 3649 411 3698 γειν
454 3634 642 3710 ἔπειθε
665 3654 679 3668 °
712 3639 806 3693 καὶ
834 3639 913 3709 τῷ
967 3638 1248 3714 θηράματι
1284 3644 1379 3698 καὶ
1423 3645 1525 3716 τὴν
1549 3646 1610 3700 ἐν
1640 3645 1863 3718 Χριστῷ

297 3726 614 3783 ἐπιϐάλλειν
640 3732 944 3802 παρεκάλει
973 3734 1243 3805 σφραγῖδα
1268 3749 1283 3765 ·
1321 3736 1396 3800 ὡς
1424 3735 1470 3790 δ’
1501 3740 1709 3802 ἐκεῖνος
1738 3741 1865 3810 εχα-

286 3817 565 3887 λέπαινεν,
622 3821 718 3876 ἅτε
746 3822 1186 3896 διακοπτομένης
1246 3827 1419 3881 αὐτοῦ
1462 3828 1566 3900 τῆς
1610 3828 1799 3900 εὐχῆς,
1832 3831 1862 3885 ὀ

289 3909 668 3982 Πρωτογένης,
702 3931 721 3967 ι
757 3912 900 3968 Ἀλλ’
929 3917 1335 3987 ἀναγκαιοτέρα
1367 3919 1612 3987 πάντως,
1647 3921 1858 3991 ἔλεγεν,

285 4004 322 4073 ή
356 4002 464 4055 τῶν
503 4005 873 4077 πλανωμένων
894 4008 1200 4082 ἐπιστροφὴ
1228 4009 1367 4081 πρὸς
1402 4011 1663 4081 Χριστόν.
1689 4029 1710 4065 ι
1748 4013 1859 4068 Καὶ

281 4096 375 4150 διά
403 4095 682 4167 θαύματος
700 4093 771 4171 ἦν
791 4100 851 4154 τὸ
876 4101 1255 4173 πραττόμενον
1277 4119 1291 4134 ο
1325 4101 1442 4167 πῶς
1470 4103 1855 4176 Πρωτογένης,

1975 3178 2150 3237 venit.
2182 3186 2237 3231 et
2270 3192 2466 3232 manus
2509 3179 2944 3235 contrectatione
2975 3180 3353 3251 aegritudinem
3390 3181 3547 3251 luga-

1966 3268 2232 3334 vit.Quod
2251 3269 2344 3323 ubi
2370 3269 2602 3324 aliorum
2633 3281 2890 3339 parentes
2916 3280 3313 3343 cognoverunt,
3342 3273 3394 3328 iu
3414 3290 3544 3329 suas

1966 3357 2202 3429 quisque
2248 3359 2395 3416 edes
2446 3375 2633 3416 senem
2672 3361 3062 3429 adduxerunt,
3095 3372 3239 3419 etut
3288 3365 3545 3421 invalidis

1963 3464 2153 3506 eorum
2203 3448 2392 3504 liberis
2434 3464 2594 3520 opem
2631 3449 2833 3514 ferret,
2862 3460 3146 3521 rogarunt.
3177 3451 3313 3507 Tum
3346 3453 3434 3507 illc
3483 3468 3547 3507 se

1963 3540 2168 3595 auxilio
2196 3541 2276 3595 eis
2308 3555 2421 3595 non
2455 3540 2608 3611 prius
2639 3556 2762 3597 esse
2802 3557 2964 3613 posse
3004 3542 3173 3608 dixit,
3221 3559 3384 3614 quam
3413 3546 3542 3616 u-gri

1961 3632 2209 3687 divinum
2235 3632 2486 3688 subirent
2517 3633 2818 3699 lavacrum,
2847 3634 2918 3691 Et
2952 3635 3056 3696 illi,
3087 3636 3231 3706 quod
3264 3653 3360 3691 eos
3389 3638 3540 3692 desi-

1961 3724 2174 3778 derium
2236 3724 2633 3796 recuperanda:
2684 3729 2801 3782 suis
2829 3726 3161 3797 valetudinis
3219 3728 3539 3800 adurgeret,

1959 3815 2144 3870 statim
2172 3815 2321 3872 dicto
2348 3817 2638 3874 audientes
2658 3817 2834 3886 fuere,
2867 3829 3033 3890 atque
3063 3820 3135 3875 ita
3171 3835 3267 3891 per
3292 3823 3539 3892 corporis

1961 3908 2238 3975 morbum,
2291 3911 2488 3966 anima:
2534 3926 2756 3982 quoque
2805 3913 3039 3968 salutem
3077 3924 3207 3969 sunt
3235 3917 3534 3970 consecuti.

1961 3996 2019 4054 Si
2044 4000 2173 4071 quis
2224 4011 2409 4056 autem
2438 4003 2737 4058 valentium
2785 4019 3008 4074 quoque
3051 4005 3120 4059 ab
3146 4020 3212 4061 eo
3243 4022 3538 4076 persuasus

1956 4088 2201 4145 divinam
2240 4093 2469 4161 gratiam
2494 4093 2765 4158 ambiret,
2805 4098 2871 4149 ad
2908 4095 3198 4165 Eulogium
3220 4096 3446 4162 vadens,
3483 4111 3536 4152 et

282 4189 525 4246 τοσαῦτα
555 4191 1016 4265 θαυματουργῶν,
1042 4194 1139 4248 καὶ
1170 4194 1310 4264 πρὸς
1356 4195 1417 4248 τὸ
1445 4198 1547 4268 τῆς
1597 4195 1859 4266 ἀληθείας

1976 4182 2104 4238 'ores
2158 4182 2405 4253 pulsans,
2449 4192 2510 4239 ut
2556 4185 2647 4240 ille
2694 4199 2789 4240 eas
2843 4188 3230 4257 apperiret,et
3265 4190 3314 4244 ei
3368 4205 3533 4258 quem

281 4281 403 4348 φῶς
453 4282 695 4339 τοσαῦτα
746 4285 1002 4355 ποδηγῶν
1064 4285 1273 4357 πλήθη,
1336 4289 1688 4360 παραχωρῶν
1744 4289 1854 4344 τῶν

1976 4285 2189 4331 renatus
2212 4286 2380 4335 esset.
2412 4276 2651 4343 sigillum
2681 4277 2735 4332 in
2767 4277 2990 4335 Christo
3022 4280 3352 4350 imponeret,
3381 4298 3536 4352 roga-

281 4374 571 4443 πρωτείων
606 4374 853 4448 Εὑλογίῳ
904 4377 1116 4448 ἑωρᾶτο
1138 4394 1154 4411 ·
1210 4379 1304 4432 καί
1334 4379 1389 4449 γ’
1421 4380 1708 4450 ἐνομίζετο
1760 4382 1855 4435 ἐπὶ

1976 4377 2066 4424 tat.
2098 4367 2276 4438 Atque
2300 4367 2392 4422 ubi
2422 4367 2682 4438 Eulogius
2725 4384 2848 4424 eam
2876 4385 3016 4436 rem,
3049 4373 3195 4441 quod
3236 4372 3291 4426 in
3343 4387 3536 4442 preca-

280 4462 419 4516 πολὺ
474 4463 701 4518 πλείονα
750 4459 895 4518 εἶναι
929 4465 1318 4537 Πρωτογινους
1366 4467 1465 4539 τὴν
1500 4468 1723 4541 ἀρετὴν,
1755 4470 1852 4524 καὶ

1979 4461 2105 4515 ioue
2174 4459 2472 4515 identidem
2533 4460 3022 4531 interpellentur,
3087 4463 3309 4532 gravius
3363 4465 3532 4533 tulit,

278 4554 694 4626 {imp-tepeﬁunt:
732 4559 832 4628 τῆς
859 4557 1125 4628 Εὐλογίου
1164 4558 1240 4624 ὡς
1270 4559 1533 4631 μάλιστα.
1571 4560 1661 4626 Ὠς
1694 4561 1752 4616 δὲ
1781 4561 1852 4618 τά

1976 4555 2332 4625 Protogenes:
2357 4572 2376 4605 ι
2400 4552 2563 4623 Atqui
2585 4552 2809 4623 (inquit)
2837 4554 3001 4626 longe
3023 4559 3331 4616 necessaria
3354 4557 3534 4624 magis

281 4645 378 4698 τοῦ
405 4648 673 4712 κλύδωνος
704 4649 891 4720 ἔληγε,
916 4650 1013 4704 καὶ
1055 4652 1197 4721 μετά
1216 4651 1338 4713 ,τῶν
1375 4652 1551 4706 ἀλλων
1584 4654 1679 4708 καὶ
1703 4646 1849 4709 οὗτοι

1976 4654 2040 4701 εει
2090 4646 2394 4701 errantium
2442 4646 2509 4700 ad
2544 4643 2825 4701 Christum
2861 4649 3174 4703 conversio.
3216 4667 3235 4701 ι
3288 4648 3346 4703 ld
3396 4665 3533 4704 vero

282 4739 617 4812 ἀνήχθησαν,
674 4741 1071 4814 δεδακρυμένοι
1127 4742 1493 4814 προύπεμπον
1522 4744 1752 4809 τούτους
1795 4746 1846 4799 οἰ

1976 4738 2158 4793 'actum
2186 4738 2535 4794 admirationi
2567 4749 2687 4795 erat
2711 4739 2971 4796 omnibus
2998 4778 3025 4816 ,η
3050 4739 3411 4810 ProtOgenem
3448 4741 3531 4795 vi-

273 4830 565 4902 ἐπιχώριοι
591 4848 606 4863 ·
642 4828 738 4886 καὶ
765 4832 1007 4904 μάλιστα
1030 4833 1060 4887 δ
1080 4833 1384 4895 ἐπίσκοπος
1416 4834 1688 4905 τοσαύτης
1711 4853 1849 4906 συμ-

1976 4830 2175 4896 lelicet,
2206 4831 2298 4901 qui
2330 4838 2477 4886 tanta
2514 4832 2704 4886 ederet
2741 4832 3007 4887 miracula
3033 4872 3049 4896 ,
3073 4840 3129 4887 et
3163 4842 3366 4887 tantum
3393 4836 3528 4888 mul-

271 4921 483 4991 μαχίας
515 4923 904 4994 ἐστερημένος.
952 4923 1012 4977 '0
1050 4924 1151 4993 μὲν
1195 4919 1289 4977 οὖν
1334 4923 1595 4993 Εὐλόγιος
1631 4924 1844 4995 Βάρσου

1982 4923 2245 4977 itudinem
2295 4922 2363 4976 ad
2415 4923 2664 4978 veritatis
2708 4924 2886 4979 lucem
2943 4925 3293 4993 produceret,
3344 4936 3532 4997 partes

263 5011 364 5065 τοῦ
411 5010 560 5065 θείου
610 5013 753 5067 τέλει
802 5017 1155 5085 χρησαμένου
1184 5014 1282 5068 τοῦ
1312 5015 1454 5083 βίου,
1481 5015 1583 5086 τῆς
1630 5017 1843 5069 ἐκείνου

1976 5014 2158 5068 trimas
2210 5011 2439 5085 Eulogio
2465 5014 2786 5070 concedere.
2821 5015 2889 5070 Et
2930 5031 3124 5070 omnes
3168 5017 3330 5089 longe
3385 5035 3525 5088 pra:-

261 5099 567 5170 ἐκκλησίας
592 5101 719 5165 τοὺς
748 5102 944 5167 οἴακας
983 5103 1378 5175 ἐγχειρίζεται.
1425 5105 1488 5158 '0
1534 5106 1593 5159 δὲ
1628 5105 1841 5176 θαυμα-

1976 5106 2275 5161 lautiorem
2344 5106 2793 5178 superioremque
2867 5107 3189 5179 Prmogenis
3259 5113 3522 5166 virtutem

263 5191 395 5254 στδς
426 5193 804 5265 Πρωτογένης,
840 5197 940 5264 τὴν
970 5195 1373 5266 ὴκανθωμένην
1400 5197 1556 5250 πόλιν
1581 5197 1846 5269 ὲξΈλλη-

1976 5198 2119 5268 psius
2151 5198 2361 5271 Eulogii
2418 5200 2530 5255 vita
2582 5215 2705 5255 esse
2749 5200 3190 5259 exsistimubant.
3250 5191 3552 5258 Czeterutu’

258 5284 426 5346 νικῆς
445 5282 735 5355 τερθρείας
765 5287 968 5357 Καρῶν
998 5288 1266 5357 γεωργεῖν
1297 5286 1592 5358 ἐπιστεύθη
1620 5302 1634 5319 ο
1664 5290 1731 5358 ἦν
1750 5288 1844 5341 καὶ

1979 5299 2228 5361 ostquam
2258 5293 2657 5362 persecutionis
2681 5295 2915 5363 procella
2936 5295 3129 5350 saevire
3148 5294 3333 5360 desiit,
3355 5304 3522 5365 atque

256 5373 571 5442 φιλοπόνως
607 5375 1072 5448 ἐξεργασάμενος,
1100 5378 1193 5430 τὸν
1226 5377 1370 5430 θεῖον
1400 5382 1501 5447 τῆς
1553 5378 1842 5442 εὐσεϐείας

1981 5399 2048 5438 na
2082 5399 2206 5439 cum
2234 5384 2356 5439 aliis
2383 5395 2440 5440 et
2461 5386 2548 5441 isti
2577 5388 2645 5441 ab
2677 5389 2871 5445 exsilio
2898 5389 3110 5444 reducti
3148 5396 3299 5453 sunt,
3326 5388 3519 5442 incolae

254 5465 482 5535 καρπὸν
517 5466 802 5538 ἰδρέψατο.
834 5466 1000 5521 Ἀλλὰ
1027 5468 1188 5523 τοῦτο
1224 5469 1325 5539 μὲν
1347 5466 1606 5540 ὕστερον.

1976 5476 2061 5546 ius
2094 5478 2332 5546 regionis
2365 5479 2732 5551 lacrymantes
2761 5496 2857 5537 eos
2881 5480 3262 5552 produxerunt
3296 5498 3310 5535 :
3350 5480 3523 5550 potis-

252 5557 465 5614 simum
496 5575 626 5615 vero
655 5561 948 5633 episcopus
976 5562 1113 5634 ipse,
1151 5563 1246 5634 qui
1279 5557 1483 5619 auxilio
1550 5572 1703 5620 tanto
1768 5564 2086 5624 orbabatur.
2136 5571 2205 5627 Et
2260 5573 2520 5643 Eulogius
2548 5574 2770 5644 quidem
2846 5574 2975 5629 divo
3028 5572 3207 5630 Bursa:
3260 5571 3371 5630 vita
3425 5575 3523 5628 dc-

441 5677 686 5764 Τζὶραίξ.
721 5681 820 5739 lib.
849 5698 947 5748 vn,
981 5700 1103 5764 cap.
1141 5683 1232 5739 53.
2007 5692 2083 5764 (5)
2117 5693 2198 5749 Al.
2228 5694 2538 5754 Antinoum.

286 5760 292 5767 '
336 5750 414 5814 (2)
441 5749 587 5805 Infra
615 5752 708 5807 lib.
737 5768 834 5819 xu,
866 5767 989 5820 cap.
1021 5749 1071 5811 εἰ
