4056 6434
506 349 618 411 (ἴω

509 465 703 519 functo
728 502 743 527 ,

1707 335 2129 396 NICEI‘HORI
2170 335 2518 394 CALLISTI

832 457 1078 514 ecclesiae
1167 456 1336 526 ipsius
1402 451 1773 525 gubernacula
1828 447 2091 515 suscepit.
2134 447 2475 501 Admirando
2541 456 2724 502 autem
2794 446 3106 521 Protogeni,
3134 450 3318 507 Came
3346 453 3529 509 civitas
3551 457 3738 514 Grzeca-

3624 345 3725 408 ειι

515 575 635 613 rum
664 553 1060 627 praestigiarum
1091 552 1264 621 spinis
1306 551 1501 611 obsita,
1528 546 1829 604 excolenda
1874 543 2088 599 credita
2128 554 2257 598 est:
2322 559 2431 612 qua
2481 544 2667 599 labore
2735 546 2910 600 multo
2955 557 3267 618 repurgata,
3296 549 3564 607 cmlestem
3618 571 3742 611 vera

513 653 735 723 pietatis
768 651 1005 705 fructum
1049 646 1315 716 percepit.
1348 645 1452 699 Sed
1482 643 1550 696 de
1583 642 1672 697 his
1695 652 1904 711 p0stea.

986 762 1141 835 157
1170 761 1393 818 CAPUT
1430 760 1623 816 xxw.

516 883 595 936 De
613 889 794 934 sancto
826 878 1077 933 Flaviano
1102 889 1150 930 et
1184 875 1436 933 Diodoro.
1463 884 1521 928 ut
1537 876 1636 944 ipsi
1657 889 1866 944 gregem
1895 872 2092 927 Melctii

587 953 839 1023 rexerint.
893 965 1011 1003 cum
1063 952 1296 1001 nondum
1372 945 1720 1016 episwpalem
1775 946 2093 1023 dignitatem

588 1022 958 1090 suscepissent.

588 1130 788 1184 Valens
839 1129 1049 1183 diutius
1078 1126 1385 1182 Antiochiae
1413 1132 1822 1189 commoratus,
1888 1123 2094 1179 Euzoio

516 1225 590 1279 ibi
638 1222 901 1277 ecclesias
943 1232 1185 1290 regente.
1226 1219 1450 1279 Judzeis,
1501 1229 1557 1272 et
1588 1217 1826 1272 ethnicis
1868 1216 2091 1280 Graecis,

514 1327 677 1385 atque
705 1316 872 1367 etiam
899 1314 995 1382 qui
1023 1311 1471 1366 Christianorum
1518 1309 1741 1363 nomine
1770 1317 2090 1373 censentur,

515 1417 571 1459 et
601 1406 818 1460 diversa
849 1405 918 1458 ab
953 1402 1275 1470 Evangelica
1297 1400 1543 1455 doctrina
1571 1399 1821 1469 dogmata
1849 1400 2091 1468 compleo

516 1506 819 1559 cterentur,
852 1494 1109 1548 omnibus
1147 1508 1269 1562 qua:
1315 1491 1512 1546 animis
1536 1505 1728 1545 eorum
1765 1489 1964 1559 placita
2009 1504 2094 1542 es-

518 1599 669 1651 sent,
713 1599 771 1642 ut
816 1589 990 1642 libere
1018 1598 1365 1657 peragerent,
1405 1584 1675 1656 permisit.
1701 1584 1835 1640 Nam
1893 1584 2094 1653 impius

517 1698 676 1738 error
702 1681 805 1737 sub
854 1679 1146 1734 Joviniauo
1173 1680 1396 1747 quidem
1444 1679 1779 1742 exstinctus,
1813 1692 1840 1730 a
1875 1676 2093 1732 Juliano

520 1785 701 1828 autem
759 1774 1069 1834 excitatus,
1136 1771 1396 1840 paulatim
1449 1767 1839 1823 reﬂorescebat
1887 1766 1986 1835 (ι),
2040 1776 2097 1820 et

520 1865 714 1926 Dialia,
750 1862 1000 1933 Dionysia
1032 1870 1089 1915 et
1147 1859 1367 1915 Cereris
1401 1875 1578 1920 sacra.
1618 1874 1728 1911 non
1756 1857 1809 1911 in
1856 1856 2092 1926 angulis,

519 1955 849 2023 imperatore
871 1953 1036 2007 veluti
1065 1961 1341 2019 przeeunte
1364 1992 1381 2018 ,
1425 1950 1824 2019 peragebantur
1853 1966 1882 2017 ε,
1918 1956 1973 2002 et
2000 1947 2096 2001 ho-

519 2048 695 2099 mines
734 2046 786 2099 iu
816 2043 996 2097 medio
1025 2043 1162 2108 foro,
1200 2044 1418 2096 nemine
1449 2041 1785 2101 obsistente,
1822 2040 2097 2094 bacchan-

520 2137 681 2200 tium,
708 2136 800 2203 qui
856 2137 1082 2189 numine
1121 2134 1396 2196 aﬂlantur,
1452 2147 1630 2197 more,
1684 2130 2094 2186 discurrebant.

518 2229 724 2283 Eorum
755 2244 887 2281 vero
915 2235 1163 2288 tantum,
1207 2226 1299 2294 qui
1343 2224 1629 2279 catholica:
1660 2221 1921 2278 Ecclesia:
1964 2221 2097 2277 doc-

520 2321 721 2376 trinam
756 2320 1152 2390 sequebantur,
1212 2316 1576 2388 implacabilis
1625 2316 1802 2371 hostis
1851 2323 1990 2370 erat.
2031 2314 2098 2369 Et

519 2415 763 2486 primum
814 2412 1040 2482 quidem
1091 2426 1282 2466 recens
1351 2417 1723 2463 constructam
1784 2408 2097 2483 ecclesiam,

521 2518 685 2575 quam
718 2504 829 2559 illis
857 2502 1183 2560 Jovluianus
1204 2500 1454 2567 dederat,
1480 2500 1717 2566 ademit;
1746 2500 1946 2556 deinde
1970 2516 2101 2555 vero

522 2613 588 2652 ex
610 2597 731 2651 aliis
755 2608 974 2666 quoque
999 2608 1096 2649 eos
1118 2592 1290 2647 sacris
1336 2592 1544 2647 aedibus
1568 2594 1772 2663 exegit.
1798 2593 1975 2663 Atque
2003 2591 2101 2647 ubi

526 2688 605 2743 illi
631 2687 735 2742 sub
770 2686 862 2741 dio
887 2694 1130 2755 agentes.
1166 2682 1234 2738 ad
1270 2686 1472 2739 montis
1508 2683 1724 2740 radices
1750 2686 1922 2741 Deum
1968 2699 2101 2740 con-

528 2779 821 2835 suetudine
850 2793 949 2833 sua
999 2777 1220 2849 hymnis
1261 2785 1318 2831 et
1354 2775 1613 2833 laudibus
1652 2778 2016 2843 celebrarent,
2048 2788 2107 2833 ct

526 2869 709 2923 varias
753 2866 1086 2936 easdemque
1138 2866 1396 2921 adversas
1447 2864 1590 2920 aeris
1618 2866 1971 2933 mutationes,
2005 2868 2108 2922 ali-

526 2959 749 3029 quando
796 2959 1017 3029 quidem
1046 2973 1171 3015 cum
1214 2957 1417 3028 pluviis
1467 2968 1524 3012 et
1580 2958 1706 3012 nive
1739 2968 1796 3013 et
1842 2960 2108 3015 immenso

524 3050 728 3121 frigore
771 3050 1090 3113 conﬂictati,
1125 3050 1421 3120 aliquando
1449 3058 1633 3105 autem
1680 3060 1818 3106 astu
1850 3053 1980 3107 solis
2007 3053 2108 3108 ad-

527 3144 748 3198 modum
806 3142 985 3197 adusli
1018 3142 1346 3213 perferrent,
1399 3157 1466 3197 ne
1499 3157 1566 3197 eo
1602 3143 1821 3213 quidem
1872 3145 1994 3199 loco
2049 3153 2112 3200 ut

524 3247 911 3308 permanerent
948 3237 1146 3302 voluit,
1207 3246 1263 3291 et
1313 3225 1571 3292 immissis
1613 3236 1665 3291 in
1694 3252 1791 3293 eos
1823 3237 2107 3303 militibus,

526 3344 899 3385 :eruumosum
927 3328 1034 3383 hoc
1060 3329 1185 3382 vitae
1219 3328 1441 3399 agendae
1470 3329 1780 3384 institutum
1800 3330 2110 3400 dissipavit.

528 3421 825 3475 Flavianus
873 3430 1057 3474 autem
1109 3428 1166 3475 et
1223 3419 1493 3475 Diodorus
1534 3423 1790 3491 generosi
1860 3425 2111 3481 veritatis
2138 3461 2184 3518 ο

529 3510 749 3565 athletae
796 3520 910 3564 tum
982 3509 1254 3565 ﬂorebant
1308 3528 1325 3567 :
1397 3511 1491 3582 qui
1547 3512 1900 3568 imminentes
1961 3516 2113 3585 gregi

532 3602 739 3657 Christi
800 3601 1018 3666 ﬂuctus,
1067 3602 1237 3657 veluti
1287 3603 1497 3673 scopuli
1528 3600 1771 3672 quidam,
1830 3608 2114 3674 quampri-

532 3709 682 3749 mum
718 3693 772 3747 in
808 3708 1057 3763 spumam
1095 3694 1448 3764 redegerunt.
1483 3695 1563 3749 llli
1599 3694 1745 3750 enim
1796 3698 1918 3764 po’st
1952 3695 2117 3751 Mele-

535 3784 674 3837 tium
706 3783 759 3837 in
791 3784 1044 3838 exsilium
1083 3785 1337 3855 ejectum,
1367 3800 1465 3854 pro
1491 3801 1653 3855 grege
1682 3784 1887 3841 Christi
1915 3787 2114 3841 decer-

535 3876 879 3938 tabant,cum
912 3878 1209 3947 lupisipsis
1247 3877 1462 3932 fortiter
1487 3877 1707 3931 obviam
1760 3877 1968 3941 eundo,
1995 3888 2110 3933 tum

534 3968 738 4023 Christi
757 3968 947 4022 ovibus
967 3968 1382 4023 convenientem
1401 3969 1706 4022 doctrinam
1728 3969 2109 4039 proponendo.

534 4063 713 4129 Atque
739 4059 831 4114 ubi
860 4074 925 4114 ex
954 4059 1089 4115 locis
1113 4059 1181 4113 ad
1219 4058 1432 4113 radices
1455 4060 1657 4114 montis
1694 4060 1813 4115 sitis
1832 4061 2112 4118 deturbati

534 4162 684 4214 sunt,
716 4152 781 4205 ad
816 4151 1047 4221 proximi
1074 4150 1319 4206 ﬂuminis
1346 4150 1496 4220 ripas
1513 4166 1648 4205 oves
1674 4163 1975 4218 paverunt:
2001 4169 2109 4208 non

535 4245 766 4306 frustra,
806 4242 1033 4313 perinde
1059 4252 1224 4312 atque
1271 4242 1349 4296 illi
1379 4242 1436 4295 in
1484 4241 1758 4312 Babylone
1789 4244 2011 4313 captivi,
2043 4244 2110 4298 ad

537 4337 732 4392 salices
761 4336 1064 4390 carminum
1096 4349 1300 4404 organa
1331 4333 1727 4405 suspendentes
1757 4350 1772 4387 :
1806 4338 1898 4391 sed
1939 4336 2113 4391 libere

536 4429 732 4495 Deum,
766 4430 920 4499 juxta
951 4428 1198 4483 divinum
1252 4428 1532 4492 Davidem,
1564 4428 1618 4482 in
1662 4429 1813 4483 omni
1850 4430 1972 4484 loco
2015 4431 2114 4485 du-

537 4520 858 4576 minationis
887 4519 1009 4587 ejus
1042 4518 1351 4574 laudantes.
1401 4518 1603 4573 Verum
1646 4535 1716 4576 ne
1744 4521 1851 4578 hoc
1884 4522 2112 4592 quidem

537 4609 591 4663 in
646 4608 768 4664 loco
819 4608 915 4662 diu
975 4623 1074 4662 eos
1124 4608 1347 4673 durare,
1394 4609 1829 4665 orthodoxorum
1859 4621 1914 4667 et
1964 4621 2113 4675 recte

536 4700 897 4754 sentientium
948 4699 1125 4765 hostis
1179 4713 1367 4769 passus
1414 4708 1550 4756 est:
1607 4700 1768 4774 148
1800 4705 1896 4757 sed
1934 4703 2112 4772 primo

2123 756 2178 814 Α

2789 752 3043 807 ΚΕΦΑΛ.
3077 752 3202 806 KA'.

2197 843 2337 910 Hspl
2370 842 2485 917 τοῦ
2510 843 3060 917 ἁγιξουῄφλαϐιαγοῦ
3083 846 3179 917 καί
3215 845 3522 917 Διοδώρου,
3550 851 3624 916 ὠς
3650 852 3747 917 τὴν

2271 916 2542 1017 ποῖμρυέιν
2570 914 2880 1017 gadet?)
2895 915 3099 1017 καύτοί
3133 914 3399 980 διεῖπον,
3409 921 3583 1017 μήπω
3604 914 3748 988 lepe-

2271 999 2437 1017 nm...
2507 998 2562 1017 π,
2607 999 2784 1017 mn...
2854 999 2890 1017 η
2935 1001 3047 1017 ηις..

2267 982 2437 1035 τικοῦ
2466 983 2784 1047 ἐπιϐάντες
2802 984 3065 1050 βαθμοῦ.

2270 1100 2534 1153 Πλεῖστον
2566 1100 2614 1153 δ’
2654 1102 2737 1155 ὅτι
2783 1104 2980 1172 χρόνον
3033 1102 3092 1153 ὲν
3116 1102 3427 1177 Ἀντιοχείᾳ
3484 1106 3750 1178 διατρίψας

2198 1194 2436 1264 Οὐάλης,
2489 1194 2733 1255 Εὐζωΐου
2780 1196 2893 1248 τῶν
2940 1196 3253 1263 ἐκκλησιῶν
3287 1199 3749 1268 ήγουμένου,’ῐον-

2195 1287 2368 1348 δαίοις
2398 1287 2497 1355 μὲν
2536 1288 2630 1339 καὶ
2661 1287 2888 1356 Ἕλλησι
2940 1288 3039 1340 καὶ
3070 1289 3205 1341 πᾶσι
3233 1289 3570 1359 Χριστιανῶν
3600 1291 3752 1361 ὄνομα

2198 1380 2629 1449 περικειμένοις,
2697 1380 2960 1433 τάναντία
3005 1379 3062 1433 δὲ
3086 1381 3184 1449 τῆς
3219 1381 3581 1452 εὐαγγελικῆς
3623 1384 3753 1436 διδα-

2196 1470 2390 1533 καλίας
2424 1471 2863 1541 ἀσπαζομένοις,
2916 1472 2985 1527 τὰ
3023 1472 3250 1543 θυμήρη
3305 1478 3562 1544 πράττειν
3601 1476 3752 1539 ἀδεῶς

2197 1562 2398 1617 εἴασεν.
2436 1564 2660 1632 Ἀμέλει
2707 1565 2802 1619 καὶ
2834 1568 2865 1633 ἡ
2899 1566 2993 1618 ἐπὶ
3039 1565 3306 1620 ’Ῑοϐιανοῦ
3348 1568 3446 1637 μὲν
3486 1567 3753 1620 σϐεσθείσα

2199 1653 2403 1723 πλάνη,
2450 1654 2562 1707 ἀπὸ
2610 1653 2909 1709 Ἰουλιανοῦ
2943 1656 2999 1709 δὲ
3035 1654 3354 1725 ὲξαφθεῖσα,
3400 1657 3539 1709 κατά
3579 1657 3754 1726 μικρὸν

2198 1748 2361 1801 πάλιν
2408 1746 2562 1816 ἤνθει
2591 1764 2605 1777 ·
2639 1748 2736 1800 καὶ
2782 1748 2851 1800 τά
2905 1748 3107 1801 Διάσια
3158 1749 3255 1801 καὶ
3311 1750 3584 1812 Διονύσια,
3616 1750 3679 1802 τά
3705 1767 3754 1800 τε

2198 1840 2488 1908 Δήμητρος
2512 1838 2675 1909 ἔργα,
2708 1842 2810 1893 οὐκ
2836 1844 2895 1893 ιν
2923 1830 3229 1912 γωνίᾳ,ἆτε
3257 1841 3321 1911 δὴ
3360 1841 3616 1911 βασιλέως
3639 1856 3756 1891 κατ-

2200 1931 2483 2000 ἀρχοντος,
2517 1931 2834 1985 ἐτελοῦντο*
2871 1933 2967 1986 καὶ
2999 1932 3360 2003 βακχεύοντες
3385 1933 3573 2004 ἄνδρες
3622 1931 3756 1985 ἔθεον

2200 2023 2338 2076 κατά
2368 2025 2538 2095 μέσης
2560 2025 2674 2094 «τῆς
2698 2026 2926 2094 ἀγορᾶς,
2958 2026 3178 2087 οὐδενὸς
3210 2025 3467 2096 ἐμποδὼν
3498 2026 3757 2080 καθεστῶ-

2130 2093 2173 2152 Β
2203 2135 2317 2182 τος.
2350 2093 2552 2181 Μόνοις
2581 2093 2638 2171 δέ
2657 2093 2851 2187 ἐχθρός
2880 2119 3153 2183 ἄσπονδος
3274 2120 3387 2182 τοῖς
3424 2116 3676 2188 φρονοῦσι
3698 2117 3757 2167 τὰ

2205 2209 2302 2279 τῆς
2331 2208 2561 2262 καθόλου
2585 2209 2885 2280 ἐκκλησίας
2926 2209 3258 2279 διδάγματα.
3295 2212 3407 2264 Καὶ
3454 2209 3519 2279 δὴ
3565 2207 3758 2277 πρῶτον

2206 2302 2408 2374 ἀφῄρει
2422 2301 2600 2355 αὐτῶν
2623 2301 2721 2373 τὴν
2738 2302 3035 2373 νεόδμητνν
3052 2302 3407 2368 Ἐκκλησίαν,
3437 2303 3503 2373 ἦν
3522 2300 3758 2360 Ἱοϐιανδς

2208 2392 2392 2445 ἐδοτο·
2436 2392 2669 2448 καὶτῶν
2698 2391 2879 2448 ἀλλων
2927 2393 3091 2465 ιερῶν
3117 2395 3426 2464 περιϐόλων
3469 2394 3755 2464 ἐξήλαυνεν.

2220 2483 2307 2545 Ὠς
2329 2483 2377 2537 δ’
2406 2485 2608 2538 ἐκεῖνοι
2625 2486 2682 2538 ὲν
2715 2484 2972 2557 ὑπαίθρῳ
3002 2486 3290 2556 διάγοντες
3316 2487 3471 2557 παρά
3504 2489 3601 2548 τάς
3628 2485 3762 2537 ὕπω-

2170 2624 2177 2631 .
2214 2576 2369 2647 ρείας
2400 2577 2496 2631 τοῦ
2538 2579 2698 2647 ὅρους
2740 2578 2948 2649 ὕμνουν
2976 2579 3097 2648 μὲν,
3134 2581 3209 2642 ὡς
3244 2578 3387 2645 ἔθος,
3417 2578 3568 2644 Θεὸν,
3596 2577 3697 2630 τῶν
3724 2575 3760 2627 δ’

2212 2669 2473 2723 ἐναντίων
2504 2669 2599 2724 τοῦ
2630 2671 2793 2741 ἀέρος
2834 2674 3092 2742 μετεῖχον
3134 2672 3474 2737 μεταϐολῶν,
3512 2670 3642 2725 ποτὲ
3677 2669 3762 2739 μὲν

2214 2766 2392 2827 ὑετοῖς
2446 2766 2546 2819 καὶ
2575 2767 2820 2834 νιφετοῖς
2866 2767 2964 2819 καὶ
3005 2769 3238 2836 κρυμοῖς
3296 2764 3762 2837 προσπαλαίοντες.

2221 2857 2414 2913 ἄλλοτε
2486 2856 2545 2910 δὲ
2602 2856 2871 2927 φλογμοῖς
2928 2857 3177 2925 ήλιακοῖς
3240 2858 3447 2929 σφόδρα
3495 2853 3767 2909 κατακαιό·

2216 2964 2389 3018 μενοι,
2440 2947 2551 3001 οὐδ’
2608 2950 2668 3000 ἐν
2706 2948 2935 3011 ταύταις
2968 2950 3063 3019 ἔᾷν
3127 2948 3330 3011 αὐτοὺς
3393 2948 3765 3021 ἧθελεηςτρα-

2217 3040 2421 3104 τιώτας
2440 3040 2499 3094 δὲ
2528 3040 2790 3113 πέμπων,
2817 3042 2914 3095 καὶ
2938 3043 3039 3112 τὴν
3071 3043 3333 3097 ἐπίπονον
3358 3041 3565 3108 ταύτην
3596 3038 3769 3103 διαγω-

2218 3132 2322 3204 γὴν
2387 3133 2759 3198 διεσκέδαζεν.
2816 3133 3116 3197 Φλαϐιανὸς
3161 3133 3218 3187 δὲ
3275 3134 3372 3187 καὶ
3421 3133 3678 3207 Διόδωρος
3726 3126 3767 3178 Ol

2218 3228 2455 3294 γενναῖοι
2491 3227 2589 3294 τῆς
2620 3225 2881 3297 ἀληθείας
2908 3225 3212 3295 ἀγωνισταὶ
3234 3224 3540 3297 τηνικαῦτα
3568 3222 3771 3286 διέλαμ-

2219 3335 2322 3371 πον
2344 3335 2360 3351 ο
2400 3319 2495 3370 καὶ
2520 3321 2589 3370 τά
2622 3317 3041 3388 προσϐάλλοντα
3077 3317 3308 3388 κύματα
3335 3320 3401 3390 τῇ
3434 3316 3634 3388 ποίμνῃ
3651 3315 3769 3382 Χρι-

2222 3406 2371 3471 στοῦ,
2399 3403 2489 3461 οἷά
2510 3425 2655 3471 τινες
2682 3408 2963 3476 πρόϐολοι,
2995 3408 3131 3479 πρὸς
3170 3410 3347 3481 ἀφρδν
3390 3410 3466 3473 ὡς
3495 3409 3651 3478 τάχος
3673 3402 3772 3457 διέ-

2220 3500 2369 3554 λυον.
2406 3500 2571 3553 Αὐτοὶ
2621 3501 2730 3571 γὰρ
2767 3501 2908 3572 μετά
2946 3502 3210 3555 Μελέτιον
3262 3502 3560 3571 γενόμενον
3594 3496 3774 3567 ὑπερό-

2224 3608 2341 3661 ριον
2372 3594 2473 3661 τῆς
2508 3592 2746 3662 ποίμνης
2800 3592 3195 3647 ἀντεποιοῦντο
3219 3594 3464 3664 Χριστοῦ
3488 3609 3502 3623 ·
3552 3594 3659 3655 τοῖς
3688 3588 3773 3660 μὲν

2218 3682 2407 3745 λύκοις
2435 3683 2698 3751 ἀνδρείως
2751 3683 3229 3755 ἀντιταττόμενοι,
3258 3689 3376 3746 τοῖς
3406 3704 3470 3757 γε
3518 3685 3622 3757 μὴν
3658 3683 3776 3751 Χρι-

2223 3776 2352 3828 στοῦ
2386 3776 2672 3847 θρέμμασι
2698 3775 2797 3847 τὴν
2828 3778 3220 3848 προσήκουσαν
3256 3778 3608 3835 διδασκαλίαν
3632 3793 3779 3848 προσ·

2218 3869 2504 3938 φέροντες.
2545 3868 2634 3930 Ὧς
2689 3869 2746 3922 δὲ
2806 3871 2917 3924 κάκ
2977 3871 3079 3940 τῆς
3135 3871 3422 3943 ὑπωρείας
3475 3873 3771 3945 ἠλαύνοντο,

2219 3960 2375 4029 παρὰ
2398 3960 2496 4024 τὰς
2527 3960 2697 4030 θχθας
2724 3962 2818 4014 τοῦ
2849 3962 3095 4030 γείτονος
3148 3967 3401 4033 ποταμοῦ
3428 3966 3497 4020 τὰ
3548 3963 3773 4034 πρόϐατα

2218 4052 2437 4124 ἔνεμον,
2464 4053 2564 4107 οὐκ
2595 4054 2740 4124 είκῆ,
2766 4056 2912 4109 κατὰ
2958 4056 3083 4119 τοὺς
3114 4056 3170 4108 ὲν
3210 4056 3493 4113 Βαϐυλῶνι
3518 4054 3775 4128 αἰχμαλώ-

2217 4163 2367 4210 τους,
2389 4146 2541 4216 παρὰ
2562 4146 2658 4211 τὰς
2681 4147 2828 4212 ἰτέας
2844 4150 3162 4219 κρεμῶντες
3185 4150 3254 4203 τά
3271 4151 3383 4204 τῶν
3401 4151 3553 4222 ᾠδῶν
3570 4151 3775 4221 ὄργανα,

2215 4237 2334 4293 ἀλλ’
2361 4239 2535 4301 ἀδεῶς
2584 4238 2790 4311 ὕμνουν
2836 4240 2990 4308 Θεὸν,
3022 4245 3163 4297 κατὰ
3192 4244 3281 4297 τὸν
3339 4245 3485 4297 θεῖον
3513 4238 3693 4306 Δαυτδ,
3728 4240 3776 4289 ὲν

2219 4330 2388 4383 παντὶ
2419 4331 2572 4402 τόπῳ
2627 4330 2730 4401 τῆς
2778 4331 3101 4396 δεσποτείας
3155 4333 3345 4390 αὐτοῦ.
3381 4334 3525 4391 Ἀλλ’
3578 4332 3682 4387 οὐδ’
3730 4330 3777 4381 ἐν

2220 4425 2420 4495 ἐκείνῳ
2451 4424 2529 4492 τῷ
2560 4425 2723 4495 χώρῳ
2772 4427 3005 4481 ἐπιπολὺ
3040 4427 3342 4497 διατρίϐειν
3398 4429 3583 4482 εἴασεν
3613 4426 3640 4477 ό
3683 4420 3778 4473 τῶν

2216 4514 2516 4586 ὀρθοδόξων
2553 4517 2732 4585 μόνων
2766 4518 3030 4587 πολέμιος
3054 4534 3068 4550 ·
3102 4516 3220 4571 ἀλλ’
3248 4518 3324 4582 ὡς
3355 4519 3518 4591 τάχος
3543 4512 3778 4571 κάκεῖθεν

2217 4608 2447 4677 ἀφίστα,
2480 4607 2578 4659 καὶ⁵
2607 4606 2707 4678 τὴν
2761 4614 3090 4679 συναγωγὴν
3119 4610 3360 4682 διασπᾷν
3403 4610 3681 4681 ἐπειρᾶτο.
3720 4597 3776 4654 ’Π

2218 4699 2340 4754 θεία
2362 4700 2471 4753 τῶν
2499 4700 2886 4772 ὐποποιμένων
2910 4701 3143 4755 τουτωνὶ
3164 4701 3424 4773 ξυνωρὶς,
3449 4719 3517 4767 γυ
3527 4699 3781 4771 μνάζουσα

539 4806 759 4860 quoque
795 4799 1043 4858 tempore
1073 4790 1201 4845 inde
1231 4792 1398 4847 etiam
1441 4793 1702 4849 secedere
1735 4795 1948 4864 coegit,
1978 4811 2109 4851 con-

2223 4792 2323 4861 μὶν
2353 4786 2421 4864 ἦν
2450 4792 2511 4844 τὸ
2543 4784 2919 4862 πνευματικὸν
2954 4794 3116 4846 τοῦτο
3148 4794 3406 4862 ποίμνιον
3445 4793 3579 4861 πρὸς
3612 4788 3702 4857 τὴν
3734 4785 3782 4835 ὲν

542 4892 879 4950 ventumque
903 4897 1028 4936 eum
1068 4883 1283 4939 solvere
1314 4895 1478 4955 atque
1525 4884 1796 4954 dissipare
1820 4897 1904 4940 est
1949 4903 2118 4942 cona-

545 4981 655 5029 tus.
698 4972 956 5027 Sedenim
1014 4974 1258 5032 divinum
1292 4975 1528 5030 duorum
1581 4976 1814 5030 istorum
1846 4979 2118 5045 virorum,

545 5064 639 5131 qui
672 5079 772 5132 pro
802 5065 1113 5133 pastoribus
1137 5081 1252 5119 rem
1291 5064 1573 5137 gerebant,
1605 5080 1705 5134 par
1726 5105 1741 5129 ,
1777 5066 2120 5137 spiritualem

545 5172 783 5225 gregem,
805 5156 871 5209 ad
903 5157 952 5210 id
989 5159 1133 5227 quod
1163 5156 1455 5211 inChristo
1484 5157 1815 5223 estbellum,
1848 5159 2122 5228 exercuit,

548 5259 713 5316 atque
755 5248 844 5301 ubi
877 5249 1246 5317 pabulandum
1278 5255 1444 5309 esset,
1482 5249 1826 5303 monstravit.
1857 5249 1927 5305 Et
1953 5265 2122 5321 gene-

549 5342 710 5394 rosas
743 5340 966 5409 quidem
994 5340 1287 5399 Diodorus,
1327 5338 1551 5408 perinde
1577 5347 1741 5409 atque
1782 5341 2042 5410 praealtus
2072 5351 2128 5396 et

552 5430 857 5499 pellucidus
882 5431 1081 5494 multis,
1115 5430 1303 5485 divino
1338 5431 1563 5484 ﬂumine
1590 5445 1721 5486 suos
1752 5431 1982 5500 patavit.
2011 5431 2126 5487 Ad-

551 5537 744 5578 versus
775 5523 985 5578 alienos
1034 5535 1217 5577 autem
1283 5523 1663 5579 vehementius
1726 5540 1850 5580 cum
1917 5526 2127 5596 impetu

556 5628 744 5681 ruens,
801 5615 1085 5685 illegitima
1123 5613 1375 5684 dogmata
1402 5615 1565 5670 diluit
1609 5626 1662 5671 et
1697 5615 1985 5673 abolevit:
2017 5632 2128 5672 non

631 5790 949 5874 (ll‘Tbeod.
982 5789 1111 5845 eod.
1147 5804 1270 5856 cap.
1297 5789 1390 5855 Ἡ,
1420 5791 1511 5848 25.

2222 4881 2444 4953 Χριστῷ
2478 4882 2684 4955 μάχην,
2713 4882 2805 4937 καὶ
2891 4883 2956 4954 δὴ
2979 4883 3263 4955 νέμεσθαι,
3292 4882 3660 4936 ἐπεδείκνυον.
3690 4871 3783 4929 Καὶ

2224 4976 2252 5027 δ
2291 4976 2391 5045 μὲν
2423 4979 2669 5043 γενναῖος
2700 4977 2986 5047 Διόδωρος,
3024 4970 3113 5029 οἷά
3163 4994 3250 5040 τις
3293 4977 3543 5043 ποταμὸς
3579 4965 3783 5042 βαθυδί-

2229 5083 2331 5136 νης
2362 5067 2460 5120 καὶ
2507 5067 2892 5131 διειδέστατος,
2926 5068 2987 5120 τὸ
3020 5066 3160 5120 θεῖον
3189 5069 3339 5136 νᾶμα
3374 5070 3488 5128 τοῖς
3524 5062 3785 5132 σφετέροις

2228 5158 2480 5228 ἐπήγαγε
2508 5173 2522 5188 °
2556 5159 2815 5227 ῥαγδαῖος
2846 5158 2904 5211 δὲ
2959 5160 3075 5221 τοῖς
3110 5156 3419 5227 ἀλλοτρίοις
3472 5152 3695 5214 κατιὼν,
3733 5145 3789 5199 τὰ

2229 5250 2362 5304 νόθα
2398 5250 2507 5303 τῶν
2530 5250 2819 5318 δογμάτων
2856 5249 3125 5314 ἐπέκλυζε
3181 5253 3276 5303 καὶ
3326 5249 3584 5319 ἠφάνιζε,
3641 5244 3711 5314 μὴ
3737 5235 3787 5289 ’τὸ

2230 5341 2327 5395 τοῦ
2363 5343 2555 5409 γένους
2582 5341 2885 5411 περιφανὲς
2918 5343 3171 5411 οὐδαμῶς
3214 5343 3272 5394 ὲν
3305 5341 3454 5411 λόγῳ
3504 5338 3785 5405 τιθέμενος.

2233 5436 2416 5502 φίοων
2444 5434 2489 5485 δ’
2537 5428 2597 5485 εὖ
2640 5433 2786 5502 μάλα
2841 5433 2901 5485 τὸ
2936 5433 3169 5502 πάσχειν
3209 5433 3350 5502 ὑπὲρ
3398 5431 3497 5501 τῆς
3548 5430 3785 5481 πίστεως·

2231 5526 2530 5590 Φλαϐιανὺς
2576 5526 2632 5579 δὲ
2664 5529 2759 5579 καὶ
2799 5526 2960 5589 αὐτὸς
2989 5525 3099 5578 τῶν
3153 5524 3216 5580 εὖ
3262 5522 3567 5594 γεγονότων
3610 5517 3697 5579 ὣν,
3739 5509 3790 5559 τὸ

2238 5619 2459 5683 εὐσεϐὲς
2522 5618 2624 5689 τῆς
2678 5617 2959 5685 εὐγενείας
3020 5617 3338 5685 προύτίθει·
3388 5615 3484 5669 καὶ
3552 5606 3687 5667 καθά
3717 5619 3787 5663 τιν
