4056 6424
324 374 433 439 645

332 578 468 645 πρὸς
506 577 567 631 τὸ
620 579 767 649 ἱερὸν
794 579 892 648 τῆς
919 576 1206 639 εὐσεϐείας
1239 575 1538 630 πένταθλον
1562 592 1575 605 ⁸
1609 575 1667 639 ὃς
1700 574 1765 645 δὴ
1813 574 1908 627 καὶ

334 670 422 723 ἐπ’
453 669 752 742 ἐκκλησίας
777 670 1114 740 δημηγορεῖν
1144 669 1246 722 οὐκ
1301 664 1470 739 εἶχεν,
1508 667 1605 722 ἆτε
1636 668 1757 729 νέος
1809 664 1908 729 ὢν,

336 763 430 814 καὶ
471 761 641 830 μήπω
675 762 753 823 είς
782 761 1083 833 ἱερωσύνης
1119 761 1503 830 παραγγείλας
1537 759 1767 831 βαθμὸν.
1795 760 1910 812 Οὐκ

310 888 313 891 ς
342 851 634 920 ἐλαχίστην
673 852 857 919 μέντοι
893 854 1088 921 μοῖραν
1123 851 1345 919 εἰσῆγεν
1376 849 1784 920 ἐνθυμημάτων
1817 849 1912 903 καὶ

340 944 631 1013 γραφικῶν
652 944 941 1014 νοημάτων
953 944 1067 1006 τοῖς
1086 944 1243 996 τοῦτο
1258 936 1459 1012 δρῶσιν
1478 944 1542 995 ἐκ
1569 943 1908 1013 προτροπῆς.

335 1035 448 1090 Καὶ
478 1037 525 1086 οἱ
562 1034 660 1104 μὲν
685 1036 798 1098 τοῖς
833 1033 896 1100 ἐξ
922 1037 1139 1105 ’Λρείου
1176 1022 1476 1107 βλάσφημα
1512 1035 1764 1105 βάλλουσι
1790 1050 1915 1089 συν-

334 1134 434 1199 εχῆ
468 1130 597 1194 τόξα
626 1129 972 1183 κατέτεινον’
1010 1132 1038 1183 6
1087 1131 1143 1183 δὲ
1182 1131 1438 1201 καθάπερ
1490 1131 1551 1183 ἐκ
1586 1146 1732 1190 τινος
1765 1129 1915 1198 βελο-

344 1220 520 1291 θήκης
560 1220 593 1289 ἢ
627 1223 911 1293 φαρέτρας
951 1222 1051 1291 τῆς
1086 1225 1257 1292 σοφῆς
1312 1223 1554 1282 διανοίας
1598 1221 1807 1274 ἐκείνου
1847 1220 1917 1273 τὰ

343 1313 470 1384 βέλη
501 1313 610 1365 τῶν
637 1312 929 1383 νοημάτων
957 1316 1140 1367 πυκνὰ
1174 1313 1513 1385 προσέφερε.
1554 1313 1663 1366 Καὶ
1698 1312 1785 1365 ἐπ’
1821 1312 1913 1364 ἐκ·

341 1405 576 1476 κλησίας
612 1407 711 1476 μὲν
733 1405 916 1473 λέγειν
949 1407 1051 1461 οὐκ
1085 1401 1253 1477 εἶχεν,
1283 1406 1359 1468 ὡς
1391 1406 1613 1476 εἴρηται
1639 1421 1652 1434 ·
1690 1403 1832 1457 οἶκοι
1857 1402 1917 1456 δὲ

338 1502 433 1551 καὶ
456 1497 694 1566 δημοσίᾳ
724 1496 851 1559 τοὺς
909 1496 1196 1563 διαλόγους
1244 1494 1553 1563 τιθέμενος,
1599 1491 1698 1553 τὰς
1737 1489 1916 1560 ἄρκυς

337 1588 447 1641 τῶν
470 1586 883 1640 δυσσεϐούντων
912 1585 1132 1648 διέσπα,
1163 1585 1443 1655 ἀραχνίων
1477 1583 1601 1635 κατ’
1625 1580 1776 1634 οὐδὲν
1799 1578 1916 1634 δια-

342 1680 530 1752 φέρειν
560 1680 775 1741 δεικνὺς
799 1679 869 1734 τά
898 1678 952 1746 γ’
988 1678 1221 1740 ἐκείνοις
1241 1675 1616 1748 ἀναντίρρητα
1651 1670 1918 1728 δοκοῦντα

344 1772 452 1825 τῶν
480 1769 909 1842 προϐλημάτων.
1432 1786 1435 1787 ⁷

1264 370 1871 431 ECCLESIASTICJE
1912 370 2307 431 HISTORle
2337 371 2484 430 LIB.
2529 370 2636 429 XI.

333 486 693 558 ⁸παιδοτρίϐης
740 487 994 558 Διοδώρῳ
1045 486 1385 550 καθίστατο,
1430 483 1904 554 παραταττομένῳ

2024 483 2185 551 ungui
2220 481 2309 536 ille
2334 482 2551 552 generis
2582 478 2662 534 sui
2690 479 2940 549 praeclari
2973 480 3322 551 splendorem
3358 482 3595 555 faciens,
3689 479 3706 495 “’

3489 368 3595 433 616

2014 573 2333 645 οαιὶοιίοιιςε
2355 581 2534 627 autem
2565 579 2621 627 et
2671 587 2944 626 aerumnas
2968 589 3068 643 pro
3101 573 3207 629 ﬁde
3239 591 3346 630 non
3379 593 3600 646 gravate

2012 663 2218 718 ferens.
2264 663 2553 716 Flavianus
2607 676 2772 723 vero,
2816 662 2906 730 qui
2953 672 3008 715 et
3056 663 3173 732 ipse
3212 680 3275 718 ex
3310 665 3597 721 nobilitate

2014 764 2155 823 crat,
2174 772 2361 811 veram
2389 755 2645 824 pietatem
2670 756 2889 826 generis
2926 756 3157 811 claritati
3190 758 3351 828 longe
3379 769 3600 829 quoque

2015 850 2338 919 pra‘posuit.
2372 850 2423 903 is
2450 848 2616 905 veluti
2648 849 2869 920 quidam
2903 850 3318 920 Indimagistcr,
3359 851 3599 906 Diodoro

2015 940 2080 994 ad
2113 957 2330 996 sacrum
2365 941 2589 1011 pietatis
2624 943 3038 1013 quinquenium
3087 945 3357 1000 instructo
3387 944 3547 999 aﬂuit
3582 964 3595 998 :

2016 1033 2256 1102 atquein
2277 1036 2525 1089 ccclesiis
2550 1036 2768 1105 quidem
2800 1038 2891 1091 ille
2918 1038 3236 1092 concionari
3262 1054 3369 1092 non
3397 1040 3596 1106 potuit,

2016 1126 2161 1198 quod
2191 1128 2381 1197 junior
2409 1128 2591 1182 adhuc
2635 1138 2700 1183 ad
2740 1130 3036 1184 sacerdotii
3067 1132 3295 1199 gradum
3329 1147 3438 1185 non
3467 1148 3600 1186 con-

1981 1219 2324 1274 'scendisset
2361 1239 2374 1275 :
2414 1220 2511 1275 sed
2562 1237 2670 1277 non
2716 1222 3096 1292 paenitendum
3127 1225 3595 1294 enthymematum

2016 1324 2112 1365 seu
2148 1322 2624 1378 argumentorum,
2647 1323 2810 1381 atque
2840 1330 2906 1369 ex
2931 1314 3231 1384 Scripturis
3254 1316 3602 1386 deprompta-

2016 1416 2139 1455 rttm
2175 1402 2572 1457 sententiarum
2616 1414 2954 1459 momentum
2987 1406 3091 1470 eis,
3145 1407 3237 1475 qui
3282 1407 3332 1459 id
3358 1407 3599 1476 legitima

2017 1494 2410 1550 cohortatione.
2450 1497 2617 1551 exciti
2650 1497 2949 1565 faciebant,
3002 1500 3390 1569 suppeditavit.
3424 1501 3491 1554 Et
3522 1500 3602 1555 illi

2017 1584 2237 1667 quidem
2265 1586 2532 1642 adversus
2570 1589 2804 1645 Arianos
2829 1591 3155 1657 blaSphema
3198 1593 3367 1647 verba
3388 1592 3600 1661 jactan-

2019 1683 2126 1739 tes,
2151 1678 2409 1733 continue
2435 1694 2625 1735 areum
2659 1681 3019 1738 intendebant
3045 1701 3059 1737 :
3092 1684 3182 1737 hic
3213 1695 3398 1739 autem
3429 1686 3597 1741 veluti

2021 1781 2089 1823 ex
2131 1768 2386 1831 pharetra
2439 1773 2694 1841 quapiam
2722 1815 2735 1837 ,
2772 1774 2852 1828 sic
2888 1791 2952 1829 ex
2996 1777 3226 1845 sapienti
3259 1786 3443 1830 mente
3476 1792 3599 1837 sua.

350 1863 657 1934 frequentia
684 1860 1080 1917 sententiarum
1114 1862 1222 1918 tela
1251 1859 1728 1917 subministrabat.
1796 1858 1865 1913 Et
1894 1858 1950 1912 in
1992 1859 2249 1922 ecclesia.
2313 1864 2775 1932 quemadmodum
2821 1866 3081 1929 diximus.
3111 1867 3312 1924 docere
3356 1885 3462 1922 non
3501 1884 3602 1939 po-

351 1957 490 2014 tuit:
524 1957 674 2014 domi
709 1974 839 2013 vero
869 1970 927 2012 et
960 1957 1013 2012 in
1037 1958 1277 2029 publicis
1298 1956 1768 2027 disputationibus
1847 1953 2142 2023 impiorum
2209 1958 2344 2012 retia
2403 1959 2663 2029 disrupit,
2693 1971 2748 2017 et
2780 1963 2916 2016 nihil
2978 1964 3042 2018 ab
3107 1981 3431 2020 aranearum
3477 1966 3603 2021 telis

346 2051 571 2108 differre
600 2052 861 2120 ostendit,
888 2067 1026 2123 quas
1073 2052 1176 2122 ipsi
1230 2050 1637 2123 irrefragabiles
1661 2064 1784 2106 esse
1815 2047 2081 2118 putabant
2111 2053 2444 2121 quaestiones
2474 2067 2640 2127 atque
2666 2059 3100 2126 propositiones.

913 2171 1168 2225 ΚΕΦΑΛ.
1217 2170 1350 2224 KE'.

342 2266 484 2333 Περὶ
508 2263 627 2318 τῶν
654 2264 847 2317 ὁσίων
886 2261 1220 2333 Ἀφραὰτορ
1265 2261 1367 2316 καί
1413 2260 1788 2333 Ἰουλίαν-οὔ·
1838 2261 1920 2324 ὡς

412 2330 521 2399 τὰς
552 2336 622 2388 ἐν
641 2334 839 2404 ἐρήμῳ
857 2330 1144 2398 ,λιπόντες
1169 2330 1493 2401 διατριϐὰς,
1524 2330 1637 2398 τῆς
1657 2334 1920 2402 ποίμνης

412 2402 674 2473 Χριστοῦ
702 2402 1131 2472 ὑὲτερίσταντο.

416 2518 490 2571 Οὐ
524 2516 703 2588 μικρὰ
729 2517 787 2572 δὲ
831 2518 908 2588 τῷ
939 2516 1114 2585 ἀγῶνι
1158 2515 1374 2580 τούτοις
1406 2514 1714 2586 τηνικαῦτα
1749 2515 1919 2585 συνή-

344 2626 480 2679 ρατο
512 2609 607 2662 καὶ
632 2610 660 2663 6
679 2609 778 2679 τὴν
804 2608 1080 2662 πολιτείαν
1110 2608 1317 2671 ἐκεῖνος
1350 2607 1522 2672 πολὺς
1552 2607 1871 2678 Ἀφραάτης
1900 2621 1916 2638 ⁸

341 2693 404 2756 οὗ
429 2702 519 2755 τὸν
550 2700 664 2771 βίον
701 2702 796 2756 καὶ
827 2702 857 2755 6
894 2700 1060 2770 σοφὸς
1090 2699 1427 2771 Θεοδώριτος
1463 2701 1523 2755 ἐν
1553 2703 1621 2771 τῇ
1657 2700 1790 2770 παρ’
1821 2699 1921 2753 αὐ-

340 2793 437 2847 τοῦ
474 2793 858 2864 συγγραφείσῃ
911 2792 1082 2863 βίϐλῳ
1109 2792 1210 2862 τῆς
1240 2792 1490 2862 φιλοθέου
1541 2790 1785 2864 ίστορίας
1824 2811 1921 2847 συ-

341 2884 606 2955 νέγραψε.
646 2885 759 2961 βαι
790 2879 948 2948 οὗτος
987 2884 1097 2954 γὰρ
1122 2885 1223 2955 τῆς
1250 2884 1456 2956 ἡσύχου
1479 2884 1758 2955 διαγωγῆς
1784 2902 1921 2956 προ-

340 2976 584 3045 τιμήσας
634 2975 737 3046 τὴν
795 2974 1075 3045 σωτηρίαν
1107 2975 1205 3046 τῆς
1240 2974 1484 3045 Χριστοῦ
1521 2975 1778 3046 ποίμνης,
1816 2978 1918 3045 τὴν

341 3066 650 3138 ἀσκητικὴν
676 3065 921 3135 καλύϐην
943 3066 1127 3137 ἀφεὶς,
1158 3066 1260 3137 τῆς
1291 3067 1541 3138 μάνδρας
1594 3068 1919 3138 ἑπεμελείτο

341 3158 582 3227 Χριστοῦ
609 3176 625 3191 ·
691 3160 789 3213 καὶ
851 3159 1044 3227 ίδρῶσι
1083 3162 1438 3233 περιερρεῖτο
1490 3160 1756 3214 πάντοθεν
1789 3162 1918 3225 τοὺς

340 3253 540 3315 λύκους
565 3251 830 3311 ἐλαύνων.
864 3251 1012 3306 Ἀλλ’
1066 3252 1190 3314 ὅσος
1223 3254 1324 3322 μὲν
1350 3255 1378 3306 6
1406 3254 1506 3323 τῆς
1531 3255 1734 3324 ἀρετῆς
1764 3253 1916 3325 αύτῷ

342 3345 597 3411 πλοῦτος,
622 3343 719 3398 καὶ
746 3338 835 3397 οἷα
868 3343 1047 3397 ποιῶν
1096 3343 1242 3415 ὑπὲρ
1269 3344 1558 3416 ἄνθρωπον
1584 3347 1854 3414 ἐγεγόνει,
1881 3349 1915 3418 ὴ

1941 2167 1992 2227 Β

2573 2174 2801 2229 CAPUT
2841 2175 3010 2231 XXV.

2021 2261 2100 2317 De
2123 2275 2309 2336 sancto
2354 2266 2627 2336 Aphraate
2694 2279 2746 2323 et
2776 2269 2994 2325 Iuliano
3019 2289 3038 2328 :
3083 2280 3141 2326 ut
3174 2276 3520 2329 monasticam
3544 2278 3600 2330 in

2090 2335 2377 2415 solitudine
2406 2338 2571 2393 vitam
2600 2340 2981 2414 relinquentes,
3020 2360 3230 2415 gregem
3266 2344 3469 2400 Christi
3494 2348 3600 2401 sint

2095 2408 2276 2462 tutati.

2088 2519 2209 2573 Non
2241 2534 2435 2588 parum
2469 2536 2600 2575 vero
2641 2519 2720 2589 (Ι)
2758 2521 2865 2576 illis
2901 2531 3015 2578 tum
3065 2523 3121 2578 in
3149 2526 3452 2582 certamine
3501 2527 3607 2583 hoc

2020 2607 2144 2679 opis
2224 2626 2449 2681 quoque
2522 2612 2709 2687 attulit
2767 2613 2966 2685 insigni
3016 2615 3126 2670 vita
3175 2618 3470 2687 pra’clarns
3516 2620 3607 2675 ille

2017 2699 2345 2769 Aphraates.
2378 2719 2542 2774 quam
2586 2705 2805 2775 sapiens
2836 2706 3210 2765 Theodoritus
3234 2710 3287 2766 in
3322 2711 3607 2768 volumine

2018 2790 2117 2846 Dei
2166 2793 2471 2850 amantium
2524 2794 2770 2853 historias
2821 2800 3172 2871 conscripsit.
3210 2803 3345 2858 Nam
3396 2815 3455 2860 et
3504 2804 3598 2860 hic

2019 2887 2211 2956 quieto
2242 2888 2369 2944 vita:
2419 2889 2677 2946 instituto
2725 2893 2908 2962 gregis
2964 2894 3172 2950 Christi
3205 2896 3436 2952 salutem
3465 2913 3606 2968 pra:-

2020 2979 2148 3033 tulit
2176 2996 2188 3033 :
2217 2987 2274 3034 et
2307 2983 2671 3036 monasticum
2710 2983 3035 3053 relinquens
3061 2987 3418 3056 tuguriolum,
3447 2990 3606 3045 ovilis

2017 3070 2220 3125 Christi
2265 3087 2451 3127 curam
2509 3072 2706 3144 gessit,
2740 3082 2798 3129 et
2864 3076 3037 3130 multo
3076 3077 3327 3134 dililuens
3378 3080 3603 3145 sudore.

2016 3158 2178 3230 lupos
2211 3160 2455 3232 undique
2489 3163 2559 3219 ab
2594 3179 2693 3247 eo.
2722 3166 2943 3248 repulit.
2981 3167 3253 3224 Caeterum
3297 3186 3463 3240 quam
3516 3174 3604 3227 Io-

2019 3253 2216 3315 cuples
2242 3254 2447 3311 virtute
2482 3255 2651 3312 fuerit
2677 3300 2687 3322 ,
2717 3267 2775 3313 et
2803 3273 2926 3330 quae
2965 3274 3130 3330 supra
3164 3270 3385 3332 captum
3426 3263 3630 3320 benti--

2017 3345 2104 3400 nis
2134 3346 2346 3414 fecerit,
2386 3348 2547 3420 149
2587 3350 2634 3405 is
2674 3367 2838 3419 quem
2881 3352 3122 3409 diximus
3150 3354 3293 3413 liber
3350 3359 3606 3416 evolvere

342 3438 606 3509 εἰρημένη
641 3437 823 3509 βίϐλος
853 3437 932 3506 τῷ
963 3436 1277 3508 βουλομένῳ
1299 3438 1556 3508 δηλώσει.
1593 3438 1738 3507 Ἐγὼ
1767 3440 1826 3493 δὲ
1856 3439 1916 3492 ἓν

2020 3455 2143 3494 eum
2195 3442 2399 3496 volenti
2445 3443 2721 3499 ostendet.
2771 3444 2884 3517 Ego
2932 3462 3063 3503 vero
3132 3463 3302 3504 unum
3345 3451 3605 3522 quiddam

340 3531 453 3586 τῶν
484 3508 717 3595 ἐκείνου,
751 3529 780 3583 6
826 3531 1111 3599 προσῆκον
1138 3526 1284 3597 εἶναι
1310 3531 1519 3601 νομίζω
1561 3535 1629 3603 τῇ
1664 3533 1916 3606 παρούσῃ

2026 3533 2173 3588 illius
2237 3544 2487 3590 actorum
2533 3536 2663 3592 huic
2699 3537 2822 3592 loco
2870 3541 3371 3604 accommodatum.
3405 3560 3600 3601 recen-

342 3621 409 3690 δὴ
435 3617 816 3690 πραγματείᾳ,
864 3617 1022 3670 δώσω
1069 3617 1148 3686 τῷ
1190 3618 1356 3689 λόγῳ.
1391 3618 1654 3691 Ὀρόντης
1689 3624 1716 3673 6
1751 3639 1918 3675 ποτα-

345 3713 468 3781 μὸς,
501 3713 568 3766 ὲκ
596 3715 695 3781 μὲν
736 3710 911 3780 βορρᾶ
957 3711 1241 3783 παραρρεῖ
1264 3710 1333 3765 τὰ
1372 3713 1465 3766 ἐπὶ
1504 3717 1604 3785 τῆς
1640 3713 1916 3785 Ἀντιόχου

345 3804 628 3875 βασίλεια⁹
668 3804 798 3857 στοὰ
851 3804 908 3857 δέ
950 3821 1034 3867 τις
1077 3805 1317 3875 μεγίστη
1361 3806 1504 3858 κατὰ
1563 3806 1919 3878 μεσημϐρίαν

340 3894 607 3967 διώροφος
654 3896 1023 3969 ἀνεγήγερται
1073 3898 1152 3967 τῷ
1204 3898 1304 3967 τῆς
1365 3897 1572 3962 πόλεως
1616 3900 1914 3971 περιϐόλῳ,

306 3980 309 3981 ν
342 3988 575 4057 πύργοις
606 3986 832 4060 ὑψηλοῖς
877 3991 1226 4061 ἑκατέρωθεν
1271 3993 1633 4060 κοσμουμένη
1661 4007 1674 4021 ·
1708 3992 1915 4060 μεταξὺ

340 4082 401 4136 δὲ
438 4081 547 4135 τῶν
575 4080 867 4153 βασιλείων
916 4084 1083 4137 οίκων
1111 4085 1207 4137 καὶ
1247 4082 1344 4136 τοῦ
1393 4083 1645 4153 ποταμοῦ
1687 4084 1804 4146 ὁδός
1836 4086 1918 4149 τίς

342 4176 516 4240 ἐστιν,
551 4174 923 4244 ὑποδεχομένη
954 4177 1077 4239 τοὺς
1102 4177 1168 4228 ἐκ
1201 4178 1310 4229 τῶν
1344 4179 1522 4243 ἐκεῖσε
1550 4177 1787 4249 διιᾴντας
1812 4182 1920 4230 ’πυρ

341 4265 474 4331 λῶν,
503 4267 597 4319 καὶ
630 4267 709 4329 εἰς
743 4266 870 4329 τοὺς
909 4268 1159 4334 γείτονας
1195 4269 1459 4332 ἀστικούς
1502 4264 1709 4337 ἀγροὺς
1738 4285 1921 4340 παρα·

341 4363 659 4430 πέμπουσα.
693 4361 918 4433 Ταύτην
970 4362 1043 4432 δὴ·
1085 4362 1180 4431 τὴν
1210 4363 1329 4416 ὁδὸν
1378 4364 1406 4415 6
1448 4362 1751 4427 -θεσπέσιάς
1786 4381 1916 4418 ποτε

353 4453 671 4524 ’Δφραάτης
706 4452 824 4519 ίὼν,
862 4456 940 4521 εἰς
981 4456 1042 4508 τὸ
1090 4456 1186 4525 τῆς
1232 4456 1470 4519 πίστεως
1510 4456 1675 4528 ἀπῄει
1705 4456 1919 4526 γυμνά-

345 4562 477 4610 σιον,
508 4548 616 4609 τοῖς
637 4546 876 4617 Χριστοῦ
903 4548 1199 4619 προϐάτοις
1231 4547 1331 4619 τὴν
1364 4548 1753 4618 ἁρμόττουσαν
1801 4552 1919 4602 εἰσρ-

347 4638 503 4691 οίσων
559 4626 794 4709 τροφήν.
843 4641 939 4693 Ὃν
971 4640 1183 4694 ἄνωθεν
1206 4640 1460 4711 βασιλεὺς
1483 4642 1750 4711 παριόντα
1770 4641 1920 4711 ἑώρα

350 4730 441 4799 τῆς
475 4724 636 4792 στοᾶς
686 4731 1055 4802 ύπερκύπτων
1107 4732 1360 4804 (σισύραν
1419 4733 1530 4804 γὰρ
1581 4735 1915 4805 ἠμφίεστο)·

349 4822 441 4875 καὶ
484 4822 634 4891 βαθεῖ
688 4823 767 4893 τῷ
798 4825 948 4896 γήρα
1000 4825 1351 4896 πεπονηκὼς,
1398 4827 1595 4881 θᾶττον
1650 4826 1917 4898 διέτρεχε.

346 4909 501 4974 me;
547 4910 594 4963 δ’
641 4912 893 4974 εἰπόντος
937 4912 1015 4982 τῷ
1078 4912 1309 4984 βασιλεῖ,
1363 4915 1573 4967 ἐκεῖνον
1628 4910 1770 4972 εἶναι
1827 4917 1940 4970 τὸνσ

358 5003 697 5074 ’Δφραάτην,
733 5001 947 5067 οὗτινος
975 5005 1035 5057 τὸ
1056 5005 1153 5071 τῆς
1182 5005 1390 5069 πόλεως
1415 5005 1659 5075 ἐξέχεται
1692 5006 1917 5077 πλῆθος,

345 5097 373 5146 6
406 5093 684 5163 βασιλεὺς,
735 5112 754 5148 ι
794 5095 911 5169 ,Ποῦ
938 5096 1004 5166 δὴ
1049 5096 1329 5167 βαδίζεις;
1364 5097 1572 5152 ἄνωθεν
1598 5097 1788 5169 ἠρώτα
1826 5099 1920 5152 τὸν

346 5189 511 5242 ὅσιον.
551 5207 569 5239 ι
618 5188 678 5241 Ὀ
709 5168 804 5255 δὲ,⁸
833 5207 852 5241 ι
892 5188 1064 5259 Ὑπὲρ
1112 5189 1212 5259 τῆς
1250 5190 1353 5260 σῆς
1406 5168 1706 5260 βασιλείας,
1760 5195 1918 5260 φησὶ,

234 5300 246 5308 ε
346 5278 806 5348 προσευξόμενος.
852 5298 872 5332 ι
904 5281 1013 5335 Καὶ
1045 5284 1074 5335 6
1107 5281 1387 5349 βασιλεὺς,
1426 5301 1445 5333 ι
1484 5282 1629 5335 Ἀλλ’
1658 5284 1826 5354 ἐχρῆν
1857 5301 1914 5337 σε

346 5371 535 5437 νόμοις
564 5370 830 5440 ἑπόμενον
884 5373 1162 5442 μοναχῶν,
1195 5372 1338 5426 οίκοι
1379 5375 1584 5443 μένειν,
1616 5376 1709 5427 καὶ
1737 5374 1919 5444 ἡσυχῆ

345 5455 664 5525 καθήμενον
718 5457 879 5511 τοῦτο
929 5458 1082 5530 δρᾷν.
1133 5479 1152 5512 ι
1198 5461 1255 5515 ‘0
1300 5460 1358 5514 δὲ
1410 5461 1554 5527 θεῖος
1605 5462 1922 5533 πρεσϐύτης

348 5549 531 5619 σοφῶς
564 5550 708 5621 μάλα
735 5553 1006 5622 ἐπέφερεν
1026 5570 1038 5585 ·
1081 5572 1098 5605 ι
1132 5550 1227 5618 Εὖ,
1264 5555 1422 5625 φησὶ,
1454 5556 1656 5626 λέγεις,
1686 5549 1730 5609 ὦ
1761 5555 1923 5626 βασι-

346 5644 465 5710 λεῦ,
496 5645 655 5700 τοῦτό
702 5664 770 5718 με
821 5648 953 5719 δρᾷν
984 5647 1114 5714 ἔδει,
1147 5646 1242 5700 καὶ
1274 5647 1431 5702 τοῦτο
1461 5647 1734 5703 διετέλουν
1755 5647 1924 5717 πράτ-

423 5826 504 5900 (1)
544 5824 752 5883 Theod.
781 5841 902 5896 cap.
931 5823 1022 5883 26.

2025 3626 2253 3681 sendum
2314 3626 2370 3681 in
2424 3643 2590 3697 opere
2641 3628 2748 3685 hoc
2797 3630 2951 3687 duxi.
3003 3632 3239 3690 Orontes
3276 3633 3476 3691 ﬂuvius
3530 3638 3602 3693 ab

2023 3718 2345 3789 Aquilonari
2412 3731 2569 3790 parte
2598 3726 2601 3731 '
2630 3722 2973 3791 imperialcm
3021 3726 3327 3784 Antiochiae
3381 3729 3603 3785 domum

2026 3814 2451 3882 praeterlabitur.
2499 3816 2755 3873 Porticus
2818 3827 3003 3874 autem
3062 3820 3312 3889 quaedam
3368 3823 3602 3878 maxima

2026 3907 2262 3962 duorum
2290 3908 2616 3975 culminum,
2652 3911 2705 3963 in
2747 3921 2904 3979 parte
2944 3912 3294 3968 meridionali
3350 3915 3418 3970 ad
3451 3915 3604 3970 urbis

2026 4001 2251 4061 mmnia.
2275 4000 2516 4070 prtelatis
2545 4003 2793 4058 turribus
2836 4013 3066 4074 utraque
3103 4021 3169 4060 ex
3209 4017 3364 4077 parte
3388 4011 3605 4077 conspi-

2025 4109 2148 4154 cua.
2176 4104 2259 4149 est
2289 4104 2590 4151 exstructa.
2614 4097 2760 4150 Inter
2788 4099 3100 4169 imperiales
3125 4100 3272 4156 aedes
3299 4111 3358 4156 et
3385 4091 3601 4158 amnem

2024 4186 2114 4239 via
2150 4192 2256 4250 est,
2280 4201 2400 4255 qua:
2433 4200 2531 4254 per
2558 4194 2768 4254 portam
2804 4203 2926 4256 quae
2958 4187 3127 4244 isthic
3148 4197 3253 4252 est.
3282 4202 3479 4247 euntes
3501 4210 3601 4248 ex-

2025 4278 2258 4346 cipiens,
2283 4277 2339 4330 in
2369 4277 2583 4332 vicinos
2617 4277 2965 4331 suburbanos
2994 4293 3157 4347 agros
3190 4280 3430 4337 deducit.
3450 4284 3603 4342 Hanc

2026 4367 2171 4421 viam
2200 4366 2496 4435 aliquando
2523 4366 2685 4420 divus
2709 4365 3000 4421 insistebat
3023 4367 3348 4434 Aphraates,
3371 4372 3436 4425 ad
3472 4372 3597 4429 ﬁdei

2025 4457 2372 4530 gymnasium
2397 4458 2597 4522 iturus,
2623 4467 2679 4513 et
2716 4457 2911 4514 ovibus
2930 4456 3134 4512 Christi
3167 4473 3477 4529 congruens
3504 4480 3601 4532 pa-

2026 4549 2216 4604 bulum
2268 4549 2558 4604 allaturus.
2598 4548 2738 4602 Eum
2785 4563 2817 4602 e
2857 4546 3142 4617 superiore
3190 4549 3313 4604 loco
3359 4553 3604 4619 porticus

2029 4650 2382 4712 prospectans
2432 4640 2734 4710 imperator
2798 4637 2984 4697 vidit:
3051 4639 3226 4712 sisyra
3274 4641 3443 4703 enim.
3504 4658 3599 4697 seu

2025 4742 2177 4789 veste
2208 4747 2275 4786 ex
2300 4731 2485 4786 ovium
2516 4731 2726 4786 villosis
2767 4729 3007 4795 pellibus
3037 4740 3268 4785 consuta
3294 4771 3309 4795 ,
3345 4732 3599 4795 amictus,

2026 4834 2082 4880 et
2111 4824 2268 4880 senio
2302 4824 2477 4893 multo
2504 4821 2810 4885 confectus,
2842 4824 3078 4909 celerius
3103 4832 3281 4878 tamen
3319 4827 3598 4880 currebat.

2018 4919 2094 4973 Et
2121 4916 2345 4987 quidam
2380 4915 2719 4984 imperatori,
2745 4916 2893 4970 hunc
2926 4932 3048 4971 esse
3074 4916 3401 4985 Aphraatem
3424 4917 3600 4981 illum.

2026 5025 2093 5065 ex
2122 5025 2232 5078 quo
2280 5009 2450 5064 totius
2481 5008 2634 5063 urbis
2682 5007 2980 5063 multitudo
3025 5007 3308 5075 penderet,
3346 5008 3503 5063 dixit.
3539 5011 3604 5065 Et

2025 5103 2120 5159 ille
2152 5118 2182 5158 e
2212 5102 2427 5172 porticu
2458 5101 2643 5155 virum
2688 5110 2941 5156 sanctum
2983 5102 3331 5170 interrogans
3366 5119 3379 5155 :
3410 5121 3427 5151 ι
3453 5101 3605 5168 Quo-

2024 5209 2148 5248 nam
2175 5234 2190 5259 ,
2249 5192 2469 5262 inquit,
2510 5192 2706 5247 vadis?
2732 5210 2751 5244 ι
2805 5191 2985 5263 Atque
3032 5192 3336 5262 Aphraates
3364 5231 3380 5256 ,
3442 5213 3460 5245 ι
3498 5194 3603 5249 Pro

2022 5284 2258 5354 imperio
2291 5291 2384 5337 tuo
2414 5291 2759 5353 precaturus,
2786 5301 2805 5334 ι
2838 5282 3142 5353 respondit.
3184 5301 3203 5335 ι
3235 5283 3420 5355 Atqui,
3446 5284 3603 5363 »ρὶιη-

2024 5387 2247 5447 perator
2313 5374 2520 5443 intulit,
2558 5392 2579 5426 ‹
2612 5374 2761 5429 domi
2791 5383 2863 5440 te,
2887 5374 2983 5444 qui
3009 5374 3158 5445 leges
3204 5373 3603 5429 monachorum

2028 5464 2299 5535 sequeris,
2336 5478 2595 5527 manere,
2646 5463 2833 5534 ibique
2861 5463 3050 5534 quiete
3077 5463 3456 5518 considentem
3502 5463 3606 5518 hoc

2029 5556 2213 5614 facere
2259 5557 2526 5629 oportuit.
2567 5575 2585 5611 ι
2642 5557 2784 5612 Tum
2829 5556 3053 5613 divinus
3115 5571 3285 5612 senex
3342 5571 3604 5626 perquam

2031 5649 2308 5721 sapienter
2336 5647 2454 5707 ait:
2489 5667 2508 5702 t
2529 5648 2701 5706 Recte
2737 5659 2792 5706 tu
2820 5649 3069 5721 quidem,
3099 5663 3133 5705 ο
3174 5650 3493 5720 imperator,
3517 5647 3607 5704 di-
