4056 6440
513 311 619 379 647

1739 307 2161 372 NICEPIIORI
2195 305 2548 372 CALL'STI

3641 315 3734 381 διι

519 427 599 481 cis
623 439 711 481 me
740 423 795 480 id
825 421 1007 480 facere
1027 422 1234 479 debere
1265 441 1279 478 :
1305 422 1661 491 {acturusque
1704 417 1757 474 id
1799 419 1938 474 adeo
1964 435 2098 474 con-

2209 437 2336 485 των,
2365 423 2422 473 ἐν
2454 419 2648 489 είρήνη
2685 415 2796 471 τῶν
2826 415 3065 486 Χριστοῦ
3099 417 3431 490 ορεμμάτων
3476 428 3736 493 μενόντων.

521 528 732 578 stanter
783 519 993 573 fueram
1019 559 1034 579 ,
1065 519 1108 572 si
1164 533 1265 587 pax
1312 515 1520 572 Christi
1553 514 1752 570 ovibus
1789 520 1954 570 esset.
1989 512 2098 568 Sed

523 629 648 669 cum
676 614 845 666 multa
873 609 1380 681 qumdam'insanim
1415 609 1591 678 caligo
1627 605 1746 662 loca
1777 605 1961 660 omnia
2001 619 2098 659 oc-

525 705 762 774 cuparit,
813 713 869 758 et
914 703 1187 756 maximus
1235 701 1462 766 insuper
1483 700 1746 768 subrepat
1791 698 1980 760 timor,
2031 709 2100 750 ne

524 796 766 866 plurimo
797 792 1121 848 imminente
1145 790 1414 861 periculo.
1452 805 1482 843 a
1511 789 1641 844 feris
1661 803 1795 843 oves
1827 787 2103 842 dilanien-

528 893 638 945 tur,
689 881 989 937 necessitas
1019 881 1152 935 mihi
1179 893 1400 948 quoque
1440 877 1736 944 incumbit,
1761 888 1822 931 ut
1855 879 2099 948 vigilem,

525 988 860 1044 omnemque
894 975 1079 1028 l‘unetn
1123 987 1371 1026 moveam
1395 1012 1410 1035 ,
1446 987 1516 1025 ne
1544 971 1688 1040 quod
1721 983 1852 1041 grex
1895 972 2100 1027 Christi

524 1069 707 1136 capiat
769 1067 1184 1122 detrimentum.
1235 1068 1345 1132 Age
1376 1063 1562 1126 enim,
1599 1080 1632 1117 o
1679 1063 1996 1132 imperator,
2053 1063 2098 1115 si

529 1163 710 1232 puella
739 1176 918 1215 essem
970 1159 1118 1213 domi
1153 1159 1206 1211 in
1253 1157 1500 1213 conclavi
1534 1157 1740 1212 abdita.
1788 1157 1938 1212 fusos
1987 1172 2101 1210 ma-

524 1257 688 1312 nibus
718 1263 982 1315 tractans,
1005 1261 1057 1305 et
1100 1251 1398 1304 laniﬁcium
1439 1263 1618 1303 meum
1662 1263 1864 1302 curans
1894 1289 1908 1311 ,
1936 1259 2101 1318 atque

523 1347 782 1403 alicunde
810 1345 994 1399 subito
1025 1343 1400 1410 conspicerem
1438 1339 1710 1394 ﬂammam
1747 1349 2013 1402 exortam,
2047 1347 2104 1395 et

527 1440 679 1495 omni
721 1454 789 1492 ex
813 1448 966 1507 parte
999 1444 1238 1505 paterna:
1281 1433 1466 1488 domui
1501 1433 1909 1495 circumfusam,
1953 1432 2102 1487 laede

527 1532 787 1588 incendio
841 1545 960 1584 eam
1006 1527 1227 1596 jamjam
1285 1534 1758 1594 consumpturam,
1819 1523 1949 1578 nnid
2015 1538 2102 1579 me

528 1624 713 1678 facere
742 1618 1066 1690 Oporteret?
1095 1619 1215 1679 die,
1247 1626 1298 1671 te
1356 1633 1455 1686 per
1479 1617 1646 1669 Deum
1689 1630 1810 1670 oro.
1839 1615 2104 1670 Utrumne

531 1730 618 1767 me
666 1713 746 1767 sic
806 1710 1021 1768 sedere.
1077 1717 1133 1762 et
1170 1717 1393 1776 penates
1443 1705 1650 1775 patrios
1702 1703 2103 1773 conﬂagrantes

533 1807 838 1874 despicere,
873 1804 1160 1872 ignemque
1197 1808 1608 1868 proserpentem
1643 1805 1998 1866 exspectare:
2033 1812 2100 1850 an

532 1898 776 1955 conclavi
803 1897 984 1950 statim
1015 1895 1225 1958 relicto,
1256 1906 1472 1945 sursum
1500 1897 1555 1944 et
1575 1890 1831 1943 deorsum
1857 1903 2102 1950 currere.

529 2006 726 2061 aquam
787 1990 842 2042 in
897 1987 1154 2041 manibus
1225 1983 1460 2046 habere,
1508 1993 1565 2036 et
1615 1979 1793 2034 modis
1847 1978 2106 2032 omnibus

529 2083 799 2137 ﬂammant
830 2080 1175 2148 exstinguere
1238 2074 1422 2129 conari
1463 2071 1788 2142 oporteret?
1823 2069 2104 2140 1503;1-

529 2175 600 2228 tis
632 2187 762 2227 sane
793 2170 930 2236 scio,
981 2169 1262 2223 dicturmn
1297 2175 1370 2229 te,
1403 2164 1714 2218 faciendum
1769 2163 1902 2216 mihi
1957 2176 2104 2222 esse,

526 2265 674 2336 quod
701 2273 760 2319 et
795 2261 1003 2332 sagacis
1031 2272 1287 2328 sanaeque
1343 2256 1545 2312 mentis
1578 2256 1758 2325 puella
1799 2254 2024 2311 faceret.
2047 2253 2104 2309 Id

531 2361 708 2428 ipsum
766 2371 898 2410 vero
951 2367 1100 2407 nunc
1148 2363 1371 2421 quoque
1438 2349 1556 2404 ﬂeri
1587 2347 1792 2404 debere
1825 2349 2103 2404 existimo.

527 2451 665 2506 Cum
685 2459 741 2503 tu
767 2447 914 2502 enim
941 2444 1096 2514 quasi
1139 2443 1346 2497 fulmen
1390 2440 1666 2512 quoddam
1720 2441 1777 2496 in
1821 2449 2104 2511 paternam

531 2545 758 2599 domum
806 2549 1051 2594 nostram
1115 2535 1377 2590 incideris
1404 2574 1420 2599 ,
1453 2545 1510 2590 et
1539 2535 1813 2589 veriorem
1845 2533 2104 2602 pietatem

531 2651 749 2691 omnem
784 2633 908 2705 igne
936 2641 1116 2684 vastes
1137 2673 1152 2698 ,
1193 2629 1549 2698 undiquaque
1576 2627 2104 2690 circnmcursamus,

528 2732 800 2785 ﬂammam
828 2726 1151 2797 gliscentem
1173 2724 1524 2789 exstinguere
1567 2729 1903 2788 satagentcs.
1938 2739 1956 2772 ι
1980 2719 2107 2775 Hmc

530 2822 751 2893 quidem
790 2821 880 2873 ille
909 2817 1072 2873 dixit.
1093 2817 1398 2885 imperator
1422 2823 1605 2868 autem
1635 2813 1700 2868 ad
1725 2815 1899 2868 minas
1931 2830 2107 2884 usque

529 2929 872 2988 progressus,
918 2912 1082 2966 silere
1113 2925 1238 2964 cum
1265 2908 1464 2980 coegit.
1499 2907 1574 2961 Ex
1601 2908 1958 2962 cubiculariis
1997 2925 2100 2962 au-

530 3017 637 3061 tem
669 3005 1016 3075 imperatoris
1054 3000 1296 3070 quidam,
1333 2999 1427 3068 qui
1458 3008 1706 3054 sanctum
1749 2999 1934 3054 virum
1975 3016 2106 3070 pro.

527 3110 650 3172 pter
675 3099 840 3155 animi
873 3098 1234 3151 temeritatem
1268 3093 1487 3163 gravius
1522 3102 1876 3158 tractaverat,
1903 3094 1956 3147 in
1990 3095 2105 3147 hal-
2131 3114 2175 3177 ο

526 3211 688 3250 neum
715 3191 1002 3248 cenlcstim
1046 3189 1346 3257 ingressus,
1387 3198 1450 3241 ut.
1494 3186 1729 3256 principi
1767 3186 2097 3242 lavationem

527 3291 886 3356 praepararet,
923 3289 1104 3335 mente
1126 3288 1341 3348 captus,
1384 3287 1439 3333 et
1462 3281 1515 3332 in
1539 3279 1744 3333 calidas
1770 3294 1939 3348 aquas
1955 3278 2104 3332 dela-

526 3395 683 3449 psus,
718 3377 794 3430 ibi
837 3375 1001 3428 vitam
1044 3374 1242 3428 ﬁnivit.
1307 3373 1609 3442 imperator
1650 3373 1970 3442 aliquandiu
2013 3387 2106 3425 ex-

527 3478 804 3538 spectans,
830 3473 886 3521 et
913 3464 1125 3518 extrahi
1153 3480 1218 3519 ea
1255 3478 1408 3517 mora
1441 3473 1658 3532 tempus
1685 3479 1949 3534 querens,
1981 3463 2106 3516 aliis

526 3574 752 3614 causam
781 3558 901 3630 ejus
941 3557 1019 3610 rei
1060 3555 1374 3624 inquisitam
1413 3555 1516 3609 sibi
1550 3555 1869 3609 renuntiare
1897 3568 2106 3625 praece-

530 3651 628 3720 pit.
664 3648 768 3715 Qui
799 3664 922 3702 cum
949 3661 1016 3702 eo
1043 3646 1346 3711 venissent,
1379 3656 1436 3700 et
1464 3648 1646 3701 omnia
1679 3648 2104 3716 circumspexis-

528 3749 674 3806 sent,
688 3739 837 3792 illum
862 3738 915 3790 in
935 3735 1130 3790 calidis
1146 3735 1310 3789 undis
1329 3746 1502 3791 morte
1527 3737 1720 3806 frigida
1757 3748 2101 3808 peremptum

530 3839 873 3901 repererunt.
923 3831 1080 3897 Quod
1138 3832 1231 3887 ubi
1280 3831 1580 3900 imperator
1639 3831 1920 3900 cognovit,
1964 3844 2105 3899 opus

529 3924 585 3978 id
617 3924 838 3994 quidem
873 3925 1192 3994 petulantia,
1236 3924 1528 3994 Aphraataa
1549 3933 1739 3978 sancto
1767 3924 1931 3978 illatae
1959 3923 2105 3994 inju-

529 4021 628 4088 riaa
677 4029 734 4074 et
771 4019 1124 4074 contumeliae
1165 4033 1310 4084 esse,
1342 4028 1490 4075 recte
1521 4017 1822 4073 arbitratus
1849 4023 1974 4071 est:
2035 4015 2105 4071 de

527 4113 696 4184 impio
747 4125 929 4167 autem
997 4112 1251 4183 dogmate
1311 4113 1609 4177 eumdem,
1662 4113 1815 4180 juxta
1863 4109 2104 4166 indurati

527 4207 712 4261 cordis
769 4207 1133 4270 Pharaonem,
1178 4205 1410 4261 retinuit
1466 4206 1735 4258 animum.
1760 4203 1829 4259 Et
1879 4203 2104 4274 perinde

527 4308 690 4367 atque
733 4297 962 4352 fulmine
992 4297 1205 4352 aﬂlatus
1234 4307 1290 4351 et
1327 4297 1598 4351 attonitus
1637 4295 1937 4365 imperator
1958 4334 1973 4360 ,
1999 4294 2104 4350 mi-

525 4391 713 4444 raculo
763 4405 830 4444 eo
877 4390 1052 4460 magis
1074 4391 1242 4445 etiam
1282 4398 1367 4442 est
1395 4397 1586 4442 contra
1618 4403 1806 4443 veram
1837 4389 2100 4460 pietatem

527 4483 853 4538 concitatus.
888 4482 1092 4536 Eadem
1141 4488 1467 4550 tempestate
1499 4480 1644 4536 idem
1676 4479 1822 4550 quod
1857 4481 2102 4550 Aphraa-

2219 4481 2430 4550 Ἀρείου
2475 4479 2621 4548 λέγω
2669 4481 3000 4551 φρονοῦντες
3017 4523 3031 4547 ,

525 4583 626 4639 tes,
660 4575 956 4644 plurimum
988 4573 1246 4628 laudatus
1275 4572 1365 4626 ille
1396 4572 1650 4626 Julianus
1670 4571 1818 4628 fecit;
1849 4573 1982 4628 Nam
2014 4573 2108 4627 hic

523 4679 743 4733 quoque
774 4661 1075 4717 solitudine
1115 4661 1305 4715 relicta
1328 4701 1343 4724 ,
1375 4661 1726 4717 Antiochiam
1761 4665 1932 4718 venit.
1965 4663 2102 4719 Cum

523 4756 670 4810 enim
697 4755 968 4810 mendacii
1002 4753 1264 4816 artifices,
1299 4753 1486 4809 Ariani
1520 4754 1769 4825 inquam,
1803 4771 1902 4825 per
1947 4771 2104 4828 syco-

525 4847 806 4917 phantiam
862 4846 1044 4900 virum
1094 4855 1346 4900 sanctum
1403 4846 1692 4902 traducere
1745 4857 2101 4909 conarentur,

527 4939 692 4992 veluti
745 4937 1003 4992 factionis
1046 4951 1237 4990 eorum
1291 4948 1459 5001 esset,
1507 4947 1564 4993 et
1607 4939 1846 5010 dogmati
1901 4938 2105 4993 Ariano

523 5032 864 5086 consentiret
899 5046 912 5083 :
958 5029 1286 5094 Flavianus,
1320 5029 1594 5084 Diodorus
1620 5072 1634 5094 ,
1674 5041 1729 5085 et
1774 5031 2104 5101 Aphraatcs,

2215 513 2366 565 Ἐπεὶ
2395 512 2452 564 δὲ
2481 511 2654 581 πολλή
2685 527 2772 575 τις
2804 512 2863 564 τδ
2892 513 3000 566 πᾶν
3043 513 3263 583 κατέχει
3297 515 3636 585 σκοτόμαινα,
3661 524 3741 576 καὶ

2201 606 2319 670 δέος
2348 607 2584 679 ὑφέρπει
2619 605 2896 672 πλεῖστον,
2939 605 3016 676 μὴ
3049 605 3362 678 θηριάλωτα
3401 609 3635 680 γένηται,
3661 631 3745 683 με-

2202 699 2391 766 γίστου
2425 699 2817 769 ἐπηρτημένου
2849 698 3122 756 κινδύνου.
3155 699 3372 771 ἀνάγκη
3395 701 3535 771 κάμέ
3566 719 3744 774 γρηγο-

2203 794 2340 861 ρείν,
2372 793 2468 846 καὶ
2503 793 2682 847 πάντα
2726 789 2910 848 κάλων
2942 794 3140 857 κινεῖν,
3179 792 3462 864 ἀλώϐητον
3505 796 3746 849 διασῶσαι

2202 885 2302 954 τὴν
2335 885 2574 956 ποίμνην
2620 881 2888 956 Χριστοῦ.
2916 883 3064 956 ’Δρα
3096 887 3229 958 γὰρ,
3279 879 3324 940 ὧ
3382 885 3615 956 βασιλεῦ,
3645 887 3746 956 εἴγε

2209 979 2349 1047 κόρη
2383 995 2468 1041 τις
2491 979 2792 1049 ἐτύγχανον
2821 978 2918 1044 ὢν,
2953 980 3095 1032 οἴκοι
3125 995 3184 1031 τε
3218 979 3312 1032 καὶ
3342 979 3477 1048 πρὸς
3528 978 3748 1048 θάλαμον

2203 1071 2590 1140 κεκρυμμένη,
2625 1070 2716 1122 καὶ
2754 1071 2891 1140 πρὸς
2926 1071 3196 1140 ἄτρακτον
3239 1071 3519 1140 ἐρείδουσα
3558 1074 3746 1142 χεῖρας,

2203 1161 2300 1214 καὶ
2320 1161 2420 1231 τῆς
2445 1161 2652 1224 οἰκείας
2682 1160 2946 1224 ταλασίας
2971 1160 3290 1214 καθεστῶσα
3317 1163 3398 1224 είς
3419 1157 3719 1231 ἐπιμέλειαν
3735 1177 3746 1191 ο

2203 1249 2327 1306 εἷτά
2373 1253 2542 1306 ποθεν
2573 1252 2840 1322 ἐξαπίνης
2881 1252 3056 1320 φλόγα
3108 1250 3528 1322 προσπεσοῦσαν
3561 1250 3748 1320 ἐώρων,

2203 1341 2302 1412 τὴν
2352 1341 2617 1414 πατρῴαν
2666 1343 2846 1395 οἰκίαν
2891 1342 3207 1412 ἁπανταχοῦ
3259 1341 3630 1410 περιθέουσαν,
3671 1341 3752 1392 καὶ

2205 1436 2678 1506 κατεπειγομένην
2732 1437 3110 1507 ἀπηνέστερον
3151 1435 3419 1504 δαπανᾷν,
3450 1435 3501 1486 τί
3542 1451 3606 1502 με
3635 1433 3750 1503 δρᾷν

2205 1528 2333 1592 ἔδει,
2384 1527 2509 1582 είπέ
2562 1529 2700 1598 πρὸς
2731 1528 2868 1582 Θεοῦ
2896 1543 2911 1591 ;
2937 1521 3066 1597 Ἆρ’
3089 1527 3254 1600 ἐχρῆν
3281 1528 3454 1597 ἡσυχῆ
3481 1525 3750 1594 καθῆσθαι,

2205 1621 2300 1674 καὶ
2327 1620 2428 1691 τὴν
2467 1623 2746 1692 πατρικὴν
2778 1621 2968 1674 ἑστίαν
3006 1619 3181 1684 οὕτως
3210 1620 3631 1690 ἐμπιπραμένην
3665 1636 3753 1670 περ

2210 1709 2421 1780 ριορᾷν,
2459 1710 2555 1762 καὶ
2581 1710 2643 1762 τὸ
2675 1710 2787 1780 πῦρ
2815 1710 2987 1780 ἕρπον
3030 1710 3364 1780 προσμένειν
3386 1726 3399 1739 ·
3430 1709 3461 1775 ἦ
3488 1709 3577 1761 τδν
3607 1707 3752 1759 θάλα-

2211 1817 2310 1869 μον
2339 1799 2608 1853 λιποῦσαν
2638 1800 2822 1866 εὐθὺς,
2854 1801 2968 1855 ἀνω
3013 1802 3107 1854 καὶ
3166 1799 3321 1854 κάτω
3371 1796 3588 1870 χωρεῖν,
3628 1796 3754 1863 ὕδωρ

2211 1895 2348 1960 μετά
2383 1894 2572 1961 χεῖρας
2613 1892 2866 1962 ἔχουσαν,
2918 1894 3013 1947 καὶ
3062 1894 3227 1946 παντὶ⁷
3271 1895 3460 1964 τρόπῳ
3503 1890 3756 1944 σϐεννύειν

2209 1985 2502 2052 πειρᾶσθαι
2526 1984 2627 2055 τὴν
2650 1985 2825 2054 φλόγα
2853 2004 2867 2051 ;
2903 1981 3039 2040 Οἶδα
3084 1985 3327 2049 πάντως,
3368 1985 3526 2038 τοῦτο
3557 1986 3707 2052 ἐρεῖς,
3734 1983 3757 2033 ὃ

2207 2078 2302 2130 καὶ
2338 2077 2475 2146 κόρη
2525 2079 2808 2147 ἀγχίνους,
2847 2081 2942 2132 καὶ
2995 2080 3195 2150 φρενὸς
3247 2079 3439 2146 ὑγιοῦς
3468 2081 3756 2132 ἀντιποιου-

2213 2169 2376 2239 μένη,
2398 2171 2628 2240 ἔδρασεν
2655 2171 2722 2224 ἀν
2743 2189 2758 2204 ·
2786 2171 2813 2224 ὃ
2837 2171 2992 2239 κάγὼ
3021 2171 3228 2239 νομίζω
3254 2159 3381 2241 ἀρτι
3411 2169 3754 2240 χρῆναιδρᾷν.

2209 2261 2312 2316 Σοῦ
2347 2264 2456 2332 γὰρ
2486 2258 2577 2316 οἷά
2603 2281 2752 2326 τινος
2781 2264 3053 2332 κεραυνοῦ
3086 2265 3177 2317 ἐπὶ
3202 2266 3302 2333 τὴν
3334 2265 3590 2336 πατρῴαν
3619 2263 3756 2333 ἡμῶν

2208 2358 2389 2412 οίκίαν
2412 2357 2896 2426 κατασκήψαντος,
2935 2356 3117 2409 καὶτὸ
3170 2357 3398 2427 σύμπαν
3448 2356 3755 2427 πυρπολοῦν-

2207 2469 2300 2514 τος
2333 2450 2433 2520 τῆς
2487 2449 2792 2513 εὐσεϐείας,
2843 2448 3164 2518 ἁπανταχοῦ
3211 2451 3540 2519 περιθέομεν
3571 2449 3628 2502 τὺ
3671 2447 3755 2514 τῆς

2210 2541 2407 2612 φλογὸς
2434 2540 2686 2610 ἀκμάζον
2711 2541 2903 2595 σϐέσαι
2943 2539 3298 2611 πειρώμενοι.
3347 2560 3366 2594 ι
3401 2543 3582 2597 Ταῦτα
3614 2540 3640 2592 ὁ
3675 2541 3756 2608 μὲν

2209 2632 2400 2688 εἶπεν
2453 2633 2481 2686 ό
2527 2631 2584 2685 δὲ
2643 2632 2838 2703 μέχρις
2883 2631 3118 2701 ἀπειλῆς
3168 2633 3561 2704 προχωρήσας,
3620 2631 3757 2698 σιγᾷν

2207 2724 2576 2797 ἠναγκάζετο.
2612 2724 2734 2778 Τῶν
2764 2743 2848 2788 τις
2877 2724 2934 2776 δέ
2962 2725 3088 2794 περὶ
3119 2724 3210 2777 τὸν
3234 2724 3519 2794 βασιλικὸν
3549 2723 3756 2777 κοιτῶνα

2211 2818 2550 2889 θρασύτερον
2585 2817 2663 2885 τῷ
2697 2817 2831 2887 ὁσίῳ
2891 2817 3186 2881 διατεθεὶς,
3217 2819 3348 2887 περὶ
3402 2819 3461 2871 τὸ
3506 2817 3756 2886 βαλανεῖον

2209 2907 2368 2970 εὐθὺς
2401 2907 2608 2973 είσιὼν,
2643 2907 2776 2960 ὥστ’
2823 2906 2957 2961 αὐτὸ
2992 2907 3206 2977 βασιλεῐ
3235 2907 3577 2978 εὐτρεπίσαι,
3601 2906 3754 2958 1:510-

2209 3000 2456 3067 γιστικδν
2473 2999 2792 3070 ἐκτραπεὶς,
2821 3001 2901 3062 είς
2922 3000 3020 3068 τὴν
3047 3001 3397 3072 θερμορῤόην
3421 3000 3755 3069 διολισϐήσας,

2211 3094 2302 3143 καὶ
2331 3091 2573 3160 ἀκράτου
2620 3089 2910 3159 μετασχὼν
2939 3090 3036 3143 τοῦ
3078 3090 3306 3160 Θερμοῦ,
3345 3091 3442 3144 τὸν
3493 3091 3601 3162 βίον
3643 3090 3751 3143 ἀπέ·

2211 3183 2392 3238 λιπεν.
2453 3182 2604 3235 Ἐπεὶ
2634 3183 2678 3236 δ’
2723 3183 2751 3233 δ
2793 3183 3050 3252 βασιλεὺς
3094 3182 3326 3236 ἐπιπολὺ
3383 3184 3662 3255 διατρίϐων
3709 3179 3755 3233 τὸ

2213 3275 2384 3346 βραδύ
2412 3275 2719 3347 κατῃτιᾶτο
2751 3274 2846 3327 τοῦ
2884 3274 3101 3344 χρόνου,
3133 3277 3344 3344 ἑτέροις
3378 3279 3636 3348 ἐπέτρεπε
3672 3291 3754 3343 μη-

2214 3367 2369 3420 νύειν
2399 3367 2462 3421 τὸ
2486 3368 2678 3422 αἴτιον.
2718 3367 2806 3430 Ὠς
2843 3366 2889 3420 δ’
2917 3363 3052 3439 ἧκον
3087 3368 3264 3422 πάντα
3303 3368 3755 3438 περισκοποῦντες,

2211 3459 2415 3531 δρῶσιν
2449 3461 2664 3513 ἐκεῖνον
2693 3459 2844 3512 ένδον
2873 3460 2968 3512 τοῦ
2996 3460 3238 3529 ἀκράτου
3272 3461 3502 3531 θερμοῦ,
3530 3459 3604 3530 τῷ
3621 3457 3755 3529 ψύχει

2212 3550 2566 3620 διαλυόμενον
2601 3550 2702 3620 τῆς
2732 3549 3079 3620 νεκρώσεως.
3120 3551 3186 3602 ’0
3215 3551 3279 3619 δὴ
3309 3552 3364 3604 οἱ
3404 3551 3532 3621 περὶ
3562 3551 3648 3602 τὸν
3680 3548 3754 3618 βαι

2215 3641 2369 3695 σιλέα
2407 3642 2692 3711 μαθόντες,
2730 3641 2892 3712 ἔργον
2921 3642 3024 3711 μέν
3051 3636 3192 3695 εἶναι
3225 3642 3326 3712 τῆς
3359 3647 3416 3708 ἐς
3448 3642 3756 3715 ’Δφραάτην,

2215 3735 2311 3789 τὸν
2363 3735 2532 3801 ὅσιον,
2587 3735 2877 3804 παροινίας
2923 3734 3104 3798 καλῶς
3160 3734 3513 3804 ἐλογίσαντο·
3557 3735 3678 3804 πρός
3706 3746 3755 3800 γε

2217 3826 2324 3898 μὴν
2359 3829 2422 3882 τὸ
2479 3827 2742 3892 δυσσεϐὲς
2799 3828 2976 3900 δόγμα
3028 3829 3171 3884 κατὰ
3221 3830 3314 3884 τὸν
3364 3826 3756 3901 σκληροκαρδιον

2212 3921 2478 3977 διέκειντο
2522 3923 2741 3993 Φαραώ.
2777 3921 2841 3978 '0
2885 3922 2941 3976 δέ
2991 3923 3366 3994 ἐμϐρόντητος
3423 3923 3663 3993 βασιλεὺς
3707 3919 3756 3988 τῇ

2213 4015 2635 4089 θαυματουργία
2658 4017 2862 4088 μᾶλλον
2887 4018 3030 4071 κατὰ
3052 4019 3154 4087 τῆς
3187 4018 3474 4082 εὐσεϐείας
3499 4017 3755 4077 ὡπλίζετο.

2212 4109 2354 4164 Κατ’
2405 4109 2582 4163 ἐκεῖνο
2609 4111 2667 4163 δὲ
2698 4110 2897 4180 καιροῦ
2953 4111 3024 4164 τά
3059 4111 3148 4164 ίσα
3183 4111 3260 4180 τῷ
3299 4111 3578 4181 ’Δφραάτῃ
3632 4103 3755 4159 καὶ(

2213 4199 2592 4272 πολυύμνητος
2621 4201 2909 4263 Ἰουλιανὸς
2935 4201 3173 4271 ἔπραττε
3203 4219 3214 4233 ·
3251 4203 3352 4267 τάς
3394 4203 3500 4274 γὰρ
3521 4203 3576 4255 ἐν
3600 4197 3756 4268 ἐρήμιι

2210 4295 2494 4365 διατριϐὰς
2525 4295 2621 4348 καὶ
2652 4290 2807 4358 οὗτος
2835 4295 3176 4361 καταλιπὼν,
3205 4297 3306 4368 τὴν
3337 4297 3613 4365 Ἀντιόχου
3649 4302 3754 4344 κατ’

2211 4388 2428 4443 ἐλαϐεν.
2456 4387 2612 4442 Ἐπεὶ
2669 4388 2781 4456 γὰρ
2831 4389 2881 4442 οί
2925 4388 3021 4442 τοῦ
3061 4388 3294 4459 ψεύδους
3337 4391 3584 4462 ἐργάται,
3619 4385 3664 4438 οἱ
3707 4378 3754 4432 τὰ

3078 4485 3438 4552 συκοφαντεῖν
3479 4475 3755 4550 ἐπειρῶντο

2209 4573 2303 4628 τὸν
2331 4575 2503 4636 ὅσιον,
2534 4573 2610 4636 ὡς
2632 4577 2734 4644 τῆς
2767 4574 2950 4627 αὐτῶν
2973 4576 3058 4645 εἴη
3097 4577 3352 4645 φατρίας,
3384 4576 3477 4630 καὶ
3509 4576 3616 4633 τοῖς
3639 4565 3759 4620 ὲκεί-

2211 4681 2319 4717 νων
2366 4667 2575 4734 στοιχεί
2611 4665 2848 4735 δόγμασι
2872 4679 2890 4698 ·
2917 4665 3220 4728 Φλσϐιανδς
3252 4668 3348 4720 καὶ
3394 4667 3647 4733 Διόδωρος
3680 4657 3759 4710 καὶ

2222 4757 2542 4825 Ἀφραάτης
2573 4749 2754 4820 οὗτος,
2791 4757 2842 4810 οί
2866 4757 2964 4826 τῆς
2993 4757 3252 4828 ἀληθείας
3288 4759 3597 4827 φωστῆρες,
3621 4747 3760 4806 Ἀκά-

2210 4866 2329 4902 κιον
2359 4849 2595 4912 ἐκεῖνον,
2643 4849 2703 4912 δς
2754 4849 2858 4920 τὴν
2909 4849 3248 4922 Βερῤοιαίων
3285 4851 3444 4903 πόλιν
3502 4849 3759 4900 εἰσέπειτα

2208 4939 2443 4992 διίθυνεν
2473 4939 2698 5009 ἄριστα,
2740 4941 2880 5008 πρὸς
2929 4941 3022 4994 τὸν
3057 4941 3424 5012 πανεύφημον
3455 4940 3655 4993 ἐκεῖνον
3683 4933 3760 4985 ἄν·

2205 5029 2311 5100 δρα
2343 5031 2736 5100 προσάγοντες,
2792 5029 2979 5101 δέησιν
3011 5032 3286 5099 ἔπεμπον,
3333 5031 3542 5084 πολλῶν
3571 5020 3758 5091 ἀνθρώ-

523 5122 774 5176 veritatis
832 5120 1061 5188 lumina,
1107 5122 1362 5177 Acacium
1410 5121 1565 5176 illum
1601 5123 1694 5193 qui
1741 5134 1928 5193 postea
1979 5121 2104 5175 Bcr«

2209 5135 2330 5172 πων
2363 5119 2629 5188 μυριάδας
2671 5123 2978 5190 οίκτείραιο
3041 5122 3174 5175 ὥστ’
3203 5122 3372 5190 ίόντα,
3421 5122 3481 5174 τὸ
3531 5118 3626 5188 μὲν
3669 5110 3757 5165 τῶν

522 5226 794 5267 rucensem
839 5210 1117 5264 civitatem
1161 5227 1439 5266 sacrorum
1485 5212 1719 5268 antistes
1767 5213 1975 5281 optime
2011 5213 2104 5264 atl-

2213 5212 2480 5265 ὲναντίων
2511 5212 2788 5281 διελέγξαι
2843 5215 3062 5282 ψεῦδος,
3114 5215 3216 5283 τὴν
3253 5215 3299 5267 δ’
3357 5213 3610 5284 ἀλήθειαν
3641 5204 3755 5272 ποιρί

524 5299 873 5363 ntiuislravit,
916 5301 983 5353 ad
1022 5301 1296 5356 celebrem
1337 5303 1490 5358 illum
1524 5306 1704 5356 virum
1756 5317 1882 5355 eum
1913 5302 2104 5372 hujus-

523 5393 667 5445 modi
719 5392 1010 5460 postulatis
1050 5393 1250 5449 misere
1273 5437 1287 5460 ,
1323 5406 1381 5448 ut
1415 5396 1714 5449 multorum
1759 5395 1838 5464 (Ι)
1869 5393 2102 5446 millium

524 5483 807 5537 hominum
843 5485 1094 5541 misertus
1122 5490 1354 5551 veniret,
1386 5496 1440 5543 et
1496 5503 1620 5541 cum
1667 5486 2104 5539 adversariorum

522 5575 875 5642 redargueret
893 5577 1388 5641 metulacium,tum
1413 5581 1696 5632 veritatem
1722 5575 1892 5629 libere
1913 5577 2112 5628 contir-

597 5757 673 5827 (l)
705 5756 916 5815 Theod.
948 5774 1068 5828 cap.
1102 5759 1192 5815 27.

2216 5303 2504 5372 ρηςιάσαι,
2535 5304 2629 5356 καὶ
2666 5305 2728 5356 τδ
2759 5307 2860 5374 τῆς
2895 5305 3131 5370 πίστεως
3169 5309 3346 5378 δόγμα
3383 5304 3632 5375 κηρύξαι.
3664 5295 3755 5349 Καὶ

2216 5393 2252 5447 ἆ
2279 5395 2379 5464 μὲν
2409 5393 2565 5459 οὗτος
2599 5397 2693 5449 καὶ
2723 5397 2871 5464 ἅπαξ
2919 5399 3010 5451 καὶ
3040 5399 3294 5470 δεύτερον
3323 5399 3508 5450 είσιὼν
3539 5394 3630 5460 τὴν
3655 5389 3754 5440 ’ΛΨ

2217 5489 2399 5557 τιόχου
2458 5490 2738 5557 πιεράδοξα
2792 5491 3148 5561 διεπράξατο,
3208 5495 3240 5562 ἡ
3292 5492 3536 5560 φιλόθεος
3565 5479 3753 5543 ἱστορία

2216 5580 2418 5646 διδάξει
2449 5583 2559 5645 τοῖς
2585 5582 2933 5652 βουλομένοις
2957 5603 2970 5615 ο
3005 5588 3087 5638 ὅτι
3117 5585 3172 5638 δὲ
3199 5588 3258 5636 τὸ
3282 5585 3375 5651 τῆς
3416 5582 3618 5639 πόλεως
3641 5573 3738 5638 σύμ
