4056 6434
558 397 668 461 οδι

1790 392 2215 457 NICEPHORI
2251 395 2601 458 CALLlSTl
3695 418 3781 482 δςρ

565 517 865 587 palatstras,
896 512 1132 567 maxime
1154 511 1264 565 ltoe
1286 516 1544 581 egerunt,
1580 519 1639 566 ut
1667 511 1867 568 I'etrus
1897 512 1952 566 in
1985 511 2135 567 illius

2249 513 2392 567 σθαι.
2442 514 2531 577 Ὠς
2564 516 2621 568 δὲ
2647 517 2758 581 τοῖς
2810 514 2975 588 ίεροῖς
3008 520 3257 587 ἐνίδρυτο
3302 523 3519 589 θώκοις,
3572 531 3715 596 εὐθὺς
3760 542 3781 589 ὁ

563 610 747 664 locum
781 606 1234 661 substitueretur.
1273 602 1570 673 Postquam
1604 613 1790 659 autem
1836 604 1883 659 is
1925 619 2137 659 sacram

563 699 773 769 recepit
802 696 1014 762 sedem,
1049 696 1199 751 nulla
1230 695 1562 766 interposita
1600 710 1779 757 mora,
1808 697 1991 766 gentis
2021 696 2141 767 ejus

565 791 877 862 praefectus,
931 797 1215 843 contracta
1258 803 1324 843 ex
1369 787 1576 842 Judaeis
1607 797 1663 842 et
1699 788 1906 842 Graecis
1951 803 2138 852 manu,

561 881 847 936 ecclesiam
896 878 1379 944 circumvallavit,
1411 888 1469 935 et
1509 879 1733 934 Petrum
1774 879 1928 934 exire
1955 877 2139 948 jussit.

560 974 714 1043 Quod
735 976 841 1030 nisi
869 974 1096 1037 faceret,
1122 988 1182 1029 se
1214 974 1369 1029 illum
1404 973 1486 1028 vel
1521 973 1754 1028 invitum
1780 972 1908 1026 inde
1931 971 2142 1043 ejectu-

562 1082 683 1122 rum
728 1082 874 1132 esse,
925 1067 1169 1121 minatus
1214 1074 1345 1120 est:
1381 1065 1528 1133 quod
1573 1064 1799 1133 quidem
1852 1064 1945 1119 ille
1989 1062 2139 1126 fecit,

559 1176 685 1215 cum
723 1169 781 1215 ut
816 1160 1086 1215 voluntati
1129 1159 1484 1229 imperatoris
1518 1172 1729 1213 morem
1759 1167 1997 1228 gereret,
2026 1168 2141 1210 tum

559 1254 797 1309 maxime
826 1252 1093 1322 impietati
1127 1254 1245 1322 ipse
1271 1266 1385 1306 suae
1412 1251 1778 1306 satisfaceret.
1804 1250 1957 1317 Quod
1987 1266 2137 1304 nam-

557 1364 668 1418 que
709 1362 775 1402 es
822 1346 1098 1399 idolorum
1148 1343 1360 1398 nefaria
1408 1347 1802 1413 superstitione
1855 1344 2139 1413 penderet,

560 1438 851 1510 splendide
886 1452 946 1492 se
997 1435 1199 1491 festum
1250 1436 1395 1491 diem
1443 1448 1690 1491 acturum
1725 1449 1849 1489 esse
1892 1433 2139 1503 putabat,

560 1534 607 1588 si
639 1546 784 1588 vera:
815 1530 1039 1600 pietatis
1067 1543 1259 1582 navem
1296 1528 1349 1581 in
1396 1537 1779 1597 tempestatem
1818 1525 2140 1595 conjiceret.

562 1626 640 1680 Ac
669 1624 910 1694 priumm
955 1621 1191 1690 quidem
1224 1621 1421 1676 Petrus
1464 1619 1515 1672 iu
1566 1633 1848 1673 carcerem
1892 1617 2142 1672 inclusus

559 1731 649 1773 est
680 1736 694 1773 :
726 1727 912 1787 postea
952 1724 1136 1769 autem
1170 1714 1509 1784 profugiens.
1543 1727 1667 1767 eum
1699 1711 1960 1779 scapham
1991 1723 2142 1763 eom-

565 1812 726 1867 mode
763 1820 956 1865 nactus
987 1816 1156 1866 esset.
1190 1806 1417 1861 Romam
1451 1807 1516 1860 ad
1553 1805 1994 1861 consentientem
2034 1802 2139 1857 sibi

555 1905 684 1974 ejus
719 1902 871 1957 urbis
898 1900 1218 1969 episcottum
1265 1898 1558 1953 Damasum
1608 1896 1842 1965 trajecit.
1887 1895 1956 1949 Et
1984 1893 2138 1950 brevi

564 2001 690 2064 post
739 1991 1000 2055 Euzoius,
1038 1991 1131 2060 qui
1180 1990 1487 2044 Antiochiae
1526 1988 1746 2042 Arianae
1789 1989 1967 2057 prmiit
2012 1985 2143 2040 rt-li—

561 2085 733 2154 gioni,
783 2094 1001 2152 tempus
1046 2091 1420 2151 opportunum
1469 2092 1687 2142 nactus,
1725 2078 2016 2131 consilium
2064 2079 2146 2130 in-

563 2177 738 2244 venit,
779 2185 839 2231 ut
887 2174 1274 2231 Alexandriam
1322 2173 1441 2241 ipse
1479 2174 1620 2234 iret,
1659 2182 1713 2225 et
1757 2172 2021 2225 ecclesias
2069 2168 2141 2223 ibi

564 2273 737 2327 Lucio
766 2269 974 2325 Ariano
1000 2268 1266 2323 traderet.
1294 2265 1452 2332 Quod
1487 2282 1614 2318 cum
1650 2262 1970 2335 imperatori
1999 2279 2140 2332 quo-

556 2381 673 2436 que
701 2364 910 2434 placuit
936 2361 1145 2422 (adhuc
1170 2359 1324 2414 enim
1370 2359 1416 2412 is
1465 2357 1771 2412 Antiochiae
1807 2364 1974 2417 erat).
2017 2369 2141 2410 eum

560 2457 828 2513 satellitio
861 2458 1059 2516 multo,
1105 2463 1164 2507 et
1201 2452 1429 2506 militari
1462 2467 1584 2519 qu:e
1630 2464 1758 2505 cum
1809 2449 2145 2519 sequebatur

570 2564 732 2602 manu
758 2561 889 2601 sane
921 2561 1080 2615 quam
1111 2542 1385 2612 lrcquenti
1412 2542 1692 2611 prolectus
1718 2551 1822 2602 est.
1846 2551 2011 2609 atque
2038 2556 2145 2594 una

567 2658 694 2699 cum
725 2657 793 2696 eo
824 2654 1057 2709 magnus
1103 2639 1450 2706 imperatoris
1496 2647 1755 2698 uitaestor.
1787 2634 2071 2691 Habebunt
2111 2637 2146 2690 ii

567 2737 637 2790 ab
667 2736 1001 2802 imperatore
1030 2729 1096 2784 ad
1131 2729 1453 2798 praelectum
1485 2729 1785 2797 provinciae
1820 2728 2142 2792 Palladium,

562 2822 909 2884 mandatum,
941 2828 1002 2874 ut
1033 2818 1078 2873 is
1112 2833 1442 2889 quacunque
1472 2818 1527 2870 in
1572 2833 1628 2871 re
1666 2832 1806 2886 opus
1832 2826 1999 2879 esset,
2032 2816 2144 2870 Lu-

567 2917 655 2972 cio
710 2923 767 2970 et
813 2912 1019 2968 Euzoio
1070 2925 1183 2965 non
1229 2910 1471 2965 deesset.
1525 2907 1593 2964 Et
1650 2908 1847 2964 Petrus
1896 2907 2143 2977 quidem,

565 3006 730 3063 sicuti
755 3005 962 3060 dictum
991 3011 1098 3068 est,
1125 3001 1180 3057 in
1206 3016 1431 3056 carcere
1459 3007 1775 3055 asservatus
1793 3011 1879 3055 σει
1912 3015 1925 3054 :
1957 3006 2145 3068 postea

565 3101 731 3157 etiam
780 3099 1012 3154 Romam
1066 3095 1365 3166 navigavit.
1417 3098 1487 3148 At
1543 3093 1749 3147 Lucius
1788 3091 2030 3146 Ariauus
2091 3092 2180 3144 in.

569 3208 783 3251 sacram
843 3186 1130 3246 Athanasii
1188 3186 1376 3241 sedem
1429 3195 1515 3241 est
1576 3184 1902 3239 collocatus.
1957 3182 2146 3252 Itaque

567 3282 809 3357 Egyptii
842 3283 1005 3352 longe
1036 3280 1320 3351 graviores
1359 3279 1413 3332 in
1444 3287 1663 3333 exteros
1703 3277 1918 3330 animos
1946 3289 2147 3329 conce-
2210 3298 2211 3301 η

570 3392 726 3448 pere.
765 3374 943 3431 Simul
977 3382 1145 3443 atque
1175 3372 1324 3427 enim
1371 3372 1670 3440 improviso
1709 3371 2011 3425 advenerat
2043 3370 2150 3424 Lu-

565 3471 711 3536 cius,
758 3467 944 3522 statim
991 3464 1258 3521 ecclesias
1304 3478 1576 3532 occupare
1616 3463 1925 3519 contendit.
1969 3464 2150 3533 Atque

568 3563 660 3619 ubi
688 3562 845 3632 plebs
873 3569 1068 3615 contra
1098 3557 1202 3613 niti
1232 3556 1434 3625 coepit,
1485 3556 1684 3611 bellum
1735 3556 2003 3611 adversus
2042 3556 2153 3611 cle-

570 3657 719 3710 ricos
758 3662 816 3708 et
856 3665 1046 3707 sacras
1087 3649 1330 3720 virgines
1371 3656 1454 3704 est
1493 3649 1824 3703 institutum.
1877 3647 2034 3719 153
2080 3648 2150 3703 Et

570 3747 695 3801 alia!
723 3760 893 3814 super
929 3743 1064 3798 alias
1094 3743 1261 3796 illata:
1295 3739 1633 3794 calamitates
1674 3739 1928 3794 Ecclesiae
1957 3740 2150 3796 catho-

569 3841 690 3896 lica:
739 3847 1041 3893 sectatores
1096 3835 1430 3891 amitterent.
1490 3835 1728 3890 l’er.nde
1785 3836 1932 3888 enim
1985 3846 2151 3904 atque

568 3935 699 3989 ferte
752 3939 999 4001 agrestes
1056 3930 1205 4000 gregi
1262 3926 1471 3983 Christi
1524 3926 1714 3982 Ariani
1769 3927 2147 3995 imminentes,

570 4024 772 4096 partim
800 4024 852 4078 in
885 4020 1139 4079 exsilium
1177 4033 1360 4090 egere,
1387 4019 1587 4090 partitn
1618 4030 1807 4088 captos
1843 4019 1897 4074 in
1929 4019 2147 4073 vincula

569 4118 862 4190 coniecere
908 4132 923 4168 :
964 4127 1105 4184 quos
1161 4127 1384 4167 rursum
1432 4127 1499 4166 ex
1548 4110 1781 4166 vinculis
1824 4111 2145 4181 productos,

512 4188 530 4203 ”
569 4209 739 4264 variis
776 4188 1076 4263 subdidere
1122 4204 1433 4275 suppliciis.
1468 4202 1700 4269 Quidam
1732 4203 1882 4258 enim
1929 4204 2152 4273 ungulis

571 4312 629 4357 et
661 4300 848 4371 ﬂagris
889 4298 1113 4355 bubulis
1139 4298 1291 4362 caesi,
1319 4295 1547 4367 quidam
1575 4294 1906 4350 ardentibus
1935 4293 2152 4351 facibus

571 4393 777 4459 adusti,
822 4400 989 4462 atque
1011 4390 1106 4445 alii
1141 4389 1303 4445 bonis
1333 4388 1572 4458 primum
1601 4387 1845 4458 spoliati,
1873 4388 1999 4443 aliis
2024 4403 2151 4442 mox

571 4497 704 4543 sunt
732 4485 920 4541 allecti
951 4481 1317 4539 cruciatibus.
1353 4479 1675 4535 Tormentis
1706 4493 1837 4533 vero
1866 4487 1974 4534 tam
2008 4478 2149 4532 varii

2245 607 2337 659 τοῦ
2372 607 2561 671 ἔθνους
2589 608 2838 679 ἡγεμὼν,
2876 610 2967 665 τὸν
2998 611 3057 677 ἐξ
3107 613 3377 669 Ἰουδαίων
3398 622 3489 672 καὶ
3547 620 3782 694 Ἐλλήνων

2245 699 2641 769 περιαθροίσας
2664 701 2875 772 ὅμιλον,
2939 705 3039 772 τὴν
3094 706 3396 776 ἐκκλησίαν
3436 716 3781 782 περιεκὺκλου,

2244 792 2338 843 καὶ
2364 789 2569 855 ἐξιέναι
2594 793 2690 846 τὸν
2716 794 2920 865 Πέτρον
2970 797 3224 851 ἐκέλευεν
3255 816 3270 831 ·
3337 802 3385 854 εί
3429 802 3476 856 δ’
3532 803 3636 871 οὖν,
3687 810 3784 862 ἀλλ’

2217 884 2405 954 ,αὑτός
2431 902 2493 951 γε
2526 885 2624 939 καὶ
2669 886 2877 941 ἄκοντα
2903 890 3091 943 τοῦτον
3139 890 3418 957 ἐξελάσειν
3474 898 3691 964 ἠπείλει,
3729 905 3785 954 τά

2245 974 2473 1046 θυμήρη
2500 974 2667 1045 δῆθεν
2703 977 2966 1047 πράττων
2991 979 3072 1049 τῷ
3106 980 3316 1050 βασιλεί
3352 1001 3366 1015 ·
3394 986 3455 1039 τὸ
3502 989 3546 1041 δ’
3595 991 3784 1060 ἀληθὲς,

2245 1070 2311 1137 τῇ
2356 1069 2606 1150 σφετέρᾳ.
2652 1069 2947 1143 δυσσεϐείᾳ
2974 1073 3377 1145 ἀφοσιούμενος
3401 1080 3463 1132 τὸ
3497 1083 3655 1147 εἰκός.
3692 1084 3786 1152 Τῆς

2246 1160 2355 1229 γὰρ
2385 1160 2497 1212 τῶν
2557 1161 2795 1216 εἰδώλων
2835 1163 3159 1229 δυσσεϐείας
3223 1168 3611 1242 ἐξηρτημένος,
3657 1177 3788 1243 ἄγειν

2244 1248 2382 1321 ᾤετο
2409 1251 2674 1320 λαμπρὰν
2706 1254 2921 1325 ἑορτὴν,
2949 1256 3001 1309 εί
3036 1258 3095 1311 ὲν
3123 1256 3260 1331 ζάλῃ
3290 1262 3390 1329 τὴν
3419 1265 3517 1334 τῆς
3537 1267 3788 1328 εὐσεϐείας

2245 1343 2443 1398 ὁλκάδα
2468 1346 2752 1414 ἐμϐάλλει.
2786 1348 2895 1402 Καὶ
2931 1351 3123 1422 πρῶτα
3160 1353 3259 1422 μὲν
3285 1356 3313 1406 ὁ
3346 1356 3546 1428 Πέτρος
3591 1360 3788 1427 καθείρο

2245 1453 2455 1505 γνυτο·
2505 1438 2698 1493 ἔπειτα
2769 1441 2994 1513 διαδρὰς
3046 1446 3144 1498 καὶ
3196 1448 3435 1518 σκάφους
3495 1451 3789 1522 εὐτυχήσας,

2246 1533 2327 1592 είς
2370 1532 2590 1603 Ῥώμην
2619 1535 2888 1591 ἀνέπλεεν
2941 1538 3014 1602 ὼς
3075 1541 3213 1606 πρὸς
3254 1542 3513 1612 ὁμόδοξον
3564 1544 3790 1614 Δάμασον

2246 1626 2336 1677 τὸν
2378 1625 2599 1695 Ῥώμης
2636 1628 2957 1683 ἐπίσκοπον.
2997 1632 3072 1684 Οὐ
3124 1633 3303 1703 πολλῷ
3329 1635 3387 1687 δὲ
3444 1634 3675 1707 ὕστερον,
3704 1638 3791 1690 Εὖ·

2249 1717 2409 1781 ζώῖος
2444 1721 2470 1771 ὁ
2498 1722 2556 1770 ὲν
2598 1720 2903 1792 Ἀντιοχείᾳ
2952 1723 3052 1791 τῆς
3130 1724 3479 1795 Ἀρειανικῆς
3544 1728 3790 1800 προεστὼς

2247 1806 2590 1876 θρησκείας,
2643 1808 2736 1860 τὸν
2817 1811 3010 1879 καιρὸν
3092 1813 3387 1881 ἀρπάσας,
3453 1819 3792 1889 συνέῤῥαπτεν

2212 1899 2219 1963 ξ
2248 1899 2410 1961 αὐτος
2442 1900 2520 1961 είς
2560 1899 2977 1971 Ἀλεξάνδρειαν
3013 1905 3325 1972 κατελθεῖν,
3386 1911 3480 1962 ἐπὶ
3514 1910 3588 1980 τῷ
3642 1929 3791 1981 παρα-

2245 1989 2429 2043 δοῦναι
2466 1993 2685 2063 Λουκίῳ
2713 1994 2791 2063 τῷ
2833 1994 3097 2066 Ἀρειανῷ
3125 2000 3223 2061 τὰς
3253 1998 3441 2055 ἐνθάδε
3507 2002 3791 2072 ἐκκλησίας.

2248 2085 2365 2137 Καὶ
2406 2087 2530 2136 ἐπεὶ
2554 2087 2650 2139 καὶ
2679 2086 2890 2156 βασιλεί
2916 2089 3223 2161 ἐδόκειηέτι
3244 2091 3354 2165 γὰρ
3378 2096 3506 2166 περὶ
3549 2095 3641 2165 τὴν
3696 2094 3792 2147 Ἀν-

2244 2175 2426 2245 τιόχου
2490 2177 2668 2246 διῆγε,
2735 2178 2833 2231 σὺν
2882 2180 3180 2253 δορυφορίᾳ
3249 2186 3443 2259 κατῄει
3497 2187 3680 2257 πολλῇ,
3718 2189 3792 2241 καὶ

2248 2271 2650 2341 στρατιωτικῆς
2713 2272 2976 2344 πλείστης
3037 2278 3383 2348 ὲςρεπομένης
3440 2281 3664 2351 χειρός·
3713 2281 3793 2333 σὺν

2247 2357 2398 2428 αὐτῷ
2421 2359 2478 2413 δὲ
2506 2361 2603 2416 καὶ
2635 2361 2862 2432 Μάγνος
2892 2365 2921 2418 ό
2964 2365 3073 2420 τῶν
3125 2368 3426 2436 βασιλικῶν
3457 2373 3653 2441 ταμίας
3678 2386 3789 2441 χρη·

2251 2449 2457 2519 μάτων.
2497 2455 2605 2508 Καὶ
2632 2456 2971 2528 πρόσταγμα
3000 2458 3057 2512 δὲ
3087 2459 3359 2529 βασιλέως
3384 2463 3463 2533 τῷ
3496 2462 3588 2516 τοῦ
3634 2463 3790 2522 ἔθνους

2246 2545 2479 2611 ἡγεμόνι
2524 2546 2813 2620 Παλλαδίῳ
2853 2551 3158 2620 ἐπέμπετο,
3191 2554 3219 2606 ὃ
3267 2572 3321 2608 τι
3369 2556 3435 2610 ἂν
3486 2556 3575 2626 δέῃ
3611 2555 3791 2621 Δουκῖῳ

2248 2638 2342 2689 καὶ
2369 2639 2589 2711 Εὐζωῖῳ
2618 2642 3046 2713 καθυπουργεῖν.
3088 2648 3195 2699 Καὶ
3231 2649 3437 2719 Πέτρος
3471 2649 3569 2719 μὲν
3609 2647 3791 2716 καθείρ-

2249 2747 2370 2791 κτο,
2412 2732 2487 2794 ὡς
2543 2731 2759 2804 εἴρηται
2795 2751 2810 2768 ·
2860 2736 3052 2790 ἔπειτα
3105 2739 3163 2791 δὲ
3204 2740 3298 2793 καὶ
3330 2744 3412 2805 εἰς
3456 2739 3661 2810 Ῥώμην
3686 2739 3791 2793 ἀπέ-

2250 2821 2395 2877 πλει.
2420 2815 2668 2887 Λούκιος
2689 2825 2747 2879 δὲ
2778 2827 2807 2881 ό
2850 2825 3130 2898 ’Δρειανὺς
3163 2834 3277 2895 τοῖς
3304 2835 3474 2905 ἱεροῖς
3510 2830 3791 2887 Ἀθανασίου

2250 2914 2448 2980 θώκοις
2482 2917 2749 2986 ἑνίδρυτο.
2794 2918 3079 2975 Ἐντεῦθεν
3109 2922 3165 2976 δὲ
3214 2926 3345 2995 περὶ
3374 2925 3502 2989 τοὺς
3565 2923 3789 2992 ἀλλαχόσε

2252 3006 2536 3060 συνέϐαινε
2568 3006 2750 3077 πολλῷ
2785 3008 3167 3080 χαλεπώτερον
3216 3013 3535 3082 διατεθῆναι
3587 3015 3700 3076 τοὺς
3748 3012 3791 3062 ἐν

2252 3097 2513 3167 Αἰγύπτῳ
2547 3116 2560 3129 ·
2595 3098 2711 3169 ἅμα
2763 3101 2872 3173 γὰρ
2923 3104 3214 3173 είσπεσὼν,
3265 3108 3541 3180 ἐπεχείρει
3582 3105 3791 3175 κατέχειν

2252 3190 2349 3251 τὰς
2373 3190 2697 3260 ἐκκλησίας.
2733 3194 2887 3246 Ἐπεὶ
2917 3194 2962 3248 δ’
2992 3197 3251 3251 άντὲπνει
3308 3202 3373 3254 τδ
3407 3201 3625 3269 πλῆθος,
3658 3195 3786 3250 ἐπλι-

2252 3300 2380 3337 κετο
2419 3286 2521 3353 μὲν
2556 3287 2588 3357 ἡ
2626 3287 2814 3350 στάσις
2849 3291 2963 3351 τοῖς
3005 3289 3287 3360 κληρικοῖς
3332 3297 3432 3349 καὶ
3484 3295 3600 3357 ταῖς
3652 3291 3793 3361 ἱεραῖς

2251 3377 2549 3448 παρθένοις
2573 3393 2590 3410 ⁶
2633 3382 2727 3434 καὶ
2761 3384 3041 3451 συμφοραὶ
3076 3386 3366 3456 συμφορὰς
3407 3388 3532 3451 τοὺς
3574 3383 3674 3439 ἀπὸ
3717 3382 3791 3448 τῆς

2253 3469 2486 3523 καθόλου
2538 3471 2867 3555 Ἐκκλησὶας
2917 3474 3303 3553 διαδεχόμεναι
3356 3479 3626 3544 ἐξεπίεζον
3660 3491 3674 3507 ⁹
3724 3468 3792 3526 οἷα

2252 3570 2363 3639 γάρ
2382 3587 2527 3632 τινεῖ
2554 3570 2725 3642 θῆρες
2747 3574 2957 3641 ἀγρίως
3009 3580 3075 3648 τῇ
3110 3580 3315 3652 ποίμνῃ
3366 3574 3598 3650 Χριστοῦ
3643 3566 3794 3624 ἐπιθι-

2256 3677 2434 3729 μενοι,
2461 3662 2588 3725 τοὺς
2620 3664 2719 3732 μὲν
2758 3668 2834 3726 είς
2867 3668 3044 3737 φυγὴν
3079 3669 3331 3738 ἔτρεπον,
3398 3674 3444 3723 o!
3472 3669 3525 3722 δὲ
3551 3661 3787 3731 δεσμῶται

2253 3748 2395 3824 ἦσαν
2429 3753 2935 3825 συλλαμϐανόμενοι
2965 3773 2979 3788 ’
3025 3756 3184 3823 αὖθις
3231 3761 3276 3813 δ’
3334 3766 3403 3816 ἐκ
3465 3760 3570 3814 τῶν
3612 3750 3792 3821 δεσμῶν

2254 3847 2646 3917 προαγόμενοι,
2716 3849 2989 3913 ποικίλαις
3050 3851 3420 3907 ὑπεϐάλλοντο
3475 3847 3736 3920 τιμωρίαις
3780 3855 3789 3866 ”

2253 3936 2405 4004 ὄνυξι
2454 3938 2566 4009 γὰρ
2605 3940 2698 3993 καὶ
2750 3941 2955 4011 βοείαις
3004 3945 3275 4014 ᾐκίζοντο.
3332 3946 3511 4002 Ἶίοσν
3540 3946 3593 3998 δὲ
3626 3940 3671 3994 (ιῖ
3719 3936 3792 3988 καί

2255 4029 2506 4099 λαμπάσι
2547 4031 2713 4102 πυρὸς
2759 4034 3117 4102 ἁνεφλέγοντο
3151 4051 3165 4065 ⁸
3200 4040 3293 4090 καὶ
3328 4034 3658 4094 παντοδαπὰς
3684 4023 3793 4094 ὑφ’

2258 4137 2453 4175 σταντο
2496 4123 2807 4194 τιμωρίας,
2869 4127 2935 4181 τὰ
2994 4129 3134 4183 οἴκοι
3198 4130 3417 4203 πρῶτον
3466 4121 3792 4194 magna?“

2255 4227 2361 4265 νοι.
2415 4212 2819 4270 Ἐπιδιῶναιδὲ
2853 4217 2931 4288 τῷ
2979 4219 3210 4292 ποικίλῳ
3266 4221 3376 4276 τῶν
3427 4220 3678 4292 βασάνων.
3712 4224 3794 4260 πω

2259 4302 2482 4373 ράδοξον
2508 4304 2807 4373 ἐλογίζετο.
2845 4308 2919 4361 Τὸ
2947 4309 3003 4362 δέ
3033 4327 3097 4378 γε
3127 4311 3233 4381 πρὸ
3282 4311 3380 4365 τοῦ
3434 4312 3622 4380 πεῖραν
3673 4298 3793 4369 σχεῖν

2256 4395 2367 4448 τῶν
2396 4396 2584 4449 δεινῶν
2609 4398 2988 4471 ἀπαλλαγῆναι
3023 4403 3117 4455 τοῦ
3154 4404 3282 4473 ζῇν,
3323 4406 3355 4474 ἢ
3388 4405 3447 4457 τό
3486 4418 3547 4468 γε
3603 4388 3794 4466 μετρίέν

2258 4503 2441 4558 τερον,
2475 4489 2656 4559 φυγὴν
2690 4491 3158 4563 καταδικασθῆναι
3198 4497 3473 4565 μακάριόν
3502 4510 3556 4546 τε
3588 4489 3673 4543 καὶ
3718 4481 3794 4544 ξη-

569 4575 790 4648 generis
821 4587 1139 4645 superesse,
1169 4569 1496 4627 admirabile
1529 4579 1617 4625 est
1654 4568 1860 4625 visum.
1901 4569 2058 4635 Quod
2106 4569 2146 4624 si

2262 4578 2434 4631 λωτδν
2470 4579 2775 4646 ἐνομίζετο.
2813 4583 2919 4637 Καὶ
2946 4585 3059 4647 πῶς
3088 4585 3155 4639 ἄν
3183 4603 3265 4648 τις
3298 4585 3691 4655 ὲκδιηγήσαιτο.
3716 4573 3794 4625 ὅσα

572 4671 700 4740 quis
731 4669 890 4740 prius
925 4668 1039 4722 vita
1084 4663 1438 4728 excessisset,
1472 4678 1638 4741 quam
1683 4670 1835 4718 tanta
1880 4661 2022 4717 mala
2053 4676 2150 4715 ex-

575 4772 789 4832 pertus,
837 4769 933 4813 aut
976 4760 1021 4814 si
1071 4759 1137 4813 ad
1188 4758 1530 4813 tolerabilius
1556 4757 1812 4812 exsilium
1857 4756 2153 4811 damnatus

570 4861 742 4919 esset,
772 4851 1115 4907 fortunatum
1141 4850 1217 4917 id,
1238 4862 1297 4906 et
1319 4851 1466 4922 quod
1491 4850 1658 4904 alicui
1685 4848 1921 4903 invideri
1944 4856 2150 4918 posset,

572 4945 824 5000 habitum
858 4952 962 4999 est.
994 4942 1101 4999 Sed
1147 4943 1273 5014 quis
1310 4958 1585 5014 exponere
1615 4942 1809 5012 possit,
1841 4956 1965 5011 qua:
2008 4940 2147 4995 mala

572 5039 627 5092 iu
661 5036 820 5092 Lucii
853 5037 1084 5092 introitu
1116 5034 1469 5092 acciderint?
1512 5033 1757 5101 Quorum
1793 5032 2016 5104 quidem
2052 5033 2150 5086 Sa-

572 5133 758 5199 binus,
791 5133 886 5204 qui
939 5148 1027 5188 res
1062 5131 1467 5189 ecclesiasticas
1515 5130 1872 5200 conscripsit,
1923 5129 2150 5183 minime

573 5224 848 5291 meminit,
881 5225 1026 5294 quod
1062 5224 1365 5280 amicorum
1391 5222 1496 5277 sibi
1523 5223 1851 5277 Arianorum
1874 5221 2149 5276 dedecora

472 5342 480 5349 -
577 5331 829 5385 premere
850 5317 1135 5372 maluerit.
1158 5314 1377 5395 Optime
1403 5321 1586 5371 autem
1610 5329 1675 5369 ea
1704 5314 1900 5369 beatus
1927 5314 2146 5381 Petrus,

574 5412 861 5481 postquam
911 5424 943 5463 e
990 5423 1213 5463 carcere
1248 5408 1523 5478 profugit,
1573 5407 1626 5462 in
1665 5410 1874 5478 scripto
1906 5408 2145 5477 quodam

2261 4673 2412 4724 κακὰ
2435 4672 2525 4722 ἐπὶ
2547 4674 2613 4740 τῇ
2647 4673 2838 4741 εἰσόδῳ
2874 4677 3109 4729 Λουκίου
3139 4680 3436 4749 γεγένηντο
3469 4697 3482 4742 ;
3543 4668 3636 4725 Ὧν
3664 4663 3793 4719 Σαδῖυ

2258 4780 2349 4825 νος
2386 4762 2487 4832 μὲν
2516 4763 2544 4816 ό
2573 4763 2642 4816 τὰ
2661 4766 3095 4834 ἐκκλησιαστικὰ
3130 4769 3586 4839 συγγραψάμενος
3627 4760 3794 4830 ἥκιστα

2261 4857 2555 4928 μέμνηται,
2604 4862 2674 4915 τὰ
2720 4861 2830 4913 τῶν
2886 4861 3059 4928 φίλων
3127 4864 3424 4932 Ἀρειανῶν
3474 4850 3794 4919 ἐλαττώματα

2262 4948 2673 5014 συγκαλύπτειν
2718 4951 3044 5023 αἱρούμενος
3078 4971 3092 4985 ·
3142 4957 3365 5024 ἄμεινον
3397 4952 3443 5007 δ’
3474 4949 3606 5005 αὐτὰ
3632 4946 3657 4998 ό
3708 4951 3793 5007 μα·

2258 5040 2456 5109 tam):
2489 5043 2692 5114 Πέτρος
2724 5047 2781 5096 ἐν
2819 5046 2934 5116 ἶδίφ
2983 5048 3378 5119 συγγράμματι
3430 5044 3656 5113 ὰρίστως
3704 5030 3791 5119 ἐξεξ

2257 5132 2598 5203 τραγῲδησε,
2628 5136 2724 5188 καὶ
2769 5139 2888 5199 ταῖς
2949 5117 3267 5207 ἅπανταχοῦ
3322 5138 3633 5206 ἐκκλησίαις
3679 5117 3792 5193 μετά

2257 5224 2357 5294 τὴν
2382 5227 2449 5279 ἐκ
2507 5227 2889 5298 δεσμωτηρίου
2945 5232 3126 5301 φυγὴν
3174 5224 3527 5301 διεπέμψατο.
3576 5222 3636 5273 Ὃ
3661 5215 3789 5284 δῆτα,

2257 5319 2399 5386 μετὰ
2419 5319 2676 5391 διήγησιν
2711 5325 2842 5390 μιᾶς
2873 5324 3259 5393 ἀνοσιουργίας
3284 5319 3517 5376 Λουκίου
3550 5312 3636 5367 τοῦ
3688 5307 3793 5361 ἀσε-

2256 5410 2407 5476 ϐοῦς,
2442 5412 2521 5483 τῷ
2557 5415 2784 5481 παρόντι
2820 5416 3029 5487 ἐνθήσω
3062 5418 3477 5489 συγγράμματι.

572 5517 672 5556 suo
720 5511 980 5573 tauquam
1031 5492 1354 5570 tragmdiam
1399 5502 1681 5569 exposuit,
1730 5509 1787 5556 et
1841 5501 1910 5556 ad
1959 5518 2153 5558 omnes
2193 5503 2401 5574 ubique
2468 5506 2736 5562 ecclesias
2767 5509 2940 5563 misit.
3010 5510 3169 5576 Quod
3204 5488 3635 5579 scriptum,cum
3666 5488 3792 5564 Prius

576 5609 747 5650 unum
789 5597 983 5651 saltem
1018 5595 1291 5651 nefarium
1327 5595 1480 5666 impii
1530 5594 1681 5651 Lucii
1723 5593 1986 5667 ﬂagitium
2034 5604 2441 5664 memoravero,
2471 5597 2739 5656 volumini
2770 5600 2899 5657 buic
2926 5602 3187 5659 inseram.
3246 5661 3267 5675 ο
