4056 6418
331 409 437 476 57.3
546 482 555 499 ,

899 523 1152 580 ΚΕΦΑΛ.
1211 520 1336 576 KZ'.

336 644 471 709 Περὶ
513 640 618 695 τοῦ
657 643 981 710 γενομένου
1004 639 1263 705 διωγμοῦ
1296 637 1413 701 τοῖς
1448 634 1575 710 κατ’
1601 633 1905 710 Abf-unto?

402 704 835 782 ῥονασζὴρίοιζ·
887 712 1048 777 παρὰ
1109 704 1413 782 Ᾰουκίορβ
1470 706 1566 759 καὶ
1599 704 1757 782 ,περὶ
1789 704 1906 782 ζῶν

402 771 694 851 intimi»;
716 771 1040 836 Ἀντωνίου
1072 780 1177 833 τοῦ
1196 774 1614 851 μεγάὲορηκαζ
1648 773 1768 851 τῶνξ
1795 771 1906 823 δύο

409 843 595 918 uritur
618 852 958 918 Μακαρίων,
986 851 1065 914 ὠς
1098 843 1397 918 ὑπερόρια
1433 843 1669 918 διὰ-τὴν
1702 846 1907 896 πίστιν

406 915 743 990 πενόμενοι,
768 915 968 974 πολλὰ
1001 922 1272 989 θαύματα
1306 915 1727 984 διεπράξαντο.

419 1037 479 1089 '0
517 1036 616 1105 μὲν
641 1034 733 1089 οὖν
765 1034 1095 1102 ἀξιάγαστος
1140 1032 1348 1102 Πέτρος
1402 1028 1547 1082 οὕτω
1593 1026 1769 1097 φυγὰς
1829 1026 1910 1111 εἰς

348 1123 567 1197 Ῥώμην
609 1127 883 1180 ἀπέπλει⁶
926 1127 978 1178 οι
1030 1123 1087 1178 δὲ
1146 1124 1244 1192 τῆς
1309 1121 1520 1191 Ἀρείου
1577 1118 1908 1202 συμμορίας,

337 1221 540 1289 καίπερ
560 1218 783 1289 βραχεῖς
804 1216 975 1280 ὄντες,
995 1213 1103 1269 τῶν
1126 1214 1245 1268 κατ’
1295 1213 1569 1281 Αἴγυπτον
1601 1206 1775 1283 ἦρξαν
1817 1213 1911 1265 ὲκ-

337 1309 600 1377 κλησιῶν.
629 1308 743 1360 Οὐκ
774 1307 856 1370 είς
880 1304 1096 1376 μακρὰν
1121 1303 1176 1358 δὲ
1200 1304 1296 1356 καὶ
1328 1303 1659 1373 πρόσταγμα
1714 1304 1778 1365 ὲκ
1819 1299 1913 1369 βα-

342 1404 531 1466 σιλέως
553 1401 632 1473 τῷ
654 1402 752 1457 τοῦ
792 1402 981 1466 ἔθνους
1033 1400 1331 1472 ἡγουμένῳ
1373 1400 1671 1469 ἐπέμπετο,
1736 1398 1912 1466 διαγο-

344 1498 503 1564 ρεῦον
527 1498 653 1558 τοὺς
676 1495 776 1564 τῆς
806 1497 865 1548 ἐν
902 1494 1108 1564 Νικαίᾳ
1140 1493 1378 1558 πίστεως
1420 1492 1912 1565 ὑπερισταμένους,

339 1589 405 1641 ἔκ
440 1606 500 1641 τε
531 1590 631 1659 τῆς
665 1587 1017 1659 Ἀλεξάνδρου
1048 1587 1143 1643 καὶ
1183 1589 1361 1659 πάσης
1393 1588 1491 1657 τῆς
1536 1585 1916 1654 Αἰγυπτιακῆς

339 1680 661 1740 διοικήσεως
692 1677 1097 1744 ἐξελαύνεσθαι,
1133 1678 1292 1742 ὅσους
1339 1677 1405 1731 ἂν
1446 1676 1724 1730 κελεύσειε
1778 1674 1914 1728 Λούο

344 1789 479 1833 κιος.
512 1770 753 1834 Εὑζώῖος
787 1772 885 1839 μὲν
914 1768 1034 1837 οὖν,
1067 1771 1167 1824 ὅσα
1184 1788 1248 1840 γε
1283 1767 1352 1841 ἦν
1382 1770 1530 1840 αὐτῷ
1557 1770 1694 1839 πρὸς
1719 1767 1918 1839 βουλῆς

1255 397 1860 470 ΕΟΟΕΕΞῙΑδΤΙΟπΕ
1906 388 2297 460 IlIS'l‘ORl/E
2333 386 2481 458 LIB.
2530 388 2635 457 ΧΪ.

3471 381 3580 448 ὒῖιί

2546 508 2770 565 CAPUT
2813 498 3028 563 XXV".

2010 626 2084 680 De
2124 628 2479 694 persecutione
2532 642 2693 693 quam
2734 623 2923 677 Lucius
2988 618 3333 694 monasteriis
3368 612 3581 694 {Egypti

2078 688 2274 759 intulit,
2312 697 2448 749 etde
2480 688 2745 763 discipulis
2766 694 2979 747 Antonii
3014 692 3191 763 mqgui
3219 706 3236 743 :
3269 700 3315 743 et
3354 688 3417 763 de
3439 693 3574 738 duo-

2077 768 2170 820 bus
2202 767 2397 819 sanctis
2418 759 2666 818 Macariis
2688 804 2702 824 ,
2735 773 2792 816 ut
2821 770 3034 834 propter
3058 759 3217 828 ﬁdem
3253 759 3573 819 exsulatum,

2076 839 2249 889 multa
2280 834 2539 889 miracula
2565 834 2846 888 ediderint.

2081 1016 2159 1069 Ac
2192 1011 2392 1068 Petrus
2438 1008 2666 1080 quidem
2712 1007 2806 1062 ille
2849 999 3215 1060 admiratione
3248 1003 3468 1073 dignus,
3510 997 3578 1056 ad

2012 1120 2138 1162 eum
2171 1104 2392 1159 modum
2426 1103 2655 1157 Romam
2686 1099 2986 1156 concessit.
3021 1096 3126 1165 Qui
3163 1114 3295 1151 vero
3324 1096 3582 1150 factionis

2012 1196 2228 1252 Arianae
2254 1200 2432 1254 erant,
2462 1190 2816 1262 quantumvis
2844 1188 3029 1260 pauci,
3060 1188 3309 1244 ecclesiis
3343 1187 3396 1241 in
3423 1185 3586 1257 Egy-

2015 1300 2110 1362 pto
2158 1290 2517 1365 imperarunt.
2566 1282 2676 1339 Nec
2727 1284 2802 1338 ita
2846 1283 3017 1337 multo
3069 1291 3208 1350 post,
3263 1280 3583 1334 mandatum

2014 1393 2237 1451 quoque
2280 1376 2351 1431 ab
2405 1376 2740 1447 imperatore
2782 1372 2850 1428 ad
2894 1372 3075 1444 gentis
3107 1373 3226 1442 ejus
3270 1370 3585 1439 prtufectum

2019 1474 2247 1529 missum
2288 1484 2397 1541 est,
2441 1472 2590 1545 quod
2635 1473 2869 1528 Nicmne
2897 1471 3026 1526 ﬁdei
3069 1477 3510 1540 propugnatores
3557 1483 3586 1520 a

2018 1565 2191 1620 Lucio
2224 1565 2498 1620 indicatos
2534 1565 2865 1620 Alexandria
2904 1572 2960 1619 et
2995 1564 3142 1618 omni
3175 1559 3425 1632 Egyptia
3453 1559 3590 1614 diae-

2017 1658 2129 1714 cesi
2166 1658 2292 1727 ejici
2313 1657 2566 1728 iubebat.
2597 1657 2774 1713 Porro
2801 1654 3040 1710 Euzoius
3068 1638 3335 1709 conlectis
3360 1652 3587 1705 Alexan-

2018 1750 2154 1805 dria:
2200 1766 2268 1805 ex
2314 1748 2590 1804 sententia
2640 1749 2826 1811 rebus,
2875 1760 3097 1800 rursum
3145 1760 3204 1800 se
3245 1741 3590 1799 Antiochiam

348 1862 436 1914 ἐπὶ
452 1862 551 1930 τῆς
596 1835 944 1931 Ἀλεξάνδρου
992 1835 1221 1925 άνύσαςὴ,
1271 1835 1428 1926 αὖθις
1479 1835 1578 1927 τὴν
1605 1835 1615 1839 ⁷
1641 1835 1915 1929 Ἀντιόχου

2031 1843 2254 1899 contulit
2288 1859 2302 1896 :
2346 1841 2551 1897 Lucius
2582 1856 2734 1903 vero,
2772 1838 3237 1909 quemadmodum
3272 1835 3589 1891 mandatum

348 1953 642 2007 κατέλαδεν
671 1971 684 1984 ·
717 1954 746 2006 ό
772 1954 828 2007 δὲ
856 1956 1105 2019 Λούκιος,
1130 1954 1314 2019 καθὼς
1361 1953 1786 2026 προσετέτακτο,
1826 1951 1917 2004 τὸν

346 2041 589 2109 ἡγεμόνα
639 2040 740 2108 τῆς
793 2041 915 2093 κατ’
965 2042 1242 2109 Αἴγυπτον
1279 2042 1541 2112 στρατιᾶς
1581 2042 1679 2094 σὺν
1739 2041 1919 2111 πολλῷ

348 2131 542 2201 πλήθει
572 2133 868 2202 συμμίκτῳ
915 2128 1189 2202 Ἑλλήνων
1214 2133 1311 2187 καὶ
1371 2132 1641 2186 Ἰουδαίων
1688 2133 1919 2187 καὶτῶν

347 2224 454 2279 ἀπὸ
486 2225 587 2294 τῆς
618 2224 889 2295 σφετέρης
915 2226 1074 2295 δόξης
1100 2225 1303 2294 ληῖζων
1341 2224 1504 2296 διῄει,
1544 2225 1638 2279 καὶ
1665 2225 1726 2277 τὸ
1758 2241 1923 2293 στρα-

346 2317 541 2385 τήγιον
564 2317 777 2386 ὲπήγνυ
813 2317 956 2370 κατὰ
996 2316 1107 2369 τῶν
1150 2318 1209 2371 ὲν
1257 2317 1486 2386 ἐρήμοις
1537 2316 1921 2386 διατριϐόντων

352 2408 628 2477 μοναχῶν.
677 2408 764 2460 Ἐν
794 2407 982 2461 ἐλπίσι
1012 2405 1108 2460 καὶ
1137 2406 1247 2478 γὰρ
1289 2402 1378 2477 ἦν,
1409 2408 1483 2469 ὡς
1512 2408 1563 2461 εί
1611 2407 1824 2470 τούτοις
1853 2405 1922 2460 δι’

346 2488 506 2568 δχλου
540 2500 789 2568 γένηται,
822 2499 1058 2570 ἡσυχίας
1107 2498 1325 2566 μάλιστ’
1376 2496 1564 2570 ἐρῶσι,
1608 2500 1922 2568 πειθηνίους

353 2591 523 2658 ἕξειν,
578 2592 673 2644 καὶ
704 2589 845 2644 οὕτω
905 2591 999 2643 καὶ
1052 2590 1161 2643 τῶν
1209 2592 1267 2643 έν
1324 2590 1477 2644 πόλει
1535 2592 1923 2662 περιγενέσθαι

351 2684 696 2753 Χριστιανῶν
729 2704 741 2714 ·
804 2684 924 2738 ἐπεί
978 2684 1060 2737 τοί
1107 2701 1172 2751 γε
1224 2682 1413 2736 πολλοὶ
1475 2681 1780 2752 τηνικαῦτα
1827 2684 1921 2736 καὶ

350 2776 631 2830 θεσπέσιοι
667 2772 858 2844 ἄνδρες
909 2770 1051 2846 ἦσαν
1085 2773 1194 2829 τῶν
1224 2773 1344 2827 κατ’
1377 2774 1658 2842 Αἴγυπτον
1691 2774 1784 2826 καὶ
1813 2773 1926 2842 Θη-

351 2868 515 2922 ϐαΐδα
577 2868 964 2937 μοναστηρίων
1030 2865 1431 2936 προεστηκότες
1462 2908 1477 2929 ,
1529 2866 1629 2937 τὴν
1709 2866 1924 2935 Ἀρείου

346 2952 506 3021 δόξαν
533 2954 767 3027 μάλιστα
794 2955 1181 3025 ἐκτρεπόμενοι
1211 2970 1227 2987 ⁸
1255 2951 1336 3016 οἷς
1359 2959 1425 3008 τὰ
1446 2954 1625 3024 πλήθη
1658 2955 1924 3024 ἑπόμενα,

351 3050 421 3102 τὰ
453 3050 544 3102 ἴσα
595 3051 815 3116 φρονεῖν
867 3049 996 3119 περὶ
1045 3047 1241 3101 πολλοῦ
1302 3048 1561 3100 ἐποιεῖτο.
1636 3045 1775 3100 Οὔτε
1814 3046 1925 3117 γὰρ

353 3142 486 3210 περὶ
513 3142 799 3209 δογμάτων
823 3139 1134 3209 ἀδολεσχεῖν
1168 3138 1384 3209 ἠθελον,
1414 3137 1529 3192 οὔτ’
1584 3139 1882 3208 ἠπίσταντο
1906 3152 1922 3170 ⁸

355 3234 492 3303 παρ’
520 3233 751 3295 ἐκείνοις
772 3232 821 3286 δ’
842 3230 986 3287 εἶναι
1022 3232 1122 3303 τὴν
1153 3233 1420 3298 ἀλήθειαν
1443 3226 1637 3302 ᾤοντο,
1696 3225 1775 3291 οἷς
1833 3232 1926 3284 καὶ

353 3322 489 3384 Θεὸς
515 3321 800 3374 ἐπακούων
847 3322 1073 3389 ἐνήργει
1100 3318 1381 3388 παράδοξα
1417 3337 1431 3352 ο
1462 3320 1558 3371 καὶ
1588 3321 1700 3383 τοῖς
1747 3320 1927 3388 λόγοις

355 3414 455 3482 τῆς
484 3412 740 3476 πίστεως,
793 3414 862 3464 τά
904 3411 1003 3481 τῆς
1061 3412 1263 3482 ἀρετῆς
1292 3410 1432 3481 ἔργα
1461 3410 1878 3481 ἐπεμαρτύρουν
1908 3427 1925 3443 θ

353 3506 575 3566 ὁποίους
631 3503 936 3573 τηνικαῦτα
999 3502 1277 3572 ἡγεμόνας
1329 3497 1471 3555 εἶναι
1523 3502 1632 3554 τῶν
1676 3501 1929 3570 μοναχῶν

354 3596 600 3665 ἔγνωμεν
630 3611 642 3625 ·
670 3595 795 3658 τοὺς
823 3594 915 3647 δύο
936 3596 1080 3664 φημὶ
1123 3594 1467 3664 Μακαρίους,
1523 3593 1615 3649 τὸν
1685 3593 1929 3660 Ἀλεξαν-

354 3688 486 3756 δρέα
511 3689 605 3740 καὶ
635 3688 730 3739 τὸν
766 3688 952 3751 ἀστδν,
980 3678 1057 3740 ὧν
1110 3687 1203 3739 καὶ
1254 3687 1490 3756 πρόσθεν
1529 3686 1884 3757 ἐμνήσθημεν
1914 3705 1929 3719 ·

361 3778 572 3848 [Ιαμὸὡ
600 3795 657 3830 τε
692 3778 785 3830 καὶ
836 3774 1193 3846 Ἡρακλείδην
1223 3779 1432 3831 ἐκεῖνον
1466 3776 1702 3848 ἀρίστως
1753 3778 1934 3849 μαθη-

356 3870 651 3932 τευθέντας
678 3869 755 3938 τῷ
772 3867 1115 3939 καθηγεμόνι
1143 3868 1244 3933 τῆς
1288 3868 1493 3938 ἀρετῆς
1524 3867 1618 3920 καὶ
1661 3868 1770 3919 τῶν
1830 3869 1934 3922 ἀνά

357 3962 460 4031 τὴν
481 3962 756 4028 Αἴγυπτον
785 3959 1195 4029 μοναστηρίων,
1241 3957 1516 4026 Ἀντωνίῳ
1545 3954 1622 4027 τῷ
1644 3958 1807 4025 πάνυ,
1839 3959 1935 4010 καὶ

358 4057 486 4117 τοὺς
506 4054 726 4116 λοιποὺς
767 4052 932 4106 αὐτοῦ
977 4052 1259 4122 φοιτητὰς.
1309 4052 1420 4106 Καὶ
1460 4051 1525 4123 δὴ
1580 4052 1937 4121 λογισάμενος

360 4142 590 4205 Λούκιος
620 4141 694 4206 ὡς
717 4142 816 4195 οὐκ
832 4140 1124 4210 ἐγγένηταί
1152 4156 1332 4206 σφισιν
1366 4140 1422 4191 ὲν
1447 4138 1523 4208 τῷ
1548 4138 1783 4207 ἀσφαλεῖ
1796 4136 1936 4192 me-

361 4235 606 4299 εστάναί,
666 4236 760 4287 καὶ
787 4232 889 4301 τῆς
924 4231 1154 4284 καθόλου
1199 4226 1533 4299 Ἐκκλησίας
1566 4230 1860 4300 κρατῆσαι,
1887 4229 1937 4281 εί

366 4325 444 4396 μὴ
473 4327 599 4389 τοὺς
646 4326 755 4379 τῶν
799 4324 1051 4394 μοναχῶν
1112 4322 1317 4394 ἄκρους
1363 4324 1688 4393 όμοφρονεϊν
1753 4323 1940 4385 αὐτοῖς

362 4420 687 4486 ἀναγκάσοι,
721 4415 997 4485 ἐπεχείρει
1052 4414 1127 4482 τῷ
1163 4415 1312 4487 ἔργῳ
1342 4429 1357 4445 ⁶
1414 4415 1508 4467 καὶ
1555 4414 1679 4466 ιπεὶ
1726 4412 1940 4465 πείθειν

2021 1937 2222 1998 fuerat,
2283 1943 2340 1990 et
2391 1932 2631 2005 Egyptii
2674 1932 2953 1988 exercitus
3000 1932 3152 1990 dux.
3215 1945 3341 1984 cum
3395 1945 3589 1999 magna

2021 2029 2374 2085 multitudine
2401 2044 2470 2082 ex
2492 2026 2700 2083 Graecis
2728 2038 2782 2080 et
2806 2024 3013 2080 Judzeis
3042 2034 3098 2078 et
3130 2023 3348 2078 Arianis
3385 2022 3590 2076 mistim

2021 2122 2280 2185 collecta,
2325 2121 2600 2176 hostiliter
2646 2119 2859 2189 praedas
2902 2118 3034 2186 egit,
3090 2126 3147 2170 et
3197 2114 3392 2171 infesta
3439 2114 3592 2186 signa

2022 2227 2217 2270 contra
2273 2213 2573 2268 monachos
2638 2210 2998 2266 solitudinem
3057 2208 3364 2264 incolentes
3413 2208 3591 2273 duxit,

2026 2304 2188 2377 155.
2223 2304 2295 2359 Ea
2336 2304 2486 2359 enim
2531 2318 2629 2374 spe
2671 2312 2813 2365 erat,
2864 2301 2912 2356 si
2960 2301 3026 2356 iis
3067 2302 3306 2371 quietem
3358 2300 3594 2355 maxime

2024 2396 2480 2453 consectantibus
2510 2393 2817 2449 molestiam
2869 2392 3215 2448 turbulenter
3249 2393 3495 2459 allerret,
3536 2393 3594 2447 in

2024 2498 2296 2560 potestate
2341 2502 2439 2544 eos
2470 2501 2570 2542 sua
2607 2485 2723 2541 fore
2765 2504 2781 2541 :
2823 2485 3165 2555 proindeque
3191 2493 3248 2539 et
3279 2500 3376 2539 eos
3405 2485 3501 2555 qui
3540 2487 3594 2540 in

2027 2582 2262 2637 urbibus
2306 2589 2515 2644 essent,
2561 2577 2927 2636 Christianos.
2968 2593 3000 2631 a
3048 2593 3109 2632 se
3151 2577 3429 2632 devictum
3483 2579 3596 2636 iri:

2027 2671 2474 2744 quandoquidem
2518 2667 2675 2746 multi
2718 2682 2785 2723 ea
2829 2675 3151 2737 tempestate
3193 2665 3491 2722 venerandi
3543 2668 3598 2722 in

2023 2765 2257 2837 Egypto
2310 2774 2366 2819 et
2417 2761 2701 2817 Thebaide
2745 2760 2850 2817 viri
2894 2759 3250 2816 monasteriis
3298 2760 3594 2830 praeibam,

2026 2857 2507 2928 Arii‘Opinionem
2565 2855 2803 2910 maxime
2853 2862 3196 2909 aversantes.
3244 2853 3396 2918 Quos
3442 2854 3601 2924 plebs

2029 2955 2146 3023 ipsa
2180 2962 2391 3013 secuta,
2430 2958 2490 3004 ut
2518 2950 2710 3005 eadem
2744 2966 2869 3005 cum
2904 2949 3014 3004 illis
3054 2949 3123 3004 de
3160 2949 3427 3020 religione
3473 2965 3604 3004 sen-

2030 3045 2181 3108 tiret,
2214 3042 2437 3097 maximi
2470 3042 2729 3097 faciebat.
2761 3041 2952 3111 Neque
2981 3041 3128 3096 enim
3173 3041 3251 3095 illi
3279 3042 3349 3096 de
3376 3041 3603 3112 dogma-

2031 3140 2179 3194 tibus
2207 3136 2398 3207 nugari
2430 3136 2678 3196 voluere.
2702 3150 2766 3188 ac
2793 3150 2862 3188 ne
2891 3142 3125 3203 potuere
3150 3134 3392 3203 quidem.
3428 3135 3602 3192 Penes

2031 3247 2129 3288 eos
2156 3240 2339 3287 autem
2381 3227 2668 3282 veritatem
2715 3241 2837 3280 esse
2889 3224 3144 3280 arbitrati
3180 3238 3331 3289 sunt,
3364 3241 3599 3296 quorum

2032 3337 2228 3393 preces
2277 3321 2422 3377 Deus
2468 3319 2775 3381 exaudiret,
2813 3318 3207 3372 miraculorum
3255 3317 3599 3376 edendorum

2034 3414 2352 3469 facultatem
2382 3413 2467 3467 eis
2497 3412 2772 3474 tribuens,
2801 3418 2858 3464 et
2899 3410 2999 3481 qui,
3029 3410 3155 3463 lidei
3185 3409 3351 3465 verba
3387 3411 3605 3465 virtutis

2033 3504 2448 3574 operationibus
2476 3512 2734 3572 tanquam
2784 3500 3116 3557 testimoniis
3161 3501 3600 3557 conﬁrmarent:

2034 3596 2226 3667 quales
2254 3604 2367 3649 tum
2399 3593 2792 3648 monachorum
2812 3592 2983 3647 duces
3010 3590 3181 3648 fuisse
3205 3592 3606 3656 novim’us,Ma-

2035 3690 2216 3743 corios
2232 3687 2392 3749 duos,
2407 3684 2840 3740 Alexandrinum
2857 3693 2913 3737 et
2926 3683 3230 3748 Urbanum,
3249 3699 3489 3753 quorum
3507 3700 3606 3740 an-

2039 3789 2123 3834 tea
2149 3778 2503 3833 meminimus
2526 3794 2540 3831 :
2562 3777 2692 3831 item
2719 3775 2942 3842 Pantho,
2974 3787 3031 3830 et
3063 3775 3406 3831 lleraclidem
3432 3776 3607 3835 illum.

2039 3871 2133 3940 qui
2166 3869 2374 3939 optime
2400 3869 2470 3922 ab
2502 3869 2743 3923 Antonio
2772 3882 2969 3938 magno
3001 3868 3223 3924 virtutis
3246 3878 3301 3924 et
3322 3868 3606 3943 Egyptio‘

2040 3978 2161 4018 rum
2194 3961 2656 4017 monasteriorum
2690 3960 2939 4016 antistite
2976 3970 3104 4017 sunt
3137 3962 3367 4031 eruditi,
3392 3977 3447 4019 et
3471 3965 3612 4020 alios

2037 4053 2286 4127 ejusdem
2331 4053 2655 4122 discipulos.
2710 4053 2775 4107 Et
2825 4068 2951 4107 cum
3007 4053 3211 4110 Lucius
3256 4070 3444 4110 secum
3496 4058 3613 4127 ipse

2040 4154 2350 4215 repararet,
2371 4144 2490 4199 ﬁeri
2522 4145 2847 4214 neutiquam
2875 4159 3037 4215 posse
3064 4154 3124 4199 ut
3156 4161 3246 4201 res
3272 4147 3607 4202 Arianorum

2041 4240 2097 4292 in
2137 4246 2256 4292 tuto
2293 4251 2500 4301 essent,
2528 4245 2587 4291 et
2620 4235 2723 4307 ipsi
2763 4236 3136 4292 universalem
3170 4237 3274 4291 sibi
3309 4238 3610 4294 Ecclesiam

2039 4326 2419 4397 subjicerent,
2461 4326 2567 4380 nisi
2612 4341 2708 4381 eos
2741 4327 2835 4395 qui
2872 4326 3020 4381 inter
3061 4327 3364 4382 monachos
3410 4332 3609 4383 summi

2042 4426 2250 4482 essent,
2286 4416 2341 4469 in
2384 4416 2717 4471 sententiam
2751 4432 2906 4471 suam
2952 4418 3187 4486 pedibus
3216 4418 3298 4473 ire
3330 4433 3613 4490 cogerent,

362 4509 465 4561 οὐκ
510 4504 646 4577 εἶχε,
681 4506 779 4576 τὴν
811 4504 935 4577 βίαν
965 4505 1229 4575 προσῆγε.
1291 4502 1399 4555 Καὶ
1439 4501 1656 4555 ἔνοπλοι
1713 4502 1929 4570 γυμνοῖς

2047 4523 2161 4562 rem
2192 4523 2313 4563 eam
2349 4519 2435 4563 est
2467 4524 2747 4579 egressus.
2783 4509 2852 4564 Et
2880 4509 2957 4580 (1)
2987 4510 3121 4579 quia
3155 4510 3442 4566 suadendo
3473 4515 3613 4567 nihil

368 4601 464 4654 καὶ
498 4600 632 4668 μηδὲ
661 4601 822 4669 χεῖρα
845 4597 1189 4667 αἱρουμένοις
1218 4593 1522 4664 προτείνειν
1576 4595 1657 4651 εἰς
1723 4593 1941 4664 ἄμυναν

376 4688 710 4753 ἐπελθόντες,
741 4687 991 4750 ἐλεεινῶς
1022 4685 1391 4755 ἐξεπόρθησαν
1426 4699 1439 4713 ·
1468 4683 1545 4745 ὡς
1600 4677 1741 4736 εἶναι
1782 4683 1943 4750 λόγου

372 4781 608 4850 κρείσσω
628 4781 694 4834 τὰ
732 4779 850 4834 κατ’
880 4778 1062 4831 αὑτῶν
1093 4779 1363 4846 γενόμενα
1395 4774 1565 4844 πάθη.
1613 4770 1776 4838 Τέλος
1831 4771 1946 4844 διη-

373 4874 615 4941 μάρτανε
643 4870 736 4923 τοῦ
769 4869 999 4932 σκοποῦ,
1032 4869 1160 4930 τοὺς
1185 4867 1420 4936 αὐχένας
1465 4864 1698 4935 ἑτοίμως
1725 4866 1945 4918 πάντων

370 4963 774 5016 ὐποκλινόντων
804 4964 916 5022 τοῖς
969 4959 1151 5029 ξίφεσι
1177 4974 1193 4990 ο
1225 4959 1320 5010 καὶ
1357 4956 1412 5010 εἴ
1457 4971 1521 5024 γε
1569 4952 1679 5009 δέοι
1741 4956 1943 5020 θανεῖν,

375 5054 901 5126 μᾶλλονσπροούμως
930 5052 1167 5113 ἑλέσθαι,
1195 5051 1230 5122 ἡ
1257 5067 1312 5104 τι
1362 5049 1469 5103 τῶν
1495 5052 1554 5102 ἐν
1602 5045 1814 5120 Νικαίᾳ
1862 5049 1946 5101 δοο

374 5149 582 5213 ξάντων
631 5150 1015 5217 μετακινῆσαι.
1050 5147 1158 5198 Καὶ
1186 5145 1251 5212 δὴ
1283 5143 1526 5211 λέγεται,
1560 5141 1948 5212 προσδοκίμων

374 5240 560 5301 αὐτοῖς
596 5237 879 5291 ἐπιθέσθαι
909 5237 1020 5287 τῶν
1087 5234 1462 5305 στρατιωτῶν,
1497 5236 1620 5287 τινὰ
1662 5233 1799 5302 πρὸς
1844 5233 1947 5286 αύ-

375 5332 503 5391 τοὺς
530 5329 807 5396 γενέσθαι,
846 5330 912 5379 τὰ
958 5326 1067 5379 τῶν
1118 5326 1295 5379 ποδῶν
1343 5325 1525 5395 ἄρθρα
1570 5325 1950 5393 διασεσεισμέ-

376 5439 469 5472 νον
499 5439 513 5452 ν
554 5422 679 5471 ποσὶ
708 5420 765 5470 δὲ
797 5420 870 5487 μὴ
899 5418 1199 5483 δυνάμενον
1219 5416 1442 5479 οίκείοις
1474 5416 1949 5485 ἑπιστηρίζεσθαι,

280 5564 291 5573 ,
379 5512 594 5581 ρὲὅδοις
627 5511 725 5577 τὴν
760 5514 869 5562 τῶν
923 5509 1097 5561 ποδῶν
1163 5507 1355 5578 χρείαν
1407 5506 1783 5576 ἀποπληροῦν.
1844 5504 1952 5559 Καὶ

446 5656 529 5751 ⁵(ί)
565 5685 781 5737 Sozom.
813 5653 942 5737 edd.
976 5698 1097 5751 cap.
1126 5681 1218 5735 20.

454 5750 529 5821 (τι)
560 5755 753 5808 Valens
802 5750 1136 5821 impietatem
1196 5768 1360 5820 quam
1413 5750 1618 5804 dudum
1678 5750 1954 5805 meditans

384 5824 582 5888 fuerat,
620 5825 882 5891 Ultt'rlblls
909 5823 1154 5890 explens,
1195 5822 1371 5887 legem
1407 5821 1556 5886 tulit,
1603 5833 1660 5875 ut
1697 5824 1949 5876 tnouachi

2044 4600 2306 4666 elliceret,
2342 4601 2411 4656 ad
2448 4602 2555 4655 vim
2598 4616 2657 4656 se
2692 4602 2986 4655 convertit.
3033 4602 3219 4671 Itaque
3263 4603 3483 4668 armati,
3513 4621 3614 4659 nu-

2045 4690 2153 4753 dis,
2186 4701 2242 4745 et
2282 4691 2374 4760 qui
2425 4705 2495 4745 ne
2543 4684 2766 4745 manum
2806 4689 3030 4759 quidem
3076 4689 3407 4745 defendendi
3448 4708 3612 4746 causa

2045 4781 2346 4836 extendere
2392 4781 2621 4844 vellent,
2655 4780 2978 4851 ingruentes
3015 4780 3119 4852 (2),
3153 4783 3527 4837 miserandum
3559 4785 3614 4838 in

2050 4869 2271 4924 modum
2303 4885 2401 4924 eos
2434 4868 2768 4931 amixerunt,
2802 4869 2876 4923 ita
2911 4878 2970 4924 ut
3008 4870 3219 4925 cladem
3259 4872 3369 4927 illis
3403 4873 3609 4926 illatam

2047 4961 2236 5016 verbis
2272 4977 2549 5031 exponere
2594 4977 2703 5015 non
2744 4961 2929 5016 liceat.
2971 4962 3260 5017 Postremo
3293 4971 3474 5018 tamen
3508 4980 3621 5019 cui.

2004 5066 2202 5124 'ptum
2241 5054 2292 5107 id
2349 5052 2549 5107 frustra
2602 5053 2726 5118 lmt,
2759 5052 2907 5123 quod
2959 5069 3153 5107 omnes
3207 5056 3382 5124 parati
3435 5066 3623 5110 essent

2047 5145 2297 5214 jugulqu
2334 5144 2658 5199 inclinatum
2695 5145 2892 5214 gladiis
2939 5147 3185 5221 praherp
3211 5187 3225 5210 ,
3260 5158 3338 5213 et,
3397 5149 3440 5203 si
3486 5166 3623 5218 opus

2051 5247 2222 5302 esset,
2265 5236 2403 5288 ntori
2452 5237 2637 5306 potius
2666 5237 2948 5302 alacriter,
2978 5253 3142 5307 quam
3188 5239 3395 5308 aliquid
3427 5242 3496 5294 de
3524 5239 3617 5294 Ni-

2052 5327 2220 5379 cmuis
2250 5325 2488 5379 decretis
2520 5336 2756 5379 mutare.
2796 5326 2994 5380 Fertur
3025 5344 3157 5382 vero
3201 5338 3259 5382 et
3296 5330 3451 5393 illud,
3496 5342 3622 5382 cum

2055 5418 2317 5487 impetum
2338 5417 2747 5471 imminentium
2769 5398 3003 5473 militdm
3023 5429 3419 5487 eXSpectarent,
3438 5436 3626 5488 quem-

2054 5512 2179 5563 dam
2216 5511 2361 5579 apud
2399 5525 2497 5565 eos
2548 5511 2740 5577 fuisse,
2788 5526 2853 5566 cx
2888 5512 3123 5581 pedibus
3155 5519 3378 5582 propter
3419 5515 3628 5567 articu-

2056 5690 2358 5745 militarent
2388 5708 2399 5742 :
2438 5691 2688 5743 nolentes
2722 5705 2821 5758 per
2851 5690 3109 5746 tribunos
3139 5700 3195 5747 et
3226 5690 3429 5748 milites
3463 5690 3628 5748 fusti-

2058 5762 2163 5817 bus
2199 5760 2433 5815 interllci
2460 5760 2647 5829 jussit.
2681 5761 2958 5831 (Eutrop)
3528 5777 3535 5783 ·
