4056 6436
522 358 627 430 655

1738 368 2161 437 NlCEi‘IIOltl
2207 370 2541 438 GALLISTI
2840 404 2847 411 -
3677 374 3768 447 iis

525 485 706 536 lorum
772 482 1191 557 convulsiouem
1242 483 1383 539 adeo
1438 484 1804 555 laborantem,
1877 502 1935 545 ut
1993 490 2101 546 illis

2210 494 2271 562 δὴ
2298 494 2498 547 τοῦτον
2522 494 2687 564 ἐλαίῳ
2728 493 3036 562 χρίσαντες,
3091 484 3533 565 παρεκελεύοντο
3579 502 3667 553 ἐπὶ
3710 507 3777 572 τῷ

520 567 785 630 insistere
824 590 930 627 non
983 583 1199 652 posset,
1231 576 1326 631 sed
1381 575 1727 646 scipionibus
1767 580 2103 650 quibusdam

526 668 750 724 illorum
803 669 979 724 vicem
1025 650 1294 726 et"usum
1341 669 1612 740 expleret.
1654 670 1814 728 Hunc
1858 673 1939 728 illi
1984 675 2107 730 oleo

528 769 754 816 unctum
782 762 833 815 in
870 760 1092 815 nomine
1118 758 1349 825 Christi,
1375 776 1541 831 quem
1569 762 1774 817 Lucius
1797 779 2104 834 perseque-

528 862 720 916 retur,
766 866 996 920 surgere
1045 860 1101 906 et
1145 850 1370 905 domum
1425 851 1505 905 ire
1540 852 1842 923 inusserunt.
1896 857 1965 908 At
2016 854 2107 908 ille

525 946 810 1007 cxsiliens,
856 944 1040 998 statim
1074 943 1182 998 iter
1211 944 1460 1014 perfecit,
1488 944 1682 999 eadem
1716 962 1944 1015 prorsus
1978 962 2104 1001 cum

526 1037 817 1093 monachis
871 1037 991 1092 istis
1046 1035 1281 1091 colenda
1334 1050 1458 1091 esse
1517 1037 1861 1105 praedicans,
1904 1038 2108 1107 quibus

525 1132 704 1196 Deus,
760 1128 990 1182 Lucium
1044 1127 1124 1199 (l)
1174 1127 1608 1193 accusantibus,
1659 1131 1892 1199 gratiam
1950 1145 2108 1189 suam

523 1220 882 1285 concederet,
915 1230 969 1274 et
998 1233 1190 1274 aurem
1226 1231 1332 1273 tam
1361 1217 1597 1290 benigne
1629 1220 1923 1289 prmberet,
1961 1233 2020 1278 ut
2052 1237 2112 1279 se

526 1324 636 1367 tam
684 1311 951 1365 diuturno
1003 1308 1205 1363 morbo
1247 1307 1560 1363 liberarint.
1600 1306 1755 1379 155
1794 1307 1996 1364 Verum
2041 1325 2111 1366 ne

524 1406 594 1460 iis
620 1402 845 1474 quidem
890 1403 1027 1472 ipsis
1075 1402 1244 1456 rebus
1288 1400 1370 1456 eis
1421 1401 1639 1456 consilii
1692 1406 1974 1472 coeptique
2023 1403 2111 1458 sui

526 1495 858 1568 poenitentia
914 1494 1164 1549 incessit.
1215 1492 1389 1549 Noctu
1447 1495 1597 1548 enim
1656 1493 1757 1549 hos
1812 1509 2112 1566 Oppressus

526 1597 694 1658 atque
722 1587 1166 1657 comprehensos
1197 1587 1257 1640 in
1285 1587 1524 1641 insulam
1558 1589 1853 1656 quamdam
1877 1588 2109 1643 circum-

520 1680 675 1736 circa
722 1680 844 1734 lacu
896 1676 1107 1748 ingenti
1160 1677 1564 1733 circumdatam
1617 1677 1913 1742 miserunt,
1946 1693 2112 1749 quam

521 1771 835 1841 antiquitus
872 1770 1128 1825 homines
1160 1770 1576 1839 superstitionis
1606 1770 1986 1838 datmonia'eze,
2014 1772 2110 1843 qui

2207 587 2449 659 Χριστοῦ
2497 587 2746 657 ὀνόματι,
2803 587 2864 640 ὃν
2920 588 3148 652 Λούκιος
3193 588 3409 658 διώκει,
3449 592 3779 653 άνίσταιθαι,

2208 678 2302 731 καὶ
2332 678 2514 732 οἴκαδε
2544 678 2778 733 ἐπιέναι.
2825 678 2884 732 Ὀ
2918 678 2963 732 δ’
2993 678 3161 743 εὐθὺς
3194 680 3523 750 ἁλλόμενος,
3555 683 3651 754 τὴν
3675 672 3780 739 όδδυ

2206 770 2390 840 ἤνυεν,
2427 770 2597 841 ἄρδην
2629 772 2916 842 κηρύττων
2944 770 3019 835 ὡς
3075 773 3144 828 τὰ
3197 772 3286 825 ῐσα
3348 773 3569 838 τούτοις
3619 779 3780 846 χρεὼν

2210 862 2409 925 σέϐειν,
2441 857 2525 922 οἷς
2583 863 2678 917 καὶ
2707 864 2840 926 Θεὸς
2896 866 2996 934 τὴν
3053 864 3218 935 χάριν
3270 866 3688 935 ἐπιψηφίζεται,
3722 873 3777 938 τῇ

2208 955 2515 1026 κατηγορίᾳ
2543 955 2778 1010 Λουκίου
2819 974 2833 988 ·
2861 950 2945 1020 οἷς
2973 958 3066 1009 καὶ
3098 956 3192 1018 οὒς
3234 958 3515 1029 παρέσχεν
3548 961 3778 1030 εὐῆκοον,

2208 1047 2300 1101 τὸν
2338 1049 2618 1117 κάμνοντα
2644 1048 2738 1102 τοῦ
2774 1048 3007 1104 παλαιοῦ
3067 1048 3388 1116 ἀπαλλάξας
3432 1051 3661 1115 πάθους.
3713 1052 3783 1105 Οὐ

2215 1141 2321 1211 μὴν
2347 1142 2441 1195 καὶ
2465 1141 2667 1195 τούτων
2691 1144 3022 1210 γενομένων,
3063 1142 3373 1212 μετάμελος
3414 1144 3647 1205 ἐκείνοις
3677 1144 3779 1197 εῐσ-
3888 1168 3898 1179 ο

2209 1232 2296 1305 ᾔει
2338 1232 2751 1288 ἐπιϐουλεύουσι
2776 1251 2792 1268 ο
2826 1234 3043 1305 νύκτωρ
3108 1237 3203 1290 καὶ
3237 1236 3349 1308 γὰρ
3374 1238 3652 1304 ἐπιόντες,
3700 1238 3785 1290 καὶ

2211 1326 2430 1389 τούτους
2454 1327 2932 1396 ἁναρπασάμενοι,
2960 1329 3052 1381 ἐπί
3082 1346 3200 1381 τινα
3252 1331 3422 1397 νῆσον
3481 1331 3780 1400 ἀπήγαγον,

2211 1421 2397 1488 κύκλῳ
2464 1421 2693 1490 λίμνην⁴
2732 1421 3206 1493 περιϐεϐλημένην
3289 1421 3501 1493 πολλὴν
3540 1462 3554 1484 ,
3605 1422 3672 1494 ἢν
3734 1422 3787 1486 ἐξ

2212 1513 2444 1584 ἀρχαίου
2467 1512 2659 1584 ἄνδρες
2683 1511 2863 1584 ᾤκουν
2898 1514 3295 1586 δεισιδαιμονίᾳ
3328 1515 3479 1585 μάλα
3507 1513 3785 1583 συζῶντες,

2213 1604 2308 1657 καὶ
2335 1602 2428 1657 τοῦ
2457 1604 2577 1657 καθ’
2599 1605 2745 1674 ἡμᾶς
2773 1603 3042 1675 δόγματος
3066 1604 3300 1675 πάμπαν
3334 1605 3587 1675 ἀνήκοοι.
3613 1599 3719 1656 Ἦν
3746 1600 3788 1655 δ’

2214 1697 2402 1760 αὐτοῖς
2452 1697 2632 1750 ἐκεῖσε
2698 1694 2793 1749 καὶ
2844 1696 3176 1751 παλαίτατσν
3221 1695 3457 1767 τέμενος
3505 1695 3787 1764 ἀλάστορος

2213 1787 2488 1858 δαίμονος,
2522 1783 2583 1843 οὗ
2614 1789 2746 1843 πολῦ
2776 1787 2838 1842 τὸ
2872 1789 3037 1851 σὲδας
3086 1789 3218 1860 παρ’
3270 1790 3464 1852 αὐτοῖς
3514 1790 3787 1860 ἐντετηκὸς

520 1866 836 1921 doctrinam
871 1872 1117 1917 nostram
1150 1875 1378 1932 prorsus
1406 1877 1515 1916 non
1548 1862 1861 1930 audissent,
1897 1863 2109 1921 incole-

2215 1849 2557 1950 pdiwra'ﬁv.
2599 1880 2753 1934 Ἐπεὶ
2775 1881 2831 1935 δέ
2854 1881 2954 1949 τῆς
2998 1849 3179 1944 νήσου.
3224 1849 3537 1945 ἐπέϐαινον,
3586 1849 3786 1950 δαίμονι

524 1957 678 2012 bant.
723 1957 857 2010 Erat
881 1965 1066 2011 autem
1098 1955 1284 2009 adhuc
1320 1955 1394 2010 ibi
1434 1956 1738 2025 perniciosi
1772 1967 1827 2012 et
1857 1957 2107 2028 pestiferi

524 2048 796 2105 dazmonis
847 2046 1299 2116 antiquissimum
1351 2046 1646 2102 delubrum
1677 2089 1693 2115 ,
1743 2049 1904 2121 cujus
1955 2049 2107 2105 cultu

524 2143 826 2199 etiamnum
876 2141 1113 2197 maxime
1169 2140 1523 2196 tenebantur.
1573 2141 1871 2211 Postquam
1921 2149 2106 2197 autem

526 2234 766 2290 insulam
792 2233 1119 2304 attigerunt,
1150 2231 1458 2288 sacerdotis
1486 2233 1617 2295 lilia,
1649 2248 1679 2287 a
1711 2232 1961 2290 daemone
1990 2233 2109 2305 agi-

527 2336 659 2394 tata,
711 2325 781 2380 ad
834 2339 932 2380 eos
978 2324 1152 2380 venit.
1206 2323 1347 2390 Qua!
1392 2324 1487 2379 ubi
1541 2340 1709 2381 cursu
1759 2335 1816 2379 et
1865 2325 2110 2383 clamore

526 2414 803 2472 indecenti
829 2414 899 2470 ad
931 2428 1030 2470 eos
1062 2414 1451 2480 contenderet,
1476 2414 1670 2473 insulae
1705 2414 1923 2481 incolae,
1954 2416 2112 2471 novi-

528 2519 641 2564 tate
668 2509 788 2575 ejus
807 2507 887 2562 rei
912 2507 1280 2569 consternati,
1303 2521 1424 2562 eam
1450 2515 1583 2562 sunt
1609 2508 1810 2563 secuti.
1841 2505 1949 2563 Ubi
1974 2520 2110 2564 vero

526 2600 596 2656 ad
629 2615 848 2665 navem,
881 2613 991 2671 qua
1034 2599 1208 2653 divini
1258 2599 1338 2653 illi
1374 2614 1536 2655 senes
1583 2599 1652 2655 ad
1685 2600 1844 2655 littus
1885 2602 2114 2671 appule-

527 2703 677 2756 rant,
716 2693 976 2757 accessit,
1025 2691 1361 2746 dmmonium
1406 2692 1554 2746 illam
1602 2692 1921 2748 convellens
1956 2692 2110 2747 humi

528 2785 789 2857 projecit,
826 2793 884 2838 et
922 2798 1126 2854 magno
1155 2799 1256 2854 per
1288 2783 1435 2838 illam
1483 2784 1730 2838 clamore
1771 2785 1922 2839 edito
1950 2785 2111 2839 obse—

530 2876 743 2941 cravit,
792 2895 811 2928 ι
859 2873 1172 2942 Quidnam,
1228 2874 1518 2945 inquiens,
1576 2875 1644 2929 ad
1698 2891 1800 2931 nos
1855 2877 2110 2944 venistis,

532 2969 718 3041 magni
762 2969 859 3024 Dei
893 2969 1178 3025 ministri?
1218 2968 1461 3023 Insulam
1498 2984 1739 3039 namque
1775 2969 1939 3024 istam
1970 2971 2112 3040 jam-

528 3061 737 3117 dudum
782 3076 884 3117 nos
929 3062 1139 3132 absque
1176 3060 1434 3116 molestia
1481 3070 1538 3116 et
1576 3061 1731 3116 turba
1769 3061 1921 3115 omni
1961 3073 2112 3116 tene-

531 3169 673 3217 mus.
708 3163 763 3210 et
790 3154 1053 3210 omnibus
1094 3168 1266 3224 prope
1301 3152 1622 3207 hominibus
1650 3150 1845 3224 ignoti,
1876 3164 1932 3208 et
1959 3153 2112 3207 lacu-

532 3251 638 3305 bus
692 3249 814 3305 istis
882 3246 1287 3304 circumvallati
1368 3244 1457 3299 hic
1514 3246 1771 3300 latemus.
1852 3244 2009 3311 Quod
2062 3244 2107 3299 si

531 3342 795 3412 deinceps
831 3340 989 3395 vobis
1022 3339 1166 3393 hanc
1200 3338 1484 3408 regionem
1521 3338 1765 3393 incolere
1795 3337 1974 3392 visum
2002 3346 2107 3404 est,

532 3435 772 3490 libenter
824 3431 1181 3488 decedemus.
1222 3448 1242 3483 ι
1297 3430 1448 3485 Talia
1482 3430 1695 3485 daemon
1726 3445 1824 3500 per
1870 3431 2108 3500 puellam

532 3525 967 3580 vociferabatur.
1001 3523 1107 3589 Qui
1160 3522 1497 3592 simulatque
1533 3522 1603 3577 ab
1648 3522 1756 3576 illis
1802 3522 2110 3592 increpitus

533 3619 698 3673 silere
731 3617 924 3687 jussus
953 3625 1060 3684 est,
1102 3615 1287 3686 puella
1327 3630 1358 3670 e
1393 3614 1628 3686 vestigio
1660 3629 1786 3670 cum
1812 3614 2026 3685 pudore
2054 3625 2113 3670 et

533 3710 803 3762 modestia
836 3711 903 3762 ad
955 3707 1192 3777 seipsam
1236 3705 1427 3761 rediit.
1467 3704 1531 3760 Et
1578 3715 1737 3776 pater
1778 3706 1899 3777 ejus
1943 3715 2111 3776 atque

534 3802 712 3856 insula
738 3801 923 3855 omnis
943 3813 1066 3854 cum
1099 3798 1298 3854 incolis
1323 3798 1598 3853 universis
1621 3796 2111 3857 Christianismum

533 3893 774 3962 suscepit
808 3910 821 3946 :
850 3891 1228 3961 templumque
1255 3889 1405 3960 quod
1438 3889 1513 3944 ibi
1548 3900 1690 3955 erat,
1718 3900 2103 3960 repurgatum,

534 3995 704 4057 atque
748 3986 804 4040 in
836 3984 1129 4040 ecclesiam
1179 3982 1658 4047 transformat'um,
1698 3982 1922 4037 Christo
1957 3982 2113 4037 dedi-

533 4077 694 4134 cavit.
746 4077 823 4131 Ea
868 4091 961 4131 res
1005 4074 1414 4145 quamprimum
1463 4073 1854 4128 Alexandriam
1902 4089 2112 4129 renun-

537 4173 668 4225 tiata
713 4170 884 4224 Lucio
919 4184 1031 4223 non
1078 4180 1272 4237 parum
1329 4166 1518 4221 attulit
1554 4166 1834 4222 maeroris.
1885 4165 2112 4220 Factum

533 4261 681 4315 enim
731 4260 859 4314 inde
906 4267 1011 4323 est,
1057 4269 1115 4311 ut
1158 4272 1265 4312 non
1316 4257 1496 4311 solum
1545 4256 1877 4318 alienorum,
1915 4271 2108 4311 verum

534 4355 701 4409 etiam
774 4353 1124 4423 popularium
1192 4364 1422 4406 suorum
1496 4349 1687 4403 odium
1752 4348 2106 4416 incurreret;

536 4446 764 4515 perinde
795 4454 960 4513 atque
990 4448 1035 4498 is
1068 4446 1161 4514 qui
1195 4459 1304 4497 non
1324 4458 1450 4498 cum
1483 4442 1828 4509 hominibus,
1858 4443 1951 4497 sed
1985 4458 2108 4497 cum

2210 1974 2545 2042 κατάσχετον
2573 1974 2875 2041 γενομένην
2899 1971 2996 2040 τὴν
3024 1971 3115 2024 τοῦ
3141 1972 3333 2041 ἱερέως
3364 1971 3641 2042 θυγατέρι
3666 1968 3789 2040 παρ’

2207 2060 2453 2124 ἐκείνους
2490 2062 2673 2132 ἥκειν.
2714 2059 2805 2121 Ὠς
2843 2060 2902 2114 δέ
2938 2059 3125 2130 δρόμῳ
3160 2058 3364 2113 θέουσα
3425 2060 3526 2132 βοῇ
3570 2060 3783 2127 ἀκόσμῳ

2207 2152 2304 2209 τοῦ
2331 2150 2520 2224 πρόσω
2553 2152 2749 2222 εῐχετο,
2779 2154 2826 2204 oi
2867 2151 2975 2219 τὴν
3008 2149 3170 2219 νῆσον
3209 2148 3518 2216 οἰκοῦντες,
3550 2148 3626 2220 τῷ
3658 2149 3783 2219 ξένῳ

2207 2244 2300 2297 τοῦ
2317 2242 2641 2314 πράγματος
2659 2240 2955 2313 ἔκπληκτοι
2971 2240 3274 2310 γεγονότες,
3291 2240 3534 2293 κατόπιν
3551 2239 3783 2297 ἐδίωκον.

2221 2333 2373 2389 Ἐπεὶ
2398 2333 2447 2390 δ’
2476 2337 2569 2390 ἐπὶ
2595 2338 2695 2405 τὴν
2716 2332 2850 2388 ναῦν
2881 2335 2915 2405 ἢ
2932 2334 3055 2399 τοὺς
3086 2333 3263 2397 θείους
3315 2333 3635 2403 πρεσϐύτας
3662 2331 3783 2386 καθ-

2208 2428 2474 2500 ώρμιζεν,
2543 2428 2815 2498 ἐγεγόνει,
2849 2425 3139 2496 σπαράξαν
3193 2424 3367 2494 αὐτὴν
3394 2425 3456 2480 τὸ
3498 2425 3782 2501 δαιμόνιον,

2208 2522 2289 2584 εις
2314 2522 2419 2590 γῆν
2444 2520 2669 2591 ἔρριπτε
2696 2536 2712 2550 ο
2751 2519 2895 2589 μέγα
2931 2517 2990 2573 δέ
3021 2519 3224 2592 κρᾶζον
3259 2519 3331 2574 δι’
3382 2520 3625 2589 ἐκείνης,
3668 2519 3783 2571 ἐπο-

2208 2614 2412 2677 τνιᾶτο,
2442 2632 2461 2664 ι
2499 2613 2615 2666 Ἲνα
2639 2612 2711 2679 τί,
2738 2611 2934 2681 λέγων,
2968 2612 3103 2682 πρὸς
3130 2613 3275 2683 ἡμᾶς
3295 2612 3490 2683 ἥκετε,
3529 2609 3663 2665 Θεοῦ
3684 2626 3782 2679 με·-

2209 2706 2372 2773 γέιλου
2392 2704 2761 2775 θεράποντες;
2818 2703 2977 2776 τήνδε
3008 2705 3118 2774 γὰρ
3147 2704 3310 2774 ἡμεῖς
3347 2705 3450 2775 τὴν
3513 2704 3674 2774 νῆσον
3723 2701 3780 2753 ἐκ

2212 2797 2409 2851 πολλοῦ
2483 2797 2870 2867 κατοικοῦμεν,
2927 2796 3104 2850 οὐδενὶ
3161 2795 3228 2851 δι’
3272 2797 3439 2867 ὄχλου
3498 2798 3779 2866 γινόμενοι,

2210 2892 2343 2944 πᾶσι
2375 2890 2419 2943 δ’
2450 2890 2758 2961 ἀνθρώποις
2785 2890 2972 2960 σχεδὸν
2999 2889 3245 2957 ἀγνῶτες
3273 2889 3432 2955 ὄντες
3460 2906 3474 2919 ’
3523 2889 3618 2945 καὶ
3668 2903 3779 2941 ταυ-

2211 2980 2364 3034 ταισὶ
2419 2983 2541 3043 ταῖς
2599 2981 2821 3051 λίμναις
2871 2980 3391 3051 περιπεφραγμένοι
3438 2979 3776 3047 λανθάνομεν.

2213 3071 2275 3123 Ei
2305 3071 2361 3122 δὲ
2386 3070 2477 3123 τοῦ
2509 3070 2695 3122 λοιποῦ
2730 3070 2884 3138 φίλον
2913 3070 3041 3140 ὑμῖν
3068 3069 3146 3140 τῷ
3187 3062 3354 3140 χώρῳ
3382 3072 3559 3139 τούτῳ
3594 3068 3776 3122 ἐνδιαι-

2163 3209 2180 3229 ,
2212 3161 2430 3227 τᾶεθατ,
2467 3162 2684 3226 ἑκόντες
2732 3163 3185 3233 άναχωρήσομεν.
3213 3181 3231 3213 ι
3268 3163 3378 3215 Καὶ
3409 3164 3633 3216 τοιαῦτα
3691 3156 3779 3226 μὲν

2213 3258 2240 3308 ὁ
2265 3256 2476 3325 δαίμων
2499 3255 2588 3307 διὰ
2615 3254 2714 3323 τῆς
2745 3255 2914 3325 κόρης
2945 3253 3273 3321 ἐφθέγγετο.
3338 3254 3498 3306 Ἐπεὶ
3529 3252 3575 3306 δ’
3614 3252 3776 3302 ἐπετι-

2215 3349 2356 3416 μᾶτο
2390 3345 2521 3417 παρ’
2541 3347 2766 3399 ἐκείνων
2804 3346 2985 3416 σιγᾷν,
3015 3348 3046 3416 ἡ
3082 3345 3183 3415 μὲν
3245 3347 3376 3409 παῖς
3433 3344 3633 3398 αὐτίκα
3682 3335 3775 3391 σώ-

2213 3455 2367 3509 φρων
2394 3436 2461 3511 ἦν
2490 3457 2504 3469 ’
2526 3440 2556 3491 ό
2587 3439 2642 3491 δὲ
2664 3441 2763 3506 τῆς
2789 3439 2955 3508 κόρης
2982 3440 3161 3508 πατὴρ
3191 3437 3284 3490 καὶ
3313 3438 3348 3506 ἡ
3398 3437 3561 3507 νῆσος
3608 3432 3777 3487 ἅπασα

2214 3529 2489 3599 πανδημεὶ
2534 3528 2604 3580 τὰ
2653 3526 2998 3598 Χριστιανῶν
3058 3524 3449 3595 κατησπάζετο
3480 3541 3495 3556 ο
3553 3522 3643 3576 καὶ
3694 3519 3778 3571 τδν

2212 3624 2392 3676 ἐκεῖσε
2423 3619 2559 3674 νεὼν
2590 3619 3156 3689 μετασκευασάμενοι,
3189 3619 3267 3682 εἰς
3284 3617 3588 3688 ἐκκλησίαν
3632 3609 3774 3667 καθίο

2214 3708 2357 3765 στων
2379 3710 2861 3784 Χριστοῦ.’Τάχος
2913 3711 2970 3764 δέ
3017 3707 3191 3763 ταῦτα
3235 3715 3337 3778 τὴν
3390 3705 3779 3777 Ἀλεξάνδρειαν

2212 3804 2413 3875 ἔφθανε
2444 3819 2459 3836 ⁸
2498 3804 2591 3858 καὶ
2615 3804 2675 3857 οὐ
2705 3804 2900 3874 μέτρια
2934 3802 3123 3856 ἐλύπει
3151 3803 3241 3855 τὸν
3264 3802 3518 3856 Λούκιον.
3544 3794 3774 3852 Συνέὄαι-

2214 3915 2270 3952 νε
2300 3898 2411 3968 γὰρ
2444 3896 2719 3963 ἐντεῦθεν,
2756 3896 2832 3967 μὴ
2893 3896 3043 3966 παρὰ
3071 3895 3180 3949 τῶν
3244 3895 3545 3967 ἀλλοτρίων
3610 3892 3775 3962 μόνον,

2213 3990 2352 4043 ἀλλὰ
2374 3989 2470 4043 καὶ
2486 3988 2643 4059 παρὰ
2676 3989 2785 4042 τῶν
2808 3988 3026 4042 οἰκείων
3061 3989 3119 4040 ἐν
3154 3989 3303 4058 μίσει
3358 3982 3525 4051 εἶναι,
3585 3983 3676 4038 ἆτε
3718 3977 3774 4044 δὴ

2217 4081 2295 4152 μὴ
2325 4080 2656 4151 ἀνθρώποις,
2689 4079 2804 4133 ἀλλ’
2830 4080 3096 4150 ἀντικρὺς
3139 4079 3261 4152 Θεῷ
3293 4079 3385 4135 διὰ
3453 4078 3629 4151 μάχης
3675 4070 3775 4125 ίὼνο

2215 4172 2326 4226 Καὶ
2348 4172 2548 4225 αὐτίκα
2581 4171 2758 4243 λάθρα
2789 4174 2912 4235 τοὺς
2940 4172 3087 4241 ἀμφὶ
3110 4171 3403 4241 Μακάρισν
3449 4171 3544 4224 ἐπὶ
3592 4167 3656 4220 τὰ
3697 4161 3771 4215 οἱα-

2213 4265 2337 4316 κεϊα
2386 4254 2627 4333 ἦθη’καὶ
2669 4262 2766 4331 τὴν
2816 4261 3025 4332 ἔρημον
3067 4263 3351 4315 ἐπανιέναι
3408 4259 3771 4332 προσέταττεν.

2224 4354 2409 4409 Ἱκανὰ
2446 4355 2545 4425 μέν
2575 4351 2668 4408 οῦν
2699 4357 2795 4408 καὶ
2835 4353 3005 4408 ταῦτα
3051 4353 3146 4406 τοῦ
3193 4354 3430 4408 Λουκίου
3473 4351 3641 4415 δεῖξαι
3685 4342 3773 4409 τὴν

2212 4447 2310 4517 τῆς
2342 4447 2598 4510 άσεόείας
2625 4447 2886 4518 ὠμότητα
2927 4444 3290 4518 ’λεπτότερον
3333 4445 3394 4500 δὲ
3445 4440 3597 4513 οἶμαι
3640 4433 3768 4490 διδά·

534 4539 654 4609 ipso
688 4553 913 4606 prorsus
964 4537 1075 4591 Deo
1123 4536 1326 4591 bellum
1367 4544 1605 4605 gereret.
1656 4534 1846 4604 Itaque
1890 4536 2106 4590 occulte

2215 4537 2325 4601 ξειν
2359 4538 2452 4590 τοῦ
2512 4536 2807 4590 θεσπεσίου
2860 4539 3065 4606 Πέτρου
3121 4535 3190 4589 τὰ
3234 4535 3543 4606 γράμματα
3591 4529 3649 4581 τὸ
3683 4524 3769 4589 ἐἰς

533 4631 742 4697 statim,
778 4639 839 4684 ut
868 4628 1090 4684 Macarii
1122 4627 1190 4683 ad
1232 4626 1416 4682 studia
1444 4639 1545 4680 sua
1570 4633 1626 4680 et
1659 4625 1713 4680 in
1747 4626 2102 4681 solitudinem

2217 4628 2441 4699 γνώμης
2460 4628 2855 4699 ἀπάνθρωπον.
2899 4627 3043 4697 Ἐγὼ
3073 4628 3127 4681 δὲ
3156 4627 3215 4681 τὸ
3246 4626 3425 4698 μῆκος
3458 4625 3552 4694 τῆς
3577 4624 3771 4673 ἐπιστο-

536 4723 805 4787 redirent,
867 4722 1145 4792 praecepit.
1194 4718 1345 4774 Satis
1389 4717 1611 4788 quidem
1661 4717 1777 4773 haec
1829 4718 2106 4771 crudelem

2216 4722 2316 4790 λῆς
2347 4722 2586 4790 φαύλων,
2624 4722 2723 4774 ὅσα
2783 4722 3071 4792 πρόσφορα
3101 4725 3166 4792 τῇ
3207 4721 3347 4791 μετὰ
3375 4721 3558 4791 χεῖρας
3592 4704 3767 4767 ὑποθέ-

458 4862 463 4865 .
533 4816 690 4871 Lucii
738 4817 1073 4886 impietatem
1110 4812 1376 4867 iudieant.
1420 4811 1679 4866 Exaclius
1724 4820 1907 4864 tamen
1941 4810 2107 4864 animi

2217 4829 2321 4876 σει,
2345 4814 2554 4867 ἐκεῖθεν
2585 4814 3004 4884 ἐρανισάμενος,
3036 4818 3100 4887 τῇ
3143 4816 3435 4885 συγγραφῇ
3464 4803 3766 4879 παραθήσω»

534 4908 657 4981 ejus
686 4909 1149 4965 inhumanitatem
1177 4905 1347 4959 divini
1382 4905 1531 4960 Petri
1558 4905 1755 4959 litterm
1782 4905 2063 4959 declarant
2093 4923 2106 4957 :

2215 4906 2424 4975 Γράφει
2471 4904 2529 4958 δέ
2558 4904 2698 4959 οὕτω
2726 4921 2740 4936 ³

532 5021 765 5078 quarum
809 5020 911 5076 ego
942 5003 1311 5073 prolixitatem
1358 5001 1600 5071 fugiens,
1654 5018 1776 5071 qua:
1832 5002 1956 5058 loco
1997 5001 2127 5058 huic
2165 5001 2581 5058 accommodata
2612 5011 2781 5070 sunt,
2841 5019 2905 5058 ex
2951 5002 3035 5057 eis
3080 5002 3391 5073 decerpam,
3436 5008 3491 5055 et
3542 4986 3766 5050 historia:

533 5100 807 5171 adjiciam.
837 5096 1045 5154 Scribit
1077 5106 1262 5151 autem
1289 5095 1355 5148 ad
1390 5097 1537 5149 hunc
1568 5094 1793 5149 modum
1831 5114 1843 5147 :

604 5254 889 5395 (l)2lln)his
947 5254 1329 5309 Theodoretus
1377 5252 1547 5309 fuisse
1592 5249 1793 5310 scribit
1823 5249 1962 5305 ducs
2017 5246 2305 5315 Macarios,
2343 5257 2399 5305 et
2446 5248 2737 5318 lsidorum,
2791 5250 2905 5307 lib..
2941 5264 3019 5316 tv,
3049 5266 3170 5322 cap.
3206 5251 3297 5306 2t.
3367 5243 3592 5320 {Theod.
3647 5231 3758 5293 eod.

604 5350 652 5395 p.
760 5364 772 5380 .

530 5343 652 5399 cap.
682 5343 772 5382 ιιι.
