4056 6422
264 348 364 404 rm
1187 320 1796 396 ECCLESIASTICA!
1834 330 2225 394 HISTORIE
2264 329 2413 390 LIB.
2458 330 2566 394 xr.
3432 320 3541 383 ore

265 464 546 525 {aps-11;.
579 449 665 504 ἐπ’
702 448 946 518 εὐλόγοις
977 449 1095 521 ταῖς
1136 447 1482 517 προφάσεσιν
1509 446 1719 514 ἐπέστη
1755 446 1853 498 πό-

1975 444 2137 500 venit.
2173 444 2290 499 Non
2324 445 2472 499 enim
2504 445 2704 508 solum,
2735 449 2793 495 ιιι
2827 429 3051 494 infamis
3078 435 3169 492 ille
3208 432 3264 487 in
3306 431 3541 488 Psalmis

263 524 395 612 λεώς
416 564 430 577 ·
486 547 549 601 οὐ
580 546 690 617 γάρ
712 545 791 615 (l)
825 545 1008 615 μόνον,
1036 543 1112 606 ὡς
1143 543 1171 594 6
1202 541 1495 612 δύσφημος
1529 542 1589 595 ἐν
1606 541 1859 611 Ψαλμοῖς

1975 535 2257 607 insipiens,
2288 537 2425 595 dicit
2454 556 2468 593 :
2498 538 2616 592 Non
2648 544 2734 592 est
2766 534 2912 589 Deus
2943 545 3111 588 verus
3139 526 3417 590 Christus,
3447 524 3542 617 sed

263 646 458 714 ἄφρων
491 641 668 709 λέγει,
725 640 839 692 Οὐκ
872 636 990 691 ἔστι
1023 636 1156 701 Θεὸς
1204 636 1461 705 ἀληθινὸς
1511 637 1541 690 6
1579 635 1821 706 Χριστος
1844 671 1860 698 ,

266 734 409 787 ἀλλὰ
441 732 537 786 καὶ
558 732 671 794 τοῖς
706 729 1110 800 ἐπιτηδεύμασι
1133 727 1398 799 διεφθάρη
1416 744 1429 759 ’
1452 726 1547 780 καὶ
1566 726 1861 796 διέφθειρε,

270 823 477 894 χαίρων
500 823 591 875 ἐπὶ
617 824 735 884 ταῖς
754 820 1130 891 βλασφημίαις
1155 823 1275 884 ταῖς
1314 819 1457 874 κατὰ
1491 818 1584 874 τοῦ
1609 817 1864 890 Σωτῆρος

269 914 662 985 πεμπομέναις
705 913 859 986 παρὰ
875 914 985 967 τῶν
1006 916 1073 985 τῇ
1100 914 1278 967 κτίσει
1301 913 1677 983 λατρευόντων
1710 913 1863 984 παρὰ

267 1012 359 1063 τὸν
388 1011 654 1063 κτίσαντα
674 1025 689 1040 ο
721 1005 839 1071 πῶς
872 1008 980 1079 γὰρ
1008 1002 1175 1076 οὐχὶ(
1197 1006 1332 1059 ὅπου
1386 1021 1450 1074 γε
1477 1004 1864 1076 παραπλήσιον

275 1103 539 1172 Ἓλλησιν
567 1100 710 1171 ἔχων
741 1100 803 1153 τὸ
833 1102 1115 1170 φρόνημα.
1141 1098 1445 1169 προσφάτῳ
1476 1097 1655 1170 τολμᾷ
1693 1099 1722 1152 6
1744 1097 1863 1151 άλι-

271 1196 465 1266 τήριος
514 1193 700 1248 σέϐειν
743 1192 896 1262 seq);
940 1192 1059 1246 Ἐπ’
1088 1192 1248 1261 ὂψεσι
1284 1194 1394 1262 γὰρ
1437 1189 1604 1244 αὐτοῦ
1635 1189 1865 1253 τούτους

270 1290 402 1353 τοὺς
450 1288 709 1349 ἐπαίνους
746 1286 1030 1356 ἔπεμπον·
1078 1286 1274 1349 Καλῶς
1323 1281 1510 1356 ἦλθες,
1561 1286 1863 1350 ἐπίσκοπε,

270 1382 403 1437 Υζδν
432 1382 507 1451 μὴ
543 1382 738 1449 λέγων.
787 1382 846 1435 '0
881 1381 1127 1444 Σαράπις
1155 1396 1215 1433 σε
1246 1381 1416 1449 φιλῶν
1450 1381 1758 1446 εἰσήνεγκε,
1806 1379 1868 1432 τὸ

273 1476 508 1546 πάτριον
554 1475 771 1527 εἴδωλον
828 1473 1042 1527 ἑαυτῶν
1087 1472 1469 1549 ὀνομάζοντες.
1504 1471 1714 1524 Αὐτίκα
1756 1469 1868 1541 γάρ

274 1569 456 1639 ῥοπῆς
467 1569 723 1636 οὐδεμιᾶς
741 1565 1143 1636 παρελθούσης,
1161 1567 1189 1618 6
1208 1565 1605 1634 προειρημένος
1618 1564 1866 1630 Μάγνος,

273 1665 304 1715 6
329 1661 429 1731 τῆς
452 1659 710 1722 ἀσεϐείας
744 1656 897 1727 αὐτῷ
925 1657 1183 1719 κοινωνὸς
1215 1656 1551 1727 ἀδιαίρετος,
1591 1656 1686 1709 καὶ
1713 1656 1870 1727 δορυ-

277 1756 441 1822 φόρος
471 1752 668 1819 πικρὸς
706 1753 798 1804 καὶ
838 1750 1132 1820 σατράπης
1159 1748 1470 1819 ὠμότατος,
1505 1747 1869 1818 συναθροίσας

285 1845 383 1898 καὶ
396 1843 463 1896 τά
480 1844 586 1896 ὑπὸ
608 1844 708 1912 τὴν
739 1843 935 1896 ἑαυτοῦ
964 1839 1223 1912 φροντίδα
1240 1840 1647 1910 ὲπανακείμενα
1663 1839 1871 1908 πλήθη.

286 1933 689 2002 πρεσϐυτέρους
736 1933 832 1986 καὶ
883 1931 1163 1994 διακόνους
1208 1930 1299 1984 τὸν
1321 1929 1557 2002 ἀριθμὸν
1586 1931 1873 1984 ἐννεακαί-

280 2022 410 2075 δεκα
452 2020 856 2089 συλλαϐόμενος
887 2060 899 2077 .
933 2012 1007 2073 ὧν
1037 2036 1185 2084 τινες
1213 2019 1273 2072 τὸ
1310 2019 1667 2090 ὀγδοηκοστὸν
1703 2021 1874 2093 ὐπερ-

280 2110 581 2181 ϐεϐήκασιν
608 2094 781 2177 Ἔτος,
833 2109 909 2172 ὡς
956 2110 1188 2175 ἁλόντας
1222 2111 1316 2166 ἐπὶ
1354 2111 1591 2183 μυσαρῷ
1626 2130 1731 2167 τινι
1778 2115 1875 2191 καὶ

280 2202 430 2270 νόμῳ
499 2201 790 2271 Ῥωμαίων
844 2201 1045 2272 ἐχθρῷ.
1100 2202 1360 2274 δημόσιον
1423 2204 1616 2273 ὁρίσας
1676 2206 1873 2275 κριτή-

281 2311 399 2363 ρςον
429 2294 846 2367 κατηνάγκαξεν
874 2294 996 2363 (οὐκ
1023 2295 1179 2359 εἰδὼς
1206 2296 1334 2359 τοὺς
1357 2296 1499 2368 ὑπὲρ
1527 2297 1628 2367 τῆς
1669 2299 1873 2367 ἀρετῆς

279 2383 629 2452 Χριστιανῶν
660 2383 883 2454 νόμους)
908 2384 1008 2454 τὴν
1037 2385 1295 2456 πατρῴαν
1324 2386 1475 2457 παρὰ
1498 2386 1606 2440 τῶν
1635 2389 1872 2441 ἀποστό-

287 2475 400 2526 ὶων
435 2475 524 2527 διὰ
553 2476 660 2529 τῶν
699 2475 958 2547 Πατέρων
989 2476 1356 2531 ἀποδοθεῖσαν
1389 2480 1522 2551 ἡμῖν
1555 2481 1872 2548 προδιδόναι

281 2564 469 2619 πίστιν
490 2580 505 2596 ·
543 2567 806 2636 ἡδόμενον
837 2566 931 2620 ἐπὶ
961 2566 1138 2637 τούτῳ
1173 2570 1267 2622 καὶ
1288 2569 1380 2622 τὸν
1411 2569 1873 2642 φιλανθρωπότα-

281 2672 377 2707 τον
401 2654 711 2724 Αὔγουστον
734 2659 1013 2713 Οὐάλεντα
1049 2661 1553 2730 διισχυριζόμενος·
1578 2664 1873 2735 Πείσθητε,

279 2746 533 2814 τάλανες,
565 2738 744 2819 λέγων
778 2751 994 2823 μεγάλῃ
1024 2753 1088 2821 τῇ
1121 2755 1300 2822 φωνῇ,
1326 2752 1406 2823 τῷ
1439 2755 1547 2807 τῶν
1576 2753 1874 2825 ’Δρειανῶν

282 2847 618 2913 φρονήματι,
658 2844 953 2914 πείσθητε·
997 2847 1454 2917 συγγνωμονήσει
1488 2847 1600 2918 γάρ
1654 2851 1782 2920 ὑμῖν
1814 2850 1875 2904 τὸ

282 2933 459 3000 Θεῖον,
493 2934 598 2989 κᾶν
625 2935 800 3008 ἀληθῆ
826 2935 1020 3006 σέϐητε
1051 2934 1374 3006 θρησκείαν,
1406 2939 1505 2992 οὐκ
1532 2939 1876 3013 αὐθαιρέτως

285 3027 422 3080 ἀλλὰ
474 3028 613 3098 πρὸς
665 3029 916 3099 ἀνάγκην
961 3028 1118 3081 τοῦτο
1171 3029 1431 3101 πράξασι.
1486 3031 1565 3103 Τῇ
1624 3035 1725 3102 μὲν
1766 3035 1874 3106 γάρ

1964 628 2131 683 etiam
2174 630 2375 685 studiis
2419 630 2536 685 suis
2575 639 2633 685 et
2668 629 2785 700 ipse
2829 635 3129 694 corruptus
3168 631 3275 689 est,
3307 628 3365 677 et
3410 616 3550 671 alios

1965 718 2252 789 corrupit;
2307 719 2664 790 blaspltetniis
2698 734 2820 788 quas
2871 716 2929 772 in
2976 714 3329 771 Servatorem
3364 707 3432 762 ab
3466 705 3548 761 eis

1966 810 2353 876 effunduntur,
2415 812 2509 882 qui
2572 825 2885 866 creaturam
2953 805 3237 879 praeterito
3286 803 3550 857 Creatore

1967 904 2179 968 colunt,
2212 903 2482 973 gaudens.
2517 901 2720 970 Quidni
2772 910 2955 956 autem
3004 899 3112 954 hoc
3152 896 3381 956 faceret.
3421 909 3548 948 cum

1969 994 2319 1048 consimilem
2355 1009 2480 1047 cum
2512 992 2719 1048 Grmcis
2755 991 3014 1047 obtinens
3055 1002 3307 1048 sensum,
3339 983 3549 1041 cultum

1968 1082 2173 1137 audeat
2224 1082 2493 1138 exhibere
2545 1098 2741 1138 recens
2787 1081 3138 1152 promulgato
3183 1079 3330 1144 Deo,
3383 1077 3553 1131 homo

1968 1175 2509 1244 pestilentissimus?
2542 1174 2678 1229 Nam
2713 1176 2766 1229 in
2798 1175 2974 1245 ipsius
3001 1179 3302 1243 conspectu
3334 1170 3553 1240 eiusce-

1969 1266 2118 1322 tnodi
2166 1266 2473 1322 decantata:
2501 1276 2632 1323 sunt
2660 1267 2852 1321 laudes
2885 1281 2901 1320 :
2934 1263 3096 1336 159
3126 1263 3425 1334 Auspicato
3453 1260 3552 1315 ad-

1971 1357 2197 1423 venisti,
2232 1361 2514 1429 episcope,
2544 1360 2638 1429 qui
2663 1359 2858 1413 Filium
2881 1373 2991 1413 non
3019 1357 3194 1412 dicas.
3223 1353 3449 1423 Serapis
3477 1362 3551 1415 te,

1970 1451 2061 1504 cui
2110 1450 2314 1505 cltarus
2366 1466 2449 1514 es,
2487 1450 2773 1505 adduxit:
2810 1449 2994 1520 patrio
3039 1452 3119 1503 sie
3165 1442 3360 1500 eorum
3408 1444 3556 1498 idolo

1974 1542 2283 1598 nominato.
2315 1541 2619 1598 Confestim
2656 1550 2940 1597 momento
2975 1541 3127 1596 nullo
3162 1538 3555 1610 pratcrmisso,

1971 1633 2021 1690 is
2046 1649 2212 1705 quem
2245 1633 2490 1691 diximus
2522 1634 2774 1706 Magnus,
2807 1634 3303 1706 conjunctissimus
3338 1631 3417 1687 illi
3451 1630 3557 1685 im-

1972 1725 2198 1795 pietatis
2253 1726 2478 1793 socius,
2527 1738 2583 1782 et
2630 1727 2852 1783 satelles
2900 1725 3333 1791 acerbissimus,
3386 1733 3562 1780 satra-

1974 1832 2186 1890 pesque
2218 1819 2665 1886 crudelissimus,
2699 1820 2952 1877 collectis
2984 1835 3107 1890 quae
3143 1820 3245 1875 sub
3279 1819 3400 1891 ejus
3428 1830 3560 1872 cura

1977 1920 2108 1965 sunt
2154 1911 2506 1977 cohortibus,
2546 1910 2904 1983 presbyteros
2951 1920 3008 1968 et
3054 1911 3322 1966 diaconos
3365 1908 3557 1963 decem

1974 2009 2031 2055 et
2077 2015 2276 2056 novem
2327 2002 2776 2073 comprehendit,
2818 2017 3052 2073 quorum
3103 2000 3356 2056 nonnulli
3404 2008 3563 2055 octo-

1975 2091 2249 2164 gesimum
2290 2108 2582 2149 excessere
2622 2109 2856 2149 annum.
2906 2094 3089 2164 Atque
3127 2106 3223 2148 eos
3258 2105 3368 2146 non
3400 2090 3563 2144 aliter

1966 2194 2141 2253 atque
2173 2184 2226 2238 in
2257 2183 2628 2239 abominanda
2671 2185 2930 2255 quapiam
2962 2193 3019 2240 et
3046 2182 3263 2254 legibus
3294 2178 3568 2236 Romanis

1979 2276 2217 2331 adverso
2261 2275 2475 2332 scelere
2519 2285 2739 2346 captos,
2782 2277 3006 2347 publico
3047 2276 3300 2331 instituto
3325 2273 3561 2347 judicio,

1976 2381 2175 2437 cogere
2203 2367 2670 2439 (Christianorum
2716 2369 2943 2425 virtutis
2977 2368 3125 2440 leges
3162 2367 3468 2440 ignorans),
3506 2375 3569 2420 ut

1975 2461 2210 2531 patriam
2262 2461 2333 2517 ab
2373 2445 2643 2532 apostolis
2686 2477 2785 2532 per
2828 2462 3055 2518 Patrum
3101 2461 3431 2516 traditiones
3475 2475 3569 2525 ac-

1976 2560 2195 2625 ceptam
2250 2554 2414 2609 ﬁdem
2464 2559 2789 2627 proderent,
2830 2564 3072 2610 conatus
3104 2560 3213 2609 est.
3270 2554 3458 2624 anue
3506 2569 3567 2608 re

1977 2648 2312 2703 delectatum
2349 2647 2417 2703 iri
2449 2638 2922 2705 humanissimum
2944 2648 3230 2705 Valentem
3258 2648 3575 2723 Augustum

1977 2739 2332 2795 confirmavit
2381 2759 2396 2796 :
2443 2738 2787 2811 Sequimini,
2835 2755 2868 2795 θ
2919 2740 3144 2807 miseri,
3193 2755 3386 2811 magna
3433 2753 3569 2795 voce

1977 2834 2195 2898 dicens,
2234 2835 2569 2890 Arianorum
2624 2834 3003 2894 sententiam:
3052 2834 3375 2905 sequimini,
3412 2843 3468 2889 et
3513 2831 3568 2889 id

1978 2926 2304 2998 persuaderi
2354 2927 2513 2983 vobis
2568 2927 2850 2998 patimini.
2902 2927 3157 2998 Ignoscet
3209 2926 3359 2982 enim
3408 2926 3571 2983 vobis

1978 3020 2146 3086 Deus,
2181 3019 2406 3075 etiamsi
2455 3033 2641 3074 veram
2694 3019 2882 3075 colitis
2933 3019 3282 3089 religionem,
3318 3019 3413 3088 qui
3453 3034 3579 3073 nou-

284 3117 499 3190 ὰνάγκῃ
552 3118 817 3188 ἀπολογία
870 3118 1289 3191 περιλείπεται·
1320 3121 1400 3192 τῷ
1453 3120 1512 3176 δέ
1560 3122 1872 3195 αὐθαιρέτῳ

1976 3111 2214 3166 arbitrio
2243 3111 2297 3166 id
2334 3119 2540 3176 vestro,
2569 3109 2669 3166 sed
2701 3110 3035 3167 necessitate
3065 3110 3291 3167 adducti
3328 3109 3579 3166 faciatis.-

284 3211 574 3265 ἀκολουθεῖ
619 3212 925 3283 κατηγορία
950 3228 964 3243 ’
1008 3211 1087 3265 διὸ
1117 3210 1392 3276 τοιούτους
1426 3210 1741 3286 λογισμοὺς
1762 3217 1869 3289 πρὸ

280 3303 575 3373 ὀφθαλμῶν
635 3304 933 3374 τιθέμενοι,
993 3304 1163 3375 ἥκετε
1217 3306 1494 3376 πρόθυμοι
1558 3308 1870 3379 μελλησμδν

282 3397 615 3468 ἀποθέμενοι
632 3398 833 3460 πάντα,
856 3398 1163 3469 τῷἊρείου
1188 3399 1598 3470 ὑπογράφοντες
1614 3402 1865 3473 δόγματι.

282 3484 315 3538 ὃ
350 3486 442 3539 νῦν
471 3486 732 3558 κηρύττει
762 3487 1024 3557 ὀνομαστὶ
1053 3487 1283 3548 Λούκιο;
1317 3488 1495 3557 λέγων
1523 3506 1537 3520 ⁸
1572 3489 1630 3543 εὖ
1666 3492 1871 3557 είδότες

280 3579 361 3642 ὡς
408 3579 842 3651 πειθαρχοῦντες
864 3619 879 3644 ,
912 3580 1176 3651 χρήματα
1207 3582 1302 3633 καὶ
1333 3580 1535 3651 πόρους
1568 3582 1665 3636 καὶ
1700 3585 1873 3653 γέρας

284 3671 437 3741 παρὰ
469 3671 733 3741 βασιλέως
753 3671 925 3737 ἒξετευ
952 3672 1379 3743 άπαναινόμενοι
1409 3672 1488 3738 δὲ,
1514 3673 1748 3746 εἱρκτῆς
1778 3676 1873 3730 καὶ

284 3766 601 3838 στρεϐλῶν,
641 3768 733 3820 καὶ
769 3766 1043 3836 βασάνων,
1094 3772 1186 3821 καὶ
1237 3768 1543 3837 μαστίγων,
1574 3770 1670 3822 καὶ
1701 3769 1875 3840 δαμα-

283 3859 528 3930 στηρίων
558 3863 756 3930 πεῖραν
784 3858 1026 3930 λήψεσθε
1050 3877 1064 3892 ο
1084 3912 1087 3915 ,
1099 3861 1403 3931 χρημάτων
1446 3860 1585 3930 ὁμοῦ
1608 3862 1705 3915 καὶ
1734 3879 1881 3934 κτη-

286 3953 474 4022 μάτων
498 3952 869 4022 στερηθέντες,
889 3954 984 4005 καὶ
1006 3953 1107 4022 τῆς
1126 3953 1388 4024 πατρίδος
1411 3954 1872 4022 μεταναστάντες,

281 4048 362 4106 εἰς
389 4041 662 4115 χαλεποὺς
700 4042 939 4111 οἰκῆσαι,
960 4041 1158 4106 τόπους
1186 4042 1692 4115 κατακριθήσεσθε.
1730 4043 1883 4100 Ἀλλ’

202 4170 221 4187 .
281 4132 439 4200 οὗτος
475 4139 571 4207 μὲν
602 4138 627 4189 ὁ
659 4137 930 4205 γενναῖος,
962 4134 1155 4209 ἀγάπῃ
1197 4135 1295 4207 τὴν
1328 4135 1563 4206 ἀπειλὴν
1591 4138 1872 4209 κεράσας,

252 4229 704 4297 ’μεταναστῆσαι
748 4228 846 4295 τῆς
878 4225 1139 4289 εὐσεϐοῦς
1180 4227 1309 4291 τοὺς
1348 4228 1556 4292 πάντας
1588 4228 1681 4282 καί
1708 4231 1880 4300 πρού-

278 4322 515 4390 τρέπετο
539 4320 633 4372 καὶ
661 4319 1056 4387 κατηνάγκαζε
1094 4317 1323 4389 γνώμης
1346 4336 1359 4349 ·
1392 4318 1443 4371 oi
1464 4318 1519 4371 δὲ
1550 4320 1877 4391 πικρότερον

284 4413 524 4485 βασάνου
556 4414 736 4478 πάσης
774 4413 874 4482 τὴν
903 4413 981 4475 είς
1016 4409 1307 4465 εὐσέϐειαν
1331 4411 1630 4480 προδοσέαν
1660 4415 1875 4485 ἡγησά-

1972 3205 2302 3261 Necessitati
2354 3219 2596 3274 namque
2628 3219 2726 3259 sua
2766 3203 2978 3274 reliqua
3014 3212 3102 3259 est
3133 3203 3387 3259 defensio
3419 3222 3433 3258 :
3473 3217 3569 3259 vo-

1971 3299 2186 3353 luntate
2226 3306 2415 3353 autem
2455 3312 2554 3353 sua
2597 3296 2856 3352 consulto
2905 3297 3211 3367 quidquam
3262 3296 3560 3371 facientem

1974 3392 2188 3445 crimen
2227 3398 2288 3446 et
2333 3391 2616 3446 accusatio
2654 3392 3040 3461 consequitur.
3088 3390 3436 3460 Quapropter
3474 3405 3562 3446 ra-

1975 3481 2153 3540 tiones
2167 3482 2436 3556 ejusmodi
2455 3482 2527 3538 ob
2543 3483 2733 3539 oculos
2750 3482 2906 3537 vobis
2925 3492 3215 3553 ponentes,
3237 3483 3385 3537 nulla
3406 3497 3569 3537 mora

1975 3575 2325 3651 interposita,
2353 3576 2652 3647 propensis
2681 3576 2884 3631 animis
2914 3574 2982 3631 ad
3014 3583 3202 3646 partes
3237 3574 3404 3631 hasce
3433 3590 3567 3631 con-

1974 3674 2174 3740 cedite,
2207 3681 2264 3729 et
2297 3672 2507 3729 Ariano
2537 3673 2783 3745 dogmati
2818 3672 3179 3738 subscribite,
3222 3673 3370 3743 quod
3414 3686 3567 3728 nunc

1977 3765 2312 3821 nominatim
2345 3765 2557 3821 Lucius
2591 3764 2858 3835 prmdicat
2888 3781 2903 3819 :
2937 3763 3074 3821 illud
3108 3779 3430 3834 persuasum
3463 3763 3568 3817 ba-

1977 3857 2196 3923 bentes.
2227 3860 2273 3914 si
2310 3858 2461 3915 dicto
2495 3860 2767 3929 principis
2803 3858 3099 3915 audientes
3124 3856 3363 3919 fueritis.
3400 3872 3569 3925 pecu-

1978 3951 2122 4007 nias.
2155 3966 2291 4022 opes
2319 3960 2375 4006 et
2410 3951 2652 4005 honores
2686 3951 3003 4021 accipietis;
3042 3952 3126 4005 sin
3182 3962 3375 4005 cntum
3415 3952 3562 4004 nite-

1976 4042 2154 4107 mini,
2186 4056 2518 4107 ‘carcerem,
2575 4040 2858 4104 ﬁdiculas,
2907 4038 3218 4108 toi-menta,
3264 4040 3467 4110 ﬂagra,
3509 4050 3568 4096 et

1976 4133 2329 4187 eoercionem
2365 4133 2769 4202 experiemini;
2816 4139 2874 4187 et
2919 4146 3047 4188 cum
3093 4134 3351 4204 pecuniis
3397 4132 3563 4188 simul

1978 4236 2032 4278 et
2085 4223 2535 4293 possessionibus
2583 4224 2828 4288 multati,
2875 4234 2990 4279 tum
3038 4226 3217 4295 patria
3265 4226 3453 4296 ejecti,
3495 4224 3563 4281 a'd

1979 4316 2097 4371 loca
2149 4315 2290 4377 dura
2343 4324 2401 4370 et
2450 4316 2639 4385 gravia
2694 4315 2988 4371 incolenda
3036 4318 3567 4387 condetnnabintini.

1982 4408 2060 4463 lta
2106 4409 2331 4482 quidem
2370 4424 2673 4480 generosus
2707 4409 2779 4478 (si
2828 4410 2945 4466 Deo
2976 4409 3179 4481 placet)
3228 4411 3568 4474 vir,‘minas

288 4521 443 4572 μενοι
477 4503 614 4574 (ἔχει
651 4506 761 4574 γὰρ
789 4502 981 4570 οὕτω),
1020 4502 1252 4556 τοιοῖσδε
1277 4504 1416 4573 πρὸς
1437 4502 1603 4555 αὐτὸν
1631 4507 1872 4571 ἀναγκα-

1980 4502 2254 4558 cbaritatc
2295 4509 2632 4572 temperans,
2664 4502 3054 4557 cohortatione
3090 4502 3259 4557 simul
3291 4511 3349 4557 et
3376 4517 3569 4559 neces-

284 4595 508 4662 ζᾶμενοι
534 4597 864 4667 ἀπήντησαν
885 4596 1149 4666 ῥήμασιν,
1181 4594 1351 4664 ἀρετῇ
1374 4595 1471 4647 καὶ
1492 4596 1727 4666 γενναίῳ
1748 4613 1879 4669 φρο-

290 4686 489 4751 νήματι
516 4686 653 4755 ὁροῦ
682 4687 782 4757 τὴν
810 4686 1030 4753 ἀπάτην
1068 4690 1162 4738 καὶ
1185 4685 1287 4748 τάς
1317 4686 1548 4749 ἀπειλὰς
1574 4688 1878 4752 ὑποτάξαν-

287 4789 415 4836 τες·
447 4776 703 4828 Πέπαυσο
754 4774 966 4838 λοιπὸν,
1022 4773 1276 4827 πέπαυσο
1322 4773 1724 4846 τούτοις-ημᾶς
1789 4778 1880 4829 έκ-

285 4864 473 4932 φοϐὦν
499 4868 612 4928 τοῖς
635 4866 904 4936 ῥήμασιν·
936 4862 1101 4933 ἔπεχε
1129 4864 1314 4916 εἰκαῖα
1345 4865 1644 4933 προφέρειν
1674 4867 1879 4935 ἐπιχει-

290 4961 535 5030 ρήματα.
581 4959 772 5030 Ἡμεῖς
812 4959 925 5029 γὰρ
966 4955 1092 5009 οὐτε
1140 4956 1342 5024 νέηλυν
1392 4954 1517 5009 οὔτε
1560 4956 1880 5027 πρόσφατον

285 5055 540 5116 σέϐοντες
575 5054 731 5117 Θεὸν,
775 5052 879 5106 κᾶν
930 5050 1242 5121 ὲπαφρίζῃς
1303 5048 1589 5120 κυμαίνων
1629 5050 1755 5119 είκῆ
1784 5051 1882 5105 καὶ

284 5148 648 5219 προσρήσσῃς
695 5145 772 5208 ὡς
797 5144 975 5215 βίαιος
1006 5142 1230 5213 ἄνεμος,
1271 5143 1368 5209 τῆς
1411 5141 1713 5204 εὐσεϐείας
1751 5143 1878 5212 ἄχρι

285 5239 523 5293 θανάτου
567 5236 1042 5309 ὲμπολιτευόμεθα
1074 5237 1339 5306 δόγμασιν
1370 5253 1384 5265 ·
1420 5234 1523 5287 οὐκ
1556 5232 1875 5304 ἀδύναμον,

286 5335 392 5387 οὐκ
422 5336 645 5401 ἄσοφον,
672 5333 733 5386 οὐ
766 5332 937 5403 χωρὶς
958 5329 1220 5401 ἀληθείας
1252 5327 1474 5382 πώποτε
1501 5328 1876 5398 φρονήσ,.ντες

279 5429 420 5482 Θεόν
444 5445 456 5460 ·
501 5428 562 5481 οὐ
614 5426 749 5480 ποτε
780 5427 880 5497 μὲν
930 5424 1061 5479 ϐντα
1092 5425 1334 5495 Πατέρα,
1365 5423 1493 5476 ποτὲ
1523 5423 1578 5477 δὲ
1617 5423 1692 5494 μὴ
1722 5422 1872 5489 ὄντα,

286 5517 433 5570 κατὰ
454 5518 545 5569 τὸν
572 5515 812 5586 δυσσεϐῆ
832 5514 1026 5569 τοῦτον
1045 5514 1344 5586 Ἀρεια.ὸν,
1374 5512 1626 5584 κρονικόν
1650 5512 1684 5584 ἢ
1706 5513 1878 5582 πρόσ-

286 5626 484 5679 καιρον
542 5606 861 5672 δοξάζοντες
912 5606 1006 5659 τὸν
1040 5605 1189 5660 Υίόν.
1221 5607 1283 5659 Εἰ
1314 5607 1422 5677 γὰρ
1471 5604 1681 5676 κτίσμα
1731 5607 1877 5659 κατὰ

282 5705 416 5764 τοὺς
473 5700 875 5772 Αρειομανίτας
897 5701 925 5753 ὁ
961 5698 1113 5766 Υίύς,
1150 5698 1250 5769 οὐχ
1281 5699 1546 5770 ὑπάρχων
1574 5696 1750 5768 Πατρὶ
1795 5699 1876 5767 είς

282 5797 347 5849 το
398 5789 534 5848 εἶναι
577 5794 945 5870 συστήσεται,
978 5792 1071 5850 καὶ
1106 5794 1143 5848 6
1191 5791 1380 5863 Πατὴρ
1414 5790 1515 5863 οὐχ
1561 5790 1876 5862 ὑφεστῶτος

1981 4596 2163 4661 sitate,
2206 4612 2238 4651 a
2295 4596 2381 4668 pja
2435 4596 2711 4651 sententia
2759 4611 2954 4651 omnes
3003 4595 3277 4652 abducere
3324 4597 3565 4652 volebat.

1982 4691 2051 4746 At
2100 4691 2176 4745 illi
2223 4690 2561 4745 cruciatibus
2611 4689 2874 4744 omnibus
2919 4689 3143 4760 pietatis
3189 4688 3562 4760 proditionem

1984 4783 2333 4839 acerbiorem
2381 4797 2504 4836 esse
2556 4792 2834 4852 putantes,
2877 4789 2937 4837 et
2988 4791 3138 4838 recte
3191 4782 3415 4852 quidem
3463 4783 3568 4852 (sic

1983 4873 2132 4927 enim
2163 4888 2251 4927 res
2281 4872 2495 4934 habet),
2523 4870 2905 4940 hujuscemodi
2932 4871 2985 4926 ei
3010 4872 3194 4927 verbis
3221 4873 3561 4939 necessario,

1983 4965 2190 5033 virtute
2222 4972 2278 5016 et
2310 4961 2500 5015 animo
2531 4962 2814 5031 presenti,
2848 4959 3080 5016 insidias
3109 4963 3272 5016 simul
3300 4972 3357 5017 et
3386 4962 3564 5017 minas

1981 5055 2103 5125 ejus
2154 5052 2508 5117 refellentes,
2561 5050 2785 5106 obviam
2840 5052 3009 5108 iere:
3050 5053 3255 5110 Desine
3302 5054 3560 5120 tandem,

1982 5147 2173 5202 desine
2205 5144 2406 5201 talibus
2436 5159 2539 5199 nos
2570 5151 2784 5200 terrere
2812 5144 3038 5202 verbis:
3084 5146 3391 5203 intcrmitte
3422 5164 3562 5204 vana

1980 5242 2179 5296 ali‘erre
2198 5239 2607 5309 epicheremata
2630 5248 2688 5294 et
2710 5239 3122 5310 aggressiones.
3147 5240 3259 5297 Nos
3285 5241 3561 5312 siquidem

1982 5350 2162 5402 neque
2213 5345 2489 5402 nuperum
2538 5344 2722 5399 neque
2767 5331 3040 5387 novitium
3076 5334 3326 5388 colentes
3362 5333 3561 5399 Deum,

1980 5425 2237 5497 quamvis
2272 5422 2551 5479 ﬂuctibus.
2571 5421 2777 5479 frustra
2813 5432 3137 5481 tumescens
3163 5424 3480 5495 despumes,
3505 5434 3565 5480 et

1982 5530 2244 5586 tanquam
2283 5514 2562 5571 violentus
2601 5525 2805 5572 ventus
2837 5515 3152 5580 incumbas,
3190 5516 3351 5587 160
3379 5525 3560 5571 tamen

1979 5611 2046 5667 ad
2104 5620 2338 5663 mortem
2393 5622 2568 5678 usque
2623 5607 2680 5662 in
2729 5622 2876 5662 verat
2926 5607 3152 5678 pietatis
3207 5606 3564 5677 dogmatibus

1981 5700 2412 5775 perdurabimus
2450 5717 2465 5754 :
2503 5714 2615 5755 non
2663 5698 2993 5768 invalidum,
3033 5713 3144 5754 nou
3183 5697 3560 5769 insipientem,

1983 5809 2092 5848 nou
2124 5808 2152 5846 a
2185 5790 2417 5846 veritate
2450 5789 2761 5860 seiunctum
2792 5788 3085 5847 credentes
3121 5798 3286 5861 atque
3312 5789 3562 5847 colentes
