4056 6458
380 355 485 418 βο]

1298 360 1906 422 ΕΕΩΙΛΕΞῙΑΞΤ“ίΕῙΕ
1948 363 2339 425 ΠΙΞΤΟΠΙἙ
2376 361 2522 428 Elii.
2571 370 2673 431 Kl.

3526 372 3655 431 ΤΜ

381 474 508 534 τοὺς
541 470 780 536 κελεύει,
816 473 917 526 οὐκ
947 473 1395 545 ἐμϐαλλομένους
1427 460 1738 549 ἐπιτήδεια,
1762 480 1823 534 οὐ
1860 496 1940 533 πα

2077 483 2252 556 tulit),
2289 494 2346 541 et
2394 489 2649 542 strictum
2678 485 3263 557 ostentans-gladium,
3298 487 3440 557 quod
3485 502 3554 541 eo
3593 503 3652 542 se

388 562 656 632 ραμύϐιόν
681 581 735 616 τι
758 565 820 618 τὸ
856 564 1080 619 σύνολον
1103 567 1204 637 τῆς
1233 566 1450 638 ἑξορίας
1482 569 1707 638 ἔχοντας
1734 586 1747 601 ·
1784 572 1876 623 καὶ
1907 571 1969 625 τὸ

382 656 697 727 θαυμαστὸν
718 656 809 709 καὶ
833 658 1085 727 ἄπιστον,
1107 660 1208 729 τῆς
1230 659 1510 731 θαλάσσης
1526 661 1911 733 ἒπαφριζούση
1926 682 1964 728 ε,

385 747 479 803 καὶ
511 749 788 819 δυσχερῶς
811 745 967 820 οἶμαι
999 750 1069 804 δι’
1099 752 1229 805 αὐτὸ
1251 752 1407 805 τοῦτο
1437 754 1732 824 φερούσης,
1764 757 1858 808 καὶ
1894 757 1967 826 μὴ

386 840 741 917 βουλομένης,
768 842 837 896 't'v‘
860 842 1211 906 οὖτωςέἴπω,
1236 846 1302 897 δι’
1329 845 1600 915 ὑποδοχῆς
1618 848 1727 899 τῶν
1754 848 1966 917 ἀνδρῶν

381 914 553 1001 ἀδίκῳ
578 933 908 1002 κοινωνῆσαι
940 935 1300 1005 κελεύσματν
1341 914 1571 1009 ἐνέφηνε
1596 942 1707 1008 γὰρ
1732 941 1827 993 καὶ
1854 914 1968 1003 τοῖς

383 1025 639 1092 ἀγνοοῦσι
678 1026 778 1095 τὴν
820 1017 1100 1099 βάρϐαρον
1139 1030 1233 1083 τοῦ
1284 1033 1569 1101 κρίναντος
1620 1033 1962 1103 προαίρεσιν.

385 1118 542 1173 Ἐστι
594 1117 727 1188 γοῦν
774 1119 995 1190 ἀληθῶς
1040 1123 1253 1188 εἰπεῖν,
1296 1123 1523 1194 Ἐξέστη
1584 1125 1813 1196 οὐρανὸς
1872 1126 1967 1179 ἐπὶ

380 1209 557 1278 τούτῳ
582 1226 599 1244 ο
635 1209 889 1277 ιστέναξε
927 1213 1038 1282 γὰρ
1063 1214 1097 1283 ἡ
1128 1213 1282 1278 πόλις
1328 1216 1536 1280 ἅπασα,
1575 1218 1671 1270 καὶ
1709 1220 1871 1289 μέχρι
1908 1218 1964 1271 δὲ

380 1299 475 1355 νῦν
504 1302 713 1372 θρηνεῖ.
748 1304 856 1357 Καὶ
886 1306 932 1357 οἱ
967 1303 1068 1372 μὲν
1104 1305 1219 1359 ἀλλ’
1262 1306 1352 1359 ἐπ’
1377 1306 1514 1380 ἄλλῃ
1542 1311 1610 1380 τῇ
1656 1311 1803 1380 χειρὶ
1832 1310 1964 1363 κτύσ

381 1406 482 1444 πον
509 1391 574 1443 ἐκ
596 1390 811 1460 στηθῶν
838 1392 1052 1464 μακρόν
1080 1394 1420 1466 ἀπέπεμπον
1438 1411 1454 1426 ·
1488 1396 1539 1450 oi
1563 1397 1623 1451 δὲ
1644 1400 1748 1461 τὰς
1775 1400 1966 1470 χεῖρας

378 1479 523 1552 ὁμοῦ
551 1483 648 1536 καὶ
682 1485 807 1548 τοὺς
833 1483 1150 1555 ὀφθαλμοὺς
1178 1489 1259 1550 είς
1287 1487 1520 1557 οὐρανὸν
1547 1490 1843 1559 ἀνέτεινον,
1867 1480 1967 1562 τὴν

379 1573 504 1642 βίαν
526 1563 1063 1647 διαμαρτυρούμενα
1087 1595 1102 1612 ο
1130 1581 1415 1653 μονονουχὶ
1441 1581 1712 1652 λέγοντες,
1739 1568 1965 1648 Ἄκουε,

377 1666 597 1738 ούρανὲ,
621 1669 716 1721 καὶ
736 1669 1133 1739 ὲνωτίζου,’γῆ,
1152 1672 1236 1726 ὅτι
1257 1674 1553 1743 παράνομα
1571 1673 1638 1727 τὰ
1664 1675 1928 1745 γινόμενα
1949 1691 1963 1706 ο

376 1758 471 1810 καὶ
502 1758 625 1811 ὅλον
648 1760 898 1829 οἰμωγῆς
926 1760 988 1813 τὸ
1011 1762 1120 1816 πᾶν
1151 1763 1517 1834 ἐπεπλήρωτο
1536 1779 1551 1794 ·
1569 1756 1680 1819 ’καὶ
1700 1764 1846 1836 ’μέλη
1871 1766 1967 1819 καὶ

2071 575 2468 630 exterriturum
2513 577 2767 648 putabat,
2809 577 2904 648 qui
2952 575 3179 645 ancipiti
3237 589 3504 629 mucrone
3547 575 3658 627 dte-

2074 676 2264 721 mones
2305 668 2657 724 adversarios
2703 682 3087 738 saepenumero
3133 667 3656 729 convultterassent,

2072 756 2156 810 sic
2195 755 2415 810 demum
2458 757 2640 812 soluta
2671 757 2795 811 navi
2833 757 3167 828 abirejubet
3197 775 3211 811 :
3241 773 3368 813 cum
3400 756 3540 811 nihil
3571 773 3659 811 re-

2073 863 2193 901 rum
2247 851 2684 903 necessariarum
2732 851 2787 903 in
2837 850 3019 904 navim
3063 858 3525 919 comportassent,
3557 863 3658 903 ne-

2066 954 2177 1008 que
2230 940 2451 1008 aliquod
2502 941 2735 1010 ’prorshs
2784 942 2969 997 exsilii
3010 942 3269 996 'solamen
3320 941 3594 995 haberent
3636 959 3651 995 :

2069 1028 2188 1098 ipso
2219 1030 2386 1085 etiam
2419 1032 2558 1085 mari
2589 1032 2655 1086 ad
2688 1043 2798 1087 tam
2844 1033 3224 1088 admirandam
3264 1043 3315 1089 et
3350 1034 3655 1089 incredibi-

2067 1120 2174 1174 lem
2225 1121 2609 1192 indignitatem
2662 1124 2874 1192 spumis
2925 1126 3042 1179 suis
3088 1124 3654 1190 exeandescente,'ct

2052 1214 2151 1281 ‘(ut
2184 1217 2341 1283 puto)
2373 1214 2578 1269 factum
2609 1215 2715 1269 hoc
2742 1216 2990 1284 graviter
3024 1213 3261 1283 ferente,
3294 1216 3459 1287 atque
3490 1218 3651 1279 adeo,

2069 1319 2129 1363 ut
2157 1308 2229 1360 ἱιςι
2262 1309 2464 1370 dicam.
2501 1324 2602 1378 per
2635 1308 2885 1363 virorum
2925 1324 3117 1363 eorum
3156 1311 3561 1377 susceptionem
3596 1325 3654 1361 se
3684 1382 3685 1385 η

2069 1410 2176 1454 tam
2211 1400 2405 1471 iniquo
2436 1401 2695 1456 mandato
2726 1401 2975 1472 polluere
3002 1402 3258 1456 nolente.
3283 1401 3463 1468 Quare
3494 1402 3654 1471 igno-

2069 1494 2326 1548 rantibus
2372 1508 2594 1563 quoque
2634 1482 2939 1548 barbaram.
2964 1485 3195 1564 prorsus
3228 1492 3434 1565 judieis
3472 1494 3653 1545 mani-

2067 1587 2210 1642 festo
2243 1586 2512 1641 indicavit
2546 1578 2904 1641 Sentctttiam.
2938 1588 3078 1642 Vere
3108 1588 3278 1658 igitur
3308 1586 3415 1641 dici
3447 1595 3652 1655 potest,

2051 1681 2266 1734 ’coelum
2299 1678 2367 1733 ad
2394 1678 2502 1734 hoc
2523 1678 2913 1749 obstupuisse;
2948 1678 3214 1748 ingemuit
3244 1692 3487 1747 namque
3522 1677 3654 1730 urbs

2071 1779 2203 1835 tota,
2242 1780 2408 1840 atque
2440 1770 2608 1826 etiam
2647 1785 2797 1826 nunc
2836 1770 3063 1841 plangit.
3101 1770 3169 1825 Et
3217 1770 3252 1823 ii
3298 1770 3521 1839 quidem
3568 1768 3649 1822 al-
3718 1793 3730 1802 ο

376 1849 573 1920 θρῆνος
602 1845 670 1922 ἦν
718 1853 777 1904 ἐν
805 1852 959 1922 πάσῃ
1009 1856 1076 1924 τῇ
1107 1854 1267 1908 πόλει
1295 1855 1563 1927 χορεύων,
1587 1858 1684 1912 καὶ
1713 1846 1944 1928 ποταμὴέ

2069 1862 2241 1916 ternis
2276 1839 2533 1916 manibus
2570 1873 2789 1930 pectora
2830 1839 3136 1932 pulsantes,
3181 1861 3460 1930 ingentem
3502 1859 3655 1914 soni-

375 1942 437 1994 ικ
460 1942 715 2014 δακρύων
744 1946 929 2016 σχεδον
958 1947 1254 2001 καλύπτων
1276 1949 1610 2021 πλημμῦραι
1634 1951 1737 2021 τὴν
1758 1951 1961 2006 θάλασ-

373 2049 492 2099 σαν,
523 2038 638 2099 τοῖς
672 2035 879 2091 ἅπασιν
907 2039 1063 2109 ἄφνω
1090 2030 1492 2111 ’προσεγίνετα
1532 2043 1665 2097 Ὅτε
1698 2043 1883 2098 τοίνυν
1929 2044 1959 2098 ὁ

371 2130 770 2199 προειρημένος
808 2132 905 2184 ἐπὶ
949 2130 1045 2185 τοῦ
1074 2134 1296 2204 λιμένος
1331 2134 1527 2206 παρὼν
1551 2139 1664 2200 τοῖς
1696 2126 1955 2206 ἐρέσσου-

371 2236 457 2271 σιν
484 2218 656 2289 ὑψοῦν
689 2223 757 2276 τὰ
791 2224 941 2278 ἱστία
967 2225 1322 2294 προσέταττε,
1366 2228 1488 2282 τότε
1525 2229 1839 2299 σύμμικτος
1871 2231 1952 2284 oi-

370 2316 532 2386 μωγὴ
579 2316 872 2388 παρθένων
924 2316 1018 2372 καὶ
1071 2320 1376 2388 γυναικῶν,
1411 2323 1807 2394 πρεσϐυτέρων
1856 2324 1953 2377 καὶ

367 2409 523 2472 νέων,
554 2408 648 2461 καὶ
674 2408 865 2479 θρῆνοι
894 2409 1419 2482 προσπεπλεγμένοι
1445 2413 1712 2483 δάκρυσιν
1739 2412 1946 2479 όξέσιν,

284 2499 293 2506 ’
366 2500 423 2552 αἱ
463 2499 571 2552 τῶν
604 2500 868 2555 ἁπάντων
901 2503 1042 2568 βοαὶ,
1071 2504 1173 2572 τῆς
1212 2504 1634 2575 ὲπαφριξούσης
1669 2506 1950 2574 Θαλάσσης

360 2593 454 2642 τὸν
494 2594 982 2665 προσρησσόμενον
1013 2597 1190 2667 σωρὸν
1219 2597 1298 2670 τῷ
1333 2598 1537 2671 κύματι
1581 2599 1791 2655 κτύπον
1821 2600 1950 2655 ἐκάθ-

360 2681 613 2737 λυπτον..
892 2726 897 2729 .
1136 2724 1143 2731 .
1236 2726 1265 2737 ,ν
1354 2726 1357 2729 η
1480 2706 1526 2721 υ
1584 2706 1595 2714 ο
1736 2694 1741 2697 ‘

2068 1964 2182 2006 tum
2212 1951 2461 2006 edidere.
2486 1952 2592 2008 Alii
2623 1962 2807 2007 autem
2836 1943 3041 2006 'mantis
3070 1951 3235 2005 simul
3264 1959 3431 2021 atque
3458 1950 3653 2005 oculos

2062 2045 2118 2099 in
2164 2044 2365 2121 cmlpm
2415 2045 2726 2111 tendentes,
2767 2043 2835 2099 de
2876 2051 3025 2098 tanta
3071 2044 3123 2098 vi
3163 2052 3294 2098 sunt
3333 2044 3648 2113 protestati,

2054 2136 2445 2191 tantummodo
2487 2152 2598 2191 non
2627 2136 2918 2192 dicentes:
2952 2135 3179 2199 Audite,
3215 2136 3365 2195 coeli.
3402 2144 3461 2190 et
3494 2135 3645 2193 auri-

2059 2230 2167 2286 bus
2202 2230 2448 2301 percipe,
2485 2239 2654 2295 terra,
2695 2229 3124 2300 quoniam-quae
3156 2228 3539 2299 ﬁunti‘iriiqua
3590 2236 3647 2283 et

2058 2331 2249 2377 contra
2293 2323 2444 2392 leges
2478 2330 2611 2375 sunt
2636 2338 2653 2377 :
2681 2335 2739 2377 et
2767 2321 2951 2377 omnis
2985 2323 3111 2377 haec
3143 2320 3478 2377 universitas
3506 2320 3640 2375 ﬂetu

2056 2414 2263 2484 repleta
2301 2426 2406 2481 cst,
2445 2422 2503 2469 et
2551 2415 2845 2470 cantilena:
2894 2414 3242 2493 miserabiles
3287 2424 3347 2469 et
3388 2414 3647 2484 planctus

2055 2516 2227 2561 totam
2260 2508 2453 2560 urbem
2482 2514 2614 2561 sunt
2646 2506 2951 2576 pervagati.
2982 2506 3065 2561 Ac
3091 2505 3642 2576 derepentcplorano

2054 2597 2206 2652 tibus
2237 2596 2530 2660 omnibus,
2572 2597 3191 2669 lacrymarum’ﬂnvius,
3241 2597 3356 2652 fere
3398 2596 3644 2650 exunda-

2058 2690 2208 2743 tione
2251 2704 2350 2743 sua
2398 2704 2547 2744 mare
2582 2689 2848 2756 obruens,
2879 2698 2968 2745 est
3001 2689 3254 2745 obortus.
3283 2689 3479 2758 Itaque
3517 2702 3644 2741 cum

362 2781 409 2834 is
434 2796 596 2852 quem
637 2783 880 2841 diximus
922 2788 974 2840 in
1011 2797 1172 2858 portu
1208 2799 1415 2857 astans,
1474 2790 1714 2861 remiges
1762 2788 1964 2845 tollere
2002 2796 2059 2842 et
2135 2786 2380 2857 pandere
2415 2786 2534 2840 vela
2564 2786 2780 2857 jussit:
2825 2791 2940 2838 tum
2990 2787 3321 2840 commistus
3367 2785 3641 2852 virginum

358 2888 415 2931 et
475 2875 851 2946 feminarum,
912 2896 1105 2935 senum
1161 2893 1218 2938 et
1269 2883 1535 2954 iuvenum
1590 2882 1840 2954 ploratus
1889 2888 1946 2937 et
1984 2880 2266 2950 planctus,
2349 2880 2604 2949 lacrymis
2650 2877 2873 2933 acribus
2922 2877 3285 2948 implicitus,.
3320 2876 3644 2944 clamorque

356 2968 786 3037 universorum,
835 2975 1074 3044 strepitu
1124 2991 1225 3030 suo
1277 2975 1448 3031 maris
1497 2974 1810 3046 spumantis
1863 2973 2129 3030 infractos
2160 2971 2425 3027 ﬂuctuum
2456 2967 2687 3027 acervos
2716 2968 3053 3040 suppressit.
3096 2978 3107 2987 '

443 3083 461 3115 ι
484 3062 624 3117 Ἀλλ’
658 3052 819 3119 οὕτω
837 3066 948 3121 τῶν
981 3069 1405 3139 προειρημένων
1443 3058 1832 3122 ἀποπλεόντων
1860 3054 1941 3130 τίς

2124 3083 2142 3115 ι
2177 3064 2291 3120 Hoc
2324 3064 2490 3119 modo
2515 3079 2642 3119 cum
2686 3064 2787 3129 illi,
2818 3079 2960 3134 quos
2987 3064 3250 3128 diximus,
3282 3063 3638 3133 lleliopolim,

359 3157 459 3228 τὴν
489 3146 856 3225 Ἡλιούπολιν,
884 3159 1013 3213 ἔνθα
1028 3148 1375 3231 δεισιδαίμων
1404 3151 1534 3225 πᾶς,
1563 3160 1692 3214 ἔνθα
1713 3159 1806 3214 τοῦ
1827 3160 1943 3214 δια-

2051 3157 2208 3228 162
2247 3156 2341 3210 ubi
2392 3156 2689 3211 simulacra
2738 3155 3132 3225 superstitiose
3179 3156 3376 3210 colunt
3414 3168 3634 3218 onmes,

356 3251 515 3306 ϐόλου
555 3252 623 3307 τὰ
656 3252 793 3324 πρὸς
841 3253 1039 3325 ἡδονὴν
1084 3253 1520 3325 ἐπιτηδεύματα,
1564 3253 1694 3307 ἔνθα
1741 3253 1944 3324 θηρίων

2052 3249 2145 3302 ubi
2181 3247 2388 3302 diaboli
2421 3248 2772 3318 voluptuaria
2808 3248 2995 3317 vigent
3029 3247 3234 3312 studia,
3264 3248 3358 3301 ttbi
3389 3247 3637 3302 ferarum

357 3348 585 3418 ἐφέστια
607 3347 819 3420 φοϐερὰ
846 3347 973 3419 (ὅρη
998 3349 1106 3419 γὰρ
1137 3350 1324 3420 κύκλῳ
1352 3348 1696 3418 πανταχόθεν
1726 3348 1944 3419 οὐρανῷ

2049 3350 2180 3397 sunt
2231 3340 2508 3396 horrenda
2558 3340 2855 3397 domicilia
2885 3343 3127 3410 (montes
3172 3341 3319 3395 enim
3365 3355 3433 3395 ex
3483 3342 3641 3395 omni

358 3438 842 3512 προσπελάζοντα)
863 3458 878 3473 ⁸
908 3442 959 3494 οἱ
994 3444 1199 3504 πάντες
1230 3441 1422 3494 λοιπὸν
1483 3440 1624 3515 μέσῃ
1654 3442 1723 3511 τῇ
1749 3441 1904 3494 πόλει
1925 3481 1941 3502 ,

355 3532 871 3603 κοινῇκαηκαστος
905 3532 1013 3603 ίδίᾳ
1039 3516 1461 3602 ὀλοφυρόμενοι,
1498 3531 1594 3585 καὶ
1618 3520 1944 3603 στεναγμῶν

352 3624 770 3696 ἐπιπέμποντες
786 3628 801 3651 ·’
820 3626 1065 3696 ῥήματα,
1109 3625 1232 3678 οὐδὲ
1263 3624 1526 3696 δακρύειν
1575 3625 1945 3696 ὲπετρέποντο

351 3717 599 3771 κελεύσει
633 3716 731 3770 τοῦ
759 3717 860 3787 τῆς
889 3716 1100 3780 πόλεως
1130 3717 1376 3789 ἐπάρχου
1412 3717 1735 3786 Παλλαδίου,
1768 3720 1942 3773 δεισι-

350 3809 781 3878 δαιμονεστάτου
815 3812 912 3864 καὶ
956 3810 1124 3863 αὑτοῦ
1155 3811 1541 3880 τυγχάνοντος.
1596 3812 1793 3865 Πολλοὶ
1832 3813 1942 3881 γὰρ

349 3900 461 3958 τῶν
487 3900 787 3957 κλαιόντων
809 3890 1185 3975 ἁρπαζόμενοι
1214 3889 1307 3958 καί
1349 3885 1781 3975 φυλακιζόμενοι
1805 3905 1943 3975 πρό-

349 4010 528 4066 τερον,
549 3991 671 4051 εἶτα
694 3996 1061 4066 αἰκιζόμενοι,
1098 3997 1363 4067 ξεόμενοι,
1393 3996 1809 4068 βασανιζόμενοι
1828 3999 1941 4060 rei;

348 4075 661 4159 Φεννησῖοις
683 4074 774 4142 καὶ
792 4090 1222 4160 Προκοννησίοις
1252 4089 1605 4159 παρεδίδοντο
1630 4090 1935 4160 μετάλλοις,

348 4182 630 4251 ἄνθρωποι
660 4179 762 4251 τῆς
795 4176 1131 4251 Ἐκκλησίας
1162 4180 1230 4233 δι’
1268 4180 1453 4233 ἔνθεον
1484 4179 1646 4249 ζῆλον
1682 4181 1937 4252 ὑπερμα-

348 4290 452 4343 χοι.
481 4271 549 4326 Οἱ
582 4272 799 4329 πλείους
812 4271 920 4342 γὰρ
945 4257 1089 4342 ἦσαν
1122 4270 1470 4343 μονάζοντες,
1502 4271 1710 4343 ἔρημον
1727 4256 1939 4327 οἰκούν-

346 4383 439 4430 τες
465 4364 535 4419 δι’
560 4366 798 4435 ἄσκησιν
818 4382 831 4395 ’
868 4364 990 4436 μεθ’
1011 4359 1107 4432 ὧν,
1129 4366 1303 4421 εἴκοσι
1322 4368 1416 4420 καὶ
1444 4368 1613 4438 τριῶν
1637 4370 1936 4438 τυγχανόν-

344 4476 491 4525 των,
571 4458 770 4529 μικρὸν
826 4456 1057 4531 ὕστερον
1085 4458 1144 4511 ’ό
1214 4458 1465 4520 διάκονος
1526 4459 1555 4512 ὁ
1627 4458 1780 4528 παρὰ
1836 4456 1933 4511 τοῦ

348 4550 633 4621 ἀγαπητοῦ
658 4551 815 4622 ἡμῶν
843 4552 1099 4622 Δαμάσου
1123 4549 1217 4606 τοῦ
1240 4552 1339 4621 τῆς
1376 4551 1596 4624 Ῥώμης
1626 4551 1931 4606 ἐπισκόπου

353 4641 579 4709 κομίσας
635 4641 771 4711 ἡμῖν
824 4639 963 4709 ὁμοῦ
1026 4636 1417 4712 παρακλητικὰ
1478 4648 1575 4696 καὶ
1637 4642 1931 4696 κοινωνικᾶ

352 4733 676 4802 γράμματα,
715 4733 893 4786 ὀπίσω
932 4730 1010 4785 τὼ
1040 4734 1191 4802 χεῖρε
1236 4732 1412 4797 δεθεὶς
1443 4732 1548 4786 ὑπὸ
1569 4733 1800 4804 δημῖων,
1832 4734 1927 4803 δη-

352 4824 513 4897 μοσίᾳ
545 4825 710 4896 ἡγετο
734 4824 926 4896 ῶσπερ
943 4842 1027 4888 τις
1054 4826 1162 4878 τῶν
1186 4822 1520 4896 κακούργων
1558 4825 1886 4897 περιϐόητος
1911 4843 1927 4857 ο

346 4918 403 4979 ὃς
435 4919 642 4986 φονέων
671 4917 927 4988 βασάνοις
960 4920 1219 4973 ἐπέκεινα
1251 4919 1609 4988 κοινωνήσας,
1640 4919 1809 4981 λίθοις
1833 4920 1929 4971 καὶ

346 5007 611 5075 μολιϐδίσι
654 5011 779 5065 κατ’
817 5011 998 5063 αὐτῶν
1023 5010 1133 5064 τῶν
1169 5009 1415 5079 αὐχένων
1449 5011 1685 5065 ἐπιπολὺ
1728 5029 1928 5081 μαστιο

342 5104 588 5171 ξάμενος,
622 5103 879 5157 ἐπέϐαινε
912 5103 1160 5173 σκάφους
1185 5104 1279 5157 ἐπὶ
1309 5103 1605 5174 θαλάττης,
1633 5105 1928 5173 παραπλη-

342 5192 473 5256 σίως
505 5192 619 5256 τοῖς
642 5193 847 5273 ἄλλοις,
877 5193 970 5245 τοῦ
1002 5191 1148 5247 θείου
1178 5194 1415 5267 σταυροῦ
1447 5195 1540 5248 ἐπὶ
1575 5196 1834 5266 μετώπου
1864 5196 1926 5250 τὸ

343 5287 571 5354 σημεῖον
594 5280 1034 5358 χαρακτηρίσας,
1081 5289 1144 5341 οὐ
1191 5281 1510 5357 τημελείάς,
1538 5289 1598 5341 ού
1628 5284 1935 5358 θεραπείας

339 5378 537 5446 τυχὼν,
564 5381 676 5443 τοῖς
707 5381 849 5434 κατὰ
878 5382 1147 5451 Φέννησον
1180 5381 1580 5456 παρεκδοθῆναι
1608 5384 1917 5454 μετάλλοις.

344 5471 500 5524 Ἔστι
525 5470 581 5523 δὲ
608 5471 781 5551 ταύτα
809 5472 904 5525 τοῦ
936 5473 1162 5542 χαλκοῦ.
1203 5475 1326 5528 Ἔτι
1355 5474 1491 5544 γοῦν
1534 5475 1923 5545 βασανὶζοντος

337 5559 433 5614 τοῦ
476 5562 738 5619 δικαστοῦ
774 5566 959 5619 ἁπαλὰ
990 5566 1297 5635 παιδαρίων
1324 5567 1583 5637 σώματα,
1611 5571 1759 5630 τινὲς
1785 5570 1917 5641 παρ’

337 5649 477 5703 αὐτὰ
513 5647 918 5729 μεμενήκασιν,
943 5655 1053 5708 οὐδ’
1081 5659 1235 5720 όσίας
1259 5657 1434 5727 ταφῆς
1460 5660 1914 5729 κοινωνήσαντες,

336 5741 543 5805 γονέων
580 5744 675 5797 καὶ
729 5743 975 5813 ἀδελφῶν
1007 5748 1103 5801 καὶ
1146 5749 1446 5818 συγγενῶν,
1484 5752 1578 5804 καὶ
1606 5740 1808 5822 πάσης,
1840 5753 1915 5816 ὡς

333 5832 465 5896 ἔπος
505 5833 701 5903 είπεῑν,
732 5837 828 5905 τῆς
867 5838 1091 5906 πελεως,
1127 5841 1256 5908 (ain
1295 5835 1441 5908 αύτῷ
1494 5843 1793 5899 αἰτούντων
1832 5845 1915 5899 δο-

2043 3442 2209 3504 parte
2242 3434 2310 3488 ad
2342 3433 2545 3488 caelum
2595 3449 2772 3504 usque
2818 3423 3203 3503 prominentes
3240 3448 3362 3488 eam
3401 3433 3639 3488 circum-

2048 3524 2251 3596 dant),
2292 3514 2419 3580 navi
2472 3527 2655 3581 soluta
2705 3526 3054 3597 navigarent,
3093 3525 3151 3579 in
3205 3525 3385 3580 media
3433 3526 3640 3581 deinde

2048 3620 2186 3675 urbe
2221 3633 2417 3676 omnes
2447 3620 2501 3674 in
2536 3619 2858 3673 universum
2891 3626 2948 3674 et
2980 3633 3079 3687 pro
3110 3620 3433 3697 sequisqit'e
3460 3619 3633 3673 'mise-

2046 3698 2297 3768 rabiliter
2343 3711 2725 3777 vociferando,
2761 3715 2832 3766 'et
2878 3696 3044 3765 verba
3095 3710 3345 3765 luctuosa
3399 3711 3641 3785 ingemig

2045 3819 2262 3862 scentes
2291 3807 2530 3869 edendo;
2565 3805 2874 3877 lacrymare
2911 3818 3136 3874 quoque
3164 3803 3350 3858 edicto
3384 3801 3631 3873 praifecti

2046 3900 2223 3964 ttrhis,
2275 3899 2532 3962 Palladii,
2563 3908 2696 3952 sunt
2741 3897 3031 3970 prohibiti,
3077 3897 3174 3966 qui
3223 3905 3278 3951 et
3318 3897 3437 3966 ipse
3484 3902 3636 3950 sum-

2044 4010 2274 4062 mopere
2305 3995 2469 4049 idolis
2499 3993 2758 4049 addictus
2785 4005 2923 4048 erat.
2960 3990 3231 4048 Permulti
3260 3992 3500 4061 namque
3535 3990 3629 4060 qui

2043 4086 2360 4158 plorabant,
2386 4087 2777 4157 comprehensi
2809 4084 2865 4140 e't’
2894 4083 3132 4156 primum
3168 4083 3223 4138 in
3255 4082 3475 4138 vincula
3501 4097 3632 4137 eon-

2036 4180 2208 4249 jecti,
2264 4177 2468 4233 deinde
2518 4176 2895 4243 diverberati,
2948 4176 3078 4232 ca‘si
3130 4186 3186 4231 et
3239 4175 3514 4239 cruciati,
3558 4174 3627 4227 ad

2041 4270 2354 4325 Phennesia
2396 4277 2454 4325 et
2501 4262 2875 4324 Proconnesia
2920 4268 3143 4324 metalla
3184 4276 3317 4324 sunt
3353 4267 3624 4328 damnati,

2041 4362 2297 4418 homines
2339 4372 2566 4432 propter
2602 4360 2851 4415 divinum
2891 4361 3070 4415 zelum
3117 4360 3324 4441 egregii
3344 4357 3619 4413 Ecclesia:

2039 4464 2490 4526 propugnatores
2523 4472 2537 4510 :
2564 4468 2913 4524 quorumque
2941 4454 3127 4524 plures
3153 4447 3409 4507 monachi
3442 4459 3624 4516 erant,

1964 4529 2009 4583 D
2037 4549 2187 4603 solos
2238 4548 2393 4603 locos
2431 4563 2532 4618 per
2558 4546 2875 4602 virtutis'et
2915 4544 3136 4615 pietatis
3173 4543 3498 4598 exercitium
3534 4546 3621 4597 in-

2035 4645 2302 4701 colentes.
2334 4643 2472 4700 Cum
2504 4643 2707 4714 quibus
2737 4640 2918 4710 (erant
2951 4650 3133 4696 autem
3172 4641 3366 4710 viginti
3401 4649 3457 4695 et
3487 4640 3625 4710 tres)

2036 4739 2202 4809 paulo
2248 4747 2375 4807 post
2423 4739 2700 4793 diaconus
2736 4736 2982 4805 quidam,
3019 4736 3112 4806 qui
3150 4752 3179 4789 a
3215 4735 3416 4792 dilecto
3451 4734 3622 4789 fratre
3719 4801 3735 4816 .

2032 4837 2224 4883 nostro
2274 4827 2502 4883 Damaso
2559 4828 2822 4882 Romana:
2876 4825 3033 4881 urbis
3083 4821 3621 4895 episcopo,'ad-nos

2032 4922 2438 4977 consolatorias
2491 4920 2659 4975 simul
2710 4928 2768 4974 et
2823 4908 3351 4991 communicatorias
3400 4912 3621 4971 litteras

2031 5013 2314 5079 attulerat,
2350 5011 2615 5066 revinctis
2662 5010 2719 5065 in
2762 5022 2977 5080 tergum
3022 5000 3279 5063 manibus
3314 5022 3426 5061 non
3457 5004 3620 5060 aliter

2031 5122 2197 5176 quam
2248 5082 2828 5175 insignis-quisquam
2884 5117 2948 5155 ex
3003 5080 3266 5154 maleﬁcia
3314 5098 3479 5161 latro,
3520 5112 3620 5167 pu-

2031 5199 2175 5253 blice
2203 5214 2231 5252 a
2258 5197 2615 5253 carniﬁcibus
2638 5207 2724 5250 est
2749 5182 2972 5250 ductus.
3002 5195 3181 5262 Atque
3206 5192 3301 5247 ubi
3331 5191 3616 5245 crudelius

2027 5293 2195 5346 etiam
2251 5307 2414 5362 quam
2470 5290 2768 5345 homicida:
2820 5288 3035 5353 solent,
3093 5294 3179 5342 est
3233 5283 3615 5348 excruciatus,

2029 5384 2290 5453 saxisque
2339 5374 2405 5438 et
2447 5381 2725 5454 plumbeis
2772 5381 2934 5436 uncis
2974 5379 3026 5434 in
3068 5369 3383 5435 cervicibus
3417 5376 3612 5430 admo-

2026 5478 2156 5530 dum
2192 5476 2521 5546 ﬂagellalus,
2560 5473 2766 5544 scapha
2808 5473 2863 5528 in
2906 5460 3409 5533 mare‘descendit,
3443 5475 3612 5538 atque

2025 5569 2218 5624 itidem
2256 5577 2317 5622 ut
2348 5566 2438 5622 alii
2478 5567 2695 5639 signum
2732 5566 2932 5621 divinae
2967 5565 3151 5620 cruris
3183 5563 3238 5616 in
3274 5561 3477 5615 l‘ronte'
3506 5560 3608 5614 itn-

2024 5678 2275 5732 pressum
2312 5660 2544 5725 habens,
2576 5670 2724 5716 cura:
2758 5647 2922 5729 atque
2956 5657 3136 5712 solatii
3175 5654 3356 5710 omnis
3386 5645 3604 5723 expers.

2024 5755 2376 5810 Phenuesum
2411 5753 2466 5807 in
2496 5754 2741 5815 metalla,
2775 5768 2898 5822 quae
2929 5751 3054 5809 aeris
3080 5734 3467 5814 sunt,"missus
3496 5755 3604 5804 εει.

2022 5847 2252 5910 Insuper
2288 5861 2410 5901 cum
2447 5846 2709 5909 quaesitor
2749 5855 2937 5902 tenera
2984 5856 3281 5905 puerorum
3319 5837 3585 5897 cxcarniﬁ
