4056 6488
463 358 564 424 667
1655 322 2073 407 NICEI‘HDRI
2120 329 2455 393 CALLISTI
3644 317 3750 381 (:33

462 485 616 530 caret
650 486 906 544 corpora,
942 470 1197 526 nonnulli
1231 470 1374 542 apud
1401 485 1464 527 ea
1495 478 1851 540 permansere
1879 459 2036 517 cada-

2143 452 2306 519 θῆναι
2368 449 2467 516 τήν
2519 446 2754 514 ὑστάτην
2804 443 3016 513 ταύτην
3069 441 3458 511 παράκλησιν.
3513 439 3661 494 Ἀλλ’
3706 440 3752 494 ὣ

463 581 589 620 vera
614 531 766 636 iusta
804 563 1092 633 sepultura
1123 531 1442 618 fraudantes
1470 531 1638 617 acum
1677 557 1900 629 quidem
1935 568 2032 625 pa-

2143 543 2341 613 πολλῆς
2364 539 2763 610 ἀπανθρωπίας
2805 537 2903 590 τοῦ
2931 534 3271 600 δικάζοντος,
3306 533 3533 604 μᾶλλον
3560 531 3622 586 δὲ
3655 533 3748 586 τοῦ

464 626 648 712 rente-5
676 665 733 711 et
758 626 955 710 fratres
988 663 1047 709 et
1085 656 1326 726 cognati,
1363 654 1499 709 urbs
1531 626 1773 721 denique
1811 650 2036 719 (prope-

2143 635 2597 706 κατακρίνοντοςί
2628 633 2764 686 οἱδι’
2797 629 3081 685 εὐσέϐειαν
3097 627 3453 697 ἀθλήσαντες
3487 626 3753 695 φονεῦσιν

465 748 686 804 modum
721 748 738 814 )
783 756 915 813 tota,
964 762 1135 802 unum
1157 717 1293 802 vhoc
1338 760 1474 800 suos
1516 742 1818 813 sepeliendi
1857 748 2036 795 extre-

2143 731 2196 782 οὑ
2254 727 2655 795 συνεκρίνοντο,
2689 724 2890 791 ἄταφοι
2943 721 3199 793 μένοντες
3232 719 3301 773 τὰ
3359 717 3655 788 σώματα·
3701 719 3749 771 οἱ

2139 821 2319 881 καλῶς
2342 817 2741 886 ἀγωνιζόμενοι
2767 815 2978 885 θηρίοις
3001 816 3093 868 καὶ
3117 813 3348 884 πτηνοῖς
3385 813 3541 881 πρὸς
3578 811 3751 882 βορὰν

2138 909 2526 983 ὲῤῥιπτοῦντο*
2558 911 2609 962 οἱ
2634 906 2995 976 συμπαθῆσαι
3026 904 3462 975 βεϐουλευμένοι
3495 903 3750 972 πατράσι

2138 1005 2225 1059 διὰ
2247 1008 2344 1070 τὴν
2374 1004 2703 1073 συνείδησιν,
2756 1002 2854 1069 τὴν
2882 999 3126 1069 κεφαλὴν
3167 999 3244 1063 ὡς
3272 996 3599 1068 παράνομα
3619 995 3752 1077 δράο

2139 1113 2329 1159 σαντες
2359 1096 2748 1163 ἀπετέμνοντο.
2782 1094 2939 1157 ﬂcio;
2973 1092 3140 1161 νόμος
3174 1088 3512 1159 Ῥωμαίων,
3533 1087 3674 1141 ποία
3695 1086 3753 1139 δὲ

2135 1190 2333 1259 γνώμη
2370 1188 2669 1258 βαρϐάρων
2697 1188 2812 1257 τοῖς
2840 1184 3084 1253 πατράσι
3104 1179 3577 1252 νσυμπαθοῦντας
3602 1178 3750 1251 ἠμύ-

2140 1299 2302 1347 νατο;
2327 1282 2436 1334 Ποῦ
2459 1297 2542 1342 τις
2557 1280 2668 1333 τῶν
2692 1278 2942 1332 παλαιῶν
2984 1293 3117 1330 ποτε
3142 1276 3342 1345 ἔδρασε
3395 1272 3661 1327 τοιοῦτόν
3702 1289 3755 1324 τι

2141 1372 2460 1440 παράνομον
2481 1390 2495 1436 ;
2513 1369 2798 1424 Ἑκὲλευσέ
2829 1386 2957 1421 ποτε
2982 1365 3184 1437 Φαραὼ
3205 1406 3220 1430 ,
3249 1362 3622 1434 ἀναιρεῖσθαι
3648 1361 3758 1415 τῶν

463 1474 569 1529 diae
604 1474 807 1529 atl’ectu
847 1471 1253 1528 condolendum
1304 1471 1409 1527 sibi
1445 1486 1568 1525 esse
1613 1478 1879 1533 statuere,
1915 1483 2036 1537 per-

2164 1464 2432 1535 Ἑϐραίων
2466 1464 2533 1515 τά
2563 1463 2769 1534 ἄρρενα
2789 1478 2803 1493 ·
2834 1461 2969 1514 ἀλλὰ
2998 1460 3191 1528 φθόνος
3223 1459 3322 1511 καὶ
3350 1458 3484 1519 δέος
3509 1454 3757 1509 ὑπέϐαλε

465 1566 594 1620 inde
632 1576 797 1635 atque
835 1566 1096 1634 iniustum
1131 1564 1262 1636 quid
1299 1574 1355 1619 et
1394 1563 1621 1632 impium
1658 1560 2036 1625 admisissent,

2143 1556 2297 1610 τοῦτο
2319 1559 2376 1610 τὸ
2394 1554 2907 1627 πρόσταγμαλιόσῳ
2926 1551 2995 1605 τά
3022 1550 3143 1603 τότε
3160 1549 3271 1603 τῶν
3294 1547 3401 1601 νῦν
3427 1546 3638 1611 φιλανθ
3648 1563 3757 1615 ρω-

465 1659 646 1727 capite
679 1660 1019 1729 plectuntur.
1057 1657 1316 1723 Quaenam
1364 1655 1739 1710 Romanorum
1775 1653 1883 1716 lex,
1914 1667 2036 1722 quae

2143 1650 2369 1720 πότερα;
2398 1650 2549 1717 πόσῳ
2568 1647 2796 1700 ποθεινὰ
2823 1645 2957 1715 πρὸς
2976 1643 3186 1713 αἵρεσιν
3203 1642 3367 1711 ἁδική
3377 1656 3574 1708 ματα;
3603 1638 3756 1707 πόσῳ

468 1751 828 1804 barbarorum
880 1749 1179 1812 sententia,
1224 1749 1277 1802 in
1331 1765 1428 1804 eos
1478 1748 1574 1816 qui
1630 1760 1726 1814 per
1774 1744 2032 1813 pietatem

2147 1741 2397 1811 βελτίονα
2425 1740 2560 1811 πρὸς
2601 1739 2889 1809 σύγκρισιν
2919 1738 3288 1805 άνομήματας
3328 1732 3460 1787 Κᾶν
3495 1730 3755 1793 ἀλλήλων

370 1892 381 1909 ,
465 1841 714 1911 patribus
762 1840 1143 1903 condolerent,
1164 1808 1605 1895 animadvertit?
1633 1808 1740 1894 'Ubi
1777 1808 2033 1891 veterum

2143 1808 2199 1887 αἱ
2224 1834 2413 1886 κακίαι
2555 1830 2920 1901 χωρίζωνται,
2950 1827 3148 1882 ἄπεστι
3168 1826 3237 1878 τὰ
3257 1825 3553 1893 λεγόμενα
3578 1822 3757 1903 άπάν-

463 1932 752 2002 quisquam
799 1947 1040 2002 unquam
1075 1939 1182 1985 tam
1216 1931 1557 2001 illegitimum
1596 1938 1653 1983 et
1688 1928 1918 1996 impium
1951 1926 2030 1981 fa-

2143 1924 2334 1993 θρωπα
2351 1925 2448 1977 καὶ
2464 1922 2631 1983 δεινὰ,
2651 1920 2778 1990 ὠμά
2796 1921 2891 1974 καὶ
2908 1918 3180 1989 βάρϐαρα,
3198 1917 3410 1985 ἀνηλεῆ
3430 1918 3533 1969 καὶ
3552 1917 3751 1985 πικρά.

462 2028 620 2085 ciuus
665 2029 835 2085 fecit?
870 2030 1047 2085 Jussit
1098 2029 1375 2098 quondam
1426 2027 1644 2081 Pharao
1689 2026 2043 2098 Hebraeorum
2086 2022 2265 2080 occidi
2335 2023 2634 2081 masculos.
2672 2019 2828 2091 163
2892 2020 2959 2072 At
2987 2006 3194 2071 invidia
3220 2022 3276 2070 et
3301 2022 3503 2070 metus
3532 2013 3647 2069 hoc
3677 2012 3752 2067 illi

461 2124 698 2196 subjecit
730 2125 998 2180 edictum.
1032 2096 1233 2177 Verum
1263 2131 1470 2192 quanto
1506 2122 1596 2175 illa
1628 2096 1834 2184 vetera,
1873 2134 2036 2188 quam
2076 2115 2367 2186 prasentia
2401 2116 2540 2173 haec.
2575 2110 2939 2168 bumaniora?
2963 2119 3173 2180 quanto
3203 2108 3269 2163 ad
3306 2109 3614 2180 optionem
3640 2152 3645 2161 .
3668 2104 3751 2160 in-

462 2221 621 2291 iuriae
655 2219 1389 2289 desiderabiliora?,quanto
1418 2217 1485 2271 ad
1521 2217 1869 2272 collationem
1902 2214 2212 2283 iniquitatis
2246 2212 2509 2267 meliora?
2542 2209 2804 2278 Quamvis
2835 2208 3166 2264 vitiositates
3200 2221 3229 2260 a
3269 2205 3484 2276 seipsis
3516 2205 3667 2259 inter
3693 2217 3750 2259 se

461 2330 571 2372 non
602 2315 1020 2386 disgregentur;
1053 2330 1116 2370 ea
1150 2330 1270 2385 qua!
1300 2314 1447 2369 dicta
1478 2322 1628 2377 sunt,
1660 2311 1852 2378 infida,
1893 2311 2217 2366 inhumana.
2247 2310 2454 2386 gravia,
2500 2309 2637 2374 fera,
2670 2307 2927 2371 barbara,
2972 2305 3219 2360 crudelia
3252 2314 3313 2359 et
3348 2304 3559 2358 acerba
3592 2310 3747 2357 sunt.

535 2426 557 2460 ι
584 2412 760 2477 Atque
789 2409 943 2463 hisce
970 2411 1160 2470 rebus,
1189 2410 1282 2477 qui
1311 2406 1567 2461 Arianam
1600 2405 1876 2460 insaniam
1899 2419 2036 2459 con-

2223 2403 2365 2456 ’Δλλ’
2399 2404 2458 2455 ὲν
2494 2400 2707 2465 τούτοις
2739 2399 3017 2469 ὲγαυρίων
3048 2400 3098 2452 οἱ
3132 2398 3233 2467 τῆς
3276 2397 3511 2464 ’Δρείου
3549 2396 3751 2466 μανίας

460 2503 816 2557 sectabantur
850 2500 1250 2571 gloriabantur.
1286 2499 1504 2553 Etcum
1539 2498 1736 2552 civitas
1764 2498 1946 2552 omnis
1978 2496 2033 2551 in

2143 2496 2377 2564 ὑπήκοοι
2406 2492 2753 2566 χορεύοντες.
2780 2491 2890 2561 Τῆς
2920 2490 2977 2543 δὲ
3010 2489 3222 2551 πόλεως
3253 2487 3449 2552 πάσης
3475 2486 3747 2555 ὀλοφυρο-

464 2590 617 2644 luctu
665 2598 814 2644 esset
870 2592 1001 2659 (non
1046 2588 1197 2645 enim
1234 2597 1354 2644 erat
1410 2587 1521 2642 ulla
1574 2587 1797 2650 domus,
1835 2589 1890 2642 in
1927 2602 2036 2657 qua

2143 2587 2314 2657 μένης
2337 2586 2461 2657 (οὐκ
2490 2581 2559 2656 ἦν
2591 2586 2701 2654 γὰρ
2720 2583 2869 2637 οἰκία
2888 2586 2944 2635 ἐν
3033 2582 3134 2635 οὐκ
3150 2576 3217 2651 ἦν
3237 2578 3561 2649 τεθνηκὼς,
3594 2578 3670 2641 ὡς
3690 2579 3747 2630 ὲν

464 2697 575 2736 non
611 2692 759 2738 esset
789 2692 1063 2746 mortuus,
1098 2681 1262 2737 sicuti
1299 2681 1351 2735 in
1383 2680 1575 2736 Exodo
1607 2681 1874 2750 scriptum
1903 2680 2033 2746 est),

2143 2683 2208 2751 τῇ
2264 2679 2461 2749 Ἔξόδῳ
2486 2675 2971 2748 γέγραπται),οὐκ
2986 2675 3276 2744 ἠρέμησαν
3307 2673 3508 2736 πάλιν,
3553 2672 3605 2725 oi
3647 2669 3746 2739 τὴν

466 2789 574 2828 non
611 2774 944 2844 quieverunt
979 2785 1188 2837 tamen,
1213 2774 1306 2844 qui
1335 2773 1699 2829 insatiabilem
1734 2772 1838 2828 sibi
1870 2787 2035 2828 exer-

2143 2769 2258 2837 ἕξιν
2290 2772 2592 2841 ἀκόρεστον
2630 2770 2765 2840 πρὸς
2801 2767 3153 2837 παρανομίαν
3182 2754 3203 2784 ί
3205 2766 3602 2835 ἀσκήσαντες·
3657 2763 3747 2815 ἐπὶ

463 2865 600 2920 ci'tio
653 2866 719 2921 ad
774 2867 1123 2936 iniquitatem
1181 2867 1427 2921 habitum
1473 2873 1886 2935 compararunt.
1925 2865 2036 2918 Vo-

2147 2864 2258 2934 γὰρ
2288 2864 2355 2916 τὰ
2384 2864 2553 2933 χείρω
2602 2864 2703 2931 τὴν
2735 2860 3060 2932 προαίρεσιν
3104 2858 3520 2930 γυμνάζοντες,
3582 2856 3744 2926 μέχρι

465 2958 680 3012 luntate
732 2960 881 3012 enim
938 2967 995 3012 et
1043 2958 1277 3013 arbitrio
1314 2973 1416 3013 suo
1469 2958 1535 3012 ad
1595 2972 1684 3012 res
1729 2947 2036 3012 deteriores

2143 2951 2255 3005 τῶν
2284 2951 2387 3019 τῆς
2447 2952 2716 3022 ἐπαρχίας
2747 2947 3069 3003 ἐπισκόπων
3098 2949 3190 3002 τὸν
3225 2949 3364 3002 ἴδιον
3402 2949 3506 3018 τῆς
3553 2948 3743 3008 κακίας

462 3049 792 3110 assuefacto,
821 3050 1297 3120 improbitatisque
1330 3065 1545 3104 veneno
1574 3048 1641 3103 ad
1673 3048 2036 3117 provinciales

2148 3045 2226 3099 ίδν
2254 3045 2689 3105 ἐπεκτείνοντες,
2721 3042 3011 3113 δορυφόρῳ
3058 3044 3197 3114 πρὸς
3247 3041 3479 3095 ἀδικίαν
3510 3040 3594 3111 τῷ
3638 3040 3741 3093 τῶν

461 3145 755 3213 episcopos
783 3159 954 3213 usque
975 3152 1219 3207 extento,
1251 3144 1611 3214 largitionum
1640 3142 1845 3197 comite
1871 3155 2035 3212 quem

2144 3140 2511 3209 λαργιτιόνων
2567 3142 2845 3209 χρώμενοι
2900 3139 3148 3209 κόμητι,
3210 3138 3289 3207 τῷ
3342 3137 3739 3210 προειρημένῳ

462 3231 707 3293 diximus
745 3230 937 3302 Magno
979 3233 1213 3287 satellite
1241 3232 1410 3288 etiam
1451 3231 1519 3286 ad
1570 3231 1897 3301 iniustitiam
1933 3229 2036 3289 usi.

2143 3231 2377 3303 Μάγνῳ,
2410 3231 2539 3293 τοὺς
2589 3232 2690 3301 μὲν
2732 3230 3113 3302 βουλευτηρίῳ
3146 3229 3492 3302 παρέδοσαν.
3544 3233 3672 3290 τοὺς
3696 3224 3738 3278 δ’

463 3323 680 3391 aliquos
731 3323 953 3392 quidem
1003 3324 1168 3378 curiae
1193 3324 1445 3394 judicum
1497 3322 1887 3384 tradiderunt,
1934 3322 2036 3375 ali-

2144 3322 2342 3386 άλλους
2367 3323 2426 3375 ὃν
2450 3322 2750 3390 ,ἐϐούλοντο
2788 3323 2991 3392 τρόπον
3036 3321 3362 3390 ἐνήδρευον,
3397 3319 3739 3391 πανταχόθεν

463 3414 667 3483 quibus
703 3425 884 3469 autem
919 3416 1124 3485 quibus
1163 3415 1390 3493 voluere
1413 3413 1841 3470 modisiusidias
1871 3422 2036 3469 teten-

2146 3415 2285 3486 πρὸς
2316 3416 2575 3469 ἀσέϐειαν
2617 3416 2746 3479 τοὺς
2798 3415 3010 3479 πάντας
3056 3414 3324 3482 θηρεῦσαι
3390 3414 3737 3488 βουλόμενοι,

2144 3509 2298 3562 οὐδὲν
2349 3510 2581 3577 ἀφέντες
2634 3508 2945 3579 ἀτόλμητον
2979 3524 2993 3539 ο
3055 3509 3193 3562 ἀλλὰ
3238 3509 3354 3578 γάρ
3414 3510 3514 3566 καὶ
3565 3507 3739 3563 πάντα

2145 3600 2586 3671 περιερχόμενοι.
2617 3600 2761 3655 κατὰ
2799 3601 2894 3653 τὶν
2915 3599 3049 3653 ῐδιον
3077 3599 3177 3667 τῆς
3210 3599 3496 3667 αἱρέσεως
3525 3598 3736 3668 πατέρα

2142 3692 2413 3753 διάϐολον,
2452 3690 2749 3764 ζητοῦντές
2795 3709 2920 3746 τινα
2969 3694 3286 3746 καταπιεῖν.
3322 3692 3584 3747 Καθόλου
3629 3689 3735 3744 τοί-

2145 3802 2244 3838 νυν
2276 3785 2430 3856 παρὰ
2482 3786 2703 3840 πάντων
2746 3786 3144 3859 ἀπορούμενοι.
3189 3786 3251 3839 ἐν
3295 3784 3440 3840 δέκα
3487 3784 3601 3839 τῶν
3633 3779 3735 3835 ἀπὸ

2143 3877 2246 3947 τῆς
2284 3876 2563 3947 Αίγύπτου
2617 3878 2710 3932 τὸν
2770 3878 3009 3950 ἀριθμὸν
3047 3879 3401 3942 ἐπισκόπων,
3434 3877 3641 3947 ἄνδρας
3674 3874 3734 3925 ὲκ

2145 3973 2364 4026 παιδίου
2419 3973 2584 4043 μέχρι
2630 3973 2822 4042 γήρως
2851 3971 2952 4043 τὴν
3001 3972 3212 4041 ἔρημον
3241 3973 3546 4050 ἀσκήσεως
3578 3968 3737 4041 χάριν

2143 4067 2500 4135 οἰκήσαντας,
2532 4067 2629 4119 καὶ
2650 4064 2795 4134 λόγῳ
2818 4064 2914 4120 καὶ
2946 4064 3145 4136 πράξει
3172 4067 3270 4127 τάς
3301 4064 3506 4134 ἡδονὰς
3536 4059 3735 4118 ὑποτά⁸

2148 4157 2369 4223 ξαντας,
2403 4157 2499 4210 καὶ
2531 4158 2631 4227 τὴν
2677 4156 2880 4215 εὐσεϐῆ
2915 4156 3105 4210 πίστιν
3135 4157 3602 4227 άνεπαισχύντως
3632 4168 3733 4219 κη-

2147 4245 2461 4315 ρύττοντας,
2518 4245 2614 4299 καὶ
2665 4247 2735 4300 τά
2798 4246 2904 4315 τῆς
2950 4244 3239 4308 εὐσεϐείας
3283 4242 3727 4316 γαλουχηθέντας

462 4329 623 4385 fidem
675 4330 1049 4400 deprazdicare
1083 4347 1194 4386 non
1224 4330 1524 4403 erubuere,
1571 4330 1792 4401 pietatis
1844 4332 2036 4401 dogma

2143 4336 2418 4405 δόγματα,
2452 4335 2549 4389 καὶ
2594 4335 2754 4404 νίκην
2785 4335 3052 4398 πολλάκις
3093 4326 3234 4388 κατὰ
3288 4335 3572 4406 δαιμόνων
3597 4328 3726 4384 ἑπά-

462 4437 570 4476 una
607 4438 734 4478 cum
765 4424 905 4477 lacte
937 4422 1226 4487 imhibere,
1259 4422 1542 4475 victoriam
1580 4436 1722 4490 saepe
1768 4436 1797 4474 a
1836 4420 2036 4474 dtemo-

2148 4444 2373 4498 ραντας,
2398 4427 2571 4500 ἀρετῇ
2599 4425 3000 4491 δυσωποῦντας
3025 4428 3118 4481 τδν
3149 4428 3481 4492 ἀντίπαλον,
3513 4427 3604 4477 καὶ.
3631 4421 3724 4489 τὴν

458 4514 625 4569 nibus
686 4517 950 4580 retulere,
1000 4516 1201 4569 virtute
1249 4513 1630 4568 adversarium
1690 4512 1926 4581 fregere,
1980 4521 2036 4566 et

2155 4498 2449 4590 ’Apstavhv
2478 4518 2781 4590 σοφωτάτῳ
2814 4518 2960 4590 λόγῳ
2999 4517 3424 4588 στηλιτεύοντας
3474 4517 3685 4588 αἵρεσιν
3705 4523 3722 4541 ⁶

458 4608 715 4661 Arianam
763 4616 969 4661 sectam
1007 4607 1259 4660 oratione
1308 4605 1712 4675 sapientissima
1759 4605 1933 4659 veluti
1976 4606 2031 4657 in

2147 4609 2385 4679 ὄργανον
2415 4608 2701 4679 ὠμότητος
2725 4607 2821 4662 τοῦ
2848 4608 3257 4680 προειρημένου
3283 4608 3521 4676 ἔχοντες,
3557 4606 3722 4670 ὑπερ-

457 4701 769 4755 columnam
808 4701 1037 4754 incisam
1076 4698 1393 4765 traduxere,
1426 4698 1857 4752 instrumentum
1900 4696 2034 4751 feri-

2147 4702 2335 4772 ορίους
2391 4704 2760 4772 πεποιήκασιν
2792 4702 2849 4755 ὲν
2882 4702 3180 4772 οἰκουμένῃ
3217 4702 3368 4770 παρὰ
3397 4702 3506 4753 τῶν
3541 4711 3721 4765 κυριο-

466 856 613 895 mum
649 841 905 894 solatium
951 840 1054 894 sibi
1106 840 1335 893 concedi
1380 844 1655 907 peterent.
1690 834 1820 898 Sed,
1861 847 1893 884 ο
1936 832 2041 886 ima

465 948 706 988 mensam
743 931 994 998 praetoris
1026 940 1083 986 et
1110 931 1334 996 iudicis.
1368 946 1432 984 ac
1471 929 1661 999 potius
1700 926 2028 981 condemna-

465 1024 599 1079 toris
625 1022 1122 1078 inhumanitatem!
1165 1022 1258 1090 qui
1293 1038 1391 1090 pro
1426 1020 1631 1090 pietate
1660 1018 2034 1078 decertarnnt,

463 1129 529 1169 ne
563 1113 861 1168 homicidia
888 1112 1136 1182 quidem.
1173 1113 1500 1181 corporibus
1532 1125 1723 1164 eorum
1756 1108 2037 1177 sepultura

461 1204 819 1265 carentibus,
883 1202 1281 1265 conferuntur;
1326 1202 1436 1278 .qui
1503 1199 1706 1254 bonum
1775 1210 2038 1266 peregere

461 1302 769 1352 certamen,
817 1290 950 1345 feris
994 1299 1052 1344 et
1100 1288 1420 1342 volucribus
1467 1301 1591 1342 est-a
1621 1284 2032 1355 projiciuntur;

463 1384 553 1453 qui
587 1382 841 1452 patribus
872 1390 1098 1451 propter
1149 1380 1547 1435 conscientiam
1589 1394 1688 1449 pro
1727 1378 2039 1432 misericor-

463 3506 687 3569 derunt,
731 3506 879 3560 omni
934 3521 1001 3560 ex
1051 3516 1209 3576 parte
1259 3520 1477 3569 omnes,
1519 3504 1658 3559 nihil
1708 3505 2039 3558 intentatum

464 3595 852 3665 relinquendo.
900 3597 968 3650 ad
1000 3596 1341 3666 impietatem
1392 3596 1550 3665 quasi
1601 3596 1791 3649 venari
1828 3605 1884 3649 et
1915 3611 2041 3664 per.

464 3687 685 3743 trahere
733 3688 1004 3743 volentes.
1066 3687 1326 3742 Sedenim
1398 3687 1585 3741 omnia
1637 3686 2039 3741 circumeundo

455 3779 613 3848 juxta
664 3781 889 3835 haeresis
929 3794 1043 3834 sua!
1096 3789 1307 3848 patrem
1358 3768 1666 3844 diabolum,
1727 3789 2041 3848 qnwrcntes

460 3887 628 3941 quem
651 3872 946 3933 devorent,
980 3871 1129 3940 quod
1166 3871 1235 3926 de
1270 3887 1487 3926 summa
1540 3887 1723 3925 rermn
1775 3871 2039 3942 despera-

462 3974 608 4025 rent,
644 3963 900 4018 undecim
945 3979 1013 4018 ex
1049 3962 1280 4035 Egypto
1327 3965 1637 4034 episcopos,
1669 3963 1820 4019 viros
1867 3966 1959 4035 qui
2009 3981 2038 4019 a

459 4069 650 4120 pueris
694 4053 761 4107 ad
814 4063 1157 4109 senectutem
1212 4070 1387 4123 usque
1440 4055 1662 4109 virtutis
1713 4066 1770 4110 et
1820 4056 2040 4124 pietatis

458 4144 786 4200 exercendae
829 4146 1006 4215 gratia
1046 4147 1409 4202 solitudinem
1443 4147 1748 4213 incoluere,
1784 4147 2037 4204 doctrina

459 4248 517 4290 et
547 4236 706 4292 factis
760 4238 1072 4306 voluptates
1112 4238 1501 4309 subjugavere,
1539 4239 1769 4293 verioris
1817 4240 2039 4308 pietatis

341 4791 362 4812 ⁶
460 4790 586 4845 tatis
616 4806 741 4843 eum
764 4806 927 4859 quem
957 4806 1097 4859 saepe
1120 4790 1360 4844 diximus
1388 4789 1684 4853 habentes,
1713 4788 2031 4843 exsulatum

461 4882 513 4933 in
551 4881 687 4935 orbe
736 4891 929 4935 nostro
967 4881 1110 4950 apud
1148 4882 1361 4936 Domini
1408 4897 1765 4950 percussores
1813 4881 2034 4935 Judaros

459 4973 514 5025 in
551 4974 832 5027 civitatem
893 4973 1287 5027 Diocmsarcatn
1348 4974 1571 5027 misere.
1615 4972 2032 5037 Verumtamen,

458 5066 620 5119 sicuti
656 5067 830 5120 Orcus
868 5081 962 5120 seu
998 5066 1269 5131 infernus,
1306 5066 1538 5120 fratrum
1562 5079 1749 5143 inerte
1781 5068 2025 5120 nondum

456 5156 685 5224 expleti,
718 5156 922 5225 ubique
947 5167 1221 5211 terrarum
1250 5156 1538 5210 dementes
1558 5167 1615 5210 et
1645 5158 1853 5225 stupidi
1886 5172 2036 5210 mor-

460 5248 594 5303 tales
628 5248 849 5303 szevitiae
881 5264 994 5304 suae
1021 5256 1438 5303 mOnumentum
1469 5248 1691 5318 aliquod
1719 5250 2032 5320 relinquere

457 5349 585 5394 sunt
613 5344 758 5407 ausi,
796 5344 1144 5397 nobilitatem
1195 5357 1263 5396 ex
1304 5342 1612 5398 malefactis
1667 5355 2030 5414 aucupantes.

458 5437 597 5490 Ecce
655 5437 805 5491 enim
857 5451 1079 5490 rursum
1135 5435 1401 5492 Ecclesia:
1452 5436 1740 5492 catholicae,
1799 5437 2077 5513 clericos,

457 5529 765 5585 Antiochiae
803 5528 1092 5597 degentes,
1120 5543 1227 5583 una
1260 5543 1385 5583 cum
1429 5527 1685 5597 probatis
1722 5529 2027 5593 monachis,

456 5623 547 5689 qui
579 5637 771 5677 eorum
811 5620 1110 5676 insolentes
1134 5623 1385 5677 actiones
1413 5620 1737 5677 testimonio
1762 5636 1864 5676 suo
1892 5635 2030 5675 con-

460 5722 764 5775 tsrmarent.
826 5716 917 5771 ubi
967 5714 1284 5785 imperiales
1345 5729 1511 5768 aures
1545 5714 1786 5783 querelis
1838 5724 2030 5769 contra

460 5816 560 5861 nos
615 5809 883 5863 institutis
934 5805 1320 5871 obtudcrunt,
1377 5805 1792 5863 Ncoctcsarcant
1867 5807 2028 5861 l’onti

2146 4794 2354 4849 κτόνων
2376 4793 2665 4855 ,Ἰουδαίων
2691 4794 2847 4847 πόλει
2884 4791 3130 4858 τοῦνομα
3155 4792 3568 4862 Διοκαισαρείᾳ.
3613 4783 3719 4840 Καὶ

2146 4886 2295 4955 ὅμως
2337 4887 2412 4949 ὡς
2441 4887 2468 4938 ὁ
2499 4883 2630 4956 ᾅδης
2666 4885 2758 4939 ἐπὶ
2793 4884 3013 4956 θανάτῳ
3054 4887 3164 4939 τῶν
3191 4884 3443 4953 ἀδελφῶν
3490 4884 3591 4935 οὐκ
3627 4882 3720 4945 ἐμ-

2147 4977 2503 5047 πιπλάμενοι,
2539 4977 2858 5048 ἁπανταχοῦ
2890 4977 2997 5045 γῆς
3024 4978 3330 5048 ἐτόλμησαν
3359 4980 3406 5030 οἱ
3432 4975 3715 5043 παράφρο-

2145 5086 2233 5132 νες
2274 5071 2369 5122 καὶ
2403 5069 2689 5137 ἀϐέλτεροι
2722 5072 2821 5138 τῆς
2846 5069 3057 5132 οἰκείας
3072 5062 3367 5139 ’ὠμότητος
3398 5060 3715 5130 καταλείψαι

2151 5164 2521 5233 μνημόσυνον,
2559 5164 2626 5215 ὲκ
2653 5162 2843 5216 κακῶν
2866 5162 3011 5230 ἔχειν
3051 5162 3115 5215 τὸ
3141 5162 3434 5233 γνώρισμα
3460 5154 3714 5229 βουλόμε-

2143 5271 2245 5308 νοι.
2281 5255 2416 5308 Ἰδοὺ
2449 5254 2561 5325 γὰρ
2609 5254 2777 5307 πάλιν
2812 5254 3112 5323 κληρικοὺς
3142 5254 3244 5323 τῆς
3274 5249 3570 5319 καθολικῆς
3602 5244 3717 5298 Ἐκσ

2146 5347 2404 5416 κλησίας,
2427 5350 2487 5401 ὲν
2516 5347 2823 5418 ’Δντιοχείᾳ
2849 5346 3231 5417 διατρίϐοντας
3263 5349 3380 5418 ἅμα
3407 5338 3711 5400 σπουδαίοις

2155 5437 2447 5508 μονάζουσι
2473 5438 2543 5492 τὰ
2581 5438 2679 5507 τῆς
2710 5437 3165 5509 δραματουργίας
3194 5438 3373 5493 αὐτῶν
3420 5426 3712 5504 διαμαρτύ⁴

2149 5530 2350 5600 ρασθαι
2376 5528 2779 5600 προθεμένους,
2816 5529 3105 5598 βασιλικὰς
3137 5532 3441 5601 ἠχήσαντες
3470 5522 3588 5578 κατ’
3617 5518 3708 5572 αὐ-

2145 5622 2257 5675 τῶν
2292 5623 2486 5685 ἀκοὰς,
2532 5622 2633 5692 τὴν
2678 5620 3119 5693 Νεοκαισάρειαν
3170 5624 3265 5677 τοῦ
3299 5623 3501 5677 Πόντου
3547 5609 3706 5666 οίκείν

2146 5715 2613 5784 παρεσκεύασαν·
2646 5715 2695 5768 οἳ
2745 5715 2885 5785 τάχα
2935 5718 3030 5769 καὶ
3070 5717 3164 5770 τοῦ
3196 5717 3297 5786 ζῇν
3343 5706 3704 5781 ἐστερήθησαν

2138 5807 2225 5859 διὰ
2263 5806 2359 5876 τὴν
2398 5806 2505 5859 τῶν
2556 5806 2736 5861 τόπων
2776 5807 3102 5878 ἀγριότητα.
3155 5810 3425 5868 Ίόιαύτας
3465 5805 3490 5854 ὁ
3522 5792 3702 5855 καιρδῖ
