4056 6422
371 413 435 438 ⁸η

371 413 434 438 ﬁn

333 413 434 474 rbi

1251 375 1847 472 ECCLESIAS’l‘lCdi
1890 409 2280 469 lllb‘TtHiLE
2318 403 2463 470 LIB.
2509 387 2615 466 Χι.
3467 388 3576 464 mi

329 532 439 601 Υίῴ
457 531 816 602 κηρύττοντες
835 529 1140 597 ὁμοούσιον.
1168 529 1414 598 scapis);
1443 527 1500 580 δὲ
1517 527 1617 594 τῆς
1643 527 1894 591 τοιαύτης

2019 503 2213 575 ιιειιιῖῑω
2245 531 2299 575 et
2321 520 2564 588 ejusdem
2605 519 2834 574 honoris
2861 532 2916 573 et
2941 520 3189 588 ejusdem
3234 523 3422 590 gloria!
3445 538 3570 576 cum

327 623 657 690 ύπερίστατο
685 619 840 690 δόξης
870 620 1021 691 παρὰ
1058 620 1156 689 μὲν
1189 620 1386 689 Σύροις
1429 618 1840 684 Ἀπολλινάριος
1872 617 1900 668 ὸ

328 714 640 778 Λαοδικεὺς,
675 713 778 765 ἀνὰ
805 714 862 766 δὲ
887 712 984 782 τὴν
1011 713 1284 780 Αἴγυπτον
1304 714 1331 763 ὁ
1365 710 1530 772 πολὺς
1557 709 1900 770 Ἀθανάσιος,

325 808 403 858 ἔτι
433 808 640 874 περιὼν
694 804 843 866 τότε,
899 803 1051 872 παρὰ
1108 802 1164 855 δὲ
1200 800 1600 860 Καππαδόκαις
1657 801 1748 850 καὶ
1782 799 1901 859 ταῖς

326 897 453 962 περὶ
485 893 574 946 τὸν
611 891 862 956 Εὔξεινον
906 890 1226 961 ἐκκλησίαις
1261 889 1564 961 Γρηγόριος
1601 891 1694 941 καὶ
1745 887 1903 938 Βασί-

326 989 378 1036 λε
392 1002 483 1047 ιος.

397 1258 506 1326 Τῆς
531 1257 587 1310 δὲ
619 1257 897 1327 τοιαύτης,
928 1260 1002 1321 ὼς
1043 1258 1280 1328 εἴρηται,
1321 1257 1605 1327 ζητήσεως
1650 1255 1904 1325 κινουμέ-

330 1369 446 1418 νης,
471 1351 563 1403 καὶ
591 1352 688 1421 τῆς
725 1351 1062 1420 φιλονεικίας
1089 1351 1288 1420 πολλῆς
1316 1350 1405 1403 διὰ
1437 1349 1608 1402 ταῦτα
1637 1346 1903 1400 ἐπιδιδού-

334 1462 454 1514 οης,
483 1444 928 1506 Ούαλεντινιανὸς
965 1443 1257 1513 τόξνπολλῷ
1286 1443 1384 1508 τῆς
1410 1441 1534 1511 περὶ
1568 1441 1638 1491 τὰ
1662 1440 1781 1492 θεῖα
1813 1440 1898 1491 εὐ·

335 1535 546 1597 φαῦείας
595 1535 746 1588 οὐδὲν
780 1535 963 1600 λέγειν
996 1529 1110 1603 εἶχε
1135 1547 1149 1562 ⁵
1185 1533 1500 1602 παρεχώρει
1551 1530 1607 1582 δὲ
1655 1532 1762 1585 τοῖς
1799 1545 1909 1581 τοι-

334 1627 470 1680 αῦτα
520 1625 980 1693 πεπιστευμένοις
1028 1625 1090 1676 τὸ
1133 1623 1386 1692 ποιητέον
1441 1623 1770 1687 ἐξενεγκεῖν.
1803 1643 1806 1646 ’
1838 1621 1904 1671 Ὃ

342 1717 524 1788 μαθὼν
571 1719 598 1770 ὁ
643 1715 941 1787 τηνικαῦτα
968 1717 1066 1784 τῆς
1105 1714 1396 1781 Ῥωμαίων
1430 1712 1757 1780 Ἐκκλησίεις
1809 1709 1908 1772 τὰς

335 1807 487 1876 ἡνίας
519 1807 656 1876 ἔχων
690 1805 970 1875 Λιϐἐριος,
991 1806 1116 1865 τοὺς
1150 1805 1277 1872 περὶ
1309 1803 1470 1856 αὐτὸν
1503 1802 1682 1870 ἱερέας
1721 1798 1906 1868 ἀθροίι

2003 607 2169 662 Patre
2196 608 2478 674 colebant,
2513 611 2608 666 sic
2631 610 3136 679 etiam'de-Spiritn
3175 622 3386 672 saneto,
3424 613 3570 665 l’atri

1999 709 2057 754 et
2082 701 2224 755 Filio
2265 703 2580 770 ὁμοούσιον,
2609 703 3138 757 consubstantialem
3172 704 3351 770 ipsum
3379 703 3578 772 praedi-

2001 801 2213 858 cantes,
2233 795 2644 862 proﬁterentur.
2666 794 2771 847 Pro
2785 793 2886 847 hac
2911 794 3167 862 opinione
3188 792 3406 847 fortiter
3430 797 3574 864 apud
3657 779 3670 791 ’

2001 884 2170 952 Syros
2199 885 2533 952 Apollinaris
2569 885 2946 948 Laodicensis,
2984 886 3034 936 in
3067 882 3299 954 Egypto
3349 902 3577 954 magnus

2017 969 2349 1028 Athanasius
2368 977 2547 1029 adhuc
2581 987 2879 1044 snperstes,
2906 977 3048 1044 apud
3066 977 3421 1045 Cappadoces
3447 993 3579 1031 vero

2015 1075 2072 1122 et
2121 1068 2384 1122 ecclesias
2431 1067 2590 1121 Ponti
2626 1067 2924 1136 Gregorius
2990 1077 3045 1122 et
3104 1068 3335 1122 Basilius
3390 1068 3584 1123 decer~

2015 1167 2226 1212 larunt.

2087 1255 2200 1309 Hac
2234 1255 2348 1323 ipsa
2397 1255 2722 1323 quaestione,
2771 1257 2934 1311 sicuti
2978 1255 3112 1323 dixi,
3150 1267 3318 1324 mota,
3354 1274 3478 1314 cum
3514 1258 3580 1313 de

2008 1360 2072 1401 ea
2110 1347 2304 1416 ingens
2345 1349 2712 1403 contendendi
2757 1350 3024 1404 studium
3058 1351 3444 1419 increbuisset,
3481 1349 3584 1405 Va-

1963 1447 1974 1465 ”
2009 1439 2352 1495 lentinianus
2385 1457 2482 1510 pro
2515 1442 2711 1511 insigni
2740 1458 2837 1496 sua
2869 1443 2924 1496 in
2971 1441 3144 1496 Deum
3177 1444 3406 1513 pietate,
3436 1446 3580 1512 quod

2011 1531 2243 1594 diceret,
2282 1549 2390 1586 non
2427 1534 2684 1588 habebat.
2736 1535 2950 1600 Quibus
2992 1547 3177 1590 autem
3218 1537 3343 1590 talia
3376 1537 3584 1591 credita

2002 1632 2216 1683 essent,
2252 1624 2336 1677 eis
2371 1624 2589 1691 utquid
2628 1625 2775 1678 faeta
2805 1641 2946 1694 opus
2971 1622 3146 1691 esset,
3186 1627 3502 1700 proferrent
3528 1636 3586 1682 et

2007 1719 2344 1772 statuerent,
2382 1714 2676 1766 concessit.
2705 1712 2826 1777 Quo
2858 1718 3104 1783 co’gntto,‘
3130 1716 3224 1782 qui
3259 1727 3373 1768 tum
3402 1714 3589 1769 Eccle-

2012 1800 2149 1852 siam
2187 1799 2487 1852 Romanam
2523 1800 2704 1855 adhuc
2733 1802 3080 1870 gubernabat
3109 1804 3390 1870 Liberius,
3427 1804 3584 1876 16⁸1

336 1915 432 1960 σας
476 1897 726 1949 κελεύσει
774 1896 869 1949 τοῦ
927 1896 1282 1966 κρατοῦντος,
1342 1897 1462 1958 ταῖς
1515 1895 1618 1947 ἀνὰ
1674 1895 1771 1960 τὴν
1831 1892 1906 1944 ἔω

2019 1893 2262 1945 ﬁnitimis
2285 1894 2562 1962 episcopis
2580 1895 2846 1965 principis
2863 1897 3020 1966 jussu
3042 1898 3380 1962 convocatis,
3401 1900 3590 1953 orien-

333 1990 570 2060 ἔγραψεν
600 1990 942 2058 ἐκκλησίαις,
971 1989 1180 2058 ’τριάδα
1207 1988 1493 2056 ὀμοούσιον
1530 1989 1626 2040 καὶ
1647 1985 1903 2054 ὁμόδοξον

333 2082 682 2150 πρεσδεύειν.
720 2083 784 2134 Ὃ
833 2081 1124 2151 γενόμενον
1157 2077 1247 2134 οἷα
1283 2081 1346 2149 δὴ
1392 2080 1643 2148 καθάπερ
1671 2082 1737 2148 τῇ
1772 2079 1908 2130 Ῥω-

337 2173 509 2242 μαίων
532 2173 830 2242 Ἐκκλησία
861 2173 1043 2235 καλῶς
1071 2173 1352 2243 ὲγκριθὲν,
1402 2172 1583 2242 ἡσυχῆ
1633 2172 1812 2240 μενεῖν
1852 2169 1909 2222 ἒ-

338 2282 537 2319 καστον
585 2266 970 2333 παρεσκεύασε
991 2281 1006 2296 °
1058 2269 1151 2319 καὶ
1177 2265 1331 2328 τέλος
1377 2265 1551 2318 αἴσιον
1586 2267 1618 2333 ἡ
1652 2264 1782 2333 περὶ
1813 2261 1906 2315 τοῦ

339 2359 651 2431 Πνεύματος
683 2357 911 2428 ζήτησις
935 2357 1208 2428 εἰληφυῖα,
1231 2357 1330 2424 τῆς
1362 2360 1578 2425 μακρᾶς
1596 2354 1910 2426 ἐρεσχελίας

338 2451 648 2504 επαύσατο⁸
681 2451 926 2520 ἐκύρωσε
954 2452 1062 2519 γὰρ
1085 2451 1177 2502 καὶ
1207 2449 1344 2518 αὕτη
1389 2451 1422 2518 ή
1458 2448 1692 2512 σύνοδος,
1723 2448 1820 2516 τὴν
1851 2447 1911 2499 ὲν

338 2545 544 2613 Notati;
590 2544 771 2596 πίστιν
811 2546 1056 2612 κρατεῖν.
1087 2541 1490 2612 Παραθήσομαι
1519 2541 1574 2593 δὲ
1614 2540 1709 2592 καὶ
1741 2539 1910 2606 ἄμφω

336 2638 406 2689 τὰ
435 2637 761 2706 γράμματα,
792 2635 890 2686 τοῦ
924 2652 980 2686 τε
1027 2633 1293 2702 βασιλέως
1327 2633 1419 2685 καὶ
1451 2633 1548 2700 τῆς
1597 2631 1846 2692 συνόδου,
1875 2629 1912 2683 ἃ

341 2727 450 2786 τοῖς
479 2727 579 2778 ἀνὰ
604 2729 699 2794 τὴν
729 2725 802 2778 ἕω
831 2725 1238 2793 ἀμφισϐητοῦσι
1270 2727 1396 2793 περὶ
1428 2725 1524 2792 τῆς
1557 2722 1908 2793 ὀρθῆςδόξης

337 2819 688 2874 ἀπέστειλαν.
734 2817 814 2869 'l‘i
850 2817 946 2886 μὲν
973 2811 1066 2870 οὖν
1109 2815 1205 2869 τοῦ
1243 2815 1528 2886 βασιλέως,
1578 2816 1705 2869 τάδε
1748 2815 1910 2882 διήγο

343 2906 530 2973 γελλον
549 2923 564 2938 ’

421 3104 442 3139 ι
478 3086 886 3156 Αύτοκράτορες
919 3083 1202 3153 μέγιστοι,
1236 3080 1580 3134 ἁεισέὄαστοι
1603 3117 1618 3141 ,
1650 3076 1875 3146 νικηταὶ
1897 3117 1913 3144 ,

345 3179 794 3243 υύαλεντινιάνδς
839 3177 939 3232 καὶι
978 3175 1282 3247 Γρατιανὺς
1329 3175 1653 3235 ἐπισκόποις
1702 3169 1915 3240 διοική-

2014 1985 2225 2038 talibus
2267 1987 2489 2054 scripsit
2531 1988 2801 2053 ecclesiis,
2859 2000 2919 2043 ut
2959 1990 3286 2044 Trinitatem
3337 1993 3586 2062 ejusdem

2014 2071 2340 2130 substantia:
2368 2087 2424 2131 et
2443 2080 2696 2150 ejusdem
2731 2082 2919 2149 gloria
2942 2078 3400 2151 depraedicarent.
3430 2082 3589 2149 Quod

2015 2166 2243 2228 factum,
2274 2180 2463 2237 utpote
2499 2186 2558 2222 re
2587 2172 2756 2226 semel
2785 2189 2813 2225 a
2851 2166 3092 2228 Romana
3123 2175 3370 2230 Ecclesia
3402 2177 3508 2229 rite
3534 2185 3591 2230 ct

2001 2261 2216 2314 ordine
2255 2261 2577 2330 dijudicata,
2614 2273 2673 2316 ut
2712 2266 2937 2332 quietus
2969 2267 3204 2336 quisque
3250 2280 3420 2332 esset,
3451 2269 3591 2323 cﬂ'e-

2017 2353 2130 2416 cit;
2183 2361 2237 2405 et
2287 2355 2517 2421 quaestio
2545 2355 2612 2408 de
2645 2354 2854 2424 Spiritu
2891 2368 3080 2411 sancto
3124 2358 3372 2413 debitum
3424 2359 3590 2414 ﬁnem

2019 2453 2338 2508 Consecuta,
2387 2445 2665 2499 diuturnae
2712 2450 3008 2502 verborum
3038 2449 3439 2504 concertationi
3473 2465 3593 2503 mo-

2019 2536 2148 2591 dum
2182 2539 2465 2607 imposuit.
2496 2539 2703 2594 Eadem
2737 2541 2982 2611 synodus
3019 2543 3194 2596 etiam
3228 2542 3390 2596 ﬁdem
3421 2542 3594 2597 Nicae-

2019 2645 2146 2683 nam
2201 2631 2536 2686 auctoritate
2592 2647 2693 2687 sua
2733 2633 3040 2688 roboravit.
3100 2633 3440 2706 Subjungam
3495 2650 3595 2690 au-

2003 2733 2132 2778 tem
2181 2733 2460 2801 utrasque_
2497 2735 2553 2779 et
2579 2725 2951 2795 imperatoris
2991 2739 3047 2783 et
3094 2729 3290 2800 synodi
3343 2729 3595 2796 litteras,

2021 2829 2159 2883 quas
2201 2815 2252 2868 in
2304 2815 2586 2868 Orientem
2630 2815 2696 2869 ad
2735 2832 2832 2872 eos
2863 2819 2956 2886 qui
3007 2818 3074 2872 de
3131 2827 3277 2873 recta
3336 2819 3598 2888 opinione

2023 2907 2422 2978 ambigebant,
2494 2908 2787 2963 dederunt.
2861 2910 3214 2978 Imperatoris
3286 2911 3366 2966 sic
3431 2911 3594 2966 habe-

2023 3001 2156 3052 bant
2189 3015 2204 3052 :
2581 3058 2584 3061 _

2102 3107 2120 3142 ι
2167 3091 2781 3158 lmperatoresMaximi
2804 3105 3026 3160 semper
3053 3076 3308 3163 Augusti,
3334 3094 3599 3161 victores,

2027 3179 2449 3236 Valentinianus
2484 3185 2562 3252 (1)
2597 3191 2654 3237 et
2698 3183 2996 3238 Gratianus
3027 3184 3106 3253 (2)
3147 3186 3426 3255 episcopis
3456 3187 3597 3243 diui;-

347 3291 487 3336 σεως
523 3271 777 3341 Ἀσιανῆς
799 3311 814 3336 ,
849 3269 1126 3342 Φρυγίας,
1165 3267 1597 3339 Καροφρυγίας,
1635 3267 1913 3318 Πακατια-

2019 3271 2164 3324 cesis
2196 3271 2432 3336 Asianae,
2459 3272 2727 3341 Phrygire,
2749 3271 3166 3344 Caropbrygiae,
3193 3275 3518 3342 Pacatianae,
3545 3276 3618 3332 ιη’

344 3365 465 3432 γῆς,
494 3365 552 3416 ιν
582 3362 773 3434 Κυρίῳ
801 3363 1037 3434 χαίρειν.
1056 3362 1286 3414 Συνόδου
1313 3361 1644 3429 τηλικαύτης
1677 3375 1915 3426 συγκρο-

313 3457 608 3526 .τηθείσης
656 3457 715 3508 ὲν
762 3453 1194 3524 ⁵τιζίγίλλυρικῴ,
1244 3453 1340 3504 καὶ
1389 3452 1670 3521 ζητήσεως
1719 3451 1918 3518 πολλῆς

347 3551 648 3620 γενομένης
692 3547 824 3615 περὶ
859 3547 950 3600 τοῦ
999 3545 1267 3615 σωτηρίου
1309 3545 1492 3612 λόγου,
1543 3542 1834 3608 ἀπέδειξαν
1867 3544 1915 3595 oi

347 3639 898 3712 τρισμακαριώτατοι
919 3640 1231 3699 ἐπίσκοποι,
1264 3638 1364 3706 τὴν
1396 3636 1599 3704 Τριάδα
1634 3637 1919 3704 ὁμοούσιον

350 3734 525 3805 ιιατρλ⁸
566 3735 662 3787 καὶ
705 3732 822 3802 Υίῷ
865 3732 957 3784 καὶ
1000 3731 1140 3800 ἁγίῳ
1183 3729 1461 3798 Πνεύματι
1488 3743 1501 3756 ³
1546 3729 1614 3791 ἢν
1653 3727 1761 3780 οὐδ’
1783 3728 1918 3788 ὅλως

350 3828 712 3890 ἐκκλίνοντες,
739 3825 1084 3894 λειτουργίας
1109 3823 1208 3884 τὰς
1235 3821 1607 3883 κατὰ,δίκαιον
1633 3818 1921 3870 ἑπιὸαλοᾶ-

355 3939 452 3985 σας
479 3922 662 3984 αὐτοῖς
679 3960 692 3982 ,
721 3917 1085 3990 θρησκεύουσι
1112 3915 1209 3985 τὴν
1233 3913 1530 3985 θρησκείαν
1557 3912 1648 3964 τοῦ
1679 3912 1916 3980 μεγάλοι.

355 4014 647 4085 βασιλέως.
683 4012 992 4081 Κηρύττειν
1023 4009 1079 4062 δὲ
1111 4008 1319 4076 ταύτην
1354 4005 1655 4078 προσέταξε
1691 4005 1751 4056 τὸ
1785 4003 1925 4082 ἠμί-ς

352 4125 513 4175 τερον
548 4103 784 4176 κράτος·
825 4101 996 4165 οὕτως
1042 4101 1225 4170 μέντοι
1266 4099 1354 4151 ἴνα
1397 4098 1474 4167 μὴ
1508 4095 1712 4164 λέγωσί
1746 4113 1918 4159 τινες,

352 4202 438 4254 ὃτι
471 4201 640 4268 ἀνῆκε
669 4196 936 4268 θρησκεία
969 4195 1234 4266 βασιλέως
1261 4191 1355 4246 τοῦ
1387 4192 1664 4250 διέποντος
1693 4189 1793 4258 τὴν
1821 4188 1921 4256 γῆν

353 4293 578 4360 ταύτην,
646 4291 722 4361 μὴ
764 4288 1079 4358 ἀνεχόμενοι
1115 4285 1210 4339 τοῦ
1255 4284 1637 4349 ἐντειλαμένου
1681 4283 1816 4352 ἡμῖν
1857 4281 1923 4333 τὰ

354 4387 484 4455 πρί
509 4383 606 4450 τῆς
639 4381 935 4452 σωτηρίας.
976 4379 1062 4440 Ὠς
1090 4379 1198 4448 γάρ
1227 4392 1358 4446 φησι
1384 4375 1444 4428 τὸ
1473 4373 1804 4441 Εύαγγέλιον
1827 4369 1922 4424 τοῦ

352 4477 491 4529 Θεοῦ
520 4474 697 4544 ἡμῶν,
724 4474 859 4543 ὅπερ
887 4471 1168 4540 ἐπίκρισιν
1188 4467 1390 4536 ταύτην
1413 4465 1551 4536 ἔχει,
1580 4465 1922 4517 ἀποδίδοσθαι

2029 3360 2261 3415 Domino
2311 3362 2564 3414 salutem.
2609 3363 2746 3416 Cum
2781 3362 2942 3416 'tanta
2990 3365 3046 3417 in
3091 3365 3307 3435 lllyrico
3352 3379 3473 3421 acta
3527 3369 3602 3424 sit

2026 3453 2290 3523 synodus,
2322 3455 2377 3508 et
2411 3454 2646 3523 quaestio
2687 3455 2877 3525 ingens
2914 3456 2981 3512 de
3011 3457 3237 3511 salutari
3287 3461 3456 3514 verbo
3483 3470 3598 3516 tra-

2028 3555 2197 3607 ctata,
2257 3557 2339 3598 ter
2382 3546 2689 3600 beatissimi
2727 3548 2974 3616 episcopi
3012 3547 3384 3605 decreverunt
3415 3551 3601 3606 Trini-

2031 3645 2193 3690 tatem
2233 3639 2544 3705 ὀμοούσιον,
2577 3638 3128 3704 consubstantialem,
3160 3641 3338 3695 Patris
3386 3651 3442 3696 et
3478 3645 3603 3700 Filii

2028 3738 2085 3781 et
2133 3728 2374 3796 Spiritus
2406 3730 2606 3783 sancti.
2643 3730 2818 3795 Quam
2855 3730 2948 3800 qui
3004 3732 3212 3797 colunt,
3250 3751 3600 3805 nequaquam

2031 3822 2404 3874 ministerium
2459 3831 2508 3876 et
2566 3821 2910 3875 iunctionem
2949 3823 3053 3876 sibi
3090 3826 3380 3890 creditam,
3419 3830 3493 3883 ita
3542 3839 3604 3884 ut

2032 3927 2128 3977 par
2163 3921 2268 3972 est,
2316 3911 2686 3980 defugientes,
2741 3913 3067 3982 religionem
3105 3917 3249 3984 regis
3278 3920 3460 3988 magni
3496 3935 3600 3974 co-

2007 4004 2151 4055 lunt
2179 4019 2192 4058 :
2224 4018 2458 4070 eamque
2509 4001 2867 4070 deprazdicari
2902 4015 3092 4057 nostra
3126 4010 3386 4076 prmcepit
3423 4010 3600 4064 subli-

2031 4096 2213 4147 mitas.
2241 4093 2420 4161 Atque
2466 4094 2538 4146 ita
2566 4093 2790 4162 quidem
2823 4110 2892 4147 ne
2940 4096 3108 4164 aliqui
3139 4097 3348 4162 dicant,
3381 4100 3605 4170 religio-

2030 4200 2156 4238 nem
2225 4184 2598 4253 imperatoris,
2651 4185 2746 4254 qui
2813 4185 2978 4238 hanc’
3022 4194 3224 4240 terram
3287 4189 3603 4258 gubernat,

2028 4286 2382 4331 consectatus
2422 4291 2482 4331 se
2509 4292 2653 4340 esse,
2705 4293 2813 4330 non
2863 4279 2996 4332 satis
3045 4294 3171 4332 eum
3204 4283 3296 4349 qui
3331 4281 3400 4337 de
3425 4286 3607 4342 salute

2029 4373 2348 4427 mandatum
2396 4374 2557 4427 nobis
2605 4373 2800 4440 dedit,
2852 4375 3162 4430 audientes.
3231 4378 3405 4434 Sicuti
3453 4382 3606 4436 enim

2031 4466 2391 4537 Evangelium
2448 4467 2542 4519 Dei
2592 4465 2794 4528 nostri,
2832 4467 2980 4534 quod
3017 4469 3250 4536 quidem
3300 4470 3442 4526 banc
3485 4489 3607 4529 rem

353 4571 424 4623 τὰ
447 4567 542 4620 τοῦ
575 4569 851 4634 Καίσαρος
883 4563 1146 4632 Καίσαρι,
1173 4561 1267 4615 καὶ
1291 4560 1358 4613 τὰ
1382 4561 1476 4611 τοῦ
1508 4557 1643 4611 Θεοῦ
1667 4557 1746 4626 τῷ
1775 4555 1916 4626 Θεῷί

2034 4558 2296 4615 decidens
2334 4557 2626 4627 dijudicat.
2661 4557 2798 4612 dicit
2829 4574 2845 4611 :
2881 4559 3066 4614 Danda
3093 4572 3246 4626 sunt,
3281 4579 3402 4632 qua:
3423 4564 3605 4622 Caesa-

357 4663 411 4714 τί
465 4662 649 4729 λέγετε
699 4659 853 4727 ὑμεῖς
895 4658 942 4709 οἱ
984 4656 1275 4709 ἐπίσκοποι
1311 4653 1406 4704 καὶ
1447 4651 1791 4722 προεστῶτες
1832 4648 1925 4702 τ(ιῦ

361 4750 624 4820 σωτηρίου
668 4749 864 4815 λόγου;
901 4749 948 4798 εί
993 4745 1162 4807 οὓτως
1208 4743 1320 4813 ἔχει
1358 4745 1426 4794 τὰ
1459 4742 1558 4809 τῆς
1601 4740 1928 4803 ἀποδείξεως

359 4841 540 4908 ύμῶν;
566 4839 751 4902 Οὕτως
779 4838 959 4904 μέντοι
987 4834 1308 4902 ἀγαπῶντες
1331 4831 1620 4901 ἀλλήλους,
1647 4829 1926 4882 παύσασθε

357 4933 698 5002 ἀποχρῆσθαι
723 4928 996 5000 ἀξιώματι
1018 4925 1282 4996 βασιλέως
1304 4942 1316 4954 '
1343 4925 1436 4976 καὶ
1462 4923 1538 4993 μὴ
1559 4922 1780 4974 διώκετε
1801 4921 1927 4983 τοὺς

356 5025 601 5090 ἁκριῦὡς
623 5021 705 5090 τῷ
724 5019 843 5088 Θεῷ
866 5016 1318 5087 λειτουργοῦντας
1337 5029 1350 5044 ·
1376 5009 1451 5068 ὦν
1474 5017 1593 5074 ταῖς
1622 5014 1806 5081 εὐχαῖς
1836 5013 1928 5063 καὶ

433 5207 508 5272 (~l)
540 5201 999 5277 _Valentitiianus,
1048 5201 1204 5270 juxta
1249 5197 1685 5277 Theodoretum,
1721 5195 1928 5277 scripto

363 5267 501 5330 huic
540 5274 782 5328 Valentis
830 5267 1063 5340 quoque
1104 5279 1304 5324 nomen
1359 5267 1616 5330 inseruit,
1650 5267 1738 5340 vel
1782 5269 1928 5335 quod

361 5347 538 5399 adhuc
566 5344 612 5397 is
645 5345 702 5397 in
752 5339 1020 5398 catholica
1064 5341 1334 5394 sententia
1377 5348 1542 5400 esset,
1575 5339 1658 5392 vel
1708 5347 1767 5390 ut
1801 5353 1926 5390 eum

362 5417 524 5469 tacita
577 5414 958 5467 cohortatione
1009 5413 1065 5464 in
1119 5410 1262 5463 viam
1321 5409 1630 5464 reduceret.
1680 5408 1927 5473 Quorum

361 5487 592 5539 alterum
644 5482 777 5535 mihi
812 5479 1168 5535 verisimilius
1205 5494 1327 5533 esse
1376 5479 1616 5534 videtur.
1643 5477 1929 5531 Valentem

365 5554 586 5615 itidem,
639 5561 697 5605 ut
748 5550 1190 5606 Valentinianum
1241 5549 1489 5614 fratrem,
1557 5547 1928 5601 orthodoxum

364 5639 597 5692 prnnnm
649 5621 840 5684 luisse,
871 5621 964 5673 sed
994 5629 1202 5692 postea
1246 5635 1275 5671 a
1327 5621 1579 5690 conjuge,
1609 5617 1834 5692 perinde
1871 5627 1932 5670 ut

363 5688 428 5746 ab
459 5694 563 5746 Eva
595 5693 880 5748 Atlammn,
913 5689 1194 5743 seductum
1223 5702 1349 5741 eum
1377 5688 1500 5742 esse
1530 5705 1544 5752 ;
1577 5688 1734 5757 cujus
1764 5702 1929 5741 suasu

365 5766 455 5817 ille
479 5765 743 5816 adversus
768 5760 1000 5815 Gothos
1026 5759 1076 5811 in
1111 5757 1399 5812 Thraciam
1432 5766 1788 5812 excurrentes
1820 5772 1928 5810 non

365 5839 523 5887 longe
573 5835 640 5886 ab
685 5833 913 5888 innerio
960 5839 1210 5892 suscepto
1247 5829 1449 5881 bellum
1479 5837 1760 5895 gesturus,
1785 5830 1928 5883 sacri

2031 4655 2110 4704 ris
2145 4661 2292 4711 sunt.
2325 4651 2524 4705 Caesari
2549 4689 2563 4714 ,
2609 4661 2666 4704 et
2703 4665 2824 4720 quae
2875 4651 2968 4704 Dei
3011 4652 3121 4706 Deo
3158 4654 3282 4724 (5):
3334 4656 3466 4728 quid
3505 4673 3611 4713 vos

2031 4759 2160 4797 vero
2199 4743 2408 4805 dicitis,
2446 4743 2693 4811 episcopi
2722 4751 2779 4796 et
2809 4743 3084 4797 salutiferi
3129 4744 3285 4798 verbi
3320 4747 3558 4815 praefecti
3583 4750 3612 4803 ?

2030 4834 2110 4887 An
2161 4834 2241 4888 sic
2292 4849 2512 4902 quoque
2558 4845 2742 4887 vestra
2791 4843 3109 4904 comparata
3159 4847 3291 4891 sunt
3342 4839 3613 4895 decreta?

2031 4925 2218 4994 Itaque
2249 4937 2439 4978 mutua
2470 4925 2743 4978 charitate
2776 4940 2874 4978 vos
2927 4926 3170 4982 invicem
3219 4931 3606 4998 complecten-

2026 5028 2136 5081 tes,
2169 5017 2452 5086 majestate
2473 5024 2529 5069 et
2560 5009 2892 5071 auctoritate
2912 5016 3264 5087 imperatoris
3283 5021 3436 5076 abuti
3461 5023 3610 5078 desi—

2027 5195 2288 5264 baptismi
2335 5196 2652 5269 lavacrum,
2694 5197 2907 5269 priore
2975 5198 3262 5269 religionis
3327 5202 3609 5258 sententia

2031 5263 2263 5340 mutata,
2299 5267 2368 5321 ab
2401 5263 3297 5340 Eudoxigconselntimpolitano
3344 5273 3614 5340 episcopo

2030 5337 3095 5409 Artangsusceperit,“Theod.Scribit.
3129 5341 3225 5394 lib.
3259 5355 3333 5405 tv,
3369 5337 3490 5409 cap.
3519 5337 3606 5396 Η.

2103 5406 2182 5477 (2)
2215 5405 2279 5477 Et
2304 5407 2522 5461 Valens.
2559 5407 2773 5462 'l‘beod.
2808 5408 2905 5460 lib.
2940 5426 3013 5471 ιν,
3051 5426 3097 5464 c.
3134 5411 3186 5464 8.

2102 5476 2181 5547 (3)
2223 5476 2383 5530 Tales
2435 5477 2639 5545 quippe
2689 5492 2858 5545 supra
2918 5480 3100 5534 verbis
3152 5477 3440 5533 Themistii
3475 5479 3612 5536 dicti

2032 5557 2161 5604 sunt
2207 5561 2507 5616 purpuram
2561 5549 2731 5616 magis
2761 5563 2924 5615 quam
2974 5549 3146 5605 Deum
3186 5555 3393 5610 colere,
3426 5548 3524 5602 lib.
3553 5565 3610 5612 ι,

2032 5562 2161 5604 sunt
2207 5562 2507 5669 purpuram
2561 5562 2731 5616 magis
2761 5563 2924 5615 quam
2974 5562 3146 5605 Deum
3186 5562 3393 5610 colere,
3426 5562 3524 5602 Im.
3553 5565 3610 5612 ι,

2031 5634 2155 5690 cap.
2193 5618 2291 5690 42ζ
2334 5616 2524 5690 ΔΙιιξοιὶ.
2557 5616 2692 5690 Ὀτι
2717 5619 3023 5690 ἀνήκαμενγ
3051 5621 3422 5690 τῄῗθρησκείᾳ
3462 5619 3615 5688 βασι-

2031 5685 2168 5749 λέὶυς
2203 5686 2296 5738 τοῦ
2329 5685 2608 5749 διέποντος
2642 5687 2744 5755 τὴν
2776 5685 2880 5755 γ’ἧν
2904 5685 3112 5757 αὐτὴν,
3133 5685 3373 5754 ίιόεέδι,
3396 5685 3474 5743 ’δέ
3510 5692 3616 5743 hoc

2035 5757 2283 5825 religioni
2331 5756 2703 5829 imperatoris,
2739 5759 2834 5827 qui
2879 5756 3156 5829 regionem
3211 5759 3355 5815 banc
3415 5763 3616 5829 guber-

2035 5774 2283 5825 l‘ellglonl
2331 5774 2703 5824 Imperatoris,
2739 5774 2834 5827 qut
2879 5775 2932 5812 re
2978 5775 3156 5813 tonem
3211 5774 3355 5815 hanc

2035 5837 2147 5890 nat.
2177 5826 2558 5886 consectandte
2590 5828 2871 5898 tribuisse,
2905 5774 2998 5886 “fi.
3037 5845 3111 5899 tv,
3146 5846 3266 5902 cap.
3308 5833 3362 5885 8.
