4056 6444
363 403 471 472 677

1295 397 1903 463 ECCLESIASTICIE
1944 392 2332 455 HISTORle
2369 394 2517 458 LIB.
2565 396 2673 456 Xl.

3525 406 3636 468 078

368 524 549 577 σάσει.
581 522 690 576 Καὶ
723 522 887 577 πάλιν
912 520 1067 592 ἥξειν
1099 518 1425 573 ἀποδιδόντα
1455 519 1591 588 ἡμῖν
1622 517 1722 587 τὴν
1752 514 1953 583 ὁμοίω-

2063 527 2211 576 rum,
2236 525 2296 567 ut
2328 512 2489 566 nobis
2527 513 2802 566 retribuat
2828 513 3251 566 similitndiiwnt
3288 511 3528 566 divinam
3555 518 3633 586 (ί)

365 633 452 669 σιν
478 613 579 686 τὴν
607 614 764 668 θείαν
791 613 924 684 παρ’
950 611 1174 677 ἑαυτοῦ,
1204 612 1350 665 κατὰ
1374 613 1474 678 τὴν
1502 612 1736 664 ἑκάστου
1769 608 1950 680 βιοτὴν

362 710 423 761 ὲν
451 710 518 777 τῇ
550 706 736 777 ἡμέρᾳ
763 706 865 776 τῆς
896 705 1141 776 κρίσεως
1166 721 1180 736 ο
1212 707 1382 775 σαρκὶ
1412 704 1696 773 ὁρώμενον
1725 702 1821 757 καὶ
1851 702 1952 773 τὴν

363 796 560 851 ἑαυτοῦ
592 795 746 850 θείαν
773 795 1007 863 δύναμιν
1038 794 1451 857 ἐπιδεικνύντα,
1484 794 1619 847 Θεὸν
1649 794 1781 847 ὄντα
1814 811 1950 864 σαρ-

362 890 617 959 κοφόρσν,
651 890 746 942 καὶ
776 888 878 942 οὒκ
910 888 1206 958 ἄνθρωπον
1232 886 1526 956 Θεοφόρον.
1563 888 1671 939 Καὶ
1701 888 1826 951 τοὺς
1855 887 1952 939 τά-

361 981 555 1034 ναντία
603 979 940 1051 φρονοῦντας
989 979 1506 1050 άναθεματίζομεν·
1555 979 1649 1032 καὶ
1697 980 1827 1041 τοὺς
1877 977 1952 1047 μὴ

364 1072 606 1141 γνησίως
637 1071 1140 1143 ἁναθεματίζοντας
1167 1071 1261 1124 τὸν
1289 1071 1515 1124 είπόντα
1546 1072 1628 1124 ὅτι
1660 1072 1801 1141 Πρὶν
1830 1087 1956 1138 γεν-

365 1163 598 1233 νηθῆναι
623 1164 723 1217 οὐκ
747 1158 816 1235 ἦν
842 1165 870 1217 ό
894 1163 1024 1226 Υἱός
1044 1179 1059 1195 °
1089 1162 1226 1218 ἀλλὰ
1257 1161 1551 1233 γράψαντα
1581 1162 1662 1215 ὅτι
1692 1164 1784 1214 καὶ
1817 1161 1861 1213 Π
1871 1161 1954 1230 ρὶν

366 1257 617 1328 ἐνεργείᾳ
645 1257 996 1326 γεννηθῆναι,
1022 1255 1253 1324 δυνάμει
1280 1252 1346 1324 ἦν
1372 1257 1430 1307 ὲν
1456 1254 1530 1324 τῷ
1560 1255 1757 1324 Πατρε.
1787 1253 1956 1306 Τοῦτο

294 1384 299 1387 λ
367 1351 475 1421 γάρ
505 1351 599 1403 καὶ
625 1351 717 1403 ἐπὶ
745 1349 969 1402 πάντων
995 1351 1105 1403 τῶν
1131 1349 1456 1418 κτισμάτων
1480 1348 1598 1400 ἔστι
1625 1345 1735 1400 τῶν
1767 1345 1842 1416 μὴ
1869 1344 1956 1398 ἀεὶ

364 1442 534 1495 ὄντων
563 1442 702 1512 μετά
727 1441 820 1495 τοῦ
848 1440 987 1494 Θεοῦ
1009 1457 1024 1473 ·
1050 1440 1175 1495 καθ’
1199 1440 1228 1493 ὃ
1254 1442 1349 1493 καὶ
1372 1442 1400 1493 ό
1423 1439 1553 1504 Υίδς
1577 1439 1665 1493 ἀεὶ
1691 1437 1833 1508 μετὰ
1858 1434 1954 1490 τοῦ

368 1533 575 1604 Πατρός
605 1535 755 1587 ἐστιν
781 1532 938 1604 ἀϊδίῳ
966 1532 1220 1604 γεννήσει
1247 1548 1477 1602 γεγεννη
1489 1529 1958 1602 μένος.›Τοιαῦτα

368 1626 467 1694 μὲν
490 1625 557 1679 τὰ
589 1624 861 1696 βασιλέως
889 1626 1199 1697 γράμματα
1227 1620 1368 1695 ἦσαν
1386 1640 1401 1656 ·
1429 1626 1499 1679 τὰ
1528 1624 1586 1678 δὲ
1609 1624 1708 1687 τῆς
1736 1624 1955 1680 συνόδου

362 1717 553 1771 τοῦτον
585 1716 904 1788 διηγόρευον
936 1717 1165 1789 τρόπον·
1221 1716 1314 1769 «οί
1337 1714 1628 1769 ἐπίσκοποι
1661 1713 1757 1768 τοῦ
1791 1713 1957 1768 Ἰλλυ-

369 1808 522 1879 ρικοῦ
546 1811 669 1874 ταῖς
695 1809 1024 1881 ἐκκλησίαις
1047 1809 1141 1862 τοῦ
1169 1808 1329 1872 Θεοῦ,
1357 1807 1451 1861 καὶ
1474 1808 1799 1871 ἐπισκόποις
1824 1807 1956 1860 διοι-

2055 622 2084 659 a
2143 605 2350 675 seipso,
2402 607 2557 676 juxta
2615 607 2780 659 vitam
2828 605 3099 676 cujusque
3152 608 3206 659 in
3244 604 3336 659 die
3395 606 3586 674 iudicii
3618 649 3633 672 ,

2055 713 2225 752 carne
2259 697 2622 767 spectabilem
2672 707 2723 751 et
2772 697 3016 751 divinam
3051 698 3312 751 virtutem
3349 714 3506 753 suam
3543 714 3635 753 ex-

2056 786 2367 847 hibentem,
2406 787 2577 840 Deum
2615 788 2989 856 σαρκοφόρον,
3039 786 3090 840 id
3123 768 3232 848 est.
3261 802 3484 842 carnem
3537 806 3635 846 seu

2057 878 2363 940 hominem,
2417 877 2708 943 ferentem,
2755 886 2813 931 et
2858 894 2967 932 non
3012 879 3293 934 hominem
3334 880 3635 952 Θεοφόρον,

2059 972 2162 1026 hoc
2192 980 2299 1035 est,
2341 971 2513 1024 Deum
2542 970 2834 1025 ferentem.
2876 972 2953 1025 Ac
2983 972 3077 1041 qui
3113 972 3329 1027 diversa
3363 975 3633 1033 sentiunt.

2055 1064 2408 1118 anathemate
2437 1064 2761 1133 jngulamus
2792 1083 2806 1117 :
2844 1080 2949 1118 nec
2975 1066 3159 1120 minus
3179 1077 3234 1120 et
3260 1082 3379 1134 eos,
3404 1068 3497 1137 qui
3525 1084 3635 1122 non

2057 1154 2271 1208 directe
2338 1168 2395 1207 et
2438 1169 2503 1207 ex
2566 1156 2753 1207 animo
2799 1156 3137 1210 anathemati
3166 1172 3290 1210 enm
3320 1159 3634 1227 subiecere,

2058 1242 2151 1312 qui
2194 1242 2336 1297 dixit
2384 1259 2494 1298 non
2555 1247 2709 1312 prius
2762 1244 2984 1308 Filium,
3043 1261 3206 1316 quam
3257 1251 3477 1318 genitus
3528 1251 3636 1308 sit.

2057 1334 2384 1390 exstitisse:
2421 1337 2626 1406 quique
2668 1338 2897 1407 scripsit
2942 1339 3262 1408 priusquam
3314 1350 3439 1396 actu
3483 1345 3635 1412 genl-

2061 1434 2151 1482 tus
2182 1427 2278 1495 sit,
2300 1436 2577 1498 potestate
2606 1446 2734 1484 eum
2768 1430 2822 1483 in
2848 1430 3007 1485 Patre
3043 1431 3234 1487 fuisse.
3261 1432 3374 1489 Hoc
3402 1451 3636 1505 namque

2058 1528 2116 1574 et
2149 1518 2205 1573 in
2241 1520 2518 1593 creaturis
2549 1523 2810 1577 omnibus
2835 1531 2941 1588 est,
2972 1539 3096 1593 qua:
3129 1539 3235 1577 non
3273 1540 3490 1594 semper
3512 1541 3635 1582 cum

2059 1609 2174 1664 Deo
2202 1619 2354 1664 sunt.
2404 1610 2471 1666 At
2522 1611 2697 1666 Filius
2728 1622 2998 1681 perpetuo
3038 1614 3379 1684 sempiterna
3410 1631 3638 1685 genera-

2060 1700 2212 1756 tione
2238 1702 2458 1772 genitus
2485 1716 2610 1757 cum
2640 1703 2801 1758 Patre
2834 1715 2938 1759 est.
2966 1722 2985 1757 ι
3031 1704 3194 1761 Tales
3216 1707 3439 1776 quidem
3464 1706 3640 1777 impe-

2061 1793 2267 1848 ratoris
2297 1793 2454 1849 fuere
2486 1794 2705 1849 litterae.
2742 1794 2951 1866 Synndi
3005 1806 3191 1851 autem
3223 1797 3399 1867 ipsius
3431 1798 3486 1852 in
3522 1799 3639 1853 hac

365 1875 583 1970 κήσεως
611 1875 890 1970 Ἀσιανῆς,
921 1901 1189 1970 Φρυγίας,
1217 1897 1638 1969 Καροφρυγίας,
1669 1897 1951 1952 Πακατια-

2059 1886 2224 1941 verba
2256 1894 2385 1941 sunt
2410 1887 2629 1957 scriptae
2654 1905 2668 1945 ;
2708 1907 2726 1940 ι
2752 1888 3009 1959 Episcopi
3030 1890 3232 1961 Illyrici
3259 1889 3514 1946 ecclesiis
3543 1891 3637 1946 Dei

366 1993 484 2063 νῆς,
525 1995 582 2046 ὲν
623 1993 817 2064 Κυρίῳ
857 1993 1097 2063 χαίρειν.
1140 1990 1518 2045 Συνελθόντων
1561 1989 1721 2061 ἡμῶν
1759 1990 1854 2043 ἐπὶ
1889 1990 1950 2044 τὸ

363 2085 520 2147 αὐτὸ,
549 2084 642 2138 καὶ
673 2084 955 2155 ζητήσεως
991 2085 1195 2155 πολλῆς
1221 2083 1531 2153 γενομένης
1562 2084 1696 2153 περὶ
1723 2081 1814 2136 τοῦ
1848 2099 1954 2136 σω-

363 2192 431 2243 τη
438 2177 554 2245 ρίου
570 2150 755 2246 λόγου,
776 2150 1326 2246 άπεδείξαμενόμοού
1336 2150 1453 2227 σ;ον
1470 2150 1611 2227 εἶναι
1630 2150 1730 2245 τὴν
1747 2175 1954 2243 Τριάδα

365 2270 577 2341 Πατρός
612 2271 705 2325 καὶ
741 2270 872 2325 Υἱοῦ
908 2271 1004 2324 καὶ
1040 2270 1200 2339 ἁγίου
1237 2269 1580 2340 Πνεύματος.
1618 2271 1731 2323 Καὶ
1770 2265 1838 2339 ἦν
1871 2268 1952 2322 δί-

365 2380 519 2418 καιον
551 2363 863 2435 γράμματα
908 2363 1256 2433 ὰποχαράξαι
1299 2362 1438 2433 πρὸς
1477 2362 1623 2432 ὑμᾶς
1647 2374 1663 2390 ⁸
1701 2361 1762 2414 οὐ
1806 2362 1956 2431 σοφί-

368 2474 538 2529 σμασι
579 2458 651 2511 τά
697 2459 793 2529 τῆς
841 2457 1144 2528 θρησκείας
1191 2461 1290 2528 τῆς
1337 2456 1567 2525 Τριάδος
1616 2456 1951 2525 γράφοντας,

366 2550 484 2605 ἀλλ’
524 2553 582 2605 ὲν
604 2550 1083 2623 ταπεινοφροσύνῃ
1109 2549 1553 2614 καταξιωθέντας
1578 2566 1592 2582 ο
1618 2550 1772 2602 τουτὶ
1795 2547 1955 2619 ἡμῶν

364 2645 425 2697 τδ
469 2644 708 2715 γράμμα
746 2643 1179 2713 ἀπεστάλκαμεν
1209 2643 1297 2696 διὰ
1332 2641 1428 2695 τοῦ
1467 2641 1757 2713 ἀγαπητοῦ
1796 2641 1954 2695 ἁδελ-

366 2734 469 2806 φοῦ
499 2735 660 2807 ἡμῶν
687 2736 785 2790 καὶ
818 2736 1241 2804 συλλειτουργοῦ
1279 2734 1560 2789 Ἐλπιδίου
1588 2733 1683 2788 τοῦ
1713 2735 1956 2806 πρεσϐυ-

365 2826 549 2898 τέρου.
583 2827 659 2882 Οὐ
692 2827 801 2898 γὰρ
837 2829 895 2881 ἐν
928 2829 1043 2889 τοῖς
1077 2827 1187 2879 τῶν
1221 2826 1508 2895 ἡμετέρων
1539 2824 1743 2896 χειρῶν
1773 2825 1957 2895 γράμ-

368 2936 557 2990 μασιν,
582 2918 699 2973 ἀλλ’
715 2920 773 2972 ὲν
794 2923 914 2983 ταῖς
936 2918 1030 2972 τοῦ
1056 2918 1308 2989 Σωτῆρος
1331 2918 1490 2988 ἡμῶν
1515 2917 1693 2988 Ἰησοῦ
1716 2917 1955 2988 Χριστοῦ

368 3010 571 3081 βίϐλοις
598 3011 914 3083 γέγραπται
935 3028 950 3043 ο
976 3009 1127 3078 Ἐγὼ
1151 3010 1268 3078 μέν
1294 3012 1416 3079 ειμι
1446 3010 1711 3075 Παύλου,
1739 3011 1857 3079 ἐγὼ
1887 3008 1956 3064 δὲ

378 3104 682 3169 Ἀπολλῶ,
715 3102 833 3173 ἐγὼ
862 3103 932 3158 δὲ
962 3102 1162 3173 Κηφᾶ.
1193 3103 1291 3170 Μὴ
1331 3102 1575 3168 Παῦλος
1606 3101 1952 3170 ἐσταυρώθη

2055 1990 2112 2035 et
2140 1980 2419 2050 episcOpis
2462 1981 2720 2036 dioecesis
2752 1982 2996 2049 Asianar,
3027 1984 3298 2054 Phrygiae,
3323 1983 3638 2056 Carophry-

2056 2074 2179 2140 εἰη),
2227 2074 2559 2141 Pacatianae,
2594 2074 2645 2128 in
2687 2076 2923 2130 Domino
2953 2077 3213 2132 salutem.
3260 2075 3548 2132 Conventu
3604 2094 3634 2132 a

2059 2165 2220 2219 nobis
2259 2174 2405 2225 acto.
2438 2175 2491 2219 ct
2524 2167 2917 2235 disquisitione
2954 2169 3125 2222 multa
3175 2169 3339 2234 facta,
3377 2170 3445 2224 de
3488 2169 3638 2224 salu-

2059 2259 2161 2311 tari
2225 2259 2435 2322 verbo,
2500 2258 2855 2313 decrevimus
2919 2258 3452 2313 consubstantialem
3513 2273 3637 2314 esse

2058 2347 2385 2402 Trinitatem
2441 2348 2621 2402 Patris
2655 2355 2715 2403 et
2752 2347 2876 2402 Filii
2922 2359 2976 2403 et
3026 2349 3269 2417 Spiritus
3318 2349 3517 2405 sancti.
3569 2351 3640 2405 Et

2056 2454 2275 2508 acquum
2321 2452 2445 2493 esse
2509 2438 2787 2502 duximus,
2845 2438 3064 2493 litteras
3116 2439 3193 2491 ad,
3239 2454 3337 2493 vos
3387 2454 3635 2494 exarare.

2056 2529 2180 2584 Non
2201 2546 2303 2583 nos
2332 2529 2555 2598 quidrm
2588 2538 2783 2583 utarte
2812 2531 3068 2600 quapiam
3110 2531 3317 2586 cultum
3353 2529 3642 2585 Trinitatis

2059 2622 2564 2690 perscriberemns,
2617 2622 2712 2675 sed
2762 2620 3039 2676 submissa
3094 2622 3405 2677 humilitate
3444 2623 3641 2694 dignos

2059 2727 2164 2767 nos
2205 2728 2269 2767 ea
2320 2729 2378 2766 re
2429 2712 2837 2777 existimantes,
2876 2713 3168 2782 epistolam
3213 2713 3354 2768 hanc
3388 2724 3638 2768 nostram

2059 2819 2159 2874 per
2208 2804 2468 2858 dilectum
2534 2803 2759 2858 fratrem
2821 2812 2879 2857 et
2932 2803 3327 2857 ad.uinistrum
3384 2813 3638 2859 nostrqu

2061 2897 2338 2967 Elpidium
2377 2897 2760 2967 presbyterum
2791 2895 3077 2951 daremus.
3107 2896 3225 2950 Non
3256 2899 3403 2951 enim
3443 2896 3498 2950 in
3524 2911 3642 2950 ma-

2061 3005 2232 3043 nuum
2267 2970 2584 3042 nostrarum
2616 2987 2842 3052 litteris,
2877 3002 3071 3042 verum
3125 2989 3180 3041 in
3216 2988 3394 3058 ipsius
3438 2987 3642 3043 Serva-

2064 3084 2199 3136 toris
2221 3081 2426 3135 Cbr'sti
2468 3080 2594 3134 Jesu
2636 3080 2791 3134 libris
2824 3078 3092 3147 scriptum
3123 3088 3207 3133 est
3234 3095 3249 3132 :
3284 3079 3396 3148 Ego
3424 3080 3640 3150 quidem

364 3197 518 3266 ὑπὲρ
568 3170 772 3266 ὑμῶν
820 3196 859 3265 ἢ
910 3198 999 3263 είς
1039 3170 1114 3249 *τὸ
1168 3194 1360 3265 ὄνομα
1410 3194 1658 3249 Παύλου
1712 3194 1954 3246 ἐϐαπτί-

2059 3192 2175 3229 sum
2230 3174 2408 3233 Pauli,
2469 3189 2563 3241 ego
2610 3187 2733 3226 vero
2785 3170 2994 3242 Apollo,
3048 3187 3144 3241 ego
3188 3180 3386 3239 autem
3432 3170 3638 3241 Cephw.

365 3263 584 3358 van—t8;
604 3263 726 3343 ’Καὶ
752 3263 937 3342 ταῦτα
957 3288 1058 3359 μὲν
1097 3286 1260 3359 ἤρκει
1275 3263 1348 3357 τῇ
1364 3286 1615 3357 ἡμετέρᾳ
1626 3285 1952 3337 ταπεινώσει

2060 3267 2205 3322 Num
2287 3265 2490 3319 Paulus
2566 3264 2849 3329 cruciﬁxus
2920 3274 2996 3317 est
3083 3280 3180 3333 pro
3269 3263 3460 3317 vobis?
3545 3272 3642 3318 aut

288 3422 295 3425 _
372 3384 511 3453 μήτε
540 3382 600 3435 τὸ
634 3381 867 3436 καθόλου
904 3382 1213 3451 γράμματα
1245 3376 1596 3450 άποχαράξαι
1634 3379 1771 3445 πρὸς
1808 3378 1953 3446 ὑμᾶς

366 3473 456 3527 διὰ
481 3473 573 3527 τὸν
600 3472 926 3544 τηλικοῦτον
955 3471 1122 3539 φόϐον
1149 3469 1209 3526 ὃν
1236 3470 1427 3525 αὐτόθι
1458 3467 1772 3539 κηρύσσετε
1803 3470 1953 3547 πάσῃ

369 3565 458 3634 ὑφ’
482 3565 624 3635 ὑμᾶς
656 3563 900 3635 ἐπαρχίᾳ
920 3604 936 3630 ,
965 3561 1413 3632 άποχωρίζοντες
1441 3560 1501 3613 τὸ
1530 3558 1689 3629 ἆγιον
1723 3560 1953 3629 Πνεῦμα

368 3659 475 3712 ἀπὸ
497 3657 592 3712 τοῦ
623 3658 838 3728 Πατρός
865 3658 960 3711 καὶ
988 3656 1083 3710 τοῦ
1112 3654 1267 3710 Υίοῦ.
1299 3654 1576 3724 Ἀνάγκην
1603 3651 1695 3706 οὖν
1721 3653 1954 3725 ἔσχομεν

370 3752 505 3822 πρὸς
533 3751 678 3822 ὑμᾶς
706 3749 924 3821 πέμψαι
950 3751 1041 3803 τὸν
1068 3750 1262 3819 κύριον
1287 3747 1451 3819 ἡμῶν
1479 3748 1575 3801 καὶ
1604 3745 1956 3815 συλλειτουρ-

369 3844 466 3914 γὸν
497 3843 799 3910 Ἐλπίδιον,
827 3843 938 3899 ἀπὸ
971 3844 1069 3912 τῆς
1104 3839 1502 3914 βασιλευούσης
1536 3839 1826 3909 Ῥωμαίων
1859 3838 1957 3906 ἁρ-

369 3937 506 4009 χῆς,
535 3935 698 3990 τοῦτο
727 3937 790 3989 τὸ
821 3936 1088 4008 κήρυγμα
1118 3935 1314 4003 horna
1334 3975 1347 3997 ,
1378 3931 1802 4001 καταμαθόντα,
1839 3929 1955 3997 εἴγε

368 4028 458 4101 ἄρ’
480 4026 652 4092 οὕτως
681 4027 797 4098 ἔχει
821 4027 883 4081 τὸ
908 4028 1176 4098 κήρυγμα
1202 4023 1382 4094 ὑμῶν.
1413 4022 1478 4076 Οἱ
1510 4023 1621 4091 γὰρ
1654 4021 1731 4089 μὴ
1761 4018 1957 4090 όμοού-

371 4132 487 4174 σιον
513 4120 611 4191 τὴν
640 4120 847 4190 Τριάδα
878 4118 1243 4190 κηρύττοντες
1271 4116 1527 4185 ἀνάθεμα
1558 4114 1830 4179 ἔστωσαν,
1861 4113 1956 4167 καὶ

367 4213 423 4267 εἰ
446 4231 533 4279 τις
560 4214 771 4276 τούτοις
806 4210 1093 4282 φωραθείη
1133 4209 1410 4265 κοινωνῶν
1429 4249 1447 4277 ,
1477 4209 1732 4278 ἀνάθεμα
1768 4205 1913 4259 ἔστω
1936 4223 1950 4238 ·

369 4308 482 4369 τοῖς
523 4306 583 4360 δὲ
624 4305 989 4377 κηρύττουσιν
1024 4302 1314 4373 όμοούσιον
1347 4302 1449 4372 τὴν
1482 4300 1690 4370 Τριάδα
1731 4301 1766 4370 ὴ
1802 4298 1957 4370 βασι-

298 4410 301 4413 '
369 4397 489 4452 λεία
527 4398 636 4452 τῶν
679 4397 931 4468 οὐρανῶν
970 4396 1324 4466 ἡτοίμασται.
1368 4391 1812 4463 Παρακαλοῦμεν
1859 4386 1955 4444 οὖν

2054 3364 2110 3415 in
2169 3375 2358 3413 nomen
2414 3357 2575 3412 Pauli
2629 3355 2889 3427 baptismi
2959 3358 3113 3408 estis'
3147 3355 3170 3408 ?
3210 3356 3280 3409 Et
3341 3354 3641 3410 humilitati

2058 3455 2282 3525 quidem
2366 3465 2568 3507 nostra:
2648 3452 2783 3506 satis
2846 3465 2968 3505 esse
3028 3449 3438 3519 convenireque
3489 3448 3630 3504 vide-

2058 3545 2243 3607 batur,
2322 3541 2459 3595 nihil
2524 3554 2750 3610 prorsus
2812 3539 2883 3593 ad
2966 3554 3062 3592 vos
3119 3539 3252 3592 dare
3303 3539 3639 3603 litterarum,

2056 3648 2283 3709 propter
2364 3636 2651 3688 horrorem
2716 3641 2968 3695 tantum,
3030 3645 3196 3699 quem
3273 3629 3403 3684 istic
3487 3630 3638 3684 omni

2057 3733 2161 3788 sub
2192 3729 2350 3785 vobis
2388 3726 2698 3797 praedicatis
2731 3726 3053 3795 provincias,
3119 3728 3474 3794 segregante's
3508 3723 3636 3793 Spi-

2059 3828 2227 3882 ritum
2262 3834 2519 3878 sanctum
2568 3836 2598 3874 a
2652 3820 2816 3874 Patre
2860 3825 2918 3873 et
2970 3816 3132 3872 Filio.
3189 3815 3295 3871 Sed
3329 3816 3635 3871 necessitas

2059 3918 2321 3986 imposita
2349 3914 2509 3988 nobis
2533 3921 2640 3977 est,
2672 3919 2732 3964 ut
2756 3908 2824 3963 ad
2854 3925 2952 3963 vos
2978 3908 3327 3988 mitteremus
3354 3905 3641 3962 dominum

2057 4020 2113 4066 et
2144 3984 2549 4064 adtninistt°um
2601 4012 2853 4059 nostrum
2888 3984 3192 4072 Elpidium,
3225 4001 3296 4054 ab
3343 4000 3482 4055 urbe
3520 4014 3644 4069 qua:

2057 4114 2142 4160 est
2201 4100 2419 4170 imperii
2489 4097 2724 4151 Romani
2785 4106 2973 4165 caput,
3043 4095 3254 4150 litteras
3316 4095 3639 4175 habentem,

2057 4199 2477 4266 exploraturum
2528 4206 2598 4245 an
2631 4191 2704 4243 ita
2748 4203 2807 4243 se
2843 4189 3047 4242 habeat
3081 4189 3402 4258 prmdicatio
3430 4197 3639 4243 vestra.

2057 4288 2162 4356 Qui
2189 4286 2336 4341 enim
2370 4283 2697 4337 Trinitatem
2731 4279 3258 4332 consubstantialem
3294 4293 3403 4332 non
3438 4276 3642 4347 praedi-

2060 4389 2211 4444 cant,
2258 4375 2554 4432 anathema
2585 4375 2720 4426 sint.
2751 4368 2820 4422 Et
2859 4368 3077 4437 si’quis
3103 4383 3228 4421 cum
3273 4370 3354 4422 eis
3389 4383 3643 4422 commu-

373 4492 549 4562 ὑμᾶς,
578 4459 831 4567 ἀδελφοὶ,
868 4491 945 4562 μὴ
974 4459 1511 4559 ἑτεροδιδασκαλεῖν,
1546 4484 1684 4557 μηδὲ
1714 4459 1954 4553 ἑτερόδο-

2062 4475 2282 4530 nionem
2333 4470 2538 4524 habere
2585 4471 2905 4534 compertus
2958 4462 3147 4522 fuerit,
3193 4461 3488 4515 anathema
3544 4459 3638 4515 sit.

376 4550 514 4653 ξεῖν,
533 4550 655 4639 αλλ’
678 4550 965 4655 δμοούσιον
995 4550 1084 4638 ἀεί
1114 4582 1213 4635 καὶ⁸
1240 4581 1329 4635 διὰ
1359 4550 1561 4642 παντὸς
1589 4550 1951 4649 κηρύττοντες

2060 4565 2393 4622 Trinitatem
2422 4566 2609 4615 autem
2653 4554 3180 4611 consubstantialem
3211 4551 3643 4621 praedicantibus
3750 4576 3756 4583 -

376 4682 472 4752 τὴν
504 4680 713 4749 Τριάδα
736 4720 750 4745 ,
784 4677 1056 4746 δυνηθῆτε
1097 4673 1512 4744 κληρονομῆσαι
1545 4670 1645 4741 τὴν
1676 4669 1771 4723 τοῦ
1813 4667 1952 4723 Θεοῦ

375 4772 677 4843 βασιλείαν.
718 4771 856 4841 Περὶ
897 4768 1090 4823 τούτου
1138 4766 1449 4837 γράφοντες
1497 4762 1593 4816 καὶ
1640 4761 1953 4829 ὑπόμνησιν

369 4868 592 4936 ἔχοντες
640 4865 994 4937 ἑχαράξαμεν
1038 4861 1192 4914 τουτί
1237 4860 1397 4929 ἡμῶν
1440 4860 1501 4910 ab
1551 4856 1807 4927 γράμμα,
1856 4853 1953 4906 καὶ

370 4961 504 5028 περὶ
538 4957 648 5011 τῶν
684 4954 1108 5025 καθισταμένων
1150 4949 1470 5004 ἐπισκόπων
1510 4948 1543 5017 ἢ
1589 4944 1957 4999 κατασταθέν-

370 5070 480 5104 των
522 5048 979 5119 συλλειτουργῶν,
1019 5043 1258 5114 εὰν-μὲν
1302 5037 1414 5094 εἶεν
1456 5042 1520 5093 ὲκ
1562 5038 1671 5091 τῶν
1711 5039 1770 5089 ἐν
1811 5037 1957 5090 τέλει

374 5144 740 5216 χρησαμένων
770 5141 1090 5196 ἐπισκόπων
1122 5138 1299 5206 ὑγιεῖς
1325 5151 1339 5164 ο
1374 5135 1422 5187 εί
1456 5133 1512 5186 δὲ
1550 5134 1622 5201 μὴ
1644 5171 1660 5196 ,
1691 5129 1750 5196 ἐξ
1785 5127 1954 5183 αὑτοῦ

372 5236 468 5290 τοῦ
500 5233 932 5307 πρεσϐυτερίου,
962 5230 1164 5301 ὁμοίως
1197 5244 1256 5281 τε
1292 5228 1385 5280 καὶ
1418 5221 1829 5295 πρεσϐυτέρους
1861 5218 1957 5272 καὶ

372 5328 654 5388 διακόνους
678 5326 741 5391 ἐξ
765 5324 932 5380 αὐτοῦ
957 5324 1054 5378 τοῦ
1081 5319 1362 5392 ἱερατικοῦ
1380 5317 1695 5387 τάγματος,
1726 5312 1794 5368 ἶν’
1819 5308 1954 5367 ὦσιν

354 5419 733 5484 ’ἀνεπίληπτοι
762 5414 1134 5487 πανταχόθεν,
1167 5415 1262 5469 καὶ
1293 5411 1404 5467 ἀπὸ
1430 5407 1526 5462 τοῦ
1561 5404 1951 5478 ϐουλευτηρίου

445 5564 464 5596 ⁸
493 5563 512 5618 l
545 5560 743 5629 Corn,
777 5559 867 5617 13.

448 5724 525 5795 (ι)
557 5723 862 5795 Sicﬂhabet
895 5721 1102 5792 Niceph
1127 5729 1228 5795 “et
1258 5715 1580 5795 Tripartita.
1620 5704 1951 5795 fl‘heodorit.

376 5789 586 5862 autem,
654 5794 726 5850 Ut
782 5796 941 5850 nobis
1010 5789 1278 5847 retribuat
1326 5789 1478 5858 juxta
1549 5789 1817 5852 cujusque
1877 5792 1961 5830 vt-

378 5872 514 5920 tam.
548 5879 656 5920 etc.
1409 5905 1415 5910 .

499 5905 514 5933 γ
549 5903 656 5920 νιν.

2061 4672 2293 4729 regnum
2331 4653 2599 4710 ctelorunt
2646 4658 3014 4721 praeparatum
3049 4658 3151 4701 cst.
3185 4645 3345 4715 170
3371 4642 3642 4700 Cohorta-

2061 4766 2186 4803 mur
2242 4748 2409 4817 igitur
2456 4758 2577 4806 vos,
2628 4741 2852 4802 fratres.
2888 4753 2959 4792 ne
2991 4737 3152 4791 aliter
3197 4736 3464 4801 doceatis,
3501 4750 3641 4791 neve

2061 4857 2222 4897 secus
2254 4836 2507 4894 sentiatis
2536 4850 2551 4888 :
2579 4835 2673 4889 sed
2703 4834 3034 4888 Trinitatem
3067 4839 3391 4885 constanter
3422 4843 3644 4898 semper

2064 4930 2599 4992 consubstantialem
2659 4926 3043 4996 praedicantes,
3099 4937 3334 4976 cernere
3385 4920 3643 4991 poteritis

2065 5026 2445 5083 baereditatem
2505 5020 2655 5091 regni
2712 5018 2829 5071 Det.
2882 5016 2996 5070 Hac
3037 5013 3106 5067 de
3143 5028 3201 5068 re
3252 5028 3377 5068 cum
3433 5011 3499 5065 ad
3548 5027 3644 5064 vos

2064 5123 2229 5176 hasce
2259 5121 2477 5173 litteras
2511 5114 2905 5175 scriberemus,
2946 5104 3421 5162 commonefacere
3474 5104 3641 5157 etiam

2064 5232 2163 5270 vos
2203 5211 2500 5273 voluimus,
2533 5209 2600 5263 de
2648 5204 2930 5267 creandis,
2961 5201 3045 5255 vel
3075 5199 3240 5255 etiam
3272 5197 3473 5253 creatis
3522 5195 3642 5264 epi-

2063 5306 2270 5377 scopis,
2304 5316 2611 5373 eorumque
2644 5297 3017 5361 administris,
3053 5304 3115 5349 ut
3145 5291 3362 5349 scilicet
3387 5290 3646 5358 legantur

2063 5417 2133 5457 ex
2173 5413 2321 5456 sana:
2370 5396 2575 5451 mentis
2602 5401 2660 5450 et
2696 5393 2985 5457 doctrinae,
3016 5386 3112 5458 qui
3147 5384 3528 5456 magistratum
3563 5377 3644 5449 β)

2141 5698 2220 5771 (2)
2263 5696 2376 5771 ἘΞ-
2411 5692 2521 5771 τῶν
2695 5689 2841 5743 τέλει
2895 5680 3646 5771 χρησαμένωνψεπισξόπων

2070 5756 2266 5839 ὺγίεῗς.
2317 5763 2531 5819 Theod.
2584 5760 2686 5839 lib.
2726 5776 2802 5824 tv,
2844 5756 3070 5839 .ca‘p.‘_9,
3103 5756 3229 5839 hoc.
3258 5763 3362 5839 est,
3393 5756 3514 5839 sani
3538 5756 3646 5839 Aqui

2071 5825 2445 5911 tn'agistratum
2476 5832 2747 5904 gesserint
2772 5825 3016 5900 episcopi
3045 5825 3232 5898 :quod
3273 5826 3341 5882 de
3370 5825 3649 5895 epiSt-Opis
