4056 6464
766 399 804 425 Ἷ

509 446 606 515 “iis
628 461 647 514 ί
1815 466 1864 526 ιι
1879 463 2164 526 telamo

2284 464 2634 526 (ΖΑΗ.ίὸτῖ
3701 462 3778 525 68$

545 579 724 628 03’9"“
755 603 877 645 rare
922 587 1200 644 convenit.
1231 586 1388 657 173
1423 584 1743 642 Cavendum
1775 599 1930 646 sane.
1963 598 2036 638 ne
2075 598 2164 658 per

2275 582 2562 637 θίσταντο·
2605 583 2714 637 ἀπὸ
2761 581 2853 636 οὖν
2893 582 3001 637 τῶν
3040 582 3329 652 διαφόρους
3361 578 3664 645 διδασκαλίας
3689 583 3780 635 6t:-

522 680 643 719 ‘ms
703 681 801 752 qui
836 681 1018 735 varias
1045 678 1329 734 doctrinas
1394 676 1917 738 comminiscuntur,
1968 676 2022 729 in
2078 674 2163 727 lu-

2270 675 2581 746 νοουμένων
2634 676 2712 747 μὴ
2769 675 3238 746 παρολισθαίνειν,
3294 673 3425 729 ἀλλὰ
3480 673 3658 743 μᾶλλον
3700 673 3784 726 τῶν

539 760 792 829 "sicam
846 772 1181 826 seducamur
1217 784 1321 824 :ae
1353 769 1556 840 potius,
1591 768 2030 839 quotiescunque
2082 765 2163 819 illi

581 865 926 922 variantibus
952 861 1203 918 consiliis
1235 860 1727 923 circumferuntur,
1782 866 2003 928 patrum
2060 872 2164 912 uo.

586 967 827 1014 strorum
859 972 889 1011 a
912 955 1073 1011 nobis
1105 953 1400 1010 sententia
1433 960 1563 1007 sunt
1592 950 1912 1007 retinendm.
1941 950 2167 1004 Auzea?

579 1046 689 1102 tius
716 1045 939 1116 quidem
970 1043 1401 1099 Mediolaneusis
1432 1040 1712 1110 praecipue
1744 1037 1859 1105 jbae
1884 1036 1953 1091 de
1999 1048 2165 1091 causa

578 1138 868 1191 danmatus
899 1143 1003 1190 est.
1034 1132 1274 1204 A'lquum
1320 1139 1505 1188 autem
1537 1138 1641 1195 est,
1688 1142 1882 1184 omnes
1929 1124 2167 1181 Romani

578 1229 732 1287 orbis
771 1228 1037 1283 doctores
1061 1222 1475 1281 consentientes
1499 1235 1649 1284 esse,
1674 1234 1855 1289 neque
1891 1218 2169 1276 dissiden-

579 1324 731 1377 tibus
758 1322 903 1375 inter
930 1333 991 1374 se
1020 1316 1293 1372 doctrinis
1318 1314 1486 1370 tidem
1508 1314 1888 1369 contaminare
1942 1312 2010 1367 Et
2038 1327 2170 1382 pro-

580 1415 724 1468 fecto
755 1427 880 1467 cum
914 1411 1151 1480 primum
1178 1406 1568 1462 haereticorum
1629 1404 1974 1474 improbitas.
2003 1404 2168 1460 sicuti

584 1503 731 1559 nunc
757 1503 998 1557 maxime
1028 1500 1196 1571 (quod
1233 1498 1443 1553 utinam
1476 1495 1791 1565 abessetl).
1831 1495 2164 1550 Arianorum

585 1599 756 1651 etiam
795 1593 1135 1664 blasphemia
1186 1591 1370 1662 vigere
1403 1588 1685 1659 coepisset,
1720 1587 1920 1644 delecti
1982 1589 2172 1643 Patres

586 1691 759 1744 nostri
794 1687 1024 1742 trecenti
1060 1686 1249 1739 decem
1293 1692 1512 1745 etocto,
1548 1681 1741 1738 Nicaeae
1771 1681 2172 1749 disquisitione

586 1796 648 1835 :.c
679 1777 1079 1835 deliberatione
1105 1774 1290 1829 babita
1317 1789 1536 1826 murum
1568 1772 1719 1827 hunc
1749 1772 2020 1826 adversus
2049 1771 2172 1826 dia-

586 1874 696 1926 Imli
729 1872 831 1925 tt-la
861 1869 1292 1931 constituerunt,
1318 1876 1482 1935 atque
1510 1865 1758 1920 antidoto
1791 1880 1888 1920 seu
1921 1864 2171 1920 remedio

583 1968 690 2020 hoc
735 1963 939 2019 le:hale
970 1975 1245 2016 venenum
1304 1960 1688 2029 propulerunt,
1717 1965 1777 2014 ut
1828 1956 2045 2012 Patrem
2110 1964 2167 2011 et

582 2059 784 2113 Filium
815 2055 979 2109 unius
1013 2052 1341 2116 divinitatis,
1379 2051 1658 2120 uniusque
1693 2048 1942 2111 virtutis.
1998 2056 2167 2118 atque

580 2153 719 2204 adeo
739 2165 855 2203 rem
880 2163 1045 2202 uuam
1082 2160 1205 2201 esse
1237 2143 1551 2200 credamus.
1590 2141 1821 2219 Oportet
1877 2151 2085 2208 autem,
2112 2149 2169 2197 et

581 2243 845 2311 Spiritum
905 2246 1156 2293 sanctum
1190 2238 1433 2308 ejusdem
1480 2250 1603 2292 esse
1643 2235 1987 2301 substantiae,
2042 2251 2167 2304 per-

594 2351 820 2390 suasum
859 2334 1083 2388 habere.
1120 2331 1222 2398 Qui
1255 2346 1384 2385 vero
1431 2330 1593 2384 aliter
1621 2328 1846 2394 sentiat,
1878 2345 2004 2383 eum
2036 2327 2168 2383 alie«

583 2444 714 2482 num
745 2442 911 2483 essea
943 2425 1226 2480 consortio
1264 2433 1320 2478 et
1345 2421 1738 2477 communione
1781 2432 1972 2478 nostra
2020 2420 2169 2493 judi-

581 2522 832 2576 cavimus
865 2533 881 2570 :
918 2517 1066 2588 quod
1095 2516 1319 2587 quidem
1368 2515 1607 2571 salutare
1637 2515 1946 2582 decretum,
1978 2525 2034 2569 et
2072 2514 2169 2570 de-

582 2614 968 2671 liberationem
1001 2625 1097 2665 seu
1128 2609 1470 2665 sanctionem
1510 2606 1874 2670 adorand'am,
1906 2606 2157 2677 polluere

583 2704 838 2761 nonnulli
872 2702 1191 2756 voluerunt.
1249 2701 1451 2754 Verum
1502 2700 1571 2754 ab
1607 2699 1730 2769 ipso
1767 2698 1955 2753 statim
1982 2699 2164 2765 initio,

584 2814 683 2867 per
707 2810 804 2852 eos
835 2794 929 2865 qui
958 2790 1198 2846 Arimini
1224 2789 1567 2846 sanctionem
1624 2804 1745 2846 eam
1781 2791 1948 2846 rebus
2004 2790 2164 2847 novis

583 2889 879 2944 immutare
927 2893 984 2941 et
1021 2882 1460 2939 contrectatione
1491 2896 1587 2936 sua
1638 2881 1938 2953 depravare
1986 2883 2163 2937 coacti

581 2988 733 3046 sunt,
766 2979 1055 3048 hucusque
1091 2991 1179 3030 res
1207 2983 1456 3030 correcta
1507 2983 1592 3029 est
1625 2989 1642 3029 :
1669 2982 1731 3028 ut
1780 2973 1858 3028 illi
1893 2973 2000 3028 alia
2030 2990 2166 3045 qua-

578 3072 707 3127 dam
737 3069 996 3141 loquendi
1040 3068 1218 3123 forma
1241 3065 1569 3136 subreptitie
1618 3065 1881 3135 deceptos
1928 3080 1989 3121 se
2018 3081 2162 3129 esse,

580 3177 745 3233 quam
782 3160 1015 3216 fortnam
1047 3159 1272 3214 Patrum
1308 3154 1658 3210 Nietenoruin
1695 3154 1914 3226 placitis
1969 3154 2166 3209 adver-

579 3253 692 3309 sari
726 3252 1051 3323 ignorariut,
1080 3249 1385 3304 fateantur.‘
1408 3247 1595 3316 Neque
1655 3261 1924 3302 numerus
1968 3261 2161 3300 eorum

582 3344 677 3415 qui
735 3342 969 3398 Arimini
1036 3349 1440 3399 convenerunt.
1486 3338 1864 3408 praeiudicium
1914 3337 2159 3407 aliquod,

582 3453 708 3492 cum
748 3435 990 3507 synodus
1036 3448 1100 3489 ea
1133 3442 1323 3487 coacta
1360 3442 1465 3493 est.
1515 3430 1715 3486 atl‘erre
1773 3431 1973 3499 potuit,
2036 3446 2162 3484 cum

587 3543 767 3597 neque
803 3528 1083 3582 Romanus
1108 3525 1425 3595 episcopus.
1455 3524 1613 3593 Cujus
1648 3523 1698 3577 in
1724 3523 1915 3591 primis
1943 3532 2164 3576 senten-

583 3622 716 3676 tiam
750 3620 1081 3690 exquisitam
1115 3618 1387 3687 oportuit,
1425 3632 1525 3670 nec
1554 3598 1909 3678 Vincentius:
1937 3614 2029 3686 qui
2085 3625 2164 3671 tut

583 3714 744 3768 annis
792 3713 1170 3780 episcopatum
1224 3708 1486 3762 inviolate
1540 3708 1927 3772 COttscha\it,
1985 3724 2165 3778 neque

582 3806 818 3861 aliorum
860 3804 1017 3858 hisce
1042 3800 1505 3857 consentientium
1545 3801 1836 3869 quisquam
1870 3802 1941 3855 ibi
1994 3802 2166 3855 affue-

587 3900 679 3953 rit.
715 3900 781 3953 Et
810 3896 1066 3959 maxime,
1097 3891 1565 3963 quemadmodum
1599 3892 1861 3957 diximus,
1910 3906 2036 3945 cum
2074 3892 2163 3946 isti

584 3991 691 4060 ipsi
724 3991 818 4060 qui
859 3988 1053 4043 fraude
1091 3984 1452 4042 circumventi
1488 3986 1686 4040 cedere
1719 3984 1817 4038 visi
1855 3993 2009 4051 sunt,
2045 3999 2162 4038 me-

585 4083 781 4137 liorem
810 4095 957 4133 nune
986 4078 1323 4133 sententiam
1364 4085 1675 4145 sequentes,
1715 4075 2008 4145 displicere
2056 4074 2162 4132 sibi

586 4172 838 4227 attiones
870 4169 1004 4224 tales
1034 4169 1145 4223 sint
1176 4166 1473 4222 testiﬁcati.
1526 4166 1797 4236 Perspieit
1855 4166 2022 4236 igitur
2054 4168 2165 4227 sin-

583 4265 782 4320 ceritas
813 4274 1013 4325 vestra,
1045 4260 1218 4315 solam
1249 4274 1370 4313 eam
1412 4257 1599 4319 ﬁdem,
1629 4273 1751 4327 quae
1784 4256 1979 4311 Nica-a:
2007 4258 2164 4328 juxta

580 4354 954 4424 apostolorum
1013 4350 1401 4406 auctoritatem
1447 4348 1672 4403 fundata
1731 4357 1833 4414 est,
1893 4358 2159 4418 perpetua

578 4447 886 4504 constantia
918 4454 974 4500 et
1002 4444 1282 4505 ﬁrmitate,
1326 4440 1613 4495 nobiseum
1669 4441 1837 4494 etiam
1868 4440 1938 4495 ab
1967 4438 2163 4494 Orien-

582 4542 813 4605 talibus,
843 4540 938 4609 qui
981 4554 1039 4592 se
1067 4537 1135 4591 ad
1175 4535 1500 4590 catholicam
1527 4534 1827 4591 Ecclesium
1884 4535 2163 4604 pertinere

2270 767 2533 838 ῐῐατέρων
2562 768 2723 838 ἡμῶν
2749 767 3008 837 κατέχειν
3033 767 3133 838 τὴν
3156 765 3399 835 γνώμην,
3424 764 3602 826 ὁσάκις
3632 763 3685 816 ἂν
3704 763 3786 817 δυα-

2268 858 2461 929 φόροις
2499 859 2724 927 βουλαῖς
2767 860 3196 932 περιφέρωνται.
3230 856 3525 928 Τοιγαροῦν
3552 854 3788 919 Αὑξέντιον

2268 952 2363 1004 τὸν
2401 951 2752 1006 Μεδιολάνων
2801 952 3097 1023 ἐξαιρέτως
3134 951 3194 1003 ἐν
3224 948 3394 1017 τούτῳ
3432 947 3505 1017 τῷ
3554 948 3790 1016 πράγματι

2270 1044 2705 1114 κατακεκρίσθαι
2726 1041 3397 1114 προγέγραπται.Δίκαιον
3424 1039 3546 1109 γοῦν
3569 1040 3669 1092 ἐστι
3685 1040 3772 1092 πᾶν

2268 1151 2369 1198 τας
2408 1138 2539 1200 τοὺς
2577 1139 2636 1190 ἐν
2667 1135 2747 1206 τῷ
2790 1135 3085 1205 Ῥωμαίων
3121 1134 3311 1205 κόσμῳ
3337 1131 3664 1192 διδασκάλους
3687 1131 3790 1199 ὁμο·

2270 1227 2511 1296 φρονεῖν,
2545 1227 2641 1280 καὶ
2696 1227 2772 1298 μὴ
2798 1225 3080 1296 διαφόροις
3122 1222 3493 1284 διδασκαλίαις
3523 1220 3614 1290 τὴν
3650 1219 3795 1271 πίστιν

2275 1318 2533 1391 μιαίνειν.
2573 1320 2681 1373 Καὶ
2716 1319 2824 1388 γὰρ
2851 1318 3016 1388 ἡνίκα
3040 1317 3257 1388 πρῶτον
3291 1318 3323 1386 ή
3357 1315 3521 1369 κακία
3549 1312 3645 1365 τῶν
3670 1314 3793 1380 clpe.

2270 1412 2443 1466 τικῶν
2471 1413 2746 1483 ἀκμάζειν
2792 1411 3019 1482 ἤρξατο,
3066 1410 3139 1471 ὡς
3169 1413 3265 1465 καὶ
3307 1408 3399 1460 νῦν
3434 1406 3650 1477 μάλιστα
3674 1404 3798 1474 (ὅπερ

2271 1507 2463 1578 ἀπείη)
2518 1507 2628 1560 τῶν
2668 1506 2968 1577 ’Δρειανῶν
3019 1506 3050 1574 ἡ
3116 1501 3455 1573 βλασφημία,
3502 1502 3548 1553 οἱ
3601 1496 3798 1566 Πατέρες

2272 1591 2443 1667 ἡμῶν
2461 1597 2768 1667 τριακόσιοι
2788 1594 2922 1649 δέκα
2947 1596 3032 1648 tta"
3073 1593 3222 1646 ὀκτὼ
3245 1593 3512 1645 ἐπίλεκτοι
3556 1590 3608 1642 ὲν
3634 1587 3802 1653 Nuntia

2272 1691 2573 1757 γενομένου
2631 1689 2975 1759 σκέμματος.
3024 1686 3184 1740 τοῦτο
3218 1685 3277 1738 τδ
3319 1686 3493 1755 τεῖχος
3535 1678 3801 1734 ὑπεναντίον

2271 1784 2383 1837 τῶν
2407 1782 2589 1837 ὅπλων
2616 1780 2711 1836 τοῦ
2740 1781 2991 1834 διαϐόλου
3022 1780 3255 1852 ὥρισαν,
3286 1780 3381 1833 καὶ
3408 1778 3574 1847 ταύτῃ
3600 1778 3658 1845 τῇ
3684 1776 3804 1829 ἀντι·

2271 1874 2411 1943 δότῳ
2431 1874 2500 1927 τὰ
2523 1873 2800 1942 θανάσιμα
2834 1874 3155 1927 ἀπεώσαντο
3174 1889 3189 1905 ο
3222 1871 3364 1925 ὥστε
3387 1871 3479 1925 τὸν
3515 1867 3709 1933 Πατέρα
3733 1864 3803 1916 καὶ

2204 1935 2242 1986 Β
2274 1964 2364 2016 τὸν
2383 1935 2519 2016 Ῠίὸν
2554 1964 2684 2031 μιᾶς
2725 1935 2979 2031 θεότητος
2999 2000 3015 2025 ,
3046 1961 3176 2030 μιᾶς
3216 1961 3416 2030 ἀρετῆς
3449 1956 3539 2009 καὶ
3572 1953 3677 2015 ἑνὸς
3700 1953 3802 2021 χρὴ·

2277 2073 2449 2126 ματος
2498 2055 2876 2109 πιστεύεσθαι.
2914 2052 3033 2124 Χρὴ
3084 2052 3142 2106 δὲ
3173 2052 3270 2122 τῆς
3314 2051 3479 2120 αὑτῆς
3506 2046 3802 2104 ὑποστάσεως

2275 2149 2369 2201 καὶ
2414 2148 2478 2199 τὸ
2527 2146 2756 2216 Πνεῦμα
2794 2145 2856 2199 τὸ
2906 2145 3059 2213 ἆγιον
3111 2144 3415 2198 πιστεύειν.
3451 2142 3550 2194 Τὸν
3582 2139 3634 2191 δὲ
3665 2135 3804 2194 ἄλλως

2275 2240 2579 2313 φρονοῦντα
2619 2239 2902 2310 ἀλλότριον
2932 2234 3073 2294 εἶναι
3111 2239 3211 2308 τῆς
3258 2236 3531 2308 ἡμετέρας
3562 2227 3802 2287 κοινωνίας

2279 2335 2611 2403 ἐκρίναμεν.
2654 2331 2867 2401 ’Ὀνπερ
2902 2328 3223 2402 σωτηριώδη
3273 2332 3400 2399 ὅρον
3429 2328 3521 2381 καὶ
3554 2324 3645 2393 τὴν
3671 2335 3803 2391 προσ·

2274 2425 2519 2497 κυνητὴν
2552 2424 2743 2494 σκέψιν
2772 2426 2915 2488 τινὲς
2947 2425 3137 2493 μιᾶναι
3163 2423 3438 2494 ἠθέλησαν
3455 2437 3469 2452 °
3494 2417 3604 2473 ἀλλ’
3626 2417 3676 2468 ἑν
3695 2412 3799 2478 αὐτῇ

2273 2519 2340 2588 τῇ
2377 2518 2516 2589 ἀρχῇ
2536 2516 2628 2570 ἀπ’
2656 2515 2838 2569 αὑτῶν
2854 2514 3061 2569 τούτων
3085 2514 3281 2577 οἵτινες
3313 2512 3469 2566 τοῦτο
3497 2512 3553 2564 ὲν
3584 2502 3806 2575 Ἀριμίνῳ

2274 2607 2692 2663 ἀνανεώσασθαι
2721 2608 2752 2678 ἢ
2778 2607 3100 2677 ψηλαφῆσαι
3126 2606 3521 2677 ἠναγκάζοντο.
3548 2600 3650 2655 Καὶ
3676 2594 3804 2666 μέχρι

2269 2703 2467 2755 τούτου
2492 2700 2778 2773 διωροώθη
2801 2741 2814 2765 ,
2846 2699 2921 2762 ὡς
2968 2699 3254 2771 ὁμολογεῖν
3304 2699 3517 2762 αὐτοὺς,
3547 2694 3692 2762 ἑτέρᾳ
3724 2685 3806 2740 τινὶ

2272 2795 2505 2861 διαλέξει
2537 2794 2857 2866 ὑφαρπάσαι
2882 2810 2897 2823 ’
2933 2795 3016 2849 ὅτι
3041 2795 3142 2848 οὑκ
3170 2794 3465 2863 ὲνενόησαν
3499 2792 3561 2861 τῇ
3595 2786 3693 2839 τῶν
3722 2781 3805 2834 Πα-

2271 2888 2446 2958 τέρων
2480 2889 2674 2958 γνώμῃ
2702 2890 2764 2958 τῇ
2796 2888 2853 2941 έν
2882 2885 3092 2958 Nimia.
3124 2886 3379 2958 ἀρεσάσῃ
3412 2881 3643 2938 ἐναντίον
3676 2871 3802 2930 εἶναι.

2274 2981 2411 3037 Οὐδὲ
2463 2981 2572 3051 γὰρ
2623 2980 2910 3052 πρόκριμά
2940 2997 2992 3032 τι
3047 2978 3289 3049 ἠδυνήθη
3332 2975 3580 3045 γενέσθαι
3618 2969 3712 3025 ἀπὸ
3735 2962 3802 3018 τοῦ

2271 3072 2512 3143 ἀριθμοῦ
2546 3072 2656 3125 τῶν
2707 3074 2765 3127 ὲν
2812 3070 3078 3141 ’Δριμίνῳ
3107 3071 3510 3142 συναχθέντων,
3540 3065 3687 3120 ὁπότε
3714 3075 3805 3113 συν-

2273 3165 2507 3235 έστηκε’
2563 3165 2700 3236 μήτε
2748 3164 2842 3217 τοῦ
2903 3164 3194 3234 Ῥωμαίων
3252 3163 3581 3221 ἐπισκόπου,
3631 3154 3683 3209 οὖ
3725 3149 3806 3218 πρὸ

2273 3258 2497 3310 πάντων
2524 3255 2634 3309 ἔδει
2668 3255 2769 3326 τὴν
2808 3256 3036 3326 γνώμην
3095 3254 3481 3322 ἑκδείξασθαι·
3516 3251 3631 3306 οὑτε
3658 3247 3806 3303 Βικεν-

2268 3348 2404 3413 τίου,
2436 3346 2493 3411 ὃς
2536 3347 2628 3401 ἐπὶ
2659 3347 2940 3409 τοσούτοις
2971 3346 3119 3400 ἔτεσι
3164 3347 3263 3417 τὴν
3300 3346 3601 3413 ἐπισκοπὴν
3629 3336 3805 3396 άσύὶως

2268 3439 2535 3507 ἐφύλαξεν
2557 3455 2569 3468 ·
2601 3438 2725 3493 οὔτε
2767 3439 2876 3492 τῶν
2910 3440 3087 3493 ἄλλων
3130 3441 3240 3503 τοῖς
3275 3439 3537 3500 τοιούτοις
3569 3444 3799 3500 captati-

2267 3531 2551 3601 θεμένων·
2602 3531 2763 3584 ὁπότε
2819 3532 3097 3601 μάλιστα,
3146 3531 3330 3594 καθὼς
3389 3527 3799 3601 προειρήκαμεν.

2268 3625 2426 3678 αὑτοὶ
2444 3617 2590 3679 οὗτοι
2612 3626 2808 3689 οἵτινες
2836 3624 2979 3678 κατὰ
3009 3625 3286 3693 συσκευὴν
3320 3620 3685 3678 ὑποκλίνεσθαι
3715 3613 3804 3665 ἔδο-

2269 3717 2386 3784 ξαν,
2424 3710 2573 3769 οὗτοι
2620 3717 2862 3770 καλλίονι
2889 3716 3087 3789 γνώμῃ
3118 3718 3480 3789 χρησάμενοι,
3512 3711 3803 3782 ἀπαρέσκειν

2267 3811 2452 3873 αὐτοῖς
2498 3810 2672 3864 ταῦτα
2704 3812 3109 3881 ἐμαρτύραντο.
3146 3812 3359 3884 Συνορᾷ
3407 3808 3499 3865 οὖν
3533 3808 3566 3877 ἡ
3604 3798 3804 3874 ὑμετέρα

2268 3902 2585 3972 καθαρότης
2613 3903 2818 3972 ταύτην
2859 3904 3032 3973 μόνην
3056 3903 3152 3975 τὴν
3178 3906 3385 3970 πίστιν,
3417 3904 3537 3975 ἥτις
3562 3901 3616 3953 έν
3640 3889 3808 3956 Noui?

2266 4000 2411 4052 κατὰ
2459 3999 2559 4067 τὴν
2607 3999 2901 4054 αὑθεντίαν
2952 4001 3064 4055 τῶν
3115 4001 3438 4055 ἀποστόλων
3492 3987 3806 4065 ἐθεμελιώθην

2266 4087 2508 4157 διηνεκεῖ
2532 4088 2848 4159 βεϐαιότητι
2882 4092 3178 4146 καθεκτέον
3201 4087 3344 4146 εἶναι
3372 4108 3387 4124 ⁸
3419 4091 3511 4144 καὶ
3547 4085 3655 4156 μεθ’
3679 4076 3807 4150 ἡμῶν

2264 4174 2395 4244 τοὺς
2423 4180 2804 4247 ἀνατολικοὺς,
2833 4184 3032 4246 οἵτινες
3056 4184 3288 4245 ἑαυτοὺς
3319 4184 3420 4254 τῆς
3454 4175 3723 4243 καθολικῆς
3748 4160 3808 4220 εἷ·

2266 4287 2356 4324 ναι
2388 4270 2841 4340 ὲπιγινὼσκουσι,
2871 4275 2999 4337 τοὺς
3026 4274 3081 4326 δὲ
3105 4275 3364 4339 δυτικοὺς
3389 4271 3702 4344 καυχᾶσθαι.
3733 4262 3808 4315 ﬂ!»-

2269 4361 2533 4432 στεύομεν
2554 4363 2639 4425 δὲ.
2667 4365 2768 4419 οὐκ
2791 4366 2870 4428 εις
2897 4366 3118 4437 μακρὰν
3137 4366 3263 4430 τοὺς
3286 4368 3423 4422 ἄλλα
3447 4365 3684 4420 νοοῦντας
3700 4352 3808 4420 αὖτῇ

2264 4455 2332 4524 τῇ
2386 4455 2727 4526 ἐπιχειρήσει
2770 4455 2882 4510 ἀπὸ
2912 4457 3012 4525 τῆς
3054 4459 3330 4529 ἡμετέρας
3369 4456 3648 4516 κοινωνίας
3673 4462 3808 4520 χωριο

2269 4544 2566 4614 σθήσεσθαι
2611 4546 2791 4600 αὑτῶν
2822 4548 2882 4603 τὸ
2938 4548 3033 4602 τοῦ
3080 4551 3386 4605 ἐπισκόπου
3439 4550 3640 4618 ὄνομα·
3696 4539 3808 4592 ὥστε

578 4643 904 4706 agnoscunt,
937 4629 1284 4689 retinendam
1306 4644 1452 4693 esse,
1476 4638 1532 4684 et
1557 4627 1943 4682 Occidentales
1970 4643 2036 4682 co
2059 4643 2157 4682 uo-

2267 4632 2390 4695 τοὺς
2422 4633 2587 4695 λαοὺς
2614 4633 2716 4703 τῆς
2764 4637 2973 4705 πλάνης
2996 4639 3175 4693 αὑτῶν
3206 4640 3670 4712 ἐλευθερωθέντας
3702 4633 3807 4683 ἀνα·

580 4731 727 4782 tuine
750 4725 977 4795 gloriari
1008 4737 1189 4793 posse.
1250 4722 1414 4793 174.
1441 4720 1747 4791 Opinamur
1789 4734 1941 4784 vero,
2004 4717 2157 4774 brevi

578 4835 772 4875 eorum
814 4819 909 4887 qui
955 4816 1117 4870 aliter
1159 4816 1426 4875 sentiunt,
1480 4814 1583 4866 bac
1644 4811 1759 4880 ipsa
1808 4813 2160 4881 aggressione

577 4911 913 4982 episcopalis
941 4908 1160 4963 nomina
1199 4922 1230 4960 a
1270 4903 1662 4959 eonnuuniune
1690 4913 1875 4957 nostra
1904 4917 2162 4972 segrega-

581 5017 700 5061 tum
738 5003 828 5069 iri,
874 5012 932 5057 ut
968 5001 1203 5071 populus
1246 5014 1276 5052 a
1301 4995 1494 5051 fraude
1523 5006 1580 5049 et
1607 4993 1928 5051 seductione
1961 5010 2156 5049 eorum

578 5094 846 5149 liberatus
894 5092 1151 5160 respiret.
1186 5089 1541 5157 Nequaquam
1595 5085 1745 5140 enim
1781 5085 2156 5140 multitudinis

577 5200 737 5240 error
765 5184 964 5254 corrigi
1004 5181 1227 5252 poterit,
1259 5179 1304 5232 si
1349 5177 1453 5244 ipsi
1486 5191 1677 5231 errore
1710 5191 1778 5231 co
1838 5185 2155 5232 teneantur.

578 5280 769 5349 Itaque
795 5287 990 5331 vestra:
1010 5287 1228 5343 quoque
1253 5270 1537 5339 dignitatis
1564 5270 1841 5327 sententia
1869 5284 1992 5324 cum
2039 5285 2157 5326 ont-

2234 4723 2523 4809 -uveﬁuat.
2572 4727 2765 4783 Οὑδενὶ
2813 4730 2922 4800 γὰρ
2959 4731 3156 4800 τρόπῳ
3194 4731 3518 4803 δυνήσονται
3553 4723 3809 4798 διορθῶσαι

2267 4816 2370 4887 τὴν
2399 4817 2609 4888 πλάνην
2634 4820 2740 4873 τῶν
2769 4820 2961 4892 ὄχλων,
3002 4823 3164 4876 ὁπότε
3185 4826 3344 4881 αὑτοὶ
3373 4825 3478 4880 ὑπὸ
3509 4824 3606 4889 τῆς
3636 4817 3809 4879 πλάνης

2269 4910 2618 4979 κατέχονται.
2648 4913 3022 4983 Συμφωνείτω
3051 4915 3144 4971 οὑν
3191 4921 3333 4987 μετὰ
3369 4919 3586 4973 πάντων
3616 4912 3713 4963 τῶν
3736 4899 3808 4955 τοῦ

2266 5001 2403 5053 θεοῦ
2437 5002 2627 5072 ίερέων
2658 5007 2753 5059 καὶ
2788 5005 2888 5075 τῆς
2915 5008 3190 5077 ὑμετέρας
3224 5011 3539 5079 τιμιότητος
3568 5008 3599 5076 ἡ
3626 5000 3807 5069 γνώμης

2264 5093 2323 5144 ἐν
2350 5085 2384 5165 ᾖ
2422 5093 2570 5162 ὑμᾶς
2609 5094 2801 5163 ἁγίους
2838 5097 2932 5151 καὶ
2965 5097 3216 5164 βεϐαίους
3246 5099 3594 5169 πιστεύομεν.
3627 5093 3733 5145 Ὅτι
3766 5081 3808 5134 δὲ

2266 5184 2426 5253 ἡμεῖς
2451 5186 2570 5253 μεθ’
2590 5186 2745 5257 ὑμῶν
2768 5189 3047 5244 πιστεύειν
3070 5191 3382 5262 ὀφείλομεν,
3402 5194 3514 5254 τοῖς
3536 5179 3809 5260 ἀμοιὸαίοις

2265 5276 2362 5346 τῆς
2391 5277 2663 5349 ὑμετέρας
2690 5280 2910 5350 ἀγάπης
2936 5284 3298 5350 ἐπιδείξασθε.
3330 5302 3351 5335 ι

576 5377 740 5429 nibus
774 5374 869 5427 Dei
901 5368 1287 5425 sacerdotibus
1313 5368 1635 5433 concordet,
1707 5368 1760 5421 in
1807 5383 1914 5435 qua
1976 5382 2070 5423 vos
2146 5381 2365 5427 sanctos
2395 5386 2451 5428 et
2505 5374 2694 5433 {irtuos
2760 5392 2885 5433 esse
2929 5381 3232 5435 credimus.
3278 5381 3345 5436 Ut
3406 5392 3584 5434 autem
3636 5365 3807 5427 posit-1

574 5469 802 5524 credere
835 5465 1115 5519 vobiscum
1145 5460 1461 5528 debeamus,
1493 5471 1680 5515 mutua
1727 5478 1851 5531 quae
1914 5461 2073 5515 ltOblS
2138 5462 2376 5518 vicissim
2444 5471 2773 5539 respondeat
2823 5473 3140 5530 dilectionis
3205 5484 3398 5531 vestra:
3430 5473 3646 5544 pietate,
3674 5463 3691 5521 ἶ
3716 5472 3801 5516 tte-

574 5562 763 5631 risque
794 5558 984 5613 vestris
1018 5555 1312 5612 declarate.
1363 5571 1382 5604 ι
