4056 6422
303 434 411 502 685

840 557 1094 614 ΚΕΦΑΛ.
1168 559 1294 614 AB'.

315 645 413 722 Ὠς
452 646 725 722 στάσεως
765 650 836 722 ἐν
871 650 1268 717 Μεδιολάνοις
1303 652 1728 722 γεγενημένης,
1749 651 1880 720 Ἀμ-

372 718 612 792 6ρόσιος
635 719 750 785 τὴν
778 719 1272 792 ὕπαρχονίὰξιαν
1302 718 1734 792 ἤιέςοιεσῖμένος.
1763 718 1879 775 πα-

365 791 772 856 ραγενόμενος
794 791 1182 845 καταστεῖλαι
1212 792 1426 858 αὐτὴν,
1457 797 1574 846 ὑπὸ
1599 792 1704 845 τοῦ
1727 792 1884 857 πλή-

369 861 516 936 θους
541 860 631 936 εἷς
651 861 1142 936 Atheuae-geoth
1179 862 1521 931 προεϐλήθη
1547 879 1562 896 ο
1591 864 1690 917 καί
1745 862 1882 931 περί

369 929 478 995 τῆς
513 930 858 997 παρῤησίας
884 929 1098 986 αὐτοῦ.

370 1043 434 1094 οί
468 1043 566 1111 μὲν
597 1038 690 1096 οὖν
741 1045 876 1114 πρὸς
906 1047 1152 1115 ἑσπέραν
1183 1049 1350 1116 ίερεῖς
1381 1050 1508 1110 τοῦς
1541 1045 1884 1116 νεωτερίζειν

299 1135 713 1206 ἐπιχειροῦντας
769 1141 881 1200 τοῖς
917 1139 1097 1193 ἐκεῖσε
1157 1144 1384 1211 μέρεσιν
1415 1141 1587 1204 οὕτως
1627 1143 1879 1210 ἐπεῖχον·

299 1231 394 1282 καὶ
448 1229 639 1297 ἁθιγὲς
689 1230 750 1284 τὺ
785 1231 845 1296 ἐξ
903 1234 1080 1302 ἀρχῆς
1137 1237 1236 1301 τῆς
1292 1234 1526 1298 πίστεως
1586 1234 1883 1302 ἐφύλαττον

296 1321 510 1387 δόγμα’
559 1319 637 1383 ὼς
695 1321 1018 1393 συμϐαίνειν
1063 1323 1280 1391 ὀλίγους
1339 1320 1480 1376 εἶναι
1513 1323 1709 1393 κομιδῆ
1756 1325 1883 1384 τοὺς

295 1407 470 1471 ἄλλως
508 1409 826 1479 ᾑρημένους
858 1411 1130 1476 δοξάζειν,
1168 1414 1264 1464 καὶ
1303 1413 1492 1482 σχεδὸν
1528 1412 1723 1481 μόνους
1754 1411 1882 1472 τοὺς

295 1503 437 1568 ἀμφὶ
461 1502 551 1555 τὸν
581 1503 891 1567 Αύξέντιον.
937 1505 1080 1558 Ἀλλ’
1109 1506 1210 1560 οὐκ
1245 1508 1325 1568 είς
1360 1505 1581 1576 μακρὰν
1611 1508 1706 1558 καὶ
1727 1503 1883 1568 οὗτος

298 1595 512 1664 θανάτῳ
542 1596 833 1665 ἠφάνιστο.
873 1597 1150 1652 Ἐκποδὼν
1174 1600 1232 1653 δὲ
1260 1599 1455 1652 τούτου
1486 1600 1878 1668 γεγενημένου,

297 1689 423 1756 περὶ
456 1689 552 1758 τῆς
586 1689 682 1742 τοῦ
709 1691 1010 1744 ἐπισκόπου
1044 1691 1310 1762 ὲπιλογῆς
1338 1693 1635 1756 στασιάζον
1659 1693 1720 1744 τὸ
1746 1691 1884 1760 πλῆ-

295 1781 406 1845 θος,
442 1783 490 1834 οί
527 1784 626 1853 μὲν
664 1783 878 1850 τοῦτον,
909 1787 958 1838 οί
1003 1785 1050 1839 δ’
1076 1787 1286 1839 ἐκεῖνον
1317 1785 1744 1855 προύϐάλλοντο.
1793 1785 1882 1838 Ἐν

296 1875 534 1946 μεγίστῳ
566 1875 622 1928 δὲ
657 1875 889 1948 κινδύνῳ
927 1879 960 1948 ἡ
995 1878 1348 1958 Μεδιολάνων
1374 1877 1676 1932 καθίστατο
1702 1893 1717 1906 ·
1750 1877 1880 1930 ἓκα-
1916 1917 1956 1972 Β

291 1983 415 2029 στος
445 1969 554 2037 γὰρ
591 1969 797 2040 ἀστοχῆ
811 1985 906 2032 σας
947 1969 1058 2022 τῶν
1087 1970 1224 2040 πρὸς
1263 1970 1486 2041 βουλῆς,
1514 1970 1616 2023 ὅσα
1643 1970 1708 2040 δὴ
1769 1964 1896 2032 τοῖς

289 2061 554 2124 τοιούτοις
602 2062 750 2131 φιλεί
801 2061 1074 2129 γίνεσθαι,
1109 2063 1246 2134 δρᾷν
1293 2064 1725 2133 προσηπείλουν.
1772 2053 1875 2113 Ὦν

289 2153 387 2220 τὴν
413 2152 650 2206 ἄτακτον
701 2153 920 2220 κίνησιν
948 2154 1136 2216 δείσας
1176 2155 1204 2207 ὁ
1237 2135 1499 2224 τηνικάδε
1529 2154 1631 2222 τὴν
1671 2151 1884 2205 ὕπατον

290 2246 446 2308 ἀξίαν
468 2245 834 2314 διαχειρίζων,
858 2246 1068 2300 καὶτοῦ
1088 2246 1274 2308 ἔθνους
1296 2245 1397 2316 τὴν
1421 2244 1726 2316 ἐπιτροπὴν
1747 2245 1885 2314 πρὶς

292 2337 738 2390 Οὐαλεντινιανοῦ
819 2337 960 2408 ἔχων
1017 2337 1363 2408 Ἀμϐρόσιος,
1433 2336 1551 2408 μετ’
1599 2335 1883 2404 ἀξιολόγου

291 2429 530 2497 πλήθους
577 2427 751 2482 ἐλθὼν
798 2430 948 2500 παρὰ
995 2429 1094 2500 τὴν
1134 2430 1456 2499 ἐκκλησίαν,
1493 2427 1885 2482 συνεϐούλευεν

292 2525 425 2576 ἄττα
453 2523 710 2592 βέλτιστα
749 2519 888 2576 εἶναι
921 2523 1080 2595 ᾤετο·
1115 2523 1306 2593 λήγειν
1351 2523 1452 2588 μὲν
1489 2521 1662 2594 ἔριδος
1684 2561 1700 2584 ,
1741 2521 1886 2574 κατὰ

292 2617 492 2685 νόμους
509 2615 551 2668 δ’
573 2615 909 2686 Ἐκκλησίας
936 2619 1220 2687 πράττειν.
1246 2617 1480 2668 Ἔπειτα
1506 2614 1602 2667 τοῦ
1631 2615 1729 2683 τῆς
1754 2615 1888 2684 ὁμο-

291 2713 432 2771 νοία,
464 2709 633 2762 καλοῦ
658 2711 1072 2778 ὑπεμίμνησκε,
1099 2712 1194 2760 καὶ
1215 2709 1398 2777 ὅσαδὴ
1429 2707 1609 2776 ἁγαθὰ
1629 2708 1736 2759 εἰσι
1763 2708 1879 2768 τοῖς

299 2802 651 2872 αἱρουμένοις
668 2803 737 2854 τὰ
758 2803 860 2870 τῆς
888 2802 1114 2872 εἰρήνης
1142 2800 1648 2865 ἁσπάζεσθαι.Ἐτι
1681 2799 1738 2852 δὲ
1758 2798 1886 2852 τού-

289 2912 384 2947 του
427 2895 894 2967 δημηγοροῦντος,
928 2896 1163 2959 ἐξάπινα
1195 2896 1399 2957 πάντες
1431 2893 1530 2946 τοῦ
1564 2892 1886 2955 στασιάζειν

293 2985 656 3053 παυσάμενοι,
685 2984 770 3036 ἐπ’
801 2986 964 3037 αὑτὸν
993 2988 1085 3037 τὸν
1117 2983 1426 3052 σύμϐουλον
1453 2981 1550 3035 τοῦ
1582 2981 1750 3034 καλοῦ
1787 2981 1884 3034 καὶ

289 3077 384 3146 τῆς
437 3075 693 3145 ὁμονοίας
743 3075 840 3144 τὴν
879 3077 976 3145 τῆς
1017 3073 1326 3140 ἐπισκοπῆς
1359 3074 1631 3141 ἐπέφερεν
1677 3069 1881 3139 ψῆφον,

295 3171 391 3222 καί
420 3167 788 3238 βαπτίζεσθαι
820 3165 1158 3237 παρηγγύων
1177 3179 1191 3195 °
1226 3164 1470 3235 ἀμύητος
1509 3161 1618 3232 γὰρ
1645 3156 1716 3232 ἦν
1742 3179 1755 3192 ·
1791 3161 1886 3212 καὶ

1234 411 1838 505 ECClESlASTlCE
1879 442 2274 502 IllSTURUE
2317 443 2464 503 LIB.
2504 443 2612 502 Xl.

1926 562 1974 616 Δ

3471 444 3576 506 686

2565 551 2791 608 CAPUT
2824 552 3039 607 XXX".

1991 645 2056 702 υι
2088 657 2274 701 exorta
2321 647 2608 700 Mediolani
2636 646 2911 706 seditione,
2967 647 3292 708 Ambrosius,
3345 646 3576 714 quitum

2059 718 2434 788 praefecturam
2458 719 2637 786 gessit,
2663 733 2778 770 eam
2812 718 3118 788 seditionem
3155 724 3341 769 sedare
3377 715 3579 788 volens,

2059 786 2092 842 α
2126 789 2463 840 multitudine
2501 789 2772 856 episcopus
2837 787 3030 840 electus
3071 792 3136 839 sit
3173 827 3186 849 ,
3215 797 3262 839 et
3288 789 3351 840 de
3376 788 3490 854 ejus
3525 786 3581 838 ἔτι

2058 860 2279 912 dicendo
2314 856 2583 911 libertate.

2058 1041 2456 1099 Occidentales
2490 1040 2734 1109 episcepi
2781 1039 2846 1093 ad
2909 1040 3058 1094 hunc
3102 1039 3323 1093 modum
3361 1055 3456 1094 eos
3484 1041 3580 1109 qui

1989 1138 2155 1193 rebus
2202 1134 2771 1198 uovisintendebant,
2814 1133 2866 1186 in
2928 1133 3175 1201 partibus
3223 1133 3306 1188 eis
3357 1147 3581 1201 compe.

1986 1244 2212 1289 seuere,
2249 1227 2680 1296 inviolatumque
2717 1225 2786 1278 ab
2841 1225 3002 1280 initio
3037 1226 3160 1278 tidei
3213 1225 3403 1294 dogma
3445 1240 3582 1278 con-

1985 1336 2300 1383 servavere,
2329 1320 2468 1374 adeo
2513 1328 2573 1371 ut
2629 1331 2934 1386 perpaucos
2986 1332 3111 1370 esse
3140 1317 3455 1386 contigerit,
3488 1316 3579 1384 qui

1985 1414 2150 1467 aliter
2172 1411 2515 1481 epinandum
2549 1411 2656 1465 sibi
2703 1425 2828 1464 esse
2860 1408 3148 1464 duxerint.
3207 1409 3274 1462 Et
3315 1425 3487 1478 pmpe
3537 1408 3584 1462 is

1985 1509 2136 1563 solus
2180 1508 2282 1562 fuit
2343 1506 2670 1561 Auxentius.
2735 1504 2840 1560 Sed
2906 1522 3014 1559 non
3082 1505 3243 1574 longe
3306 1513 3433 1573 post
3467 1505 3584 1574 ipse

1983 1616 2206 1670 quoque
2237 1609 2413 1655 morte
2441 1610 2525 1654 est
2576 1599 2828 1654 sublatus
2889 1598 2990 1668 (l).
3025 1597 3297 1652 Caeterum
3358 1611 3427 1651 eo
3477 1612 3576 1649 ex-

1986 1691 2215 1754 stiueto,
2252 1688 2320 1743 de
2349 1687 2596 1758 episeOpi
2623 1687 2895 1742 eleCtioue
2920 1684 3217 1739 tnultitudo
3243 1692 3330 1738 est
3375 1682 3582 1737 tumul-

1987 1792 2158 1845 tuata,
2217 1780 2368 1852 quod
2395 1780 2490 1834 alii
2519 1780 2694 1842 hunc,
2730 1777 2824 1831 alii
2849 1777 3003 1832 illum
3031 1775 3410 1846 designarent.
3435 1775 3576 1828 Cum

1987 1875 2158 1946 igitur
2194 1870 2252 1928 in
2292 1887 2493 1942 magno
2549 1880 2700 1926 esset
2762 1867 3090 1924 discrimine
3145 1868 3518 1922 Mediolanum
3563 1883 3577 1917 :

1988 1985 2090 2039 pro
2129 1982 2189 2022 se
2216 1966 2366 2021 enim
2391 1964 2628 2034 quisque
2658 1963 2894 2017 consilio
2917 1969 3212 2030 coeptoque
3241 1959 3292 2014 ei
3317 1974 3424 2011 non
3455 1971 3584 2012 suc-

1988 2067 2246 2130 cedente,
2278 2063 2555 2117 facturum
2607 2076 2666 2116 se
2719 2075 2782 2114 ea
2822 2059 3162 2119 minabatur,
3201 2072 3322 2126 qua:
3368 2054 3482 2108 ﬁeri
3523 2054 3578 2107 in

1991 2158 2170 2212 turbis
2201 2153 2542 2224 ejuscemodi
2607 2151 2788 2206 solent
2831 2167 2846 2204 :
2896 2165 3089 2204 eorum
3147 2146 3580 2215 incom;ositum

1990 2259 2198 2305 motum
2253 2255 2574 2316 suspectum
2629 2244 2864 2308 habens,
2917 2243 3011 2312 qui
3058 2251 3175 2297 tum
3230 2239 3580 2295 consularem

1989 2336 2654 2407 obtinebatdignitatem,
2681 2345 3019 2406 gentemque
3077 2349 3200 2388 eam
3266 2349 3296 2386 ιι
3333 2329 3586 2386 Valenti-

1989 2432 2155 2486 niano
2185 2429 2484 2502 praefectus
2515 2427 2751 2483 curabat
2777 2426 3129 2490 Ambrosius,
3166 2440 3292 2479 cum
3329 2423 3551 2476 multitu
3572 2453 3585 2464 ο

1989 2524 2116 2578 dine
2151 2538 2262 2578 non
2306 2520 2715 2576 contemnenda
2770 2518 2828 2574 in
2868 2518 3159 2573 ecclesiam
3194 2516 3372 2578 venit,
3413 2527 3582 2586 atque

1990 2616 2066 2670 ibi
2100 2631 2223 2685 quas
2247 2615 2458 2683 optima
2489 2627 2613 2667 esse
2643 2621 2920 2674 censeret,
2949 2620 3008 2665 ut
3035 2609 3251 2665 scilicet
3297 2625 3326 2662 a
3353 2618 3580 2664 conten-

1992 2712 2143 2765 tione
2199 2709 2560 2770 desisterent,
2611 2716 2667 2762 et
2731 2723 2847 2762 rem
2897 2708 3053 2778 juxta
3119 2706 3381 2760 Ecclesia:
3435 2706 3583 2775 leges

1995 2811 2250 2873 agerent,
2283 2800 2484 2855 suasit.
2517 2799 2728 2855 Deinde
2769 2799 2838 2854 de
2891 2799 3206 2853 concordia:
3268 2797 3582 2854 commodis

1989 2914 2109 2963 eos,
2136 2907 2192 2954 et
2214 2914 2336 2968 quae
2363 2897 2507 2952 bona
2541 2905 2734 2965 pacata
2789 2895 3024 2951 consilia
3064 2895 3352 2964 capientes
3381 2909 3581 2952 conse-

1989 2992 2086 3062 qui
2117 2991 2353 3054 soleant,
2385 2989 2696 3044 admonuit.
2749 2988 2949 3042 Adhuc
2985 2988 3079 3042 ille
3114 2986 3576 3050 concionabatur,

1989 3097 2116 3138 cum
2147 3082 2334 3136 subito
2365 3081 2605 3134 tumultu
2644 3089 2702 3134 et
2737 3079 3016 3134 seditione
3046 3079 3252 3148 sopita.
3296 3079 3348 3132 iu
3395 3077 3576 3147 ipsum

1991 3175 2300 3231 honestatis
2322 3183 2379 3228 et
2404 3174 2720 3230 concordia:
2777 3188 3088 3237 suasorem,
3118 3187 3319 3228 omnes
3359 3173 3581 3241 episco-

242 3274 258 3289 °
292 3265 467 3317 ἱκέται
485 3262 727 3330 ἐγίνοντο
744 3261 844 3330 τὴν
869 3259 992 3312 κατ’
1009 3259 1208 3320 αὐτοὺς
1227 3255 1533 3328 ἱερωσύνην
1554 3253 1876 3324 λαμϐάνεινο

1987 3277 2150 3338 patus
2181 3266 2445 3338 sullragia
2486 3265 2825 3320 conferunt:
2862 3280 3126 3334 eumque,
3165 3275 3226 3318 ut
3262 3265 3572 3334 baptizare-

289 3356 432 3411 οὕτω
464 3357 571 3426 γὰρ
603 3356 780 3423 μόνως
811 3353 1053 3416 ἐκείνους
1087 3351 1284 3404 ἕνωσιν
1315 3349 1480 3414 ἕξειν,
1522 3349 1618 3400 καὶ
1646 3346 1708 3400 τὸ
1749 3347 1877 3414 περὶ

287 3454 386 3524 τὴν
415 3457 596 3506 πίστιν
630 3452 879 3522 ὁμονοεῖν
907 3445 1412 3517 προσγενήσεσθαι.
1451 3443 1610 3496 Ἐπεὶ
1647 3441 1692 3494 δ’
1727 3442 1876 3494 ἐκεῖ·

288 3565 378 3610 νος
398 3548 456 3600 to
491 3547 590 3616 μὲν
619 3545 906 3615 βαπτισμα
930 3541 1104 3611 ἡδέως
1131 3539 1347 3607 ἐδέχετο
1371 3554 1385 3568 ο
1411 3538 1534 3589 ὅσον
1563 3535 1620 3589 δέ
1653 3535 1703 3603 γ’
1723 3535 1876 3602 ἐνῆν,

288 3638 578 3694 ἀνεϐάλετο
612 3635 888 3707 ἱερᾶσθαι,
922 3637 1016 3688 καὶ
1049 3633 1292 3703 ἀτεχνῶς
1330 3632 1429 3704 τὴν
1460 3633 1659 3703 πρᾶξιν
1696 3633 1878 3684 ἀπεω-

290 3733 459 3795 θεῖτο,
491 3728 552 3782 τὸ
590 3728 792 3798 πλῆθος
826 3727 870 3778 δ’
898 3727 975 3779 ἔτι
1009 3726 1209 3794 μᾶλλον
1233 3726 1486 3778 ἐπέκειτο
1513 3740 1526 3798 ἡ
1560 3725 1652 3776 καὶ
1686 3724 1787 3775 οὐκ
1810 3722 1876 3776 ἂν

289 3827 341 3877 εἰ
362 3843 413 3877 τι
438 3824 526 3877 καὶ
560 3823 768 3890 γένοιτο
792 3821 1014 3889 ἀνήσειν
1048 3817 1439 3887 διισχυρίζετο,
1469 3815 1764 3886 γνώρισμα
1799 3815 1872 3884 (f.

285 3916 561 3986 γνώριμα)
583 3914 760 3968 ταῦτα
784 3913 862 3984 τῷ
901 3909 1113 3982 βασιλεῖ
1161 3912 1374 3978 ἐγίνετο
1399 3907 1829 3977 Οὐαλεντινιανῷ
1857 3923 1870 3940 σ

283 4012 376 4064 τὸν
409 4010 454 4062 δ’
477 4009 808 4068 ἀκούσαντα,
840 4002 1103 4068 εὔξασθαι
1127 4003 1226 4072 μὲν
1248 3999 1554 4067 πρώτιστα,
1592 4000 1785 4054 ἔπειτα
1816 3997 1874 4052 δὲ

281 4105 442 4176 χάριν
467 4100 802 4172 ὁμολογῆσαι
823 4096 943 4166 Θεῷ
964 4097 1043 4159 είς
1079 4094 1384 4165 ἱερωσύνην
1407 4091 1873 4164 προσκαλουμένῳ

279 4195 376 4259 οὓς
406 4195 565 4257 αὐτὸς
601 4193 791 4262 ἄρχειν
832 4185 1224 4259 προύϐάλλετο.
1253 4185 1366 4253 Τήν
1393 4200 1458 4251 γε
1495 4182 1603 4252 μὴν
1622 4182 1874 4235 ἔνστασιν

277 4286 375 4340 τοῦ
397 4285 654 4356 πλήθους,
677 4284 768 4337 καὶ
786 4278 1231 4351 τὴνἈμϐροσίου
1255 4276 1419 4332 πάλιν
1449 4275 1700 4342 γενναίαν
1720 4273 1873 4326 ἀντίη

278 4397 471 4433 στασιν
500 4377 847 4448 συμϐάλλων,
871 4373 1074 4441 ἄριστα
1102 4371 1474 4439 διεγίνωσκεν.
1505 4367 1582 4430 ὡς
1609 4366 1705 4419 ἐπὶ
1737 4366 1872 4434 σφό-

276 4474 380 4544 δρα
394 4473 490 4542 τῆς
521 4470 775 4541 ὁμονοίας
798 4465 948 4538 καλῷ
971 4467 1067 4537 τῆς
1101 4468 1156 4518 ὲν
1187 4463 1545 4524 Μεδιολάνοις
1574 4460 1872 4528 ἐκκλησίας

279 4565 498 4618 ἔσεσθαι
530 4565 627 4632 τὴν
659 4561 1002 4631 προχείρισιν
1032 4559 1126 4611 τοῦ
1158 4557 1348 4627 ἀνδρός
1371 4572 1385 4588 ⁸
1418 4557 1512 4608 καὶ
1551 4553 1675 4606 ὅσον
1706 4553 1870 4620 τάχος

1988 3375 2102 3425 tur,
2157 3360 2452 3414 hortantur
2519 3359 2810 3429 (nondum
2880 3360 3031 3413 enim
3097 3368 3452 3413 sacramento
3509 3375 3578 3413 eo

1987 3453 2240 3508 initiatus
2267 3443 2496 3522 fuerat),
2540 3461 2682 3508 etut
2711 3452 3090 3522 epismpalcm
3138 3454 3284 3520 apud
3324 3467 3420 3506 eos
3456 3453 3577 3522 dig-

1985 3548 2218 3601 nitatem
2275 3547 2568 3615 suscipiat.
2630 3545 3012 3615 supplicantes
3065 3553 3250 3599 orant.
3309 3545 3386 3599 Eo
3420 3545 3570 3598 enim

1987 3649 2200 3694 tantum
2239 3651 2397 3708 pacto
2465 3639 2604 3700 fore,
2644 3647 2704 3690 ut
2763 3637 2868 3706 ipsi
2941 3638 3234 3692 unanimes
3273 3637 3384 3692 sint
3411 3650 3466 3691 et
3498 3637 3569 3690 de

1987 3734 2095 3787 lide
2126 3732 2496 3787 concordent.
2526 3731 2684 3801 175
2720 3731 2900 3797 Atque
2934 3730 3028 3784 ubi
3081 3730 3172 3784 ille
3217 3728 3442 3800 quidem
3478 3730 3578 3784 ba-

1985 3825 2244 3893 ptismum
2269 3824 2505 3878 libenter
2550 3822 2992 3892 approbavit,.et
3019 3821 3198 3891 quoad
3237 3822 3436 3890 potuit,
3473 3823 3573 3876 ad-

1986 3917 2446 3970 ministrationem
2466 3931 2678 3969 sacram
2706 3914 2942 3979 distulit,
2970 3916 3263 3984 palamque
3286 3914 3426 3968 adeo
3459 3929 3574 3968 rem

1982 4026 2102 4065 eam
2140 4010 2350 4078 rejecit,
2411 4018 2466 4061 et
2502 4007 2805 4062 multitudo
2841 4008 3018 4076 magis
3063 4009 3230 4062 etiam
3265 4007 3314 4061 ci
3349 4007 3574 4065 institit.

1983 4118 2162 4169 neque
2193 4118 2254 4154 se
2283 4101 2585 4170 quidquam
2617 4102 2683 4155 de
2717 4100 2947 4154 consilio
2973 4115 3094 4161 suo,
3115 4099 3383 4170 quidquid
3407 4101 3575 4154 etiam

1980 4188 2278 4248 accideret,
2315 4190 2672 4242 remissuram
2713 4189 3085 4250 confirmavit,
3137 4205 3224 4243 res
3256 4189 3574 4259 imperatori

1981 4281 2366 4334 Valentiniano
2420 4280 2775 4332 renuntiatur
2811 4298 2824 4334 :
2863 4296 2970 4350 qua
3009 4281 3099 4335 ille
3133 4281 3345 4347 audita,
3379 4298 3575 4351 preca-

1980 4380 2070 4426 tus
2105 4373 2342 4441 primum
2390 4382 2474 4426 est
2503 4389 2517 4425 :
2555 4372 2760 4427 deinde
2799 4375 2910 4428 Deo
2942 4373 3150 4442 gratias
3180 4375 3313 4444 egit.
3348 4376 3441 4445 qui
3473 4390 3571 4430 eos

1979 4464 2044 4518 ad
2081 4464 2390 4533 episcopale
2423 4481 2627 4518 munus
2656 4475 2903 4529 vocaret,
2932 4480 3072 4533 quos
3101 4467 3217 4535 ipse
3251 4467 3570 4536 reipubliczn

1982 4557 2452 4610 administrationi
2493 4555 2854 4625 praefecisset.
2910 4557 2980 4612 Et
3029 4572 3156 4610 cum
3220 4557 3366 4612 inter
3397 4574 3477 4623 se,
3513 4575 3570 4614 et

282 4657 613 4724 προσέταττε
645 4654 742 4724 τὴν
772 4653 1116 4724 χειροτονίαν
1143 4647 1468 4716 λαμϐάνειν.
1500 4644 1654 4712 Ἀμα
1687 4645 1741 4696 δὲ
1775 4642 1868 4694 τοῦ

1986 4649 2172 4720 populi
2206 4648 2593 4703 vehementem
2651 4649 3000 4718 petitionem,
3029 4659 3085 4704 et
3123 4649 3400 4707 Ambrosii
3435 4669 3570 4706 con-

279 4752 420 4804 θείου
450 4747 766 4817 κατηξιώθη
809 4745 1209 4816 βαπτίσματος,
1241 4743 1340 4792 καί
1371 4739 1470 4808 τὴν
1507 4739 1752 4805 κεφαλὴν
1800 4738 1867 4804 τῇ

274 4842 582 4913 χειροτονίᾳ
607 4839 844 4891 ὑπέϐαλε
868 4853 882 4866 ’
915 4837 1011 4890 καὶ
1036 4835 1114 4893 εἰς
1142 4833 1402 4903 ὁμόνοιαν
1430 4831 1497 4882 τὰ
1521 4828 1704 4896 πλήθη
1741 4827 1872 4880 καθ-

277 4938 422 4995 ίστα,
470 4935 565 4984 καὶ
609 4932 668 4984 τὸ
698 4929 1060 4985 ἀστασίαστον
1099 4927 1164 4993 τῇ
1213 4921 1513 4992 Ἐκκλησία
1544 4918 1869 4988 ἐϐράϐευεν,

273 5031 329 5080 ἐν
364 5024 543 5094 mihi)
572 5023 749 5094 χρόνῳ
783 5019 1040 5092 καμούσῃ
1063 5020 1128 5087 τῇ
1160 5015 1400 5086 διχονοίᾳ
1435 5014 1498 5066 ὲκ
1528 5012 1630 5075 τῆς
1667 5009 1872 5073 A2352»;-

271 5119 391 5170 τίου
427 5116 601 5184 κακῆς
631 5113 973 5182 διοικήσεως.
1032 5110 1186 5162 Ἐπεὶ
1213 5107 1268 5158 δὲ
1314 5107 1429 5166 τοῖς
1473 5104 1869 5174 πραττομένοις

273 5213 368 5262 καὶ
406 5210 434 5260 ὁ
460 5209 530 5261 τὰ
561 5208 736 5260 πάντα
765 5206 988 5273 ἄριστος
1019 5202 1198 5269 παρῆν
1235 5198 1512 5269 βασιλεὺς,
1556 5196 1747 5249 τοῦτον
1777 5198 1867 5247 τὸν

273 5303 442 5372 ῢμνον
487 5301 565 5369 τῷ
605 5300 820 5369 Σωτῆρι
856 5297 1108 5366 προσῆγε
1167 5293 1323 5362 Θεῷε
1364 5311 1381 5344 ι
1423 5292 1596 5360 Χάρις
1633 5307 1752 5351 σοι,
1786 5288 1869 5339 λέ.

273 5414 407 5462 γων,
451 5395 701 5447 Δέσποτα
733 5389 1121 5458 παντοκράτορ
1156 5388 1251 5438 καὶ
1279 5385 1466 5454 Σῶτερ
1490 5383 1752 5454 ἡμέτερε,
1783 5381 1866 5433 ὅτι

266 5489 405 5558 τῷδε
435 5485 622 5555 τάνδρὶ
651 5483 762 5548 ἐγὼ
805 5483 906 5553 μὲν
937 5479 1164 5549 σώματα
1204 5480 1539 5548 ἐνεχείρισα,
1577 5480 1641 5530 σὺ
1676 5476 1734 5528 δὲ
1762 5476 1867 5544 duo

269 5581 405 5650 χάς·
439 5579 532 5631 καὶ
560 5579 655 5640 τὰς
691 5575 831 5644 ἐμὰς
861 5575 1080 5644 ψήψους
1107 5570 1323 5632 δικαίας
1350 5570 1657 5637 ἀπέφηνας.
1697 5586 1716 5618 ›
1757 5567 1865 5618 Καὶ

269 5674 300 5724 ὁ
343 5671 441 5740 μὲν
485 5667 694 5721 ταῦτα·
735 5666 1065 5735 ’Δμϐρόσιος
1105 5661 1150 5715 δ’
1179 5664 1240 5714 ού
1294 5659 1473 5729 πολλῷ
1526 5659 1754 5728 ὕστερον
1788 5657 1865 5726 τῷ

275 5766 490 5834 βασιλεῖ
545 5761 641 5813 σὺν
687 5757 976 5829 παρρησίᾳ.
1013 5752 1446 5826 διομιλούμενος,
1504 5749 1866 5820 ἐπεμέμψατό

345 5943 420 6013 (ι)
455 5941 664 5995 Socrat.
706 5939 834 5994 cod.
864 5951 984 6008 cap.
1018 5934 1108 5991 30.

1977 4750 2216 4795 stantem
2250 4740 2674 4794 reluctatiouetn
2710 4739 3015 4804 conferret,
3044 4741 3253 4810 optime
3289 4746 3569 4813 perspexit

1977 4833 2306 4886 electionem
2338 4833 2459 4904 ejus
2487 4832 2590 4888 viri
2633 4832 2890 4888 Ecclesiae
2912 4833 3304 4891 Mediolaneusi
3337 4835 3405 4890 ad
3436 4853 3568 4890 con-

1975 4927 2220 4981 cordiam
2262 4925 2608 4980 retinendam
2644 4926 2790 4982 bono
2821 4944 2963 4983 esse.
2998 4929 3348 4998 Quapropter
3397 4947 3563 5000 quam
3657 4964 3659 4967 ι

1981 5017 2216 5084 primum
2253 5017 2620 5072 initiatiouem
2667 5023 2722 5073 e‘t
2755 5022 3393 5076 consecrationemcum
3442 5040 3566 5077 sus-

1977 5111 2164 5177 cipere
2195 5111 2380 5180 jussit.
2411 5110 2585 5165 Simul
2621 5122 2789 5179 atque
2820 5124 3004 5165 autem
3052 5111 3301 5165 divinum
3352 5114 3564 5184 baptis-

1974 5218 2122 5256 mqu
2153 5203 2344 5262 subiit.
2379 5212 2433 5254 et
2465 5213 2630 5272 caput
2664 5205 3070 5258 consecratioui
3105 5207 3378 5272 subdidit,
3409 5207 3564 5276 plebs

1976 5299 2232 5350 universa
2267 5297 2330 5348 ad
2357 5297 2711 5349 concordiam
2747 5297 2931 5360 rediit,
2964 5308 3019 5352 et
3048 5299 3425 5368 tranquillitas
3453 5299 3560 5351 Ee-

1972 5391 2154 5446 clesia:
2200 5393 2414 5446 reddita
2472 5402 2593 5455 est,
2629 5408 2756 5462 qua:
2787 5392 3012 5461 quidem
3072 5404 3317 5461 tempore
3381 5394 3557 5445 multo

1973 5495 2200 5552 pr0pter
2239 5485 2437 5538 malam
2514 5484 2778 5540 Auxentii
2830 5485 3370 5540 administrationem
3441 5485 3559 5539 dis-

1969 5577 2226 5631 sensione
2281 5576 2592 5645 periclitata
2641 5576 2842 5631 fuerat.
2899 5577 3168 5642 Quoniam
3222 5593 3356 5632 vero
3395 5581 3558 5631 rebus

1970 5670 2122 5722 hisce
2157 5668 2406 5737 agendis,
2443 5667 2620 5727 modis
2643 5667 2906 5722 omnibus
2959 5668 3198 5735 Optimus
3246 5667 3400 5721 alluit
3453 5669 3557 5722 im-

1971 5767 2212 5830 perator,
2245 5759 2405 5815 talem
2450 5757 2738 5814 Servatori
2808 5759 2921 5813 Deo
2981 5759 3028 5813 is
3059 5760 3347 5814 concinuit
3399 5761 3555 5832 hymc
