4056 6440
496 383 604 451 6'35

1739 386 1788 446 Ν
1800 388 1866 448 lC
1880 387 2169 450 EPHORI
2206 388 2564 452 CALLISTI

3668 387 3774 458 6‘6

501 504 698 572 tuenti,
737 505 844 560 sibi
876 505 1312 576 comportabant,
1346 515 1402 560 et
1439 504 1562 560 aliis
1605 505 1770 559 etiam
1805 503 2087 559 monachis

2195 501 2358 560 θείων
2413 505 2706 575 μετάδοσιν
2753 499 2900 578 εἶχεν
2951 506 3269 578 ἀκρίϐειαν,
3300 506 3522 578 βασάνῳ
3553 507 3778 582 πλείστῃ

498 597 908 668 impertiebant.
933 590 1103 653 Porro
1135 599 1400 654 Dioscoro
1419 608 1642 655 centum
1664 608 1824 653 erant
1853 606 2085 651 Sectato-

495 701 608 746 res.
632 683 845 746 Etcum
871 691 1159 763 presbyter
1183 701 1238 745 et
1257 704 1538 746 sacrorum
1569 687 1954 744 obeundarum
1980 689 2088 742 mi-

504 785 680 839 nister
707 793 874 850 esset,
901 784 1128 837 multam
1164 793 1218 838 et
1251 789 1504 838 exactam
1527 797 1720 836 curam
1754 779 1810 834 in
1869 780 2087 835 divina-

498 890 622 929 rum
689 889 874 929 rerum
935 874 1407 944 dispensationem
1477 865 1768 942 impendit,
1821 869 2087 940 disquisi-

501 965 650 1020 tione
709 965 946 1019 maxima
1003 980 1104 1021 eos
1137 963 1232 1034 qui
1291 962 1358 1018 ad
1412 962 1674 1034 mysteria
1729 959 2127 1033 percipienda.

497 1058 716 1112 adirent
743 1101 759 1123 ,
805 1057 1119 1124 explorans.
1149 1057 1217 1114 Ut
1247 1072 1482 1127 uanique
1514 1071 1670 1110 mens
1703 1065 1862 1112 antea
1894 1065 2091 1127 repar-

497 1159 744 1217 garetur,
798 1147 1221 1212 cohortabatur,
1277 1153 1334 1200 et
1367 1144 1792 1210 conscientiam,
1827 1159 1892 1198 ne
1948 1145 2086 1206 quid

500 1249 845 1306 latratorum
897 1239 1166 1293 malorum
1217 1237 1469 1302 haberet,
1531 1236 1906 1293 scrutabatur.
1957 1235 2092 1291 Erat

499 1341 764 1400 pnuterea
792 1342 905 1388 tum
935 1331 1078 1386 alius
1095 1345 1340 1402 quoque,
1411 1331 1520 1387 hoc
1563 1331 1733 1386 etiam
1763 1330 1926 1401 longe
1958 1329 2090 1385 dili«

500 1425 744 1491 gentior.
777 1422 1002 1478 nomine
1032 1417 1316 1494 Eulogius,
1353 1423 1449 1493 qui
1521 1431 1672 1478 tanta
1713 1420 1916 1477 dicitur
1969 1436 2092 1491 pro-

502 1516 748 1571 videntia
815 1531 910 1570 seu
988 1516 1444 1586 praecognitione,
1520 1515 1824 1570 acrimonia
1889 1513 2092 1569 mentis

503 1606 816 1672 collimans,
855 1608 908 1662 in
935 1603 1017 1662 eis
1045 1607 1140 1676 qui
1171 1607 1238 1662 ad
1275 1607 1459 1662 divina
1491 1602 1824 1662 accederent
1877 1617 2086 1676 myste-

504 1699 605 1764 ria,
629 1713 760 1754 usus
784 1713 924 1764 esse,
963 1699 1122 1769 181
1161 1709 1219 1754 ιιι
1243 1713 1356 1753 non
1388 1709 1601 1754 tantum
1632 1713 1757 1766 quae
1795 1696 2090 1752 manifesto

503 1789 742 1846 admissa
770 1800 958 1846 essent
1007 1798 1234 1860 peccata
1285 1797 1570 1859 argueret,
1611 1789 1706 1844 sed
1768 1789 1934 1844 etiam
1967 1801 2092 1858 quae

2191 599 2506 666 ἀνακρίνων
2539 599 2662 662 τοὺς
2689 603 2802 664 τοίς
2835 601 3164 670 μυστηρίοις
3194 601 3542 671 προσιόντας
3580 619 3767 673 προκε-

2193 689 2468 760 καθάρθαι
2503 690 2612 760 γὰρ
2639 691 2730 744 τὸν
2760 691 2885 745 νοῦν
2913 692 3240 762 παρηγγύα,
3271 693 3369 744 καὶ
3398 693 3500 761 τὴν
3530 695 3776 764 συνείδη-

2197 798 2280 832 σιν
2312 779 2470 849 ἐττξε
2506 783 2641 852 μήτι
2676 783 2788 853 ἄρα
2819 785 3216 853 πεπραγμένον
3248 785 3361 854 ἔχοι
3389 785 3499 838 τῶν
3535 786 3778 854 φαύλων.

2205 873 2459 940 Ἐγένετο
2506 875 2562 926 δὲ
2615 875 2748 946 περὶ
2796 875 2974 931 ταῦτα
3020 878 3114 932 καὶ
3161 877 3352 944 ἕτερος
3385 879 3778 948 ἀκριϐέστερος

2194 957 2456 1033 Εύλόγιος
2481 964 2674 1035 ὄνομαο
2695 965 2755 1020 ὃν
2780 965 2938 1034 λόγος
2965 967 3058 1021 ἐπὶ
3079 967 3338 1022 τοσοῦτον
3365 971 3464 1038 τὴν
3484 970 3592 1021 τῶν
3619 983 3758 1038 προσ

2195 1056 2386 1108 ιόντων
2435 1056 2548 1120 τοῖς
2600 1058 2771 1122 θείοις
2826 1061 3152 1130 μυστηρίοις
3203 1062 3523 1130 πρόγνωσιν
3586 1064 3732 1130 σχεῖν
3767 1099 3778 1121 ,

2195 1148 2295 1216 τῆς
2321 1149 2529 1222 λεπτῆς
2555 1149 2766 1214 ἐννοίας
2796 1151 3376 1222 καταστοχαζὸμενον,
3407 1151 3482 1212 ὡς
3511 1151 3586 1220 μὴ
3617 1152 3778 1221 μόνον

2194 1239 2266 1294 τὰ
2313 1243 2686 1312 ἡμαρτημένα
2719 1242 2907 1312 σαφῶς
2950 1243 3278 1314 διελέγχειν,
3317 1244 3457 1296 ἀλλὰ
3491 1243 3585 1296 καὶ
3626 1242 3694 1296 τὰ
3726 1243 3780 1296 ἐν

2197 1333 2358 1406 μυχῷ
2389 1335 2624 1404 καρδίας
2655 1333 3061 1409 παραϐυόμενα
3110 1337 3330 1406 ἑκάστῳ
3373 1335 3645 1406 λαμπρῶς
3671 1335 3781 1388 διο-

2199 1429 2324 1499 ρᾷν.
2360 1429 2584 1496 Ἀμέλει
2637 1445 2724 1482 τοι
2773 1431 2872 1484 καὶ
2922 1429 3055 1493 τοὺς
3103 1429 3292 1494 κακῶς
3339 1423 3781 1501 πεπραχότας,ῆ

2197 1521 2330 1592 περί
2361 1539 2510 1586 τινος
2542 1522 2767 1592 φαύλως
2793 1522 3167 1590 διατεθέντας,
3194 1524 3305 1592 τῆς
3328 1524 3620 1604 κοινωνίας
3651 1521 3782 1579 τέως

2204 1615 2468 1685 ἀπεῖργε,
2502 1614 2641 1684 δῆλα
2667 1614 2740 1668 τὰ
2770 1617 3141 1686 ἡμαρτημένα
3172 1615 3364 1671 ποιῶν.
3395 1613 3701 1682 Μεταμέλῳ
3729 1610 3776 1662 δὲ

2199 1703 2518 1772 χρωμένους
2542 1703 2634 1756 καὶ
2653 1702 2931 1770 ἀναλόγως
2958 1703 3393 1774 καθαιρομένους
3421 1701 3578 1765 αὖθις
3613 1715 3750 1772 προσ

2213 1794 2345 1848 ίετο.
2395 1795 2520 1848 Ἐπὶ
2555 1795 2620 1864 δὴ
2666 1794 2878 1858 τούτοις
2923 1796 3018 1849 καὶ
3055 1793 3340 1857 Ἀπολλὼς
3395 1796 3492 1857 τὰς
3542 1794 3775 1864 ἐρημίας

504 1885 557 1938 in
593 1887 860 1956 cujusque
902 1858 1087 1938 cordis
1111 1898 1333 1940 recessu
1357 1858 1620 1947 laterent,
1650 1891 1842 1951 aperte
1873 1879 2087 1950 perspi-

2199 1883 2501 1954 ἠσπάζετο,
2536 1883 2593 1946 ὃς
2630 1885 2930 1937 ὲπιὸαίνων
2952 1884 3114 1956 ἥϐης,
3147 1885 3209 1937 τὸ
3241 1882 3557 1954 φιλοσοφεῖν
3589 1883 3765 1936 ἐπέδα·

501 1985 674 2032 ceret.
718 1976 906 2046 Itaque
960 1989 1059 2030 eos
1085 1975 1179 2046 qui
1247 1975 1374 2030 mali
1429 1973 1729 2044 quidquam
1763 1979 2083 2043 perpetras-

501 2078 646 2131 sent,
680 2075 776 2121 aut
803 2069 872 2124 de
907 2082 965 2122 re
997 2067 1256 2136 quapiam
1282 2065 1482 2121 vitiose
1535 2075 1724 2121 essent
1789 2063 1994 2130 aii'ecti,
2055 2078 2086 2118 a

499 2158 890 2213 communione
922 2166 1034 2212 tum
1059 2157 1304 2224 arcebat,
1333 2156 1534 2213 dei’cta
1561 2171 1752 2210 eorum
1776 2155 2088 2226 proferens.

459 2305 472 2316 ,
495 2250 653 2317 Quod
687 2249 732 2306 si
757 2251 919 2306 iidem
953 2250 1278 2320 pmuitentia
1312 2251 1414 2313 usi,
1451 2266 1550 2320 pro
1577 2265 1644 2304 eo
1685 2259 1852 2318 atque
1889 2264 2090 2302 conve-

501 2344 600 2409 nit,
633 2358 692 2398 se
727 2355 1073 2414 purgassem,
1104 2359 1300 2398 rursus
1331 2343 1682 2397 admittebat.
1740 2342 1946 2398 Praeter
1991 2341 2094 2395 bos

497 2449 550 2492 et
571 2437 792 2505 Apollos
821 2439 970 2493 solos
998 2439 1150 2492 locus
1181 2438 1435 2500 incoluit,
1479 2438 1572 2504 qui
1603 2451 1779 2491 annus
1831 2435 2090 2504 puberta-

502 2530 576 2584 tis
601 2533 908 2600 ingressus,
962 2531 1323 2585 monasticam
1357 2529 1738 2598 philosophari
1773 2538 1937 2599 atque
1995 2543 2091 2582 ert--

496 2637 689 2678 ercere
711 2624 903 2692 cmpit.
941 2621 1159 2678 Etcum
1192 2624 1352 2676 annis
1375 2621 1743 2692 quadraginta
1808 2621 1866 2676 in
1893 2621 2088 2676 solitu-

497 2715 629 2770 dine
659 2721 908 2770 versatus
931 2721 1100 2778 esset,
1162 2713 1482 2784 speluncam
1532 2712 1828 2782 quamdam
1872 2723 2086 2767 monta-

497 2819 624 2860 nam
684 2819 856 2876 prope
927 2805 1282 2860 habitabilem
1353 2804 1593 2874 regionis
1659 2814 1893 2874 partem,
1989 2802 2088 2859 Dei

500 2903 766 2968 responso
795 2895 1132 2962 admonitus,
1191 2895 1388 2959 subiit,
1459 2904 1626 2964 atque
1662 2895 1738 2950 ibi
1793 2894 2087 2952 habitavit.

496 2989 759 3045 Plurimis
779 3003 912 3045 vero
939 2988 1223 3044 miracul‘s
1254 2989 1580 3060 prmclaram
1609 2988 1808 3044 famam
1832 2988 2088 3059 adeptus,

497 3081 704 3136 multos
734 3081 802 3135 ad
836 3097 902 3136 se
925 3081 1216 3152 pertraxit,
1253 3090 1308 3136 et
1339 3083 1737 3136 monachorum
1787 3081 2086 3137 multorum

2197 1979 2307 2031 λεν.
2340 1977 2478 2046 Ἔτη
2519 1975 2576 2028 δὲ
2613 1977 2870 2047 τετράκις
2915 1977 3050 2030 δέκα
3091 1975 3382 2046 διατρίψας
3415 1977 3515 2046 τὴν
3550 1975 3774 2047 ἔρημον,

2201 2062 2470 2137 σπήλαιόν
2531 2085 2584 2120 τι
2635 2069 2816 2138 ὄρειον
2873 2063 2968 2138 τῆς
3026 2069 3358 2138 οἰκουμένης
3413 2069 3604 2137 ἐγγὺς,
3642 2068 3774 2120 Θεοῦ

2198 2163 2528 2232 χρήςαντος,
2573 2159 2782 2216 κατιὼν
2816 2162 3176 2225 εἰσοικίζεται
3206 2178 3222 2194 ο
3257 2161 3501 2230 θαύμασι
3543 2161 3598 2214 δὲ
3630 2159 3778 2212 πλεί-

2201 2270 2350 2314 στοις
2410 2253 2717 2323 κατίιδηλος
2775 2255 2912 2306 πᾶσι
2972 2253 3296 2320 γενόμενος,
3359 2253 3592 2316 πολλοὺς
3646 2252 3779 2322 πρὸς

2198 2345 2395 2398 ἑαυτὸν
2427 2345 2806 2410 ἐπεσπάσατο,
2843 2344 2940 2397 καὶ
2977 2345 3318 2416 καθηγεμὼν
3358 2344 3572 2399 πολλῶν
3613 2361 3779 2414 μονα-

2199 2437 2312 2509 χῶν
2347 2439 2580 2506 γίνεται.
2605 2435 2716 2492 Ἦν
2748 2438 2858 2510 γὰρ
2884 2438 3033 2510 αύτῷ
3074 2439 3166 2492 καὶ
3199 2434 3328 2510 ἦθος
3357 2437 3648 2506 ἐπαγωγὶν
3681 2439 3780 2507 μά-

2198 2529 2356 2583 λιστα
2385 2533 2506 2594 ταῖς
2557 2529 2938 2594 διδασκαλίαις
2989 2531 3424 2600 ἐπικαθήμενον.
3459 2529 3609 2596 Πλὴν
3666 2526 3781 2580 ἀλλ’

2195 2623 2360 2676 ὁποία
2396 2621 2496 2691 μὲν
2529 2621 2684 2690 αὐτῷ
2712 2625 2748 2692 ὴ
2792 2619 2935 2674 κατὰ
2981 2620 3114 2675 Θεὸν
3151 2622 3370 2691 ἀγωγὴ,
3411 2621 3508 2673 καὶ
3540 2621 3642 2674 ὅσα
3673 2619 3782 2672 τῶν

2196 2714 2520 2787 παραδόξων
2567 2714 2863 2784 διενεργῶν
2919 2715 3048 2778 τοὺς
3101 2714 3408 2786 τηνικαῦτα
3458 2711 3780 2784 ἐξέπληττε,

2195 2804 2464 2874 Τιμόθεος
2518 2805 2546 2858 ὁ
2599 2805 2700 2870 τὴν
2763 2804 3166 2876 Ἀλεξανδρέων
3232 2805 3532 2874 ἐκκλησίαν
3595 2803 3781 2865 ίθύνας

2196 2895 2465 2966 θεοφιλῶς
2499 2896 2608 2967 ἰδία
2641 2900 2933 2968 συγγραφῇ
2963 2896 3315 2970 περιέλαϐενο
3343 2898 3400 2950 ἐν
3425 2895 3466 2964 ᾧ
3495 2897 3594 2950 οὐκ
3619 2893 3780 2950 αὑτοῦ

2199 2989 2391 3060 μόνου,
2451 2989 2591 3044 ἀλλὰ
2655 2991 2750 3044 καὶ
2807 2990 2985 3044 ἄλλων
3043 2989 3260 3052 πολλῶν
3316 2991 3412 3044 καὶ
3463 2988 3780 3060 θαυμασίων

2197 3081 2449 3152 ἐμνήσθη
2479 3082 2715 3153 ἀνδρῶν.

494 3185 688 3230 auctor
717 3185 770 3230 et
807 3176 918 3232 dux
965 3176 1088 3230 iuit.
1116 3175 1454 3232 Eranteuim
1507 3177 1560 3230 in
1587 3176 1839 3233 moribus
1871 3190 2098 3246 quoque
2137 3175 2262 3246 ejus
2325 3176 2602 3233 illecebrae
2623 3177 2900 3247 quaedam,
2932 3191 3035 3233 nec
3065 3178 3249 3233 minus
3275 3175 3516 3233 etiamin
3540 3172 3782 3230 doctrina

498 3269 823 3323 insidentes.
849 3267 954 3322 Sed
983 3267 1142 3338 quale
1165 3268 1367 3323 divina:
1389 3270 1508 3340 ejus
1535 3268 1656 3323 vita:
1685 3267 2004 3323 institutum
2028 3267 2216 3334 fuerit,
2237 3278 2292 3322 et
2317 3269 2518 3340 quibus
2537 3270 2704 3325 editis
2741 3269 3052 3342 insignibus
3075 3270 3358 3326 miraculis
3381 3269 3502 3340 ejus
3525 3267 3784 3338 tempori!

497 3360 840 3422 hominesad
862 3369 1142 3431 stuporem
1162 3360 1990 3431 converterit.Tirnotheus,qui
2019 3361 2447 3418 Alexandrinam
2475 3363 2780 3420 Ecclesiam
2809 3363 2898 3435 pie
2927 3365 3274 3436 gubernavit,
3301 3365 3504 3434 scripto
3521 3361 3781 3432 peculiari

499 3455 824 3524 complexus
858 3465 982 3510 est:
1015 3457 1066 3509 in
1123 3471 1235 3524 quo
1270 3471 1380 3510 non
1419 3454 1592 3526 ipsius
1610 3464 1846 3522 tantum,
1879 3455 1974 3510 sed
2001 3455 2237 3512 aliorum
2267 3457 2435 3512 etiam
2453 3457 2756 3512 multorum
2793 3468 2849 3513 et
2887 3457 3474 3530 magnorumvirorum
3506 3453 3774 3510 meminit.

1068 3597 1293 3655 (ZAPUT
1337 3593 1550 3653 XXXV.

499 3709 576 3765 De
615 3707 894 3778 Daret/reo,
927 3709 1257 3784 Pigjnmone,
1283 3713 1512 3784 Joanne,
1546 3713 1850 3784 Benjnmt'n,
1877 3711 2083 3777 Marto,

979 3779 1225 3838 Macario
1256 3793 1306 3836 et
1339 3783 1641 3853 Apollonio.

571 3896 777 3951 Eodem
801 3906 985 3951 autem
1018 3905 1265 3966 tempore
1291 3895 1438 3968 apud
1471 3898 1884 3964 Alexandriam,
1915 3907 2086 3968 atque

498 3990 553 4043 iu
591 3991 747 4053 solis,
785 3992 950 4044 sicuti
995 3990 1280 4056 dicuntur,
1322 3991 1485 4054 locis,
1520 3999 1578 4046 et
1611 3993 1824 4047 circum
1867 3991 2086 4046 Mareo-

499 4095 611 4140 teu,
640 4090 810 4150 atque
839 4081 1052 4136 vicinos
1081 4079 1309 4150 Libyes,
1344 4081 1502 4136 multi
1529 4079 1633 4135 viri
1665 4079 1794 4136 boni
1824 4091 2086 4136 accurate

414 4245 423 4252 '
497 4173 794 4228 admodum
829 4185 962 4228 sunt
993 4174 1403 4244 philosophati,
1450 4173 1546 4244 qui
1576 4173 1814 4229 duorum
1847 4173 2083 4227 millium

497 4281 794 4319 numerum
847 4265 1196 4336 explevere:
1252 4265 1308 4319 in
1363 4265 1568 4336 quibus
1621 4265 1790 4319 vtlttti
1853 4265 2087 4319 illustris

498 4357 747 4428 quaedam
782 4359 941 4414 stella
991 4357 1304 4413 Durotheus
1338 4359 1430 4414 ille
1465 4357 1806 4427 reSplenduit
1829 4398 1842 4418 ,
1879 4355 2085 4410 Thebis

497 4449 794 4507 oriundus.
829 4448 955 4508 Vita
995 4453 1118 4523 ejus
1151 4451 1270 4506 haec
1299 4461 1455 4515 erat,
1498 4459 1558 4504 ut
1593 4450 1836 4504 interdiu
1874 4449 2086 4519 lapides

497 4560 566 4598 ex
611 4543 798 4600 vicino
834 4544 974 4600 mari
1027 4543 1350 4615 colligeret,
1391 4553 1448 4598 et
1496 4543 1889 4596 domu::culam
1941 4555 2086 4594 anno

498 4637 750 4708 quolibet
792 4645 1191 4703 construeret,
1237 4653 1472 4708 eamque
1519 4637 1616 4707 qui
1657 4636 1931 4690 ardilicare
1973 4651 2083 4690 non

499 4737 708 4797 posset,
738 4726 1014 4783 monacho
1039 4729 1416 4798 relinqueret:
1443 4735 1613 4782 noctu
1641 4742 1776 4782 vero
1798 4741 1866 4781 ex
1891 4727 2086 4796 palmae

497 4818 648 4872 foliis
676 4817 839 4874 funes
873 4820 1180 4890 plecteret,
1209 4830 1267 4874 et
1301 4829 1523 4890 sportas
1557 4818 1878 4875 conﬁceret.
1913 4818 2088 4874 Cibus

493 4909 546 4964 ei
583 4917 704 4963 erat
751 4909 910 4980 panis
935 4925 1031 4966 sex
1063 4910 1258 4977 unciae,
1299 4917 1355 4964 et
1382 4909 1632 4966 tenuium
1665 4911 1878 4966 olerum
1915 4909 2086 4965 fasci-

499 4999 696 5068 culus;
737 5011 902 5072 potus
923 5041 940 5069 ,
973 5017 1138 5074 aqua.
1181 5003 1248 5058 Et
1279 5003 1427 5074 quod
1467 5005 1536 5059 ab
1567 5003 1942 5058 adolescentia
1978 5002 2085 5058 hoc

495 5108 673 5163 genus
701 5094 878 5150 diaeta:
911 5097 1233 5166 complexus
1263 5097 1465 5162 fuerat,
1501 5095 1555 5150 in
1585 5111 1652 5150 co
1687 5110 1909 5166 quoque
1940 5110 2086 5149 sem-

494 5203 596 5258 per
622 5186 680 5242 in
719 5199 964 5244 extrema
999 5191 1166 5246 etiam
1199 5199 1484 5246 senectute
1540 5189 1883 5260 perduravit.
1925 5188 2084 5258 182

493 5282 792 5354 Nunquam
822 5297 956 5338 vero
987 5285 1067 5338 vel
1105 5283 1159 5339 in
1193 5295 1376 5340 storea
1404 5283 1490 5338 vel
1525 5285 1580 5336 in
1615 5282 1821 5338 lectulo
1855 5285 2084 5346 cubare,

493 5377 789 5432 autetiam
825 5377 992 5448 pedes
1037 5391 1138 5448 per
1171 5377 1503 5434 laxationem
1563 5391 1660 5433 seu
1704 5375 2086 5430 remissionem

496 5473 832 5535 extendere,
867 5484 964 5526 aut
1004 5488 1102 5528 sua
1149 5483 1349 5542 sponte
1392 5486 1649 5527 somnum
1696 5482 1896 5540 capere
1930 5465 2083 5524 visus

493 5577 599 5620 est.
635 5566 773 5620 Nam
805 5567 891 5620 Vel
920 5581 1070 5636 opus
1091 5564 1340 5628 facienti,
1367 5564 1450 5619 vel
1481 5575 1730 5632 persaepe
1763 5561 1947 5616 cibum
1986 5577 2082 5616 ca-

495 5657 667 5726 pienti
695 5698 709 5719 ,
761 5674 954 5728 magna
1003 5659 1054 5711 vi
1090 5655 1384 5711 incubuit:
1435 5657 1704 5710 hactenus
1753 5653 1989 5715 saltem,
2027 5663 2085 5706 ut

494 5750 673 5803 mulis
695 5752 1040 5806 conniveret.
1069 5750 1136 5804 Et
1161 5763 1557 5818 nonnunquam
1589 5763 1716 5802 eum
1743 5753 2084 5811 vesceretur,

496 5843 676 5896 Iurnui
710 5842 974 5898 violentia
1010 5843 1169 5896 cibus
1201 5841 1250 5896 ei
1287 5857 1352 5896 ex
1379 5856 1477 5896 ore
1511 5839 1741 5894 excidit.
1779 5838 1958 5907 Atque
1986 5839 2087 5892 ali-

2111 3607 2160 3670 C

2118 4956 2165 5010 Ι)

2755 3603 3024 3660 ·ΚΕΦΛΛ.
3057 3602 3182 3658 AE’.

2191 3721 2329 3788 Περὶ
2359 3723 2678 3784 Δωίοθέου,
2715 3719 3090 3788 Πιάμμωνος,
3113 3718 3426 3790 Ἰωάννου,
3464 3716 3768 3790 Βενιαμὶν,

2364 3791 2635 3858 Μάρκου,
2675 3791 2989 3858 Μακαρίου
3027 3789 3128 3844 καί
3161 3789 3601 3843 Ἀπολλωνίου.

2261 3905 2576 3973 Τηνικαῦτα
2621 3905 2679 3959 δὲ
2727 3905 2833 3958 ἀνὰ
2879 3905 2978 3974 τὴν
3025 3905 3438 3974 Ἀλεξάνδρειαν
3491 3903 3548 3959 ἓν
3578 3921 3637 3957 τε
3668 3905 3778 3966 τοῖς

2189 3997 2480 4066 ἐρημικοῖς
2507 3995 2870 4064 καλουμένοις
2907 3997 3000 4048 καὶ
3033 3996 3160 4066 περὶ
3196 3995 3287 4048 τὸν
3316 3993 3644 4064 Μαρεώτην,
3684 3996 3777 4047 καὶ

2189 4087 2318 4148 τοὺς
2351 4087 2677 4154 ἑγγειτόνων
2705 4087 2936 4152 Λίῦυας,
2989 4086 3181 4139 πολλοὶ
3220 4087 3312 4137 καὶ
3365 4083 3560 4156 ἁγαθοὶ
3590 4083 3781 4150 ἄνδρες

2191 4179 2500 4241 σπουδαίως
2538 4179 2686 4247 μάλα
2719 4179 3102 4248 ἐφιλοσόφουν,
3137 4179 3284 4248 ἀμφὶ
3305 4177 3556 4246 δισχίλιοι
3593 4175 3775 4236 ὄντες·

2188 4271 2246 4324 ἐν
2284 4265 2366 4332 οἷς
2408 4265 2499 4324 οἷά
2552 4289 2637 4334 τις
2695 4272 2872 4342 ἀστὴρ
2911 4273 3185 4342 ἐπίσημος
3247 4271 3526 4341 Δωρόθεος
3576 4270 3782 4328 ἐκεῖνος

2189 4357 2506 4424 διέλαμπεν,
2535 4361 2600 4412 ἐκ
2629 4359 2824 4426 Θηϐῶν
2849 4360 2947 4430 μὲν
2973 4359 3318 4429 ὁρμώμενος.
3347 4363 3388 4411 υ
3417 4357 3471 4410 δὲ
3497 4357 3606 4428 βῖος
3632 4353 3778 4420 αύτῷ

2188 4447 2490 4522 ἦνὴμέρας
2539 4449 2640 4520 μὲν
2671 4449 2852 4512 λίθους
2890 4452 2954 4501 ὲκ
3002 4452 3101 4518 τῆς
3134 4448 3308 4510 πέλας
3345 4446 3625 4514 θαλάσσης
3657 4443 3780 4496 συλ-

2189 4544 2394 4613 λέγειν,
2420 4545 2514 4598 καὶ
2545 4543 2771 4596 οἰκίδ.ον
2811 4543 3030 4612 ἑκάστῳ
3068 4539 3178 4594 έτει
3201 4540 3532 4608 οἰκοδομεῖν,
3557 4539 3778 4591 κάκεῖνο

2189 4637 2282 4706 ὲᾷν
2316 4635 2394 4704 τῷ
2429 4635 2504 4704 μὴ
2533 4633 2819 4704 δυναμένῳ
2849 4633 3058 4696 κτίζειν
3079 4649 3090 4661 ·
3137 4629 3356 4699 νύκτωρ
3385 4627 3442 4682 δὲ
3471 4626 3659 4696 σειρὰς
3716 4627 3780 4679 ὲκ

2192 4731 2408 4799 φύλλων
2435 4727 2680 4796 φοίνικος
2707 4726 2952 4789 πλέκειν,
2977 4727 3073 4778 καὶ
3117 4723 3385 4793 σπυρίδας
3422 4723 3622 4791 ἐργὰζε
3637 4721 3774 4774 σθαι.

2195 4821 2295 4886 Ἐξ
2329 4821 2374 4874 δ’
2407 4819 2628 4888 οὑγγιαι
2655 4819 2821 4886 ἄρτου
2854 4813 2922 4888 ἦν
2958 4815 3108 4886 αὐτῷ
3139 4817 3174 4886 ἡ
3222 4813 3424 4884 τροφὴ,
3461 4812 3558 4866 καὶ
3588 4811 3780 4865 ἀπόδε-

2193 4932 2328 4985 σμος
2367 4913 2620 4982 λαχάνων
2646 4909 2883 4968 λεπτῶν,
2910 4907 3005 4961 καὶ
3035 4907 3182 4975 ὕδωρ
3217 4907 3398 4960 ποτόν.
3445 4904 3540 4956 Ἐκ
3572 4906 3691 4956 νέου
3720 4901 3777 4954 δὲ

2189 5007 2290 5078 τὴν
2329 5004 2589 5074 τοιαύτην
2651 5004 3044 5071 ἀσπασάμενος
3105 5001 3344 5064 διαιταν,
3385 4997 3559 5069 ταύτῃ
3610 4997 3776 5062 συνῆν

2188 5101 2294 5154 ἀεί.
2329 5098 2550 5168 Καίπερ
2573 5097 2630 5150 δὲ
2661 5097 2742 5158 εἰς
2770 5094 2906 5164 βαθὺ
2940 5095 3114 5165 γῆρας
3141 5092 3364 5159 ἐλάσας,
3390 5091 3513 5144 οὐδέ
3547 5087 3666 5145 ποτ’
3683 5089 3775 5140 ἐπὶ

2191 5188 2351 5260 ῥιπὸς
2404 5187 2436 5256 ἢ
2468 5186 2658 5254 κλίνης
2722 5182 3068 5253 καθευδήσας
3102 5181 3347 5251 ἑωράθη,
3371 5179 3406 5251 ἢ
3453 5182 3582 5244 τοὺς
3614 5179 3778 5239 πόδας

2191 5279 2277 5332 ἐπ’
2305 5280 2488 5333 ἀνέσει
2519 5278 2682 5350 δῆθεν
2715 5277 2984 5342 ἐκτείνας,
3036 5277 3067 5346 ἦ
3102 5275 3246 5328 ἑκὼν
3275 5275 3468 5328 ὲλυτῖιν
3497 5276 3575 5337 είς
3611 5269 3777 5326 ὕπνον

2192 5373 2412 5444 τρίψας·
2437 5373 2469 5443 ἦ
2491 5373 2601 5442 γὰρ
2629 5372 3008 5440 ἐργαζομένῳ,
3040 5373 3074 5443 ἦ
3105 5372 3200 5424 καὶ
3231 5369 3490 5434 πολλάκις
3517 5369 3772 5432 ἐσθίοντι,

2199 5465 2340 5532 μετὰ
2381 5459 2580 5530 πολλῆς
2605 5459 2724 5531 βίας
2751 5461 2778 5511 ὁ
2805 5457 2970 5522 ὕπνος
2997 5459 3147 5529 αὐτῴ
3173 5461 3454 5530 ἐπεχεῖτο,
3483 5460 3578 5510 ἐπὶ
3597 5460 3774 5523 τόσον,

2193 5551 2318 5608 ὅσον
2351 5553 2519 5623 μῦσαι
2545 5556 2671 5617 τοὺς
2703 5553 3017 5622 ὀφθαλμούς
3046 5569 3062 5583 °
3087 5555 3163 5616 ὡς
3203 5552 3464 5617 πολλάκις
3501 5551 3776 5608 ἐσθίοντος

2193 5649 2258 5716 τῇ
2287 5648 2380 5699 τοῦ
2416 5646 2585 5700 ’ύπνου
2625 5646 2716 5716 βίᾳ
2745 5647 2842 5716 τὴν
2873 5647 3080 5717 τροφὴν
3119 5647 3409 5700 ἐκπίπτειν
3437 5645 3530 5699 τοῦ
3567 5645 3773 5716 στόμα-

2193 5757 2305 5801 τος.
2353 5741 2462 5792 Καί
2521 5739 2640 5791 ποτ’
2697 5740 2930 5810 ἀμέτρῳ
2987 5739 3078 5808 βίᾳ
3138 5738 3214 5808 τῷ
3248 5739 3401 5806 ὕπνῳ
3444 5739 3771 5807 κατάσχετος

2195 5850 2325 5902 γεγο
2345 5831 2456 5894 ίὼς,
2486 5833 2575 5884 ἐπὶ
2602 5833 2758 5900 ῥιπὶς
2809 5831 2988 5886 πεσὼν
3016 5827 3194 5884 ἔλαθε.
3225 5830 3399 5886 Πολλὰ
3427 5827 3470 5884 δ’
3498 5831 3587 5884 ἐπὶ
3605 5846 3774 5892 τοδτῳ
