  <div class='ocr_page' id='page_1' title='image "/cluster/home/n/w/nwhite01/storage/ocr_20150623/146:no.2/coo.31924054870518/357.png"; bbox 0 0 4056 6432; ppageno 0'>
   <div class='ocr_carea' id='block_1_1' title="bbox 405 320 515 385">
    <p class='ocr_par' dir='ltr' id='par_1_1' title="bbox 405 320 515 385">
     <span class='ocr_line' id='line_1_1' title="bbox 405 320 515 385; baseline 0.018 -2"><span class='ocrx_word' id='word_1_1' title='bbox 405 320 515 385; x_wconf 76' lang='grc' dir='ltr'><strong>εοο</strong></span> 
     </span>
    </p>
   </div>
   <div class='ocr_carea' id='block_1_2' title="bbox 1634 319 2443 384">
    <p class='ocr_par' dir='ltr' id='par_1_2' title="bbox 1634 319 2443 384">
     <span class='ocr_line' id='line_1_2' title="bbox 1634 319 2443 384; baseline 0 -4"><span class='ocrx_word' id='word_1_2' title='bbox 1634 319 2055 383; x_wconf 81' lang='lat' dir='ltr'><strong>NICEPHORI</strong></span> <span class='ocrx_word' id='word_1_3' title='bbox 2096 321 2443 384; x_wconf 82' lang='lat' dir='ltr'><strong>CALLlSTI</strong></span> 
     </span>
    </p>
   </div>
   <div class='ocr_carea' id='block_1_3' title="bbox 3567 313 3671 377">
    <p class='ocr_par' dir='ltr' id='par_1_3' title="bbox 3567 313 3671 377">
     <span class='ocr_line' id='line_1_3' title="bbox 3567 313 3671 377; baseline 0 0"><span class='ocrx_word' id='word_1_4' title='bbox 3567 313 3671 377; x_wconf 70' lang='grc' dir='ltr'><strong>τοο</strong></span> 
     </span>
    </p>
   </div>
   <div class='ocr_carea' id='block_1_4' title="bbox 401 433 1994 510">
    <p class='ocr_par' dir='ltr' id='par_1_4' title="bbox 401 436 1994 509">
     <span class='ocr_line' id='line_1_4' title="bbox 401 436 1994 509; baseline 0.001 -18"><span class='ocrx_word' id='word_1_5' title='bbox 401 452 529 507; x_wconf 66' lang='lat' dir='ltr'><strong>qua:</strong></span> <span class='ocrx_word' id='word_1_6' title='bbox 557 436 624 493; x_wconf 81' lang='lat' dir='ltr'><strong>iis</strong></span> <span class='ocrx_word' id='word_1_7' title='bbox 652 438 744 509; x_wconf 90' lang='lat' dir='ltr'><strong>qui</strong></span> <span class='ocrx_word' id='word_1_8' title='bbox 771 438 943 495; x_wconf 89' lang='lat' dir='ltr'><strong>sacris</strong></span> <span class='ocrx_word' id='word_1_9' title='bbox 971 438 1170 495; x_wconf 90' lang='lat' dir='ltr'><strong>initiati</strong></span> <span class='ocrx_word' id='word_1_10' title='bbox 1192 447 1337 497; x_wconf 82' lang='lat' dir='ltr'><strong>sunt.</strong></span> <span class='ocrx_word' id='word_1_11' title='bbox 1372 453 1404 494; x_wconf 85' lang='lat' dir='ltr'><strong>a</strong></span> <span class='ocrx_word' id='word_1_12' title='bbox 1439 441 1819 495; x_wconf 70' lang='lat' dir='ltr'><strong>sacerdotibus</strong></span> <span class='ocrx_word' id='word_1_13' title='bbox 1847 441 1994 495; x_wconf 83' lang='lat' dir='ltr'><strong>acel-</strong></span> 
     </span>
    </p>
   </div>
   <div class='ocr_carea' id='block_1_5' title="bbox 2101 433 3668 510">
    <p class='ocr_par' dir='ltr' id='par_1_5' title="bbox 2101 433 3668 510">
     <span class='ocr_line' id='line_1_5' title="bbox 2101 433 3668 510; baseline -0.003 -18"><span class='ocrx_word' id='word_1_14' title='bbox 2101 440 2301 510; x_wconf 83' lang='grc' dir='ltr'>λαχὼν,</span> <span class='ocrx_word' id='word_1_15' title='bbox 2334 439 2428 492; x_wconf 73' lang='grc' dir='ltr'>ιτει</span> <span class='ocrx_word' id='word_1_16' title='bbox 2484 436 2673 510; x_wconf 82' lang='grc' dir='ltr'>παιδιᾷ</span> <span class='ocrx_word' id='word_1_17' title='bbox 2720 436 2832 491; x_wconf 84' lang='grc' dir='ltr'><strong>τῶν</strong></span> <span class='ocrx_word' id='word_1_18' title='bbox 2865 453 2988 491; x_wconf 90' lang='grc' dir='ltr'>τινα</span> <span class='ocrx_word' id='word_1_19' title='bbox 3026 433 3307 507; x_wconf 78' lang='grc' dir='ltr'><strong>ὁμηλίκων</strong></span> <span class='ocrx_word' id='word_1_20' title='bbox 3340 433 3630 488; x_wconf 84' lang='grc' dir='ltr'>ἀπέκτεινε</span> <span class='ocrx_word' id='word_1_21' title='bbox 3654 453 3668 467; x_wconf 89' lang='grc'><strong>·</strong></span> 
     </span>
    </p>
   </div>
   <div class='ocr_carea' id='block_1_6' title="bbox 403 529 1982 601">
    <p class='ocr_par' dir='ltr' id='par_1_6' title="bbox 403 529 1982 601">
     <span class='ocr_line' id='line_1_6' title="bbox 403 529 1982 601; baseline 0.003 -18"><span class='ocrx_word' id='word_1_22' title='bbox 403 544 537 598; x_wconf 82' lang='lat' dir='ltr'><strong>pere</strong></span> <span class='ocrx_word' id='word_1_23' title='bbox 569 529 654 585; x_wconf 77' lang='lat' dir='ltr'><strong>fas</strong></span> <span class='ocrx_word' id='word_1_24' title='bbox 685 539 809 598; x_wconf 90' lang='lat' dir='ltr'><strong>est,</strong></span> <span class='ocrx_word' id='word_1_25' title='bbox 845 529 941 586; x_wconf 88' lang='lat' dir='ltr'><strong>sed</strong></span> <span class='ocrx_word' id='word_1_26' title='bbox 975 530 1242 601; x_wconf 77' lang='lat' dir='ltr'><strong>angelum</strong></span> <span class='ocrx_word' id='word_1_27' title='bbox 1285 530 1713 587; x_wconf 90' lang='lat' dir='ltr'><strong>descendentem</strong></span> <span class='ocrx_word' id='word_1_28' title='bbox 1767 533 1819 587; x_wconf 92' lang='lat' dir='ltr'><strong>ei</strong></span> <span class='ocrx_word' id='word_1_29' title='bbox 1849 531 1982 587; x_wconf 89' lang='lat' dir='ltr'><strong>dare</strong></span> 
     </span>
    </p>
   </div>
   <div class='ocr_carea' id='block_1_7' title="bbox 402 620 1982 693">
    <p class='ocr_par' dir='ltr' id='par_1_7' title="bbox 402 620 1982 693">
     <span class='ocr_line' id='line_1_7' title="bbox 402 620 1982 693; baseline 0.001 -18"><span class='ocrx_word' id='word_1_30' title='bbox 402 620 628 676; x_wconf 85' lang='lat' dir='ltr'><strong>solitum</strong></span> <span class='ocrx_word' id='word_1_31' title='bbox 657 637 780 677; x_wconf 90' lang='lat' dir='ltr'><strong>esse</strong></span> <span class='ocrx_word' id='word_1_32' title='bbox 802 661 818 685; x_wconf 85' lang='lat'><strong>,</strong></span> <span class='ocrx_word' id='word_1_33' title='bbox 849 625 1009 693; x_wconf 77' lang='lat' dir='ltr'><strong>cujus</strong></span> <span class='ocrx_word' id='word_1_34' title='bbox 1043 637 1263 675; x_wconf 89' lang='lat' dir='ltr'><strong>manum</strong></span> <span class='ocrx_word' id='word_1_35' title='bbox 1297 623 1415 691; x_wconf 87' lang='lat' dir='ltr'><strong>ipse</strong></span> <span class='ocrx_word' id='word_1_36' title='bbox 1447 638 1621 692; x_wconf 88' lang='lat' dir='ltr'><strong>usque</strong></span> <span class='ocrx_word' id='word_1_37' title='bbox 1658 623 1724 677; x_wconf 88' lang='lat' dir='ltr'><strong>ad</strong></span> <span class='ocrx_word' id='word_1_38' title='bbox 1749 624 1982 693; x_wconf 85' lang='lat' dir='ltr'><strong>junctu-</strong></span> 
     </span>
    </p>
   </div>
   <div class='ocr_carea' id='block_1_8' title="bbox 403 711 1983 780">
    <p class='ocr_par' dir='ltr' id='par_1_8' title="bbox 403 711 1983 780">
     <span class='ocr_line' id='line_1_8' title="bbox 403 711 1983 780; baseline 0.001 -15"><span class='ocrx_word' id='word_1_39' title='bbox 403 727 522 766; x_wconf 89' lang='lat' dir='ltr'><strong>ram</strong></span> <span class='ocrx_word' id='word_1_40' title='bbox 554 712 677 780; x_wconf 87' lang='lat' dir='ltr'><strong>ejus</strong></span> <span class='ocrx_word' id='word_1_41' title='bbox 704 713 927 777; x_wconf 90' lang='lat' dir='ltr'><strong>viderit,</strong></span> <span class='ocrx_word' id='word_1_42' title='bbox 957 711 1270 767; x_wconf 80' lang='lat' dir='ltr'><strong>aﬂirmavit.</strong></span> <span class='ocrx_word' id='word_1_43' title='bbox 1308 713 1548 768; x_wconf 82' lang='lat' dir='ltr'><strong>Macario</strong></span> <span class='ocrx_word' id='word_1_44' title='bbox 1583 725 1768 768; x_wconf 87' lang='lat' dir='ltr'><strong>autem</strong></span> <span class='ocrx_word' id='word_1_45' title='bbox 1805 714 1983 767; x_wconf 85' lang='lat' dir='ltr'><strong>honor</strong></span> 
     </span>
    </p>
   </div>
   <div class='ocr_carea' id='block_1_9' title="bbox 404 804 1984 876">
    <p class='ocr_par' dir='ltr' id='par_1_9' title="bbox 404 804 1984 876">
     <span class='ocr_line' id='line_1_9' title="bbox 404 804 1984 876; baseline 0.001 -19"><span class='ocrx_word' id='word_1_46' title='bbox 404 804 496 860; x_wconf 88' lang='lat' dir='ltr'><strong>ille</strong></span> <span class='ocrx_word' id='word_1_47' title='bbox 519 821 547 861; x_wconf 91' lang='lat' dir='ltr'><strong>a</strong></span> <span class='ocrx_word' id='word_1_48' title='bbox 573 804 683 860; x_wconf 89' lang='lat' dir='ltr'><strong>Deo</strong></span> <span class='ocrx_word' id='word_1_49' title='bbox 704 805 920 876; x_wconf 74' lang='lat' dir='ltr'><strong>obtigit,</strong></span> <span class='ocrx_word' id='word_1_50' title='bbox 949 815 1008 860; x_wconf 93' lang='lat' dir='ltr'><strong>ut</strong></span> <span class='ocrx_word' id='word_1_51' title='bbox 1030 805 1376 861; x_wconf 64' lang='lat' dir='ltr'><strong>dmmonibus</strong></span> <span class='ocrx_word' id='word_1_52' title='bbox 1404 806 1727 876; x_wconf 80' lang='lat' dir='ltr'><strong>imperaret.</strong></span> <span class='ocrx_word' id='word_1_53' title='bbox 1752 805 1984 860; x_wconf 81' lang='lat' dir='ltr'><strong>Occasio</strong></span> 
     </span>
    </p>
   </div>
   <div class='ocr_carea' id='block_1_10' title="bbox 401 897 1987 969">
    <p class='ocr_par' dir='ltr' id='par_1_10' title="bbox 401 897 1987 969">
     <span class='ocr_line' id='line_1_10' title="bbox 401 897 1987 969; baseline 0.001 -18"><span class='ocrx_word' id='word_1_54' title='bbox 401 897 452 951; x_wconf 93' lang='lat' dir='ltr'><strong>ei</strong></span> <span class='ocrx_word' id='word_1_55' title='bbox 497 906 553 951; x_wconf 87' lang='lat' dir='ltr'><strong>et</strong></span> <span class='ocrx_word' id='word_1_56' title='bbox 585 912 787 963; x_wconf 89' lang='lat' dir='ltr'><strong>causa,</strong></span> <span class='ocrx_word' id='word_1_57' title='bbox 822 908 881 953; x_wconf 92' lang='lat' dir='ltr'><strong>ut</strong></span> <span class='ocrx_word' id='word_1_58' title='bbox 927 899 1183 954; x_wconf 73' lang='lat' dir='ltr'><strong>monastii</strong></span> <span class='ocrx_word' id='word_1_59' title='bbox 1204 915 1291 952; x_wconf 90' lang='lat' dir='ltr'><strong>am</strong></span> <span class='ocrx_word' id='word_1_60' title='bbox 1339 898 1747 969; x_wconf 78' lang='lat' dir='ltr'><strong>philosophiam</strong></span> <span class='ocrx_word' id='word_1_61' title='bbox 1788 913 1987 968; x_wconf 82' lang='lat' dir='ltr'><strong>seque-</strong></span> 
     </span>
    </p>
   </div>
   <div class='ocr_carea' id='block_1_11' title="bbox 406 988 1985 1061">
    <p class='ocr_par' dir='ltr' id='par_1_11' title="bbox 406 988 1985 1061">
     <span class='ocr_line' id='line_1_11' title="bbox 406 988 1985 1061; baseline 0.002 -19"><span class='ocrx_word' id='word_1_62' title='bbox 406 1000 582 1051; x_wconf 84' lang='lat' dir='ltr'><strong>retur,</strong></span> <span class='ocrx_word' id='word_1_63' title='bbox 631 988 735 1043; x_wconf 78' lang='lat' dir='ltr'><strong>fuit</strong></span> <span class='ocrx_word' id='word_1_64' title='bbox 763 990 942 1047; x_wconf 69' lang='lat' dir='ltr'><strong>cmdes</strong></span> <span class='ocrx_word' id='word_1_65' title='bbox 965 1032 978 1054; x_wconf 90' lang='lat'><strong>,</strong></span> <span class='ocrx_word' id='word_1_66' title='bbox 1006 1007 1171 1060; x_wconf 91' lang='lat' dir='ltr'><strong>quam</strong></span> <span class='ocrx_word' id='word_1_67' title='bbox 1213 991 1523 1045; x_wconf 88' lang='lat' dir='ltr'><strong>inconsulto</strong></span> <span class='ocrx_word' id='word_1_68' title='bbox 1556 992 1810 1061; x_wconf 76' lang='lat' dir='ltr'><strong>patravit.</strong></span> <span class='ocrx_word' id='word_1_69' title='bbox 1848 992 1985 1045; x_wconf 74' lang='lat' dir='ltr'><strong>Cum</strong></span> 
     </span>
    </p>
   </div>
   <div class='ocr_carea' id='block_1_12' title="bbox 399 1076 1985 1147">
    <p class='ocr_par' dir='ltr' id='par_1_12' title="bbox 399 1076 1985 1147">
     <span class='ocr_line' id='line_1_12' title="bbox 399 1076 1985 1147; baseline 0.004 -18"><span class='ocrx_word' id='word_1_70' title='bbox 399 1076 547 1130; x_wconf 86' lang='lat' dir='ltr'><strong>enim</strong></span> <span class='ocrx_word' id='word_1_71' title='bbox 574 1078 683 1147; x_wconf 83' lang='lat' dir='ltr'><strong>jam</strong></span> <span class='ocrx_word' id='word_1_72' title='bbox 715 1079 1169 1135; x_wconf 88' lang='lat' dir='ltr'><strong>adolescentulus</strong></span> <span class='ocrx_word' id='word_1_73' title='bbox 1197 1090 1367 1144; x_wconf 89' lang='lat' dir='ltr'><strong>esset,</strong></span> <span class='ocrx_word' id='word_1_74' title='bbox 1397 1091 1456 1135; x_wconf 90' lang='lat' dir='ltr'><strong>et</strong></span> <span class='ocrx_word' id='word_1_75' title='bbox 1491 1096 1625 1135; x_wconf 84' lang='lat' dir='ltr'><strong>oves</strong></span> <span class='ocrx_word' id='word_1_76' title='bbox 1659 1081 1724 1134; x_wconf 91' lang='lat' dir='ltr'><strong>ad</strong></span> <span class='ocrx_word' id='word_1_77' title='bbox 1756 1081 1985 1135; x_wconf 72' lang='lat' dir='ltr'><strong>Mariam</strong></span> 
     </span>
    </p>
   </div>
   <div class='ocr_carea' id='block_1_13' title="bbox 400 1168 1984 1243">
    <p class='ocr_par' dir='ltr' id='par_1_13' title="bbox 400 1168 1984 1243">
     <span class='ocr_line' id='line_1_13' title="bbox 400 1168 1984 1243; baseline 0.006 -23"><span class='ocrx_word' id='word_1_78' title='bbox 400 1168 580 1223; x_wconf 89' lang='lat' dir='ltr'><strong>lacum</strong></span> <span class='ocrx_word' id='word_1_79' title='bbox 617 1180 888 1240; x_wconf 87' lang='lat' dir='ltr'><strong>pasceret,</strong></span> <span class='ocrx_word' id='word_1_80' title='bbox 923 1172 978 1227; x_wconf 89' lang='lat' dir='ltr'><strong>in</strong></span> <span class='ocrx_word' id='word_1_81' title='bbox 1018 1172 1150 1227; x_wconf 88' lang='lat' dir='ltr'><strong>ludo</strong></span> <span class='ocrx_word' id='word_1_82' title='bbox 1174 1174 1445 1241; x_wconf 66' lang='lat' dir='ltr'><strong>aequalem</strong></span> <span class='ocrx_word' id='word_1_83' title='bbox 1482 1174 1777 1243; x_wconf 82' lang='lat' dir='ltr'><strong>quemdam</strong></span> <span class='ocrx_word' id='word_1_84' title='bbox 1818 1190 1984 1230; x_wconf 84' lang='lat' dir='ltr'><strong>suum</strong></span> 
     </span>
    </p>
   </div>
   <div class='ocr_carea' id='block_1_14' title="bbox 403 1260 1987 1333">
    <p class='ocr_par' dir='ltr' id='par_1_14' title="bbox 403 1260 1987 1333">
     <span class='ocr_line' id='line_1_14' title="bbox 403 1260 1987 1333; baseline 0.006 -21"><span class='ocrx_word' id='word_1_85' title='bbox 403 1260 688 1316; x_wconf 89' lang='lat' dir='ltr'><strong>interemit</strong></span> <span class='ocrx_word' id='word_1_86' title='bbox 721 1283 733 1316; x_wconf 87' lang='lat'><strong>:</strong></span> <span class='ocrx_word' id='word_1_87' title='bbox 768 1279 986 1333; x_wconf 79' lang='lat' dir='ltr'><strong>poenam</strong></span> <span class='ocrx_word' id='word_1_88' title='bbox 1014 1272 1196 1318; x_wconf 86' lang='lat' dir='ltr'><strong>autem</strong></span> <span class='ocrx_word' id='word_1_89' title='bbox 1230 1264 1417 1319; x_wconf 88' lang='lat' dir='ltr'><strong>delicti</strong></span> <span class='ocrx_word' id='word_1_90' title='bbox 1446 1265 1665 1330; x_wconf 89' lang='lat' dir='ltr'><strong>timens,</strong></span> <span class='ocrx_word' id='word_1_91' title='bbox 1702 1266 1756 1319; x_wconf 88' lang='lat' dir='ltr'><strong>in</strong></span> <span class='ocrx_word' id='word_1_92' title='bbox 1787 1266 1987 1321; x_wconf 91' lang='lat' dir='ltr'><strong>solitu-</strong></span> 
     </span>
    </p>
   </div>
   <div class='ocr_carea' id='block_1_15' title="bbox 404 1350 1988 1428">
    <p class='ocr_par' dir='ltr' id='par_1_15' title="bbox 404 1350 1988 1428">
     <span class='ocr_line' id='line_1_15' title="bbox 404 1350 1988 1428; baseline 0.005 -24"><span class='ocrx_word' id='word_1_93' title='bbox 404 1350 590 1407; x_wconf 90' lang='lat' dir='ltr'><strong>dinem</strong></span> <span class='ocrx_word' id='word_1_94' title='bbox 618 1353 859 1424; x_wconf 75' lang='lat' dir='ltr'><strong>profugit</strong></span> <span class='ocrx_word' id='word_1_95' title='bbox 886 1373 900 1409; x_wconf 91' lang='lat'><strong>:</strong></span> <span class='ocrx_word' id='word_1_96' title='bbox 932 1364 989 1411; x_wconf 90' lang='lat' dir='ltr'><strong>et</strong></span> <span class='ocrx_word' id='word_1_97' title='bbox 1019 1356 1124 1411; x_wconf 88' lang='lat' dir='ltr'><strong>sub</strong></span> <span class='ocrx_word' id='word_1_98' title='bbox 1157 1356 1250 1410; x_wconf 93' lang='lat' dir='ltr'><strong>dio</strong></span> <span class='ocrx_word' id='word_1_99' title='bbox 1274 1357 1347 1410; x_wconf 85' lang='lat' dir='ltr'><strong>ibi</strong></span> <span class='ocrx_word' id='word_1_100' title='bbox 1377 1373 1569 1427; x_wconf 77' lang='lat' dir='ltr'><strong>agens,</strong></span> <span class='ocrx_word' id='word_1_101' title='bbox 1599 1367 1787 1427; x_wconf 82' lang='lat' dir='ltr'><strong>postea</strong></span> <span class='ocrx_word' id='word_1_102' title='bbox 1823 1367 1988 1428; x_wconf 80' lang='lat' dir='ltr'><strong>lngu-</strong></span> 
     </span>
    </p>
   </div>
   <div class='ocr_carea' id='block_1_16' title="bbox 410 1444 1989 1520">
    <p class='ocr_par' dir='ltr' id='par_1_16' title="bbox 410 1444 1989 1520">
     <span class='ocr_line' id='line_1_16' title="bbox 410 1444 1989 1520; baseline 0.007 -26"><span class='ocrx_word' id='word_1_103' title='bbox 410 1447 559 1497; x_wconf 84' lang='lat' dir='ltr'><strong>rium</strong></span> <span class='ocrx_word' id='word_1_104' title='bbox 589 1444 696 1497; x_wconf 86' lang='lat' dir='ltr'><strong>sibi</strong></span> <span class='ocrx_word' id='word_1_105' title='bbox 729 1461 960 1514; x_wconf 85' lang='lat' dir='ltr'><strong>parvunt</strong></span> <span class='ocrx_word' id='word_1_106' title='bbox 991 1447 1266 1514; x_wconf 82' lang='lat' dir='ltr'><strong>condidit,</strong></span> <span class='ocrx_word' id='word_1_107' title='bbox 1299 1449 1353 1503; x_wconf 90' lang='lat' dir='ltr'><strong>in</strong></span> <span class='ocrx_word' id='word_1_108' title='bbox 1379 1464 1489 1519; x_wconf 91' lang='lat' dir='ltr'><strong>quo</strong></span> <span class='ocrx_word' id='word_1_109' title='bbox 1517 1449 1710 1519; x_wconf 80' lang='lat' dir='ltr'><strong>viginti</strong></span> <span class='ocrx_word' id='word_1_110' title='bbox 1743 1451 1989 1520; x_wconf 85' lang='lat' dir='ltr'><strong>quinque</strong></span> 
     </span>
    </p>
   </div>
   <div class='ocr_carea' id='block_1_17' title="bbox 408 1534 1984 1612">
    <p class='ocr_par' dir='ltr' id='par_1_17' title="bbox 408 1534 1984 1612">
     <span class='ocr_line' id='line_1_17' title="bbox 408 1534 1984 1612; baseline 0.008 -26"><span class='ocrx_word' id='word_1_111' title='bbox 408 1534 571 1588; x_wconf 83' lang='lat' dir='ltr'><strong>annis</strong></span> <span class='ocrx_word' id='word_1_112' title='bbox 600 1536 757 1589; x_wconf 90' lang='lat' dir='ltr'><strong>vixit.</strong></span> <span class='ocrx_word' id='word_1_113' title='bbox 787 1537 843 1590; x_wconf 84' lang='lat' dir='ltr'><strong>In</strong></span> <span class='ocrx_word' id='word_1_114' title='bbox 873 1553 938 1593; x_wconf 89' lang='lat' dir='ltr'><strong>eo</strong></span> <span class='ocrx_word' id='word_1_115' title='bbox 966 1539 1092 1595; x_wconf 74' lang='lat' dir='ltr'><strong>vita:</strong></span> <span class='ocrx_word' id='word_1_116' title='bbox 1112 1540 1361 1595; x_wconf 62' lang='lat' dir='ltr'><strong>iusiituto</strong></span> <span class='ocrx_word' id='word_1_117' title='bbox 1387 1557 1610 1612; x_wconf 79' lang='lat' dir='ltr'><strong>magnas</strong></span> <span class='ocrx_word' id='word_1_118' title='bbox 1636 1541 1742 1596; x_wconf 88' lang='lat' dir='ltr'><strong>Deo</strong></span> <span class='ocrx_word' id='word_1_119' title='bbox 1764 1542 1832 1597; x_wconf 90' lang='lat' dir='ltr'><strong>de</strong></span> <span class='ocrx_word' id='word_1_120' title='bbox 1856 1558 1984 1598; x_wconf 87' lang='lat' dir='ltr'><strong>casu</strong></span> 
     </span>
    </p>
   </div>
   <div class='ocr_carea' id='block_1_18' title="bbox 409 1625 1985 1701">
    <p class='ocr_par' dir='ltr' id='par_1_18' title="bbox 409 1625 1985 1701">
     <span class='ocr_line' id='line_1_18' title="bbox 409 1625 1985 1701; baseline 0.007 -25"><span class='ocrx_word' id='word_1_121' title='bbox 409 1638 513 1676; x_wconf 87' lang='lat' dir='ltr'><strong>suo</strong></span> <span class='ocrx_word' id='word_1_122' title='bbox 555 1625 667 1692; x_wconf 67' lang='lat' dir='ltr'><strong>egit</strong></span> <span class='ocrx_word' id='word_1_123' title='bbox 710 1631 948 1696; x_wconf 78' lang='lat' dir='ltr'><strong>gratias,</strong></span> <span class='ocrx_word' id='word_1_124' title='bbox 1002 1631 1323 1701; x_wconf 77' lang='lat' dir='ltr'><strong>caedemque</strong></span> <span class='ocrx_word' id='word_1_125' title='bbox 1364 1648 1484 1686; x_wconf 75' lang='lat' dir='ltr'><strong>eam</strong></span> <span class='ocrx_word' id='word_1_126' title='bbox 1537 1632 1836 1688; x_wconf 80' lang='lat' dir='ltr'><strong>salutarem</strong></span> <span class='ocrx_word' id='word_1_127' title='bbox 1881 1634 1985 1687; x_wconf 90' lang='lat' dir='ltr'><strong>sibi</strong></span> 
     </span>
    </p>
   </div>
   <div class='ocr_carea' id='block_1_19' title="bbox 409 1715 1986 1796">
    <p class='ocr_par' dir='ltr' id='par_1_19' title="bbox 409 1715 1986 1796">
     <span class='ocr_line' id='line_1_19' title="bbox 409 1715 1986 1796; baseline 0.009 -30"><span class='ocrx_word' id='word_1_128' title='bbox 409 1728 532 1767; x_wconf 86' lang='lat' dir='ltr'><strong>esse</strong></span> <span class='ocrx_word' id='word_1_129' title='bbox 563 1715 722 1783; x_wconf 82' lang='lat' dir='ltr'><strong>dixit,</strong></span> <span class='ocrx_word' id='word_1_130' title='bbox 755 1719 1009 1776; x_wconf 87' lang='lat' dir='ltr'><strong>videlicet</strong></span> <span class='ocrx_word' id='word_1_131' title='bbox 1042 1724 1188 1790; x_wconf 87' lang='lat' dir='ltr'><strong>qttod</strong></span> <span class='ocrx_word' id='word_1_132' title='bbox 1220 1738 1281 1774; x_wconf 82' lang='lat' dir='ltr'><strong>ea</strong></span> <span class='ocrx_word' id='word_1_133' title='bbox 1320 1723 1427 1777; x_wconf 91' lang='lat' dir='ltr'><strong>sibi</strong></span> <span class='ocrx_word' id='word_1_134' title='bbox 1461 1723 1828 1795; x_wconf 64' lang='lat' dir='ltr'><strong>philosophiae</strong></span> <span class='ocrx_word' id='word_1_135' title='bbox 1863 1726 1986 1796; x_wconf 74' lang='lat' dir='ltr'><strong>ejus</strong></span> 
     </span>
    </p>
   </div>
   <div class='ocr_carea' id='block_1_20' title="bbox 2094 526 3671 600">
    <p class='ocr_par' dir='ltr' id='par_1_20' title="bbox 2094 526 3671 600">
     <span class='ocr_line' id='line_1_20' title="bbox 2094 526 3671 600; baseline -0.003 -15"><span class='ocrx_word' id='word_1_136' title='bbox 2094 532 2281 594; x_wconf 72' lang='grc' dir='ltr'>δείσας</span> <span class='ocrx_word' id='word_1_137' title='bbox 2312 531 2369 584; x_wconf 81' lang='grc' dir='ltr'>δὲ</span> <span class='ocrx_word' id='word_1_138' title='bbox 2397 529 2456 583; x_wconf 58' lang='lat' dir='ltr'><strong>si</strong></span> <span class='ocrx_word' id='word_1_139' title='bbox 2508 530 2668 600; x_wconf 88' lang='grc' dir='ltr'>δίκην</span> <span class='ocrx_word' id='word_1_140' title='bbox 2728 529 2935 594; x_wconf 78' lang='grc' dir='ltr'>δοῦναι,</span> <span class='ocrx_word' id='word_1_141' title='bbox 2966 530 3072 585; x_wconf 74' lang='grc' dir='ltr'>ἀνὰ</span> <span class='ocrx_word' id='word_1_142' title='bbox 3109 527 3208 599; x_wconf 76' lang='grc' dir='ltr'>τὴν</span> <span class='ocrx_word' id='word_1_143' title='bbox 3258 526 3466 597; x_wconf 71' lang='grc' dir='ltr'>ἔρημον</span> <span class='ocrx_word' id='word_1_144' title='bbox 3494 530 3671 596; x_wconf 70' lang='grc' dir='ltr'>φυγὰς</span> 
     </span>
    </p>
   </div>
   <div class='ocr_carea' id='block_1_21' title="bbox 2091 617 3670 694">
    <p class='ocr_par' dir='ltr' id='par_1_21' title="bbox 2091 617 3670 694">
     <span class='ocr_line' id='line_1_21' title="bbox 2091 617 3670 694; baseline -0.002 -19"><span class='ocrx_word' id='word_1_145' title='bbox 2091 619 2180 694; x_wconf 76' lang='grc' dir='ltr'>ἦν.</span> <span class='ocrx_word' id='word_1_146' title='bbox 2227 624 2317 675; x_wconf 85' lang='grc' dir='ltr'>Ἑν</span> <span class='ocrx_word' id='word_1_147' title='bbox 2343 622 2597 691; x_wconf 79' lang='grc' dir='ltr'>ὑπαίθρῳ</span> <span class='ocrx_word' id='word_1_148' title='bbox 2626 620 2672 675; x_wconf 82' lang='grc' dir='ltr'>δ’</span> <span class='ocrx_word' id='word_1_149' title='bbox 2704 623 2886 674; x_wconf 78' lang='grc' dir='ltr'><strong>ἐκεῖσε</strong></span> <span class='ocrx_word' id='word_1_150' title='bbox 2921 619 3149 687; x_wconf 80' lang='grc' dir='ltr'>διάγων,</span> <span class='ocrx_word' id='word_1_151' title='bbox 3181 617 3373 672; x_wconf 80' lang='grc' dir='ltr'>ἔπειτα</span> <span class='ocrx_word' id='word_1_152' title='bbox 3405 617 3578 688; x_wconf 82' lang='grc' dir='ltr'>βραχύ</span> <span class='ocrx_word' id='word_1_153' title='bbox 3617 636 3670 672; x_wconf 89' lang='grc' dir='ltr'><strong>τι</strong></span> 
     </span>
    </p>
   </div>
   <div class='ocr_carea' id='block_1_22' title="bbox 2091 704 3669 784">
    <p class='ocr_par' dir='ltr' id='par_1_22' title="bbox 2091 704 3669 784">
     <span class='ocr_line' id='line_1_22' title="bbox 2091 704 3669 784; baseline -0.003 -17"><span class='ocrx_word' id='word_1_154' title='bbox 2091 714 2313 768; x_wconf 76' lang='grc' dir='ltr'>οίκέδιον</span> <span class='ocrx_word' id='word_1_155' title='bbox 2335 713 2514 784; x_wconf 81' lang='grc' dir='ltr'>ἐαυτῷ</span> <span class='ocrx_word' id='word_1_156' title='bbox 2542 713 2952 766; x_wconf 64' lang='grc' dir='ltr'><strong>κατεσκεύασεν</strong></span> <span class='ocrx_word' id='word_1_157' title='bbox 2976 728 2992 741; x_wconf 78' lang='grc'><em>’</em></span> <span class='ocrx_word' id='word_1_158' title='bbox 3020 712 3081 765; x_wconf 79' lang='grc' dir='ltr'><strong>ἐν</strong></span> <span class='ocrx_word' id='word_1_159' title='bbox 3108 704 3154 780; x_wconf 77' lang='grc' dir='ltr'>ᾧ</span> <span class='ocrx_word' id='word_1_160' title='bbox 3193 710 3367 764; x_wconf 84' lang='grc' dir='ltr'>είκοσι</span> <span class='ocrx_word' id='word_1_161' title='bbox 3402 711 3538 781; x_wconf 74' lang='grc' dir='ltr'>πρδς</span> <span class='ocrx_word' id='word_1_162' title='bbox 3558 714 3669 773; x_wconf 78' lang='grc' dir='ltr'>τοῖς</span> 
     </span>
    </p>
   </div>
   <div class='ocr_carea' id='block_1_23' title="bbox 2093 804 3668 877">
    <p class='ocr_par' dir='ltr' id='par_1_23' title="bbox 2093 804 3668 877">
     <span class='ocr_line' id='line_1_23' title="bbox 2093 804 3668 877; baseline -0.002 -17"><span class='ocrx_word' id='word_1_163' title='bbox 2093 807 2256 861; x_wconf 82' lang='grc' dir='ltr'>πέντε</span> <span class='ocrx_word' id='word_1_164' title='bbox 2284 807 2466 860; x_wconf 75' lang='grc' dir='ltr'>διεϐίω</span> <span class='ocrx_word' id='word_1_165' title='bbox 2519 806 2634 873; x_wconf 78' lang='grc' dir='ltr'>ἔτη.</span> <span class='ocrx_word' id='word_1_166' title='bbox 2675 805 2992 875; x_wconf 79' lang='grc' dir='ltr'>Φιλοσοφῶν</span> <span class='ocrx_word' id='word_1_167' title='bbox 3044 804 3126 866; x_wconf 80' lang='grc' dir='ltr'>δέ.</span> <span class='ocrx_word' id='word_1_168' title='bbox 3159 805 3362 877; x_wconf 83' lang='grc' dir='ltr'>πολλὴν</span> <span class='ocrx_word' id='word_1_169' title='bbox 3399 804 3668 874; x_wconf 78' lang='grc' dir='ltr'><strong>ὡμολόγει</strong></span> 
     </span>
    </p>
   </div>
   <div class='ocr_carea' id='block_1_24' title="bbox 2093 894 3666 970">
    <p class='ocr_par' dir='ltr' id='par_1_24' title="bbox 2093 894 3666 970">
     <span class='ocr_line' id='line_1_24' title="bbox 2093 894 3666 970; baseline -0.004 -17"><span class='ocrx_word' id='word_1_170' title='bbox 2093 900 2256 970; x_wconf 81' lang='grc' dir='ltr'>χάριν</span> <span class='ocrx_word' id='word_1_171' title='bbox 2287 902 2352 969; x_wconf 83' lang='grc' dir='ltr'><strong>τῇ</strong></span> <span class='ocrx_word' id='word_1_172' title='bbox 2385 900 2668 970; x_wconf 77' lang='grc' dir='ltr'><strong>συμφορᾷ,</strong></span> <span class='ocrx_word' id='word_1_173' title='bbox 2699 903 2796 952; x_wconf 75' lang='grc' dir='ltr'><strong>καὶ</strong></span> <span class='ocrx_word' id='word_1_174' title='bbox 2834 898 2928 950; x_wconf 78' lang='grc' dir='ltr'>τὸν</span> <span class='ocrx_word' id='word_1_175' title='bbox 2964 897 3124 967; x_wconf 86' lang='grc' dir='ltr'>φόνον</span> <span class='ocrx_word' id='word_1_176' title='bbox 3165 897 3435 967; x_wconf 64' lang='grc' dir='ltr'>σωτήριον</span> <span class='ocrx_word' id='word_1_177' title='bbox 3460 894 3666 962; x_wconf 75' lang='grc' dir='ltr'>ἔλεγεν,</span> 
     </span>
    </p>
   </div>
   <div class='ocr_carea' id='block_1_25' title="bbox 2094 985 3667 1062">
    <p class='ocr_par' dir='ltr' id='par_1_25' title="bbox 2094 985 3667 1062">
     <span class='ocr_line' id='line_1_25' title="bbox 2094 985 3667 1062; baseline -0.004 -16"><span class='ocrx_word' id='word_1_178' title='bbox 2094 992 2191 1046; x_wconf 66' lang='grc' dir='ltr'>ἅτε</span> <span class='ocrx_word' id='word_1_179' title='bbox 2221 990 2368 1061; x_wconf 84' lang='grc' dir='ltr'><strong>αύτῷ</strong></span> <span class='ocrx_word' id='word_1_180' title='bbox 2398 989 2661 1062; x_wconf 77' lang='grc' dir='ltr'>πρόξενον</span> <span class='ocrx_word' id='word_1_181' title='bbox 2691 989 2791 1060; x_wconf 84' lang='grc' dir='ltr'>τῆς</span> <span class='ocrx_word' id='word_1_182' title='bbox 2832 987 3157 1057; x_wconf 77' lang='grc' dir='ltr'>φιλοσοφίας</span> <span class='ocrx_word' id='word_1_183' title='bbox 3196 988 3291 1041; x_wconf 73' lang='grc' dir='ltr'>καὶ</span> <span class='ocrx_word' id='word_1_184' title='bbox 3329 985 3423 1040; x_wconf 77' lang='grc' dir='ltr'>τοῦ</span> <span class='ocrx_word' id='word_1_185' title='bbox 3459 985 3667 1053; x_wconf 79' lang='grc' dir='ltr'>ἀγαθοῦ</span> 
     </span>
    </p>
   </div>
   <div class='ocr_carea' id='block_1_26' title="bbox 2097 1076 3672 1155">
    <p class='ocr_par' dir='ltr' id='par_1_26' title="bbox 2097 1076 3672 1155">
     <span class='ocr_line' id='line_1_26' title="bbox 2097 1076 3672 1155; baseline -0.005 -18"><span class='ocrx_word' id='word_1_186' title='bbox 2097 1083 2213 1155; x_wconf 81' lang='grc' dir='ltr'>βίου</span> <span class='ocrx_word' id='word_1_187' title='bbox 2261 1084 2658 1153; x_wconf 78' lang='grc' dir='ltr'><strong>γεγενημένον.</strong></span> <span class='ocrx_word' id='word_1_188' title='bbox 2695 1083 2757 1138; x_wconf 89' lang='lat'><strong>&#39;0</strong></span> <span class='ocrx_word' id='word_1_189' title='bbox 2809 1082 2869 1136; x_wconf 78' lang='grc' dir='ltr'>δὲ</span> <span class='ocrx_word' id='word_1_190' title='bbox 2910 1080 3270 1143; x_wconf 76' lang='grc' dir='ltr'>’Δπολλώνιος</span> <span class='ocrx_word' id='word_1_191' title='bbox 3297 1079 3391 1133; x_wconf 72' lang='grc' dir='ltr'>τὸν</span> <span class='ocrx_word' id='word_1_192' title='bbox 3420 1076 3672 1130; x_wconf 84' lang='grc' dir='ltr'>πλεῖστον</span> 
     </span>
    </p>
   </div>
   <div class='ocr_carea' id='block_1_27' title="bbox 2095 1169 3672 1245">
    <p class='ocr_par' dir='ltr' id='par_1_27' title="bbox 2095 1169 3672 1245">
     <span class='ocr_line' id='line_1_27' title="bbox 2095 1169 3672 1245; baseline -0.006 -16"><span class='ocrx_word' id='word_1_193' title='bbox 2095 1174 2189 1229; x_wconf 76' lang='grc' dir='ltr'>τοῦ</span> <span class='ocrx_word' id='word_1_194' title='bbox 2218 1175 2337 1245; x_wconf 83' lang='grc' dir='ltr'>βίου</span> <span class='ocrx_word' id='word_1_195' title='bbox 2392 1174 2588 1245; x_wconf 89' lang='grc' dir='ltr'>χρόνον</span> <span class='ocrx_word' id='word_1_196' title='bbox 2642 1174 2961 1242; x_wconf 79' lang='grc' dir='ltr'>ἐμπορικῶς</span> <span class='ocrx_word' id='word_1_197' title='bbox 3004 1170 3302 1238; x_wconf 72' lang='grc' dir='ltr'>διαζήσας,</span> <span class='ocrx_word' id='word_1_198' title='bbox 3331 1169 3468 1240; x_wconf 77' lang='grc' dir='ltr'>πρὸς</span> <span class='ocrx_word' id='word_1_199' title='bbox 3497 1170 3672 1238; x_wconf 79' lang='grc' dir='ltr'>γῆρας</span> 
     </span>
    </p>
   </div>
   <div class='ocr_carea' id='block_1_28' title="bbox 2096 1257 3671 1337">
    <p class='ocr_par' dir='ltr' id='par_1_28' title="bbox 2096 1257 3671 1337">
     <span class='ocr_line' id='line_1_28' title="bbox 2096 1257 3671 1337; baseline -0.004 -18"><span class='ocrx_word' id='word_1_200' title='bbox 2096 1265 2198 1337; x_wconf 73' lang='grc' dir='ltr'>ἤδη</span> <span class='ocrx_word' id='word_1_201' title='bbox 2229 1266 2492 1333; x_wconf 85' lang='grc' dir='ltr'>ἐλαύνων,</span> <span class='ocrx_word' id='word_1_202' title='bbox 2517 1266 2618 1335; x_wconf 82' lang='grc' dir='ltr'>τὴν</span> <span class='ocrx_word' id='word_1_203' title='bbox 2653 1257 2855 1335; x_wconf 83' lang='grc' dir='ltr'>Σκῆτίν</span> <span class='ocrx_word' id='word_1_204' title='bbox 2916 1263 3207 1320; x_wconf 75' lang='grc' dir='ltr'>κατέλαϐε.</span> <span class='ocrx_word' id='word_1_205' title='bbox 3244 1259 3484 1316; x_wconf 82' lang='grc' dir='ltr'>Συνιδὼν</span> <span class='ocrx_word' id='word_1_206' title='bbox 3514 1261 3569 1313; x_wconf 83' lang='grc' dir='ltr'>δὲ</span> <span class='ocrx_word' id='word_1_207' title='bbox 3599 1260 3671 1322; x_wconf 83' lang='grc' dir='ltr'><strong>ὡς</strong></span> 
     </span>
    </p>
   </div>
   <div class='ocr_carea' id='block_1_29' title="bbox 2095 1350 3674 1428">
    <p class='ocr_par' dir='ltr' id='par_1_29' title="bbox 2095 1350 3674 1428">
     <span class='ocr_line' id='line_1_29' title="bbox 2095 1350 3674 1428; baseline -0.004 -18"><span class='ocrx_word' id='word_1_208' title='bbox 2095 1357 2184 1410; x_wconf 83' lang='grc' dir='ltr'>διὰ</span> <span class='ocrx_word' id='word_1_209' title='bbox 2221 1357 2283 1410; x_wconf 76' lang='grc' dir='ltr'>τὸ</span> <span class='ocrx_word' id='word_1_210' title='bbox 2324 1358 2424 1425; x_wconf 80' lang='grc' dir='ltr'>τῆς</span> <span class='ocrx_word' id='word_1_211' title='bbox 2452 1357 2669 1428; x_wconf 75' lang='grc' dir='ltr'>ἡλικίας</span> <span class='ocrx_word' id='word_1_212' title='bbox 2699 1356 2904 1427; x_wconf 73' lang='grc' dir='ltr'>ἔξωρον</span> <span class='ocrx_word' id='word_1_213' title='bbox 2954 1354 3082 1409; x_wconf 78' lang='grc' dir='ltr'>οὔτε</span> <span class='ocrx_word' id='word_1_214' title='bbox 3120 1354 3377 1425; x_wconf 80' lang='grc' dir='ltr'>γράφειν,</span> <span class='ocrx_word' id='word_1_215' title='bbox 3412 1350 3526 1405; x_wconf 69' lang='grc' dir='ltr'>οὔτ’</span> <span class='ocrx_word' id='word_1_216' title='bbox 3550 1350 3674 1405; x_wconf 78' lang='grc' dir='ltr'>ἄλλο</span> 
     </span>
    </p>
   </div>
   <div class='ocr_carea' id='block_1_30' title="bbox 2096 1443 3673 1520">
    <p class='ocr_par' dir='ltr' id='par_1_30' title="bbox 2096 1443 3673 1520">
     <span class='ocr_line' id='line_1_30' title="bbox 2096 1443 3673 1520; baseline -0.004 -19"><span class='ocrx_word' id='word_1_217' title='bbox 2096 1465 2149 1501; x_wconf 83' lang='grc' dir='ltr'><strong>τι</strong></span> <span class='ocrx_word' id='word_1_218' title='bbox 2178 1444 2290 1512; x_wconf 75' lang='grc' dir='ltr'>οἷός</span> <span class='ocrx_word' id='word_1_219' title='bbox 2319 1449 2377 1501; x_wconf 87' lang='grc' dir='ltr'><strong>τέ</strong></span> <span class='ocrx_word' id='word_1_220' title='bbox 2406 1451 2521 1502; x_wconf 86' lang='grc' dir='ltr'>ἐστι</span> <span class='ocrx_word' id='word_1_221' title='bbox 2555 1447 3070 1520; x_wconf 61' lang='grc' dir='ltr'><strong>μεταχειρίσασθαι,</strong></span> <span class='ocrx_word' id='word_1_222' title='bbox 3104 1447 3219 1515; x_wconf 83' lang='grc' dir='ltr'>είδη</span> <span class='ocrx_word' id='word_1_223' title='bbox 3251 1443 3522 1498; x_wconf 86' lang='grc' dir='ltr'>παντοίων</span> <span class='ocrx_word' id='word_1_224' title='bbox 3544 1457 3673 1511; x_wconf 75' lang='grc' dir='ltr'>φαρο</span> 
     </span>
    </p>
   </div>
   <div class='ocr_carea' id='block_1_31' title="bbox 2100 1534 3674 1611">
    <p class='ocr_par' dir='ltr' id='par_1_31' title="bbox 2100 1534 3674 1611">
     <span class='ocr_line' id='line_1_31' title="bbox 2100 1534 3674 1611; baseline -0.004 -19"><span class='ocrx_word' id='word_1_225' title='bbox 2100 1540 2292 1610; x_wconf 87' lang='grc' dir='ltr'>μάκων</span> <span class='ocrx_word' id='word_1_226' title='bbox 2346 1542 2442 1593; x_wconf 71' lang='grc' dir='ltr'>καὶ</span> <span class='ocrx_word' id='word_1_227' title='bbox 2499 1541 2817 1611; x_wconf 74' lang='grc' dir='ltr'><strong>ἐδεσμάτων</strong></span> <span class='ocrx_word' id='word_1_228' title='bbox 2852 1538 2889 1594; x_wconf 73' lang='grc' dir='ltr'>ἃ.</span> <span class='ocrx_word' id='word_1_229' title='bbox 2917 1540 3031 1602; x_wconf 81' lang='grc' dir='ltr'>τοῖς</span> <span class='ocrx_word' id='word_1_230' title='bbox 3062 1538 3334 1608; x_wconf 65' lang='grc' dir='ltr'>κάμνουσι</span> <span class='ocrx_word' id='word_1_231' title='bbox 3378 1534 3674 1588; x_wconf 69' lang='grc' dir='ltr'><strong>λυσιτελεῖν</strong></span> 
     </span>
    </p>
   </div>
   <div class='ocr_carea' id='block_1_32' title="bbox 2096 1624 3674 1701">
    <p class='ocr_par' dir='ltr' id='par_1_32' title="bbox 2096 1624 3674 1701">
     <span class='ocr_line' id='line_1_32' title="bbox 2096 1624 3674 1701; baseline -0.004 -20"><span class='ocrx_word' id='word_1_232' title='bbox 2096 1629 2255 1701; x_wconf 74' lang='grc' dir='ltr'>ᾤετο,</span> <span class='ocrx_word' id='word_1_233' title='bbox 2318 1628 2531 1682; x_wconf 81' lang='grc' dir='ltr'>οἴκοθεν</span> <span class='ocrx_word' id='word_1_234' title='bbox 2584 1628 2963 1699; x_wconf 61' lang='grc' dir='ltr'>ὠνησάμενος,</span> <span class='ocrx_word' id='word_1_235' title='bbox 3018 1630 3114 1680; x_wconf 73' lang='grc' dir='ltr'>καὶ</span> <span class='ocrx_word' id='word_1_236' title='bbox 3174 1628 3296 1687; x_wconf 87' lang='grc' dir='ltr'>ταῖς</span> <span class='ocrx_word' id='word_1_237' title='bbox 3336 1625 3433 1693; x_wconf 78' lang='grc' dir='ltr'>τῆς</span> <span class='ocrx_word' id='word_1_238' title='bbox 3469 1624 3674 1692; x_wconf 82' lang='grc' dir='ltr'>ἐρήμου</span> 
     </span>
    </p>
   </div>
   <div class='ocr_carea' id='block_1_33' title="bbox 2101 1717 3671 1793">
    <p class='ocr_par' dir='ltr' id='par_1_33' title="bbox 2101 1717 3671 1793">
     <span class='ocr_line' id='line_1_33' title="bbox 2101 1717 3671 1793; baseline -0.005 -18"><span class='ocrx_word' id='word_1_239' title='bbox 2101 1725 2288 1793; x_wconf 84' lang='grc' dir='ltr'>μοναῖς</span> <span class='ocrx_word' id='word_1_240' title='bbox 2311 1723 2694 1792; x_wconf 70' lang='grc' dir='ltr'>προσϐάλλων,</span> <span class='ocrx_word' id='word_1_241' title='bbox 2730 1723 2941 1793; x_wconf 74' lang='grc' dir='ltr'>ἑκάστῃ</span> <span class='ocrx_word' id='word_1_242' title='bbox 2980 1720 3144 1790; x_wconf 80' lang='grc' dir='ltr'>ἄχρις</span> <span class='ocrx_word' id='word_1_243' title='bbox 3166 1719 3364 1786; x_wconf 81' lang='grc' dir='ltr'>ἐνάτης</span> <span class='ocrx_word' id='word_1_244' title='bbox 3394 1717 3542 1788; x_wconf 81' lang='grc' dir='ltr'>ὥρας</span> <span class='ocrx_word' id='word_1_245' title='bbox 3580 1733 3671 1768; x_wconf 84' lang='grc' dir='ltr'>πε-</span> 
     </span>
    </p>
   </div>
   <div class='ocr_carea' id='block_1_34' title="bbox 412 1807 1994 1894">
    <p class='ocr_par' dir='ltr' id='par_1_34' title="bbox 412 1807 1994 1885">
     <span class='ocr_line' id='line_1_34' title="bbox 412 1807 1994 1885; baseline 0.007 -25"><span class='ocrx_word' id='word_1_246' title='bbox 412 1807 769 1879; x_wconf 77' lang='lat' dir='ltr'><strong>meliorisque</strong></span> <span class='ocrx_word' id='word_1_247' title='bbox 802 1811 926 1866; x_wconf 67' lang='lat' dir='ltr'><strong>vitae</strong></span> <span class='ocrx_word' id='word_1_248' title='bbox 969 1828 1133 1868; x_wconf 87' lang='lat' dir='ltr'><strong>causa</strong></span> <span class='ocrx_word' id='word_1_249' title='bbox 1175 1814 1501 1870; x_wconf 85' lang='lat' dir='ltr'><strong>exstitisset.</strong></span> <span class='ocrx_word' id='word_1_250' title='bbox 1550 1816 1724 1872; x_wconf 85' lang='lat' dir='ltr'><strong>Porro</strong></span> <span class='ocrx_word' id='word_1_251' title='bbox 1770 1817 1994 1885; x_wconf 80' lang='lat' dir='ltr'><strong>Apollo-</strong></span> 
     </span>
    </p>
   </div>
   <div class='ocr_carea' id='block_1_35' title="bbox 2101 1807 3677 1894">
    <p class='ocr_par' dir='ltr' id='par_1_35' title="bbox 2101 1808 3677 1886">
     <span class='ocr_line' id='line_1_35' title="bbox 2101 1808 3677 1886; baseline -0.005 -18"><span class='ocrx_word' id='word_1_252' title='bbox 2101 1814 2269 1886; x_wconf 82' lang='grc' dir='ltr'>ριῄει,</span> <span class='ocrx_word' id='word_1_253' title='bbox 2329 1813 2656 1883; x_wconf 80' lang='grc' dir='ltr'><strong>θεραπεύων</strong></span> <span class='ocrx_word' id='word_1_254' title='bbox 2726 1814 2854 1875; x_wconf 80' lang='grc' dir='ltr'>τοὺς</span> <span class='ocrx_word' id='word_1_255' title='bbox 2893 1812 3222 1882; x_wconf 78' lang='grc' dir='ltr'>κάμνοντας.</span> <span class='ocrx_word' id='word_1_256' title='bbox 3291 1810 3399 1865; x_wconf 83' lang='grc' dir='ltr'>Καί</span> <span class='ocrx_word' id='word_1_257' title='bbox 3427 1826 3491 1877; x_wconf 87' lang='grc' dir='ltr'>γε</span> <span class='ocrx_word' id='word_1_258' title='bbox 3523 1808 3677 1876; x_wconf 81' lang='grc' dir='ltr'>ξένην</span> 
     </span>
    </p>
   </div>
   <div class='ocr_carea' id='block_1_36' title="bbox 410 1897 1985 1977">
    <p class='ocr_par' dir='ltr' id='par_1_36' title="bbox 410 1897 1985 1977">
     <span class='ocr_line' id='line_1_36' title="bbox 410 1897 1985 1977; baseline 0.01 -27"><span class='ocrx_word' id='word_1_259' title='bbox 410 1897 558 1963; x_wconf 80' lang='lat' dir='ltr'><strong>nius,</strong></span> <span class='ocrx_word' id='word_1_260' title='bbox 603 1914 726 1954; x_wconf 92' lang='lat' dir='ltr'><strong>eum</strong></span> <span class='ocrx_word' id='word_1_261' title='bbox 784 1903 1076 1972; x_wconf 88' lang='lat' dir='ltr'><strong>plurimam</strong></span> <span class='ocrx_word' id='word_1_262' title='bbox 1126 1907 1248 1961; x_wconf 66' lang='lat' dir='ltr'><strong>vita:</strong></span> <span class='ocrx_word' id='word_1_263' title='bbox 1295 1918 1509 1977; x_wconf 88' lang='lat' dir='ltr'><strong>partem</strong></span> <span class='ocrx_word' id='word_1_264' title='bbox 1564 1908 1621 1962; x_wconf 88' lang='lat' dir='ltr'><strong>in</strong></span> <span class='ocrx_word' id='word_1_265' title='bbox 1673 1918 1985 1965; x_wconf 81' lang='lat' dir='ltr'><strong>mercatura</strong></span> 
     </span>
    </p>
   </div>
   <div class='ocr_carea' id='block_1_37' title="bbox 414 1990 1992 2060">
    <p class='ocr_par' dir='ltr' id='par_1_37' title="bbox 414 1990 1992 2060">
     <span class='ocr_line' id='line_1_37' title="bbox 414 1990 1992 2060; baseline 0.008 -21"><span class='ocrx_word' id='word_1_266' title='bbox 414 1990 786 2060; x_wconf 74' lang='lat' dir='ltr'><strong>trausegisset,</strong></span> <span class='ocrx_word' id='word_1_267' title='bbox 836 1993 892 2048; x_wconf 91' lang='lat' dir='ltr'><strong>in</strong></span> <span class='ocrx_word' id='word_1_268' title='bbox 936 2006 1097 2049; x_wconf 66' lang='lat' dir='ltr'><strong>aetate</strong></span> <span class='ocrx_word' id='word_1_269' title='bbox 1139 1998 1334 2051; x_wconf 85' lang='lat' dir='ltr'><strong>all&#39;ecta</strong></span> <span class='ocrx_word' id='word_1_270' title='bbox 1374 1996 1578 2052; x_wconf 85' lang='lat' dir='ltr'><strong>Scetim</strong></span> <span class='ocrx_word' id='word_1_271' title='bbox 1631 2012 1690 2051; x_wconf 90' lang='lat' dir='ltr'><strong>se</strong></span> <span class='ocrx_word' id='word_1_272' title='bbox 1734 1998 1992 2052; x_wconf 83' lang='lat' dir='ltr'><strong>contulit.</strong></span> 
     </span>
    </p>
   </div>
   <div class='ocr_carea' id='block_1_38' title="bbox 2100 1900 3677 1976">
    <p class='ocr_par' dir='ltr' id='par_1_38' title="bbox 2100 1900 3677 1976">
     <span class='ocr_line' id='line_1_38' title="bbox 2100 1900 3677 1976; baseline -0.004 -18"><span class='ocrx_word' id='word_1_273' title='bbox 2100 1908 2194 1959; x_wconf 69' lang='grc' dir='ltr'>καὶ</span> <span class='ocrx_word' id='word_1_274' title='bbox 2221 1905 2711 1976; x_wconf 66' lang='grc' dir='ltr'>παρηλλαγμένην,</span> <span class='ocrx_word' id='word_1_275' title='bbox 2768 1904 3081 1974; x_wconf 72' lang='grc' dir='ltr'>ἐπιτηδείαν</span> <span class='ocrx_word' id='word_1_276' title='bbox 3110 1903 3157 1956; x_wconf 83' lang='grc' dir='ltr'>δ’</span> <span class='ocrx_word' id='word_1_277' title='bbox 3185 1904 3337 1971; x_wconf 83' lang='grc' dir='ltr'>ὅμως</span> <span class='ocrx_word' id='word_1_278' title='bbox 3369 1900 3520 1970; x_wconf 86' lang='grc' dir='ltr'><strong>αὐτῷ</strong></span> <span class='ocrx_word' id='word_1_279' title='bbox 3549 1900 3677 1952; x_wconf 84' lang='grc' dir='ltr'>ταύ-</span> 
     </span>
    </p>
   </div>
   <div class='ocr_carea' id='block_1_39' title="bbox 2097 1990 3677 2067">
    <p class='ocr_par' dir='ltr' id='par_1_39' title="bbox 2097 1990 3677 2067">
     <span class='ocr_line' id='line_1_39' title="bbox 2097 1990 3677 2067; baseline -0.005 -17"><span class='ocrx_word' id='word_1_280' title='bbox 2097 2015 2198 2059; x_wconf 89' lang='grc' dir='ltr'><strong>την</strong></span> <span class='ocrx_word' id='word_1_281' title='bbox 2224 1997 2321 2067; x_wconf 78' lang='grc' dir='ltr'>τὴν</span> <span class='ocrx_word' id='word_1_282' title='bbox 2356 1998 2588 2067; x_wconf 72' lang='grc' dir='ltr'>ἄσκησιν</span> <span class='ocrx_word' id='word_1_283' title='bbox 2621 1997 3051 2065; x_wconf 80' lang='grc' dir='ltr'>καινοτομήσας,</span> <span class='ocrx_word' id='word_1_284' title='bbox 3104 1994 3248 2047; x_wconf 79' lang='grc' dir='ltr'>οὕτω</span> <span class='ocrx_word' id='word_1_285' title='bbox 3273 1993 3365 2046; x_wconf 67' lang='grc' dir='ltr'><strong>διὰ⁸</strong></span> <span class='ocrx_word' id='word_1_286' title='bbox 3403 1990 3519 2062; x_wconf 85' lang='grc' dir='ltr'>βίου</span> <span class='ocrx_word' id='word_1_287' title='bbox 3554 1993 3677 2043; x_wconf 87' lang='grc' dir='ltr'>ἐπο-</span> 
     </span>
    </p>
   </div>
   <div class='ocr_carea' id='block_1_40' title="bbox 374 2078 1994 2160">
    <p class='ocr_par' dir='ltr' id='par_1_40' title="bbox 374 2078 1994 2160">
     <span class='ocr_line' id='line_1_40' title="bbox 374 2078 1994 2160; baseline 0.002 -20"><span class='ocrx_word' id='word_1_288' title='bbox 374 2078 480 2140; x_wconf 80' lang='lat' dir='ltr'><strong>.Et</strong></span> <span class='ocrx_word' id='word_1_289' title='bbox 520 2097 643 2136; x_wconf 91' lang='lat' dir='ltr'><strong>cum</strong></span> <span class='ocrx_word' id='word_1_290' title='bbox 681 2097 904 2154; x_wconf 83' lang='lat' dir='ltr'><strong>prepter</strong></span> <span class='ocrx_word' id='word_1_291' title='bbox 933 2099 1214 2143; x_wconf 83' lang='lat' dir='ltr'><strong>senectam</strong></span> <span class='ocrx_word' id='word_1_292' title='bbox 1252 2090 1362 2158; x_wconf 88' lang='lat' dir='ltr'><strong>jam</strong></span> <span class='ocrx_word' id='word_1_293' title='bbox 1413 2089 1891 2160; x_wconf 55' lang='lat' dir='ltr'><strong>ingravescentem</strong></span> <span class='ocrx_word' id='word_1_294' title='bbox 1938 2100 1994 2144; x_wconf 88' lang='lat' dir='ltr'><strong>et</strong></span> 
     </span>
    </p>
   </div>
   <div class='ocr_carea' id='block_1_41' title="bbox 2101 2078 3678 2160">
    <p class='ocr_par' dir='ltr' id='par_1_41' title="bbox 2101 2080 3678 2154">
     <span class='ocr_line' id='line_1_41' title="bbox 2101 2080 3678 2154; baseline -0.004 -16"><span class='ocrx_word' id='word_1_295' title='bbox 2101 2085 2409 2140; x_wconf 77' lang='grc' dir='ltr'>λιτεύσατο.</span> <span class='ocrx_word' id='word_1_296' title='bbox 2450 2085 2605 2139; x_wconf 72' lang='grc' dir='ltr'>Ἐπεὶ.</span> <span class='ocrx_word' id='word_1_297' title='bbox 2630 2085 2675 2138; x_wconf 86' lang='grc' dir='ltr'>δ’</span> <span class='ocrx_word' id='word_1_298' title='bbox 2709 2085 2968 2138; x_wconf 76' lang='grc' dir='ltr'><strong>ἐτελεύτα</strong></span> <span class='ocrx_word' id='word_1_299' title='bbox 3013 2083 3106 2136; x_wconf 77' lang='grc' dir='ltr'>τὸν</span> <span class='ocrx_word' id='word_1_300' title='bbox 3138 2085 3276 2154; x_wconf 86' lang='grc' dir='ltr'>βίον,</span> <span class='ocrx_word' id='word_1_301' title='bbox 3303 2081 3449 2152; x_wconf 79' lang='grc' dir='ltr'>ἄλλῳ</span> <span class='ocrx_word' id='word_1_302' title='bbox 3480 2080 3589 2134; x_wconf 79' lang='grc' dir='ltr'>τινὶ</span> <span class='ocrx_word' id='word_1_303' title='bbox 3615 2081 3678 2132; x_wconf 74' lang='grc' dir='ltr'><strong>τὰ</strong></span> 
     </span>
    </p>
   </div>
   <div class='ocr_carea' id='block_1_42' title="bbox 408 2165 1994 2251">
    <p class='ocr_par' dir='ltr' id='par_1_42' title="bbox 408 2171 1991 2251">
     <span class='ocr_line' id='line_1_42' title="bbox 408 2171 1991 2251; baseline 0.008 -28"><span class='ocrx_word' id='word_1_304' title='bbox 408 2171 690 2239; x_wconf 87' lang='lat' dir='ltr'><strong>inutilem,</strong></span> <span class='ocrx_word' id='word_1_305' title='bbox 734 2191 916 2246; x_wconf 87' lang='lat' dir='ltr'><strong>neque</strong></span> <span class='ocrx_word' id='word_1_306' title='bbox 962 2181 1244 2246; x_wconf 81' lang='lat' dir='ltr'><strong>scribere,</strong></span> <span class='ocrx_word' id='word_1_307' title='bbox 1278 2197 1461 2250; x_wconf 90' lang='lat' dir='ltr'><strong>neque</strong></span> <span class='ocrx_word' id='word_1_308' title='bbox 1501 2180 1651 2234; x_wconf 88' lang='lat' dir='ltr'><strong>aliud</strong></span> <span class='ocrx_word' id='word_1_309' title='bbox 1691 2182 1991 2251; x_wconf 83' lang='lat' dir='ltr'><strong>quidquam</strong></span> 
     </span>
    </p>
   </div>
   <div class='ocr_carea' id='block_1_43' title="bbox 2101 2165 3679 2251">
    <p class='ocr_par' dir='ltr' id='par_1_43' title="bbox 2102 2165 3679 2248">
     <span class='ocr_line' id='line_1_43' title="bbox 2102 2165 3679 2248; baseline -0.007 -15"><span class='ocrx_word' id='word_1_310' title='bbox 2102 2179 2370 2248; x_wconf 81' lang='grc' dir='ltr'>φάρμακα</span> <span class='ocrx_word' id='word_1_311' title='bbox 2395 2179 2698 2248; x_wconf 75' lang='grc' dir='ltr'>παραδοὺς,</span> <span class='ocrx_word' id='word_1_312' title='bbox 2720 2180 2789 2233; x_wconf 82' lang='grc' dir='ltr'>τὰ.</span> <span class='ocrx_word' id='word_1_313' title='bbox 2814 2179 2908 2231; x_wconf 80' lang='grc' dir='ltr'><strong>ἴσα</strong></span> <span class='ocrx_word' id='word_1_314' title='bbox 2934 2178 3109 2231; x_wconf 80' lang='grc' dir='ltr'>ποιεῖν</span> <span class='ocrx_word' id='word_1_315' title='bbox 3134 2175 3377 2239; x_wconf 86' lang='grc' dir='ltr'>ἐκέλευε,</span> <span class='ocrx_word' id='word_1_316' title='bbox 3404 2172 3474 2228; x_wconf 85' lang='grc' dir='ltr'><strong>δι’</strong></span> <span class='ocrx_word' id='word_1_317' title='bbox 3500 2165 3565 2225; x_wconf 77' lang='grc' dir='ltr'>οὒ</span> <span class='ocrx_word' id='word_1_318' title='bbox 3588 2172 3679 2223; x_wconf 78' lang='grc' dir='ltr'>καὶ</span> 
     </span>
    </p>
   </div>
   <div class='ocr_carea' id='block_1_44' title="bbox 411 2268 1994 2341">
    <p class='ocr_par' dir='ltr' id='par_1_44' title="bbox 411 2270 1993 2341">
     <span class='ocr_line' id='line_1_44' title="bbox 411 2270 1993 2341; baseline 0.006 -29"><span class='ocrx_word' id='word_1_319' title='bbox 411 2270 561 2315; x_wconf 65' lang='lat' dir='ltr'><strong>recte</strong></span> <span class='ocrx_word' id='word_1_320' title='bbox 606 2271 844 2320; x_wconf 89' lang='lat' dir='ltr'><strong>tractare</strong></span> <span class='ocrx_word' id='word_1_321' title='bbox 881 2276 1101 2336; x_wconf 86' lang='lat' dir='ltr'><strong>posset,</strong></span> <span class='ocrx_word' id='word_1_322' title='bbox 1157 2270 1308 2324; x_wconf 89' lang='lat' dir='ltr'><strong>omni</strong></span> <span class='ocrx_word' id='word_1_323' title='bbox 1360 2285 1564 2341; x_wconf 75' lang='lat' dir='ltr'><strong>genere</strong></span> <span class='ocrx_word' id='word_1_324' title='bbox 1620 2270 1993 2326; x_wconf 81' lang='lat' dir='ltr'><strong>medicamen-</strong></span> 
     </span>
    </p>
   </div>
   <div class='ocr_carea' id='block_1_45' title="bbox 2101 2268 3170 2341">
    <p class='ocr_par' dir='ltr' id='par_1_45' title="bbox 2104 2268 3170 2340">
     <span class='ocr_line' id='line_1_45' title="bbox 2104 2268 3170 2340; baseline -0.001 -19"><span class='ocrx_word' id='word_1_325' title='bbox 2104 2271 2384 2340; x_wconf 76' lang='grc' dir='ltr'><strong>σωτηρίας</strong></span> <span class='ocrx_word' id='word_1_326' title='bbox 2413 2272 2601 2338; x_wconf 85' lang='grc' dir='ltr'>τυχεῖν</span> <span class='ocrx_word' id='word_1_327' title='bbox 2634 2269 2829 2323; x_wconf 84' lang='grc' dir='ltr'>ἐλπίδα</span> <span class='ocrx_word' id='word_1_328' title='bbox 2852 2268 3170 2340; x_wconf 80' lang='grc' dir='ltr'>προύτίθει.</span> 
     </span>
    </p>
   </div>
   <div class='ocr_carea' id='block_1_46' title="bbox 412 2359 3677 2438">
    <p class='ocr_par' dir='ltr' id='par_1_46' title="bbox 412 2359 3677 2438">
     <span class='ocr_line' id='line_1_46' title="bbox 412 2359 3677 2438; baseline 0 -30"><span class='ocrx_word' id='word_1_329' title='bbox 412 2366 593 2410; x_wconf 90' lang='lat' dir='ltr'><strong>torum</strong></span> <span class='ocrx_word' id='word_1_330' title='bbox 629 2371 795 2429; x_wconf 85' lang='lat' dir='ltr'><strong>atque</strong></span> <span class='ocrx_word' id='word_1_331' title='bbox 839 2363 1214 2430; x_wconf 88' lang='lat' dir='ltr'><strong>cibariorum,</strong></span> <span class='ocrx_word' id='word_1_332' title='bbox 1257 2383 1380 2436; x_wconf 67' lang='lat' dir='ltr'><strong>quae</strong></span> <span class='ocrx_word' id='word_1_333' title='bbox 1426 2369 1650 2438; x_wconf 74' lang='lat' dir='ltr'><strong>a-grotis</strong></span> <span class='ocrx_word' id='word_1_334' title='bbox 1723 2365 2027 2421; x_wconf 81' lang='lat' dir='ltr'><strong>convenire</strong></span> <span class='ocrx_word' id='word_1_335' title='bbox 2068 2368 2478 2434; x_wconf 87' lang='lat' dir='ltr'><strong>arbitrabatur,</strong></span> <span class='ocrx_word' id='word_1_336' title='bbox 2520 2380 2629 2422; x_wconf 67' lang='lat' dir='ltr'><strong>aere</strong></span> <span class='ocrx_word' id='word_1_337' title='bbox 2695 2382 2798 2422; x_wconf 85' lang='lat' dir='ltr'><strong>suo</strong></span> <span class='ocrx_word' id='word_1_338' title='bbox 2836 2374 3200 2436; x_wconf 84' lang='lat' dir='ltr'><strong>comparato,</strong></span> <span class='ocrx_word' id='word_1_339' title='bbox 3239 2363 3295 2418; x_wconf 90' lang='lat' dir='ltr'><strong>in</strong></span> <span class='ocrx_word' id='word_1_340' title='bbox 3327 2359 3677 2419; x_wconf 78' lang='lat' dir='ltr'><strong>solitudinem</strong></span> 
     </span>
    </p>
   </div>
   <div class='ocr_carea' id='block_1_47' title="bbox 408 2456 3673 2533">
    <p class='ocr_par' dir='ltr' id='par_1_47' title="bbox 408 2456 3673 2533">
     <span class='ocr_line' id='line_1_47' title="bbox 408 2456 3673 2533; baseline -0.001 -24"><span class='ocrx_word' id='word_1_341' title='bbox 408 2456 477 2509; x_wconf 87' lang='lat' dir='ltr'><strong>ad</strong></span> <span class='ocrx_word' id='word_1_342' title='bbox 517 2458 917 2513; x_wconf 86' lang='lat' dir='ltr'><strong>monachorum</strong></span> <span class='ocrx_word' id='word_1_343' title='bbox 982 2460 1262 2517; x_wconf 88' lang='lat' dir='ltr'><strong>domicilia</strong></span> <span class='ocrx_word' id='word_1_344' title='bbox 1295 2463 1583 2525; x_wconf 85' lang='lat' dir='ltr'><strong>aﬂ&#39;erebat.</strong></span> <span class='ocrx_word' id='word_1_345' title='bbox 1645 2473 1702 2519; x_wconf 89' lang='lat' dir='ltr'><strong>et</strong></span> <span class='ocrx_word' id='word_1_346' title='bbox 1773 2464 2023 2533; x_wconf 80' lang='lat' dir='ltr'><strong>quotidie</strong></span> <span class='ocrx_word' id='word_1_347' title='bbox 2062 2464 2127 2516; x_wconf 88' lang='lat' dir='ltr'><strong>ad</strong></span> <span class='ocrx_word' id='word_1_348' title='bbox 2177 2479 2375 2517; x_wconf 87' lang='lat' dir='ltr'><strong>nonam</strong></span> <span class='ocrx_word' id='word_1_349' title='bbox 2422 2478 2596 2532; x_wconf 82' lang='lat' dir='ltr'><strong>usque</strong></span> <span class='ocrx_word' id='word_1_350' title='bbox 2643 2463 2839 2518; x_wconf 86' lang='lat' dir='ltr'><strong>horam</strong></span> <span class='ocrx_word' id='word_1_351' title='bbox 2894 2463 2975 2518; x_wconf 88' lang='lat' dir='ltr'><strong>sic</strong></span> <span class='ocrx_word' id='word_1_352' title='bbox 3050 2462 3358 2525; x_wconf 84' lang='lat' dir='ltr'><strong>circuibat,</strong></span> <span class='ocrx_word' id='word_1_353' title='bbox 3406 2456 3673 2512; x_wconf 75' lang='lat' dir='ltr'><strong>invalidus</strong></span> 
     </span>
    </p>
   </div>
   <div class='ocr_carea' id='block_1_48' title="bbox 409 2554 3671 2629">
    <p class='ocr_par' dir='ltr' id='par_1_48' title="bbox 409 2554 3671 2629">
     <span class='ocr_line' id='line_1_48' title="bbox 409 2554 3671 2629; baseline -0.001 -22"><span class='ocrx_word' id='word_1_354' title='bbox 409 2569 636 2607; x_wconf 88' lang='lat' dir='ltr'><strong>curans.</strong></span> <span class='ocrx_word' id='word_1_355' title='bbox 687 2554 746 2609; x_wconf 90' lang='lat' dir='ltr'><strong>Iu</strong></span> <span class='ocrx_word' id='word_1_356' title='bbox 779 2555 885 2611; x_wconf 88' lang='lat' dir='ltr'><strong>hac</strong></span> <span class='ocrx_word' id='word_1_357' title='bbox 927 2557 1019 2612; x_wconf 90' lang='lat' dir='ltr'><strong>ille</strong></span> <span class='ocrx_word' id='word_1_358' title='bbox 1066 2576 1207 2613; x_wconf 85' lang='lat' dir='ltr'><strong>nova</strong></span> <span class='ocrx_word' id='word_1_359' title='bbox 1243 2560 1491 2629; x_wconf 86' lang='lat' dir='ltr'><strong>quidem,</strong></span> <span class='ocrx_word' id='word_1_360' title='bbox 1534 2572 1591 2615; x_wconf 90' lang='lat' dir='ltr'><strong>et</strong></span> <span class='ocrx_word' id='word_1_361' title='bbox 1656 2562 1723 2615; x_wconf 91' lang='lat' dir='ltr'><strong>ab</strong></span> <span class='ocrx_word' id='word_1_362' title='bbox 1789 2562 1914 2615; x_wconf 84' lang='lat' dir='ltr'><strong>aliis</strong></span> <span class='ocrx_word' id='word_1_363' title='bbox 1962 2560 2233 2624; x_wconf 84' lang='lat' dir='ltr'><strong>variante,</strong></span> <span class='ocrx_word' id='word_1_364' title='bbox 2288 2560 2395 2614; x_wconf 86' lang='lat' dir='ltr'><strong>sibi</strong></span> <span class='ocrx_word' id='word_1_365' title='bbox 2433 2570 2616 2614; x_wconf 87' lang='lat' dir='ltr'><strong>tamen</strong></span> <span class='ocrx_word' id='word_1_366' title='bbox 2648 2559 3038 2627; x_wconf 82' lang='lat' dir='ltr'><strong>conveniente,</strong></span> <span class='ocrx_word' id='word_1_367' title='bbox 3064 2570 3280 2629; x_wconf 87' lang='lat' dir='ltr'><strong>atquea</strong></span> <span class='ocrx_word' id='word_1_368' title='bbox 3310 2570 3369 2611; x_wconf 87' lang='lat' dir='ltr'><strong>se</strong></span> <span class='ocrx_word' id='word_1_369' title='bbox 3435 2555 3671 2625; x_wconf 76' lang='lat' dir='ltr'><strong>primum</strong></span> 
     </span>
    </p>
   </div>
   <div class='ocr_carea' id='block_1_49' title="bbox 411 2646 3670 2726">
    <p class='ocr_par' dir='ltr' id='par_1_49' title="bbox 411 2646 3670 2726">
     <span class='ocr_line' id='line_1_49' title="bbox 411 2646 3670 2726; baseline -0 -26"><span class='ocrx_word' id='word_1_370' title='bbox 411 2646 636 2702; x_wconf 86' lang='lat' dir='ltr'><strong>inventa</strong></span> <span class='ocrx_word' id='word_1_371' title='bbox 668 2651 895 2706; x_wconf 88' lang='lat' dir='ltr'><strong>virtutis</strong></span> <span class='ocrx_word' id='word_1_372' title='bbox 928 2655 1253 2710; x_wconf 70' lang='lat' dir='ltr'><strong>exercendas</strong></span> <span class='ocrx_word' id='word_1_373' title='bbox 1284 2657 1522 2722; x_wconf 88' lang='lat' dir='ltr'><strong>ratione,</strong></span> <span class='ocrx_word' id='word_1_374' title='bbox 1557 2656 1721 2711; x_wconf 88' lang='lat' dir='ltr'><strong>vitam</strong></span> <span class='ocrx_word' id='word_1_375' title='bbox 1755 2657 1988 2726; x_wconf 82' lang='lat' dir='ltr'><strong>peregit.</strong></span> <span class='ocrx_word' id='word_1_376' title='bbox 2028 2653 2331 2709; x_wconf 82' lang='lat' dir='ltr'><strong>Moritnrus</strong></span> <span class='ocrx_word' id='word_1_377' title='bbox 2376 2664 2560 2708; x_wconf 89' lang='lat' dir='ltr'><strong>autem</strong></span> <span class='ocrx_word' id='word_1_378' title='bbox 2584 2694 2600 2718; x_wconf 91' lang='lat'><strong>,</strong></span> <span class='ocrx_word' id='word_1_379' title='bbox 2672 2654 2762 2707; x_wconf 91' lang='lat' dir='ltr'><strong>alii</strong></span> <span class='ocrx_word' id='word_1_380' title='bbox 2835 2652 3054 2707; x_wconf 85' lang='lat' dir='ltr'><strong>cuidam</strong></span> <span class='ocrx_word' id='word_1_381' title='bbox 3102 2648 3349 2706; x_wconf 86' lang='lat' dir='ltr'><strong>remedia</strong></span> <span class='ocrx_word' id='word_1_382' title='bbox 3391 2663 3456 2703; x_wconf 91' lang='lat' dir='ltr'><strong>ea</strong></span> <span class='ocrx_word' id='word_1_383' title='bbox 3495 2646 3670 2708; x_wconf 84' lang='lat' dir='ltr'><strong>dedit.</strong></span> 
     </span>
    </p>
   </div>
   <div class='ocr_carea' id='block_1_50' title="bbox 407 2742 3468 2822">
    <p class='ocr_par' dir='ltr' id='par_1_50' title="bbox 407 2742 3468 2822">
     <span class='ocr_line' id='line_1_50' title="bbox 407 2742 3468 2822; baseline 0 -26"><span class='ocrx_word' id='word_1_384' title='bbox 407 2751 465 2796; x_wconf 89' lang='lat' dir='ltr'><strong>et</strong></span> <span class='ocrx_word' id='word_1_385' title='bbox 516 2743 663 2798; x_wconf 80' lang='lat' dir='ltr'><strong>idem</strong></span> <span class='ocrx_word' id='word_1_386' title='bbox 715 2747 955 2803; x_wconf 81' lang='lat' dir='ltr'><strong>ollieium</strong></span> <span class='ocrx_word' id='word_1_387' title='bbox 1036 2748 1189 2804; x_wconf 89' lang='lat' dir='ltr'><strong>illum</strong></span> <span class='ocrx_word' id='word_1_388' title='bbox 1242 2749 1401 2805; x_wconf 90' lang='lat' dir='ltr'><strong>obire</strong></span> <span class='ocrx_word' id='word_1_389' title='bbox 1445 2750 1643 2821; x_wconf 72' lang='lat' dir='ltr'><strong>juSsit,</strong></span> <span class='ocrx_word' id='word_1_390' title='bbox 1697 2766 1795 2822; x_wconf 90' lang='lat' dir='ltr'><strong>per</strong></span> <span class='ocrx_word' id='word_1_391' title='bbox 1843 2749 1991 2821; x_wconf 86' lang='lat' dir='ltr'><strong>quod</strong></span> <span class='ocrx_word' id='word_1_392' title='bbox 2033 2745 2441 2816; x_wconf 67' lang='lat' dir='ltr'><strong>consequentia:</strong></span> <span class='ocrx_word' id='word_1_393' title='bbox 2474 2746 2640 2800; x_wconf 87' lang='lat' dir='ltr'><strong>etiam</strong></span> <span class='ocrx_word' id='word_1_394' title='bbox 2673 2746 2871 2801; x_wconf 89' lang='lat' dir='ltr'><strong>salutis</strong></span> <span class='ocrx_word' id='word_1_395' title='bbox 2909 2761 3061 2816; x_wconf 89' lang='lat' dir='ltr'><strong>spem</strong></span> <span class='ocrx_word' id='word_1_396' title='bbox 3101 2742 3468 2816; x_wconf 83' lang='lat' dir='ltr'><strong>preponebat.</strong></span> 
     </span>
    </p>
   </div>
   <div class='ocr_carea' id='block_1_51' title="bbox 877 2889 1578 2962">
    <p class='ocr_par' dir='ltr' id='par_1_51' title="bbox 877 2889 1578 2962">
     <span class='ocr_line' id='line_1_51' title="bbox 877 2889 1578 2962; baseline 0.004 -17"><span class='ocrx_word' id='word_1_397' title='bbox 877 2890 1039 2962; x_wconf 63' lang='lat'><strong>13:.</strong></span> <span class='ocrx_word' id='word_1_398' title='bbox 1072 2889 1300 2947; x_wconf 81' lang='lat' dir='ltr'><strong>CAPUT</strong></span> <span class='ocrx_word' id='word_1_399' title='bbox 1341 2890 1578 2948; x_wconf 79' lang='lat' dir='ltr'><strong>xxxw.</strong></span> 
     </span>
    </p>
   </div>
   <div class='ocr_carea' id='block_1_52' title="bbox 446 3000 1953 3076">
    <p class='ocr_par' dir='ltr' id='par_1_52' title="bbox 446 3000 1953 3076">
     <span class='ocr_line' id='line_1_52' title="bbox 446 3000 1953 3076; baseline 0.004 -22"><span class='ocrx_word' id='word_1_400' title='bbox 446 3000 523 3054; x_wconf 86' lang='lat' dir='ltr'><strong>De</strong></span> <span class='ocrx_word' id='word_1_401' title='bbox 548 3001 688 3056; x_wconf 72' lang='lat' dir='ltr'><strong>Mosa</strong></span> <span class='ocrx_word' id='word_1_402' title='bbox 713 3000 975 3075; x_wconf 60' lang='lat' dir='ltr'><strong>zElliIOpe,</strong></span> <span class='ocrx_word' id='word_1_403' title='bbox 1021 3003 1193 3058; x_wconf 83' lang='lat' dir='ltr'><strong>Paulo</strong></span> <span class='ocrx_word' id='word_1_404' title='bbox 1213 3048 1226 3065; x_wconf 83' lang='lat'><strong>,</strong></span> <span class='ocrx_word' id='word_1_405' title='bbox 1272 3005 1535 3071; x_wconf 48' lang='lat' dir='ltr'><strong>Par-hane,</strong></span> <span class='ocrx_word' id='word_1_406' title='bbox 1566 3003 1836 3076; x_wconf 78' lang='lat' dir='ltr'><strong>Stephano</strong></span> <span class='ocrx_word' id='word_1_407' title='bbox 1858 3050 1872 3074; x_wconf 95' lang='lat'><strong>,</strong></span> <span class='ocrx_word' id='word_1_408' title='bbox 1902 3017 1953 3061; x_wconf 81' lang='lat' dir='ltr'><strong>et</strong></span> 
     </span>
    </p>
   </div>
   <div class='ocr_carea' id='block_1_53' title="bbox 1008 3076 1377 3131">
    <p class='ocr_par' dir='ltr' id='par_1_53' title="bbox 1008 3076 1377 3131">
     <span class='ocr_line' id='line_1_53' title="bbox 1008 3076 1377 3131; baseline 0.008 -3"><span class='ocrx_word' id='word_1_409' title='bbox 1008 3076 1179 3130; x_wconf 79' lang='lat' dir='ltr'><strong>altera</strong></span> <span class='ocrx_word' id='word_1_410' title='bbox 1213 3077 1377 3131; x_wconf 74' lang='lat' dir='ltr'><strong>Moss.</strong></span> 
     </span>
    </p>
   </div>
   <div class='ocr_carea' id='block_1_54' title="bbox 478 3187 1991 3261">
    <p class='ocr_par' dir='ltr' id='par_1_54' title="bbox 478 3187 1991 3261">
     <span class='ocr_line' id='line_1_54' title="bbox 478 3187 1991 3261; baseline 0.003 -21"><span class='ocrx_word' id='word_1_411' title='bbox 478 3187 655 3243; x_wconf 74' lang='lat' dir='ltr'><strong>Moses</strong></span> <span class='ocrx_word' id='word_1_412' title='bbox 692 3198 875 3243; x_wconf 88' lang='lat' dir='ltr'><strong>autem</strong></span> <span class='ocrx_word' id='word_1_413' title='bbox 909 3188 1205 3259; x_wconf 62' lang='lat' dir='ltr'><strong>)Etliiops,</strong></span> <span class='ocrx_word' id='word_1_414' title='bbox 1238 3191 1559 3247; x_wconf 83' lang='lat' dir='ltr'><strong>conditione</strong></span> <span class='ocrx_word' id='word_1_415' title='bbox 1597 3206 1816 3256; x_wconf 88' lang='lat' dir='ltr'><strong>servus,</strong></span> <span class='ocrx_word' id='word_1_416' title='bbox 1860 3206 1991 3261; x_wconf 85' lang='lat' dir='ltr'><strong>pro-</strong></span> 
     </span>
    </p>
   </div>
   <div class='ocr_carea' id='block_1_55' title="bbox 408 3280 1998 3348">
    <p class='ocr_par' dir='ltr' id='par_1_55' title="bbox 408 3280 1998 3348">
     <span class='ocr_line' id='line_1_55' title="bbox 408 3280 1998 3348; baseline 0.003 -16"><span class='ocrx_word' id='word_1_417' title='bbox 408 3288 532 3347; x_wconf 86' lang='lat' dir='ltr'><strong>pter</strong></span> <span class='ocrx_word' id='word_1_418' title='bbox 573 3287 787 3333; x_wconf 64' lang='lat' dir='ltr'><strong>natura:</strong></span> <span class='ocrx_word' id='word_1_419' title='bbox 830 3293 946 3334; x_wconf 69' lang='lat' dir='ltr'><strong>sua:</strong></span> <span class='ocrx_word' id='word_1_420' title='bbox 994 3280 1403 3348; x_wconf 85' lang='lat' dir='ltr'><strong>improbitatem</strong></span> <span class='ocrx_word' id='word_1_421' title='bbox 1457 3298 1524 3336; x_wconf 84' lang='lat' dir='ltr'><strong>ex</strong></span> <span class='ocrx_word' id='word_1_422' title='bbox 1560 3282 1675 3336; x_wconf 89' lang='lat' dir='ltr'><strong>heri</strong></span> <span class='ocrx_word' id='word_1_423' title='bbox 1711 3282 1798 3338; x_wconf 88' lang='lat' dir='ltr'><strong>sui</strong></span> <span class='ocrx_word' id='word_1_424' title='bbox 1833 3282 1998 3337; x_wconf 90' lang='lat' dir='ltr'><strong>domo</strong></span> 
     </span>
    </p>
   </div>
   <div class='ocr_carea' id='block_1_56' title="bbox 409 3369 1996 3443">
    <p class='ocr_par' dir='ltr' id='par_1_56' title="bbox 409 3369 1996 3443">
     <span class='ocr_line' id='line_1_56' title="bbox 409 3369 1996 3443; baseline 0.004 -22"><span class='ocrx_word' id='word_1_425' title='bbox 409 3369 694 3439; x_wconf 78' lang='lat' dir='ltr'><strong>profugit:</strong></span> <span class='ocrx_word' id='word_1_426' title='bbox 729 3379 892 3439; x_wconf 88' lang='lat' dir='ltr'><strong>atque</strong></span> <span class='ocrx_word' id='word_1_427' title='bbox 926 3372 1016 3426; x_wconf 93' lang='lat' dir='ltr'><strong>ubi</strong></span> <span class='ocrx_word' id='word_1_428' title='bbox 1053 3373 1285 3440; x_wconf 73' lang='lat' dir='ltr'><strong>praedari</strong></span> <span class='ocrx_word' id='word_1_429' title='bbox 1318 3373 1628 3434; x_wconf 85' lang='lat' dir='ltr'><strong>didicisset,</strong></span> <span class='ocrx_word' id='word_1_430' title='bbox 1668 3374 1832 3443; x_wconf 87' lang='lat' dir='ltr'><strong>paulo</strong></span> <span class='ocrx_word' id='word_1_431' title='bbox 1870 3383 1996 3442; x_wconf 88' lang='lat' dir='ltr'><strong>post</strong></span> 
     </span>
    </p>
   </div>
   <div class='ocr_carea' id='block_1_57' title="bbox 410 3461 1995 3536">
    <p class='ocr_par' dir='ltr' id='par_1_57' title="bbox 410 3461 1995 3536">
     <span class='ocr_line' id='line_1_57' title="bbox 410 3461 1995 3536; baseline 0.005 -22"><span class='ocrx_word' id='word_1_432' title='bbox 410 3461 733 3531; x_wconf 79' lang='lat' dir='ltr'><strong>praedonum</strong></span> <span class='ocrx_word' id='word_1_433' title='bbox 760 3465 1007 3520; x_wconf 88' lang='lat' dir='ltr'><strong>cohortis</strong></span> <span class='ocrx_word' id='word_1_434' title='bbox 1040 3468 1338 3536; x_wconf 75' lang='lat' dir='ltr'><strong>praefectus</strong></span> <span class='ocrx_word' id='word_1_435' title='bbox 1367 3467 1493 3522; x_wconf 83' lang='lat' dir='ltr'><strong>fuit.</strong></span> <span class='ocrx_word' id='word_1_436' title='bbox 1527 3468 1595 3521; x_wconf 88' lang='lat' dir='ltr'><strong>Et</strong></span> <span class='ocrx_word' id='word_1_437' title='bbox 1623 3483 1750 3523; x_wconf 91' lang='lat' dir='ltr'><strong>eum</strong></span> <span class='ocrx_word' id='word_1_438' title='bbox 1783 3468 1995 3523; x_wconf 79' lang='lat' dir='ltr'><strong>nefaria</strong></span> 
     </span>
    </p>
   </div>
   <div class='ocr_carea' id='block_1_58' title="bbox 413 3553 1998 3629">
    <p class='ocr_par' dir='ltr' id='par_1_58' title="bbox 413 3553 1998 3629">
     <span class='ocr_line' id='line_1_58' title="bbox 413 3553 1998 3629; baseline 0.006 -24"><span class='ocrx_word' id='word_1_439' title='bbox 413 3553 584 3607; x_wconf 87' lang='lat' dir='ltr'><strong>multa</strong></span> <span class='ocrx_word' id='word_1_440' title='bbox 635 3555 845 3609; x_wconf 83' lang='lat' dir='ltr'><strong>scelera</strong></span> <span class='ocrx_word' id='word_1_441' title='bbox 889 3558 1233 3627; x_wconf 80' lang='lat' dir='ltr'><strong>peregisset.</strong></span> <span class='ocrx_word' id='word_1_442' title='bbox 1284 3567 1343 3615; x_wconf 87' lang='lat' dir='ltr'><strong>et</strong></span> <span class='ocrx_word' id='word_1_443' title='bbox 1376 3558 1444 3613; x_wconf 92' lang='lat' dir='ltr'><strong>ad</strong></span> <span class='ocrx_word' id='word_1_444' title='bbox 1484 3559 1664 3614; x_wconf 59' lang='lat' dir='ltr'><strong>caedes</strong></span> <span class='ocrx_word' id='word_1_445' title='bbox 1698 3559 1998 3629; x_wconf 86' lang='lat' dir='ltr'><strong>patrandas</strong></span> 
     </span>
    </p>
   </div>
   <div class='ocr_carea' id='block_1_59' title="bbox 411 3638 1997 3720">
    <p class='ocr_par' dir='ltr' id='par_1_59' title="bbox 411 3638 1997 3720">
     <span class='ocr_line' id='line_1_59' title="bbox 411 3638 1997 3720; baseline 0.004 -21"><span class='ocrx_word' id='word_1_446' title='bbox 411 3644 590 3700; x_wconf 79' lang='lat' dir='ltr'><strong>audax</strong></span> <span class='ocrx_word' id='word_1_447' title='bbox 621 3645 797 3702; x_wconf 77' lang='lat' dir='ltr'><strong>factus</strong></span> <span class='ocrx_word' id='word_1_448' title='bbox 818 3659 987 3710; x_wconf 87' lang='lat' dir='ltr'><strong>esset.</strong></span> <span class='ocrx_word' id='word_1_449' title='bbox 1012 3664 1077 3703; x_wconf 81' lang='lat' dir='ltr'><strong>ex</strong></span> <span class='ocrx_word' id='word_1_450' title='bbox 1101 3650 1385 3719; x_wconf 45' lang='lat' dir='ltr'><strong>praefracta</strong></span> <span class='ocrx_word' id='word_1_451' title='bbox 1415 3638 1650 3720; x_wconf 76' lang='lat' dir='ltr'><strong>quadam</strong></span> <span class='ocrx_word' id='word_1_452' title='bbox 1683 3653 1997 3705; x_wconf 87' lang='lat' dir='ltr'><strong>temeritate</strong></span> 
     </span>
    </p>
   </div>
   <div class='ocr_carea' id='block_1_60' title="bbox 417 3739 1999 3813">
    <p class='ocr_par' dir='ltr' id='par_1_60' title="bbox 417 3739 1999 3813">
     <span class='ocr_line' id='line_1_60' title="bbox 417 3739 1999 3813; baseline 0.005 -23"><span class='ocrx_word' id='word_1_453' title='bbox 417 3740 780 3793; x_wconf 89' lang='lat' dir='ltr'><strong>monasticam</strong></span> <span class='ocrx_word' id='word_1_454' title='bbox 812 3739 1095 3811; x_wconf 76' lang='lat' dir='ltr'><strong>ingressus</strong></span> <span class='ocrx_word' id='word_1_455' title='bbox 1132 3750 1219 3797; x_wconf 92' lang='lat' dir='ltr'><strong>est</strong></span> <span class='ocrx_word' id='word_1_456' title='bbox 1254 3743 1420 3796; x_wconf 80' lang='lat' dir='ltr'><strong>vitam</strong></span> <span class='ocrx_word' id='word_1_457' title='bbox 1444 3780 1460 3807; x_wconf 93' lang='lat'><strong>,</strong></span> <span class='ocrx_word' id='word_1_458' title='bbox 1499 3742 1999 3813; x_wconf 82' lang='lat' dir='ltr'><strong>philosopharith</strong></span> 
     </span>
    </p>
   </div>
   <div class='ocr_carea' id='block_1_61' title="bbox 415 3831 1996 3899">
    <p class='ocr_par' dir='ltr' id='par_1_61' title="bbox 415 3831 1996 3899">
     <span class='ocr_line' id='line_1_61' title="bbox 415 3831 1996 3899; baseline 0.005 -19"><span class='ocrx_word' id='word_1_459' title='bbox 415 3843 644 3897; x_wconf 87' lang='lat' dir='ltr'><strong>prorsus</strong></span> <span class='ocrx_word' id='word_1_460' title='bbox 680 3831 925 3899; x_wconf 89' lang='lat' dir='ltr'><strong>incepit,</strong></span> <span class='ocrx_word' id='word_1_461' title='bbox 974 3840 1204 3887; x_wconf 84' lang='lat' dir='ltr'><strong>strenue</strong></span> <span class='ocrx_word' id='word_1_462' title='bbox 1253 3832 1553 3888; x_wconf 85' lang='lat' dir='ltr'><strong>admodum</strong></span> <span class='ocrx_word' id='word_1_463' title='bbox 1605 3835 1671 3887; x_wconf 85' lang='lat' dir='ltr'><strong>ad</strong></span> <span class='ocrx_word' id='word_1_464' title='bbox 1728 3834 1996 3889; x_wconf 87' lang='lat' dir='ltr'><strong>virtutem</strong></span> 
     </span>
    </p>
   </div>
   <div class='ocr_carea' id='block_1_62' title="bbox 413 3925 2000 3997">
    <p class='ocr_par' dir='ltr' id='par_1_62' title="bbox 413 3925 2000 3997">
     <span class='ocr_line' id='line_1_62' title="bbox 413 3925 2000 3997; baseline 0.004 -21"><span class='ocrx_word' id='word_1_465' title='bbox 413 3938 695 3993; x_wconf 70' lang='lat' dir='ltr'><strong>grassatus.</strong></span> <span class='ocrx_word' id='word_1_466' title='bbox 746 3925 904 3991; x_wconf 86' lang='lat' dir='ltr'><strong>Quod</strong></span> <span class='ocrx_word' id='word_1_467' title='bbox 958 3935 1143 3980; x_wconf 89' lang='lat' dir='ltr'><strong>autem</strong></span> <span class='ocrx_word' id='word_1_468' title='bbox 1195 3927 1383 3997; x_wconf 88' lang='lat' dir='ltr'><strong>priore</strong></span> <span class='ocrx_word' id='word_1_469' title='bbox 1438 3927 1562 3981; x_wconf 72' lang='lat' dir='ltr'><strong>vita:</strong></span> <span class='ocrx_word' id='word_1_470' title='bbox 1614 3927 1905 3992; x_wconf 88' lang='lat' dir='ltr'><strong>instituto,</strong></span> <span class='ocrx_word' id='word_1_471' title='bbox 1942 3938 2000 3983; x_wconf 86' lang='lat' dir='ltr'><strong>et</strong></span> 
     </span>
    </p>
   </div>
   <div class='ocr_carea' id='block_1_63' title="bbox 416 4014 1998 4088">
    <p class='ocr_par' dir='ltr' id='par_1_63' title="bbox 416 4014 1998 4088">
     <span class='ocr_line' id='line_1_63' title="bbox 416 4014 1998 4088; baseline 0.004 -21"><span class='ocrx_word' id='word_1_472' title='bbox 416 4014 671 4083; x_wconf 90' lang='lat' dir='ltr'><strong>corporis</strong></span> <span class='ocrx_word' id='word_1_473' title='bbox 710 4015 894 4069; x_wconf 88' lang='lat' dir='ltr'><strong>valida</strong></span> <span class='ocrx_word' id='word_1_474' title='bbox 931 4017 1351 4082; x_wconf 87' lang='lat' dir='ltr'><strong>constitutione,</strong></span> <span class='ocrx_word' id='word_1_475' title='bbox 1386 4031 1603 4071; x_wconf 89' lang='lat' dir='ltr'><strong>rursum</strong></span> <span class='ocrx_word' id='word_1_476' title='bbox 1638 4016 1705 4071; x_wconf 87' lang='lat' dir='ltr'><strong>ad</strong></span> <span class='ocrx_word' id='word_1_477' title='bbox 1742 4018 1998 4088; x_wconf 66' lang='lat' dir='ltr'><strong>voluptao</strong></span> 
     </span>
    </p>
   </div>
   <div class='ocr_carea' id='block_1_64' title="bbox 417 4105 1999 4175">
    <p class='ocr_par' dir='ltr' id='par_1_64' title="bbox 417 4105 1999 4175">
     <span class='ocr_line' id='line_1_64' title="bbox 417 4105 1999 4175; baseline 0.006 -19"><span class='ocrx_word' id='word_1_478' title='bbox 417 4112 526 4156; x_wconf 89' lang='lat' dir='ltr'><strong>tem</strong></span> <span class='ocrx_word' id='word_1_479' title='bbox 565 4119 665 4174; x_wconf 91' lang='lat' dir='ltr'><strong>per</strong></span> <span class='ocrx_word' id='word_1_480' title='bbox 699 4105 1121 4175; x_wconf 81' lang='lat' dir='ltr'><strong>imaginationes</strong></span> <span class='ocrx_word' id='word_1_481' title='bbox 1158 4106 1421 4161; x_wconf 90' lang='lat' dir='ltr'><strong>incitatus</strong></span> <span class='ocrx_word' id='word_1_482' title='bbox 1450 4108 1789 4173; x_wconf 87' lang='lat' dir='ltr'><strong>alliceretur,</strong></span> <span class='ocrx_word' id='word_1_483' title='bbox 1824 4110 1999 4166; x_wconf 86' lang='lat' dir='ltr'><strong>variis</strong></span> 
     </span>
    </p>
   </div>
   <div class='ocr_carea' id='block_1_65' title="bbox 416 4197 1996 4268">
    <p class='ocr_par' dir='ltr' id='par_1_65' title="bbox 416 4197 1996 4268">
     <span class='ocr_line' id='line_1_65' title="bbox 416 4197 1996 4268; baseline 0.005 -18"><span class='ocrx_word' id='word_1_484' title='bbox 416 4197 708 4251; x_wconf 84' lang='lat' dir='ltr'><strong>exercitiis</strong></span> <span class='ocrx_word' id='word_1_485' title='bbox 747 4213 971 4253; x_wconf 91' lang='lat' dir='ltr'><strong>carnem</strong></span> <span class='ocrx_word' id='word_1_486' title='bbox 1016 4198 1243 4253; x_wconf 89' lang='lat' dir='ltr'><strong>domare</strong></span> <span class='ocrx_word' id='word_1_487' title='bbox 1280 4214 1632 4268; x_wconf 82' lang='lat' dir='ltr'><strong>summopere</strong></span> <span class='ocrx_word' id='word_1_488' title='bbox 1685 4204 1996 4258; x_wconf 88' lang='lat' dir='ltr'><strong>contendit.</strong></span> 
     </span>
    </p>
   </div>
   <div class='ocr_carea' id='block_1_66' title="bbox 411 4288 1999 4364">
    <p class='ocr_par' dir='ltr' id='par_1_66' title="bbox 411 4288 1999 4364">
     <span class='ocr_line' id='line_1_66' title="bbox 411 4288 1999 4364; baseline 0.004 -21"><span class='ocrx_word' id='word_1_489' title='bbox 411 4289 488 4344; x_wconf 84' lang='lat' dir='ltr'><strong>Et</strong></span> <span class='ocrx_word' id='word_1_490' title='bbox 521 4290 853 4359; x_wconf 78' lang='lat' dir='ltr'><strong>quandoque</strong></span> <span class='ocrx_word' id='word_1_491' title='bbox 895 4288 1121 4360; x_wconf 87' lang='lat' dir='ltr'><strong>quidem</strong></span> <span class='ocrx_word' id='word_1_492' title='bbox 1162 4290 1282 4345; x_wconf 84' lang='lat' dir='ltr'><strong>solo</strong></span> <span class='ocrx_word' id='word_1_493' title='bbox 1317 4308 1459 4362; x_wconf 88' lang='lat' dir='ltr'><strong>pane</strong></span> <span class='ocrx_word' id='word_1_494' title='bbox 1507 4293 1722 4364; x_wconf 86' lang='lat' dir='ltr'><strong>absque</strong></span> <span class='ocrx_word' id='word_1_495' title='bbox 1765 4296 1999 4351; x_wconf 87' lang='lat' dir='ltr'><strong>obsonio</strong></span> 
     </span>
    </p>
   </div>
   <div class='ocr_carea' id='block_1_67' title="bbox 421 4378 1995 4453">
    <p class='ocr_par' dir='ltr' id='par_1_67' title="bbox 421 4378 1995 4453">
     <span class='ocr_line' id='line_1_67' title="bbox 421 4378 1995 4453; baseline 0.005 -22"><span class='ocrx_word' id='word_1_496' title='bbox 421 4393 591 4444; x_wconf 88' lang='lat' dir='ltr'><strong>usus,</strong></span> <span class='ocrx_word' id='word_1_497' title='bbox 622 4378 960 4449; x_wconf 87' lang='lat' dir='ltr'><strong>quandoque</strong></span> <span class='ocrx_word' id='word_1_498' title='bbox 1004 4389 1191 4434; x_wconf 89' lang='lat' dir='ltr'><strong>autem</strong></span> <span class='ocrx_word' id='word_1_499' title='bbox 1238 4380 1479 4449; x_wconf 90' lang='lat' dir='ltr'><strong>plurimo</strong></span> <span class='ocrx_word' id='word_1_500' title='bbox 1523 4396 1690 4450; x_wconf 89' lang='lat' dir='ltr'><strong>opere</strong></span> <span class='ocrx_word' id='word_1_501' title='bbox 1726 4383 1995 4453; x_wconf 76' lang='lat' dir='ltr'><strong>perfecto,</strong></span> 
     </span>
    </p>
   </div>
   <div class='ocr_carea' id='block_1_68' title="bbox 2675 2885 3112 2952">
    <p class='ocr_par' dir='ltr' id='par_1_68' title="bbox 2675 2885 3112 2952">
     <span class='ocr_line' id='line_1_68' title="bbox 2675 2885 3112 2952; baseline -0.002 -12"><span class='ocrx_word' id='word_1_502' title='bbox 2675 2885 2933 2940; x_wconf 74' lang='grc' dir='ltr'><strong>ΚΕΦΑΛ.</strong></span> <span class='ocrx_word' id='word_1_503' title='bbox 2966 2886 3112 2952; x_wconf 67' lang='lat' dir='ltr'><strong>AG&quot;.</strong></span> 
     </span>
    </p>
   </div>
   <div class='ocr_carea' id='block_1_69' title="bbox 2159 2998 3631 3068">
    <p class='ocr_par' dir='ltr' id='par_1_69' title="bbox 2159 2998 3631 3068">
     <span class='ocr_line' id='line_1_69' title="bbox 2159 2998 3631 3068; baseline -0.001 -14"><span class='ocrx_word' id='word_1_504' title='bbox 2159 2999 2302 3068; x_wconf 79' lang='grc' dir='ltr'>Περὶ</span> <span class='ocrx_word' id='word_1_505' title='bbox 2326 3000 2590 3066; x_wconf 82' lang='grc' dir='ltr'><strong>Μωσέως</strong></span> <span class='ocrx_word' id='word_1_506' title='bbox 2615 2998 2722 3054; x_wconf 78' lang='grc' dir='ltr'>τοῦ</span> <span class='ocrx_word' id='word_1_507' title='bbox 2756 3001 3058 3066; x_wconf 76' lang='grc' dir='ltr'>Αἰθίοπος,</span> <span class='ocrx_word' id='word_1_508' title='bbox 3094 3001 3364 3065; x_wconf 68' lang='grc' dir='ltr'>Παύλου,</span> <span class='ocrx_word' id='word_1_509' title='bbox 3398 2998 3631 3068; x_wconf 81' lang='grc' dir='ltr'>Παχὼν,</span> 
     </span>
    </p>
   </div>
   <div class='ocr_carea' id='block_1_70' title="bbox 2382 3069 3369 3140">
    <p class='ocr_par' dir='ltr' id='par_1_70' title="bbox 2382 3069 3369 3140">
     <span class='ocr_line' id='line_1_70' title="bbox 2382 3069 3369 3140; baseline -0.001 -16"><span class='ocrx_word' id='word_1_510' title='bbox 2382 3073 2689 3140; x_wconf 61' lang='grc' dir='ltr'>Στεφάνου</span> <span class='ocrx_word' id='word_1_511' title='bbox 2713 3069 2812 3122; x_wconf 78' lang='grc' dir='ltr'><strong>καί</strong></span> <span class='ocrx_word' id='word_1_512' title='bbox 2844 3070 3052 3137; x_wconf 79' lang='grc' dir='ltr'>ἑτέρου</span> <span class='ocrx_word' id='word_1_513' title='bbox 3087 3071 3369 3135; x_wconf 81' lang='grc' dir='ltr'>Μωσέως.</span> 
     </span>
    </p>
   </div>
   <div class='ocr_carea' id='block_1_71' title="bbox 2181 3184 3683 3255">
    <p class='ocr_par' dir='ltr' id='par_1_71' title="bbox 2181 3184 3683 3255">
     <span class='ocr_line' id='line_1_71' title="bbox 2181 3184 3683 3255; baseline 0 -18"><span class='ocrx_word' id='word_1_514' title='bbox 2181 3186 2243 3237; x_wconf 88' lang='lat'><strong>&#39;0</strong></span> <span class='ocrx_word' id='word_1_515' title='bbox 2269 3185 2313 3239; x_wconf 91' lang='grc' dir='ltr'>δ’</span> <span class='ocrx_word' id='word_1_516' title='bbox 2343 3185 2536 3254; x_wconf 69' lang='grc' dir='ltr'>Αἰθίοψ</span> <span class='ocrx_word' id='word_1_517' title='bbox 2564 3185 2888 3255; x_wconf 33' lang='grc' dir='ltr'>Μωσῆςκτὴν</span> <span class='ocrx_word' id='word_1_518' title='bbox 2914 3184 3087 3255; x_wconf 88' lang='grc' dir='ltr'>τύχην</span> <span class='ocrx_word' id='word_1_519' title='bbox 3115 3184 3302 3250; x_wconf 83' lang='grc' dir='ltr'>δοῦλος</span> <span class='ocrx_word' id='word_1_520' title='bbox 3330 3184 3427 3251; x_wconf 81' lang='grc' dir='ltr'>ὢν,</span> <span class='ocrx_word' id='word_1_521' title='bbox 3455 3186 3543 3238; x_wconf 76' lang='grc' dir='ltr'><strong>διὰ</strong></span> <span class='ocrx_word' id='word_1_522' title='bbox 3580 3187 3683 3252; x_wconf 86' lang='grc' dir='ltr'>φύ-</span> 
     </span>
    </p>
   </div>
   <div class='ocr_carea' id='block_1_72' title="bbox 2103 3278 3682 3351">
    <p class='ocr_par' dir='ltr' id='par_1_72' title="bbox 2103 3278 3682 3351">
     <span class='ocr_line' id='line_1_72' title="bbox 2103 3278 3682 3351; baseline 0.002 -21"><span class='ocrx_word' id='word_1_523' title='bbox 2103 3294 2241 3341; x_wconf 87' lang='grc' dir='ltr'>σεως</span> <span class='ocrx_word' id='word_1_524' title='bbox 2274 3278 2581 3349; x_wconf 77' lang='grc' dir='ltr'>μοχθηρίαν</span> <span class='ocrx_word' id='word_1_525' title='bbox 2612 3280 2710 3349; x_wconf 84' lang='grc' dir='ltr'>τῆς</span> <span class='ocrx_word' id='word_1_526' title='bbox 2741 3279 2921 3343; x_wconf 84' lang='grc' dir='ltr'>οίκίας</span> <span class='ocrx_word' id='word_1_527' title='bbox 2950 3280 3046 3333; x_wconf 82' lang='grc' dir='ltr'>τοῦ</span> <span class='ocrx_word' id='word_1_528' title='bbox 3082 3280 3347 3335; x_wconf 68' lang='grc' dir='ltr'>δεσπότου</span> <span class='ocrx_word' id='word_1_529' title='bbox 3376 3280 3644 3351; x_wconf 74' lang='grc' dir='ltr'>ἠλαύνετο</span> <span class='ocrx_word' id='word_1_530' title='bbox 3669 3296 3682 3309; x_wconf 92' lang='grc'><strong>·</strong></span> 
     </span>
    </p>
   </div>
   <div class='ocr_carea' id='block_1_73' title="bbox 2100 3369 3681 3445">
    <p class='ocr_par' dir='ltr' id='par_1_73' title="bbox 2100 3369 3681 3445">
     <span class='ocr_line' id='line_1_73' title="bbox 2100 3369 3681 3445; baseline 0.001 -25"><span class='ocrx_word' id='word_1_531' title='bbox 2100 3369 2381 3441; x_wconf 78' lang='grc' dir='ltr'>λῃστεύειν</span> <span class='ocrx_word' id='word_1_532' title='bbox 2427 3370 2483 3424; x_wconf 73' lang='grc' dir='ltr'>δὲ</span> <span class='ocrx_word' id='word_1_533' title='bbox 2541 3370 2753 3441; x_wconf 85' lang='grc' dir='ltr'>μαθὼν,</span> <span class='ocrx_word' id='word_1_534' title='bbox 2814 3371 2959 3442; x_wconf 80' lang='grc' dir='ltr'>μετὰ</span> <span class='ocrx_word' id='word_1_535' title='bbox 3009 3372 3189 3443; x_wconf 79' lang='grc' dir='ltr'>βραχὺ</span> <span class='ocrx_word' id='word_1_536' title='bbox 3230 3371 3328 3425; x_wconf 86' lang='grc' dir='ltr'>τοῦ</span> <span class='ocrx_word' id='word_1_537' title='bbox 3385 3370 3681 3445; x_wconf 78' lang='grc' dir='ltr'>λῃστρικοῦ</span> 
     </span>
    </p>
   </div>
   <div class='ocr_carea' id='block_1_74' title="bbox 2102 3461 3683 3532">
    <p class='ocr_par' dir='ltr' id='par_1_74' title="bbox 2102 3461 3683 3532">
     <span class='ocr_line' id='line_1_74' title="bbox 2102 3461 3683 3532; baseline -0.001 -20"><span class='ocrx_word' id='word_1_538' title='bbox 2102 3461 2480 3529; x_wconf 74' lang='grc' dir='ltr'>συντάγματος</span> <span class='ocrx_word' id='word_1_539' title='bbox 2504 3461 2885 3532; x_wconf 85' lang='grc' dir='ltr'>καθηγήσατο.</span> <span class='ocrx_word' id='word_1_540' title='bbox 2924 3462 3162 3516; x_wconf 82' lang='grc' dir='ltr'>Πλεῖττα</span> <span class='ocrx_word' id='word_1_541' title='bbox 3188 3461 3234 3514; x_wconf 81' lang='grc' dir='ltr'>δ’</span> <span class='ocrx_word' id='word_1_542' title='bbox 3264 3461 3457 3513; x_wconf 76' lang='grc' dir='ltr'>ἀνόσια</span> <span class='ocrx_word' id='word_1_543' title='bbox 3491 3461 3683 3530; x_wconf 83' lang='grc' dir='ltr'>εἰργα-</span> 
     </span>
    </p>
   </div>
   <div class='ocr_carea' id='block_1_75' title="bbox 2103 3551 3686 3624">
    <p class='ocr_par' dir='ltr' id='par_1_75' title="bbox 2103 3551 3686 3624">
     <span class='ocr_line' id='line_1_75' title="bbox 2103 3551 3686 3624; baseline 0.001 -22"><span class='ocrx_word' id='word_1_544' title='bbox 2103 3552 2320 3621; x_wconf 78' lang='grc' dir='ltr'>σμένος,</span> <span class='ocrx_word' id='word_1_545' title='bbox 2381 3553 2474 3605; x_wconf 77' lang='grc' dir='ltr'><strong>καὶ</strong></span> <span class='ocrx_word' id='word_1_546' title='bbox 2529 3553 2804 3624; x_wconf 69' lang='grc' dir='ltr'>τολμηρὸς</span> <span class='ocrx_word' id='word_1_547' title='bbox 2854 3554 2989 3624; x_wconf 77' lang='grc' dir='ltr'>περὶ</span> <span class='ocrx_word' id='word_1_548' title='bbox 3035 3553 3232 3622; x_wconf 87' lang='grc' dir='ltr'>φόνους</span> <span class='ocrx_word' id='word_1_549' title='bbox 3278 3551 3595 3622; x_wconf 85' lang='grc' dir='ltr'>γενόμενος,</span> <span class='ocrx_word' id='word_1_550' title='bbox 3625 3552 3686 3604; x_wconf 79' lang='grc' dir='ltr'><strong>ἑκ</strong></span> 
     </span>
    </p>
   </div>
   <div class='ocr_carea' id='block_1_76' title="bbox 2100 3638 3685 3715">
    <p class='ocr_par' dir='ltr' id='par_1_76' title="bbox 2100 3638 3685 3715">
     <span class='ocr_line' id='line_1_76' title="bbox 2100 3638 3685 3715; baseline 0.001 -22"><span class='ocrx_word' id='word_1_551' title='bbox 2100 3657 2246 3702; x_wconf 87' lang='grc' dir='ltr'>τινος</span> <span class='ocrx_word' id='word_1_552' title='bbox 2296 3642 2650 3712; x_wconf 81' lang='grc' dir='ltr'>περιπετείας</span> <span class='ocrx_word' id='word_1_553' title='bbox 2677 3644 2749 3697; x_wconf 86' lang='grc' dir='ltr'><strong>τὰ</strong></span> <span class='ocrx_word' id='word_1_554' title='bbox 2798 3638 2909 3698; x_wconf 81' lang='grc' dir='ltr'><strong>τῶν</strong></span> <span class='ocrx_word' id='word_1_555' title='bbox 2947 3644 3203 3715; x_wconf 86' lang='grc' dir='ltr'>μοναχῶν</span> <span class='ocrx_word' id='word_1_556' title='bbox 3232 3643 3556 3697; x_wconf 67' lang='grc' dir='ltr'>ὑποδύεταισ</span> <span class='ocrx_word' id='word_1_557' title='bbox 3593 3645 3685 3696; x_wconf 81' lang='grc' dir='ltr'>καὶ</span> 
     </span>
    </p>
   </div>
   <div class='ocr_carea' id='block_1_77' title="bbox 2103 3731 3684 3813">
    <p class='ocr_par' dir='ltr' id='par_1_77' title="bbox 2103 3731 3684 3813">
     <span class='ocr_line' id='line_1_77' title="bbox 2103 3731 3684 3813; baseline 0.001 -29"><span class='ocrx_word' id='word_1_558' title='bbox 2103 3731 2417 3813; x_wconf 67' lang='grc' dir='ltr'>φιλοσοφεῖν</span> <span class='ocrx_word' id='word_1_559' title='bbox 2444 3732 2642 3805; x_wconf 81' lang='grc' dir='ltr'>ἀθρόον</span> <span class='ocrx_word' id='word_1_560' title='bbox 2670 3736 3000 3808; x_wconf 78' lang='grc' dir='ltr'>κατήρχετο,</span> <span class='ocrx_word' id='word_1_561' title='bbox 3051 3731 3111 3788; x_wconf 79' lang='grc' dir='ltr'><strong>εὖ</strong></span> <span class='ocrx_word' id='word_1_562' title='bbox 3147 3735 3294 3805; x_wconf 82' lang='grc' dir='ltr'>μάλα</span> <span class='ocrx_word' id='word_1_563' title='bbox 3335 3736 3684 3807; x_wconf 76' lang='grc' dir='ltr'>προσϐαίνων</span> 
     </span>
    </p>
   </div>
   <div class='ocr_carea' id='block_1_78' title="bbox 2100 3818 3685 3900">
    <p class='ocr_par' dir='ltr' id='par_1_78' title="bbox 2100 3818 3685 3900">
     <span class='ocr_line' id='line_1_78' title="bbox 2100 3818 3685 3900; baseline 0.002 -20"><span class='ocrx_word' id='word_1_564' title='bbox 2100 3828 2168 3898; x_wconf 76' lang='grc' dir='ltr'><strong>τῇ</strong></span> <span class='ocrx_word' id='word_1_565' title='bbox 2223 3827 2419 3896; x_wconf 79' lang='grc' dir='ltr'>ἀρετῇ.</span> <span class='ocrx_word' id='word_1_566' title='bbox 2482 3827 2562 3896; x_wconf 75' lang='grc' dir='ltr'><strong>Τῇ</strong></span> <span class='ocrx_word' id='word_1_567' title='bbox 2601 3830 2846 3900; x_wconf 70' lang='grc' dir='ltr'>προτέρᾳ</span> <span class='ocrx_word' id='word_1_568' title='bbox 2870 3829 2929 3882; x_wconf 83' lang='grc' dir='ltr'><strong>δέ</strong></span> <span class='ocrx_word' id='word_1_569' title='bbox 2977 3829 3157 3899; x_wconf 76' lang='grc' dir='ltr'>διαίτῃ</span> <span class='ocrx_word' id='word_1_570' title='bbox 3197 3818 3293 3883; x_wconf 69' lang='grc' dir='ltr'><strong>καὶ</strong></span> <span class='ocrx_word' id='word_1_571' title='bbox 3322 3829 3508 3900; x_wconf 74' lang='grc' dir='ltr'>εὐεξίᾳ</span> <span class='ocrx_word' id='word_1_572' title='bbox 3551 3828 3685 3897; x_wconf 79' lang='grc' dir='ltr'>πρὸς</span> 
     </span>
    </p>
   </div>
   <div class='ocr_carea' id='block_1_79' title="bbox 2103 3918 3685 3992">
    <p class='ocr_par' dir='ltr' id='par_1_79' title="bbox 2103 3918 3685 3992">
     <span class='ocr_line' id='line_1_79' title="bbox 2103 3918 3685 3992; baseline -0.002 -19"><span class='ocrx_word' id='word_1_573' title='bbox 2103 3920 2310 3992; x_wconf 78' lang='grc' dir='ltr'>ἡδονῶν</span> <span class='ocrx_word' id='word_1_574' title='bbox 2337 3922 2641 3990; x_wconf 83' lang='grc' dir='ltr'>φαντασίας</span> <span class='ocrx_word' id='word_1_575' title='bbox 2665 3918 2821 3986; x_wconf 83' lang='grc' dir='ltr'>αὖθις</span> <span class='ocrx_word' id='word_1_576' title='bbox 2844 3920 3282 3992; x_wconf 82' lang='grc' dir='ltr'>ὑποθελγόμενος</span> <span class='ocrx_word' id='word_1_577' title='bbox 3312 3922 3406 3975; x_wconf 79' lang='grc' dir='ltr'>καὶ</span> <span class='ocrx_word' id='word_1_578' title='bbox 3439 3918 3685 3991; x_wconf 79' lang='grc' dir='ltr'>ἐρεθιζό-</span> 
     </span>
    </p>
   </div>
   <div class='ocr_carea' id='block_1_80' title="bbox 2102 4011 3687 4086">
    <p class='ocr_par' dir='ltr' id='par_1_80' title="bbox 2102 4011 3687 4086">
     <span class='ocr_line' id='line_1_80' title="bbox 2102 4011 3687 4086; baseline -0.001 -22"><span class='ocrx_word' id='word_1_579' title='bbox 2102 4030 2287 4082; x_wconf 80' lang='grc' dir='ltr'>μενος,</span> <span class='ocrx_word' id='word_1_580' title='bbox 2323 4015 2593 4083; x_wconf 85' lang='grc' dir='ltr'>ἀσκήσεσι</span> <span class='ocrx_word' id='word_1_581' title='bbox 2635 4014 2912 4077; x_wconf 83' lang='grc' dir='ltr'>ποικίλαις</span> <span class='ocrx_word' id='word_1_582' title='bbox 2951 4014 3054 4086; x_wconf 78' lang='grc' dir='ltr'>τὴν</span> <span class='ocrx_word' id='word_1_583' title='bbox 3101 4014 3281 4082; x_wconf 84' lang='grc' dir='ltr'>σάρκα</span> <span class='ocrx_word' id='word_1_584' title='bbox 3315 4013 3437 4066; x_wconf 89' lang='grc' dir='ltr'>λίαν</span> <span class='ocrx_word' id='word_1_585' title='bbox 3460 4011 3687 4079; x_wconf 75' lang='grc' dir='ltr'>ἐκτῆξαι</span> 
     </span>
    </p>
   </div>
   <div class='ocr_carea' id='block_1_81' title="bbox 2101 4102 3683 4178">
    <p class='ocr_par' dir='ltr' id='par_1_81' title="bbox 2101 4102 3683 4178">
     <span class='ocr_line' id='line_1_81' title="bbox 2101 4102 3683 4178; baseline -0.003 -19"><span class='ocrx_word' id='word_1_586' title='bbox 2101 4107 2452 4175; x_wconf 82' lang='grc' dir='ltr'>ἐφιλονείκει.</span> <span class='ocrx_word' id='word_1_587' title='bbox 2514 4109 2622 4160; x_wconf 71' lang='grc' dir='ltr'><strong>Καὶ</strong></span> <span class='ocrx_word' id='word_1_588' title='bbox 2686 4109 2818 4161; x_wconf 69' lang='grc' dir='ltr'>ποτὲ</span> <span class='ocrx_word' id='word_1_589' title='bbox 2860 4108 2961 4177; x_wconf 73' lang='grc' dir='ltr'>μὲν</span> <span class='ocrx_word' id='word_1_590' title='bbox 2990 4107 3143 4178; x_wconf 77' lang='grc' dir='ltr'>ἄρτῳ</span> <span class='ocrx_word' id='word_1_591' title='bbox 3181 4106 3331 4177; x_wconf 85' lang='grc' dir='ltr'>μόνῳ</span> <span class='ocrx_word' id='word_1_592' title='bbox 3379 4106 3506 4177; x_wconf 88' lang='grc' dir='ltr'>δίχα</span> <span class='ocrx_word' id='word_1_593' title='bbox 3550 4102 3683 4174; x_wconf 70' lang='grc' dir='ltr'>ὕψου</span> 
     </span>
    </p>
   </div>
   <div class='ocr_carea' id='block_1_82' title="bbox 2102 4196 3687 4268">
    <p class='ocr_par' dir='ltr' id='par_1_82' title="bbox 2102 4196 3687 4268">
     <span class='ocr_line' id='line_1_82' title="bbox 2102 4196 3687 4268; baseline -0.013 -11"><span class='ocrx_word' id='word_1_594' title='bbox 2102 4199 2337 4267; x_wconf 79' lang='grc' dir='ltr'>ἐχρῆτο·</span> <span class='ocrx_word' id='word_1_595' title='bbox 2369 4199 2448 4267; x_wconf 75' lang='grc' dir='ltr'>πῆ</span> <span class='ocrx_word' id='word_1_596' title='bbox 2480 4196 2538 4250; x_wconf 78' lang='grc' dir='ltr'>δὲ</span> <span class='ocrx_word' id='word_1_597' title='bbox 2566 4199 2830 4251; x_wconf 79' lang='grc' dir='ltr'>πλεῖστον</span> <span class='ocrx_word' id='word_1_598' title='bbox 2872 4197 3035 4268; x_wconf 78' lang='grc' dir='ltr'>ἔργον</span> <span class='ocrx_word' id='word_1_599' title='bbox 3091 4197 3296 4263; x_wconf 83' lang='grc' dir='ltr'>ἀνύων,</span> <span class='ocrx_word' id='word_1_600' title='bbox 3347 4198 3444 4250; x_wconf 79' lang='grc' dir='ltr'>ἐπὶ</span> <span class='ocrx_word' id='word_1_601' title='bbox 3492 4198 3687 4265; x_wconf 65' lang='grc' dir='ltr'>πεντῄ-</span> 
     </span>
    </p>
   </div>
   <div class='ocr_carea' id='block_1_83' title="bbox 2102 4288 3675 4360">
    <p class='ocr_par' dir='ltr' id='par_1_83' title="bbox 2102 4288 3675 4360">
     <span class='ocr_line' id='line_1_83' title="bbox 2102 4288 3675 4360; baseline 0.001 -20"><span class='ocrx_word' id='word_1_602' title='bbox 2102 4304 2292 4354; x_wconf 87' lang='grc' dir='ltr'>κοντα,</span> <span class='ocrx_word' id='word_1_603' title='bbox 2316 4290 2534 4360; x_wconf 79' lang='grc' dir='ltr'>ἡμέρας</span> <span class='ocrx_word' id='word_1_604' title='bbox 2559 4289 2823 4358; x_wconf 76' lang='grc' dir='ltr'>ἑκάστης,</span> <span class='ocrx_word' id='word_1_605' title='bbox 2855 4290 3030 4344; x_wconf 86' lang='grc' dir='ltr'>ἐποίει</span> <span class='ocrx_word' id='word_1_606' title='bbox 3055 4289 3244 4360; x_wconf 74' lang='grc' dir='ltr'>εὐχάς.</span> <span class='ocrx_word' id='word_1_607' title='bbox 3276 4290 3384 4343; x_wconf 84' lang='grc' dir='ltr'><strong>Καὶ</strong></span> <span class='ocrx_word' id='word_1_608' title='bbox 3408 4289 3466 4355; x_wconf 76' lang='grc' dir='ltr'>ἓξ</span> <span class='ocrx_word' id='word_1_609' title='bbox 3492 4289 3549 4342; x_wconf 80' lang='grc' dir='ltr'>δὲ</span> <span class='ocrx_word' id='word_1_610' title='bbox 3580 4288 3675 4356; x_wconf 75' lang='grc' dir='ltr'>ἐτη</span> 
     </span>
    </p>
   </div>
   <div class='ocr_carea' id='block_1_84' title="bbox 2102 4377 3686 4450">
    <p class='ocr_par' dir='ltr' id='par_1_84' title="bbox 2102 4377 3686 4450">
     <span class='ocr_line' id='line_1_84' title="bbox 2102 4377 3686 4450; baseline 0.001 -20"><span class='ocrx_word' id='word_1_611' title='bbox 2102 4377 2245 4431; x_wconf 78' lang='grc' dir='ltr'>κατὰ</span> <span class='ocrx_word' id='word_1_612' title='bbox 2285 4378 2574 4448; x_wconf 76' lang='grc' dir='ltr'>συνέχειαν</span> <span class='ocrx_word' id='word_1_613' title='bbox 2603 4379 2932 4446; x_wconf 80' lang='grc' dir='ltr'>διετέλεσεν,</span> <span class='ocrx_word' id='word_1_614' title='bbox 2980 4380 3312 4450; x_wconf 84' lang='grc' dir='ltr'>ὁλοκλήρους</span> <span class='ocrx_word' id='word_1_615' title='bbox 3342 4381 3544 4443; x_wconf 84' lang='grc' dir='ltr'>νύκτας</span> <span class='ocrx_word' id='word_1_616' title='bbox 3569 4379 3686 4445; x_wconf 84' lang='grc' dir='ltr'>διά-</span> 
     </span>
    </p>
   </div>
   <div class='ocr_carea' id='block_1_85' title="bbox 416 4467 1994 4543">
    <p class='ocr_par' dir='ltr' id='par_1_85' title="bbox 416 4470 1994 4543">
     <span class='ocr_line' id='line_1_85' title="bbox 416 4470 1994 4543; baseline 0.004 -21"><span class='ocrx_word' id='word_1_617' title='bbox 416 4470 483 4523; x_wconf 89' lang='lat' dir='ltr'><strong>ad</strong></span> <span class='ocrx_word' id='word_1_618' title='bbox 535 4471 935 4539; x_wconf 76' lang='lat' dir='ltr'><strong>quinquaginta</strong></span> <span class='ocrx_word' id='word_1_619' title='bbox 989 4470 1080 4525; x_wconf 88' lang='lat' dir='ltr'><strong>die</strong></span> <span class='ocrx_word' id='word_1_620' title='bbox 1133 4471 1389 4541; x_wconf 90' lang='lat' dir='ltr'><strong>quolibet</strong></span> <span class='ocrx_word' id='word_1_621' title='bbox 1442 4475 1792 4543; x_wconf 87' lang='lat' dir='ltr'><strong>precationes</strong></span> <span class='ocrx_word' id='word_1_622' title='bbox 1845 4474 1994 4531; x_wconf 82' lang='lat' dir='ltr'><strong>fecit.</strong></span> 
     </span>
    </p>
   </div>
   <div class='ocr_carea' id='block_1_86' title="bbox 2101 4467 3684 4543">
    <p class='ocr_par' dir='ltr' id='par_1_86' title="bbox 2107 4468 3684 4542">
     <span class='ocr_line' id='line_1_86' title="bbox 2107 4468 3684 4542; baseline 0.002 -22"><span class='ocrx_word' id='word_1_623' title='bbox 2107 4483 2241 4535; x_wconf 88' lang='grc' dir='ltr'>γων,</span> <span class='ocrx_word' id='word_1_624' title='bbox 2309 4468 2485 4533; x_wconf 79' lang='grc' dir='ltr'>ἑστὼς</span> <span class='ocrx_word' id='word_1_625' title='bbox 2534 4470 2631 4525; x_wconf 73' lang='grc' dir='ltr'>ἐπὶ</span> <span class='ocrx_word' id='word_1_626' title='bbox 2685 4473 3060 4542; x_wconf 88' lang='grc' dir='ltr'>προσευχαῖς·</span> <span class='ocrx_word' id='word_1_627' title='bbox 3121 4472 3261 4542; x_wconf 79' lang='grc' dir='ltr'>μήτε</span> <span class='ocrx_word' id='word_1_628' title='bbox 3290 4471 3419 4539; x_wconf 86' lang='grc' dir='ltr'>γόνυ</span> <span class='ocrx_word' id='word_1_629' title='bbox 3468 4470 3684 4533; x_wconf 76' lang='grc' dir='ltr'>κλίνων,</span> 
     </span>
    </p>
   </div>
   <div class='ocr_carea' id='block_1_87' title="bbox 419 4562 2002 4638">
    <p class='ocr_par' dir='ltr' id='par_1_87' title="bbox 419 4562 2002 4638">
     <span class='ocr_line' id='line_1_87' title="bbox 419 4562 2002 4638; baseline 0.003 -19"><span class='ocrx_word' id='word_1_630' title='bbox 419 4563 487 4619; x_wconf 85' lang='grc' dir='ltr'>Ει</span> <span class='ocrx_word' id='word_1_631' title='bbox 517 4578 614 4617; x_wconf 90' lang='lat' dir='ltr'><strong>sex</strong></span> <span class='ocrx_word' id='word_1_632' title='bbox 649 4564 932 4616; x_wconf 75' lang='lat' dir='ltr'><strong>continuis</strong></span> <span class='ocrx_word' id='word_1_633' title='bbox 956 4562 1116 4617; x_wconf 87' lang='lat' dir='ltr'><strong>annis</strong></span> <span class='ocrx_word' id='word_1_634' title='bbox 1140 4574 1332 4619; x_wconf 89' lang='lat' dir='ltr'><strong>noctes</strong></span> <span class='ocrx_word' id='word_1_635' title='bbox 1379 4575 1526 4621; x_wconf 89' lang='lat' dir='ltr'><strong>totas</strong></span> <span class='ocrx_word' id='word_1_636' title='bbox 1553 4568 1847 4638; x_wconf 75' lang='lat' dir='ltr'><strong>pervigilio</strong></span> <span class='ocrx_word' id='word_1_637' title='bbox 1871 4583 2002 4623; x_wconf 82' lang='lat' dir='ltr'><strong>exe-</strong></span> 
     </span>
    </p>
   </div>
   <div class='ocr_carea' id='block_1_88' title="bbox 415 4654 2003 4730">
    <p class='ocr_par' dir='ltr' id='par_1_88' title="bbox 415 4654 2003 4730">
     <span class='ocr_line' id='line_1_88' title="bbox 415 4654 2003 4730; baseline 0.006 -23"><span class='ocrx_word' id='word_1_638' title='bbox 415 4654 516 4724; x_wconf 73' lang='lat' dir='ltr'><strong>git,</strong></span> <span class='ocrx_word' id='word_1_639' title='bbox 554 4663 706 4708; x_wconf 87' lang='lat' dir='ltr'><strong>stans</strong></span> <span class='ocrx_word' id='word_1_640' title='bbox 743 4664 908 4723; x_wconf 90' lang='lat' dir='ltr'><strong>atque</strong></span> <span class='ocrx_word' id='word_1_641' title='bbox 939 4669 1139 4719; x_wconf 88' lang='lat' dir='ltr'><strong>orans,</strong></span> <span class='ocrx_word' id='word_1_642' title='bbox 1178 4659 1255 4711; x_wconf 87' lang='lat' dir='ltr'><strong>ita</strong></span> <span class='ocrx_word' id='word_1_643' title='bbox 1301 4668 1359 4710; x_wconf 91' lang='lat' dir='ltr'><strong>ut</strong></span> <span class='ocrx_word' id='word_1_644' title='bbox 1404 4673 1587 4729; x_wconf 88' lang='lat' dir='ltr'><strong>neque</strong></span> <span class='ocrx_word' id='word_1_645' title='bbox 1624 4676 1804 4730; x_wconf 80' lang='lat' dir='ltr'><strong>genua</strong></span> <span class='ocrx_word' id='word_1_646' title='bbox 1835 4661 2003 4717; x_wconf 86' lang='lat' dir='ltr'><strong>incli-</strong></span> 
     </span>
    </p>
   </div>
   <div class='ocr_carea' id='block_1_89' title="bbox 330 4735 2003 4824">
    <p class='ocr_par' dir='ltr' id='par_1_89' title="bbox 330 4735 2003 4824">
     <span class='ocr_line' id='line_1_89' title="bbox 330 4735 2003 4824; baseline 0.007 -25"><span class='ocrx_word' id='word_1_647' title='bbox 330 4735 336 4743; x_wconf 83' lang='grc'><em>’</em></span> <span class='ocrx_word' id='word_1_648' title='bbox 412 4753 602 4807; x_wconf 85' lang='lat' dir='ltr'><strong>.uaret,</strong></span> <span class='ocrx_word' id='word_1_649' title='bbox 623 4760 802 4815; x_wconf 87' lang='lat' dir='ltr'><strong>neque</strong></span> <span class='ocrx_word' id='word_1_650' title='bbox 826 4762 1055 4816; x_wconf 88' lang='lat' dir='ltr'><strong>prorsus</strong></span> <span class='ocrx_word' id='word_1_651' title='bbox 1075 4750 1255 4805; x_wconf 91' lang='lat' dir='ltr'><strong>oculis</strong></span> <span class='ocrx_word' id='word_1_652' title='bbox 1279 4749 1348 4805; x_wconf 90' lang='lat' dir='ltr'><strong>ad</strong></span> <span class='ocrx_word' id='word_1_653' title='bbox 1372 4766 1626 4806; x_wconf 86' lang='lat' dir='ltr'><strong>somnum</strong></span> <span class='ocrx_word' id='word_1_654' title='bbox 1648 4738 2003 4824; x_wconf 80' lang='lat' dir='ltr'><strong>propendens</strong></span> 
     </span>
    </p>
   </div>
   <div class='ocr_carea' id='block_1_90' title="bbox 408 4837 2002 4903">
    <p class='ocr_par' dir='ltr' id='par_1_90' title="bbox 408 4837 2002 4903">
     <span class='ocr_line' id='line_1_90' title="bbox 408 4837 2002 4903; baseline 0.007 -11"><span class='ocrx_word' id='word_1_655' title='bbox 408 4837 768 4892; x_wconf 68' lang='lat' dir='ltr'><strong>«cormiveret.</strong></span> <span class='ocrx_word' id='word_1_656' title='bbox 819 4840 994 4895; x_wconf 89' lang='lat' dir='ltr'><strong>Porro</strong></span> <span class='ocrx_word' id='word_1_657' title='bbox 1046 4853 1212 4897; x_wconf 88' lang='lat' dir='ltr'><strong>noctu</strong></span> <span class='ocrx_word' id='word_1_658' title='bbox 1267 4846 1667 4900; x_wconf 88' lang='lat' dir='ltr'><strong>monachorum</strong></span> <span class='ocrx_word' id='word_1_659' title='bbox 1723 4847 2002 4903; x_wconf 88' lang='lat' dir='ltr'><strong>domicilia</strong></span> 
     </span>
    </p>
   </div>
   <div class='ocr_carea' id='block_1_91' title="bbox 406 4932 2003 5009">
    <p class='ocr_par' dir='ltr' id='par_1_91' title="bbox 406 4932 2003 5009">
     <span class='ocr_line' id='line_1_91' title="bbox 406 4932 2003 5009; baseline 0.008 -26"><span class='ocrx_word' id='word_1_660' title='bbox 406 4932 789 4996; x_wconf 61' lang='lat' dir='ltr'><strong>cireumiens,</strong></span> <span class='ocrx_word' id='word_1_661' title='bbox 828 4933 968 4988; x_wconf 88' lang='lat' dir='ltr'><strong>clam</strong></span> <span class='ocrx_word' id='word_1_662' title='bbox 1005 4935 1444 5008; x_wconf 86' lang='lat' dir='ltr'><strong>uniuscujusque</strong></span> <span class='ocrx_word' id='word_1_663' title='bbox 1481 4938 1736 5009; x_wconf 86' lang='lat' dir='ltr'><strong>hydriam</strong></span> <span class='ocrx_word' id='word_1_664' title='bbox 1779 4939 2003 4995; x_wconf 77' lang='lat' dir='ltr'><strong>aufere-</strong></span> 
     </span>
    </p>
   </div>
   <div class='ocr_carea' id='block_1_92' title="bbox 414 5022 2003 5100">
    <p class='ocr_par' dir='ltr' id='par_1_92' title="bbox 414 5022 2003 5100">
     <span class='ocr_line' id='line_1_92' title="bbox 414 5022 2003 5100; baseline 0.004 -23"><span class='ocrx_word' id='word_1_665' title='bbox 414 5022 536 5087; x_wconf 73' lang='lat' dir='ltr'><strong>bat,</strong></span> <span class='ocrx_word' id='word_1_666' title='bbox 567 5037 801 5093; x_wconf 86' lang='lat' dir='ltr'><strong>eamque</strong></span> <span class='ocrx_word' id='word_1_667' title='bbox 840 5040 984 5095; x_wconf 85' lang='lat' dir='ltr'><strong>aqua</strong></span> <span class='ocrx_word' id='word_1_668' title='bbox 1021 5028 1289 5097; x_wconf 84' lang='lat' dir='ltr'><strong>repletam</strong></span> <span class='ocrx_word' id='word_1_669' title='bbox 1324 5028 1381 5082; x_wconf 91' lang='lat' dir='ltr'><strong>in</strong></span> <span class='ocrx_word' id='word_1_670' title='bbox 1421 5030 1605 5084; x_wconf 91' lang='lat' dir='ltr'><strong>locum</strong></span> <span class='ocrx_word' id='word_1_671' title='bbox 1637 5044 1799 5085; x_wconf 88' lang='lat' dir='ltr'><strong>suum</strong></span> <span class='ocrx_word' id='word_1_672' title='bbox 1836 5045 2003 5100; x_wconf 59' lang='lat' dir='ltr'><strong>repo.</strong></span> 
     </span>
    </p>
   </div>
   <div class='ocr_carea' id='block_1_93' title="bbox 412 5116 2001 5193">
    <p class='ocr_par' dir='ltr' id='par_1_93' title="bbox 412 5116 2001 5193">
     <span class='ocr_line' id='line_1_93' title="bbox 412 5116 2001 5193; baseline 0.005 -24"><span class='ocrx_word' id='word_1_673' title='bbox 412 5116 607 5171; x_wconf 79' lang='lat' dir='ltr'><strong>nebat.</strong></span> <span class='ocrx_word' id='word_1_674' title='bbox 638 5116 814 5188; x_wconf 75' lang='lat' dir='ltr'><strong>quue</strong></span> <span class='ocrx_word' id='word_1_675' title='bbox 841 5118 1089 5190; x_wconf 74' lang='lat' dir='ltr'><strong>ingentis</strong></span> <span class='ocrx_word' id='word_1_676' title='bbox 1123 5119 1334 5176; x_wconf 87' lang='lat' dir='ltr'><strong>laboris</strong></span> <span class='ocrx_word' id='word_1_677' title='bbox 1368 5119 1496 5183; x_wconf 81' lang='lat' dir='ltr'><strong>fuit,</strong></span> <span class='ocrx_word' id='word_1_678' title='bbox 1530 5130 1823 5191; x_wconf 90' lang='lat' dir='ltr'><strong>propterea</strong></span> <span class='ocrx_word' id='word_1_679' title='bbox 1853 5123 2001 5193; x_wconf 90' lang='lat' dir='ltr'><strong>quod</strong></span> 
     </span>
    </p>
   </div>
   <div class='ocr_carea' id='block_1_94' title="bbox 412 5209 2002 5283">
    <p class='ocr_par' dir='ltr' id='par_1_94' title="bbox 412 5209 2002 5283">
     <span class='ocr_line' id='line_1_94' title="bbox 412 5209 2002 5283; baseline 0.003 -18"><span class='ocrx_word' id='word_1_680' title='bbox 412 5209 550 5265; x_wconf 78' lang='lat' dir='ltr'><strong>inde</strong></span> <span class='ocrx_word' id='word_1_681' title='bbox 585 5209 740 5267; x_wconf 88' lang='lat' dir='ltr'><strong>locus</strong></span> <span class='ocrx_word' id='word_1_682' title='bbox 766 5211 865 5267; x_wconf 76' lang='lat' dir='ltr'><strong>ubi</strong></span> <span class='ocrx_word' id='word_1_683' title='bbox 905 5226 1047 5283; x_wconf 84' lang='lat' dir='ltr'><strong>aqua</strong></span> <span class='ocrx_word' id='word_1_684' title='bbox 1084 5210 1321 5277; x_wconf 77' lang='lat' dir='ltr'><strong>ﬂuebat,</strong></span> <span class='ocrx_word' id='word_1_685' title='bbox 1355 5213 1483 5267; x_wconf 80' lang='lat' dir='ltr'><strong>aliis</strong></span> <span class='ocrx_word' id='word_1_686' title='bbox 1520 5214 1748 5282; x_wconf 91' lang='lat' dir='ltr'><strong>quidem</strong></span> <span class='ocrx_word' id='word_1_687' title='bbox 1784 5215 2002 5282; x_wconf 84' lang='lat' dir='ltr'><strong>decem,</strong></span> 
     </span>
    </p>
   </div>
   <div class='ocr_carea' id='block_1_95' title="bbox 409 5302 2002 5378">
    <p class='ocr_par' dir='ltr' id='par_1_95' title="bbox 409 5302 2002 5378">
     <span class='ocr_line' id='line_1_95' title="bbox 409 5302 2002 5378; baseline 0.004 -22"><span class='ocrx_word' id='word_1_688' title='bbox 409 5302 703 5359; x_wconf 85' lang='lat' dir='ltr'><strong>nonnullis</strong></span> <span class='ocrx_word' id='word_1_689' title='bbox 731 5313 918 5360; x_wconf 83' lang='lat' dir='ltr'><strong>autem</strong></span> <span class='ocrx_word' id='word_1_690' title='bbox 950 5306 1170 5376; x_wconf 72' lang='lat' dir='ltr'><strong>viginti,</strong></span> <span class='ocrx_word' id='word_1_691' title='bbox 1203 5305 1539 5376; x_wconf 87' lang='lat' dir='ltr'><strong>quibusdam</strong></span> <span class='ocrx_word' id='word_1_692' title='bbox 1570 5307 1738 5361; x_wconf 89' lang='lat' dir='ltr'><strong>etiam</strong></span> <span class='ocrx_word' id='word_1_693' title='bbox 1776 5308 2002 5378; x_wconf 82' lang='lat' dir='ltr'><strong>triginta</strong></span> 
     </span>
    </p>
   </div>
   <div class='ocr_carea' id='block_1_96' title="bbox 404 5394 2003 5470">
    <p class='ocr_par' dir='ltr' id='par_1_96' title="bbox 404 5394 2003 5470">
     <span class='ocr_line' id='line_1_96' title="bbox 404 5394 2003 5470; baseline 0.002 -18"><span class='ocrx_word' id='word_1_694' title='bbox 404 5394 609 5453; x_wconf 73' lang='lat' dir='ltr'><strong>stadiis</strong></span> <span class='ocrx_word' id='word_1_695' title='bbox 643 5396 882 5453; x_wconf 86' lang='lat' dir='ltr'><strong>abesset.</strong></span> <span class='ocrx_word' id='word_1_696' title='bbox 922 5396 1193 5468; x_wconf 75' lang='lat' dir='ltr'><strong>Perlonge</strong></span> <span class='ocrx_word' id='word_1_697' title='bbox 1248 5412 1381 5453; x_wconf 83' lang='lat' dir='ltr'><strong>vero</strong></span> <span class='ocrx_word' id='word_1_698' title='bbox 1417 5407 1666 5468; x_wconf 88' lang='lat' dir='ltr'><strong>tempore</strong></span> <span class='ocrx_word' id='word_1_699' title='bbox 1700 5400 2003 5470; x_wconf 90' lang='lat' dir='ltr'><strong>pristinum</strong></span> 
     </span>
    </p>
   </div>
   <div class='ocr_carea' id='block_1_97' title="bbox 406 5489 2002 5560">
    <p class='ocr_par' dir='ltr' id='par_1_97' title="bbox 406 5489 2002 5560">
     <span class='ocr_line' id='line_1_97' title="bbox 406 5489 2002 5560; baseline 0.002 -15"><span class='ocrx_word' id='word_1_700' title='bbox 406 5503 581 5545; x_wconf 81' lang='lat' dir='ltr'><strong>suum</strong></span> <span class='ocrx_word' id='word_1_701' title='bbox 629 5490 863 5544; x_wconf 88' lang='lat' dir='ltr'><strong>retinuit</strong></span> <span class='ocrx_word' id='word_1_702' title='bbox 902 5489 1097 5558; x_wconf 88' lang='lat' dir='ltr'><strong>robur,</strong></span> <span class='ocrx_word' id='word_1_703' title='bbox 1142 5492 1398 5560; x_wconf 78' lang='lat' dir='ltr'><strong>quamvis</strong></span> <span class='ocrx_word' id='word_1_704' title='bbox 1440 5492 1676 5546; x_wconf 85' lang='lat' dir='ltr'><strong>multum</strong></span> <span class='ocrx_word' id='word_1_705' title='bbox 1732 5492 1902 5548; x_wconf 87' lang='lat' dir='ltr'><strong>studii</strong></span> <span class='ocrx_word' id='word_1_706' title='bbox 1944 5492 2002 5548; x_wconf 90' lang='lat' dir='ltr'><strong>in</strong></span> 
     </span>
    </p>
   </div>
   <div class='ocr_carea' id='block_1_98' title="bbox 413 5579 2006 5647">
    <p class='ocr_par' dir='ltr' id='par_1_98' title="bbox 413 5579 2006 5647">
     <span class='ocr_line' id='line_1_98' title="bbox 413 5579 2006 5647; baseline 0.005 -14"><span class='ocrx_word' id='word_1_707' title='bbox 413 5579 523 5637; x_wconf 85' lang='lat' dir='ltr'><strong>hoc</strong></span> <span class='ocrx_word' id='word_1_708' title='bbox 562 5582 896 5647; x_wconf 86' lang='lat' dir='ltr'><strong>collocaret,</strong></span> <span class='ocrx_word' id='word_1_709' title='bbox 939 5590 999 5637; x_wconf 89' lang='lat' dir='ltr'><strong>ut</strong></span> <span class='ocrx_word' id='word_1_710' title='bbox 1029 5582 1085 5638; x_wconf 89' lang='lat' dir='ltr'><strong>id</strong></span> <span class='ocrx_word' id='word_1_711' title='bbox 1127 5581 1447 5640; x_wconf 84' lang='lat' dir='ltr'><strong>debilitaret</strong></span> <span class='ocrx_word' id='word_1_712' title='bbox 1471 5625 1484 5647; x_wconf 87' lang='lat'><strong>,</strong></span> <span class='ocrx_word' id='word_1_713' title='bbox 1526 5595 1584 5640; x_wconf 92' lang='lat' dir='ltr'><strong>et</strong></span> <span class='ocrx_word' id='word_1_714' title='bbox 1616 5588 1843 5641; x_wconf 83' lang='lat' dir='ltr'><strong>carnem</strong></span> <span class='ocrx_word' id='word_1_715' title='bbox 1881 5587 2006 5641; x_wconf 90' lang='lat' dir='ltr'><strong>diu-</strong></span> 
     </span>
    </p>
   </div>
   <div class='ocr_carea' id='block_1_99' title="bbox 420 5666 2004 5746">
    <p class='ocr_par' dir='ltr' id='par_1_99' title="bbox 420 5666 2004 5746">
     <span class='ocr_line' id='line_1_99' title="bbox 420 5666 2004 5746; baseline 0.005 -23"><span class='ocrx_word' id='word_1_716' title='bbox 420 5666 584 5726; x_wconf 82' lang='lat' dir='ltr'><strong>turna</strong></span> <span class='ocrx_word' id='word_1_717' title='bbox 612 5688 856 5728; x_wconf 84' lang='lat' dir='ltr'><strong>aerumna</strong></span> <span class='ocrx_word' id='word_1_718' title='bbox 879 5683 1228 5730; x_wconf 86' lang='lat' dir='ltr'><strong>extenuaret.</strong></span> <span class='ocrx_word' id='word_1_719' title='bbox 1254 5674 1455 5731; x_wconf 88' lang='lat' dir='ltr'><strong>Dicunt</strong></span> <span class='ocrx_word' id='word_1_720' title='bbox 1473 5687 1684 5739; x_wconf 77' lang='lat' dir='ltr'><strong>autem,</strong></span> <span class='ocrx_word' id='word_1_721' title='bbox 1705 5676 2004 5746; x_wconf 89' lang='lat' dir='ltr'><strong>aliquando</strong></span> 
     </span>
    </p>
   </div>
   <div class='ocr_carea' id='block_1_100' title="bbox 421 5763 2004 5839">
    <p class='ocr_par' dir='ltr' id='par_1_100' title="bbox 421 5763 2004 5839">
     <span class='ocr_line' id='line_1_100' title="bbox 421 5763 2004 5839; baseline 0.006 -24"><span class='ocrx_word' id='word_1_722' title='bbox 421 5763 713 5830; x_wconf 72' lang='lat' dir='ltr'><strong>praedones</strong></span> <span class='ocrx_word' id='word_1_723' title='bbox 748 5781 874 5822; x_wconf 83' lang='lat' dir='ltr'><strong>cum</strong></span> <span class='ocrx_word' id='word_1_724' title='bbox 912 5778 1173 5838; x_wconf 86' lang='lat' dir='ltr'><strong>quatuor,</strong></span> <span class='ocrx_word' id='word_1_725' title='bbox 1204 5767 1298 5839; x_wconf 88' lang='lat' dir='ltr'><strong>qui</strong></span> <span class='ocrx_word' id='word_1_726' title='bbox 1341 5767 1613 5824; x_wconf 78' lang='lat' dir='ltr'><strong>otiicinam</strong></span> <span class='ocrx_word' id='word_1_727' title='bbox 1647 5769 1855 5838; x_wconf 82' lang='lat' dir='ltr'><strong>quietis</strong></span> <span class='ocrx_word' id='word_1_728' title='bbox 1889 5783 2004 5825; x_wconf 75' lang='lat' dir='ltr'><strong>sua:</strong></span> 
     </span>
    </p>
   </div>
   <div class='ocr_carea' id='block_1_101' title="bbox 2109 4560 3685 4633">
    <p class='ocr_par' dir='ltr' id='par_1_101' title="bbox 2109 4560 3685 4633">
     <span class='ocr_line' id='line_1_101' title="bbox 2109 4560 3685 4633; baseline 0.001 -21"><span class='ocrx_word' id='word_1_729' title='bbox 2109 4560 2237 4630; x_wconf 82' lang='grc' dir='ltr'>μήθ’</span> <span class='ocrx_word' id='word_1_730' title='bbox 2288 4561 2424 4625; x_wconf 83' lang='grc' dir='ltr'>ὅλως</span> <span class='ocrx_word' id='word_1_731' title='bbox 2464 4561 2616 4631; x_wconf 90' lang='grc' dir='ltr'>μύων</span> <span class='ocrx_word' id='word_1_732' title='bbox 2648 4561 2787 4632; x_wconf 82' lang='grc' dir='ltr'>πρὸς</span> <span class='ocrx_word' id='word_1_733' title='bbox 2818 4561 2990 4617; x_wconf 74' lang='grc' dir='ltr'>ὕπνον</span> <span class='ocrx_word' id='word_1_734' title='bbox 3029 4564 3159 4625; x_wconf 85' lang='grc' dir='ltr'>τοὺς</span> <span class='ocrx_word' id='word_1_735' title='bbox 3210 4560 3544 4633; x_wconf 80' lang='grc' dir='ltr'>ὀφθαλμούς.</span> <span class='ocrx_word' id='word_1_736' title='bbox 3579 4561 3685 4615; x_wconf 70' lang='grc' dir='ltr'><strong>Καὶ</strong></span> 
     </span>
    </p>
   </div>
   <div class='ocr_carea' id='block_1_102' title="bbox 2104 4654 3688 4728">
    <p class='ocr_par' dir='ltr' id='par_1_102' title="bbox 2104 4654 3688 4728">
     <span class='ocr_line' id='line_1_102' title="bbox 2104 4654 3688 4728; baseline 0 -21"><span class='ocrx_word' id='word_1_737' title='bbox 2104 4654 2323 4726; x_wconf 89' lang='grc' dir='ltr'>νύκτωρ</span> <span class='ocrx_word' id='word_1_738' title='bbox 2345 4656 2402 4709; x_wconf 80' lang='grc' dir='ltr'>δὲ</span> <span class='ocrx_word' id='word_1_739' title='bbox 2427 4656 2526 4719; x_wconf 85' lang='grc' dir='ltr'>τὰς</span> <span class='ocrx_word' id='word_1_740' title='bbox 2551 4657 2800 4727; x_wconf 82' lang='grc' dir='ltr'>οἰκήσεις</span> <span class='ocrx_word' id='word_1_741' title='bbox 2827 4655 2939 4709; x_wconf 82' lang='grc' dir='ltr'><strong>τῶν</strong></span> <span class='ocrx_word' id='word_1_742' title='bbox 2965 4655 3221 4728; x_wconf 86' lang='grc' dir='ltr'>μοναχῶν</span> <span class='ocrx_word' id='word_1_743' title='bbox 3247 4656 3503 4728; x_wconf 85' lang='grc' dir='ltr'>περιιὼν,</span> <span class='ocrx_word' id='word_1_744' title='bbox 3527 4655 3688 4722; x_wconf 81' lang='grc' dir='ltr'>ὑφαι-</span> 
     </span>
    </p>
   </div>
   <div class='ocr_carea' id='block_1_103' title="bbox 2107 4746 3686 4820">
    <p class='ocr_par' dir='ltr' id='par_1_103' title="bbox 2107 4746 3686 4820">
     <span class='ocr_line' id='line_1_103' title="bbox 2107 4746 3686 4820; baseline 0.001 -20"><span class='ocrx_word' id='word_1_745' title='bbox 2107 4750 2255 4820; x_wconf 84' lang='grc' dir='ltr'>ρεῖτο</span> <span class='ocrx_word' id='word_1_746' title='bbox 2283 4748 2462 4820; x_wconf 80' lang='grc' dir='ltr'>λάθρα</span> <span class='ocrx_word' id='word_1_747' title='bbox 2492 4749 2591 4819; x_wconf 78' lang='grc' dir='ltr'>τὴν</span> <span class='ocrx_word' id='word_1_748' title='bbox 2624 4749 2815 4819; x_wconf 80' lang='grc' dir='ltr'>ὑδρίαν</span> <span class='ocrx_word' id='word_1_749' title='bbox 2847 4750 3085 4804; x_wconf 75' lang='grc' dir='ltr'>ἑκάστου</span> <span class='ocrx_word' id='word_1_750' title='bbox 3106 4766 3121 4780; x_wconf 75' lang='grc' dir='ltr'><strong><em>ο</em></strong></span> <span class='ocrx_word' id='word_1_751' title='bbox 3177 4750 3272 4805; x_wconf 74' lang='grc' dir='ltr'><strong>καὶ</strong></span> <span class='ocrx_word' id='word_1_752' title='bbox 3300 4749 3527 4820; x_wconf 83' lang='grc' dir='ltr'>πληρῶν</span> <span class='ocrx_word' id='word_1_753' title='bbox 3561 4746 3686 4802; x_wconf 66' lang='lat'><strong>56:-</strong></span> 
     </span>
    </p>
   </div>
   <div class='ocr_carea' id='block_1_104' title="bbox 2103 4838 3686 4913">
    <p class='ocr_par' dir='ltr' id='par_1_104' title="bbox 2103 4838 3686 4913">
     <span class='ocr_line' id='line_1_104' title="bbox 2103 4838 3686 4913; baseline 0.004 -18"><span class='ocrx_word' id='word_1_754' title='bbox 2103 4859 2218 4909; x_wconf 86' lang='grc' dir='ltr'>τος,</span> <span class='ocrx_word' id='word_1_755' title='bbox 2239 4842 2384 4895; x_wconf 80' lang='grc' dir='ltr'>κατὰ</span> <span class='ocrx_word' id='word_1_756' title='bbox 2420 4844 2605 4912; x_wconf 84' lang='grc' dir='ltr'>χώραν</span> <span class='ocrx_word' id='word_1_757' title='bbox 2632 4842 2793 4908; x_wconf 82' lang='grc' dir='ltr'>αὖθις</span> <span class='ocrx_word' id='word_1_758' title='bbox 2825 4842 3021 4897; x_wconf 87' lang='grc' dir='ltr'>ἐτίθει.</span> <span class='ocrx_word' id='word_1_759' title='bbox 3049 4843 3187 4898; x_wconf 86' lang='grc' dir='ltr'>Λίαν</span> <span class='ocrx_word' id='word_1_760' title='bbox 3207 4842 3318 4913; x_wconf 80' lang='grc' dir='ltr'><strong>γὰρ</strong></span> <span class='ocrx_word' id='word_1_761' title='bbox 3352 4838 3418 4913; x_wconf 81' lang='grc' dir='ltr'>ἦν</span> <span class='ocrx_word' id='word_1_762' title='bbox 3450 4840 3686 4911; x_wconf 79' lang='grc' dir='ltr'>ἐργῶδες</span> 
     </span>
    </p>
   </div>
   <div class='ocr_carea' id='block_1_105' title="bbox 2106 4925 3686 5006">
    <p class='ocr_par' dir='ltr' id='par_1_105' title="bbox 2106 4925 3686 5006">
     <span class='ocr_line' id='line_1_105' title="bbox 2106 4925 3686 5006; baseline -0.003 -19"><span class='ocrx_word' id='word_1_763' title='bbox 2106 4934 2258 5004; x_wconf 85' lang='grc' dir='ltr'><strong>αὐτῷ</strong></span> <span class='ocrx_word' id='word_1_764' title='bbox 2282 4951 2298 4967; x_wconf 88' lang='grc'><strong>·</strong></span> <span class='ocrx_word' id='word_1_765' title='bbox 2328 4937 2427 4989; x_wconf 74' lang='grc' dir='ltr'><strong>καὶ</strong></span> <span class='ocrx_word' id='word_1_766' title='bbox 2465 4934 2575 5006; x_wconf 82' lang='grc' dir='ltr'>γὰρ</span> <span class='ocrx_word' id='word_1_767' title='bbox 2601 4935 2796 4989; x_wconf 85' lang='grc' dir='ltr'>στάδια</span> <span class='ocrx_word' id='word_1_768' title='bbox 2820 4934 3027 5004; x_wconf 47' lang='grc' dir='ltr'><strong>⁵διεῖχεν</strong></span> <span class='ocrx_word' id='word_1_769' title='bbox 3044 4936 3074 4989; x_wconf 85' lang='grc' dir='ltr'><strong>ό</strong></span> <span class='ocrx_word' id='word_1_770' title='bbox 3094 4934 3258 4996; x_wconf 85' lang='grc' dir='ltr'>τόπος</span> <span class='ocrx_word' id='word_1_771' title='bbox 3297 4933 3421 4987; x_wconf 82' lang='grc' dir='ltr'>ὅθεν</span> <span class='ocrx_word' id='word_1_772' title='bbox 3442 4934 3593 5003; x_wconf 79' lang='grc' dir='ltr'>ἔρρει</span> <span class='ocrx_word' id='word_1_773' title='bbox 3628 4925 3686 4983; x_wconf 74' lang='grc' dir='ltr'>τὸ</span> 
     </span>
    </p>
   </div>
   <div class='ocr_carea' id='block_1_106' title="bbox 2108 5025 3683 5099">
    <p class='ocr_par' dir='ltr' id='par_1_106' title="bbox 2108 5025 3683 5099">
     <span class='ocr_line' id='line_1_106' title="bbox 2108 5025 3683 5099; baseline -0.003 -18"><span class='ocrx_word' id='word_1_774' title='bbox 2108 5027 2277 5097; x_wconf 72' lang='grc' dir='ltr'>ὕδωρ,</span> <span class='ocrx_word' id='word_1_775' title='bbox 2326 5026 2474 5097; x_wconf 75' lang='grc' dir='ltr'>ἄλλῳ</span> <span class='ocrx_word' id='word_1_776' title='bbox 2530 5027 2629 5099; x_wconf 77' lang='grc' dir='ltr'>μὲν</span> <span class='ocrx_word' id='word_1_777' title='bbox 2655 5026 2810 5092; x_wconf 83' lang='grc' dir='ltr'>δέκα,</span> <span class='ocrx_word' id='word_1_778' title='bbox 2852 5027 3024 5097; x_wconf 78' lang='grc' dir='ltr'>ἑτέρῳ</span> <span class='ocrx_word' id='word_1_779' title='bbox 3073 5026 3131 5079; x_wconf 80' lang='grc' dir='ltr'>δὲ</span> <span class='ocrx_word' id='word_1_780' title='bbox 3167 5027 3363 5090; x_wconf 76' lang='grc' dir='ltr'>εἴκοσι,</span> <span class='ocrx_word' id='word_1_781' title='bbox 3421 5027 3513 5079; x_wconf 78' lang='grc' dir='ltr'>καὶ</span> <span class='ocrx_word' id='word_1_782' title='bbox 3539 5025 3683 5094; x_wconf 74' lang='grc' dir='ltr'>ἄλλῳ</span> 
     </span>
    </p>
   </div>
   <div class='ocr_carea' id='block_1_107' title="bbox 2106 5117 3683 5190">
    <p class='ocr_par' dir='ltr' id='par_1_107' title="bbox 2106 5117 3683 5190">
     <span class='ocr_line' id='line_1_107' title="bbox 2106 5117 3683 5190; baseline -0.002 -18"><span class='ocrx_word' id='word_1_783' title='bbox 2106 5123 2435 5189; x_wconf 76' lang='grc' dir='ltr'>τριάκονταο</span> <span class='ocrx_word' id='word_1_784' title='bbox 2472 5120 2531 5182; x_wconf 83' lang='grc' dir='ltr'><strong>ἐς</strong></span> <span class='ocrx_word' id='word_1_785' title='bbox 2559 5120 2697 5173; x_wconf 82' lang='grc' dir='ltr'>πολὺ</span> <span class='ocrx_word' id='word_1_786' title='bbox 2723 5119 2781 5173; x_wconf 82' lang='grc' dir='ltr'>δὲ</span> <span class='ocrx_word' id='word_1_787' title='bbox 2806 5118 2900 5172; x_wconf 83' lang='grc' dir='ltr'>τοῦ</span> <span class='ocrx_word' id='word_1_788' title='bbox 2932 5118 3124 5190; x_wconf 87' lang='grc' dir='ltr'>χρόνου</span> <span class='ocrx_word' id='word_1_789' title='bbox 3159 5120 3253 5172; x_wconf 81' lang='grc' dir='ltr'>ἐπὶ</span> <span class='ocrx_word' id='word_1_790' title='bbox 3282 5119 3380 5189; x_wconf 79' lang='grc' dir='ltr'>τῆς</span> <span class='ocrx_word' id='word_1_791' title='bbox 3412 5117 3683 5187; x_wconf 80' lang='grc' dir='ltr'>προτέρας</span> 
     </span>
    </p>
   </div>
   <div class='ocr_carea' id='block_1_108' title="bbox 2111 5209 3684 5284">
    <p class='ocr_par' dir='ltr' id='par_1_108' title="bbox 2111 5209 3684 5284">
     <span class='ocr_line' id='line_1_108' title="bbox 2111 5209 3684 5284; baseline -0.004 -16"><span class='ocrx_word' id='word_1_792' title='bbox 2111 5213 2297 5284; x_wconf 85' lang='grc' dir='ltr'>ίσχύος</span> <span class='ocrx_word' id='word_1_793' title='bbox 2346 5212 2604 5283; x_wconf 82' lang='grc' dir='ltr'>διέμεινε.</span> <span class='ocrx_word' id='word_1_794' title='bbox 2637 5213 2833 5267; x_wconf 81' lang='grc' dir='ltr'>Καίτοι</span> <span class='ocrx_word' id='word_1_795' title='bbox 2881 5228 2946 5280; x_wconf 90' lang='grc' dir='ltr'><strong>γε</strong></span> <span class='ocrx_word' id='word_1_796' title='bbox 2976 5210 3180 5279; x_wconf 84' lang='grc' dir='ltr'>πολλὴν</span> <span class='ocrx_word' id='word_1_797' title='bbox 3206 5209 3533 5279; x_wconf 77' lang='grc' dir='ltr'>εἰσενεγκὼν</span> <span class='ocrx_word' id='word_1_798' title='bbox 3585 5212 3684 5280; x_wconf 79' lang='grc' dir='ltr'>τὴν</span> 
     </span>
    </p>
   </div>
   <div class='ocr_carea' id='block_1_109' title="bbox 2108 5302 3681 5376">
    <p class='ocr_par' dir='ltr' id='par_1_109' title="bbox 2108 5302 3681 5376">
     <span class='ocr_line' id='line_1_109' title="bbox 2108 5302 3681 5376; baseline -0.003 -18"><span class='ocrx_word' id='word_1_799' title='bbox 2108 5305 2346 5376; x_wconf 83' lang='grc' dir='ltr'>σπουδὴν</span> <span class='ocrx_word' id='word_1_800' title='bbox 2387 5304 2518 5358; x_wconf 85' lang='grc' dir='ltr'>ὥστ’</span> <span class='ocrx_word' id='word_1_801' title='bbox 2561 5305 2732 5375; x_wconf 75' lang='grc' dir='ltr'>αὐτὴν</span> <span class='ocrx_word' id='word_1_802' title='bbox 2772 5303 3041 5367; x_wconf 83' lang='grc' dir='ltr'>καθελεῖν,</span> <span class='ocrx_word' id='word_1_803' title='bbox 3108 5303 3204 5356; x_wconf 80' lang='grc' dir='ltr'><strong>καὶ</strong></span> <span class='ocrx_word' id='word_1_804' title='bbox 3239 5302 3338 5373; x_wconf 84' lang='grc' dir='ltr'>τὴν</span> <span class='ocrx_word' id='word_1_805' title='bbox 3381 5304 3566 5373; x_wconf 85' lang='grc' dir='ltr'>σάρκα</span> <span class='ocrx_word' id='word_1_806' title='bbox 3614 5302 3681 5371; x_wconf 85' lang='grc' dir='ltr'>τῇ</span> 
     </span>
    </p>
   </div>
   <div class='ocr_carea' id='block_1_110' title="bbox 2111 5394 3684 5469">
    <p class='ocr_par' dir='ltr' id='par_1_110' title="bbox 2111 5394 3684 5469">
     <span class='ocr_line' id='line_1_110' title="bbox 2111 5394 3684 5469; baseline -0.003 -18"><span class='ocrx_word' id='word_1_807' title='bbox 2111 5399 2302 5469; x_wconf 79' lang='grc' dir='ltr'>μακρᾷ</span> <span class='ocrx_word' id='word_1_808' title='bbox 2328 5397 2678 5469; x_wconf 76' lang='grc' dir='ltr'>ταλαιπωρία</span> <span class='ocrx_word' id='word_1_809' title='bbox 2704 5396 2955 5467; x_wconf 75' lang='grc' dir='ltr'>ἐκτῆξαι.</span> <span class='ocrx_word' id='word_1_810' title='bbox 2990 5396 3102 5450; x_wconf 78' lang='grc' dir='ltr'><strong>Καὶ</strong></span> <span class='ocrx_word' id='word_1_811' title='bbox 3131 5395 3198 5467; x_wconf 77' lang='grc' dir='ltr'>δὴ</span> <span class='ocrx_word' id='word_1_812' title='bbox 3230 5396 3455 5464; x_wconf 78' lang='grc' dir='ltr'>λέγεται</span> <span class='ocrx_word' id='word_1_813' title='bbox 3478 5394 3684 5467; x_wconf 76' lang='grc' dir='ltr'>λῃστάς</span> 
     </span>
    </p>
   </div>
   <div class='ocr_carea' id='block_1_111' title="bbox 2109 5487 3687 5563">
    <p class='ocr_par' dir='ltr' id='par_1_111' title="bbox 2109 5487 3687 5563">
     <span class='ocr_line' id='line_1_111' title="bbox 2109 5487 3687 5563; baseline -0.004 -18"><span class='ocrx_word' id='word_1_814' title='bbox 2109 5508 2242 5545; x_wconf 84' lang='grc' dir='ltr'>ποτε</span> <span class='ocrx_word' id='word_1_815' title='bbox 2266 5492 2728 5563; x_wconf 84' lang='grc' dir='ltr'>καταδραμόντας</span> <span class='ocrx_word' id='word_1_816' title='bbox 2759 5490 2821 5543; x_wconf 81' lang='grc' dir='ltr'>τὸ</span> <span class='ocrx_word' id='word_1_817' title='bbox 2851 5491 2946 5559; x_wconf 83' lang='grc' dir='ltr'><strong>τῆς</strong></span> <span class='ocrx_word' id='word_1_818' title='bbox 2971 5490 3206 5563; x_wconf 77' lang='grc' dir='ltr'>ἡσυχίας</span> <span class='ocrx_word' id='word_1_819' title='bbox 3229 5490 3381 5560; x_wconf 78' lang='grc' dir='ltr'><strong>αὐτῷ</strong></span> <span class='ocrx_word' id='word_1_820' title='bbox 3410 5487 3687 5558; x_wconf 78' lang='grc' dir='ltr'>ἐργαστή-</span> 
     </span>
    </p>
   </div>
   <div class='ocr_carea' id='block_1_112' title="bbox 2111 5579 3685 5655">
    <p class='ocr_par' dir='ltr' id='par_1_112' title="bbox 2111 5579 3685 5655">
     <span class='ocr_line' id='line_1_112' title="bbox 2111 5579 3685 5655; baseline -0.003 -20"><span class='ocrx_word' id='word_1_821' title='bbox 2111 5599 2248 5655; x_wconf 86' lang='grc' dir='ltr'>ριον,</span> <span class='ocrx_word' id='word_1_822' title='bbox 2281 5580 2647 5636; x_wconf 74' lang='grc' dir='ltr'>συλλαϐέσθαι</span> <span class='ocrx_word' id='word_1_823' title='bbox 2679 5582 2890 5643; x_wconf 88' lang='grc' dir='ltr'>πάντας</span> <span class='ocrx_word' id='word_1_824' title='bbox 2932 5582 3027 5634; x_wconf 79' lang='grc' dir='ltr'>καὶ</span> <span class='ocrx_word' id='word_1_825' title='bbox 3079 5582 3245 5652; x_wconf 83' lang='grc' dir='ltr'>δῆσαι</span> <span class='ocrx_word' id='word_1_826' title='bbox 3266 5596 3280 5609; x_wconf 81' lang='lat'><strong>&#39;</strong></span> <span class='ocrx_word' id='word_1_827' title='bbox 3312 5579 3402 5635; x_wconf 77' lang='grc' dir='ltr'>ἐπ’</span> <span class='ocrx_word' id='word_1_828' title='bbox 3425 5579 3595 5651; x_wconf 77' lang='grc' dir='ltr'>ὤμων</span> <span class='ocrx_word' id='word_1_829' title='bbox 3626 5594 3685 5630; x_wconf 86' lang='grc' dir='ltr'>τε</span> 
     </span>
    </p>
   </div>
   <div class='ocr_carea' id='block_1_113' title="bbox 2110 5672 3686 5747">
    <p class='ocr_par' dir='ltr' id='par_1_113' title="bbox 2110 5672 3686 5747">
     <span class='ocr_line' id='line_1_113' title="bbox 2110 5672 3686 5747; baseline -0.004 -17"><span class='ocrx_word' id='word_1_830' title='bbox 2110 5672 2361 5747; x_wconf 83' lang='grc' dir='ltr'>θέμενον,</span> <span class='ocrx_word' id='word_1_831' title='bbox 2397 5677 2665 5747; x_wconf 85' lang='grc' dir='ltr'>τέσσαρες</span> <span class='ocrx_word' id='word_1_832' title='bbox 2692 5677 2737 5730; x_wconf 86' lang='grc' dir='ltr'>δ’</span> <span class='ocrx_word' id='word_1_833' title='bbox 2767 5672 2929 5747; x_wconf 82' lang='grc' dir='ltr'>ἦσαν,</span> <span class='ocrx_word' id='word_1_834' title='bbox 2964 5677 3057 5730; x_wconf 83' lang='grc' dir='ltr'>ἐπὶ</span> <span class='ocrx_word' id='word_1_835' title='bbox 3089 5676 3190 5745; x_wconf 82' lang='grc' dir='ltr'>τὴν</span> <span class='ocrx_word' id='word_1_836' title='bbox 3244 5673 3548 5745; x_wconf 83' lang='grc' dir='ltr'>ἐκκλησίαν</span> <span class='ocrx_word' id='word_1_837' title='bbox 3588 5672 3686 5725; x_wconf 69' lang='lat' dir='ltr'><strong>aii-</strong></span> 
     </span>
    </p>
   </div>
   <div class='ocr_carea' id='block_1_114' title="bbox 2112 5766 3687 5841">
    <p class='ocr_par' dir='ltr' id='par_1_114' title="bbox 2112 5766 3687 5841">
     <span class='ocr_line' id='line_1_114' title="bbox 2112 5766 3687 5841; baseline -0.004 -17"><span class='ocrx_word' id='word_1_838' title='bbox 2112 5772 2237 5833; x_wconf 77' lang='grc' dir='ltr'>τοὺς</span> <span class='ocrx_word' id='word_1_839' title='bbox 2260 5773 2514 5839; x_wconf 80' lang='grc' dir='ltr'>ἀγαγεῖν,</span> <span class='ocrx_word' id='word_1_840' title='bbox 2538 5771 2632 5825; x_wconf 74' lang='grc' dir='ltr'><strong>καὶ</strong></span> <span class='ocrx_word' id='word_1_841' title='bbox 2655 5773 2766 5833; x_wconf 82' lang='grc' dir='ltr'>τοῖς</span> <span class='ocrx_word' id='word_1_842' title='bbox 2790 5771 3074 5841; x_wconf 75' lang='grc' dir='ltr'>Πατρὰσιν</span> <span class='ocrx_word' id='word_1_843' title='bbox 3105 5770 3424 5840; x_wconf 80' lang='grc' dir='ltr'>ἐπιτρέπειν</span> <span class='ocrx_word' id='word_1_844' title='bbox 3449 5766 3509 5820; x_wconf 81' lang='grc' dir='ltr'><strong>τὸ</strong></span> <span class='ocrx_word' id='word_1_845' title='bbox 3534 5783 3687 5833; x_wconf 80' lang='grc' dir='ltr'>ποιη-</span> 
     </span>
    </p>
   </div>
  </div>
