4056 6450
324 355 418 420 701
927 367 929 369 ’
1257 354 1869 419 ΕεειΕειΑεΤιοΑι

2003 356 2302 420 STORUE
2342 358 2494 422 LIB.
2536 360 2642 422 XI.

3497 363 3599 429 702

317 479 443 530 τέον
479 476 612 546 περὶ
641 475 824 531 αὑτῶν
848 493 860 508 ·
903 477 1039 548 μηδὲ
1070 475 1182 547 γὰρ
1221 470 1363 529 εἶναι
1394 474 1488 528 τοῦ
1537 473 1731 528 λοιποῦ
1760 471 1891 542 αὑτᾷ

2019 474 2446 542 percurrebant,
2482 474 2716 543 cepisse,
2747 474 3013 542 vinxisse,
3044 484 3211 548 atque
3246 477 3302 532 in
3327 477 3604 537 humeros

317 569 542 636 θεμιτὸν
570 567 747 636 ἔλεγε,
775 568 982 639 μηδένα
1017 567 1206 630 κακῶς
1231 569 1430 622 ποιεῖν.
1469 567 1576 619 Καί
1603 566 1713 634 γάρ
1745 581 1899 634 φασι,

319 659 510 729 μηδενὶ
545 659 817 729 μηδέποτε
851 658 1130 727 τοσαύτην
1185 659 1294 713 ἀπ’)
1327 659 1532 720 κακίας
1589 660 1670 722 εἰς
1697 657 1902 727 ἀρετὴν

316 751 638 817 ἐγγενέσθαι
690 751 1020 822 μεταϐολήν.
1077 752 1234 804 Ὠστ’
1263 753 1344 814 εἰς
1373 751 1546 822 ἄκρον
1589 751 1689 820 μὲν
1727 753 1903 823 αὑτῆς

314 843 560 903 ἀπιέναι,
587 844 831 913 ἄρρητον
853 844 910 896 δέ
941 861 990 896 τι
1023 844 1142 904 δέος
1177 845 1484 914 ἐμποιῆσαι
1513 847 1626 908 τοῖς
1654 845 1899 914 δαίμοσι.

317 934 427 986 Καὶ
457 935 518 986 τὸ
551 935 883 1006 παράδοξον,
907 935 990 988 ὃτι
1022 937 1120 988 καὶ
1148 935 1524 1006 πρεσϐύτερος
1549 936 1658 989 τῶν
1674 937 1730 988 ἐν
1755 936 1900 1006 Σκή-

313 1042 394 1077 τει
420 1025 654 1092 ἐγένετο,
673 1029 770 1078 καὶ
786 1025 961 1080 ταῦτα
979 1027 1271 1090 πλείστους
1293 1029 1636 1090 ἀπεκτονὼς,
1659 1027 1900 1096 ὁπηνίκα

315 1116 410 1169 τοῦ
435 1120 535 1187 τῆς
562 1119 819 1188 λῃστείας
862 1119 1160 1190 καθηγεῖτο
1194 1122 1603 1189 συντάγματος.
1645 1121 1900 1182 Τοιοῦτος

313 1208 368 1260 δὲ
397 1207 491 1274 ὢν,
552 1210 782 1273 πολλοὺς
829 1212 922 1264 καὶ
953 1212 1076 1264 λίαν
1107 1212 1366 1280 ἀρίστους
1399 1211 1761 1265 καταλέλοιπε
1797 1229 1902 1281 μα-

315 1301 506 1371 θητάς.
549 1303 604 1354 Ἀ
617 1301 723 1372 μφὶ
741 1303 810 1356 τὰ
844 1303 1003 1356 πέντε
1034 1303 1089 1356 δὲ
1123 1303 1216 1354 καὶ
1238 1303 1574 1372 ὀγδοήκοντα
1605 1302 1900 1370 γενόμενος

312 1393 430 1464 ἐτη,
459 1394 553 1448 τὸν
607 1393 723 1464 βίον
751 1397 1044 1452 ἀπέλιπεν.
1108 1397 1234 1450 Ἐπὶ
1267 1397 1327 1448 δὲ
1363 1397 1461 1464 τῆς
1489 1395 1660 1464 αὑτῆς
1689 1397 1901 1465 ἡγεμοσ

310 1489 428 1548 νέας
453 1488 550 1540 καὶ
573 1487 786 1553 Παῦλος
815 1489 1086 1557 διέλαμπε
1118 1489 1211 1541 καὶ
1248 1487 1466 1557 Παχὼν,
1521 1487 1799 1556 Στέφανός
1839 1504 1899 1540 τε

312 1578 408 1629 καὶ
440 1579 668 1648 Μωσῆς,
701 1579 897 1643 Λίϐυες
933 1581 1032 1645 μὶν
1059 1581 1232 1648 ἄμφω
1261 1582 1322 1632 τὸ
1358 1581 1538 1648 γένος,
1567 1581 1662 1633 καὶ
1690 1579 1842 1650 Πιὼρ
1869 1582 1899 1634 ὁ

309 1667 628 1732 Αἰγύπτιος.
675 1668 736 1722 Ὀ
763 1669 865 1736 μὲν
884 1669 978 1724 οὖν
1008 1670 1218 1733 Παῦλος
1246 1673 1304 1724 ὲν
1339 1671 1530 1742 Φέρμῃ
1561 1670 1893 1738 ἐφιλοσόφει·

309 1759 434 1826 ὅρος
455 1758 509 1811 δὲ
547 1756 711 1811 τοῦτο
743 1762 800 1811 ἐν
831 1759 1052 1828 Σκήτει,
1082 1759 1144 1811 οὐ
1201 1762 1390 1828 μείους
1423 1759 1456 1829 ἣ
1495 1759 1895 1818 πεντακοσίους

309 1851 555 1917 amca;
609 1850 754 1920 ἕχον.
805 1851 974 1904 Οὑδὲν
1003 1851 1059 1903 δὲ
1115 1850 1428 1919 εἰργάζετο·
1479 1851 1594 1903 ἀλλ’
1651 1850 1772 1902 οὐδέ
1839 1867 1894 1902 τι

315 1947 464 2019 παρά
501 1963 596 1998 του
658 1946 958 2016 ἐλάμϐανε,
1005 1945 1151 2015 πλὴν
1178 1945 1304 1998 ὅσον
1350 1944 1561 2016 ἢσθιεν.
1606 1943 1790 2014 Εὑχῦις
1836 1942 1892 1996 δὲ

309 2040 431 2093 καθ’
455 2039 694 2108 ἑκάστην
723 2039 1035 2100 ἀνελλιπεῖς
1065 2038 1308 2108 ἔπραττε
1335 2077 1351 2101 ,
1394 2036 1541 2090 καθὰ
1571 2053 1692 2088 τινα
1725 2035 1895 2106 φόρον

308 2130 597 2194 ἀποδιδοὺς
618 2130 698 2200 τῷ
729 2129 871 2198 Θεῷ,
905 2132 986 2194 είς
1011 2131 1338 2201 τριακοσίας
1371 2129 1462 2180 τὸν
1503 2127 1760 2197 ἀριθμόν.
1803 2125 1893 2188 Ὠς

309 2218 374 2271 ἂν
406 2217 463 2270 δὲ
494 2218 569 2287 μὴ
591 2217 805 2285 γένοιτο
828 2215 980 2288 αὑτῷ
1011 2217 1315 2287 ἀστοχῆσαι
1347 2215 1441 2268 τοῦ
1465 2215 1727 2285 ἀριθμοῦ,
1760 2231 1890 2267 τοσ-

306 2308 479 2372 αύτας
535 2309 778 2380 ψηφῖδας
828 2308 907 2378 τῷ
968 2309 1154 2377 κόλπῳ
1201 2306 1514 2376 ἐνθέμενος,
1569 2307 1628 2359 ὲν
1685 2305 1893 2378 ἑκάστῃ

306 2401 464 2471 εὑχῇ,
497 2403 629 2470 μίαν
656 2401 940 2456 ἐκϐάλλων
981 2402 1276 2471 ὲρῤίπτει³
1322 2394 1396 2453 ὧν
1445 2400 1565 2468 δῆτ’
1596 2400 1894 2454 ἀναλωθει-

308 2497 438 2561 σῶν,
472 2497 634 2566 δῆλον
654 2491 721 2566 ἦν
754 2497 854 2559 τὰς
884 2496 1006 2558 ἴσας
1037 2497 1203 2564 εὐχὰς
1234 2493 1635 2564 πεπληρῶσθαι
1663 2497 1774 2554 τοῖς
1807 2494 1893 2548 λί-

307 2590 443 2652 θοις.
476 2587 672 2658 Παχὼν
713 2587 893 2642 δὲκαὶ
921 2589 1086 2650 αὑτὸς
1117 2591 1176 2641 ἐν
1223 2587 1426 2656 Σκήτει
1459 2586 1792 2655 φιλοσοφῶν,
1827 2588 1893 2640 ἐκ

305 2681 430 2735 νέου
487 2681 723 2750 πάμπαν
773 2683 852 2744 εἰς
900 2679 1035 2750 βαθὺ
1083 2680 1261 2750 γῆρας
1285 2677 1660 2746 Ξλάσας,οὑτε
1691 2679 1887 2750 σῶμα,

307 2774 513 2844 καίπερ
554 2774 725 2843 ὑγιῶς
773 2773 916 2844 ἔχον,
967 2773 1091 2826 οὑτε
1140 2774 1332 2838 πάθος,
1363 2773 1625 2827 ἁλλόὑδὲ
1655 2774 1889 2845 δαίμων,

310 2863 797 2936 αἰτιᾶσθαιεῐχον,
840 2867 916 2928 ὠς
953 2865 1270 2936 ὑφειμένως
1317 2867 1414 2920 καὶ
1449 2866 1728 2936 ἀνάνδρως
1761 2867 1892 2936 περὶ

307 2958 406 3029 τὴν
460 2959 789 3030 ἐγκράτειαν
843 2953 982 3028 εἶχε,
1017 2963 1114 3010 καὶ
1157 2951 1234 3011 ῶν
1267 2959 1349 3011 δεῖ
1377 2962 1603 3028 κρατεῖν
1651 2959 1741 3012 τὸν
1771 2962 1892 3013 κατ’

308 3053 514 3106 δκεῖνον
547 3053 1014 3121 φιλοσοφήσαντα.
1043 3051 1303 3121 Στεφάνῳ
1327 3051 1374 3104 δ’
1404 3051 1619 3122 οἴκησις
1647 3053 1777 3122 περὶ
1798 3053 1891 3105 τὸν

2008 563 2256 618 sublatos
2311 565 2364 618 in
2428 566 2718 620 ecclesiam
2793 567 3152 636 deportasse,
3220 578 3278 624 et
3340 571 3598 640 patribus

2021 653 2156 723 quid
2195 655 2262 709 de
2294 655 2378 709 eis
2407 664 2749 721 statuerent,
2780 660 3100 728 permisisse
3127 677 3141 714 :
3177 661 3334 716 nefas
3360 677 3481 716 esse
3510 663 3598 717 die

2007 753 2247 809 cratem,
2282 757 2343 800 ut
2376 747 2426 798 in
2460 757 2746 817 posterqu
2783 751 2910 804 mali
2940 751 3245 821 quidquam
3277 753 3444 808 alicui
3479 753 3597 823 ipse

2012 838 2270 894 inferret.
2307 841 2498 910 Neque
2529 859 2773 912 unquam
2809 861 3144 914 quemquam
3177 845 3352 901 fuisse
3385 847 3595 912 ferunt,

2005 933 2102 1001 qui
2145 942 2436 1002 tantopere
2468 944 2714 990 mutatus
2753 951 2781 988 a
2832 937 2982 992 vitiis
3022 938 3088 991 ad
3136 939 3400 993 virtutem
3447 953 3598 992 smn-

2007 1039 2172 1088 mam,
2209 1040 2374 1092 quam
2411 1025 2656 1095 pertigit,
2688 1028 3032 1095 pervenerit.
3068 1027 3421 1083 Incredibilis
3453 1044 3591 1082 vero

2006 1115 2113 1169 fuit
2156 1116 2506 1171 daemonibus
2549 1127 2748 1172 terror.
2789 1118 2948 1188 185
2995 1120 3059 1172 Et
3086 1120 3232 1189 quod
3268 1135 3438 1188 supra
3471 1120 3591 1188 opi-

2007 1208 2234 1262 nionem
2289 1210 2538 1262 omnium
2592 1221 2714 1274 est,
2765 1212 3056 1280 presbyter
3105 1211 3272 1264 etiam
3335 1212 3389 1264 in
3443 1211 3591 1266 Sreti

2005 1302 2186 1356 factus
2221 1313 2325 1362 cst.
2355 1318 2480 1354 cum
2514 1299 2739 1371 quidem
2768 1303 3212 1371 quamplurimas
3243 1321 3310 1357 eo
3341 1315 3591 1374 tempore

2003 1409 2116 1463 quo
2169 1393 2448 1447 latronum
2501 1410 2722 1448 manum
2773 1394 3039 1455 duxerat,
3089 1395 3483 1450 interemisset.
3529 1395 3590 1449 Et

2003 1487 2132 1556 quia
2191 1485 2316 1539 talis
2360 1495 2500 1550 erat,
2554 1488 2759 1540 multos
2810 1501 3016 1556 eosque
3066 1488 3306 1554 optimos
3363 1497 3482 1556 post
3535 1503 3592 1541 se

2005 1578 2226 1647 reliquit
2256 1588 2580 1632 sectatores.
2631 1577 2696 1631 Et
2727 1578 2893 1634 vitam
2928 1579 3157 1633 circiter
3199 1595 3404 1632 annum
3437 1590 3592 1632 octo-

2002 1671 2274 1737 gesimum
2319 1669 2576 1739 quintum
2610 1671 2809 1724 finivit.
2854 1669 3060 1725 Eadem
3095 1680 3260 1726 aetate
3291 1673 3457 1724 etiam
3495 1670 3592 1725 flo-

2005 1761 2116 1814 ruit
2158 1760 2385 1820 Paulus,
2430 1769 2487 1814 et
2533 1761 2794 1824 Pachon,
2829 1771 2886 1815 et
2933 1760 3250 1831 Stephanus
3288 1770 3343 1814 et
3392 1761 3592 1825 Moses,

1999 1867 2199 1919 genere
2230 1853 2456 1920 utrique
2486 1851 2708 1923 Libyes,
2733 1861 2790 1906 et
2817 1862 3084 1921 prmterea
3115 1854 3244 1906 Pior
3271 1851 3588 1922 Algyptitxs.

1997 1942 2200 1997 Paulus
2236 1943 2288 1995 in
2322 1942 2594 2003 Pherme,
2647 1943 2744 2011 qui
2777 1959 2934 1996 mons
2965 1943 3018 1996 in
3057 1943 3203 1997 Sceti
3241 1953 3356 2004 est,
3398 1958 3590 1996 mona-

1997 2033 2187 2088 sticam
2222 2034 2386 2087 vitam
2421 2034 2554 2102 egit,
2588 2051 2695 2087 non
2726 2036 3017 2103 pauciores
3043 2050 3204 2104 quam
3244 2035 3589 2102 quingentos

1999 2124 2566 2190 monachos-habens.
2599 2125 2745 2180 Nihil
2776 2134 2959 2179 autem
2987 2127 3176 2195 operis
3202 2125 3332 2179 fecit
3358 2143 3372 2179 :
3407 2139 3589 2194 neque

1996 2235 2025 2272 a
2050 2217 2306 2288 qu0piam
2329 2218 2628 2287 quidquam
2671 2228 3038 2288 praeterquam
3073 2218 3220 2289 quod
3270 2219 3462 2272 ederet
3495 2232 3588 2270 ac-

1996 2311 2164 2380 cepit.
2198 2311 2256 2364 ln
2286 2311 2633 2365 orationibus
2659 2311 2906 2380 quotidie
2932 2311 3051 2365 sine
3080 2311 3491 2365 intermissione
3523 2325 3585 2364 se

1996 2406 2395 2466 exercens,'cas
2436 2403 2604 2458 Veluli
2643 2403 2916 2472 quoddam
2961 2405 3226 2458 tributum
3256 2405 3320 2456 ad
3372 2416 3588 2456 trecen-

1996 2505 2080 2550 tas
2135 2509 2369 2548 numero
2405 2495 2516 2548 Deo
2565 2494 3138 2548 oll'erebat.Neautem
3181 2495 3329 2548 abeo
3356 2508 3588 2548 numero

1995 2589 2319 2650 aberraret,
2375 2587 2603 2642 totidem
2651 2587 2868 2656 lapillos
2901 2586 2954 2640 in
2997 2587 3176 2640 sinum
3207 2585 3484 2654 deposuit,
3522 2595 3580 2638 et

1995 2681 2063 2734 ad
2098 2680 2452 2750 precationes
2480 2678 2728 2749 singulas
2758 2679 3008 2749 singulos
3033 2678 3292 2745 ejiciebat
3318 2677 3584 2732 calculos.

1996 2773 2210 2838 Quibus
2255 2776 2322 2826 ad
2367 2787 2495 2826 eum
2551 2771 2773 2824 modum
2804 2771 3177 2840 consumptis,
3233 2771 3587 2839 precationes

2000 2863 2229 2916 totidem
2267 2862 2552 2917 absolutas
2586 2861 2636 2915 ei
2671 2875 2792 2914 esse
2837 2861 3150 2914 constabat.
3193 2862 3413 2915 Pacbon
3448 2875 3586 2930 quc—-

1997 2972 2105 3027 que
2149 2956 2204 3009 iu
2252 2954 2400 3010 Sceti
2435 2954 2796 3009 monasticam
2828 2955 3098 3015 exercuit,
3132 2969 3159 3007 a
3188 2953 3478 3022 juventute
3511 2956 3580 3008 ad

1999 3047 2232 3102 multum
2267 3061 2443 3115 usque
2486 3047 2725 3100 senium.
2769 3044 2958 3112 Neque
2989 3060 3120 3098 vero
3151 3061 3384 3112 corpus,
3432 3047 3580 3114 quod

303 3145 614 3214 Μαρεώτην
667 3139 735 3214 ἦν
763 3145 826 3197 οὑ
855 3144 1035 3214 πολλῷ
1098 3146 1196 3215 τῆς
1244 3145 1627 3215 Μαρμαρικῆς
1661 3145 1886 3200 ἄποθεν.

1996 3141 2239 3196 validum
2301 3139 2508 3208 alioqui
2551 3138 2856 3200 obtinebat,
2896 3154 3078 3208 neque
3109 3137 3333 3192 aﬂectio
3365 3139 3580 3206 aliqua,

305 3235 397 3305 Τῷ
427 3236 472 3289 δ’
496 3234 860 3306 ἡκριϐωμένῳ
879 3237 1000 3288 λίαν
1021 3236 1120 3306 τῆς
1152 3235 1450 3305 φιλοσόφου
1477 3237 1772 3307 ἀσκήσεως
1793 3237 1890 3291 ἐπὶ

306 3328 569 3399 ἐξήκοντα
603 3329 750 3382 ἔτεσι
779 3329 1001 3399 δόκιμος
1025 3331 1217 3398 γέγονε
1249 3329 1809 3400 μοναχός.Γνιὶ›ριμος
1832 3329 1883 3382 δ’

306 3418 384 3472 ὢν
418 3419 497 3490 τῷ
530 3421 752 3490 μεγάλῳ
777 3421 1068 3492 Ἀντωνίῳ,
1101 3423 1279 3491 πρᾶος
1301 3419 1423 3474 λίαν
1446 3422 1540 3474 καὶ
1573 3423 1735 3491 σοφὸς
1762 3424 1888 3491 ἐγε-

303 3511 485 3578 γόνει·
520 3514 616 3564 καὶ
666 3512 724 3564 ὲν
770 3515 891 3575 ταῖς
954 3512 1268 3575 συνουσίαις
1319 3512 1578 3566 τοσοῦτον
1617 3513 1750 3583 ἡδὺς
1790 3514 1890 3567 καὶ

303 3604 597 3676 ὠφέλιμος,
622 3606 696 3670 ὡς
722 3606 816 3660 καὶ
853 3607 1056 3669 ἱκανῶς
1082 3605 1229 3677 ἔχειν
1262 3605 1362 3670 τὰς
1394 3607 1506 3659 τῶν
1554 3607 1762 3678 σφόδρα
1784 3607 1887 3660 λυ-

303 3714 405 3750 που
415 3699 590 3766 μένων
623 3698 802 3768 ψυχὰς
829 3697 905 3769 τῷ
928 3699 1045 3768 ἡδεῖ
1071 3699 1182 3752 τῶν
1206 3698 1385 3768 λόγων
1408 3701 1771 3768 κατακηλετν,
1788 3702 1886 3756 καὶ

302 3790 438 3862 πρδς
466 3789 733 3860 εὐθυμίαν
768 3789 1260 3861 μεταρῥυθμίζειν,
1294 3792 1349 3842 εἰ·
1372 3793 1467 3842 καὶ
1502 3791 1682 3861 χρόνῳ
1706 3793 1888 3863 πολλῷ

303 3889 398 3938 καὶ
432 3884 832 3954 ἀπαραιτήτως
851 3885 933 3946 είς
961 3883 1289 3954 ἀπαλλαγὴν
1333 3879 1504 3954 εἶχον.
1563 3885 1638 3938 Οὐ
1671 3885 1778 3954 μὴν
1830 3885 1887 3938 δὲ

302 3977 439 4030 ἀλλὰ
469 3977 565 4028 καὶ
595 3977 724 4046 περὶ
759 3975 858 4038 τὰς
880 3975 1092 4038 οἰκείας
1127 3977 1419 4046 συμφορὰς
1452 3976 1695 4041 τοιοῦτος
1723 3977 1889 4043 ἐτύγ-

301 4068 720 4142 χανενοὰμέλει
767 4085 847 4121 τοι
897 4068 993 4122 καί
1042 4085 1172 4121 ποτε
1206 4067 1417 4132 πάθους
1455 4069 1680 4122 ἀνιάτου
1730 4068 1888 4139 αὑτῷ

301 4161 780 4232 κατασκήψαντος,
819 4162 886 4215 τὰ
920 4161 1019 4230 μὲν
1063 4159 1388 4230 διεφθορότα
1422 4161 1529 4213 τῶν
1558 4160 1740 4230 μελῶν
1771 4163 1886 4224 τοῖς

301 4254 626 4325 θεραπεύειν
653 4253 824 4306 εἰδόσι
857 4253 1080 4320 τέμνειν
1132 4252 1338 4321 ἀνῆκεν
1361 4265 1376 4280 ·
1409 4253 1573 4315 αὑτὸς
1608 4251 1655 4305 δ’
1691 4251 1884 4322 ὥσπερ

299 4348 459 4401 ἄλλου
490 4347 814 4416 πάσχοντος,
839 4346 909 4399 τὰ
934 4345 1145 4417 συνήθη
1175 4345 1674 4416 διαπραττόμενος,
1706 4345 1882 4412 φύλλα

301 4440 562 4509 φοινίκων
601 4441 659 4493 ἐν
711 4439 894 4511 χεροῖν
924 4438 1088 4509 ἔχων,
1137 4438 1337 4491 έπλεκε
1365 4438 1468 4507 τὴν
1501 4437 1726 4506 σειρὰν·
1789 4437 1886 4490 καὶ

1993 3242 2159 3304 atque
2192 3233 2331 3286 adeo
2365 3247 2435 3286 ne
2477 3231 2688 3284 datmon
2726 3230 2947 3300 quidem
2997 3229 3115 3299 ipse
3151 3229 3574 3298 deprehendere

1991 3325 2046 3379 in
2093 3340 2160 3379 eo
2211 3323 2421 3394 potuit,
2474 3322 2621 3388 quod
2671 3322 2893 3376 mollius
2939 3337 3032 3384 se,
3083 3322 3352 3391 aliterque
3404 3336 3571 3390 quam

1992 3420 2176 3476 virum
2243 3420 2456 3484 deceat,
2490 3419 2544 3472 in
2584 3418 2962 3486 temperantiae
2993 3416 3179 3470 studio
3211 3426 3266 3470 et
3302 3414 3468 3469 rebus
3500 3415 3583 3469 eis

1992 3527 2132 3584 quas
2157 3512 2508 3580 supprimere
2541 3509 2934 3579 philosophum
2975 3507 3342 3562 monasticum
3379 3521 3583 3560 conve—

1997 3607 2112 3669 nit,
2151 3606 2407 3676 gesserit.
2437 3604 2720 3675 Stepbauo
2755 3614 2939 3659 autem
2971 3605 3118 3670 circa
3161 3604 3437 3658 Mareoten
3472 3619 3579 3658 non

1991 3697 2158 3769 longe
2190 3713 2220 3752 a
2259 3698 2584 3752 Marmarica
2626 3697 2972 3752 domicilium
3017 3695 3141 3750 fuit.
3179 3696 3279 3750 Hic
3319 3703 3582 3750 accurato

1990 3799 2159 3861 atque
2205 3799 2403 3845 exacto
2446 3791 2566 3861 ejus
2615 3790 2836 3860 generis
2885 3788 3254 3859 philosophia:
3302 3788 3578 3849 instituto,

1997 3882 2160 3937 annis
2207 3880 2494 3952 sexaginta
2550 3892 2834 3952 spectatus
2883 3880 2988 3935 fuit
3039 3881 3370 3936 monachus.
3423 3879 3577 3945 Quod

1988 3982 2172 4029 autem
2208 3983 2374 4029 notus
2424 3975 2594 4030 etiam
2643 3974 2888 4030 Antonio
2935 3990 3134 4045 magno
3183 3975 3384 4037 fuerat,
3430 3974 3581 4028 mitis

1987 4067 2145 4122 valde
2179 4075 2234 4122 et
2271 4069 2496 4137 sapiens
2539 4069 2734 4122 evasit.
2767 4067 2826 4122 lu
2865 4067 3236 4122 familiaribus
3274 4067 3575 4137 colloquiis

1994 4165 2108 4212 tam
2142 4160 2332 4214 suavis
2360 4168 2417 4214 et
2460 4161 2785 4217 commodus
2813 4202 2828 4228 ,
2858 4174 2916 4216 ut
2942 4163 3104 4216 facile
3146 4177 3346 4217 eorum.
3367 4162 3457 4231 qui
3492 4161 3583 4217 vei

1986 4253 2232 4307 maximo
2284 4259 2611 4307 tenerentur
2666 4269 2946 4319 maerore,
3003 4254 3218 4309 animos
3283 4245 3584 4311 verborum

1987 4345 2164 4416 gratia
2199 4345 2575 4411 demulceret,
2609 4353 2666 4400 et
2705 4345 2772 4400 ad
2809 4346 3254 4401 moderationem
3291 4355 3348 4399 et
3372 4347 3578 4415 jucun-

1989 4440 2220 4494 ditatem
2264 4438 2613 4503 traduceret,
2660 4439 2912 4507 quamvis
2968 4447 3220 4507 tempore
3267 4437 3440 4491 multo
3487 4436 3568 4490 illi

297 4536 411 4597 τοῖς
435 4535 668 4603 παροῦσι
706 4532 1000 4585 καθίστατο
1025 4531 1358 4601 σύμϐουλος,
1391 4531 1467 4603 μὴ
1499 4532 1594 4584 ἐπὶ
1623 4533 1736 4596 τοῖς
1776 4547 1885 4584 πα-

1996 4528 2436 4585 consolationem
2473 4544 2692 4584 omnem
2721 4529 2960 4584 aversati
3001 4537 3205 4584 essent.
3237 4529 3378 4594 Quin
3409 4529 3581 4582 etiam

303 4623 459 4695 ροῦσι
521 4624 804 4693 δυσφόρως
857 4622 1023 4694 ἔχειν,
1053 4622 1188 4677 ἀλλὰ
1244 4623 1368 4691 μηδ’
1427 4623 1557 4676 ἄλλο
1588 4640 1640 4675 τι
1668 4621 1885 4692 λογίζει

304 4717 449 4781 σθαι,
474 4715 506 4784 ἢ
538 4715 729 4786 ὅτιπερ
754 4715 890 4784 πρὸς
924 4714 1160 4786 χρηστὸν
1186 4715 1336 4776 τέλος
1363 4713 1400 4768 ἃ
1429 4714 1562 4777 Θεὸς
1594 4714 1880 4785 πράττειν,

298 4802 578 4856 ἐκϐαίνει·
629 4803 726 4855 καί
763 4818 827 4870 γε
864 4802 1016 4873 αὑτῷ
1047 4803 1319 4855 συνοίσειν
1360 4801 1624 4854 τοιούτων
1679 4818 1886 4872 πειρω-

302 4901 450 4965 μένῳ
481 4895 691 4948 δεινῶν.
724 4895 819 4948 καὶ
853 4895 994 4964 ὑπὲρ
1024 4896 1134 4946 τῶν
1179 4893 1568 4964 γεγενημένων
1607 4894 1739 4955 ίσως
1771 4896 1884 4960 ἀμ-

301 4989 678 5060 πλακημάτων
699 5003 711 5017 ·
749 4985 825 5042 ὦν
858 4987 1084 5059 ἄμεινον
1115 4986 1352 5040 ἐνταῦθα
1378 4985 1580 5055 μᾶλλον
1605 4985 1706 5055 τὴν
1736 4986 1884 5037 ἔκτι-

302 5098 387 5133 σιν
421 5072 701 5152 ὑποσχεῖν,
758 5082 791 5155 ἦ
851 5081 989 5152 πρὸς
1013 5083 1114 5151 τὴν
1174 5080 1483 5150 μέλλουσαν
1525 5076 1888 5146 ταμιεύεσθαι

307 5174 512 5246 βιοτήν.
540 5175 745 5246 Μωσῆν
780 5175 836 5227 δὲ
859 5175 1129 5242 πραότητι
1161 5173 1256 5226 καὶ
1283 5172 1476 5242 ἀγάπῃ
1497 5171 1704 5238 ἐσάγειν
1737 5185 1882 5238 παρα

302 5268 605 5338 ειλήφαμεν
638 5268 1022 5338 εὐδοκιμῆσαι,
1062 5266 1158 5320 καὶ
1191 5266 1366 5328 ἰάσεις
1419 5264 1477 5317 δὲ
1534 5260 1885 5332 κατορθῶσαι

299 5359 560 5422 πλείστας
598 5361 738 5431 μόνῃ
765 5361 922 5431 εὐχῇ,
958 5360 1055 5414 καὶ
1083 5355 1239 5411 ταῦτ’
1279 5356 1518 5412 ἀνιάτων
1551 5353 1764 5409 παθῶν.

1993 4623 2050 4677 in
2098 4623 2214 4678 suis
2259 4623 2375 4692 ipse
2420 4623 2683 4677 aerumnis
2729 4623 2893 4677 talem
2949 4639 3008 4677 se
3062 4621 3332 4691 praestitit.
3397 4621 3582 4690 Atque

1995 4715 2298 4783 aliquando
2325 4714 2619 4768 iucurabili
2653 4714 2798 4768 malo
2831 4724 3140 4784 correptus,
3176 4712 3421 4767 membra
3452 4713 3577 4781 qui-

1995 4807 2119 4862 dem
2161 4806 2360 4862 all‘ecta
2407 4807 2638 4862 medicis
2679 4807 2929 4861 curanda
2978 4816 3145 4876 atque
3181 4805 3418 4861 secanda
3452 4820 3578 4874 per-

1997 4900 2192 4954 misit:
2231 4901 2352 4970 ipse
2394 4914 2529 4953 vero
2578 4899 2810 4969 perinde
2859 4910 3026 4969 atque
3074 4899 3218 4954 alius
3250 4898 3304 4952 in
3348 4913 3416 4953 eo
3447 4914 3581 4954 casu

1988 5002 2164 5058 esset,
2201 4993 2424 5046 solitum
2470 4991 2717 5047 laborem
2769 4992 3104 5046 eontinuans
3127 5031 3142 5057 ,
3175 5003 3236 5046 et
3265 4991 3579 5062 palmarum

1989 5084 2116 5139 folia
2179 5085 2233 5139 iu
2271 5085 2532 5139 manibus
2587 5084 2836 5151 habens,
2895 5095 3150 5140 catenam
3212 5085 3579 5155 complicuit:

1988 5185 2156 5243 atque
2187 5176 2268 5230 eis
2299 5177 2393 5245 qui
2425 5189 2552 5231 cum
2586 5191 2654 5231 eo
2693 5186 2853 5232 erant
2881 5184 3078 5230 auctor
3111 5190 3416 5245 suasorque
3446 5176 3580 5240 fuit.

1987 5281 2056 5322 ne
2096 5281 2258 5322 casus
2292 5267 2457 5337 hujus
2491 5267 2618 5321 vita:
2649 5282 2793 5338 :rgre
2824 5267 3061 5330 terrent,
3089 5281 3195 5321 nec
3223 5266 3374 5320 aliud
3407 5268 3576 5338 quid-

1985 5373 2147 5429 quam
2178 5360 2486 5429 cogitareut
2513 5375 2679 5431 quam
2715 5360 2860 5429 quod
2892 5363 2958 5414 ad
2997 5360 3164 5414 linem
3205 5360 3410 5414 bonum
3446 5358 3562 5412 Deo

298 5456 594 5526 adiuvante
633 5455 916 5511 evaderet.
957 5455 1122 5528 186
1162 5453 1312 5518 Sibi,
1352 5453 1502 5522 quod
1547 5452 1752 5508 talibus
1821 5463 2175 5524 expeteretur
2241 5457 2528 5524 aerumnis,
2591 5458 2761 5527 idque
2822 5465 3050 5526 prOpter
3088 5463 3402 5526 perpetrata
3429 5454 3574 5512 forte

299 5561 560 5620 peccata,
603 5551 954 5606 commodum
995 5563 1163 5622 utque
1203 5551 1340 5605 utile
1369 5565 1492 5606 esse
1522 5548 1708 5604 dixit:
1779 5565 1903 5620 qua:
1943 5561 2164 5620 peccata
2203 5552 2292 5607 hic
2330 5554 2481 5608 iucre
2513 5562 2824 5625 prmstaret,
2868 5569 3038 5624 quam
3079 5561 3139 5607 ut
3211 5552 3280 5606 ad
3323 5551 3570 5605 futuram

303 5645 582 5710 punienda
624 5653 1044 5702 reservarentur
1083 5645 1276 5698 vitam.
1350 5643 1537 5700 Mosen
1609 5651 1798 5698 autem
1871 5644 2100 5714 gloriam
2143 5646 2425 5717 ingentem
2464 5648 2892 5704 mansuetudine
2953 5656 3010 5703 et
3053 5645 3328 5700 cbaritate
3369 5658 3570 5702 conse-

296 5749 486 5793 cutum
539 5756 661 5797 esse
719 5741 1080 5812 acet-pimus:
1144 5743 1238 5812 qui
1296 5740 1460 5798 etiam
1514 5741 1868 5813 aegritudines
1913 5742 2218 5811 plurimas,
2272 5754 2439 5815 atque
2489 5761 2583 5802 cas
2627 5743 2997 5808 incurabiles,
3067 5743 3382 5811 precatione
3449 5738 3570 5794 sola

298 5845 530 5890 sanant.
