4056 6426
545 338 654 401 703

1076 445 1304 502 CAPUT
1338 446 1601 501 XXXVII.

546 538 622 590 Ile
654 536 800 594 l’Eor.
857 537 1101 607 Dii/ymo,
1156 539 1385 600 Arsesio,
1437 539 1737 596 Ammonio.
1785 548 1835 590 et
1873 537 2127 607 fratribus

792 610 883 678 qui
927 607 1096 663 Macri
1124 625 1214 663 seu
1239 607 1410 678 Longi
1433 608 1693 679 appellati
1713 618 1858 663 sunt.

613 716 745 770 Pior
776 716 1073 771 admodum
1108 717 1437 774 adolescens
1473 717 1835 773 monasticam
1877 718 2129 787 philoso-

543 808 726 876 phiam
763 809 1121 876 complexus,
1153 825 1281 863 cum
1320 817 1606 879 paternam
1645 809 1986 878 relinqueret
2021 808 2127 864 do-

542 914 723 962 mum,
756 910 943 954 votum
997 901 1108 954 Deo
1154 904 1526 971 nuncupavit,
1568 917 1855 971 nunquam
1901 918 1961 957 se
1995 918 2125 972 pro-

538 991 872 1060 pinquorum
927 991 1003 1062 (Ι)
1053 1008 1285 1048 suorum
1339 995 1597 1065 cuiquam
1653 995 1709 1049 in
1761 1005 2123 1064 conspectum

540 1094 832 1136 venturum
899 1100 1045 1139 esse.
1107 1086 1404 1155 Postquam
1462 1101 1599 1141 vero
1660 1087 2125 1156 quinquagesimo

538 1189 688 1227 anno
722 1185 850 1244 post
883 1191 1043 1230 soror
1075 1177 1198 1246 ejus
1238 1178 1428 1231 vivere
1474 1178 1629 1232 illum
1665 1180 1911 1247 accepit,
1944 1181 2123 1235 conti-

540 1277 673 1318 nere
719 1266 958 1335 seipsam
997 1282 1110 1320 non
1141 1270 1364 1338 potuit:
1418 1281 1583 1337 atque
1628 1271 1854 1334 indicio,
1887 1272 2033 1341 quod
2070 1274 2123 1326 ei

540 1367 738 1423 praner
766 1358 1084 1426 opinionem
1115 1374 1331 1414 omnem
1365 1363 1665 1426 acciderat,
1700 1362 1754 1415 in
1792 1363 2120 1418 immensam

537 1448 753 1500 sublata
809 1449 1094 1512 laetitiam,
1148 1466 1537 1520 summopere,
1596 1463 1656 1507 ut
1711 1469 1836 1507 eum
1881 1455 2119 1520 videret,

536 1540 824 1607 expetivit.
874 1541 1227 1612 Quapropter
1275 1544 1380 1598 loci
1427 1545 1547 1615 ejus
1617 1545 1939 1614 epismpum
1984 1546 2123 1600 ﬂens

536 1642 706 1701 atque
739 1633 1052 1689 vociferans
1079 1637 1314 1705 rogavit,
1354 1646 1416 1690 ut
1450 1637 1502 1689 in
1541 1635 1744 1691 Sectim
1777 1638 1992 1692 litteras
2022 1638 2125 1691 da-

538 1732 641 1783 ret,
686 1724 890 1792 quibus
930 1724 1194 1785 eﬂiceret,
1237 1735 1296 1778 ut
1325 1726 1494 1780 frater
1522 1728 1588 1780 ad
1624 1741 1744 1780 eam
1779 1731 2117 1783 mitteretur.

444 1868 453 1877 χ
536 1813 633 1867 llle
679 1815 895 1870 feminre
945 1829 1287 1872 senectutem
1337 1820 1667 1882 miseratus,
1720 1822 2116 1873 monachorum

535 1908 902 1973 antistitibus,
936 1920 992 1962 ut
1026 1910 1153 1964 Pior
1185 1910 1261 1980 t2)
1295 1912 1631 1972 mitteretur.
1671 1912 1911 1982 scripsit.
1956 1912 2023 1977 ls,
2058 1922 2118 1968 ut

536 1999 641 2051 hoc
692 1998 919 2062 uiueret,
965 2001 1188 2071 jussus,
1233 2017 1357 2056 eum
1406 2013 1597 2057 contra
1646 2003 1747 2057 niti
1784 2019 1893 2058 non
1930 2014 2119 2073 posset

534 2090 667 2158 (non
700 2091 847 2143 enim
877 2090 1172 2162 Egyptiis,
1208 2093 1320 2147 imo
1355 2096 1522 2148 etiam
1557 2095 1682 2150 aliis
1714 2097 2004 2151 monachis
2033 2098 2116 2153 fas

532 2189 637 2245 est,
668 2182 933 2251 imperata
969 2199 1077 2239 non
1118 2184 1347 2254 lacere),
1379 2187 1433 2240 in
1465 2188 1699 2256 patriam
1734 2189 1908 2252 venit,
1944 2189 2123 2251 fratre,

531 2272 641 2325 alio
670 2289 859 2328 secum
896 2277 1085 2332 ducto.
1119 2278 1299 2346 Atque
1334 2278 1422 2332 ubi
1459 2294 1560 2347 pro
1595 2279 1814 2335 foribus
1851 2291 2113 2350 paterna-

529 2381 653 2420 rum
704 2368 783 2421 :ed
813 2385 903 2422 uin
949 2372 1074 2432 fuit.
1119 2374 1468 2441 praesentiam
1546 2389 1705 2428 suam
1752 2378 1932 2430 sorori
1981 2376 2115 2432 insi-

529 2461 741 2514 nuavit.
777 2463 842 2515 Et
877 2478 1003 2517 eum
1039 2467 1332 2534 strepitum
1370 2467 1572 2536 pedum
1606 2470 1725 2539 ejus
1765 2471 2019 2534 sentiret,
2058 2481 2116 2526 et

529 2551 693 2619 ianua
727 2564 912 2622 aperta
957 2556 1251 2617 strideret,
1298 2560 1475 2613 oculis
1514 2562 1850 2628 connivens,
1898 2561 1967 2616 de
2013 2579 2112 2615 no-

531 2649 681 2698 mine
727 2661 976 2701 sororem
1021 2650 1404 2718 cmnpellans:
1450 2669 1469 2702 ι
1524 2650 1659 2720 Ego,
1711 2652 1927 2722 inquit,
1986 2656 2113 2708 Pior

529 2750 676 2797 sum,
706 2738 877 2791 frater
902 2748 1031 2791 tuus
1063 2755 1076 2791 :
1104 2751 1407 2808 conspectu
1431 2755 1575 2803 meo,
1609 2740 1769 2795 sicuti
1801 2742 1980 2795 visum
2011 2743 2121 2796 tibi

531 2838 639 2893 est,
675 2828 878 2885 fruere.
914 2849 932 2881 ι
964 2831 1140 2901 Atque
1167 2832 1256 2886 illa
1306 2832 1527 2901 quidem
1575 2833 1799 2887 fratrem
1847 2834 1982 2887 satis
2026 2834 2109 2887 in-

531 2921 701 2981 tuita,
747 2921 887 2987 Deo,
922 2926 1011 2992 qui
1048 2924 1389 2978 desiderium
1426 2925 1547 2994 ejus
1580 2925 1946 2995 implevisset,
1983 2943 2109 2996 gra-

496 2992 632 3061 -tias
660 3013 814 3079 egit:
851 3012 968 3081 ipse
999 3024 1187 3067 autem
1231 3014 1298 3067 ad
1353 2992 1501 3069 fores
1545 2992 1861 3084 precatione
1898 2992 2117 3080 habita,

1778 334 2202 396 NICEPIIORI
2248 336 2601 399 CALLISTI

1842 450 1845 451 ⁷
2162 450 2204 501 Α
2819 449 3072 507 ΚΕΦΑΛ.
3117 447 3242 504 ΛΖ’.

3685 339 3775 404 7M

2235 540 2373 609 Περὶ
2395 545 2575 610 ιιιὼρ,
2605 543 2887 611 Διδύμου.
2925 544 3274 611 Ἀλρσησίου,
3320 541 3658 611 Ἅμμωνζου,
3693 547 3772 596 καί

2449 607 2571 669 τῶν
2594 607 2898 683 ἀδελξοῶν,
2934 608 3026 679 οἷς
3055 607 3283 679 Μακροὶ
3319 607 3507 680 ὄνομα
3526 607 3620 673 ἦν.

2311 727 2406 780 Ἐκ
2436 727 2578 780 πάνυ
2603 727 2661 780 δὲ
2691 728 2814 782 νέου
2845 726 2995 794 [Ιιὼρ
3022 724 3101 796 τῷ
3142 726 3453 794 φιλοσοφεῖν
3484 727 3783 796 προσχωρή-

2229 835 2352 884 σαῖ,
2383 819 2625 889 ὁπηνίκα
2675 818 2776 889 τὴν
2822 817 3085 887 πατρῴαν
3121 818 3301 872 οἰκίαν
3355 816 3637 877 ἀπέλιπεν.
3663 818 3784 886 σύμ-

2226 927 2384 977 φωνα
2419 911 2596 964 ἐποίει
2628 910 2749 980 Θεῷ
2784 910 2927 964 ὥστε
2964 910 3156 980 μηδενί
3178 925 3312 962 ποτε
3346 908 3454 961 τῶν
3488 910 3693 961 οἰκείων
3715 910 3784 970 είς
3834 926 3843 935 ο

2226 1002 2350 1069 ὄψιν
2379 1002 2576 1057 ἐλθεῖν.
2641 1003 2797 1056 Ἐπεὶ
2850 1002 2907 1055 δὲ
2937 1003 3078 1071 μετὰ
3129 1002 3472 1070 πεντήκοντα
3511 999 3602 1067 ἔτη
3642 1000 3788 1068 μάθοι

2225 1090 2414 1145 τοῦτον
2438 1094 2469 1161 ἠ
2522 1093 2731 1163 ἀδελφὴ
2759 1091 2887 1163 ζῇν,
2916 1092 3173 1163 κατέχειν
3211 1092 3415 1162 ἑαυτὴν
3442 1091 3542 1145 οὐκ
3564 1086 3694 1160 εἶχε,
3721 1090 3789 1158 τῷ

2228 1184 2526 1254 παραλόγῳ
2568 1186 2624 1238 δὲ
2649 1186 2750 1254 τῆς
2797 1185 3087 1256 μηνύσεως
3128 1185 3234 1238 ὑπ’)
3270 1184 3513 1253 ἀμέτρου
3543 1182 3789 1251 ληφθεῖσα

2226 1281 2424 1347 χαρᾶς,
2449 1279 2576 1345 περὶ
2615 1278 2875 1331 πλείστου
2902 1278 3079 1331 ἐποίει
3124 1277 3315 1331 τοῦτον
3353 1274 3679 1329 θεάσασθαιο
3706 1275 3789 1326 καὶ

2224 1371 2603 1440 ὀλοφυρομένη
2626 1369 2718 1422 τὸν
2742 1370 2872 1439 παρ’
2903 1369 3140 1433 ἐκείνοις
3166 1366 3548 1436 κατηντιϐόλει
3579 1367 3790 1419 ἐπίσκοο

2227 1480 2350 1527 πον,
2392 1466 2506 1526 τοῖς
2546 1465 2605 1516 ἐν
2642 1464 2846 1532 Σκήτει
2876 1463 3089 1532 γράψαι
3141 1462 3236 1516 τὸν
3274 1461 3509 1528 ἀδελφὸν
3544 1460 3790 1530 πέμπειν.

2224 1556 2336 1607 Καὶ
2369 1559 2397 1609 ό
2453 1555 2553 1624 μὲν
2587 1554 2823 1623 ἐλεήσας
2878 1553 2975 1605 τοῦ
3009 1554 3196 1622 γήρως
3229 1553 3328 1622 τὴν
3359 1552 3667 1622 ἄνθρωπον,
3694 1554 3792 1612 τοῖς

2224 1648 2570 1717 καθηγηταῖς
2596 1646 2807 1716 ἔγραφε
2846 1645 2940 1699 τὸν
2974 1644 3129 1715 Πιὼρ
3187 1644 3447 1712 πέμπειν,
3481 1643 3590 1696 Καὶ
3618 1642 3679 1712 δὴ
3709 1659 3790 1692 xe-

2224 1737 2498 1797 λευσθεὶς,
2534 1738 2657 1789 ἐπεὶ
2690 1737 2766 1808 μὴ
2793 1736 3122 1789 ἀντιτείνειν
3152 1731 3274 1805 εἶχε
3300 1736 3317 1803 (
3343 1733 3485 1804 μηδὲ
3523 1735 3631 1802 γὰρ
3652 1732 3789 1800 θεμι-

2225 1831 2319 1881 τὸν
2373 1823 2512 1881 εἶναι
2568 1830 2889 1896 Αἰγυπτίοις
2942 1830 3220 1899 μοναχοῖς,
3290 1823 3449 1896 οἶμαι
3500 1826 3555 1880 δὲ
3582 1827 3791 1888 καὶτοῖς

2226 1920 2432 1985 ἄλλοις,
2492 1920 2744 1973 ἀπειθεῖν
2780 1923 2893 1982 τοῖς
2960 1919 3473 1989 ἐπιταττομένοις),
3528 1918 3658 1988 πρὸς
3706 1915 3789 1984 τὴν

2228 2010 2467 2080 πατρίδι
2519 2004 2647 2081 ἧκε,
2683 2013 2781 2063 καὶ
2826 2010 2990 2064 ἄλλον
3020 2009 3135 2062 τῶν
3168 2009 3417 2078 ἀδελφῶν
3448 2006 3788 2078 συμπαραλα-

2226 2102 2359 2156 ϐών.
2418 2104 2508 2164 Ὠς
2547 2102 2593 2155 δ’
2629 2102 2733 2167 ἔξω
2777 2102 2874 2170 τῆς
2910 2104 3187 2173 πατρικῆς
3234 2101 3419 2157 οἰκίας
3446 2100 3674 2168 ἐγίνετο,
3704 2099 3789 2166 τὴν

2226 2192 2537 2260 παρουσίαν
2563 2191 2824 2260 ἐμήνυεν.
2870 2189 3029 2241 Ἐπεὶ
3055 2188 3111 2242 δὲ
3140 2190 3234 2243 τοῦ
3264 2189 3440 2258 ψόφου
3461 2189 3570 2242 τῶν
3593 2189 3789 2256 ἐκείνης

2225 2281 2406 2336 ποδῶν
2432 2282 2650 2352 ἥσθετο,
2680 2283 2777 2335 καὶ
2800 2281 2861 2335 τὸ
2889 2281 3129 2352 θυρίδιον
3161 2281 3455 2346 ἐκλαυσία,
3490 2280 3664 2352 μύσας
3678 2281 3789 2342 τοὺς

2221 2374 2555 2443 ὀφθαλμοὺς,
2618 2374 2678 2438 ἐξ
2747 2373 3015 2444 ὀνόματος
3064 2376 3328 2443 προσεῖπε
3397 2379 3499 2444 τὴν
3550 2372 3789 2438 ἀδελφὴν,

2222 2468 2501 2521 ἐπειπών·
2537 2485 2557 2518 ι
2601 2466 2744 2534 ἰιὶγὼ
2781 2467 2932 2536 Πιὼρ
2986 2469 3014 2520 ὁ
3048 2465 3141 2530 σὸς
3196 2466 3431 2534 ἁδελφός
3453 2483 3469 2496 ·
3499 2464 3591 2519 καὶ
3617 2464 3679 2534 δὴ
3704 2464 3790 2532 τῆς

2225 2559 2354 2621 θέας
2382 2560 2440 2621 ἐς
2465 2560 2591 2612 ὅσον
2624 2558 2805 2627 βούλει
2845 2561 3119 2613 ἀπόλαυε.
3160 2576 3181 2608 ι
3230 2559 3297 2610 Ἦ
3359 2559 3462 2629 μὲν
3495 2553 3584 2611 οὖν
3609 2556 3788 2616 ίκανῶς

2223 2651 2564 2721 θεασαμένη,
2603 2653 2836 2722 χάριτας
2867 2651 3138 2722 ὡμολόγει
3161 2651 3303 2719 Θεῷ,
3333 2653 3436 2721 τῆς
3461 2652 3694 2718 ἐφέσεως
3720 2649 3789 2709 είς

2225 2745 2397 2813 πέρας
2448 2745 2708 2813 ἐλθούσης
2733 2758 2746 2772 ⁸
2787 2747 2815 2798 ὀ
2840 2744 2895 2797 δὲ
2927 2745 3105 2814 παρὰ⁴
3136 2744 3235 2813 τὴν
3286 2743 3461 2814 θύραν
3491 2744 3789 2811 εὐξάμενος,

2221 2838 2490 2907 ἀνεχώρει
2532 2834 2711 2904 αὖθις,
2744 2839 2835 2890 καὶ
2856 2837 2952 2890 ἐπὶ
2976 2837 3069 2890 τὸν
3095 2837 3330 2891 εἰωθότα
3371 2839 3554 2907 χῶρον
3583 2835 3783 2907 ἐχώρει.

2230 2927 2526 2994 Ἀνορύξας
2583 2928 2642 2981 δὲ
2686 2928 2891 2998 φρέαρ,
2965 2929 3163 2999 πικρδν
3197 2921 3323 2999 εὗρε
3377 2930 3440 2982 τδ
3464 2928 3641 3000 ὕδωρ·
3687 2926 3785 2979 an

2221 3023 2503 3090 παρέμενε
2531 3024 2694 3091 μέχρι
2726 3022 2986 3092 τελευτῆς
3015 3022 3110 3075 τοῦ
3151 3021 3353 3092 πικροῦ
3391 3025 3604 3078 ἐκείνου
3635 3038 3785 3091 μετα-
3868 3074 3875 3087 ι

528 3114 748 3155 rursum
782 3102 1063 3166 discessit,
1094 3114 1151 3159 et
1182 3106 1239 3159 in
1273 3105 1559 3174 regionem
1587 3107 1806 3162 solitam
1851 3108 2105 3163 revertit.

2220 3110 2539 3180 λαμϐάνων.
2567 3113 2609 3164 Τ
2614 3113 2640 3164 ὸ
2677 3112 2733 3165 δὲ
2780 3112 2881 3182 τῆς
2935 3114 3264 3183 ἐγκρατείας
3296 3114 3495 3185 ἐκείνῳ
3524 3112 3781 3183 ὑπερφυὲς

525 3194 663 3247 Cum
692 3207 876 3250 autem
913 3207 1138 3266 puteum
1173 3196 1410 3262 foderet,
1443 3214 1685 3254 amaram
1718 3202 1769 3254 in
1803 3215 1871 3256 eo
1897 3201 2109 3255 invenit

525 3302 769 3358 aquam:
821 3291 888 3344 ad
937 3307 1101 3360 quam
1158 3300 1378 3358 tamen,
1416 3308 1480 3348 ea
1522 3302 1719 3359 utens,
1769 3295 1836 3348 ad
1873 3305 2107 3349 mortem

525 3395 702 3446 usque
775 3385 1099 3451 permansit.
1164 3385 1296 3439 Tam
1361 3385 1617 3441 sublimis
1686 3401 1819 3441 vero
1883 3395 2110 3455 tempe-v

525 3472 702 3525 rantia
754 3473 875 3542 ejus
923 3485 1047 3543 post
1098 3475 1309 3530 obitum
1363 3476 1604 3545 primum
1660 3476 1836 3545 ipsius
1886 3477 2106 3547 cognita

521 3573 629 3618 est.
669 3563 807 3618 Cum
868 3567 1018 3620 enim
1077 3567 1171 3622 alii
1232 3568 1283 3621 in
1334 3568 1456 3622 loco
1500 3582 1569 3621 eo
1603 3568 2104 3637 philosophandum

523 3655 629 3708 sibi
692 3671 816 3711 esse
874 3659 1245 3721 statuissent,
1310 3660 1556 3729 perferre
1618 3661 1668 3713 id
1739 3676 1848 3715 non
1908 3674 2105 3731 potue-

473 3751 476 3756 ’
525 3755 677 3800 runt.
727 3748 845 3803 Mea
889 3765 1053 3817 porro
1102 3751 1418 3815 sententia,
1466 3753 1571 3805 nisi
1623 3751 1730 3806 sibi
1775 3752 1848 3806 ita
1906 3753 2107 3822 perdu-

521 3839 755 3893 randum
785 3857 909 3896 esse
950 3843 1353 3911 proposuisset,
1394 3859 1499 3896 non
1548 3844 1771 3899 diliicile
1807 3845 1857 3898 ei
1888 3844 2101 3911 fuisset,

521 3932 774 3986 oratione
798 3932 913 3988 sola
937 3948 1134 4002 aquam
1154 3948 1275 3987 eam
1303 3936 1357 3988 iu
1377 3933 1596 3989 dulcem
1625 3942 1841 3990 vertere
1863 3952 1876 3987 :
1896 3936 2104 4004 quippe

526 4025 622 4090 qui
690 4039 758 4079 eo
824 4025 994 4091 loco,
1048 4026 1140 4081 ubi
1201 4028 1352 4081 nulla
1414 4038 1602 4092 esset,
1659 4042 1780 4081 eam
1823 4028 2099 4082 elicuertt.

523 4118 684 4187 187
716 4117 852 4173 Cum
888 4120 1037 4174 enim
1088 4120 1285 4186 Moses,
1340 4136 1505 4189 quem
1557 4121 1820 4179 diximus,
1872 4134 2100 4190 puteum

522 4210 755 4273 foderet,
788 4220 844 4264 et
870 4213 982 4282 jam
1014 4211 1081 4265 ad
1127 4212 1455 4280 profundam
1486 4213 1833 4266 altitudinem
1868 4229 2097 4289 perven-

523 4312 637 4355 tum
680 4312 845 4369 esset,
879 4319 1062 4373 neque
1098 4320 1233 4359 vena
1266 4304 1451 4374 aliqua
1475 4305 1745 4374 liquorem
1784 4306 1952 4361 ullum
1987 4309 2101 4376 pol-

522 4395 804 4456 liceretur,
839 4396 976 4451 adeo
1007 4404 1063 4448 ut
1088 4396 1199 4463 jam
1232 4396 1574 4465 desperaret,
1602 4407 1655 4450 et
1691 4399 1933 4453 laborem
1977 4410 2028 4454 ta
2055 4419 2097 4452 ι-

522 4500 638 4541 tum
691 4488 1041 4556 relinqueret
1095 4506 1107 4541 :

516 4580 762 4644 advenit,
795 4588 851 4634 et
886 4580 1123 4647 primum
1160 4596 1285 4635 eum
1321 4582 1599 4644 salutavit,
1633 4584 1836 4640 deinde
1873 4586 2099 4654 pusilla-

519 4671 826 4725 nimitatem
855 4680 911 4725 et
946 4672 1392 4728 incredulitatem
1431 4674 1759 4731 fodientium
1795 4678 2097 4746 reprehen~

515 4763 614 4816 dit.
651 4761 765 4817 Sub
790 4764 925 4820 haec.
952 4764 1045 4819 ubi
1079 4765 1131 4819 in
1165 4766 1367 4820 fossam
1397 4766 1798 4826 descendisset.
1828 4778 1884 4822 ct
1912 4768 2095 4835 ligone

517 4853 741 4906 lcrlittztt
798 4869 997 4909 terram
1040 4857 1384 4927 impulisset,
1438 4860 1743 4929 derepente
1784 4860 2096 4915 scaturiens

516 4947 723 5013 prodiit
748 4964 911 5018 aqua,
942 4960 998 5004 et
1031 4965 1255 5019 puteum
1295 4954 1548 5022 replevit.
1574 4956 1753 5023 Atque
1787 4952 1877 5007 ubi
1900 4954 2091 5022 ‘petiit,

513 5050 576 5092 ut
607 5040 672 5094 ad
708 5044 1081 5110 precationem
1120 5046 1275 5099 abire
1311 5046 1417 5099 sibi
1461 5046 1674 5111 liceret,
1706 5056 1760 5098 et
1806 5046 1882 5098 illi
1921 5054 1980 5098 nt
2011 5046 2093 5101 ci-

512 5129 643 5185 bum
674 5148 798 5187 eum
840 5133 923 5188 eis
955 5149 1198 5205 caperet,
1233 5147 1491 5208 rogarunt
1525 5156 1539 5191 :
1585 5154 1793 5192 morem
1843 5138 1954 5191 illis
1983 5154 2091 5192 non

509 5222 701 5292 gessit,
732 5237 844 5278 non
873 5241 936 5279 ea
965 5226 1033 5280 de
1062 5241 1228 5282 causa
1256 5242 1316 5281 se
1345 5227 1569 5282 venisse
1592 5228 1805 5290 dicens,
1827 5226 2090 5282 eﬂectum

510 5321 697 5368 autem
751 5330 872 5373 esse
920 5318 974 5371 id
1023 5320 1182 5390 cujus
1211 5334 1377 5374 causa
1414 5329 1659 5375 venerat.
1699 5319 1901 5374 Eadem
1954 5329 2093 5373 tem-

507 5416 726 5479 pestate
762 5410 921 5465 multi
953 5411 1098 5467 circa
1132 5410 1343 5466 Scetim
1372 5411 1553 5482 magni
1584 5411 1811 5467 Antonii
1849 5410 2089 5466 ﬂoruere

578 5570 654 5640 (Ι)
689 5572 798 5624 Τοῦ
830 5571 1024 5643 λοιποῦ
1054 5574 1258 5643 μηδένα
1284 5572 1394 5628 τῶν
1426 5573 1646 5626 οἰκείων
1677 5572 1927 5640 ὄψεσθαι.
1957 5573 2084 5628 Soz.

509 5636 737 5714 lloe'est
767 5660 779 5694 :
808 5636 1096 5712 Nunquam
1117 5636 1172 5699 se
1207 5656 1389 5714 postea
1428 5636 1842 5714 proyinquo'rum
1868 5660 2087 5697 suorum

508 5712 788 5773 quemdam
822 5714 1058 5767 uisurum
1075 5732 1205 5769 esse.

582 5780 658 5848 (‘2)
688 5781 814 5834 ι’.οτ
845 5782 1190 5841 'aambulaus
1224 5786 1405 5842 cibum
1431 5783 1702 5853 capiebat.
1735 5779 1963 5836 Cuidatn
1993 5799 2086 5839 au-

2215 3202 2355 3271 μετὰ
2385 3203 2483 3273 τὴν
2516 3204 2728 3256 ἐκείνου
2765 3204 3026 3274 τελευτὴν
3069 3204 3377 3276 διεγνὼσθη
3406 3222 3422 3239 ο
3459 3206 3635 3260 ἄλλων
3688 3204 3784 3271 γὰρ

2212 3294 2506 3364 ᾑρημένων
2549 3295 2636 3347 ἐτ’
2691 3296 2888 3367 ἐκείνῳ
2919 3299 2995 3367 τῷ
3026 3297 3179 3368 τόπῳ
3212 3297 3553 3368 φιλοσοφεῖν,
3589 3296 3782 3365 ἀφόρηο

2209 3402 2301 3441 τον
2334 3381 2425 3457 ἦν.
2472 3386 2614 3454 Ἐγὼ
2659 3387 2704 3440 δ’
2748 3384 2926 3457 οἶμαι,
2955 3389 3006 3441 εί
3051 3389 3126 3461 μὴ
3157 3389 3250 3442 καὶ
3277 3388 3427 3442 οὕτω
3456 3391 3775 3459 ἐφιλοσόφει,

2209 3478 2359 3548 ὅμως
2391 3479 2465 3549 μὴ
2496 3480 2734 3549 χαλεπὸν
2763 3477 2904 3533 εἶναι
2938 3481 3072 3551 εὐχῇ
3116 3481 3254 3552 μόνῃ
3292 3481 3389 3535 καὶ
3426 3484 3506 3546 εἰς
3534 3481 3780 3550 γλυκεῖαν

2212 3570 2477 3638 ποιότητι
2526 3572 2865 3638 μειαστῆσαι
2923 3569 2984 3621 τὸ
3006 3567 3150 3638 ὕδωρ
3177 3585 3190 3599 ⁸
3239 3569 3298 3631 ὃς
3335 3575 3434 3624 καὶ
3473 3573 3547 3643 μὴ
3572 3571 3629 3625 ὃν
3662 3572 3781 3622 ἁνα-

2209 3659 2403 3712 6).ύσαι
2429 3661 2674 3727 ἐποίησε.
2710 3663 2851 3714 Φασὶ
2880 3662 2977 3714 καὶ
3024 3660 3134 3731 γάρ
3171 3678 3301 3715 ποτε
3341 3665 3472 3727 τοὺς
3509 3664 3654 3735 ἀμφὶ
3700 3665 3778 3715 τὸν

2208 3756 2610 3823 προειρημένον
2649 3756 2856 3808 Μωσέα
2920 3757 3103 3827 φρέαρ
3158 3755 3520 3826 ὀρύσσοντας,
3556 3757 3673 3811 ἐπεὶ
3708 3757 3778 3815 εἰς

2209 3848 2371 3918 βάθος
2393 3866 2449 3899 τε
2484 3849 2626 3917 μέγα
2652 3849 2951 3917 κατῄεσαν,
2978 3849 3072 3900 καὶ
3103 3848 3212 3901 οὐδ’
3244 3851 3269 3917 ἡ
3296 3849 3443 3920 φλὲψ
3479 3851 3778 3920 ὑπισχνεῖτο

2205 3940 2457 3994 ἀνάδοσιν
2493 3940 2737 4011 δίυγρον.
2764 3940 3139 4010 ἀπαγορεύειν
3169 3941 3270 4010 ἤδη
3303 3942 3545 4008 μέλλειν,
3574 3942 3663 3994 καὶ
3695 3940 3777 3991 τὸν

2204 4032 2458 4088 τοσοῦτον
2489 4035 2655 4087 κόπον
2686 4034 2800 4105 ἐᾷν.
2863 4032 3050 4101 Μέσης
3094 4032 3138 4085 δ’
3177 4032 3390 4103 ἡμέρας
3424 4036 3490 4087 ἐκ
3522 4034 3615 4086 τοῦ
3646 4048 3778 4098 παρ-

2205 4128 2430 4196 ήκοντος
2454 4129 2545 4180 τὸν
2570 4127 2721 4195 Πιὼρ
2752 4127 3076 4190 ἐπιστάντα,
3100 4126 3461 4181 ἀσπάσασθαι
3496 4127 3769 4198 πρότερον,

2203 4216 2320 4272 εἶτα
2357 4220 2727 4291 μικροψυχίαν
2766 4218 2860 4272 καὶ
2912 4217 3237 4271 δυσπιστίαν
3271 4219 3539 4273 ὀνειδίσαι
3565 4221 3771 4279 αὐτοῖς’

2206 4312 2343 4380 μετὰ
2390 4313 2448 4364 δὲ
2492 4310 2653 4363 τοῦτο
2701 4310 3035 4363 κατελθόντα
3084 4311 3144 4363 τὸ
3183 4311 3429 4381 ὅρυγμτ,
3480 4315 3546 4382 τῇ
3577 4309 3772 4363 σκαλίδι

2192 4388 2384 4470 ¹’τρίτον
2411 4403 2612 4472 πλῆξαι
2637 4402 2736 4474 τὴν
2791 4403 2902 4471 γῆν
2925 4418 2938 4433 ⁸
2971 4404 3318 4473 παραχρῆμα
3350 4403 3408 4455 δὲ
3453 4409 3692 4471 πηγάσαι
3719 4401 3774 4450 τὸ

1163 4488 1348 4542 obiter
1409 4490 1559 4544 circa
1618 4491 1907 4546 meridiem
1970 4495 2099 4547 Pior

2212 4493 2370 4563 ὕδωρ,
2396 4496 2495 4547 καὶ
2524 4493 2814 4564 πληρῶσαι
2847 4495 2906 4547 τὸ
2947 4494 3192 4564 ὄρυγμα.
3238 4496 3391 4547 Ἐπεὶ
3423 4495 3470 4547 δ’
3498 4494 3588 4547 ἐπ’
3619 4492 3771 4562 εὐχὴν

2200 4589 2425 4641 ἀπιέναι
2471 4587 2612 4659 ᾔτει,
2641 4587 2913 4658 δεομένων
2963 4588 3189 4642 ἐκείνων
3218 4589 3434 4659 τροφῆς
3469 4590 3772 4659 μετασχεῖν,

2198 4683 2299 4733 οὐκ
2321 4681 2601 4749 ἠνέσχετο,
2635 4680 2877 4734 ἐπειπὼν
2898 4682 2973 4751 μὴ
3005 4682 3098 4733 ἐπὶ
3121 4682 3296 4752 τούτῳ
3318 4683 3498 4752 ἥκειν,
3542 4680 3763 4750 ηνύσθκι

2196 4773 2251 4824 δὲ
2279 4772 2427 4841 αὑτῷ
2462 4773 2529 4825 δι’
2557 4774 2585 4826 ὃ
2612 4768 2983 4844 παραγέγονε.
3030 4774 3187 4828 Κατὰ
3218 4775 3277 4827 δὲ
3307 4777 3501 4831 τοῦτον
3530 4776 3620 4826 τὸν
3649 4771 3769 4842 χρὸ-

2196 4879 2285 4915 νον
2314 4862 2497 4915 πολλοὶ
2525 4864 2632 4915 τῶν
2660 4862 3112 4933 μαθητευθέντων
3143 4866 3220 4934 τῷ
3246 4866 3472 4934 μεγάλῳ
3502 4862 3762 4928 Ἀντωνίῳ

2194 4953 2489 5022 διέπρεπον
2519 4955 2648 5026 περὶ
2672 4955 2874 5023 Σκῆτιν
2896 4971 2910 4983 ·
2947 4950 3024 5008 ὧν
3076 4957 3340 5026 γηραλέοι
3368 4956 3654 5026 Ὡριγένης
3679 4953 3764 5005 καὶ

2196 5046 2424 5115 Δίδυμος
2477 5051 2571 5100 καὶ
2606 5048 2854 5117 Κρονίων
2880 5044 3051 5120 ἦσαν·
3086 5048 3112 5100 ὀ
3136 5049 3192 5102 δὲ
3232 5051 3487 5118 Κρονίων
3512 5050 3600 5103 καὶ
3632 5047 3761 5111 ὑπὲρ

2193 5137 2262 5189 τὰ
2284 5136 2413 5190 δέκα
2436 5140 2531 5190 καὶ
2559 5139 2755 5192 ἑκατὸν
2783 5141 3104 5210 διαγέγονεν
3140 5140 3257 5210 ἐτη.
3286 5141 3429 5213 Πρδς
3462 5141 3527 5212 δὴ
3558 5140 3759 5197 τούτοις

2194 5227 2486 5299 σύγχρονοι
2514 5229 2722 5294 τούτοις
2747 5231 3035 5301 Σεραπίων
3062 5235 3090 5286 ὁ
3123 5234 3318 5301 μέγας,
3354 5231 3759 5295 [Ῑουτουΰὰστης

2190 5336 2250 5373 τε
2278 5321 2372 5373 καὶ
2418 5322 2678 5391 ’Λρσίων,
2708 5326 2802 5375 καὶ
2850 5325 2879 5375 ό
2907 5323 3242 5394 περιϐόητος
3270 5325 3591 5394 ’Δρσήσιοςο
3623 5321 3669 5374 οῖ
3700 5322 3757 5386 τῇ

2190 5411 2415 5483 τοιαύτῃ
2451 5413 2971 5482 καταγεγηρακότες
3010 5415 3323 5486 φιλοσοφίᾳ,
3356 5416 3464 5467 τῶν
3491 5413 3616 5484 τῇδε
3670 5424 3759 5480 μοι

2193 5583 2298 5627 tem
2335 5569 2693 5646 ca_usam_ejus
2718 5571 2797 5625 rei
2847 5572 3173 5644 inquirenti,
3221 5575 3378 5641 Nolo,
3412 5574 3612 5644 inquit,
3635 5585 3758 5646 cura

2188 5643 2438 5709 corporis
2472 5653 2529 5693 ut
2557 5641 2705 5706 justo
2732 5641 2940 5709 opere;
2962 5647 3056 5698 sed
3109 5649 3379 5701 succisivo
3423 5641 3632 5698 tantum
3663 5642 3752 5693 uti.

2188 5729 2259 5766 ne
2290 5712 2502 5787 scilicet
2524 5711 2648 5787 cibo
2673 5714 2946 5787 gapiendo
2998 5717 3177 5785 aliqua
3206 5733 3269 5773 ex
3309 5726 3458 5787 parte
3490 5712 3754 5780 voluptate

2189 5782 2437 5851 Corporis
2463 5783 2641 5835 animo
2669 5779 2908 5839 fruatur.
