4056 6440
948 274 983 287 κ

477 336 581 399 715
1694 342 2113 406 ΝΙΕΕΡΗΟΙὶΙ
2166 343 2517 406 CALLlS’l‘l
3621 358 3710 423 716
3757 411 3764 415 .

474 451 638 517 tium,
672 451 922 523 ﬂagravit
958 457 1147 510 odium
1197 475 1210 510 :
1245 471 1355 513 non
1400 456 1525 512 illos
1554 458 1782 527 quidem
1813 456 2024 510 vindirt

2131 499 2136 520 ,
2168 453 2235 527 ἦν
2258 500 2271 521 ,
2307 461 2511 529 ἥκιστα
2548 463 2648 532 μὲν
2679 464 2863 535 ἀμύνῃ
2898 466 3206 536 χρωμένοις
3227 508 3243 533 ,
3278 468 3516 540 εὐψύχως
3547 469 3602 524 δὲ
3629 473 3716 535 τὰς

474 554 718 612 utentes,
752 549 846 602 sed
866 565 1081 620 magno
1105 552 1290 605 animo
1322 551 1502 606 illatas
1530 550 1763 620 injurias
1791 555 1848 605 'et
1874 550 2024 619 plaga

2168 554 2579 623 ἐπιφερομένας
2606 555 2794 624 ὕϐρεις
2818 574 2877 609 τε
2907 559 3002 611 καὶ
3023 559 3242 627 πληγὰς
3266 560 3581 630 δεχομένοις.
3608 559 3716 623 Οἷος

474 638 842 719 excipientes.
872 639 1061 707 Qualis
1100 641 1427 698 Valentinus
1460 642 1554 697 ille
1593 643 1719 703 fuit,
1760 656 1925 712 quem
1961 640 2024 694 ali

2166 646 2526 709 Οὐαλεντίνος
2562 643 2906 720 ὲκεῖνοξῆν,
2940 650 2999 704 ὃν
3027 653 3079 704 oi
3120 652 3220 722 μὲν
3256 653 3574 723 Ἑμισηνὸν,
3604 657 3649 707 οἱ
3679 656 3720 708 δ’

470 730 825 797 Emescnum,
859 735 952 791 alii
984 735 1339 791 Arethusium
1374 751 1576 806 genere
1610 736 1780 790 fuisse
1814 733 2060 788 tradide-

468 834 619 880 runt.
660 825 727 880 Et
770 826 912 882 alter
939 827 991 882 ei
1033 829 1379 898 cognominis
1421 829 1750 894 monachus,
1786 838 1843 883 et
1872 818 2058 883 Theo-

467 917 656 984 dorus,
686 921 778 989 qui
817 920 983 975 ambo
1015 937 1045 976 a
1082 922 1249 977 'l‘ittis
1274 922 1397 978 vico
1434 922 1772 993 praefectura:
1799 923 2057 993 Apameae

466 1011 689 1066 oriundi
741 1012 919 1069 fuere.
957 1013 1094 1070 Item
1126 1015 1371 1071 Marosas
1413 1015 1669 1072 Nechelis
1700 1024 1881 1081 ortus,
1917 1015 2053 1072 Bas?

465 1117 581 1168 sus,
621 1104 910 1171 Bassones,
956 1115 1014 1163 et
1058 1107 1286 1170 Paulus,
1332 1107 1426 1165 cui
1470 1109 1648 1179 patria
1699 1107 1806 1163 luit
1849 1107 2056 1163 Telmi-

357 1246 366 1254 .
464 1212 560 1254 sus
591 1198 694 1269 (l).
738 1199 840 1255 llic
872 1217 998 1257 cum
1035 1203 1227 1259 multis
1261 1203 1319 1258 in
1366 1204 1505 1261 locis
1541 1205 1715 1260 multa
1747 1204 2053 1260 monacho-

459 1304 586 1343 rum
637 1291 896 1347 cmnobia
940 1293 1298 1358 instituisset,
1348 1306 1403 1353 et
1448 1297 1711 1366 praeclare
1759 1295 1948 1366 plures
1979 1294 2049 1350 ad

390 1394 396 1401 '
462 1381 870 1453 philosophiam
912 1385 1058 1441 hanc
1084 1387 1514 1443 consectandam
1543 1387 1873 1444 cohortatus
1906 1385 2049 1442 luis-

2177 738 2525 805 Ἀρεθούσιον
2558 740 2619 792 τὸ
2653 742 2810 808 γένος
2844 750 2986 796 εἰναι
3018 743 3205 813 ἔλεγον
3230 761 3246 776 ⁸
3284 747 3380 798 καὶ
3409 745 3500 799 τὸν
3531 747 3721 815 ἕτερον,

2162 830 2316 900 αὐτῷ
2357 832 2415 885 δὲ
2457 833 2754 905 ὁμώνυμον
2779 851 2795 867 ⁸
2844 837 2942 890 καὶ
2984 836 3263 909 Θεόδωρον
3286 852 3302 869 ⁸
3348 838 3397 891 οἳ
3442 838 3529 891 καὶ
3574 838 3723 908 ἄμφω

2161 922 2273 976 ἀπὸ
2321 923 2535 979 Τιττῶν
2586 926 2681 980 τοῦ
2715 927 3011 997 Ἀπαμέων
3064 927 3338 999 ὡρμῶντο
3389 928 3550 999 νομοῦ
3578 946 3591 961 ⁸
3639 935 3725 983 καὶ

2159 1013 2446 1083 Μαρὼσαν
2477 1016 2572 1070 τὸν
2604 1018 2669 1072 ὲκ
2708 1018 2991 1090 Νεχείλων
3016 1036 3034 1053 ⁸
3069 1022 3164 1075 καὶ
3207 1022 3439 1086 Βάσσον,
3472 1026 3561 1078 καὶ
3601 1025 3723 1076 Βασμ

2161 1106 2360 1177 σώνην,
2389 1110 2484 1161 καὶ
2512 1109 2747 1177 Παῦλον,
2773 1104 2819 1179 ᾧ
2847 1114 3047 1183 πατρὶς
3074 1114 3344 1183 Τελμισὸς
3370 1111 3457 1187 ἦν,
3489 1109 3651 1180 Οὗτος
3674 1117 3724 1169 δε

2159 1202 2365 1268 πολλὰς
2406 1208 2691 1271 συνοικίας
2736 1210 2995 1280 μοναχῶν
3033 1212 3177 1267 κατὰ
3213 1214 3506 1286 διαφόρους
3545 1215 3726 1276 τόπους

2159 1298 2598 1368 συστησάμενος,
2624 1300 2722 1355 καὶ
2748 1303 2933 1366 καλῶς
2959 1303 3057 1356 ἐπὶ
3079 1304 3141 1359 τὸ
3166 1306 3482 1377 φιλοσοφεῖν
3508 1308 3727 1378 προτρέ-

2153 1387 2261 1459 ψας
2281 1431 2297 1455 ,
2330 1389 2561 1459 ὕστερον
2592 1391 2695 1462 τὴν
2730 1393 2789 1457 ἐς
2821 1395 2884 1446 τὸ
2920 1394 3198 1463 Ἰουγάτον
3229 1394 3375 1451 οὕτω
3406 1395 3726 1466 καλούμενον

459 1481 567 1538 set,
590 1475 947 1544 postmodum
979 1476 1033 1531 in
1062 1479 1284 1548 regione
1313 1480 1400 1535 cui
1433 1493 1633 1534 nomen
1657 1487 1743 1535 est
1765 1478 2021 1549 Jugatum

2155 1480 2359 1551 χωρίον
2394 1480 2661 1552 λαμπρὰν
2698 1482 2795 1537 καὶ
2833 1484 3112 1555 περιφανῆ
3147 1486 3429 1540 συνοικίαν
3462 1503 3723 1557 καταστη-
3776 1490 3799 1542 ι

462 1566 678 1640 insigne
744 1577 802 1623 et
853 1570 1203 1641 splendidum
1272 1574 1673 1628 monachorum
1729 1572 2020 1630 construxi

2155 1572 2391 1642 σάμενος
2430 1574 2709 1646 μοναχῶν,
2745 1577 2928 1631 ἐκεῖσε
2963 1576 3030 1646 δὴ
3061 1579 3158 1632 καὶ
3188 1577 3283 1631 τὸν
3318 1579 3438 1649 βίον
3471 1578 3726 1632 ἀπέλιπεν

460 1660 825 1729 domicilium,
867 1673 1033 1734 atque
1081 1664 1156 1719 ibi
1210 1666 1380 1719 vitam
1431 1665 1485 1720 in
1536 1660 1825 1721 senectute
1873 1664 2024 1719 mult:

2151 1668 2233 1732 είς
2274 1667 2413 1739 βαθὺ
2451 1669 2635 1740 γῆρας
2675 1670 2900 1736 ἐλά-σας.
2942 1672 3231 1727 Δείκνυται
3268 1673 3328 1728 δὲ
3365 1675 3462 1729 καὶ
3500 1673 3529 1727 ὁ
3566 1673 3725 1741 τάφος

452 1750 660 1806 ﬁnivit.
701 1752 1042 1809 Monstratur
1085 1769 1154 1808 eo
1184 1755 1309 1809 loco
1343 1756 1543 1817 adhuc,
1591 1755 1739 1826 quod
1782 1755 2024 1810 omnibu:

2151 1758 2366 1812 ἐκείνου
2399 1759 2571 1815 εἰσέτι
2603 1762 2741 1815 πᾶσι
2776 1763 3100 1833 κατάδηλος.
3134 1763 3334 1834 Σχεδὸν
3363 1764 3422 1819 δὲ
3453 1764 3550 1819 καὶ
3577 1764 3725 1826 ὅσους

456 1852 649 1899 ιιοιιιιιι
695 1854 780 1900 est
807 1884 822 1911 ,
882 1846 1203 1930 sepulcrum
1246 1847 1388 1917 ejus.
1436 1844 1648 1902 Omnes
1690 1861 1824 1901 vero
1870 1862 2024 1918 propt

2152 1854 2261 1908 τῶν
2286 1854 2546 1926 μοναχῶν
2567 1854 2878 1927 διήλθομεν,
2911 1825 3211 1930 paup-661.0:
3235 1859 3441 1925 πάντες
3463 1859 3720 1927 ἐγένοντο.

456 1863 649 1899 notum
695 1863 780 1900 ρει
807 1884 822 1911 ,
882 1863 942 1901 se
987 1863 1203 1901 uicrum
1246 1863 1388 1917 opus.
1436 1863 1648 1902 umnes
1690 1863 1824 1901 vero
1870 1863 2045 1918 prope

455 1952 599 2008 quos
652 1863 1037 1995 recensuinfus
1090 1941 1373 2005 monachi,
1430 1939 1663 2010 longaevi
1717 1939 1875 1996 fuere
1926 1957 1940 1994 :
1988 1938 2045 1993 id

452 2027 602 2102 quod
631 2029 997 2099 dispositione
1033 2041 1090 2087 et
1132 2032 1477 2102 providentia
1526 2031 1619 2087 Dei
1667 2030 1803 2086 mihi
1835 2029 2043 2085 factum

396 2150 399 2155 -
451 2101 585 2177 esse.
617 2122 858 2189 videtur,
889 2124 1147 2180 videlicet
1192 2134 1254 2180 ut
1296 2133 1408 2180 tam
1457 2124 1721 2179 diuturno
1759 2131 1816 2178 ct
1844 2131 2044 2178 exacto

450 2214 580 2270 vitae
610 2215 869 2282 instituto
902 2216 1310 2272 incrementum
1348 2216 1547 2289 religio
1586 2224 1812 2285 caperet
1844 2232 1858 2268 :
1892 2213 2040 2285 quod

451 2304 560 2360 non
588 2304 757 2377 Syros
788 2313 1029 2373 tantum,
1054 2308 1151 2363 sed
1181 2316 1238 2362 et
1272 2307 1470 2362 Persas
1503 2317 1669 2376 atque
1703 2305 2041 2362 Sarracenos

447 2396 722 2468 plurimos
769 2398 836 2453 ad
888 2397 1052 2454 fidem
1101 2409 1350 2455 nostram
1397 2402 1691 2469 pertraxit,
1733 2407 1799 2455 et.
1835 2397 2041 2455 Grteeae

452 2491 870 2562 superstitionis
909 2501 1215 2548 sectatores
1246 2490 1496 2563 plerique
1541 2501 1603 2546 ut
1633 2491 1845 2546 cultum
1875 2507 2039 2547 suum

446 2583 813 2654 abnegarent,
861 2583 1073 2640 effecit.
1127 2585 1206 2640 Ex
1254 2585 1458 2656 quibus
1499 2583 1759 2639 omnibus
1812 2584 2038 2655 plurimi

446 2674 705 2742 persuasi
737 2682 890 2741 sunt,
927 2674 1442 2747 utphilosolihiam
1494 2673 1853 2728 monasticam
1884 2689 2039 2729 sum-

446 2780 674 2836 mopere
701 2766 975 2832 colerent,
1000 2776 1059 2822 et
1083 2769 1151 2821 ad
1187 2782 1379 2822 eorum
1406 2782 1545 2836 quos
1580 2767 1743 2821 modo
1768 2767 2033 2834 diximus,

441 2859 758 2929 exemplum
832 2862 1229 2915 monachorum
1292 2860 1680 2916 sodalitatibus
1749 2865 2032 2931 praeirent.

443 2949 648 3006 Facilis
695 2959 880 3006 autem
925 2951 1249 3022 conjectura
1286 2960 1393 3019 est,
1426 2950 1532 3007 hoc
1570 2967 1746 3022 genus
1785 2955 2034 3032 philoso-

440 3042 586 3111 phia:
616 3043 695 3112 (2)
728 3044 891 3100 initio
931 3042 1060 3098 inde
1095 3053 1341 3114 sumpto,
1388 3043 1455 3098 ad
1503 3044 1726 3102 Galatas
1761 3061 1938 3118 usque
1976 3059 2032 3104 et

2152 1946 2261 2001 Καί
2308 1965 2403 2019 μοι
2450 1948 2598 2003 δοκεῖ
2639 1950 2704 2004 τὸ
2745 1948 2921 2013 οὕτως
2966 1951 3203 2005 ἐπιπολὺ
3251 1951 3597 2022 διαγενέσθαι
3635 1951 3721 2004 τοῦ

2148 2039 2345 2110 χρόνου
2376 2043 2737 2113 οἰκονομῆσαι
2763 2044 2827 2098 τὸ
2855 2044 3013 2098 Θεῖον
3032 2086 3049 2113 ,
3080 2046 3159 2110 ὡς
3193 2047 3261 2100 ἂν
3290 2048 3324 2117 ἡ
3360 2046 3623 2117 θρησκεία
3649 2045 3722 2108 είς

2147 2132 2397 2188 ιπίδοσιν
2425 2137 2806 2207 προχωρήσοι.
2864 2137 2946 2210 Τῇ
2978 2139 3089 2209 γὰρ
3118 2139 3361 2212 τοσαύτῃ
3391 2140 3608 2210 ἀκριϐεῖ
3633 2139 3720 2192 ἐπὶ

2149 2225 2367 2296 μακρόν
2392 2227 2643 2301 πολιτείᾳ
2670 2229 2732 2283 ού
2761 2229 2974 2300 Σύρους
3001 2230 3352 2302 μόνον,ιάλλὰ
3384 2233 3479 2286 καὶ
3508 2230 3719 2302 Περσῶν

2143 2319 2243 2371 acui.
2285 2319 2625 2390 Σαρακηνῶν
2659 2323 2789 2386 τοὺς
2830 2322 3122 2388 πλείστους
3146 2325 3287 2397 πρὸς
3320 2326 3423 2398 τὴν
3460 2326 3719 2395 σφετέραν

2144 2414 2333 2468 πίστιν
2382 2414 2754 2470 καθείλκυσαν
2780 2433 2797 2451 ⁸
2854 2419 2953 2472 καὶ
2985 2416 3257 2489 ’Έλληνας
3305 2421 3389 2474 ὅτι
3442 2419 3718 2481 πλείστους

2143 2506 2491 2576 ἀρνήσασθαι
2523 2508 2583 2561 τὸ
2602 2510 2808 2563 οίκείον
2829 2510 3253 2582 παρεσκεύασαν
3288 2512 3477 2576 σέϐας.
3515 2512 3622 2565 Καὶ
3659 2511 3718 2564 ἐκ

2140 2600 2347 2654 τούτων
2378 2603 2601 2656 πάντων
2628 2603 2924 2668 πλείστους
2962 2606 3260 2678 μοναδικῆς
3293 2606 3614 2677 φιλοσοφίας
3644 2607 3717 2670 είς

2139 2688 2311 2761 ἄκρον
2345 2690 2521 2745 ὲλθεῐν
2556 2691 2804 2757 ἔπεισαν,
2840 2693 2936 2748 καὶ
2971 2695 3199 2765 στίφους
3238 2700 3499 2770 μοναχὼν
3534 2696 3716 2763 ἐπίσης

2140 2781 2326 2847 αὐτοῖς
2364 2783 2823 2854 καθηγήσασθαι.
2856 2788 3076 2843 Ἔνεστι
3122 2789 3182 2844 δὲ
3231 2791 3598 2862 συμϐάλλειν,
3645 2788 3714 2853 ὡς

2138 2876 2352 2931 ἐκεῖθεν
2397 2877 2430 2948 ἠ
2473 2878 2703 2951 τοιαύτη
2750 2879 3038 2955 ἀρξαμένη
3082 2883 3378 2956 φιλοσοφία
3427 2886 3521 2941 καὶ
3564 2885 3715 2956 μέχρι

2136 2965 2395 3021 Γαλατῶν
2426 2968 2520 3022 καὶ
2558 2971 2953 3027 Καππαδοκῶν
2983 2975 3082 3028 καὶ
3113 2976 3221 3029 τῶν
3252 2978 3475 3048 ὁμόρων
3504 2980 3711 3041 αὐτοῖς,

2136 3059 2232 3115 καὶ
2266 3058 2400 3131 περὶ
2425 3062 2514 3115 τὸν
2547 3060 2800 3129 Εὔξεινον
2830 3066 3027 3120 πόντον
3056 3068 3151 3122 καὶ
3186 3070 3445 3126 Βιθυνίαν
3473 3071 3566 3125 καὶ
3599 3069 3711 3124 Έλ-

437 3133 818 3204 Cappodoccs,
883 3134 1261 3204 ﬁnitimosque
1317 3132 1397 3188 cis
1455 3136 1708 3204 populos,
1767 3136 1900 3193 item
1960 3139 2024 3196 ad

2132 3152 2434 3223 λήσποντον
2464 3154 2698 3224 ἔφθανεν
2721 3173 2736 3189 ⁸
2770 3157 2820 3211 οἳ
2852 3158 2917 3231 δὴ
2946 3162 3010 3213 ὲκ
3042 3161 3270 3217 παλαιοῦ
3302 3165 3365 3218 τὸ
3397 3167 3569 3236 δόγμα
3597 3164 3711 3235 θερ-

438 3225 717 3283 Euxinum
778 3227 1040 3294 Pontum,
1101 3226 1439 3299 Bithyniam,
1499 3238 1557 3284 et
1608 3228 2024 3300 Hellespontum

2137 3246 2254 3317 μῷς
2287 3248 2708 3319 πρεσϐεύοντες,
2743 3225 2976 3318 πολλοὺς
3005 3259 3135 3319 τοὺς
3164 3258 3306 3311 κατά
3336 3225 3478 3314 Θεὸν
3496 3225 3709 3329 ethoc-e-

438 3320 790 3391 pervenisse,
837 3320 932 3392 qui
982 3335 1118 3376 sane
1172 3321 1477 3391 antiquitus
1520 3322 1828 3377 doctrinam
1867 3324 2028 3380 Chri-

438 3412 675 3467 stianam
731 3411 1096 3485 ﬂagrantibus
1148 3413 1349 3469 animis
1398 3413 1850 3483 complectentes,
1902 3430 2027 3485 perv

437 3502 642 3558 multos
695 3503 896 3558 divina:
935 3502 1101 3574 hujus
1136 3502 1504 3574 philosophia:
1556 3503 1804 3560 habuere
1852 3517 2027 3562 secta-

436 3604 610 3649 tores.
654 3593 902 3660 Quorum
955 3593 1160 3665 plures~
1190 3593 1244 3649 in
1296 3595 1689 3651 communibus
1725 3598 2026 3653 domiciliis

435 3701 537 3756 per
573 3688 739 3741 urbes
778 3695 835 3742 et
870 3686 1026 3742 vicos
1074 3686 1420 3752 habitarunt,
1457 3688 1541 3743 vel
1581 3688 1728 3758 quod
1774 3688 2023 3745 nondum

436 3781 837 3837 traditionibus
883 3793 942 3859 et
986 3784 1258 3853 exemplis
1307 3798 1502 3839 eorum
1541 3785 1637 3855 qui
1689 3785 1824 3841 dicti
1868 3796 2018 3855 sunt,

431 3874 826 3940 assuevissent,
891 3859 1049 3946 195
1077 3877 1162 3932 vel
1193 3876 1340 3947 quod
1375 3887 1602 3949 propter
1634 3879 1833 3935 hiemis
1861 3895 2022 3951 aspe-

433 3967 654 4024 ritatem
705 3967 960 4038 regiones
1003 3969 1130 4033 illae,
1172 3978 1228 4025 et
1261 3969 1502 4026 maxime
1547 3970 1776 4037 Pontus,
1808 3971 2019 4042 Cappa-

429 4062 615 4127 docia,
649 4071 702 4118 et
729 4061 963 4129 Galatia,
996 4073 1189 4120 natura
1236 4052 1613 4135 frigidissimae
1656 4067 1791 4131 sint,
1820 4065 2015 4137 proin-

430 4157 611 4224 deque
661 4171 770 4210 non
823 4155 985 4212 facile
1032 4158 1254 4227 plurimi
1286 4159 1346 4213 in
1376 4158 1509 4214 solis
1543 4159 1617 4215 ibi
1652 4159 1787 4215 locis
1815 4160 2017 4231 degere

428 4260 676 4318 possent.
711 4250 1104 4306 Verumtamen
1148 4266 1261 4305 non
1294 4251 1524 4307 omnino
1565 4262 1782 4307 montes
1822 4252 2013 4308 earhm

426 4341 497 4396 ab
537 4341 878 4412 ejnsceinodi
928 4341 1277 4413 philosophis
1318 4344 1477 4399 vacui
1534 4342 1710 4400 fuere.
1739 4341 2013 4415 Tempore

426 4450 667 4504 namque
704 4435 1061 4504 procedente,
1108 4436 1425 4492 vehementi
1470 4447 1635 4508 atque
1664 4422 1884 4494 ardenti
1927 4454 2013 4495 re-

2135 3344 2416 3413 φήσαντας
2456 3342 2616 3415 ἔσχον
2639 3361 2655 3378 ⁸
2689 3340 2764 3400 ὧν
2797 3347 2848 3399 oi
2892 3347 3110 3414 πλείους
3154 3350 3297 3404 κατὰ
3341 3352 3617 3416 συνοικίας
3655 3351 3709 3403 ὲν

2132 3430 2324 3484 πόλεσι
2355 3431 2448 3485 καὶ
2478 3430 2695 3504 κώμαις
2724 3433 2934 3507 ᾤκουν,
2970 3438 3087 3508 ἅμα
3119 3439 3221 3510 μὲν
3249 3440 3309 3493 τὸ
3344 3444 3515 3516 μήπω
3544 3457 3710 3511 παρα-

2126 3522 2279 3578 δόσει
2316 3526 2348 3592 ἢ
2385 3524 2580 3589 τύποις
2620 3526 2682 3597 δή
2712 3544 2858 3609 τισιν
2891 3530 3196 3601 εἰθισμένοι
3231 3533 3341 3588 τῶν
3379 3535 3610 3605 πρόσθεν
3639 3528 3708 3586 εῖ-

2130 3632 2218 3668 ναι
2240 3631 2255 3646 ⁸
2286 3616 2499 3683 ῐσωςδὲ
2527 3620 2622 3671 καὶ
2646 3619 2751 3672 ὑπὸ
2777 3622 2876 3692 τῆς
2899 3622 2993 3676 τοῦ
3021 3627 3293 3695 χειμῶνος
3318 3628 3703 3698 χαλεπότητος,

2130 3707 2294 3777 φύσει
2323 3708 2684 3780 ψυχροτάτων
2715 3713 2885 3768 ὄντων
2914 3717 3022 3769 τῶν
3053 3719 3181 3788 τῇδε
3213 3720 3446 3792 χώρων,
3479 3721 3573 3775 καὶ
3603 3721 3703 3791 μά-

2127 3800 2287 3856 λιστα
2319 3802 2429 3855 τῶν
2460 3804 2565 3858 ἀνὰ
2596 3806 2689 3860 τὸν
2725 3807 2924 3861 Πόντον
2960 3811 3342 3868 Καππαδοκῶν
3377 3834 3438 3870 τε
3473 3818 3565 3871 καὶ
3606 3815 3705 3868 Γα-

2125 3893 2343 3959 λατῶν,
2380 3895 2482 3950 οὐκ
2521 3898 2753 3970 εὐχερὲς
2795 3897 2862 3973 ἦν
2899 3902 3004 3956 ἀνὰ
3036 3903 3135 3975 τὴν
3169 3905 3378 3977 ἔρημον
3414 3908 3701 3979 διατρίϐειν

2123 3987 2254 4050 τοὺς
2295 3986 2609 4050 πλείστους.
2643 3993 2733 4056 Ὠς
2772 3994 2978 4049 ἐπίπαν
3011 3997 3121 4068 γὰρ
3157 3999 3278 4052 οὐδὲ
3318 4001 3529 4074 ἄμοιρα
3565 3998 3700 4074 ἦσαν

2122 4081 2193 4134 τὰ
2234 4080 2337 4153 ὅρη
2371 4082 2483 4137 τῶν
2521 4085 2780 4140 τοιούτων
2818 4088 3147 4159 φιλοσόφων.
3189 4094 3443 4163 Προϊόντι
3485 4097 3590 4167 γὰρ
3623 4094 3699 4164 τῷ

2116 4171 2300 4245 ’χρόνιι
2337 4177 2403 4247 τῇ
2450 4178 2679 4250 σφοδρᾷ¹
2703 4181 2838 4251 περὶ
2868 4180 2930 4236 τὸ
2960 4182 3118 4237 Θεῖον
3154 4186 3248 4238 καὶ
3282 4186 3464 4260 θερμῇ
3501 4187 3695 4256 σπονδῇ

2119 4264 2177 4317 ὲν
2210 4263 2452 4339 δευτέρῳ
2486 4270 2556 4321 τὰ
2587 4269 2682 4322 τοῦ
2714 4269 2923 4340 ψύχους
2955 4268 3120 4344 ἦσαν.
3157 4277 3283 4340 Τοῖς
3314 4279 3359 4331 δ’
3388 4283 3566 4334 ἐκεῖσε
3604 4277 3696 4349 μέ-

2119 4373 2239 4428 ρεσι
2271 4357 2460 4412 πολλοὶ
2494 4358 2595 4429 μὲν
2625 4365 2721 4414 καὶ
2751 4364 2903 4417 ἄλλοι
2937 4365 3179 4436 δοκίμως
3208 4369 3476 4440 ἐϐίωσαν,
3509 4370 3694 4442 ὥσπερ

2119 4463 2210 4517 μοι
2242 4449 2337 4503 καὶ
2364 4448 2601 4523 ἀλλαχοῦ
2632 4456 2850 4525 εἴρηται
2872 4471 2888 4486 ⁸
2923 4458 3063 4527 μετὰ
3089 4459 3146 4513 δὲ
3173 4461 3300 4528 τοὺς
3331 4467 3465 4536 περὶ
3497 4466 3694 4519 Εὗσεὰ-

425 4542 547 4580 rum
577 4526 895 4583 divinarum
940 4529 1130 4585 studio
1178 4530 1352 4601 frigus
1394 4530 1560 4585 etiam
1602 4534 1790 4588 cessit.
1830 4536 2010 4603 Atque

2131 4540 2353 4596 ὶιονκαὶ
2375 4542 2470 4596 τὸν
2498 4545 2665 4598 πολὺν
2693 4547 2788 4600 καὶ
2818 4526 2996 4619 μέγαν
3020 4526 3306 4608 Βασίλειον
3333 4526 3691 4630 δοκιμώτατοι

421 4622 476 4675 in
526 4622 611 4677 eis
661 4623 914 4692 partibus
961 4637 1088 4679 cum
1139 4616 1294 4678 multi
1333 4623 1429 4678 alii
1479 4626 1742 4708 praeclare
1793 4630 2003 4688 vixere.

419 4714 891 4782 quemadmodum
927 4716 1058 4771 alibi
1111 4732 1142 4771 a
1181 4731 1269 4773 me
1319 4718 1530 4773 dictum
1572 4729 1658 4774 est
1688 4734 1704 4785 ;
1740 4729 1852 4773 tum
1885 4727 2009 4789 post

419 4806 773 4869 Eustathium
809 4816 866 4863 et
906 4808 1170 4864 Basiliutn
1203 4825 1484 4881 magnum,
1521 4826 1633 4880 prie
1662 4816 1877 4867 caeteris
1909 4827 2003 4867 ce-

414 4895 601 4953 lebres
637 4902 873 4953 maxime
909 4900 1085 4968 fuere,
1115 4901 1383 4959 Leontius
1418 4904 1512 4960 ille
1544 4906 1647 4973 t5),
1678 4907 1770 4961 cui
1800 4907 2003 4962 deinde

412 4987 742 5058 Ancyranss
768 4991 1099 5048 commissus
1137 5002 1222 5047 est
1260 4993 1617 5063 episcopatus
1657 5012 1670 5049 :
1710 5005 1767 5050 et
1810 4997 2000 5068 l’rapi-

411 5083 561 5152 dius,
592 5088 685 5153 qui
718 5087 1076 5154 quantumvis
1109 5102 1300 5150 senex,
1337 5087 1634 5142 admodum
1668 5092 1871 5145 multas
1897 5108 1997 5161 pro

407 5175 671 5245 episcopo
725 5177 866 5232 rexit
894 5178 1060 5255 urbes
1086 5172 1186 5248 (4).
1222 5178 1448 5232 Ρταείιιίι
1478 5194 1611 5235 vero
1636 5178 1995 5241 nobilissima:

406 5269 574 5324 etiam
611 5270 686 5324 illi
721 5270 978 5339 hospitali
1022 5271 1234 5334 domui,
1261 5272 1351 5325 cui
1379 5286 1691 5342 cognomen
1728 5285 1813 5333 est
1844 5278 1994 5333 Basi-

404 5359 507 5416 lias
548 5380 562 5417 :
609 5379 734 5417 nam
780 5380 809 5417 a
856 5362 1060 5417 Basilio
1111 5378 1310 5434 magno
1356 5365 1683 5424 Caesariensi
1731 5373 1991 5445 episcopo

406 5466 786 5512 constructum
830 5469 1138 5525 pauperum
1189 5456 1555 5527 domicilium,
1604 5477 1728 5519 cum
1784 5480 1987 5522 nomen

406 5547 526 5621 ejus
560 5549 799 5613 obtinet,
843 5556 954 5601 tum
985 5547 1051 5602 ad
1087 5557 1334 5620 tempora
1365 5551 1535 5607 multa
1570 5555 1854 5623 perdurat.
1879 5562 1991 5612 An-

475 5687 554 5755 (l)
584 5686 802 5742 Sozom.
841 5684 1169 5742 'l‘ehnissum
1199 5689 1383 5745 vicum
1417 5705 1541 5747 esse
1574 5693 1733 5750 dicit.

472 5756 550 5831 (κ)
579 5757 799 5831 S_oz_om.
828 5756 894 5831 ad
931 5767 1148 5812 aetatem
1203 5775 1378 5831 usque
1408 5777 1565 5817 suam
1598 5775 1655 5821 et
1682 5766 1983 5828 Theodosii

397 5820 646 5880 Junioris
667 5826 962 5895 imperium
982 5820 1368 5887 nonnullos'ex
1398 5831 1553 5888 hisce
1580 5820 1869 5896 monachis
1881 5820 1986 5898 du:

2112 4631 2221 4685 τῶν
2248 4633 2425 4686 ἄλλων
2454 4636 2704 4704 ἐγένοντο
2728 4640 2979 4706 Λεόντιος
3008 4644 3213 4710 ἐκεῖνος
3241 4640 3287 4718 ᾧ
3316 4652 3372 4714 ἐς
3405 4651 3629 4721 ὕστερον
3657 4653 3687 4720 ἡ

2110 4723 2221 4817 τῶν
2257 4724 2619 4796 ’Δγκυρανῶν
2646 4731 2938 4806 ὶπετράπη
2981 4738 3261 4812 ἐπισκοπῇ
3290 4757 3305 4771 ⁸
3342 4746 3438 4798 καὶ
3482 4747 3691 4817 Πραπί-

2108 4815 2243 4880 ὄιος,
2282 4817 2340 4882 ὃς
2383 4820 2589 4893 καίπερ
2634 4826 2907 4894 γηραλέος
2948 4831 3096 4899 μάλα
3134 4817 3451 4904 γενόμενος,
3494 4815 3689 4901 πολλὰς
3760 4842 3771 4853 ‘

2107 4911 2415 4967 ἐπεσκόπει
2454 4917 2663 4981 πόλεις.
2703 4919 2950 4990 Προέστη
2992 4923 3049 4977 δὲ
3089 4927 3185 4980 καὶ
3217 4924 3314 4983 τοῦ
3355 4933 3688 5003 ἐπισημοτά-

2105 5020 2201 5058 του
2235 5007 2536 5077 πτωχείου,
2566 5003 2611 5078 ᾧ
2644 5010 2934 5077 Βασιλειὰς
2962 5017 3252 5089 ἐπώνυμον
3279 5016 3349 5094 ἦν
3373 5042 3387 5058 ⁸
3426 5027 3683 5093 Βασιλείῳ

2103 5096 2214 5168 γὰρ
2244 5099 2317 5167 τῷ
2348 5101 2490 5154 πάνυ
2523 5105 2869 5177 Καισαρείας
2897 5111 3184 5184 ἐπισκόπῳ
3215 5122 3677 5183 κατασκευασθὲν,

2103 5191 2197 5243 καὶ
2227 5194 2327 5263 τὴν
2353 5197 2566 5250 ἐκείνου
2598 5200 2963 5271 ἐκληρώσατο·
2988 5207 3201 5278 κλῆσιν,
3230 5214 3288 5276 ἐς
3319 5214 3461 5267 πάνυ
3495 5219 3678 5288 πόρρω

2102 5286 2552 5357 περιγενόμενον,
2596 5290 2685 5344 Ἐν
2721 5294 2909 5362 μέντοι
2941 5300 3009 5369 τῇ
3048 5300 3324 5375 Ἀντιόχου
3362 5286 3677 5361 πολλοικαὶ

2098 5376 2246 5428 ἄλλοι
2273 5377 2572 5451 διέλαμπον
2592 5400 2605 5414 ⁸
2632 5384 2693 5437 ἐν
2718 5379 2801 5449 οἷς
2829 5389 2970 5458 μετὰ
3000 5390 3290 5450 Ἰουλιανόν
3315 5399 3411 5452 καὶ
3442 5400 3675 5470 Ἀφραὲ-
3710 5389 3719 5413 ⁸

2097 5486 2199 5565 την
2223 5473 2434 5529 ἐκεῖνον
2460 5477 2744 5548 Μαριανός
2769 5498 2828 5536 τε
2857 5484 2952 5538 καὶ
2979 5485 3437 5565 Εὑσέϐιοςῆσαν,
3467 5492 3674 5565 Παλλὰο

2096 5562 2211 5627 διός
2253 5582 2314 5619 τε
2360 5570 2458 5622 καὶ
2509 5570 2809 5646 Συμεώνης
2862 5579 2957 5633 καὶ
2994 5562 3335 5659 ’Δϐραάμης,
3387 5564 3483 5641 καί
3527 5587 3670 5644 ἄλλοι

2094 5721 2242 5792 rasse
2270 5710 2486 5792 scribit.
2520 5713 2618 5792 lib.
2653 5733 2880 5792 v|,_cap.
2908 5723 2998 5780 54.

2164 5779 2242 5850 (5)
2275 5779 2496 5850 Sozom.
2531 5785 2697 5845 habet
2712 5779 2857 5846 'Leo'.

2165 5848 2244 5921 (6)
2276 5848 2402 5906 Soz.
2430 5855 2593 5910 vicos.

2940 5984 2968 6019 κ
