4056 6420
1502 292 1527 305 κ

397 331 500 393 719
1078 348 1097 379 κ

1606 338 2033 399 NlCEPlIORI
2078 339 2424 402 CALLISTI
3115 346 3118 349 ’
3156 366 3181 379 ί

3540 342 3645 408 790

398 443 525 505 fuit,
554 457 582 495 a
616 441 760 495 fastu
790 451 845 496 et
883 441 1143 512 superbia
1179 444 1409 501 maxime
1444 447 1677 503 alienus.
1713 450 1777 502 Et
1808 452 1960 504 sicut?

2078 448 2213 502 οὔτε
2248 453 2357 519 γὰρ
2387 454 2466 512 εἰς
2498 449 2661 517 ὄγκον
2690 443 2828 519 ἦρτο
2858 440 2973 513 τοῖς
3005 451 3067 502 ἐκ
3099 451 3206 504 τῶν
3236 451 3461 505 δικαίων
3489 453 3644 507 ὲπαί-

301 592 318 605 δ
394 534 663 605 justarum
692 533 914 588 laudum
941 537 1229 605 praeconiis
1251 539 1478 592 minime
1503 551 1588 595 est
1613 542 1679 595 ad
1702 557 1967 611 arrogan-

399 622 531 684 tiam
580 627 854 687 sublatus.
902 630 972 682 ita
1013 631 1180 685 etiam
1213 632 1495 688 conviciis
1531 633 1755 703 injustis
1792 636 1967 689 haud-

397 734 670 789 quaquam
710 719 777 773 ad
813 719 1245 790 indignationem
1282 734 1610 779 eonnnotus.
1632 728 1828 781 Sacrae
1859 726 1970 781 Lit-

398 821 547 867 teras
599 811 704 867 sub
736 811 1003 882 Gregorio
1054 814 1336 886 'l‘heologo
1393 818 1603 885 optime
1655 818 1965 875 addidicit:

395 920 521 959 nam
544 906 666 977 ejus
697 920 918 975 quoque
948 907 1051 961 fuit
1080 907 1529 972 archidiaconus,
1558 924 1682 964 cum
1714 911 1806 965 ille
1828 910 1970 966 Con-

392 999 898 1069 stantinOpolitante
947 1010 1207 1069 praeesset
1258 1000 1728 1068 ecclesizmQuod
1780 1014 1968 1058 autem

396 1102 592 1145 natura
634 1091 789 1145 vultu
841 1099 989 1147 esset
1027 1100 1298 1157 venusto,
1350 1100 1409 1147 et
1452 1105 1718 1162 praeterea
1764 1094 1967 1149 vestitu

395 1182 631 1251 eleganti
668 1190 943 1247 uteretur,
979 1181 1135 1254 197
1177 1197 1246 1237 ex
1287 1184 1708 1254 magistratibus
1743 1184 1966 1253 quidam

402 1276 674 1346 zelotypia
710 1291 839 1345 erga
870 1290 1096 1331 uxorem
1130 1276 1410 1341 laborans,
1446 1290 1573 1331 cum
1598 1292 1724 1332 eum
1768 1278 1843 1332 illi
1884 1278 1970 1332 in-

394 1367 644 1421 notuisse
684 1366 1056 1435 cognovisset,
1102 1366 1244 1432 clam
1277 1367 1328 1421 ei
1361 1367 1565 1423 caedem
1611 1350 1964 1423 moliebatur.

393 1459 462 1512 Et
498 1458 568 1512 ad
612 1472 728 1511 rem
772 1457 1065 1513 consilium
1111 1458 1165 1513 id
1195 1458 1456 1514 collatum
1500 1459 1722 1525 fuisset,
1759 1462 1863 1515 nisi
1898 1474 1964 1515 ea

394 1550 511 1618 ipsa
544 1558 706 1604 nocte
737 1550 880 1610 Deus
909 1539 1520 1621 horrendamquidem,
1551 1552 1647 1606 sed
1671 1552 1964 1606 salutarem

393 1641 665 1696 \isionem
705 1641 937 1712 Evagrio
990 1641 1699 1702 dormienti.cxhibuisset.
1765 1645 1965 1701 Videre

391 1718 631 1801 namque
675 1731 783 1786 sibi
815 1732 963 1788 visus
1010 1740 1093 1787 est
1124 1734 1373 1804 capitalis
1416 1735 1668 1791 criminis
1697 1751 1861 1791 causa
1904 1750 1963 1792 se

392 1832 637 1894 captum,
677 1836 844 1894 atque
877 1826 934 1881 in
966 1841 1190 1883 carcere
1225 1843 1423 1885 manus
1454 1831 1731 1900 pedesque
1768 1830 1964 1889 ferreis

388 1919 600 1975 catenis
627 1916 870 1980 vinctum
901 1932 1047 1985 esse.
1083 1918 1221 1974 Cum
1255 1929 1439 1976 autem
1472 1923 1585 1992 jam
1618 1923 1686 1978 ad
1722 1924 1962 1979 tribunal

387 2007 594 2077 judicis
641 2008 786 2073 sisti,
816 2018 894 2063 et
937 2024 1132 2079 pinnas
1184 2011 1316 2067 dare
1356 2012 1605 2080 deberet,
1661 2017 1964 2073 accessisse

387 2099 702 2167 quemdam,
746 2102 840 2171 qui
897 2117 1114 2158 sacrum
1159 2103 1582 2174 Evangeliorum
1631 2107 1875 2163 codicem
1911 2111 1960 2166 ei

386 2190 714 2258 ostenderit,
749 2176 804 2246 et
843 2201 952 2246 tam
1000 2193 1260 2267 gravibus
1298 2196 1540 2251 vinculis
1587 2212 1713 2251 eum
1758 2197 1960 2255 libera-

391 2290 575 2335 turum
618 2283 956 2350 promiserit,
992 2287 1039 2340 si
1070 2287 1480 2357 quamprimum
1516 2304 1580 2342 ex
1621 2290 1754 2345 urbe
1783 2290 1962 2346 disce-

389 2373 577 2436 deret,
613 2381 669 2427 ct
691 2374 967 2431 facturum
1002 2390 1061 2430 se
1100 2377 1154 2430 id
1200 2392 1321 2433 esse
1356 2378 1721 2448 jurisjuraudi
1773 2395 1960 2435 sacra-

387 2473 573 2517 mento
597 2464 953 2521 conﬁrmaret
980 2480 994 2518 :
1027 2482 1198 2536 seque
1229 2469 1484 2539 imposita
1510 2471 1652 2525 libro
1672 2478 1866 2526 dextra
1893 2471 1962 2527 ad

386 2570 515 2608 eum
551 2555 774 2609 modum
804 2555 1041 2626 jurassc,
1075 2558 1348 2628 simulque
1379 2570 1434 2615 et
1479 2562 1837 2631 compedibus
1872 2579 1963 2618 so-

388 2645 566 2699 lutum
604 2661 753 2711 esse,
782 2659 838 2701 et
869 2663 900 2702 e
946 2664 1142 2703 somno
1184 2651 1494 2721 evigilasse.
1530 2653 1605 2707 lta
1653 2654 1741 2709 ille
1779 2655 1961 2709 divina

388 2737 601 2793 visione
632 2753 949 2808 persuasus,
1002 2739 1278 2810 vigilando
1319 2740 1424 2794 sibi
1475 2752 1746 2797 structum
1800 2756 1962 2814 atque

387 2838 637 2884 creatqu
688 2831 995 2899 perieulum
1050 2832 1261 2902 cﬂugit.
1306 2834 1484 2903 Atque
1537 2834 1627 2889 ubi
1674 2835 1728 2888 in
1777 2837 1961 2889 animo

391 2924 809 2987 constituisset,
868 2924 1065 2979 decere
1120 2940 1180 2980 se
1240 2928 1597 2982 monasticam
1642 2930 1959 2982 tuonsectari

388 3016 581 3081 titam,
611 3013 1089 3085 Constantinopoli
1124 3014 1504 3089 Hierosolyma
1541 3020 1709 3073 venit.
1745 3018 1875 3073 lude
1904 3020 1958 3073 in

2031 1706 2064 1732 Ι

2072 560 2176 594 νων
2221 545 2457 612 κρότοις,
2500 544 2594 597 καὶ
2636 544 2771 609 πρὸς
2816 545 2914 606 τὰς
2959 545 3176 608 ἀδίκους
3217 547 3325 597 τῶν
3364 546 3643 618 λοιδοριῶν

2069 635 2271 704 ἥκιστα
2318 635 2604 704 ἤσχαλλεν.
2655 636 2794 698 Tati;
2838 653 2904 704 γε
2956 638 3059 705 μὴν
3102 638 3281 706 ἱεροὺς
3321 639 3429 691 τῶν
3472 639 3644 706 λόγων

2071 724 2267 793 ἄριστα
2299 726 2404 778 ὑπὸ
2435 728 2722 795 Γρηγορίῳ
2747 727 2824 793 τῷ
2854 728 3099 798 Θεολόγῳ
3132 729 3463 782 πεπαίδευτο
3487 746 3502 762 ·
3529 731 3644 797 ἐ.γέ-

2071 832 2193 867 νετο
2242 817 2297 869 δὲ
2348 817 2497 887 αὐτῴ
2551 818 2645 870 καὶ
2691 818 3105 887 ἀρχιδιάκονος,
3158 821 3394 889 ὁπηνίκα
3440 822 3539 887 τῆς
3586 824 3645 872 ὲν
3714 805 3727 813 ”

2071 907 2645 962 Κωνσταντινουπόλει
2674 910 2968 977 ἐκκλησίας
2992 914 3091 978 τὴν
3130 912 3435 982 ἐπιτροπὴν
3475 908 3639 981 εἶχεν.

2071 997 2226 1053 Ἐπεὶ
2257 1000 2301 1051 δ’
2323 1001 2433 1054 ἀπὸ
2464 1001 2680 1069 φύσεως
2712 1001 2927 1064 ἀστεῖος
2962 1001 3105 1070 μάλα
3136 1002 3234 1071 τὴν
3264 1001 3387 1071 ὅφιν
3415 999 3515 1074 ἦν,
3550 1022 3641 1072 φι-

2068 1091 2294 1153 λόκαλὸς
2316 1109 2375 1144 τε
2399 1093 2497 1162 τὴν
2518 1092 2810 1162 ἀναϐολὴν,
2832 1093 2944 1144 τῶν
2965 1109 3048 1155 τις
3076 1094 3132 1144 ἐν
3156 1093 3300 1145 τέλει
3324 1093 3643 1161 ζηλοτύπως

2072 1184 2307 1251 μάλιστα
2345 1184 2475 1252 περὶ
2508 1185 2606 1252 τὴν
2641 1184 2888 1255 γαμετὴν
2920 1185 3095 1254 ἔχων,
3136 1184 3323 1254 μαθὼν
3356 1186 3634 1255 γνώριμον

2068 1273 2207 1344 αὐτῇ
2242 1273 2572 1329 καθεστάναι
2595 1315 2609 1334 .
2647 1274 2877 1329 θάνατον
2911 1273 3064 1342 αὑτῷ
3098 1277 3281 1345 κρύφα
3311 1277 3639 1347 ἐμηχανᾶτο.

2069 1367 2180 1418 Καὶ
2223 1369 2302 1430 εἰς
2345 1366 2505 1436 ἔργον
2540 1366 2607 1421 ἂν
2643 1368 2929 1436 προέϐαινε
2966 1369 3026 1419 τὸ
3061 1367 3272 1433 δεινὸν,
3306 1370 3357 1420 εί
3404 1370 3480 1438 μὴ
3520 1369 3640 1423 κατ’

2068 1457 2285 1527 ἐκείνην
2317 1459 2417 1528 τὴν
2451 1459 2623 1512 νύκτα
2663 1459 2901 1528 φοϐεράν
2933 1476 3053 1512 τινα
3090 1463 3184 1514 καὶ
3217 1463 3486 1532 σωτήριον
3521 1463 3641 1533 ὕψιν

2068 1551 2395 1619 κατέπεμπε
2426 1551 2486 1603 τὸ
2520 1551 2678 1605 Θεῖον
2708 1551 3026 1606 καθεύδοντι
3050 1567 3065 1582 ⁸
3099 1554 3273 1606 ἐδόκει
3307 1556 3415 1623 γὰρ
3448 1555 3522 1618 ὡς
3553 1555 3640 1608 ἐπ’

2067 1644 2379 1711 ἐγκλήματι
2408 1644 2758 1714 συλληφθεὶς,
2784 1647 3071 1717 δεσμώτης
3097 1638 3163 1700 ὲκ
3193 1647 3428 1717 σιδήρων
3456 1651 3639 1718 χεῖρας

2068 1738 2160 1790 καὶ
2194 1737 2360 1800 πόδας
2387 1732 2478 1807 ἦν.
2507 1738 2647 1807 Ἤδη
2681 1738 2738 1791 δὲ
2770 1739 2977 1807 μέλλων
3007 1739 3345 1810 δικαστηρίῳ
3374 1740 3639 1809 παρίστα-

2071 1828 2195 1881 σθαι
2237 1832 2332 1882 καὶ
2374 1829 2575 1882 διδόναι
2609 1830 2711 1898 τὴν
2743 1830 2923 1901 δίκην,
2959 1830 3203 1901 προσιών
3235 1848 3321 1893 τις
3354 1833 3453 1901 τὴν
3488 1831 3639 1900 ίερὰν

2066 1918 2173 1970 τῶν
2206 1919 2558 1987 Εὑαγγελίων
2593 1921 2805 1990 πυκτὴν
2841 1921 3129 1974 ὑπεδείκνυ
3160 1960 3175 1986 ,
3210 1922 3305 1975 καὶ
3338 1924 3446 1974 τῶν
3482 1938 3641 1974 κατε-

2066 2012 2269 2082 χόντων
2307 2004 2673 2066 ἀπαλλάττειν
2717 2012 3031 2082 ὑπισχνεῖτο
3072 2014 3310 2083 δεσμῶν,
3356 2014 3405 2065 εί
3447 2015 3638 2067 θᾶττον

2065 2101 2411 2170 ἀναχωρήσοι
2437 2099 2536 2166 τῆς
2567 2099 2802 2167 πόλεως,
2833 2100 2928 2154 καὶ
2953 2100 3030 2170 τῷ
3058 2100 3238 2170 πιστῷ
3262 2100 3363 2171 τῆς
3394 2101 3636 2169 πράξεως

2064 2191 2227 2261 ὅρκον
2270 2194 2351 2255 εἰς
2398 2192 2692 2262 βεϐαίωσιν
2734 2191 3102 2263 προσαπῄτει.
3144 2191 3203 2246 Ὀ
3247 2191 3293 2245 δ’
3323 2193 3530 2254 ἐπιθεὶς
3569 2198 3632 2261 τῇ

2066 2283 2235 2355 βίϐλῳ
2260 2284 2356 2355 τὴν
2382 2284 2582 2351 δεξιὰν,
2610 2280 2645 2356 ἦ
2678 2285 2783 2354 μὴν
2809 2278 2911 2340 ὧδε
2942 2284 3171 2355 πράξεὶν
3195 2286 3481 2355 ἐπώμνυτο
3503 2300 3516 2314 ο
3544 2286 3631 2338 καὶ

2064 2376 2263 2429 αὐτίκα
2291 2375 2388 2446 τῆς
2419 2378 2585 2446 πέδης
2604 2376 2815 2442 λυθεὶς,
2848 2376 2940 2429 καὶ
2968 2376 3062 2430 τοῦ
3095 2376 3265 2430 ὕπνου
3294 2377 3475 2430 ἀνίετε
3495 2392 3509 2406 ο
3532 2376 3632 2447 ⁸καὶ

2064 2468 2155 2517 τὸν
2202 2463 2348 2534 ὕπαρ
2393 2466 2755 2534 τυρευόμενον
2804 2467 3032 2534 διέφυγε
3083 2468 3346 2532 κίνδυνον,
3398 2466 3466 2538 τῇ
3517 2466 3634 2536 θείᾳ

2064 2554 2213 2623 ὀμφῇ
2244 2555 2508 2617 πεισθείς.
2542 2554 2652 2609 Καὶ
2680 2559 2981 2627 προσήκειν
3008 2557 3192 2635 ἑαυτῷ
3220 2557 3310 2609 τὸν
3339 2558 3633 2625 ἀσκητικὸν

2071 2647 2352 2715 μετελθεῖν
2386 2645 2499 2714 βίον
2524 2649 2585 2699 ὲν
2616 2648 2689 2717 νῷ
2723 2648 2972 2718 θέμενος,
3005 2651 3066 2703 ὲκ
3098 2651 3192 2719 τῆς
3227 2650 3632 2704 Κωνσταντίνοι»

2065 2739 2142 2799 ei;
2185 2738 2540 2809 Ἱεροσόλυμα
2593 2744 2968 2809 παρεγένετοσ
3021 2742 3195 2794 ἔπειτ’
3227 2743 3438 2795 ἐκεῖθεν
3497 2742 3632 2795 κατᾶ

2067 2833 2195 2886 θέαν
2230 2832 2336 2885 τῶν
2374 2834 2429 2884 ἐν
2465 2834 2664 2903 Σκήτει
2709 2832 3013 2904 φιλοσόφων
3053 2836 3132 2897 εἰς
3175 2835 3454 2902 Αἴγυπτον
3485 2830 3585 2907 ἧκε
3615 2851 3629 2864 ⁸

2022 2982 2037 2993 χ
2066 2927 2161 2978 καὶ
2194 2925 2321 2994 περὶ
2352 2924 2410 2976 τὸ
2444 2927 2543 2991 τῆς
2581 2924 2809 2995 Νιτρί;τ.ς
2848 2924 2970 2993 ὅρος
3002 2925 3101 2995 τὴν
3134 2928 3442 3005 ᾲσκητικὴν
3476 2929 3633 2982 καλύ-

2068 3019 2167 3087 ϐην
2196 3018 2452 3085 ἐπήξατο.
2481 3015 2603 3078 Τοῖς
2634 3018 2690 3068 ἐν
2715 3017 2912 3088 Σκήτει
2940 3016 2995 3069 δὲ
3024 3017 3341 3086 διαφέρουσι
3370 3019 3490 3071 δυσὶ
3516 3013 3634 3072 Mat—

391 3104 684 3177 J‘Igyptum
729 3106 828 3175 (l),
878 3106 945 3160 ad
984 3107 1257 3172 visendos,
1304 3111 1399 3178 qui
1435 3109 1488 3162 in
1536 3108 1679 3164 Secti
1718 3112 1959 3179 philoso-

2065 3108 2305 3178 καρίοις,
2339 3108 2416 3178 τῷ
2452 3110 2739 3179 Αἰγυπτίῳ
2780 3110 2871 3161 καὶ
2902 3110 2980 3179 τῷ
3006 3110 3382 3182 Ἀλεξανδρεῖ,
3422 3117 3634 3178 συνεγέ-

387 3200 723 3269 phabantur,
763 3199 1062 3254 monachos
1113 3200 1413 3269 proiectus,
1461 3202 1526 3256 ad
1580 3216 1822 3259 montem
1868 3204 1962 3259 Ni-

390 3291 572 3357 triam,
618 3291 978 3346 monasticam
1015 3290 1121 3345 sibi
1169 3293 1478 3347 construxit
1516 3308 1700 3347 casam
1726 3334 1742 3359 ,
1805 3304 1861 3349 et
1887 3294 1959 3349 ibi

387 3400 514 3438 eum
567 3382 784 3437 duobus
830 3382 1100 3444 Macariis,
1153 3381 1410 3452 Λεωνιξο
1453 3394 1508 3437 ει
1561 3378 1956 3449 Alexandrino,

387 3473 480 3543 qui
513 3472 650 3528 alios
678 3470 1101 3537 antecellebaut,
1129 3471 1228 3525 fuit
1265 3490 1279 3526 :
1310 3488 1546 3541 quorum
1580 3489 1704 3528 cum
1732 3476 1958 3529 annula-

390 3577 545 3623 lCllll'
603 3567 807 3632 vitam,
863 3565 1025 3620 factis
1084 3580 1306 3634 quoque
1363 3565 1497 3634 ipsis
1554 3567 1958 3635 philosophiam

392 3658 753 3717 monasticam
787 3667 873 3712 est
909 3668 1267 3713 consecutus.
1316 3657 1522 3713 Deinde
1554 3660 1715 3713 etiam
1753 3660 1828 3730 (2)
1858 3661 1960 3716 sub

391 3752 696 3807 Thodosii
747 3750 991 3806 Juuioris
1027 3751 1281 3821 imperio.
1328 3766 1453 3805 cum
1509 3766 1576 3805 eo
1626 3768 1788 3822 quem
1822 3754 1962 3807 dixi-

390 3859 514 3898 mus
547 3842 847 3908 meouio,
876 3852 959 3897 est
988 3855 1255 3897 versatus.
1288 3844 1536 3912 Prodigia
1560 3840 1741 3898 autem
1765 3832 1957 3900 eadem

393 3950 518 4004 qua:
554 3944 922 4005 praeceptores
949 3935 1067 4004 ejus
1104 3934 1298 3990 edidit.
1341 3935 1490 3989 Libri
1529 3936 1596 3991 ab
1629 3951 1695 3990 eo
1735 3938 1957 4004 plurimi

386 4035 451 4079 et
492 4024 731 4079 maxime
779 4025 1073 4079 necessarii
1127 4025 1417 4095 compositi
1463 4036 1613 4092 sunt,
1646 4028 1790 4081 inter
1820 4041 1960 4097 quos

387 4117 613 4187 quidam
647 4117 961 4185 Monachus,
1005 4117 1123 4172 sive
1175 4116 1243 4172 de
1283 4118 1522 4188 practice
1553 4127 1609 4173 et
1651 4123 1958 4188 operatrice

384 4211 588 4265 virtute
622 4211 916 4281 inscriptus
947 4220 1033 4266 εει
1066 4229 1079 4265 :
1110 4210 1330 4281 quidam
1357 4211 1686 4276 Γνωστικὸς,
1720 4212 1824 4267 hoc
1848 4220 1957 4279 est,

383 4303 671 4375 COgnitor,
700 4305 815 4358 sive
850 4304 918 4358 de
949 4319 1014 4357 eo
1045 4304 1138 4373 qui
1174 4305 1542 4375 cognitionem
1575 4315 1660 4361 est
1693 4321 1959 4361 consecu-

380 4403 495 4447 tus.
530 4395 629 4448 llic
664 4394 717 4447 in
757 4392 1152 4463 quinquaginta
1188 4394 1368 4463 capita
1398 4403 1484 4449 est
1523 4394 1758 4450 divisus.
1809 4394 1956 4450 Scri-

384 4486 495 4554 psit
533 4494 696 4539 etiam
738 4485 941 4540 librum
989 4485 1182 4550 alium,
1233 4489 1326 4556 qui
1375 4480 1805 4541 eonfutatiouein
1856 4501 1953 4541 seu

385 4578 715 4640 invectivam
749 4580 997 4633 continet
1030 4577 1299 4635 adversus
1330 4587 1629 4634 teutatores
1655 4579 1953 4633 damoues.

381 4665 441 4720 ld
473 4683 613 4737 opus
647 4668 700 4723 iu
743 4678 868 4722 octo
915 4668 1103 4723 divisit
1147 4670 1449 4735 sectioues,
1479 4669 1635 4740 juxta
1664 4678 1789 4725 octo
1820 4670 1957 4725 deli-

383 4758 731 4813 berationum
762 4776 858 4814 seu
892 4760 1287 4831 cogitationum
1321 4776 1639 4816 numerum.
1671 4761 1801 4815 Item
1832 4778 1956 4832 pro—

374 4851 624 4921 blemata
662 4856 1011 4923 prognostica
1054 4854 1400 4923 sexingenta.
1438 4855 1507 4910 Et
1538 4862 1801 4923 praeterea
1836 4871 1950 4906 στι-

382 4946 547 5017 χηρὰ,
603 4946 709 5001 hoc
760 4956 865 5012 est,
928 4961 1184 5002 versuum
1232 4948 1370 5001 duos
1429 4946 1625 5013 libros,
1681 4948 1947 5027 reliquit:

381 5040 615 5094 alterum
646 5039 714 5094 ad
742 5055 840 5094 eos
868 5041 960 5110 qui
996 5042 1049 5094 in
1080 5039 1349 5095 cterrobiis
1380 5049 1475 5092 aut
1500 5039 1555 5092 iu
1588 5039 1953 5094 conventibus

381 5141 533 5197 sunt,
579 5118 881 5186 monachos
911 5151 922 5185 :
957 5132 1191 5186 alterum
1238 5140 1425 5185 autem
1457 5129 1523 5183 ad
1570 5146 1663 5184 eas
1691 5146 1810 5199 qua:
1846 5131 1955 5184 vir-

2063 3217 2182 3253 νετο
2207 3217 2220 3231 ·
2265 3200 2358 3253 καὶ
2399 3201 2490 3253 τὸν
2536 3201 2757 3254 ἐκείνων
2786 3198 2917 3270 βίον
2960 3202 3211 3272 ζηλώσας
3238 3243 3250 3266 ,
3297 3204 3390 3255 καὶ
3432 3205 3527 3271 τὴν
3568 3202 3633 3254 δι’

2061 3292 2240 3363 ἔργων
2289 3292 2607 3360 φιλοσοφίαν
2653 3294 2945 3362 ἐκτήσατο.
2975 3294 3212 3349 ΓΕπειτα
3258 3295 3335 3365 τῷ
3381 3312 3631 3365 πρεειρη-

2064 3383 2210 3450 μένῳ
2236 3366 2539 3454 ’Λμμωνίῳ
2572 3384 2668 3436 ἐπὶ
2697 3385 2796 3452 τῆς
2827 3384 3098 3454 ἐχομένης
3132 3385 3410 3456 βασιλείας
3444 3386 3632 3455 συνῆν.

2061 3472 2344 3527 Τυσθύτων
2388 3473 2443 3526 δὲ
2488 3474 2789 3545 τεραστίων
2833 3476 3139 3547 αὐτουργὸς
3186 3477 3450 3546 ἐγεγόνει,
3495 3478 3631 3530 ὅσων

2060 3563 2260 3636 δηλαδὴ
2294 3567 2387 3618 καὶ
2421 3566 2469 3619 οἱ
2507 3568 2816 3622 παιδευταί.
2850 3569 3229 3638 Ἐσπουδάσθη
3265 3570 3321 3622 δὲ
3358 3570 3505 3639 αὐτῷ
3538 3573 3631 3624 καὶ

2064 3657 2244 3726 βιϐλία
2281 3658 2511 3713 πλεῖστα
2551 3662 2645 3713 καὶ
2692 3662 3100 3730 ἀναγκαιότατα
3123 3680 3137 3695 ·
3174 3657 3250 3716 ὧν
3282 3663 3340 3715 τὸ
3386 3665 3482 3731 μὲν
3515 3662 3634 3717 Mo-

2060 3749 2245 3818 ναχὸς
2268 3749 2300 3820 ἢ
2333 3749 2460 3819 περὶ
2487 3754 2797 3821 πρακτικῆς
2823 3753 2921 3822 τὴν
2947 3755 3262 3823 ἐπιγραφὴν
3289 3753 3403 3824 ἔχει
3423 3769 3438 3785 ο
3468 3755 3526 3807 τὸ
3550 3755 3627 3817 δὲ,

2060 3842 2430 3915 Γνωστικὸς,
2479 3841 2512 3913 ἢ
2562 3844 2692 3910 περὶ
2738 3843 2834 3895 τοῦ
2884 3842 3312 3909 καταξιωθέντος
3360 3846 3627 3912 γνώσεως.

2062 3932 2156 3988 Ἐν
2194 3933 2513 4004 κεφαλαίοις
2556 3934 2613 3987 δὲ
2652 3928 2808 4001 οὗτος
2851 3937 3194 4007 πεντήκοντα
3234 3939 3333 4008 τὴν
3371 3939 3630 4008 διαίρεσιν

2061 4025 2195 4096 ἔχει.
2229 4027 2340 4080 Καὶ
2358 4026 2496 4089 ἄλλο
2522 4027 2578 4080 δὲ
2611 4026 2818 4096 βιϐλίον
2848 4031 3175 4099 συνεγράφη
3196 4030 3366 4099 αὐτῷ,
3394 4031 3422 4083 ὃ
3451 4032 3631 4103 ἀντίρ-

2064 4120 2224 4190 ρησιν
2257 4117 2370 4188 ἔχει
2412 4120 2547 4189 πρὸς
2580 4119 2706 4183 τοὺς
2743 4120 3105 4189 πειράζοντας
3140 4120 3419 4191 δαίμονας.
3457 4121 3629 4175 Ὀκτὼ

2059 4210 2117 4263 δὲ
2155 4211 2446 4281 διαιρεῖται
2479 4211 2593 4272 τοῖς
2624 4210 2915 4280 τμήμασι,
2960 4213 3103 4263 κατὰ
3135 4210 3227 4266 τὸν
3260 4213 3492 4282 ἀριθμὸν
3523 4215 3629 4269 τῶν

2059 4299 2202 4355 ὀκτὼ
2250 4301 2548 4371 λογισμῶν.
2599 4299 2711 4354 Καὶ
2757 4301 3128 4372 προϐλήματα
3172 4303 3229 4356 δὲ
3277 4303 3627 4359 καταλέλοιπε

2062 4394 2451 4466 προγνωστικὰ
2478 4394 2738 4458 ἑξακόσια
2761 4433 2778 4460 ,
2809 4397 2903 4450 καὶ
2934 4396 3168 4467 στιχηρὰ
3195 4395 3289 4450 δύο
3311 4413 3327 4429 ο
3356 4399 3415 4451 τὸ
3444 4399 3543 4468 μὲν
3573 4399 3629 4463 ἓν

2063 4489 2199 4558 πρὸς
2237 4490 2366 4552 τοὺς
2405 4489 2465 4542 ὲν
2508 4488 2791 4561 κοινοϐίοις
2837 4489 2868 4560 ἢ
2913 4490 2971 4542 ὲν
3013 4489 3283 4554 συνοδίαις
3324 4492 3480 4554 ὄντας
3523 4492 3629 4544 τῶν

2062 4579 2355 4650 μοναχῶνο
2403 4579 2464 4632 τὸ
2511 4578 2558 4631 δ’
2588 4579 2776 4648 ἓτερον
2824 4580 2960 4653 apti;
3013 4580 3311 4649 παρθενίαν
3358 4582 3628 4647 ἀσκούσας

2059 4673 2395 4743 προσφωνεῖ.
2437 4672 2730 4740 Θαυμάσια
2777 4671 2831 4724 δὲ
2881 4675 3083 4737 πάντα,
3128 4676 3222 4726 καὶ
3264 4676 3496 4744 νοήμασι
3538 4676 3630 4727 nl

2059 4766 2259 4836 φράσει
2306 4757 2479 4836 μεστῇ
2524 4764 2583 4818 τὸ
2630 4765 2917 4832 ἐπαγωγὸν
2959 4766 3324 4836 ἐπαυχοῦντα.
3374 4769 3480 4819 ικαὶ
3521 4762 3628 4828 οἷος

2058 4859 2282 4924 γέγονεν
2314 4858 2343 4910 ὁ
2374 4857 2543 4926 ἀνὴρ,
2577 4859 2605 4910 ὁ
2640 4855 2848 4920 τούτοις
2882 4855 3122 4927 ἐντυχὼν
3157 4859 3386 4913 εἴσεται.
3419 4859 3627 4927 Χρῆναι

2059 4949 2102 5001 δ’
2129 4950 2368 5020 ἡγοῦμαι
2400 4950 2497 5002 καὶ
2525 4952 2589 5002 έκ
2619 4949 2726 5002 τῶν
2757 4951 2966 5002 ἐκείνου
2999 4948 3208 5020 βραχέα
3237 4954 3301 5018 τῇ
3336 4951 3628 5027 συγγραφῇ

2061 5041 2397 5111 παραδοῦναι
2426 5079 2440 5106 ,
2478 5043 2574 5094 καὶ
2612 5041 2814 5110 μᾶλλον
2846 5040 2882 5094 ἃ
2916 5041 3045 5110 περὶ
3081 5042 3334 5111 μοναχῶν
3364 5042 3474 5107 διεξ
3508 5058 3627 5111 ρλε-

2059 5151 2153 5186 ται
2177 5150 2190 5163 ·
2222 5126 2323 5188 ὧδε
2354 5133 2462 5203 γὰρ
2493 5135 2632 5186 κατὰ
2665 5133 2819 5202 ῥῆμα
2849 5135 3038 5202 φησίν.

379 5225 661 5294 giuitatem
697 5225 909 5290 colunt,
944 5222 1412 5280 sanetimoniales.
1434 5221 1630 5278 Omnia
1656 5240 1785 5279 vero
1847 5224 2052 5292 scripta
2115 5227 2235 5296 ejus
2288 5223 2611 5281 admiranda
2638 5235 2789 5290 sunt,
2852 5235 2907 5280 et
2934 5226 3219 5281 seutendis
3245 5236 3299 5280 et
3321 5226 3627 5280 elocutione

379 5317 447 5371 ad
497 5318 940 5387 persuadendum
978 5332 1205 5388 prorsus
1245 5318 1680 5395 accommodata.
1716 5319 1782 5373 Et
1814 5319 1909 5389 qui
1950 5335 2010 5373 ea
2050 5320 2213 5389 leget,
2257 5321 2436 5390 qualis
2480 5320 2526 5374 is
2549 5321 2633 5375 vir
2698 5319 2886 5385 luerit,
2919 5331 3232 5391 ceguoseet.
3277 5320 3437 5389 198
3470 5319 3629 5372 Pero-

380 5435 483 5488 pus
514 5429 698 5474 autem
725 5434 845 5472 esse
865 5426 1022 5487 puto,
1052 5419 1287 5470 breviter
1356 5417 1603 5486 quaedam
1665 5433 1732 5477 ex
1789 5419 1910 5487 ejus
1968 5417 2230 5487 operibus
2287 5419 2344 5472 in
2389 5417 2676 5472 historiam
2724 5417 2867 5472 hanc
2922 5418 3163 5490 inserere
3210 5419 3309 5491 (3),
3360 5429 3522 5490 atque
3571 5415 3629 5472 in

381 5515 572 5582 prioris
599 5527 721 5580 quae
759 5511 828 5564 de
861 5510 1147 5565 monachis
1170 5522 1597 5576 commemorat,
1637 5512 1783 5566 hisce
1823 5512 2439 5581 prOpemodum-verbis
2858 5500 2865 5505 ’

2134 5684 2220 5751 (‘27
2251 5683 2374 5753 ἶΕπί
2409 5683 2506 5752 τῆς
2539 5684 2805 5753 ἐχομένης
2836 5683 3138 5753 βασιλείας.

451 5686 528 5752 (ly
560 5685 698 5739 Cum
719 5684 838 5756 ipso
856 5660 1116 5756 Gregorio
1148 5681 1491 5756 Nazianzeno
1510 5698 1635 5756 eum
1658 5682 1950 5756 {Egyptum

2137 5755 2212 5822 ᾦ)
2249 5752 2456 5808 Saerat.
2493 5752 2613 5809 rod.
2652 5752 2773 5825 cap.
2807 5752 2895 5811 95.

381 5757 623 5822 petiisse,
661 5754 852 5815 scribit
884 5754 1038 5809 Socr.
1071 5755 1173 5810 lib.
1209 5774 1279 5818 iv,
1315 5772 1435 5821 cap.
1466 5754 1556 5808 25.
