4056 6428
473 395 578 458 721

1030 516 1282 568 KEtblA.
1344 516 1476 571 Mi".

473 593 577 652 Na
607 603 641 654 ό
667 601 851 677 αὑτός
908 602 1201 677 [ferino/oc
1259 607 1331 658 ἓν
1362 624 1484 663 τισι
1520 608 1637 661 τῶν
1668 589 2050 677 mli-memrd-

540 687 659 748 τίρν
690 673 819 738 περὶ
874 673 993 726 τῶν
1021 679 1154 729 τότε
1186 681 1339 730 κατὰ
1386 680 1555 748 ῥῆμα
1586 673 1835 741 διέξεισι
1864 673 2052 751 pora-

538 756 679 807 κων.

552 867 570 899 ι
613 849 939 919 ’Λναγκαῖον
967 856 1059 907 καὶ
1101 857 1198 919 τάς
1254 858 1406 924 ὁδοὺς
1455 865 1564 916 τῶν
1603 867 2048 935 προοδευσάντων

474 941 931 1013 μοναχῶνλόρθῶς
950 947 1235 1019 διερωτᾷν,
1262 951 1359 1005 καὶ
1391 954 1527 1023 πρὸς
1552 957 1723 1019 αὐτάς
1755 958 2053 1026 κατορθοῦ-

471 1033 613 1085 σθαι.
650 1034 827 1088 Πολλά
862 1038 971 1107 γάρ
1000 1040 1146 1092 ἐστιν
1176 1041 1268 1095 ὑπ’
1316 1044 1496 1098 αὐτῶν
1550 1032 1790 1118 ρηθέὖτα
1844 1069 1903 1103 τε
1961 1054 2053 1105 καὶ

467 1123 779 1193 πραχθέντα
810 1128 989 1190 καλῶς
1024 1131 1121 1181 ’ἐν
1169 1127 1253 1195 οἷς
1307 1135 1403 1186 καὶ
1453 1137 1612 1190 τοῦτό
1661 1158 1746 1202 τις
1798 1141 2000 1211 ἔφησεν
2030 1183 2045 1206 ,

466 1213 546 1264 ὅτι
582 1214 678 1283 τὴν
709 1214 1007 1287 ξηροτέραν
1038 1224 1132 1274 καὶ
1162 1222 1239 1294 μὴ
1264 1225 1550 1296 ἀνώμαλον
1600 1229 1839 1298 δίαιταν,
1861 1234 2050 1303 ἀγάπῃ

468 1304 877 1395 συζευχθεῖσαν,
928 1311 1124 1366 θᾶττον
1170 1315 1405 1382 ἀπάγειν
1437 1321 1528 1372 τὸν
1568 1323 1799 1395 μῆοναχὺν
1828 1327 1909 1384 είς
1959 1326 2052 1395 τὴν

465 1393 563 1459 τῆς
593 1395 861 1461 ἀπαθείας
906 1402 1130 1470 λιμένα.
1196 1404 1256 1457 'O
1310 1407 1383 1464 δὲ,
1431 1390 1613 1472 αὐτὸς-
1643 1390 2050 1482 ταρασσόμενός

465 1501 587 1535 τ;να
625 1484 844 1556 νύκτωρ
872 1491 980 1542 τῶν
1006 1492 1278 1563 ἀδελφῶν,
1312 1496 1424 1549 τῶν
1452 1501 1756 1567 φασμάτων
1805 1503 2052 1572 ἀπήλλα-

466 1572 578 1636 ξεν,
611 1573 896 1629 ἀσθενοῦσι
926 1581 1063 1647 μετὰ
1092 1583 1346 1651 νηστείας
1376 1585 1767 1654 ὑπηρετεῖσθαι
1801 1592 2050 1660 προστά-

468 1665 581 1731 ξας.
606 1669 797 1723 Οὐδενὶ
825 1670 935 1742 γὰρ
962 1671 1157 1740 οὕτως,
1186 1678 1487 1747 ἐρωτηθεὶς
1531 1680 1756 1751 ἔφησεν,
1807 1681 1880 1746 ὡς
1918 1684 2052 1753 ἐλέῳ

465 1755 532 1807 τὰ
569 1758 796 1817 τοιαῦτα
829 1761 1262 1817 κατασϐέννυται
1296 1766 1467 1837 πάθη.
1524 1769 1613 1838 Ἰἶῷ
1675 1771 1870 1840 δικαίῳ
1937 1774 2052 1825 ’Λν-

1410 411 2012 472 ECCLESIASTECE
2056 415 2445 478 lllS'i'OlllJE
2486 419 2635 481 LlB.
2679 422 2786 481 Χῐ.

3620 423 3727 469 ’7ῢο

3631 448 3723 487 ίΖΖ

2702 494 2925 588 mror
2969 532 3153 588 sun.

2158 618 3008 697 Quw‘l'fvngriusin‘quibusdam
3053 624 3199 678 libris
3230 626 3288 677 (le
3329 627 3442 695 ejus
3485 631 3731 697 temporis

2356 694 2623 745 monachis
2656 694 2716 745 de
2745 696 2897 747 verba
2928 696 2997 748 ad
3033 699 3241 749 verbum
3270 694 3560 764 scripserit.

2235 890 2251 922 ι
2283 871 2663 928 Necessarium
2697 868 2916 944 quoque
2945 884 3049 941 est,
3081 878 3196 933 vias
3234 894 3420 933 eorum
3448 882 3541 950 qui
3572 881 3733 936 nobis
3824 924 3827 928 »

2155 962 2476 1030 praeierunt,
2509 966 2902 1023 monachorum
2940 969 3045 1023 rite
3081 969 3385 1039 inquirere,
3426 983 3482 1026 et
3527 973 3593 1027 ad
3637 988 3733 1028 eas

2128 1055 2323 1119 vitam
2373 1066 2613 1111 nostram
2671 1073 3023 1128 componere.
3060 1060 3223 1115 Multa
3249 1063 3396 1116 enim
3428 1063 3498 1116 ab
3535 1063 3619 1119 eis
3675 1075 3734 1120 et

2155 1142 2301 1197 dicta
2342 1153 2398 1198 et
2426 1155 2548 1200 acta
2614 1159 2743 1203 sunt
2772 1149 3053 1217 praeclare.
3100 1151 3160 1204 In
3194 1152 3397 1221 quibus
3437 1152 3571 1207 illud
3606 1155 3732 1223 qui-

2154 1233 2278 1288 dam
2306 1235 2480 1291 dixit:
2509 1237 2818 1293 Aridiorem
2849 1247 2903 1293 et
2936 1241 3117 1295 minus
3153 1241 3477 1312 inaequalem
3506 1243 3726 1297 diaetam

2154 1326 2409 1381 charitati
2440 1329 2789 1397 conjunctam
2811 1369 2826 1392 ,
2879 1329 3139 1385 celeriter
3181 1334 3509 1388 monachum
3543 1334 3611 1388 ad
3649 1336 3733 1388 iu-

2152 1418 2408 1473 dolentia:
2436 1428 2653 1488 portum
2679 1421 2899 1477 ducere.
2947 1422 3094 1477 Idem
3153 1423 3374 1479 fratrem
3413 1426 3729 1493 quemdam,

2153 1510 2246 1577 qui
2282 1511 2516 1566 subinde
2542 1522 2705 1567 noctu
2748 1529 2951 1582 pavore
2992 1515 3321 1570 turbabatur
3343 1557 3358 1579 ,
3398 1519 3630 1586 spectris
3660 1518 3733 1571 Ii-

2156 1602 2387 1668 beravit,
2412 1604 2632 1671 aegrotis
2655 1605 2988 1673 cumjejunii
3019 1608 3172 1661 cultu
3196 1609 3466 1664 inservire
3488 1609 3727 1676 iussum.

2153 1692 2273 1746 Non
2304 1693 2409 1747 alia
2434 1694 2581 1748 enim
2624 1710 2694 1751 rc
2726 1695 2974 1759 facilius,
3005 1697 3378 1769 interrogatus
3418 1700 3729 1768 respondit,

2155 1800 2320 1854 quam
2362 1786 2739 1843 misericordia
2771 1789 3105 1858 ejuscemodi
3156 1798 3396 1845 terrores
3425 1802 3480 1846 et
3506 1799 3731 1862 perturo

462 1849 642 1917 τωνίῳ
676 1848 951 1920 προσῆλθε
983 1869 1068 1915 τις
1120 1857 1229 1908 τῶν
1274 1858 1398 1910 τότε
1466 1861 1688 1927 σοφῶνο
1749 1867 1864 1927 καὶ,
1916 1864 2037 1928 Πῶς

2162 1879 2399 1935 rationes
2447 1880 2745 1951 exstingui.
2782 1881 3080 1936 Antonium
3127 1882 3343 1938 Justum
3392 1885 3742 1939 conveniens

463 1941 868 2010 διακαρτερεῖς,
926 1937 1191 2019 ὦπάτερ,
1226 1944 1373 2015 εἷπε,
1411 1951 1507 2022 τῆς
1549 1956 1615 2004 ὲκ
1664 1953 1773 2006 τῶν
1825 1954 2042 2023 βιϐλίων

464 2033 815 2102 παραμυθίας
844 2037 1207 2109 ἐστερημένος
1236 2058 1251 2105 ;
1289 2042 1350 2096 '0
1387 2042 1433 2096 δ’
1469 2044 1778 2109 Ἀντώνιος,
1805 2047 1878 2099 Τὸ
1910 2049 2042 2116 ἐμὸν

465 2122 688 2190 βιϐλίον,
715 2123 760 2178 ὧ
790 2127 1067 2198 φιλόσοφε,
1098 2130 1318 2202 ἔφησεν,
1353 2135 1384 2204 ἡ
1417 2135 1579 2203 φύσις
1604 2137 1711 2190 τῶν
1741 2146 2045 2206 γεγονότων

464 2219 614 2269 εστίν
634 2235 646 2249 ·
678 2221 771 2272 καὶ
805 2222 1092 2291 πάρεστιν,
1124 2225 1211 2276 ὅτε
1237 2224 1520 2296 βούλομαι,
1547 2229 1674 2292 τοὺς
1700 2212 1889 2297 λόγους
1920 2234 2044 2284 ἁνα-

465 2309 756 2372 γινώσκειν
781 2311 907 2375 τοὺς
938 2313 1030 2366 τοῦ
1065 2314 1222 2371 θεοῦ.
1264 2316 1548 2389 Ἢρώτησέ
1598 2338 1664 2388 με
1729 2323 1789 2374 τὸ
1853 2323 2045 2387 σκεῦος

465 2401 565 2471 τῆς
596 2403 822 2474 ἐκλογῆς
849 2407 944 2459 καὶ
969 2408 1268 2477 Αἰγύπτιος
1300 2411 1479 2480 γέρων
1522 2413 1807 2484 Μακάριος
1830 2456 1844 2478 ,
1876 2416 1939 2467 Ἰ“ί
1985 2417 2045 2486 δή

468 2512 600 2549 ποτε
631 2500 1097 2568 μνησικακοῦντες
1136 2503 1236 2570 μὲν
1257 2507 1368 2567 τοῖς
1399 2505 1731 2575 ἀνθρώποις,
1785 2508 1882 2576 τὴν
1915 2526 2049 2576 μνη-

472 2594 800 2662 μονευτικὴν
827 2593 1058 2666 δύναμιν
1107 2598 1207 2667 τῆς
1264 2598 1445 2669 ψυχῆς
1492 2599 1876 2670 ἁφανίζομενο
1934 2602 2050 2655 δαί-

472 2700 597 2755 μοσι
659 2686 716 2737 δὲ
788 2688 1273 2757 μνησικακοῦντες,
1333 2685 1586 2755 ἀὸλαῖεἰς
1645 2692 1977 2763 διαμένομεν
2033 2711 2047 2758 ;

476 2776 665 2847 Κᾶμοῦ
696 2781 832 2851 πρὶς
868 2784 968 2849 τὴν
996 2783 1288 2853 ἀπόκρισιν
1316 2783 1692 2852 ἀπορήσαντος
1724 2785 1818 2836 καὶ
1863 2802 2041 2855 παρα-

469 2871 759 2934 καλοῦντος
790 2874 880 2926 τἰν
929 2873 1087 2942 λόγον
1118 2875 1334 2942 μαθεῖν,
1382 2876 1550 2940 Διότι,
1606 2878 1771 2945 φησὶν
1823 2878 2050 2945 ἐκεῖνος,

471 2967 534 3018 τὸ
564 2966 662 3033 μὲν
691 2965 963 3037 πρότερον
988 2965 1158 3026 πάθος
1180 2967 1357 3035 ’παρά
1393 2966 1576 3036 φύσιν,
1603 2968 1663 3020 τὸ
1690 2967 1745 3020 δὲ
1801 2968 2054 3039 δεύτερον

472 3060 612 3113 κατά
642 3057 802 3128 φύσιν
833 3058 949 3109 ἐστὶ
985 3058 1080 3109 τοῦ
1131 3056 1331 3128 θυμοῦ.
1366 3060 1685 3129 Παρέσαλον
1718 3058 1840 3109 κατ’
1885 3059 2055 3126 αὐτὴν

2145 1984 2212 2023 ex
2239 1970 2583 2038 sapientibus
2609 1970 2830 2041 quidam
2864 1971 3209 2038 :Quomodo,
3240 1988 3273 2028 ο
3315 1980 3492 2042 pater,
3521 1974 3729 2044 inquit.

2146 2057 2203 2111 in
2240 2056 2541 2113 monas'tiea
2559 2059 2667 2114 vita
2702 2061 3001 2129 perdurare
3018 2072 3194 2132 potes,
3229 2063 3324 2134 qui
3353 2065 3737 2121 consolatione

2146 2165 2209 2204 ea
2239 2159 2362 2220 quae
2384 2166 2450 2205 ex
2483 2153 2638 2207 libris
2670 2155 2993 2224 percipitur,
3022 2171 3210 2212 careas
3233 2158 3349 2213 ‘iAt
3374 2158 3519 2214 liber
3551 2173 3730 2223 meus,

2148 2257 2181 2295 ο
2235 2242 2598 2313 philosophe,
2661 2245 2933 2301 Antonius
2986 2247 3308 2316 respondit,
3362 2257 3557 2304 natura
3614 2249 3732 2319 ipsa

2149 2346 2336 2386 rerum
2369 2342 2683 2389 creatarum
2723 2345 2835 2390 est.
2878 2335 2935 2390 In
2964 2337 3046 2391 eis
3081 2351 3205 2391 cum
3251 2338 3385 2392 mihi
3415 2338 3594 2393 visum
3625 2348 3733 2406 est,

2150 2429 2372 2485 oracula
2412 2429 2504 2485 Dei
2539 2416 2717 2501 legere
2742 2432 2891 2487 licet.
2917 2432 3283 2504 Interrogavit
3327 2450 3414 2489 me
3435 2435 3761 2505 aliquando.

2150 2519 2436 2575 electionis
2471 2522 2602 2576 illud
2636 2538 2754 2589 vas,
2778 2538 2943 2581 senex
2965 2522 3254 2595 [Egyptius
3271 2525 3560 2591 Macarius,
3585 2525 3730 2592 Quid

2154 2613 2226 2667 ita
2259 2604 2584 2682 iniuriarum
2613 2631 2743 2687 erga
2778 2616 3033 2671 homines
3060 2620 3382 2674 memoriam
3402 2619 3728 2679 retinentes.

2153 2704 2263 2757 vim
2328 2706 2525 2761 anima:
2586 2707 2980 2783 reminiscendi
3034 2722 3434 2765 enecaremus:
3467 2710 3734 2763 adversus

2155 2796 2429 2852 dmmones
2457 2808 2664 2862 autem,
2706 2814 2828 2853 cum
2869 2808 3222 2869 acceptorum
3253 2801 3320 2856 ab
3355 2800 3437 2855 eis
3468 2801 3736 2855 malorum

2157 2890 2600 2953 reminiscimur,
2658 2891 3048 2947 detrimentum
3111 2894 3322 2949 nullum
3369 2892 3741 2948 sentiremus?

2154 2980 2291 3035 Cum
2321 2992 2504 3037 autem
2534 2978 2667 3053 ego,
2690 2987 2832 3055 quod
2868 2985 3281 3056 responderem,
3305 3001 3412 3040 non
3450 2986 3734 3051 haberem,

2158 3083 2319 3140 atque
2352 3074 2405 3127 id
2439 3074 2651 3129 discere
2688 3078 2882 3131 vellem
2912 3117 2926 3141 ,
2966 3088 3190 3148 rogatus
3226 3076 3317 3132 ille
3351 3095 3364 3131 :
3411 3077 3734 3146 Propterea,

475 3152 739 3220 σταθερὰν
783 3149 1131 3219 μεσημσρίαν
1188 3149 1267 3218 τῷ
1312 3149 1451 3219 ἁγίῳ
1510 3151 1681 3218 πατρὶ
1721 3147 1993 3217 Μακαρίῳ
2039 3163 2051 3176 ·

2162 3167 2357 3235 inquit,
2387 3169 2530 3236 quod
2567 3169 2715 3236 prior
2746 3170 2837 3223 illa
2870 3147 3089 3224 affectio
3108 3179 3308 3239 praeter
3338 3177 3613 3255 naturam,
3639 3185 3743 3241 po.

474 3249 566 3300 καὶ
592 3246 713 3298 λίαν
759 3244 862 3297 ὑπὸ
915 3243 1015 3313 τῆς
1063 3242 1221 3313 δίψης
1278 3242 1630 3312 φλεγόμενος,
1687 3241 1850 3311 ᾔτουν
1912 3242 2055 3309 ὕδωρ

472 3340 614 3392 πιεῖν
642 3355 658 3369 ·
687 3338 716 3389 ό
741 3337 798 3389 δεῖ
824 3353 1010 3407 φησιν,
1052 3335 1375 3404 ’Λρκέσθητι
1407 3337 1474 3406 τῇ
1501 3335 1625 3404 σκιᾷ
1661 3351 1675 3364 ·
1722 3333 1908 3386 πολλοὶ
1942 3334 2050 3404 γὰρ

471 3430 876 3501 ὁδοιποροῦντες
899 3428 993 3482 νῦν
1016 3431 1108 3481 καὶ
1136 3428 1340 3497 ταύτης
1391 3428 1731 3496 ἐστέρηνται.
1781 3421 1914 3478 Εἶτα
1968 3427 2054 3478 λό⁴

474 3540 602 3590 γους
638 3541 738 3593 μου
774 3522 908 3592 πρὸς
934 3520 1097 3574 αὑτὸν
1121 3522 1251 3589 περὶ
1296 3520 1627 3588 ἐγκρατείας
1663 3517 2056 3589 γυμνάζοντος,

474 3617 697 3689 Θάρρει,
734 3615 920 3683 φησὶν,
964 3608 1008 3666 ὦ
1054 3614 1243 3665 τέκνον
1270 3626 1285 3641 ⁸
1332 3613 1388 3664 ὲν
1439 3611 1582 3675 ὅλοις
1630 3612 1833 3665 εἴκοσιν
1882 3612 2061 3663 ἔτεσιν

475 3708 599 3761 οῦτε
623 3708 813 3778 ἄρτου,
834 3704 957 3760 οὔτε
989 3705 1200 3770 ὓδατος,
1227 3702 1351 3757 οὔτε
1393 3703 1561 3758 ὕπνου
1619 3703 1782 3773 κόρον
1837 3703 2058 3773 εἴληφα.

415 3869 419 3872 ν
476 3803 580 3855 Τὸν
610 3802 707 3871 μὲν
762 3801 869 3868 γὰρ
924 3801 1086 3868 ἄρτον
1153 3815 1253 3862 μου
1316 3796 1510 3867 ἢσθιον
1565 3795 1836 3866 σταθμῷ·
1888 3799 1950 3850 τὺ
2004 3797 2063 3849 δὲ

476 3900 624 3969 ὓδωρ
650 3897 834 3951 ἔπινον
864 3896 1047 3967 μέτρῳ
1076 3912 1090 3926 ο
1122 3895 1234 3958 τοῖς
1253 3894 1457 3964 τοίχοις
1486 3893 1544 3945 δὲ
1592 3893 1835 3963 ἐμαυτὸν
1888 3910 2062 3961 παρα-

476 3991 714 4053 κλίνων,
768 3987 964 4059 μικρόν
1024 4004 1078 4039 τι
1129 3986 1222 4038 τοῦ
1274 3983 1443 4038 ὕπνου
1492 3986 1654 4054 μέρος
1705 3983 2059 4055 ἀφήρπαζον.

489 4082 773 4154 Ἔμηνῦθη
804 4083 912 4136 τινὶ
960 4080 1069 4134 τῶν
1106 4079 1357 4151 μοναχῶν
1408 4077 1780 4141 θάνατοςτοῦ
1834 4078 2061 4147 πατρός.

488 4174 549 4229 '0
569 4176 623 4229 δὲ
658 4175 794 4244 πρὸς
819 4175 911 4226 τὸν
969 4171 1408 4240 ἀπαγγείλαντα,
1439 4169 1676 4232 Παῦσαι,
1711 4168 1866 4237 φησὶ,
1902 4167 2063 4237 βλασ-

480 4270 696 4341 φημῶν·
737 4269 795 4322 Ὅ
823 4267 932 4335 γὰρ
980 4264 1112 4335 ἐμὸς
1144 4261 1328 4334 πατὴρ
1370 4260 1639 4323 ἀθάνατός
1688 4260 1861 4313 ἐστιν.
1910 4260 2064 4312 Ἐκεῖ-

482 4360 651 4431 κτητό
697 4378 779 4423 τις
837 4357 946 4410 τῶν
1006 4350 1253 4427 ἀδελὲρῷν
1300 4356 1639 4424 Εὖαγγέλιον
1691 4358 1851 4427 μόνον
1892 4372 1908 4387 ⁸
1971 4358 2066 4410 καὶ

490 4454 650 4508 τοῦτο
676 4452 967 4520 πωλήσας,
1001 4450 1201 4502 ἔδωκεν
1254 4451 1335 4512 εἰς
1379 4451 1586 4520 τροφὴν
1616 4452 1728 4512 τοῖς
1778 4451 2062 4516 πεινῶσιν,

2162 3259 2361 3312 sterior
2395 3268 2599 3314 autem~
2630 3261 2931 3315 secundum
2974 3270 3225 3316 naturam
3263 3263 3356 3315 irae
3387 3270 3491 3316 est.
3525 3260 3736 3317 Adveni

2159 3349 2455 3417 aliquando
2499 3353 2617 3420 ipso
2663 3352 3003 3407 meridionali
3059 3363 3307 3423 tempore
3358 3352 3424 3408 ad
3481 3361 3734 3408 sanctum

2162 3451 2370 3510 patrem
2422 3441 2839 3509 Macarium;ct
2878 3444 3024 3513 quod
3086 3446 3176 3500 siti
3227 3444 3521 3499 admodum
3580 3444 3743 3500 arde-

2162 3550 2298 3599 rem,
2339 3551 2532 3606 aquam
2583 3535 2651 3590 ab
2681 3551 2749 3590 eo
2782 3538 2936 3604 petii.
2985 3537 3053 3591 Et
3084 3537 3176 3592 ille
3205 3556 3218 3590 :
3244 3536 3552 3592 Contentus
3589 3547 3737 3601 esto,

2164 3628 2363 3694 inquit,
2414 3628 2627 3683 umbra.
2661 3629 2814 3684 Multi
2845 3629 2993 3685 enim
3041 3630 3367 3685 viatores~ct
3418 3628 3742 3700 navigantes

2166 3721 2264 3774 hac
2295 3738 2438 3775 nunc
2459 3731 2669 3777 carent.
2703 3722 2911 3778 Deinde
2943 3737 3070 3777 cum
3120 3723 3265 3792 apud
3300 3736 3429 3776 eum
3478 3722 3647 3776 verba
3670 3722 3742 3775 de

2162 3800 2502 3869 continentia
2528 3822 2584 3869 et
2620 3814 2980 3881 temperantia
3028 3813 3264 3868 facerem
3297 3830 3310 3865 :
3351 3811 3600 3877 Conﬁde,
3659 3813 3744 3891 inf

2164 3906 2305 3974 quit,
2336 3920 2371 3959 o
2424 3905 2521 3971 ﬁli,
2567 3915 2622 3959 et
2646 3906 2797 3970 bono
2839 3916 2960 3962 este
2991 3905 3198 3960 animo.
3237 3904 3350 3975 Ego
3390 3904 3520 3960 totis
3576 3905 3751 3959 annis

2163 3998 2355 4068 viginti
2379 4013 2558 4067 neque
2586 4014 2802 4069 panem.
2838 4015 3018 4069 neque
3035 4012 3452 4070 aquam,neque
3474 4012 3728 4053 somnum

2163 4091 2231 4144 ad
2268 4089 2573 4145 satietatem
2605 4091 2742 4162 cepi.
2779 4089 2940 4161 199
2966 4090 3168 4145 Panem
3190 4104 3427 4159 namque
3462 4105 3644 4144 meum
3670 4089 3739 4143 ad

2165 4190 2376 4233 certum
2427 4179 2581 4234 librae
2614 4179 2829 4249 pondus
2859 4180 3094 4245 comedi,
3131 4195 3331 4250 aquam
3366 4185 3432 4235 ad
3475 4180 3744 4235 conStitu-
3809 4178 3824 4190 ”

2170 4281 2276 4326 tam
2313 4285 2626 4325 mensuram
2660 4271 2797 4335 bibi,
2833 4281 2890 4326 et
2936 4269 3130 4342 parieti
3157 4271 3461 4327 acclinatus
3490 4272 3744 4340 exiguam

2167 4361 2408 4431 aliquam
2438 4363 2614 4417 somni
2642 4371 2852 4431 partem
2878 4361 3337 4431 rapui.Monacho
3354 4362 3573 4417 cuidam
3602 4376 3746 4416 nun-

2169 4454 2280 4508 tius
2311 4454 2461 4508 venit
2510 4453 2576 4508 de
2631 4454 2798 4523 patris
2841 4461 3035 4515 morte,
3073 4464 3239 4522 atque
3264 4452 3355 4507 ille
3381 4452 3450 4506 ad
3486 4455 3746 4509 nuntian—

457 4547 633 4627 -ἄξιον
661 4547 884 4617 μνήμης
908 4542 1378 4611 ἐπιφθεγξάμενος
1401 4542 1554 4611 ῥῆμα
1579 4558 1596 4575 ⁸
1631 4543 1709 4595 Δι’
1746 4543 1908 4596 αὐτὸν
1932 4544 2056 4612 γὰρ,

2174 4558 2281 4603 tem
2307 4564 2320 4600 :
2342 4547 2560 4613 Desine,
2600 4547 2800 4617 inquit,
2836 4546 3238 4615 hlasphemare,
3270 4552 3327 4600 et
3349 4543 3515 4615 impie
3552 4544 3740 4614 loqui:

483 4635 640 4705 φησὶ,
674 4631 943 4699 τὸνλόγον
984 4630 1287 4696 πεπὼληκα
1321 4628 1412 4680 τὸν
1466 4629 1713 4696 λέγοντα,
1768 4628 2064 4696 Πὼλησόν

483 4743 601 4782 σου
626 4724 697 4780 τὰ
732 4723 1104 4792 ὑπάρχοντα,
1129 4719 1228 4773 καί
1257 4719 1362 4785 δὸς
1389 4720 1669 4789 πτωχοῖς.
1704 4721 1864 4774 Ἐστι
1893 4722 1950 4774 δὲ
1980 4738 2061 4783 τις

484 4822 614 4890 περὶ
644 4817 744 4887 τὴν
770 4813 1179 4882 Ἀλεξάνδρειαν
1206 4811 1393 4880 νῆσος,
1418 4811 1540 4864 κατ’
1570 4811 1702 4864 αὐτὸ
1729 4813 1789 4865 τὸ
1814 4812 2059 4881 Βόρειον,

485 4912 662 4982 πέραν
694 4909 791 4977 τῆς
821 4908 1021 4977 λίμνης
1046 4905 1275 4975 κειμένη
1301 4904 1399 4973 τῆς
1431 4904 1781 4973 καλουμένης
1801 4903 2021 4974 Μαρίας
2045 4919 2057 4931 ·

488 5005 771 5076 προσοικεῖ
791 5001 863 5059 δὲ’
903 5000 1039 5068 αὐτῇ
1085 4997 1340 5067 μοναχδς,
1402 4995 1503 5066 τῆς
1565 4995 1918 5066 παρεμϐολῆς
1956 4996 2065 5049 τῶν

487 5094 811 5149 Γνωστικῶν
846 5089 1269 5161 δοκιμώτατος·
1321 5088 1468 5152 ὅστις
1511 5086 1828 5157 ἀπεφήνατο
1889 5089 2066 5142 πάντα

487 5189 558 5242 τὰ
592 5189 946 5258 πραττόμενα
970 5184 1076 5237 ὑπὸ
1141 5181 1250 5235 τῶν
1307 5181 1559 5252 μοναχῶν
1608 5182 1946 5251 πράττεσθαι
1996 5182 2067 5235 δι’

488 5284 663 5346 αἰτίας
704 5282 866 5333 πέντε
886 5293 900 5307 ⁸
918 5280 1003 5331 διὰ
1031 5277 1186 5342 Θεὸν,
1208 5276 1295 5329 διὰ
1328 5274 1511 5343 φύσιν,
1535 5275 1618 5327 διὰ
1639 5273 1779 5342 ἔθος,
1810 5274 1877 5328 δι⁹
1900 5276 2063 5341 ἀνάγ-

489 5391 616 5443 κην,
653 5372 741 5426 διὰ
780 5370 942 5441 ἔργον
989 5371 1208 5439 χειρῶν.
1270 5366 1333 5419 '0
1378 5365 1436 5419 δὲ
1496 5365 1659 5427 αὐτὸς
1703 5365 1858 5432 ἔλεγε
1909 5368 2071 5419 πάλιν

492 5467 623 5536 μίαν
659 5463 758 5534 μὲν
779 5460 919 5517 εἶναι
949 5464 1017 5529 τῇ
1044 5459 1207 5529 φύσει
1238 5458 1338 5529 τὴν
1385 5458 1584 5527 ἀρετήν
1609 5473 1623 5488 ο
1680 5458 2072 5511 εἰδοποιεῖσθαι

492 5558 550 5612 δὲ
584 5558 756 5627 αὐτὴν
787 5561 848 5609 εν
876 5556 993 5618 ταῖς
1018 5554 1284 5625 δυνάμεσι
1310 5550 1411 5622 τῆς
1448 5551 1647 5622 ψυχῆς.
1680 5550 1793 5605 Καὶ
1845 5551 1954 5621 γὰρ
2014 5552 2074 5604 τὸ

496 5652 614 5721 φῶς
649 5653 712 5704 τὸ
741 5650 966 5721 ἡλιακὸν
1015 5648 1428 5718 ἀσχημάτιστον
1479 5647 1603 5716 μὲν,
1661 5645 1850 5715 φησὶν,
1916 5646 2069 5696 ἔστι·

495 5747 609 5806 ταῖς
635 5744 790 5829 sese
817 5736 893 5796 ὧν
927 5741 1204 5794 είσῦάλλει
1248 5738 1429 5807 θυρίσι
1484 5736 1919 5810 σχηματίζεσθαι
1980 5738 2074 5788 πέ-

576 5856 819 5912 "Maltb.
857 5856 1093 5918 x1x,2l.

2170 4641 2331 4696 Pater
2357 4640 2500 4694 enim
2537 4652 2693 4691 meus
2740 4635 3064 4690 immortalis
3091 4643 3196 4690 est.
3226 4634 3301 4687 Ex
3336 4632 3598 4688 fratribus
3622 4633 3747 4703 qui-
3825 4653 3831 4659 '

2173 4730 2298 4784 dam
2331 4729 2555 4783 unicum
2587 4726 2864 4797 Evangelii
2892 4726 3093 4780 librum
3121 4725 3178 4779 in
3202 4724 3359 4795 bonis
3375 4726 3491 4779 suis
3517 4724 3745 4783 habuit:
3844 4748 3849 4751 ι

2171 4838 2284 4893 quo
2322 4834 2377 4875 et
2412 4820 2531 4890 ipso
2561 4818 2808 4885 vendito,
2858 4817 3095 4888 pretium
3131 4817 3251 4888 ejus
3280 4816 3347 4871 ad
3378 4815 3743 4872 esurientium

2172 4914 2428 4967 alimenta
2458 4911 2649 4983 dedit,
2677 4909 2943 4965 memoria
2997 4908 3362 4979 dignoverbo
3394 4908 3486 4964 illo
3515 4908 3704 4963 addito
3731 4926 3747 4962 :

2172 5005 2405 5071 Propter
2431 4997 2566 5057 illud
2594 5002 2878 5058 oraculum
2902 5002 3102 5057 librum
3134 4999 3383 5066 vendidi,
3405 5001 3551 5072 quod
3578 5000 3746 5056 dicit:

2182 5095 2357 5149 Vende
2373 5112 2435 5148 ea
2456 5111 2575 5166 quw
2603 5095 2777 5157 habes,
2801 5104 2848 5146 et
2879 5094 2947 5148 da
2976 5093 3290 5165 pauperibus
3315 5095 3355 5148 ³.
3395 5092 3577 5148 Insula
3598 5107 3751 5163 qua:-

2174 5190 2298 5244 dam
2328 5198 2412 5243 est
2431 5190 2579 5255 circa
2612 5186 3031 5252 Alexandriam,
3065 5187 3497 5257 septentrionem
3531 5199 3750 5250 versus,

2176 5282 2321 5337 ultra
2370 5281 2551 5336 lacum
2583 5281 2676 5353 qui
2731 5280 2901 5334 Maria
2922 5280 3124 5334 dicitur
3145 5320 3159 5345 ,
3183 5266 3319 5333 'sita.
3351 5278 3573 5335 Habitat
3600 5279 3657 5333 in
3686 5294 3753 5334 ea

2176 5374 2479 5429 monachus
2516 5374 2905 5431 Gnosticorum
2938 5373 3149 5427 ordinis
3192 5373 3592 5428 celeberrimus
3613 5408 3628 5435 ,
3653 5370 3752 5439 qui

2177 5467 2361 5520 omnia
2411 5479 2530 5533 quae
2584 5478 2614 5518 a
2657 5463 2942 5518 monachis
2975 5460 3444 5538 gererentur,‘ob
3507 5459 3756 5529 quinque
3812 5463 3822 5472 '

2179 5573 2375 5614 causas
2430 5556 2553 5612 ﬁeri
2599 5555 2734 5611 dixit
2766 5569 2781 5608 :
2816 5562 3039 5624 prepter
3092 5553 3262 5606 Deum
3284 5591 3298 5614 ,
3331 5560 3555 5620 propter
3592 5556 3757 5603 natu-

2180 5667 2319 5710 ram.
2342 5660 2565 5719 propter
2594 5646 3070 5725 consuetudinem,
3096 5638 3323 5716 prepte'r
3345 5642 3755 5701 necessitatem,

2180 5754 2405 5811 preptcr
2435 5756 2694 5795 manuum
2730 5755 2887 5809 opus.
2932 5737 3079 5794 Idem
3130 5739 3247 5808 ipse
3281 5749 3447 5790 unam
3481 5748 3601 5790 esse
3622 5730 3795 5789 dixit.
