4056 6482
382 398 487 468 723

1575 393 1997 468 NmE‘Puom
2045 357 2395 466 mmsr't

2417 297 2430 329 γ
2498 298 2502 300 ,

3550 402 3655 475 794'

365 527 566 574 natura
605 519 890 586 virtutem,
905 512 1135 594 ejusque
1163 505 1394 577 formam
1420 523 1475 578 in
1507 524 1705 579 animm
1732 522 1944 577 viribus

2068 535 2244 584 Ιιιυκεν.
2277 521 2468 584 ’Λλλος
2496 523 2552 575 δέ
2580 539 2662 585 τις
2696 523 2805 574 τῶν
2841 524 3115 594 μοναχῶν,
3152 518 3254 576 Διά
3292 523 3463 577 τοῦτο
3500 542 3656 592 περι-

367 609 620 683 cliigiarl.
671 614 806 668 Nam
853 625 908 669 et
951 616 1135 671 lumen
1167 617 1300 672 solis
1330 617 1408 671 ait
1430 617 1551 673 sine
1583 617 1756 672 forma
1783 632 1908 673 esse
1935 632 1948 668 :

369 703 602 758 formam
638 713 822 759 autem
873 705 926 760 id
959 707 1224 777 recipere,
1273 723 1370 778 per
1390 724 1530 778 quas
1580 720 1854 778 penetrat,
1881 706 1958 762 fe-

370 794 593 848 nostris.
640 791 795 850 Alius
837 797 1060 866 quidam
1111 799 1453 852 monachus:
1493 791 1817 867 Propterea,
1868 799 1955 851 in-

369 886 510 952 quit,
541 886 854 956 voluptates
899 889 1032 942 mihi
1087 889 1354 944 subtraho
1377 931 1391 954 ,
1425 901 1485 944 ut
1511 890 1606 944 ira:
1635 899 1858 945 causam
1899 899 1957 944 et

371 979 716 1033 occasionem
756 981 1074 1049 praecidam.
1139 982 1268 1037 Scio
1329 984 1478 1038 enim
1537 983 1687 1038 illam
1738 995 1957 1053 semper

371 1079 597 1137 propter
644 1073 956 1142 voluptates
1005 1075 1335 1144 oppugnari,
1364 1087 1718 1145 mentemque
1777 1089 1954 1130 meam

369 1160 723 1228 perturbare,
751 1171 809 1218 et
831 1165 1204 1234 cognitionem
1246 1165 1420 1234 ipsam
1451 1166 1662 1237 fugare.
1695 1167 1774 1222 Ex
1806 1167 1955 1221 seui-

369 1246 475 1307 bus
521 1255 686 1309 etiam
739 1257 964 1326 quidam
1020 1257 1181 1325 dixit,
1233 1258 1571 1314 Charitatem
1616 1260 1869 1314 ciborum
1902 1263 1960 1314 et

372 1346 732 1411 pecuniarum
794 1348 1114 1418 depositum
1171 1365 1396 1408 servare
1461 1353 1701 1408 nescire.
1759 1351 1954 1406 Idem:

372 1439 494 1491 Non
518 1439 656 1505 scio,
691 1441 891 1510 inquit,
920 1441 1112 1498 eadem
1152 1445 1207 1498 in
1243 1458 1304 1499 re
1324 1446 1409 1501 his
1441 1461 1472 1499 a
1505 1444 1848 1500 damonibus
1869 1459 1958 1499 me

375 1531 668 1600 deceptum
701 1547 844 1588 esse.
894 1533 1020 1591 Haec
1075 1535 1142 1590 ad
1177 1536 1405 1593 verbum
1458 1537 1743 1608 Evagrius,
1786 1536 1838 1590 in
1889 1552 1958 1592 eo

377 1623 524 1678 libro
575 1639 738 1693 quem
793 1624 1104 1682 Practicum
1159 1629 1462 1700 inscripsit,
1520 1630 1795 1700 exposuit.
1827 1628 1959 1695 Quae

377 1729 513 1769 vero
545 1716 715 1772 etiam
754 1719 806 1773 in
836 1718 1094 1776 Gnostico
1117 1736 1220 1777 suo
1249 1722 1394 1779 dicat
1420 1765 1434 1789 ,
1468 1723 1780 1778 au'diamus.
1811 1722 1959 1790 Qua-

381 1817 508 1861 mor
558 1809 830 1877 virtutes,
874 1824 1180 1883 earumque
1223 1814 1697 1872 considerationes
1735 1830 1880 1882 esse,
1926 1831 1958 1870 a

2059 612 2202 683 αιρῶ
2221 613 2320 677 τὰς
2354 615 2570 684 ἡδονὰς,
2604 615 2734 686 ἔφη,
2769 617 2856 668 ἵνα
2885 617 2986 679 τάς
3018 616 3113 669 τοῦ
3141 615 3314 684 θυμοῦ
3366 615 3660 684 περικόψω

2057 708 2363 777 προφάσεις
2397 725 2411 740 ο
2446 704 2562 762 οἶδα
2587 711 2696 781 γὰρ
2719 711 2884 763 αὑτὸν
2917 711 3005 764 ἀεὶ
3035 706 3348 780 μαχόμενον
3372 709 3522 778 ὑπὲρ
3548 709 3661 762 τῶν

2059 799 2286 869 ἡδονῶν,
2335 803 2432 854 καὶ
2474 804 2884 874 ἐκταράσσοντά
2933 817 3037 872 μου
3086 803 3179 854 τὸν
3214 800 3364 866 νοῦν,
3414 802 3518 854 καὶ
3560 799 3661 868 τὴν

2057 892 2264 960 γνῶσιν
2288 893 2688 949 ἁποδιὼκοντα.
2728 895 2924 962 Ἔλεγε
2952 895 3010 946 δέ
3058 911 3143 954 τις
3181 894 3290 948 τῶν
3349 895 3663 963 γερόντων,

2056 985 2140 1040 δτι
2184 985 2250 1040 'H
2283 987 2474 1056 ἀγάπη
2522 987 2856 1058 παραθήκας
2909 986 3217 1058 βρωμάτων
3348 984 3664 1055 χρημάτων

2057 1084 2248 1151 τηρεῖν
2277 1083 2378 1134 ούκ
2412 1083 2725 1135 ἐπίσταται.
2765 1079 2828 1136 Ὀ
2857 1079 2914 1134 δὲ
2953 1080 3140 1146 αὐτὸς,
3175 1079 3290 1132 Οὐκ
3342 1074 3496 1140 οῖδα,
3551 1094 3661 1145 φη-

2061 1172 2167 1234 σὶν,
2197 1175 2276 1236 είς
2322 1173 2518 1225 ταυτὸν
2550 1172 2631 1232 δὶς
2689 1172 2797 1225 ὑπὸ
2849 1171 3122 1243 δαιμόνων
3169 1168 3504 1240 ἀπατηθείς.
3573 1169 3664 1220 Ἐν

2065 1260 2166 1330 μὲν
2196 1261 2292 1313 οῦν
2325 1261 2401 1332 τῷ
2434 1263 2910 1333 ἐπιγεγραμμένῳ
2942 1260 3107 1316 αὑτοῦ
3138 1258 3458 1329 Πρακτικῷ
3484 1257 3666 1312 ταῦτα

2061 1354 2203 1407 κατὰ
2236 1353 2382 1419 λέξιν
2404 1356 2569 1424 φησιν
2593 1356 2865 1422 Εύάγριος
2889 1373 2902 1385 ·
2957 1349 3043 1408 οἷα
3072 1355 3129 1408 δὲ
3157 1356 3253 1408 καὶ
3286 1356 3346 1408 ὲν
3376 1353 3462 1424 τῷ
3495 1355 3665 1407 Γνω-

2060 1447 2249 1513 στικῷ
2307 1449 2476 1504 αὐτοῦ
2548 1450 2840 1517 διέξεισιν,
2898 1441 3286 1517 ἀκουσώμεθα.
3365 1439 3664 1512 Τέσσαρας

2059 1539 2263 1609 ἀρετὰς
2308 1542 2403 1594 καὶ
2451 1541 2548 1604 τὰς
2585 1541 2820 1612 θεωρίας
2872 1539 3038 1594 αὑτοῦ
3082 1540 3235 1610 παρά
3282 1539 3381 1592 τοῦ
3443 1538 3700 1596 δικαίου,

2059 1629 2362 1700 Γρηγορίου
2389 1633 2788 1703 μεμαθήκαμεν
2811 1627 2949 1686 εἶναι
2970 1651 2984 1664 ο
3009 1631 3272 1702 φρόνησιν
3297 1632 3397 1684 καὶ
3413 1630 3665 1702 ἀνδρίαν,

2070 1725 2436 1794 σωφροσύνην
2473 1724 2570 1778 καὶ
2602 1725 2970 1795 δικαιοσύνην.
3027 1725 3137 1779 Καὶ
3188 1725 3517 1794 φρονήσεως
3561 1723 3664 1802 μὲν

2063 1814 2224 1884 ἔργον
2250 1815 2436 1885 ἔλεγεν
2458 1812 2596 1870 εἶναι
2627 1817 2684 1870 τὸ
2708 1817 2937 1888 θεωρεῖν
2963 1817 3063 1880 τὰς
3105 1817 3298 1888 νοερὰς
3343 1815 3448 1870 καὶ
3498 1817 3662 1883 ἁγίας

378 1897 532 1953 Justo
571 1899 838 1972 Gregorio
879 1881 1175 1961 didicimus
1207 1923 1224 1962 :
1275 1908 1650 1978 prudentiam,
1679 1881 1962 1964 fortitudi-

2068 1881 2323 1977 δυνάμεις
2350 1881 2468 1978 δίχα
2500 1909 2610 1962 τῶν
2631 1881 2856 1978 λόγωνλ
2889 1909 3114 1972 τούτους
3143 1881 3253 1978 γάρ
3287 1908 3398 1960 ὑπὸ
3421 1909 3525 1977 τῆς
3549 1881 3664 1960 ἧσο-ι

376 2005 526 2050 nem.
583 1997 1028 2063 temperantiam,
1082 2008 1140 2054 et
1194 2000 1486 2070 justitiam;
1537 2002 1606 2056 Et
1659 2002 1965 2075 prudentia:

377 2084 608 2152 quidem
633 2087 870 2142 oﬂicium
899 2106 1021 2145 esse
1053 2091 1100 2146 is
1129 2092 1290 2160 dixit,
1333 2095 1688 2150 considerare
1728 2104 1785 2150 et
1827 2111 1963 2150 con-

380 2177 654 2242 templari,
702 2181 884 2236 verbis
930 2198 1038 2238 non
1073 2185 1363 2252 adhibitis,
1411 2199 1631 2244 sanctas
1663 2198 1720 2244 et
1748 2189 1963 2244 intelle-

377 2269 588 2325 ctuales
612 2281 934 2340 potestates.
987 2271 1096 2330 Has
1147 2293 1386 2348 namque
1412 2296 1442 2333 a
1469 2279 1737 2350 sapientia
1783 2282 1964 2334 mani-

377 2362 563 2418 f-stari
593 2367 837 2424 tradidit.
880 2370 1244 2426 Fortitudinis
1279 2385 1460 2429 autem
1505 2375 1560 2429 in
1605 2376 1838 2430 verilate
1872 2391 1964 2431 co-

377 2458 547 2526 gnita,
611 2462 829 2517 etiamsi
879 2463 1086 2520 bellum
1116 2475 1172 2520 et
1221 2467 1518 2523 discrimen
1565 2469 1663 2524 tibi
1718 2481 1963 2539 paretur,

378 2563 693 2607 c:mstanter
727 2566 1102 2624 perseverare,
1153 2577 1331 2630 neque
1371 2562 1436 2616 ad
1466 2570 1554 2618 res
1599 2563 1967 2619 falsasttransv

382 2645 482 2697 ire.
514 2643 916 2714 Temperatite
945 2665 1111 2720 porro
1157 2655 1363 2707 semina
1433 2670 1462 2708 a
1503 2657 1683 2725 primo
1725 2657 1964 2728 agricola

376 2737 522 2804 jacta
555 2738 820 2808 recipere.
858 2751 1134 2812 posteram
1170 2756 1356 2801 autem
1381 2757 1438 2803 et
1464 2749 1650 2804 furtim
1686 2766 1962 2821 aspersam

380 2830 451 2881 ab
507 2830 831 2888 adversario
885 2846 1188 2892 sementem
1236 2838 1486 2909 rejicere.
1537 2841 1700 2913 200
1733 2843 1966 2901 iustitiae

380 2931 535 2995 vero,
558 2923 723 2992 juxta
753 2924 1078 2995 dignitatem
1126 2939 1184 2986 et
1217 2935 1666 2990 commoditatem
1693 2937 1964 3007 cujusque

381 3013 688 3070 orationem
741 3027 1132 3089 attemperare,
1173 3024 1259 3079 vel
1289 3025 1525 3082 obscure
1557 3029 1960 3095 annuntiando,

381 3107 466 3161 vel
497 3123 596 3178 per
628 3110 914 3181 aznigmata
934 3123 988 3169 et
1012 3117 1269 3189 ambages
1289 3118 1773 3194 sigtiilicando,vel
1797 3111 1964 3179 etiam

2068 1997 2196 2066 φίας
2227 1997 2520 2065 δηλοῦσθαι
2553 2000 2944 2068 παραδέδωκεν
2982 2015 2996 2027 '
3031 1998 3253 2068 ἀνδρίας
3284 1998 3341 2050 δὲ
3364 1998 3428 2050 τὸ
3457 1998 3665 2066 ἐγκαρ-

2066 2091 2246 2160 τερεῖν
2274 2091 2388 2154 τοῖς
2420 2090 2603 2153 ἄθλοις
2631 2094 2723 2143 καὶ
2745 2090 3172 2160 πολεμούμενον,
3221 2089 3317 2142 καὶ
3354 2090 3436 2159 μὴ
3485 2087 3665 2157 ἐμϐα·

2067 2184 2247 2237 τεύειν
2277 2185 2356 2246 εἰς
2391 2185 2459 2236 τὰ
2492 2184 2568 2253 μὴ
2593 2183 2742 2238 ὄντα.
2804 2185 2914 2236 Καὶ
2954 2183 3017 2236 τὺ
3067 2182 3220 2252 παρᾶ
3273 2180 3372 2235 τοῦ
3437 2181 3663 2252 πρώτου

2066 2278 2321 2348 γεωργοῦ
2378 2276 2630 2348 δέχεσθαι
2689 2278 2936 2347 σπέρμα,
2996 2276 3092 2330 καλ⁵
3159 2274 3510 2330 ἀπωθεῖσθαι
3570 2273 3664 2326 τὸν

2068 2369 2395 2439 ὲπισπορέα,
2436 2369 2536 2438 τῆς
2575 2369 2931 2438 σωφροσύνης
2961 2367 3092 2421 ῐδιον
3115 2366 3461 2436 ἀπεκρίνατο
3497 2359 3663 2419 εἶναι.

2069 2461 2432 2530 Δικαιοσύνης
2460 2461 2517 2514 δὲ
2544 2460 2709 2513 πάλιν
2732 2461 2794 2514 τὸ
2826 2460 2948 2514 κατ’
3001 2459 3157 2524 ἀξίαν
3212 2460 3450 2511 ἑκάστου
3505 2458 3665 2525 λόγον

2066 2554 2402 2618 ἀποδιδόναι,
2435 2553 2502 2606 τὰ
2560 2554 2660 2624 μὲν
2720 2553 3014 2616 σκοτεινῶς
3058 2551 3541 2619 ἁπαγγέλλουσαν,
3596 2547 3666 2600 τὰ

2066 2646 2124 2700 δὲ
2153 2646 2220 2699 δι’
2249 2647 2594 2715 αἰνιγμάτων
2624 2647 3028 2716 σημαίνουσαν,
3078 2645 3199 2697 τινὰ
3227 2645 3283 2697 δὲ
3347 2644 3452 2697 καὶ
3502 2658 3666 2712 φανεά

2073 2720 2272 2808 ροῦσαν
2298 2738 2431 2804 πρὸς
2457 2731 2723 2806 ὠφέλειαν
2753 2738 2863 2791 τῶν
2913 2738 3324 2806 ἁπλουστέρων.
3360 2736 3478 2806 Τῆς
3534 2735 3668 2802 ἀλη-

2071 2831 2221 2892 θείας
2255 2833 2282 2883 ὁ
2314 2829 2507 2894 στῦλος
2537 2831 2564 2884 ὁ
2620 2830 2996 2900 Καππαδόκης
3043 2829 3347 2891 Βασίλειος,
3397 2828 3514 2897 Τὴν
3570 2827 3649 2878 ἀπ

2068 2923 2397 2994 ἀνθρώπων,
2418 2923 2608 2993 φησιν,
2629 2923 3135 2994 ἐπισυμσαίνουσαν
3158 2921 3364 2990 γνῶσιν
3388 2917 3666 2991 προσεχὴς

2072 3016 2270 3088 μελέτη
2296 3018 2391 3071 καὶ
2412 3017 2752 3086 γυμνάσιονκ
2767 3016 3062 3086 κρείσσονα
3091 3016 3238 3068 ποιεῖ
3276 3029 3290 3042 ⁸
3341 3014 3449 3083 τὴν
3497 3012 3555 3065 δὲ
3601 3012 3662 3062 ἐκ

2069 3109 2206 3164 Θεοῦ
2232 3093 2454 3182 χάριτος
2480 3110 2841 3180 ἐγγενομένην
2894 3109 3214 3178 δικαιοσύνη
3248 3107 3344 3161 καὶ
3389 3105 3664 3178 ἀοργησία

384 3210 577 3269 aperte
594 3203 910 3277 indicando,
932 3207 999 3262 ad
1017 3208 1414 3280 simpliciorum
1439 3215 1730 3271 utilitatem
1762 3227 1817 3272 et
1836 3235 1964 3288 pro-

2073 3205 2165 3257 καὶ
2197 3203 2369 3266 ἔλεος.
2407 3203 2520 3256 Καὶ
2541 3201 2640 3272 τὴν
2673 3201 2773 3273 μὲν
2807 3201 3088 3288 προτέραν
3128 3201 3355 3253 δυνατὸν
3391 3199 3491 3253 καὶ
3539 3197 3665 3260 τοὺς

305 3363 316 3371 _
381 3290 609 3346 fectum.
631 3293 888 3352 Veritatis
912 3307 1093 3354 autem
1119 3301 1374 3358 columna
1407 3302 1638 3360 Basilius
1672 3305 1969 3377 Cappadox

383 3383 521 3438 dixit
549 3403 567 3446 ;
590 3385 1088 3457 Cognitionemseu
1111 3395 1392 3450 scientiam
1416 3411 1538 3466 quae
1562 3399 1631 3454 ab
1651 3399 1970 3458 hominibus

383 3481 662 3546 provenit,
679 3483 942 3539 continua
965 3487 1246 3544 meditatio
1274 3499 1329 3545 et
1346 3493 1668 3548 exercitium
1693 3479 1966 3566 adauget:

381 3587 504 3625 eam
536 3584 720 3628 autem
753 3591 874 3645 qua
914 3580 1085 3648 gratia
1117 3579 1212 3634 Dei
1245 3583 1540 3654 contingit,
1567 3585 1782 3656 justitia
1807 3626 1822 3651 ,
1855 3587 1971 3656 pla-

384 3665 637 3721 cabilitas
670 3667 986 3739 iraa,expers
1012 3711 1027 3733 ,
1081 3683 1138 3728 et
1169 3673 1568 3730 misericordia.
1630 3676 1696 3732 Et
1727 3679 1968 3748 priorem

384 3759 533 3813 illam
557 3802 571 3826 ,
605 3761 770 3816 etiam
806 3765 902 3832 qui
937 3763 1323 3821 aﬂectionibus
1363 3767 1588 3824 obnoxii
1636 3780 1786 3837 sunt,
1827 3772 1972 3827 obti-

383 3866 518 3907 nere
552 3863 814 3922 possunt;
852 3856 1215 3925 posteriorem
1251 3875 1403 3926 vero,
1434 3863 1526 3930 qui
1563 3862 1632 3917 ab
1662 3845 1970 3920 affectioni-

385 3944 490 3998 bus
515 3945 680 4000 alieni
714 3958 863 4012 sunt,
897 3957 1108 4004 tantum
1142 3951 1502 4022 perspiciunt,
1535 3956 1628 4024 qui
1655 3957 1820 4010 etiam
1847 3973 1974 4028 pre-

385 4038 622 4093 cationis
689 4049 935 4110 tempore
1002 4045 1205 4099 mentis
1272 4061 1387 4100 suae
1453 4047 1632 4102 lucem
1700 4065 1796 4105 eos
1864 4053 1968 4106 cir-

384 4131 816 4202 cumfulgentem
879 4135 1089 4190 vident.
1144 4136 1260 4191 Lux
1322 4138 1415 4192 illa
1456 4137 1678 4211 Egypti
1746 4153 1970 4198 sanctus

386 4224 723 4281 Athanasius
763 4245 776 4283 :
806 4226 1072 4296 Mensam,
1119 4229 1318 4300 inquit,
1352 4230 1531 4304 Moses
1560 4233 1626 4287 ad
1681 4234 1966 4291 Borealem

386 4331 599 4388 partem
624 4313 868 4376 statuere
884 4323 1070 4393 jussit.
1091 4323 1280 4381 Sciant
1305 4323 1474 4393 igitur
1492 4316 1763 4392 GnOstici,
1792 4338 1848 4382 et
1871 4327 1966 4398 qui

286 4439 309 4457 ο
387 4415 632 4469 scientia:
649 4429 746 4469 seu
769 4418 1217 4486 contemplationi
1243 4432 1470 4487 operam
1495 4431 1720 4487 navant,
1742 4411 1966 4493 quinam

387 4508 652 4562 adversus
709 4523 806 4562 eos
851 4508 1202 4564 adversarius
1250 4511 1442 4580 Spiret,
1481 4519 1536 4567 et
1603 4515 1964 4571 tentationem

387 4613 604 4653 onmem
656 4613 853 4670 magno
895 4600 1205 4655 sustineant
1249 4599 1475 4664 animo,
1521 4609 1686 4672 atque
1714 4603 1970 4661 alacriter

386 4693 454 4746 ad
486 4707 544 4746 se
570 4691 854 4747 venientes
885 4692 1160 4748 alimentis
1194 4692 1435 4748 foveant.
1470 4693 1857 4750 Thmuitarum
1881 4713 1972 4752 ec-

386 4785 565 4838 clesia:
602 4782 828 4852 angelus
868 4783 960 4837 ille
1020 4783 1286 4853 Serapion
1319 4784 1478 4850 dixit,
1522 4800 1764 4841 mentem
1804 4787 1971 4859 spiri-

389 4874 523 4930 tuali
560 4874 873 4944 cognitione
904 4883 960 4929 et
981 4876 1212 4930 scientia
1253 4875 1519 4932 imbutam
1553 4878 1797 4948 perfecte
1831 4896 1970 4951 pur-

387 4969 536 5037 gari;
573 4965 921 5031 cltaritatem,
977 4967 1321 5022 llammantes
1360 4969 1454 5024 ira:
1503 4982 1687 5041 partes
1735 4989 1966 5039 curare;

391 5059 814 5128 temperantiam
849 5066 1035 5114 autem
1068 5097 1084 5124 ,
1123 5059 1408 5116 aﬂl'uentes
1442 5063 1610 5118 malas
1643 5065 1987 5134 cupiditates,

389 5150 446 5206 ιιι
469 5151 728 5207 libidines
753 5153 967 5207 sistere.
1000 5153 1076 5206 De
1111 5153 1454 5222 providentia
1488 5165 1547 5210 et
1592 5156 1798 5227 judicio
1825 5173 1970 5212 sem-

385 5261 491 5314 per
540 5253 718 5300 tecum
776 5244 895 5316 ipse
941 5245 1183 5303 rationes
1233 5255 1448 5316 reputa,
1517 5262 1746 5316 utiagnus
1775 5249 1866 5304 ille
1917 5261 1974 5306 et

392 5335 589 5387 doctus
641 5332 835 5388 doctor
886 5333 1148 5404 Didymus
1203 5335 1316 5399 ait,
1353 5352 1653 5406 earumque
1688 5340 1971 5394 materiam

390 5423 474 5478 {ac
511 5434 690 5480 tecum
743 5425 797 5480 in
855 5426 1116 5481 memoria
1146 5425 1542 5493 circumferas;
1601 5445 1728 5482 nam
1771 5446 1962 5490 omnes

2071 3295 2343 3367 ἐμπαθεῖς
2362 3295 2725 3366 ὑποδέχεσθαι
2758 3311 2772 3326 ο
2804 3281 2904 3366 τῆς
2938 3295 2994 3348 δὲ
3022 3293 3280 3365 δευτέρας
3329 3294 3388 3346 οἱ
3427 3291 3662 3351 ἀπαθεῖς

2074 3391 2354 3461 μόνοιείσὶ
2380 3388 2622 3442 δεκτικοί
2660 3404 2678 3422 ⁸
2713 3388 2763 3440 οἳ
2823 3390 2919 3442 καὶ
2977 3387 3132 3458 παρά
3179 3388 3270 3440 τὺν
3327 3385 3529 3458 καιρὸν
3565 3382 3664 3452 τῆς

2073 3485 2384 3553 προσευχῆς
2411 3483 2472 3533 τδ
2506 3481 2706 3534 οῑκεῖον
2755 3479 2959 3550 φέγγος
3009 3477 3107 3532 τοῦ
3161 3477 3251 3530 νοῦ
3307 3476 3666 3548 περιλάμπον

2072 3575 2273 3650 αὐτοὺς
2310 3572 2598 3644 θεωροῦσι.
2629 3572 2751 3625 Τῶν
2803 3570 3116 3640 Αἰγυπτίων
3153 3571 3181 3623 δ
3212 3570 3366 3638 ἅγιος
3439 3565 3664 3636 φωστὴρ

2085 3664 2426 3730 Ἀθανάσιος,
2453 3664 2567 3735 Τὴν
2621 3662 2928 3733 τράπεζαν,
2966 3660 3123 3730 φησὶ,
3174 3659 3422 3728 Μωῦσῆς
3473 3660 3552 3720 είς
3604 3653 3663 3705 τὸ

2075 3758 2302 3830 Βόρειον
2329 3759 2496 3830 μέρος
2531 3758 2730 3827 στῆσαι
2769 3755 3094 3827 προσέταξε.
3124 3753 3564 3807 Γινωσκέτωσαν
3612 3748 3661 3799 οἱ

2073 3851 2377 3905 Γνωστικοὶ⁵
2414 3849 2497 3913 τίς
2527 3852 2555 3903 ὁ
2581 3850 2759 3903 πνέων
2787 3851 2906 3901 ἐστὶ
2937 3849 3056 3900 κατ’
3089 3845 3290 3913 αὐτῶν,
3323 3846 3424 3898 καὶ
3485 3841 3661 3895 πάντα

2073 3945 2386 4016 πειρασμὸν
2419 3944 2684 4014 γενναίως
2704 3937 3149 4013 ὑπομενέτωσαν,
3209 3939 3305 3993 καὶ
3339 3939 3482 4009 μετά
3534 3951 3660 4005 προ·

2075 4040 2276 4110 θυμίας
2299 4039 2426 4102 τοὺς
2478 4037 2808 4108 προσιόντας
2858 4038 3232 4107 τρεφέτωσαν.
3286 4031 3490 4101 Ἔλεγε
3534 4029 3592 4082 δὲ
3629 4028 3658 4078 ό

2072 4134 2172 4203 τῆς
2202 4128 2486 4202 Θμουῖτῶν
2521 4129 2851 4201 Ἐκκλησίας
2883 4127 3114 4197 ἄγγελος
3169 4123 3483 4196 Σεραπίων,
3514 4123 3596 4174 ὅτι
3631 4119 3659 4171 ό

2073 4223 2199 4288 νοῦς
2244 4225 2344 4294 μὲν
2391 4221 2669 4285 πεπωκὼς
2717 4218 3099 4289 πνευματικὴν
3147 4215 3372 4286 γνῶσιν,
3438 4210 3657 4268 τελείως

2072 4318 2437 4390 καθαίρεται·
2468 4317 2658 4384 ἀγάπη
2679 4315 2736 4368 δὲ
2776 4316 2846 4368 τά
2905 4313 3308 4384 φλεγμαίνοντα
3347 4312 3514 4381 μόρια
3561 4303 3654 4358 τοῦ

2073 4414 2248 4482 θυμοῦ
2275 4409 2570 4482 θεραπεύει
2607 4423 2620 4436 ·
2655 4407 2900 4477 πονηρὰς
2929 4406 2986 4459 δὲ
3029 4403 3328 4472 ἐπιθυμίας
3357 4397 3651 4474 ἐπιρρεού-

2077 4520 2176 4564 σας
2205 4502 2418 4572 ἵστησιν
2449 4498 2769 4570 ἐγκράτεια.
2792 4499 2931 4560 Τοὺς
2959 4497 3088 4568 περὶ
3115 4495 3375 4565 προνοίας
3414 4496 3508 4547 καὶ
3536 4487 3652 4560 κρί-

2078 4605 2216 4657 σεως
2243 4593 2386 4646 κατὰ
2410 4593 2609 4644 σαυτὸν
2639 4591 2723 4644 ἀεὶ
2759 4588 3009 4660 γύμναζε
3039 4589 3255 4657 λόγους,
3279 4587 3446 4659 φησιν
3477 4587 3505 4638 ό
3559 4580 3650 4652 μέ-

2075 4703 2178 4754 γας
2216 4685 2310 4738 καὶ
2331 4687 2632 4753 γνωστικὸς
2663 4683 2986 4746 διδάσκαλος
3015 4683 3250 4748 Δίδυμος
3282 4695 3296 4710 ο
3321 4679 3417 4732 καὶ
3447 4675 3650 4731 τούτων

2072 4780 2170 4842 τὰς
2205 4778 2337 4842 ὔλας
2373 4778 2460 4830 διὰ
2491 4777 2718 4847 μνήμης
2745 4777 2933 4847 φέρειν
2989 4775 3301 4845 πειράθητι.
3376 4773 3648 4854 ’Ἅπαντες

2073 4875 2180 4944 γὰρ
2209 4871 2393 4942 σχεδὸν
2421 4872 2479 4923 ἐν
2503 4871 2714 4932 τούτοις
2746 4868 3144 4938 προσπταίουσι
3179 4882 3196 4901 ⁸
3253 4868 3349 4921 καὶ
3391 4867 3518 4928 τοὺς
3553 4857 3648 4930 μὲν

2075 4967 2203 5035 περὶ
2225 4967 2460 5037 κρίσεως
2494 4964 2687 5034 λόγους
2733 4965 2789 5016 ὲν
2814 4965 2880 5033 τῇ
2938 4962 3172 5032 διαφορᾷ
3229 4963 3338 5014 τῶν
3388 4958 3670 5047 σωμάτων⁸

2073 5059 2170 5112 καὶ
2192 5056 2284 5111 τοῦ
2320 5059 2536 5128 κόσμου
2558 5058 2832 5126 εὑρήσεις,
2864 5056 2991 5120 τοὺς
3023 5055 3079 5108 δὲ
3106 5054 3236 5125 περὶ
3279 5053 3538 5123 προνοίας
3591 5050 3647 5100 ὲν

2073 5154 2183 5212 τοῖς
2203 5150 2427 5219 τρόποις
2448 5150 2560 5213 τοῖς
2592 5148 2698 5202 ἀπὺ
2726 5148 2925 5212 κακίας
2955 5149 3050 5201 καὶ
3100 5149 3379 5216 ἀγνωσίας
3409 5147 3500 5201 ἐπὶ
3549 5143 3644 5205 τὴν

2073 5238 2352 5318 ἁρετὴν,ᾖ
2378 5243 2470 5294 ὲπὶ
2490 5243 2586 5313 τὴν
2609 5242 2810 5311 γνῶσιν
2835 5243 2983 5311 ἡμᾶς
3009 5242 3430 5311 ἐπανάγουσιν.»
3464 5236 3645 5294 Ταῦτα

2077 5336 2178 5406 μὲν
2203 5338 2479 5406 γεύματος
2509 5337 2671 5408 χάριν
2703 5337 2766 5389 ὲκ
2796 5336 2903 5388 τῶν
2936 5334 3212 5406 Εὑαγρίου
3247 5337 3378 5406 ύμῖν
3412 5329 3645 5404 παρεθε-

2073 5432 2233 5503 μεθα.

393 5519 510 5577 fere
543 5525 597 5577 in
639 5523 726 5577 bis
757 5522 1184 5579 hallucinantur.
1243 5524 1310 5578 Et
1372 5523 1682 5578 doctrinam
1713 5525 1937 5594 quidem
1978 5526 2046 5581 de
2076 5523 2305 5595 judicio,
2366 5523 2419 5577 in
2455 5523 2719 5579 varietate
2759 5537 3076 5593 corporum,
3115 5523 3397 5595 ipsiusque
3425 5513 3639 5578 mundi;

392 5619 458 5671 σιω
506 5619 854 5690 providentia
901 5629 1117 5684 autem,
1159 5620 1216 5674 in
1267 5620 1514 5696 moribus
1569 5633 1732 5690 atque
1799 5621 2001 5689 modis,
2041 5623 2134 5690 qui
2194 5638 2296 5675 nos
2344 5637 2373 5674 a
2401 5621 2548 5673 vitiis
2588 5629 2643 5674 et
2684 5620 2988 5690 ignorantia
3025 5619 3094 5674 ad
3131 5622 3388 5676 virtutem
3421 5615 3505 5674 vel
3548 5624 3642 5667 (ιο-ί

390 5714 692 5782 gnitionem
743 5713 976 5780 ducunt,
1024 5713 1292 5772 invenies.
1330 5733 1350 5768 ι
1393 5715 1518 5771 Haec
1545 5725 1736 5788 gustus
1795 5725 2006 5771 tantum
2047 5717 2240 5787 gratia,
2269 5731 2334 5771 ex
2368 5717 2582 5787 Evagrii
2617 5717 2841 5787 scriptis
2871 5718 3245 5790 apposuimus.
