4056 6498
316 488 323 495 ς
372 406 482 474 ππ

1602 414 2022 477 NICEPHORI
2066 413 2424 478 CALLISTI

3531 405 3637 474 728

374 523 547 581 sionis
590 528 654 580 ad
681 528 987 598 Bosporum
1019 523 1448 601 adduxit,atque
1472 530 1528 583 in
1551 539 1797 599 apertam
1828 543 1958 583 eum

2084 530 2280 583 τευτῶν
2311 531 2490 583 εἰδότα
2525 529 2843 598 στρατεύειν
2873 527 3188 583 Ὀὐάλεντα
3216 525 3360 593 λέγω
3388 523 3479 576 τὸν
3520 521 3639 575 ἁλι-

375 617 605 672 tradidit
635 620 1068 691 perniciem,qui
1099 621 1365 676 adversus
1393 621 1574 676 solum
1602 620 1773 675 Deum
1792 627 1958 689 atque

374 708 525 765 illius
541 709 821 766 ministros
840 710 1041 767 bellum
1063 726 1255 783 gerere
1270 720 1501 767 noverat
1522 730 1535 767 :
1552 711 1849 767 exitiosum
1872 711 1925 764 di
1938 739 1960 749 -

377 816 444 857 co
464 801 770 859 Valentem.
792 803 847 859 Id
870 804 1150 874 quomodo
1165 804 1239 859 sit
1253 804 1483 869 factum,
1501 803 1597 858 ubi
1618 803 1770 873 prius
1786 815 1962 856 unum

376 894 496 960 eius
526 893 805 954 nefarium
823 894 1005 951 scelus
1032 910 1366 964 exposuero,
1394 893 1596 957 dicam,
1613 902 1671 948 et
1693 892 1762 947 ad
1796 893 1957 948 linem

282 1053 291 1061 .
378 984 500 1053 ejus
523 986 859 1056 progrediar.
878 988 956 1042 Ac
972 986 1042 1042 de
1063 988 1147 1041 eis
1169 987 1263 1057 qui
1273 987 1430 1057 juxta
1450 986 1697 1042 ecclesiae
1725 986 1964 1041 sanctio-

377 1091 475 1131 nes
500 1076 872 1147 philosophati
892 1088 1042 1142 sunt,
1066 1078 1185 1135 haec
1218 1093 1319 1148 pro
1345 1093 1414 1133 eo
1439 1085 1604 1148 atque
1626 1076 1804 1148 potui,
1824 1075 1960 1131 dixi.

969 1208 1204 1294 CAPUT.
1237 1230 1403 1292 XLV.

380 1323 457 1382 De
481 1329 701 1383 interitu
727 1324 1035 1382 Grmc‘orum
1058 1327 1493 1389 idololatrarum,
1511 1336 1725 1398 propter
1745 1320 1965 1398 oracula

448 1399 697 1467 quwdam
718 1398 908 1451 litteris
938 1399 1180 1452 distincte
1201 1397 1529 1467 designata,
1560 1397 1884 1467 initio‘facto
1918 1412 1963 1467 ra

452 1466 632 1522 littera
659 1470 687 1522 θ
724 1484 888 1537 usque
911 1469 979 1521 ad
1019 1469 1066 1519 δ.
1106 1467 1181 1521 De
1212 1466 1559 1529 astronomia,
1597 1476 1648 1519 et
1679 1466 1963 1537 Themistio

453 1540 760 1607 philosopho
794 1536 813 1592 ἐ
841 1548 890 1590 et
924 1540 1111 1607 quibus
1142 1540 1187 1591 is
1233 1538 1396 1591 verbis
1433 1537 1698 1591 Valentem
1731 1536 1963 1600 lenierit,

457 1610 510 1660 ut
536 1610 601 1661 de
626 1609 986 1676 persecutione
1019 1607 1264 1661 nonnihil
1300 1609 1608 1663 remitteret.

460 1788 565 1855 Qui
589 1804 723 1842 vero
747 1785 991 1843 Grrecam
1021 1783 1466 1858 superstitionem
1491 1787 1882 1858 sequebantur,
1910 1791 1963 1842 et

2065 624 2273 696 τήριον.
2328 623 2517 689 Ὅπως
2561 624 2621 678 δὲ
2673 625 2865 693 γέγονε
2896 663 2910 682 .
2969 621 3100 689 μίαν
3143 617 3312 673 αὐτοῦ
3374 615 3639 685 πρότερον

2062 714 2448 783 ἁνοσιουργίαν
2467 709 2660 774 εἷπὼν,
2678 713 2771 765 ἐπὶ
2798 710 2859 766 τὸ
2890 711 3041 771 τέλος
3100 706 3268 762 αὐτοῦ
3324 705 3636 776 βαδιοῦμαι.

2065 805 2201 875 Περὶ
2234 805 2332 875 μὲν
2359 802 2451 858 οὖν
2511 804 2804 859 τῶν-κατὰ
2855 803 2982 866 τοὺς
3029 800 3358 870 Ἐκκλησίας
3406 798 3641 875 θεσμοὺς

2065 896 2552 968 φιλοσοφησάντων
2571 897 2658 966 ἐφ’
2686 898 2812 952 ὅσον
2836 913 2928 965 μοι
2984 893 3212 949 δυνατὸν
3244 888 3479 945 τοσαῦτα
3532 888 3640 942 διέ-

2063 985 2250 1046 λαῆον.

2638 1241 2682 1294 Κ
2695 1241 2892 1295 ΕΦΑΛ.
2940 1239 3077 1294 ME’.

2065 1330 2208 1407 napi
2233 1333 2346 1407 τῆς
2383 1332 2690 1407 ῥπῳλείας
2742 1333 2859 1407 τῶν
2898 1331 3315 1407 Ἑλληνιστῶν
3376 1327 3474 1381 διὰ
3527 1327 3640 1405 gin-

2137 1403 2923 1476 qirlarrér'xtzmaclgctwr
2971 1404 3277 1476 γράμμασι
3321 1403 3628 1476 χρησλέῶζ.

2137 1474 2487 1542 ἀρχομένων
2523 1474 2643 1528 ἀπὸ
2682 1473 2790 1528 τοῦ
2834 1476 2869 1527 θ
2899 1474 3206 1540 στοιχείου

2138 1537 2246 1597 καί
2268 1537 2400 1611 ,περὶ
2429 1544 2820 1612 φίλοσρςρίας,
2850 1544 2948 1596 καὶ
2983 1537 3436 1612 Θεμιστίουήίτοῦ
3471 1539 3637 1612 φιλο-

2136 1607 2359 1682 σόφουξ
2417 1607 2524 1668 Οἷα
2579 1607 2786 1679 οὗτοδ
2822 1613 3010 1667 εἰπὼν
3056 1607 3385 1671 Ὀύἀλεντι,
3427 1607 3643 1679 μικρὸν

2135 1684 2374 1739 ἐκεῖνον
2401 1682 2772 1739 τοῦιδιώκειν
2802 1683 3092 1752 ἀνέσχεν.
3278 1715 3281 1720 ·

3240 1465 3373 1539 ἄχρι
3414 1468 3524 1539 τοῦ
3560 1465 3626 1517 δ·

2138 1799 2261 1854 Τῶν
2287 1797 2333 1852 δ’
2367 1797 2731 1868 Ἑλληνιστῶν
2791 1794 3019 1850 καὶτῶν
3041 1778 3168 1849 acor:
3209 1793 3401 1862 γένους
3453 1789 3647 1861 ἐπισή-

386 1883 482 1953 qui
517 1882 791 1936 natalibus
822 1881 1067 1952 praeclari
1096 1888 1278 1947 erant,
1308 1879 1423 1937 fere
1450 1881 1612 1937 talem
1645 1883 1715 1936 ob
1745 1895 1964 1936 causam

2084 1910 2178 1962 nou
2232 1887 2377 1963 ἦσαν
2411 1930 2428 1955 ,
2486 1889 2674 1961 σχεδὸν
2731 1887 3146 1958 διεφθάρησαν,
3197 1884 3378 1939 αἰτίαν
3432 1881 3647 1953 σχόντες

386 1980 677 2035 interiere.
722 1978 824 2045 Qui
865 1978 1010 2033 inter
1064 1991 1162 2034 eos
1212 1976 1580 2044 excellebant,
1613 1976 1761 2047 quod
1815 1985 1965 2030 tanta

391 2072 727 2127 incrementa
756 2079 956 2140 capere
991 2070 1256 2127 ecclesias
1281 2079 1580 2143 nostraset
1609 2068 1969 2125 Christianis-

388 2181 536 2219 mum
590 2164 875 2229 videreut,
922 2177 1154 2233 eamque
1184 2156 1323 2218 'rem
1377 2161 1775 2232 indignahundi
1823 2175 1969 2231 aegre

390 2258 618 2323 ferrent,
645 2257 940 2313 consilium
968 2272 1183 2327 cepere,
1217 2255 1459 2312 oraculis
1487 2264 1652 2325 atque
1691 2254 1815 2309 aliis
1843 2253 1970 2323 qui-

388 2350 621 2406 busdam
662 2349 1153 2414 incantationibus,
1180 2348 1304 2419 quis
1342 2348 1397 2403 in
1434 2348 1686 2402 Romano
1737 2345 1972 2415 imperio

376 2444 605 2498 Valenti
638 2456 998 2498 successurus
1023 2453 1206 2507 esset,
1240 2439 1631 2512 cognoscendi.
1661 2440 1728 2494 Et
1757 2436 1973 2508 tripode

389 2551 421 2589 e
440 2536 595 2591 lauro
613 2534 1080 2605 iacto,verbisque
1101 2543 1157 2589 et
1173 2532 1591 2589 evocationibus
1615 2530 1971 2602 quibusdam,

392 2639 455 2684 ut
494 2629 609 2683 ﬁeri
658 2628 713 2682 in
765 2626 967 2682 talibus
1011 2640 1131 2681 mos
1154 2633 1282 2691 est,
1330 2625 1588 2696 peractis,
1628 2621 1777 2693 quod
1826 2621 1974 2675 vole-

390 2724 527 2778 bant
555 2720 790 2777 effecere
821 2737 835 2774 :
867 2729 930 2775 ut
953 2718 1165 2774 scilicet
1191 2719 1524 2779 litterarum,
1554 2714 1826 2771 machinis
1847 2713 1974 2782 qui-

392 2814 625 2868 husdam
686 2812 917 2884 tripodis
961 2820 1018 2866 et
1067 2810 1279 2865 oraculi
1312 2822 1408 2863 eas
1450 2805 1840 2862 ordinantibus
1872 2805 1973 2874 (i),

394 2906 765 2972 collectione,
841 2904 1194 2975 imperatoris
1257 2916 1460 2957 nomen
1535 2910 1847 2969 appareret.
1906 2898 1977 2954 Et

394 3016 521 3057 cum
558 3000 776 3055 hiantes
803 2999 873 3054 ad
908 2999 1263 3054 Theodorum
1320 3004 1716 3066 respectarent,
1770 2994 1864 3064 qui
1918 2994 1974 3048 in

396 3092 671 3162 imperiali
736 3092 861 3146 aula
929 3090 1206 3160 stipendia
1264 3086 1531 3150 faciebat,
1579 3086 1975 3156 superstitione

394 3183 618 3252 quidem
683 3180 975 3244 Grzecum,
1043 3179 1293 3235 do‘ctrina
1350 3186 1534 3235 autem
1589 3188 1647 3232 et
1719 3178 1977 3244 philoso-

401 3277 531 3346 phia
592 3275 759 3345 probe
807 3259 1089 3329 eruditum
1116 3312 1132 3335 ,
1185 3270 1444 3342 quoniam
1484 3271 1792 3326 litterarum
1826 3284 1976 3323 com-

284 3360 301 3377 “
396 3369 599 3439 positio
636 3365 834 3422 ordine
879 3381 981 3437 suo
1007 3379 1179 3433 usque
1212 3364 1281 3417 ad
1313 3363 1352 3415 D
1384 3364 1702 3434 pertigerat,
1731 3361 1891 3431 203
1921 3369 1979 3415 et

398 3459 642 3512 Valentis
673 3456 729 3510 in
780 3455 1012 3525 imperio
1038 3468 1414 3510 successorem
1462 3452 1751 3519 indicarat,
1783 3444 1981 3506 oracu-

397 3551 513 3606 lum
545 3547 904 3618 philosophos
937 3547 1012 3601 ita
1048 3545 1103 3600 in
1141 3544 1392 3600 fraudem
1417 3554 1473 3598 et
1499 3545 1855 3614 imposturam
1885 3543 1985 3598 ad-

401 3642 582 3706 duxit,
614 3651 674 3696 ut
718 3639 1128 3709 quamprimum
1185 3636 1541 3693 Theodorum
1586 3640 1980 3706 imperaturum

401 3749 525 3789 esse
551 3733 933 3802 opinarentur.
979 3729 1055 3783 Ea
1108 3742 1197 3783 res
1228 3728 1322 3783 ubi
1354 3728 1423 3782 ad
1454 3727 1734 3782 Valentem
1773 3742 1856 3782 εει
1888 3726 1984 3782 de-

403 3827 534 3887 lata,
555 3822 785 3893 perinde
808 3830 973 3889 atque
1006 3823 1129 3875 vitae
1154 3820 1271 3889 ejus
1289 3819 1505 3874 insidiae
1531 3826 1753 3873 structae
1775 3814 1982 3883 essent,

404 3932 515 3970 non
550 3913 834 3968 moderate
866 3927 930 3967 ea
977 3911 1182 3976 ferens,
1216 3911 1394 3981 palam
1442 3910 1839 3980 impatientiam
1872 3926 1984 3978 prae

408 4026 469 4065 se
494 4009 636 4063 tulit.
681 4008 871 4077 Itaque
926 4006 1273 4076 indignatus,
1307 4013 1364 4060 et
1413 4003 1768 4060 Theodorum
1796 4012 1854 4058 et
1886 4001 1986 4055 tri-

406 4100 568 4171 podis
593 4100 742 4153 illius
777 4098 1016 4152 artiﬁces
1038 4096 1184 4166 cepit
1218 4114 1233 4150 :
1267 4107 1434 4166 atque
1482 4096 1583 4149 hos
1610 4094 1831 4163 quidem
1858 4107 1988 4162 sup-

408 4195 575 4264 plicio
603 4192 745 4263 ignis
776 4190 1233 4245 inhumanissime
1264 4188 1485 4255 affecit,
1505 4187 1860 4243 Theodorum
1886 4202 1989 4238 au-
2056 4178 2067 4191 “’

409 4297 520 4342 tem
539 4284 716 4355 capite
742 4282 1013 4339 multavit.
1038 4272 1232 4337 ltide‘m
1251 4296 1384 4338 vero
1404 4296 1503 4352 per
1528 4295 1749 4335 omnem
1769 4277 1988 4348 imperii

408 4381 531 4446 ejus
571 4378 835 4433 ditionem
888 4377 943 4430 in
993 4374 1352 4445 philosophos
1393 4381 1480 4430 est
1521 4373 1988 4427 animadversum.

407 4470 521 4525 Nec
558 4468 614 4523 in
638 4483 733 4523 eos
765 4476 1003 4529 tantum,
1032 4480 1222 4519 verum
1249 4465 1420 4518 .etiam
1446 4463 1502 4517 in
1532 4477 1631 4517 eos
1659 4461 1753 4530 qui
1787 4459 1989 4515 vestitu

2071 1986 2280 2042 τοιάνδε
2309 2003 2324 2017 ο
2347 1985 2399 2038 oi
2436 1986 2548 2055 γὰρ
2576 1983 2839 2056 προῦχειν
2861 1984 2921 2038 ἐν
2942 1982 3157 2045 τούτοις
3207 1977 3527 2050 νομίζοντες
3546 1976 3646 2044 τὴν

2069 2084 2167 2153 τῆς
2193 2083 2475 2153 ἡμετέρας
2495 2081 2828 2151 Ἐκκλησίας
2847 2081 2938 2134 καὶ
2960 2078 3056 2132 τοῦ
3084 2072 3520 2149 Χριστιανισμοῠ
3569 2074 3648 2134 είς

2071 2176 2228 2229 τόσον
2253 2173 2488 2245 αὔξησιν
2535 2173 2794 2244 ὁρῶντες,
2823 2171 3298 2242 δυσχεραίνοντες
3337 2162 3478 2239 ἦσαν
3504 2182 3520 2198 ο
3554 2165 3648 2217 καὶ

2073 2267 2194 2320 λίαν
2220 2267 2604 2337 ἀσχάλλοντες,
2633 2264 2829 2334 βουλὴν
2851 2263 3148 2334 ἐπραττον,
3184 2260 3328 2315 ὥστε
3374 2257 3650 2329 μαντείαις

2074 2358 2168 2411 καί
2198 2373 2342 2410 τισιν
2391 2356 2599 2418 ἄλλαις,
2635 2354 2938 2418 ἐπαοιδίαις
2976 2353 3186 2423 μαθεῖν,
3240 2351 3300 2415 ὃς
3350 2350 3459 2421 ἄρα
3516 2346 3650 2418 μετὰ

2076 2447 2353 2502 Οὐάλεντα
2379 2447 2479 2517 τῆς
2524 2446 2817 2515 Ῥωμαίων
2846 2448 3126 2516 ἡγήσοιτο.
3161 2444 3276 2500 Καὶ
3329 2441 3398 2515 δὴ
3424 2440 3651 2512 τρίποδα

2077 2542 2288 2611 ξύλινον
2332 2541 2539 2613 δάφνης
2591 2539 2962 2611 πεποιημένον
3005 2538 3538 2601 κατασκευάσαντες,
3593 2534 3652 2587 τὸ

2081 2637 2218 2706 πρὸς
2255 2634 2454 2704 βουλῆς
2486 2634 2827 2699 ἐξετέλεσαν.
2856 2634 3213 2704 Ἐπικλήοεις
3259 2631 3371 2701 γὰρ
3428 2629 3525 2683 καὶ
3568 2627 3653 2681 λό-

2077 2742 2211 2794 γους
2232 2722 2314 2788 οἷς
2346 2725 2575 2788 ἐκείνοις
2620 2724 2742 2788 ἔθος
2782 2726 2977 2789 ποιεῖν,
3004 2706 3241 2794 συλλογῇ
3301 2720 3649 2791 γραμμάτων

2078 2816 2172 2870 τοῦ
2211 2816 2467 2886 τρίποδος
2493 2816 2855 2886 μηχανήμασι
2887 2819 3031 2870 κατὰ
3061 2816 3327 2885 στοιχεῖον
3371 2811 3649 2865 συντεθει-

2082 2907 2286 2976 μένων,
2312 2905 2554 2977 τοῦνομα
2586 2907 2683 2961 τοῦ
2713 2906 2981 2977 βασιλέως
3008 2906 3297 2960 συλλαϐεῖν
3329 2902 3650 2973 ἐπειρῶντο.

2079 3000 2356 3070 Κεχηνόσι
2410 3000 2467 3054 δὲ
2519 3000 2703 3062 αὐτοῖς
2762 3001 2900 3067 πρὸς
2952 3000 3230 3070 Θεόδωρον
3253 3037 3269 3060 ,
3326 2995 3496 3068 ἄνδρα
3550 2995 3655 3048 τῶν

2080 3094 2268 3156 ἐντοῖς
2304 3092 2597 3165 βασιλείοις
2638 3093 3110 3163 στρατευομένων,
3168 3093 3408 3162 Ἕλληνα
3431 3091 3531 3161 μὲν
3559 3090 3655 3159 τὴν

2082 3186 2405 3256 θρησκείαν,
2427 3185 2588 3254 λόγου
2609 3186 2667 3239 δέ
2681 3187 2778 3239 καὶ
2791 3187 3113 3256 φιλοσοφίας
3131 3187 3396 3257 ἡμμένον,
3418 3183 3543 3237 ἐπεὶ
3558 3181 3657 3254 μέ·-
3714 3247 3737 3272 ⁹

2081 3296 2172 3350 χρι
2188 3277 2282 3331 τοῦ
2315 3277 2476 3332 δέλτα
2495 3277 2640 3332 κατὰ
2657 3277 2933 3349 συνθήκην
2958 3279 3068 3332 τῶν
3083 3277 3367 3349 στοιχείων
3406 3274 3655 3340 σύνταξις

2079 3366 2203 3442 ἧκε,
2221 3370 2318 3423 καὶ
2336 3372 2435 3440 τὴν
2457 3370 2831 3441 προσηγορίαν
2847 3369 3114 3439 ὑπέφαινε
3129 3373 3224 3423 τοῦ
3245 3369 3366 3445 μετ’
3387 3368 3659 3423 Οὐάλεντα

2081 3463 2359 3534 ἄρξοντος,
2389 3465 2467 3525 είς
2505 3464 2750 3532 φενάκην
2778 3458 2883 3533 ἦγε
2910 3463 2970 3515 τὸ
2996 3465 3245 3533 μαντεῖον
3269 3461 3399 3525 τοὺς
3425 3461 3650 3530 φιλοσό-

2084 3573 2221 3626 φους
2245 3573 2260 3588 ’
2287 3555 2383 3610 καὶ
2403 3557 2527 3608 ὅσον
2563 3554 2718 3609 οὔπω
2745 3555 3018 3623 Θεόδωρον
3063 3556 3252 3626 ἄρξειν
3279 3554 3471 3626 ᾤοντο.
3510 3551 3662 3606 Ἐπεὶ

2082 3650 2129 3703 δ’
2164 3649 2348 3722 Οὐάλῃ
2403 3649 2436 3719 ή
2494 3648 2844 3719 ἐπιχείρησις
2896 3646 3241 3718 ἐγνωρίζετο,
3282 3645 3378 3701 ἅτε
3407 3646 3474 3717 δὴ
3530 3644 3663 3714 πρὸς

2087 3740 2235 3810 ζωὴν
2268 3739 2703 3805 ἐπιϐουλευθεὶς,
2751 3739 2811 3792 οὐ
2858 3740 3097 3809 μετρίως
3127 3738 3293 3808 ἔφερε
3328 3737 3389 3790 τὸ
3434 3737 3660 3806 γενόμεο

2086 3850 2178 3886 νον
2201 3848 2215 3862 ·
2243 3834 2339 3886 καὶ
2368 3832 2531 3902 δῆλος
2560 3829 2627 3902 ἦν
2649 3834 2749 3885 οὐκ
2775 3833 3020 3895 ἀνεκτῶς
3046 3833 3207 3903 ἔχων.
3237 3830 3450 3902 Σφόδρα
3475 3830 3531 3884 δὲ
3563 3846 3659 3899 χα-

2086 3926 2346 3996 λεπήνας,
2376 3929 2467 3978 τόν
2487 3943 2547 3978 τε
2572 3925 2845 3994 Θεόδωρον
2871 3926 3109 3987 καὶτοὺς
3137 3923 3389 3993 τρίποδος
3413 3923 3661 3993 τεχνίτας

2089 4016 2324 4083 συνεῖχε.
2353 4014 2462 4066 Καὶ
2506 4015 2632 4076 τοὺς
2663 4015 2763 4084 μὲν
2803 4012 2939 4083 πυρὶ
2990 4011 3370 4083 ἀπανθρώπως
3392 4012 3616 4064 ἐκόλασε
3642 4049 3659 4073 ,

2088 4106 2364 4172 Θεόδωρον
2395 4105 2452 4158 δὲ
2479 4105 2746 4178 ἀφῃρεῖτο
2792 4106 2891 4174 τὴν
2945 4104 3217 4178 κεφαλήν.
3241 4103 3471 4172 Ἐπὶσης
3495 4103 3587 4155 καὶ
3613 4101 3663 4155 οἱ

2090 4198 2194 4252 ἀνὰ
2229 4197 2411 4249 πᾶσαν
2447 4195 2613 4249 αὑτοῦ
2657 4196 2756 4266 τὴν
2778 4196 2976 4267 αχώραν
3030 4193 3452 4264 φιλοσοφοῦντες
3482 4191 3666 4259 ἐφθεί-

2095 4305 2250 4360 ροντο
2275 4303 2291 4320 ο
2329 4289 2392 4340 οὐ
2426 4290 2587 4359 μόνον
2611 4288 2657 4340 δ’
2691 4290 2910 4352 ἐκεῖνοι,
2935 4286 3073 4340 ἀλλὰ
3104 4286 3197 4340 καὶ
3229 4285 3280 4340 οἳ
3306 4286 3495 4353 ἐσθῆτι
3524 4285 3663 4354 μόνῃ

2091 4383 2157 4449 τῇ
2185 4379 2408 4432 ἐκείνων
2440 4379 2699 4449 ἐχρῶντο.
2747 4378 2836 4450 Τῷ
2887 4379 2998 4459 δέει
3043 4379 3099 4431 δὲ
3129 4377 3225 4431 τοῦ
3263 4376 3514 4431 κινδύνου
3547 4376 3665 4428 οὐδὲ

2094 4470 2268 4532 ἄλλως
2296 4486 2379 4531 τις
2417 4469 2752 4538 ἐπιτηδεύων
2785 4465 3045 4537 κροκωτῷ
3071 4466 3273 4535 ἐχρῆτο
3320 4464 3568 4535 τρίϐωνι,
3593 4462 3668 4525 ὡς

410 4576 604 4615 eorum
633 4566 942 4614 uterentur.
974 4557 1147 4626 Cujus
1169 4555 1400 4626 periculi
1424 4563 1569 4608 metu
1600 4554 1765 4607 etiam
1792 4552 1836 4606 si
1866 4552 1981 4620 quis

2098 4562 2177 4645 διν⁸
2207 4561 2281 4631 μὴ
2314 4560 2382 4613 δι’
2422 4561 2678 4624 ὑπονοῖας
2730 4560 2965 4628 γένοιτο,
2996 4559 3096 4627 τὴν
3125 4557 3322 4626 σχολὴν
3372 4559 3499 4626 περὶ
3525 4553 3669 4607 τελε-

411 4654 503 4707 alii
553 4651 739 4706 studio
770 4658 1008 4713 vacaret,
1063 4646 1336 4702 ﬁmbriato
1361 4647 1529 4716 pallio
1577 4661 1685 4700 non
1713 4645 1990 4710 utebatur,

412 4761 483 4799 ne
516 4741 999 4812 insuspieionem,
1038 4753 1264 4809 operam
1304 4752 1431 4793 eum
1462 4751 1667 4792 navare
1697 4735 1991 4791 sacriﬁciis

413 4848 472 4893 et
506 4836 771 4897 oraculis,
798 4829 1168 4899 veniret.Ego
1202 4829 1423 4899 quidem
1436 4840 1713 4898 utrosque
1746 4828 1994 4884 stultitia:

414 4926 855 4986 condemnarim,
912 4932 1031 4977 tum
1090 4923 1479 4990 imperatorem
1534 4922 1715 4991 ipsqu
1746 4961 1760 4982 ,
1800 4920 1896 4989 qui
1926 4934 1995 4975 eo

417 5022 513 5076 irae
538 5031 594 5075 et
621 5015 1043 5073 inhumanitatis
1072 5015 1406 5085 processerit
1433 5031 1449 5069 :
1471 5025 1584 5070 tum
1602 5013 1993 5083 philosophos,

417 5118 511 5185 qui
569 5128 666 5183 per
709 5109 975 5165 audacem
1023 5108 1390 5164 temeritatem
1443 5116 1610 5177 atque
1636 5106 1992 5175 cupiditatem

416 5222 535 5262 rem
569 5203 922 5276 philosophia
958 5202 1436 5273 minimedignam
1468 5199 1706 5271 aggressi
1735 5200 1870 5254 sint.
1901 5198 1996 5252 ille

416 5301 565 5356 enim
587 5298 884 5354 stoliditate
901 5296 1117 5366 plenus,
1133 5308 1258 5350 cum
1275 5308 1331 5347 se
1346 5306 1722 5346 successorem
1742 5290 1963 5346 sublatu
1977 5319 1997 5332 —

416 5409 539 5446 rum
564 5407 684 5447 esse
719 5390 1114 5452 exsistimaret,
1147 5401 1328 5454 neque
1359 5383 1793 5452 inquirentibus,
1818 5398 1999 5452 neque

414 5488 464 5557 ei
489 5488 555 5542 de
575 5501 684 5556 quo
702 5482 984 5539 oraculum
1011 5481 1222 5536 editum
1238 5489 1356 5533 erat
1371 5479 1707 5547 parcendum
1726 5478 1880 5533 duxit
1895 5476 1995 5547 (Ξ).

492 5669 571 5737 (ii
609 5666 736 5721 Fuit
769 5666 1081 5737 litterarum
1130 5659 1266 5713 ordo
1302 5659 1443 5737 θεοδ.
1497 5656 1784 5714 Ordinavit
1815 5668 2000 5713 autem

423 5728 516 5793 eas
548 5736 820 5790 mendacii
848 5744 903 5788 et
932 5733 1098 5787 caedis
1117 5740 1310 5783 auctor
1340 5728 1592 5782 Satanas.

496 5809 579 5875 (ἓ)
615 5806 691 5858 Ac
707 5806 750 5857 si
774 5813 921 5857 certa
954 5801 1425 5875 iu‘imutahili‘aque
1458 5807 1804 5875 essent,qu:e
1833 5799 1998 5853 semel

426 5868 803 5930 cx'astrorutu
852 5888 1017 5927 cursu
1066 5870 1295 5925 collecta
1340 5868 1725 5933 censuissent,
1759 5880 2000 5926 statuere

2096 4654 2193 4716 τὰς
2219 4652 2312 4706 καὶ
2343 4653 2603 4722 μαντείας
2626 4652 2786 4722 ἔχων.
2812 4651 2956 4717 Ἐγὼ
2981 4650 3025 4704 δ’
3059 4649 3124 4704 ἄν
3157 4667 3248 4720 μοι
3272 4648 3413 4702 δοκῶ
3443 4648 3538 4701 καὶ
3563 4649 3668 4716 άμ-

2098 4747 2339 4815 φοτέρων
2395 4744 2594 4816 πολλὴν
2643 4744 3080 4811 καταγινώσκειν
3127 4743 3414 4812 εὐήθειαν*
3474 4740 3567 4793 τοῦ
3613 4756 3670 4790 τε

2097 4835 2206 4906 γὰρ
2237 4833 2500 4904 βασιλέως
2523 4837 2622 4901 τῆς
2644 4833 2735 4885 ἐπὶ
2764 4834 2919 4885 τόσον
2934 4831 3104 4899 ὀργῆς
3131 4832 3226 4882 καὶ
3251 4826 3667 4906 ἀπανθρωπίας,

2099 4928 2348 4990 καὶτοὺς
2399 4925 2723 4995 φιλοσόφους
2778 4926 2879 4992 τῆς
2931 4924 3070 4990 ἄγαν
3124 4903 3457 4991 προπετείας
3481 4937 3541 4970 τε
3578 4919 3671 4970 καὶ

2099 5019 2369 5086 ἐφέσεως,
2391 5015 2486 5069 καὶ
2510 5016 2606 5083 τῆς
2635 5017 2709 5083 μὴ
2737 5014 2878 5065 κατὰ
2901 5012 3223 5081 φιλοσοφίαν
3252 5010 3665 5080 ἐπιχειρήσεως.

2112 5110 2172 5166 Ὀ
2198 5110 2297 5179 μὲν
2329 5110 2438 5178 γὰρ
2470 5108 2724 5176 εὐηθείας
2753 5107 3038 5169 ἀνάπλεως
3060 5103 3157 5166 ὣν,
3193 5105 3510 5173 ἀναιρήσειν
3535 5099 3686 5171 ᾤετο,

2098 5195 2191 5254 ’ὃν
2228 5201 2344 5269 μετ’
2375 5199 2540 5252 αὐτὸν
2571 5196 2960 5269 βασιλεύσοντα
2988 5213 3003 5228 ⁸
3031 5197 3127 5250 καὶ
3154 5196 3280 5247 οὔτε
3305 5194 3416 5246 τῶν
3447 5190 3673 5261 ζητούν-

2101 5309 2232 5353 των,
2266 5290 2390 5345 οὔτε
2425 5293 2559 5361 περὶ
2594 5289 2655 5343 οὖ
2706 5286 3073 5356 ἐμαντεύοντο
3105 5285 3273 5354 φειδώ
3311 5300 3434 5337 τινα
3475 5282 3669 5349 ἔσχεν

2101 5385 2152 5436 οἱ
2184 5383 2228 5435 δ’
2270 5384 2343 5446 ὡς
2375 5382 2462 5435 ἐπ’
2493 5384 2677 5444 αὐτοῖς
2703 5380 2764 5433 ὃν
2790 5379 3015 5449 βασιλέα
3049 5378 3353 5446 καθαιρεῖν,
3387 5374 3478 5428 καὶ
3519 5372 3673 5432 αὖθις

2103 5475 2358 5545 ἐγείρειν,
2386 5477 2468 5537 εἰς
2491 5474 2648 5526 τόσον
2700 5472 2816 5541 δῆτ’
2851 5470 3037 5534 ἀνοίας
3070 5466 3452 5539 προήχθησαν.
3491 5463 3582 5526 Ὠς
3616 5462 3674 5516 δὲ

2102 5674 2197 5714 eos
2228 5655 2624 5718 conveniebat,
2675 5646 2993 5723 quicunque
3044 5649 3261 5706 tandem
3304 5646 3352 5702 is
3387 5640 3677 5723 esset,qcui

2103 5732 2285 5781 sidera
2319 5719 2724 5780 successionem
2755 5719 3291 5786 destiiiassent,eum
3324 5719 3676 5787 superstitem

2106 5800 2220 5852 [ore
2245 5797 2483 5866 (Sozoln.
2517 5797 2613 5850 lib.
2639 5812 2712 5859 vr,
2737 5810 2855 5864 cup.
2880 5794 2993 5863 53).
