4056 6426
404 384 512 450 729
600 350 604 354 ’

1294 381 1903 444 ECCLESIASTIC/‘E
1945 379 2343 443 HlSTORUE
2387 381 2534 441 LlB.
2578 380 2687 442 ΧῘ.

3541 364 3671 447 730‘

398 496 511 565 ἐγώ
579 514 722 559 τινος
775 497 1020 565 ἤκουσα,
1068 494 1189 548 οὐδὲ
1254 495 1363 546 τῶν
1418 494 1727 565 ὁμωνύμως
1778 493 1974 561 ἐκείνῳ

2080 494 2142 547 lli
2176 504 2362 550 autem
2393 494 2621 564 perinde
2653 503 2816 563 atque
2844 491 2897 547 in
2919 493 2999 548 eis
3016 493 3181 549 si-tnm
3204 500 3368 558 esset,
3388 504 3449 549 ut
3475 495 3651 565 impe-

397 591 632 660 ὲχὸντων
660 590 802 651 τινὸς
860 588 1073 656 Οὐάλης
1108 588 1387 655 ἐφείσατο,
1437 586 1631 649 οἵτινες
1666 576 1801 646 egw;
1826 580 1969 656 ἦσαν

397 682 678 751 ἐπίσημοι,
744 680 807 734 ἔκ
858 699 919 733 τε.
979 681 1078 748 τῆς
1137 679 1306 746 αὐτῆς
1364 679 1737 749 προσηγορίας
1790 677 1824 747 ἢ
1874 677 1970 730 καὶ

398 773 610 840 ὁμοίας,
660 771 768 824 ἀπὸ
795 772 889 824 τοῦ
921 770 1072 840 Θῆτα
1104 769 1150 821 δ’
1179 771 1330 838 ὅμως
1355 769 1454 840 τὴν
1498 769 1672 840 ἀρχὴν
1716 769 1966 839 ἐχούσης.

397 864 510 919 Καὶ
541 865 724 916 τοίνυν
757 862 1007 916 Θεόδοτοι
1036 863 1135 914 καὶ
1163 861 1522 932 Θεόγνωστοι,
1555 860 1652 914 καὶ
1693 860 1970 913 Θεοδόσιοι

398 959 492 1010 καὶ
543 955 825 1008 Θεόδουλοι
860 956 1248 1007 ἀπεκτείνοντο
1270 969 1286 985 ·
1323 954 1379 1006 ὲν
1409 949 1492 1016 οἷς
1522 953 1617 1006 καί
1642 970 1727 1015 τις
1764 952 1971 1019 ’Θεοδο-

399 1044 597 1109 σίολος,
629 1047 774 1115 ἀνὴρ
812 1046 920 1098 τῶν
964 1046 1252 1117 ἐπισήμως
1297 1048 1768 1117 στρατευομένων,
1798 1047 1972 1100 εὐπαο

396 1139 603 1210 τρίδης,
636 1139 697 1203 ἐξ
737 1140 1016 1221 Ἱσπανίας
1037 1139 1212 1194 ’ἐλκων
1257 1142 1317 1194 τὸ
1364 1142 1539 1209 γένος.
1573 1140 1767 1192 Πολλοὶ
1807 1140 1864 1193 δὲ
1894 1140 1973 1207 τῷ

399 1228 511 1284 δέει
533 1232 960 1301 κατεπτηχὸτες,
987 1232 1083 1285 καὶ
1114 1234 1216 1296 τὰς
1262 1233 1320 1298 ἐξ
1350 1232 1579 1302 ἀρχαίου
1618 1232 1865 1302 κλήσεις,
1905 1231 1972 1293 ἃς

397 1327 446 1377 οἱ
473 1325 654 1393 γονεῖς
675 1323 859 1388 αὐτοῖς
897 1325 1243 1395 ἐχαρίσαντο,
1283 1322 1648 1394 ἀπηρνοῦντο,
1678 1323 1972 1395 μετατιθὲ-

404 1416 554 1486 μενοί
584 1415 671 1468 διὰ
704 1414 766 1468 τὸ
806 1414 901 1468 τοῦ
958 1415 1153 1487 καιροῦ
1195 1415 1477 1487 δυσχερές.
1534 1416 1692 1488 Ἐμοὶ
1737 1417 1795 1469 δὲ
1835 1418 1975 1487 πρὸς

397 1509 529 1585 τοὺς.
553 1507 877 1577 φιλοσόφους
912 1507 1148 1560 τοσαῦτα
1186 1509 1378 1577 ῥητέον
1405 1525 1418 1539 ·
1462 1526 1481 1559 ι
1522 1507 1585 1561 Εἰ
1642 1509 1763 1578 μὲν,
1788 1501 1834 1561 ὧ
1881 1506 1974 1560 οῦ-

397 1615 504 1667 τοι,
562 1602 628 1672 τῇ
683 1604 792 1653 τὼν
827 1600 1043 1671 ἄστρων
1076 1602 1218 1669 φθῇ
1263 1600 1332 1652 τὰ
1382 1594 1592 1653 τοιαῦτ’
1634 1599 1970 1667 ἐλογίζεσθε,

398 1692 567 1762 ἐχρῆν
602 1690 912 1762 προσδοκᾷν
936 1690 995 1744 τὸ
1020 1692 1275 1761 ἐσόμενον
1296 1707 1308 1722 ο
1346 1691 1395 1744 εἰ
1427 1690 1484 1743 δὲ
1536 1691 1637 1759 τῆς
1679 1691 1816 1745 Θεοῦ
1849 1690 1975 1760 βου-

397 1781 495 1848 λῆς
516 1781 771 1850 ἤρτηται,
807 1781 886 1840 εἰς
921 1779 973 1831 τί
1003 1779 1064 1830 τὸ
1091 1777 1559 1847 περιεργάζεσθαι
1583 1794 1598 1839 ;
1627 1777 1703 1832 Οὐ
1727 1780 1834 1848 γὰρ
1856 1780 1975 1832 ἐστι

397 1873 707 1940 ’προγνώσει
733 1871 843 1925 τινὶ
872 1872 968 1924 καὶ
1013 1870 1219 1939 σπουδῇ
1249 1870 1566 1940 ἀνθρωπίνη
1596 1871 1658 1924 τὸ
1701 1870 1862 1938 δόξαν
1889 1872 1973 1925 εί·-

396 1965 546 2017 δέναι
580 1963 721 2033 Θεῷ.
759 1963 821 2016 Ei
851 1963 906 2015 δέ
939 1973 1041 2015 που
1099 1963 1197 2015 καὶ
1221 1961 1369 2015 τοῦτ’
1400 1962 1521 2029 ὲξδν
1551 1957 1688 2015 εἶναι
1715 1963 1970 2032 δοίημεν,

398 2055 458 2107 οὐ
484 2056 656 2127 δήπου
690 2054 872 2118 καλῶς
905 2053 1072 2124 εἶχεν,
1112 2052 1431 2125 ἀνθρώπους
1479 2070 1543 2121 γε
1580 2054 1764 2118 ὂντας,
1797 2056 1845 2107 εἰ
1878 2054 1973 2107 καὶ

398 2150 618 2204 πάντων
666 2148 829 2220 σοφίᾳ
886 2148 1266 2219 διαφέροντας,
1313 2148 1539 2217 ἄμεινόν
1570 2165 1624 2201 τι
1658 2147 1794 2201 Θεοῦ
1852 2148 1975 2216 βου-

395 2240 674 2294 λεύεσθαι.
714 2242 777 2294 El
797 2241 842 2294 δ’
877 2240 1063 2303 ἁπλῶς
1099 2237 1245 2294 οὕτω
1289 2242 1356 2310 τῇ
1385 2240 1574 2309 ὲφέσει
1604 2241 1703 2307 τῆς
1742 2242 1872 2309 περὶ
1909 2240 1972 2292 τὸ

401 2333 594 2402 μέλλον
625 2333 886 2404 εἱδήσεως
909 2324 1212 2402 ἀλογίστως
1266 2332 1356 2385 ἐπὶ
1383 2331 1474 2384 τὸν
1506 2332 1761 2401 προφανῆ
1791 2332 1973 2384 κίνδυ-

396 2442 486 2480 νον
512 2426 740 2498 ήλασθε,
768 2425 894 2488 τοὺς
924 2426 991 2478 ἐκ
1028 2424 1226 2479 πολλοῦ
1262 2424 1522 2504 τεθέντας
1560 2425 1855 2494 Ῥωμαίοις
1883 2425 1972 2479 v6—

401 2537 535 2589 μους
560 2518 930 2591 ὑπεριδόντες,
969 2519 1189 2581 πάντως
1225 2521 1322 2573 καὶ
1353 2516 1682 2587 συγγνώμης
1718 2520 1791 2579 ὡς
1835 2520 1973 2589 πορυ

400 2600 625 2684 ῥωτέρω
643 2612 879 2681 δρῶντες
910 2611 1154 2665 ἐλάϐετε.
1192 2611 1412 2680 Καίπερ
1440 2611 1680 2679 ὁπηνίκα
1727 2610 1786 2662 τὸ
1817 2610 1975 2678 ἑλλη-

395 2703 565 2769 νίζειν
594 2705 691 2759 καὶ
716 2704 870 2759 θύειν
901 2705 1181 2757 ἀκίνδυνον
1204 2699 1296 2774 ἦν,
1332 2704 1465 2765 τέως
1498 2704 1670 2756 ταυτὰ
1694 2703 1772 2772 τῷ
1802 2703 1973 2756 πάλαι

396 2797 521 2850 καθ’
543 2799 703 2867 uiua;
737 2797 1018 2867 Σωκράτει
1046 2796 1319 2867 φρονῆσαι
1353 2796 1521 2866 ἐχρῆν
1545 2811 1561 2828 ο
1604 2795 1662 2859 ὃς
1704 2796 1856 2866 παρὰ
1896 2797 1974 2848 5i-

396 2909 504 2960 κην
529 2891 590 2944 τὸ
624 2890 849 2944 κώνειον
882 2890 1096 2960 μέλλων
1132 2891 1331 2956 πίνειν,
1367 2889 1490 2954 ὲξδν
1504 2888 1810 2965 σώζεσθαι,
1833 2889 1978 2942 αἰδοῖ

399 2985 580 3052 νόμων
607 2983 729 3037 καθ’
777 2983 871 3046 οὓς
911 2986 1144 3053 ἐτράφη,
1170 2983 1373 3052 καίπερ
1406 2982 1541 3052 πρὸς
1587 2981 1768 3051 ἰσχύος
1806 2980 1886 3047 ὃν,
1916 2980 1983 3033 τδ-

398 3077 773 3148 δεσμωτήριον
801 3077 861 3130 οὐ
886 3077 1193 3147 διέδρασεν,
1234 3093 1252 3127 ι

2074 597 2315 642 ratorem
2344 590 2429 643 vel
2459 596 2902 649 exauctorarcnt.
2924 588 3008 641 vel
3028 587 3210 641 denuo
3231 588 3650 652 constituerent,

2073 678 2139 732 ad
2182 664 2389 734 tantam
2405 690 2533 734 sunt
2559 680 2892 736 dementiam
2916 679 3190 750 producti.
3218 680 3285 734 At
3308 680 3526 742 Valens.
3553 696 3653 734 ne-

2075 770 2212 824 mini
2263 785 2491 838 prorsus
2543 784 2736 825 eorum
2772 772 2867 840 qui
2919 771 3213 826 Theodoro
3266 772 3650 842 cognomines,

2074 877 2177 929 per
2210 861 2460 917 eamdem
2490 870 2586 916 aut
2614 863 3031 918 similcmctiam
3054 879 3176 933 quae
3206 878 3234 918 a
3267 846 3479 919 litteris.
3497 864 3650 918 Theo

2077 952 2300 1007 initium
2322 960 2588 1016 sumeret,
2605 953 3049 1021 appellationem,
3082 961 3139 1010 et
3162 954 3510 1024 aliquatenus
3532 962 3646 1007 tum

2076 1046 2331 1103 celebres
2357 1053 2562 1107 essent,
2594 1045 2862 1114 pepercit.
2902 1045 3110 1114 Itaque,
3136 1045 3430 1108 Theodoti,
3456 1046 3646 1100 Theo--

2077 1137 2281 1207 gnosti,
2340 1135 2679 1199 Theodosii,
2712 1144 2768 1188 et
2811 1135 3080 1191 Theoduli
3123 1136 3298 1192 necati
3358 1146 3536 1191 sunt:
3592 1137 3652 1191 in

2077 1228 2281 1298 quibus
2311 1228 2476 1283 etiam
2512 1226 2913 1282 Theodosiolus
2948 1227 3171 1296 quidam
3194 1228 3317 1290 fuit,
3334 1229 3420 1282 vir
3455 1243 3653 1299 magna

2078 1321 2285 1374 militiae
2308 1319 2505 1389 gloria,
2554 1334 2622 1374 ex
2657 1318 2953 1389 Hispania,
2986 1320 3080 1374 ubi
3127 1321 3276 1375 claro
3312 1320 3436 1376 loco
3488 1329 3655 1376 natus

2076 1412 2277 1477 fuerat,
2330 1427 2505 1482 genus
2549 1411 2796 1469 trahens.
2850 1412 3003 1467 Multi
3045 1416 3212 1466 etiam
3256 1420 3405 1467 metu
3447 1414 3652 1478 territi,

2075 1515 2264 1562 vetera
2289 1519 2387 1559 sua
2417 1505 2644 1560 nomina
2667 1520 2698 1558 a
2732 1504 3054 1574 parentibus
3096 1505 3231 1573 ipsis
3263 1504 3517 1574 imposita
3549 1505 3654 1558 ah-

2074 1607 2368 1667 negarunt.
2401 1611 2577 1666 eaque
2631 1597 2777 1659 aliis,
2815 1605 3126 1665 temporum
3164 1596 3475 1666 periculosa
3510 1595 3654 1651 ditii—

2077 1692 2283 1747 cnltate
2308 1691 2553 1754 adducti,
2590 1690 3181 1745 commntarunt.‘Mihi
3214 1704 3347 1744 vero
3379 1704 3502 1744 cum
3536 1689 3660 1759 pbi»

2079 1784 2324 1854 losuphis
2352 1783 2471 1838 istis
2500 1784 2573 1837 ita
2600 1784 2947 1853 expostulare
2980 1783 3113 1839 libet
3138 1797 3153 1836 :
3182 1802 3209 1834 ‹
3227 1781 3381 1849 Quod
3412 1782 3479 1843 si.
3499 1796 3532 1835 o
3552 1780 3658 1835 viri

2081 1875 2233 1939 boni,
2263 1890 2334 1931 ex
2360 1887 2632 1931 astrorum
2663 1890 2829 1931 cursu
2864 1876 2987 1931 talia
3021 1875 3312 1944 colligitis,
3334 1857 3659 1944 exspectare

2080 1983 2181 2022 vos
2210 1967 2357 2036 quod
2386 1968 2792 2035 l‘nturumerat,
2840 1969 3150 2036 oportebat.
3183 1967 3278 2023 Sin
3317 1982 3384 2021 ex
3425 1966 3658 2021 consilio

2081 2058 2268 2112 divino
2293 2059 2394 2114 ista
2429 2060 2693 2127 pendent,
2738 2059 2870 2127 quid
2903 2059 3222 2115 curiositate
3261 2058 3362 2113 ista
3394 2067 3456 2112 et
3506 2057 3654 2110 inani

2080 2163 2247 2218 opera
2275 2156 2453 2203 vestra
2480 2163 2636 2217 opus
2651 2149 2807 2231 erat?
2837 2148 2981 2203 Fieri
3022 2149 3169 2203 enim
3212 2161 3319 2201 non
3354 2153 3554 2217 potest,
3598 2154 3661 2198 ut

2083 2241 2507 2311 praecognitione
2532 2251 2589 2296 et
2613 2241 2803 2298 studio
2825 2242 3101 2307 humano,
3136 2241 3189 2295 id
3217 2243 3363 2310 quod
3395 2240 3508 2295 Deo
3537 2238 3658 2305 pla-

2079 2334 2251 2389 citum
2291 2342 2670 2403 statutumque
2706 2343 2827 2395 est,
2879 2333 3260 2409 investigetur.
3288 2331 3452 2403 205.
3477 2330 3657 2400 Atque

2082 2438 2143 2484 nt
2170 2428 2326 2484 vobis
2368 2427 2421 2481 id
2458 2427 2635 2483 facere
2665 2428 2887 2483 licuisse
2936 2430 3246 2492 donemus,
3294 2442 3402 2481 non
3453 2427 3653 2482 scitum

2083 2537 2216 2576 sane
2248 2522 2371 2588 iuit,
2406 2520 2659 2577 homines
2686 2536 2786 2577 vos
2809 2524 3062 2591 quamvis
3102 2522 3369 2591 sapientia
3403 2519 3662 2574 omnibus

2083 2623 2426 2685 praestantes,
2503 2616 2701 2670 melius
2741 2614 3046 2686 quidquam
3097 2614 3210 2669 Deo
3246 2614 3366 2682 ipso
3393 2620 3660 2667 statuere.

2083 2704 2139 2761 Si
2166 2719 2296 2761 vero
2332 2716 2539 2761 temere
2587 2706 2665 2760 ita
2693 2704 3009 2759 futurarum
3040 2717 3226 2758 rerum
3256 2700 3665 2772 cognoscenda-

2081 2815 2205 2855 rum
2232 2798 2554 2869 cupiditate,
2580 2813 2680 2854 vos
2728 2800 2930 2867 praeter
2967 2795 3238 2851 rationem
3263 2835 3279 2860 ,
3315 2796 3372 2849 in
3401 2804 3657 2863 apertum

2082 2889 2407 2954 discrimen,
2432 2887 3144 2959 legibus,qutejamdudum
3170 2901 3201 2943 a
3229 2885 3512 2951 Romanis,
3532 2898 3660 2939 eum
3740 2931 3748 2936 .

2081 2982 2326 3039 Graecam
2379 2982 2828 3051 superstitionem
2871 2980 3052 3050 sequi,
3096 2989 3154 3036 et
3180 2979 3288 3033 diis
3344 2977 3664 3034 sacriﬁcare

2080 3075 2315 3131 liberum
2367 3083 2510 3139 erat,
2538 3075 2905 3141 _suntslatze,
2967 3072 3366 3128 contumaciter
3422 3070 3662 3137 violatis,

396 3172 746 3241 coujccistis,
785 3172 1075 3227 admisisse
1100 3187 1232 3236 vos,
1286 3169 1436 3241 quod
1472 3171 1628 3226 venia
1677 3182 1908 3239 prorsus
1938 3171 2166 3244 dignum
2197 3185 2308 3225 non
2374 3171 2485 3236 sit,
2550 3169 2766 3246 facinus
2812 3158 3340 3241 ignorastis-Atque
3403 3164 3663 3234 equidem

397 3266 541 3321 idem
610 3283 708 3323 vos
769 3277 883 3322 tum
925 3270 1128 3324 sentire
1171 3265 1455 3337 oportuit,
1505 3264 1655 3337 quod
1708 3263 1967 3321 Socrates
2037 3274 2221 3323 vester
2268 3265 2444 3322 sensit
2501 3282 2515 3319 :
2566 3265 2661 3334 qui
2726 3265 2919 3335 iniquo
2965 3262 3176 3334 judicio
3225 3262 3660 3319 circumventus,

396 3368 615 3424 aconito
646 3445 651 3449 ‘
680 3377 842 3437 epoto
902 3367 1227 3427 moriturus.
1264 3381 1390 3421 cum
1418 3364 1709 3420 incolumis
1734 3380 1880 3429 esse,
1919 3373 1977 3422 et
2013 3380 2046 3423 e
2086 3381 2305 3424 carcere
2339 3364 2633 3438 profugere
2672 3370 2880 3436 posset,
2933 3360 3246 3419 reverentia
3301 3360 3483 3432 legum
3506 3397 3532 3427 ν
3555 3355 3662 3415 sub

377 3465 597 3531 quibus
614 3461 882 3518 educatus
908 3460 1107 3525 fuerat,
1140 3460 1191 3515 id
1228 3475 1336 3515 non
1367 3459 1518 3515 fecit.
1561 3479 1580 3513 ι

479 3558 615 3613 Ἀλλ’
656 3558 805 3620 ὅπως
860 3556 958 3626 μὲν
991 3556 1224 3618 ἕκαστος
1269 3542 1424 3624 δόξης
1483 3560 1614 3626 περὶ
1645 3556 1803 3610 ταῦτ’
1835 3556 1970 3628 ἔχει,

2149 3532 2254 3614 Sed
2305 3558 2541 3629 quisque
2589 3556 2693 3610 hac
2738 3556 2808 3611 de
2859 3570 2954 3622 re,
2987 3562 3049 3611 ut
3083 3554 3191 3611 sibi
3227 3554 3407 3610 visum
3439 3559 3549 3619 est,
3605 3559 3663 3606 et

399 3651 666 3722 φρονείτω
686 3667 745 3702 τε
769 3650 866 3703 καὶ
905 3649 1132 3717 λεγέτω.
1164 3649 1379 3719 Οὐάλης
1400 3648 1446 3702 δ’
1477 3648 1558 3703 ἔτι
1581 3650 1717 3718 πρὸς
1745 3651 1818 3720 τῇ
1842 3652 1977 3719 παρ’

411 3746 640 3816 Ὀρόντῃ
680 3744 974 3813 διατρίϐων
1014 3743 1355 3815 Ἀντιοχείᾳ,
1397 3743 1657 3814 ἐπέτριϐε
1692 3745 1821 3804 τοὺς
1864 3742 1980 3795 ἑτέο

401 3854 511 3908 ρως
536 3837 570 3908 ἢ
591 3836 665 3899 ὡς
693 3836 841 3904 αὐτῷ
872 3837 1047 3889 ἐδόκει
1078 3837 1208 3907 περὶ.
1237 3837 1298 3888 τὸ
1329 3836 1489 3890 Θεῖον
1514 3834 1862 3902 δοξάζοντας,
1883 3833 1980 3887 καὶ

401 3932 709 4001 ἁνακράτος
739 3929 1038 3999 ἐξήλαυνεν
1062 3947 1075 3960 ’
1095 3929 1201 3993 ἓως
1230 3928 1291 3982 οῦ
1317 3928 1608 3999 Θεμίστιος
1630 3930 1659 3982 ὁ
1690 3927 1979 3997 φιλόσοφος

399 4026 492 4077 τὸν
526 4024 982 4094 προσφωνητικδν
1031 4021 1183 4090 αὐτῷ
1211 4022 1478 4091 ἀναγνοὺς
1519 4021 1699 4088 λόγον,
1741 4021 1838 4074 τοῦ
1874 4037 1976 4090 χα-

401 4115 682 4168 λεπαίνειν
706 4111 851 4166 οὕτω
880 4112 1119 4182 μετρίως
1155 4112 1468 4167 ἀπέπαυσε.
1496 4112 1738 4183 Παρῄνει
1776 4112 1884 4181 γὰρ
1920 4112 1979 4163 ὲν

404 4203 552 4273 αὐτῷ
594 4201 670 4273 μὴ
708 4199 1015 4266 ξενίζεσθαι
1069 4199 1169 4268 τὴν
1192 4198 1490 4268 διαφωνίαν
1538 4200 1649 4252 τῶν
1687 4200 1983 4267 ἐκκλησια-

407 4297 607 4351 στικῶν
634 4293 941 4366 δογμάτων,
964 4292 1147 4374 πολλῷ
1175 4292 1300 4364 τῶν,
1322 4293 1457 4364 παρ’
1487 4293 1718 4363 Ἕλλησι
1751 4293 1891 4363 μείω
1915 4310 1981 4362 γε

404 4389 570 4445 οὖσαν
596 4403 611 4420 ⁶
636 4389 796 4458 παρὰ
818 4388 929 4457 γὰρ
955 4386 1184 4448 ἐκείνοις
1216 4387 1358 4457 ὑπὲρ
1382 4388 1481 4448 τὰς
1501 4388 1819 4457 τριακοσίας
1842 4381 1980 4441 εἶναι

405 4481 594 4544 δόξαις,
628 4479 926 4535 κάντεῦθεν
959 4480 1055 4533 καὶ
1095 4478 1357 4548 πλείστην
1381 4474 1524 4549 εἶναι
1556 4478 1852 4547 συμϐαίνει
1881 4478 1981 4546 τὴν

405 4575 668 4644 διαφορὰν
705 4576 764 4627 ὲν
811 4573 1008 4646 πλήθει
1059 4574 1241 4644 δόξης.
1271 4571 1430 4627 Ἐπεί
1484 4571 1568 4624 τοί
1599 4587 1663 4640 γε
1718 4571 1817 4625 καὶ
1863 4570 1982 4640 Θεῷ

405 4665 558 4732 φίλον
584 4663 771 4733 ἔλεγεν
799 4664 931 4726 ἴσως
959 4663 1020 4717 τὸ
1056 4665 1132 4733 μὴ
1160 4663 1456 4734 πρόχειρον
1483 4663 1563 4724 είς
1588 4662 1790 4730 γνῶσιν
1808 4657 1978 4715 εἶναι·

402 4757 659 4828 διάφορόν
708 4774 769 4811 τε
803 4758 971 4811 πᾶσιν
1013 4756 1300 4826 ἐγκεῖσθαι
1347 4754 1527 4821 δόξαν,
1558 4756 1710 4819 ὅπως
1765 4755 1982 4824 ἑκάστῳ

405 4850 607 4920 μᾶλλον
654 4850 774 4915 δέος
819 4850 965 4919 ἐνείη
1014 4849 1094 4917 τῷ
1143 4848 1519 4920 ἀκαταλήπτῳ
1559 4849 1678 4918 τῆς.
1703 4848 1979 4917 γνώσεως,

401 4942 737 5014 λογιζομένῳ
788 4941 1018 5012 πηλίκος
1070 4943 1139 4997 ἂν
1172 4943 1271 5013 εἴη’
1309 4944 1406 4996 καὶ⁵
1447 4936 1581 5015 οἷος,
1626 4942 1687 4997 οὗ
1739 4942 1979 5014 μετρίως

400 5031 645 5101 ἐφίκετο.
682 5033 782 5086 Ἐκ
831 5033 1017 5087 τοίνυν
1059 5032 1170 5086 τῶν
1222 5030 1484 5085 τοιούτων
1537 5030 1632 5085 τοῦ
1686 5030 1982 5101 φιλοσόφου

400 5125 577 5194 λόγων
615 5124 983 5196 μετριώτερος
1013 5125 1332 5195 γενόμενος,
1363 5123 1426 5176 οὐ
1457 5124 1602 5179 πάνυ
1634 5123 1983 5194 χαλεπαίνων

401 5219 477 5282 ὡς
505 5219 794 5289 πρότερον,
829 5218 926 5283 τὰς
959 5217 1214 5281 κολάσεις
1260 5217 1493 5287 ἐπῆγεν.
1524 5218 1600 5271 Οὐ
1654 5217 1762 5288 μὴν
1787 5235 1984 5271 παντε-

401 5311 511 5375 λῶς
562 5311 726 5381 ἔληγε
766 5311 867 5382 τῆς
899 5312 1114 5382 ὁρμῆς·
1159 5309 1276 5365 ἀλλ’
1316 5310 1439 5362 ἀντὶ
1485 5309 1720 5363 θανάτου
1763 5310 1981 5378 ὲξορίαν

405 5403 643 5456 ἐπετίθει
690 5406 802 5467 τοῖς
836 5404 1089 5474 ἱερᾶσθαι
1124 5403 1384 5475 λαχοῦσιν
1408 5419 1425 5435 ⁶
1462 5402 1628 5475 ἄχρις
1671 5401 1732 5457 οὗ
1785 5403 1983 5457 κοινῶν

406 5495 707 5565 φροντίδων
728 5494 994 5567 ἐπιφοραὶ
1015 5496 1715 5566 γενόμεναιάπησχῶησαν
1736 5495 1835 5567 τὴν
1856 5497 1984 5567 περὶ

406 5589 474 5642 τὰ
496 5589 720 5644 τοιαῦτα
746 5589 1004 5659 σπουδήν.

2066 3651 2303 3715 sentiat,
2360 3662 2417 3707 et
2473 3651 2747 3721 loquatur.
2790 3646 2996 3704 Valens
3044 3663 3178 3704 sane
3230 3646 3539 3703 Antiochia:
3593 3647 3662 3699 ad

2079 3746 2343 3801 Orontem
2392 3744 2575 3800 adhuc
2611 3742 2815 3814 degens
2840 3785 2855 3810 ,
2892 3757 2988 3798 eos
3020 3743 3113 3812 qui
3153 3742 3315 3798 aliter
3340 3756 3509 3812 quam
3557 3740 3663 3810 ipsi

2078 3839 2386 3905 videretur,
2417 3837 2485 3892 de
2517 3837 2627 3893 Deo
2647 3838 2938 3903 sentirent;
2964 3834 3314 3906 aﬂligere,et
3345 3833 3523 3888 modis
3545 3848 3665 3886 om-

2081 3929 2246 3985 nibus
2278 3929 2537 4000 persequi
2588 3938 2644 3985 et
2691 3931 2895 4000 ejicere
2947 3927 3247 3998 pergebat:
3288 3924 3466 3980 donec
3521 3920 3665 3977 The-

2082 4019 2298 4074 mistius
2331 4019 2686 4088 philosomtus
2720 4033 2841 4074 eam
2862 4033 3027 4087 quam
3059 4017 3126 4072 ad
3159 4016 3312 4071 illum
3350 4015 3658 4070 orationem

2078 4112 2401 4181 scripserat,
2440 4112 2731 4175 recitavit;
2777 4127 2886 4181 qua
2918 4119 2980 4165 ut
3021 4108 3456 4179 indignationem
3495 4116 3550 4161 et
3575 4116 3664 4161 tu-

2081 4206 2499 4259 multuationem
2530 4198 2651 4258 eam
2687 4211 3053 4272 temperaret,
3092 4201 3295 4256 eﬂ‘ecit.
3328 4198 3668 4254 Coltortatus

2080 4297 2228 4352 enim
2250 4310 2376 4350 eum
2407 4302 2513 4359 est,
2548 4310 2619 4349 ne
2648 4295 3017 4349 admiraretur
3041 4302 3300 4361 tanquam
3334 4292 3387 4345 in
3421 4305 3480 4344 re
3500 4294 3671 4367 nava,

2084 4389 2232 4459 quod
2260 4389 2443 4459 aliqua
2467 4396 2615 4443 esset
2640 4386 2695 4440 in
2728 4385 3128 4441 ecclesiasticis
3169 4382 3522 4453 dogmatibus
3552 4381 3666 4437 dis-

2079 4458 2285 4537 asttsio.
2319 4497 2336 4535 :
2379 4474 2555 4550 eaque
2600 4481 2783 4534 minor
2812 4479 2994 4548 ~longe
3017 4516 3032 4537 .
3072 4458 3234 4547 quam
3287 4476 3430 4545 apud
3460 4474 3666 4530 Graeca

2081 4573 2495 4644 superstitionis
2540 4572 2805 4627 cultores.
2834 4569 2994 4641 Apud
3024 4569 3099 4641 (Ι)
3153 4570 3275 4623 illos
3307 4568 3454 4623 enim
3501 4581 3666 4635 supra

2084 4674 2360 4722 trecentas
2387 4678 2508 4720 esse
2528 4662 2851 4734 Opiniones:
2875 4664 2931 4717 in
2960 4677 3193 4732 quarum
3227 4670 3381 4714 tanto
3408 4674 3666 4721 numero,

2081 4761 2349 4830 plurimas
2369 4758 2534 4814 etiam
2559 4736 2934 4812 dissensiones
2956 4768 3079 4810 esse
3113 4753 3415 4822 contingat.
3453 4752 3516 4806 Et
3551 4751 3667 4805 for-

2084 4861 2230 4908 tasse
2285 4860 2501 4922 gratum
2552 4849 2607 4903 id
2650 4862 2773 4904 esse
2821 4847 2931 4902 Deo
2960 4846 3139 4908 dixit,
3179 4845 3325 4914 quod
3354 4860 3463 4898 non
3510 4840 3672 4899 facile

2082 4952 2232 5000 esset
2255 4926 2325 4997 ad
2355 4941 2727 5013 cognitionem
2773 4939 2895 5010 ejus
2936 4940 3150 4998 venire,
3183 4936 3528 5007 proindcque
3572 4951 3670 4990 va-

2089 5036 2229 5090 riam
2291 5048 2485 5090 omnes
2523 5033 2591 5088 de
2623 5045 2691 5087 eo
2720 5028 3077 5100 concipet’ent
3102 5029 3424 5100 opinionem
3460 5036 3573 5083 :‘ut
3598 5040 3669 5083 eo

2089 5126 2265 5199 magis
2295 5127 2447 5181 illum
2480 5125 2716 5195 quisque
2745 5132 3023 5185 vereatur,
3055 5138 3166 5193 quo
3193 5122 3379 5176 minus
3406 5119 3675 5190 cognitio.

2089 5237 2215 5276 nem
2243 5222 2383 5291 ejus,
2414 5235 2540 5291 quas
2574 5217 3152 5293 incomprehensibilis
3183 5226 3310 5283 est,
3345 5214 3617 5286 percipiat
3650 5228 3664 5265 :

2087 5329 2274 5371 secum
2304 5315 2423 5385 ipse
2476 5314 2837 5369 considerans
2863 5350 2878 5376 ,
2906 5314 3125 5383 qualem
3152 5320 3210 5366 et
3239 5318 3507 5380 quantum
3540 5320 3667 5361 eum

2091 5423 2214 5464 esse
2262 5417 2537 5478 oporteat,
2559 5408 2717 5479 cujus
2751 5415 2970 5462 tenuem
3018 5408 3213 5461 saltem
3245 5419 3309 5459 ae
3334 5403 3667 5473 mediocrem

2092 5499 2345 5555 notitiam
2379 5501 2451 5556 sit
2475 5512 2781 5556 assecutus.
2819 5500 3168 5568 Quapropter
3206 5500 3326 5566 ejus
3354 5492 3669 5564 philosophi

2092 5591 2345 5646 oratione
2397 5589 2692 5657 adductus,
2747 5605 2873 5645 cum
2918 5604 2979 5644 se
3009 5588 3076 5643 ad
3115 5587 3547 5642 moderationem
3578 5584 3675 5637 de—

410 5680 603 5750 disset.
645 5702 755 5743 non
784 5702 963 5760 usque
1008 5688 1146 5745 adeo
1186 5697 1247 5744 ut
1278 5699 1438 5747 antea
1505 5693 1883 5754 succensebat,
1956 5704 2058 5746 nec
2098 5688 2385 5760 suppliciis
2441 5695 2498 5744 et
2545 5687 2886 5746 cruciatibus
2917 5686 3194 5743 saeviebat.
3240 5682 3427 5754 Neque
3486 5690 3677 5738 tamen

477 5825 555 5896 (Ι)
579 5824 797 5882 Sozom.
833 5830 955 5884 eod.
988 5840 1105 5898 cap.
1132 5825 1219 5880 36.

2916 5930 3001 5943 --.ιο
