4056 6418
358 389 465 457 733
1246 396 1849 461 ECCLESIASTICJE
1889 399 2287 460 HISTORi/E
2327 403 2474 463 LIB.
2522 402 2624 464 XI.
3509 398 3617 465 ’13νὶ

356 516 597 577 ριεματα
641 505 765 570 οἴει.
797 505 834 560 ὃ.
864 504 1213 560 παντάπασιν
1262 507 1567 578 ἀλλοτρίως
1622 484 1760 579 πρὸς
1804 506 1929 578 Χριο

2048 509 2211 565 ’accre
2258 510 2422 576 dixit,
2461 511 2555 580 qui
2602 510 2756 579 prius
2798 509 2962 567 iidem
3006 513 3165 584 ejus,
3199 500 3365 584 quam
3411 527 3617 584 cngno-

355 599 482 651 στὸν
514 597 649 668 εχει,
683 597 778 651 καὶ
837 597 976 668 πρὸς
1031 597 1160 660 τοὺς
1215 597 1395 669 ὀρθῶς
1452 597 1776 664 δοξάζοντας
1819 599 1929 652 τῶν

2048 599 2239 663 vissct,
2277 601 2553 669 rcjiccret.
2589 601 2744 668 Quod
2790 601 2837 657 si
2878 601 3157 665 calumnia
3200 602 3434 674 alicujus
3461 603 3615 659 dela-

353 690 679 760 ἁνθρώπων.
733 710 754 744 ι
792 691 976 744 Ταῦτα
1027 689 1084 744 δέ
1138 690 1317 758 λέγων
1349 690 1662 762 ἐπώμνυτο,
1729 691 1805 762 μὴ
1861 693 1929 746 ἂν

2048 692 2173 747 loris
2219 692 2494 749 adductus
2537 710 2603 749 ea
2642 693 2811 749 verba
2855 695 2947 751 ille
2985 695 3332 764 protulisset,
3373 695 3615 767 judicem

352 783 614 854 ὑποσχεῖν
666 781 944 850 ποτετὴν
992 781 1173 851 κάραν
1217 783 1455 853 Λουκίῳ.
1489 785 1603 839 Καὶ
1643 782 1708 854 δὴ
1736 783 1787 837 oi
1817 783 1930 837 τῶν

2048 794 2163 836 eum
2196 797 2320 838 esse
2342 783 2558 849 voluit,
2588 793 2644 838 et
2685 793 2744 838 ut
2774 799 2864 840 res
2889 799 3018 840 suas
3058 785 3313 854 audiret,
3360 786 3617 840 hortatus

365 874 654 943 Ῥωμαίων
683 874 955 944 ἡγεμόνες
987 875 1467 946 παραιτησάμενοι
1497 874 1754 940 Λούκιον,
1787 875 1930 946 πρὸς

2048 884 2141 930 est.
2174 875 2351 930 Moses
2382 883 2567 930 autem
2595 893 2608 929 :
2643 894 2661 928 ι
2700 876 2868 944 Atqui
2894 875 3056 931 (idem
3078 885 3250 943 tuam,
3282 878 3380 943 ait,
3410 873 3619 947 liquido

352 969 482 1025 τοὺς
531 966 590 1017 ἐν
639 967 786 1034 φυγῇ
838 964 1000 1030 ὄντας
1048 965 1167 1019 θεῶν
1219 967 1539 1021 ἐπισκόπων
1582 968 1679 1021 τὸν
1721 967 1931 1037 Μωσῆν

2048 968 2174 1022 satis
2206 966 2450 1022 ostendit
2477 967 2866 1037 episcoporum
2897 977 2953 1024 et
2985 970 3434 1041 presbyterorum
3465 969 3617 1024 exsi-

354 1058 620 1124 ἄγουσινο
654 1054 715 1120 ἐξ
747 1050 824 1109 ὦν
869 1054 935 1109 τὸ
988 1056 1200 1127 χρίσμα
1259 1057 1359 1128 τῆς
1391 1057 1673 1130 ίεραρχίας
1725 1057 1931 1125 λαϐὼν,

2048 1057 2197 1122 lium,
2230 1067 2287 1113 et
2309 1057 2389 1113 illi
2416 1067 2687 1130 praeterea
2717 1060 2814 1129 qui
2846 1059 2905 1114 in
2939 1060 3179 1115 metallis
3207 1060 3618 1116 acerbissimam

357 1150 487 1226 περὶ
520 1147 649 1211 τοὺς
696 1148 1048 1219 Σαρακηνοῦς
1088 1145 1220 1220 ἦλθε
1241 1164 1258 1181 ⁶
1292 1149 1392 1203 καὶ
1431 1149 1503 1204 τὰ
1540 1149 1748 1220 μεταξὺ
1789 1149 1933 1202 Ῥω-

2048 1150 2250 1222 degunt
2285 1151 2477 1206 vitam.
2514 1152 2599 1207 An
2642 1161 2699 1207 tu
2732 1167 2867 1207 vero
2910 1152 3030 1206 illas
3056 1152 3265 1207 Christi
3309 1160 3468 1206 notas
3495 1166 3621 1206 esse

2041 1253 2225 1313 putas,
2250 1258 2372 1313 qum
2396 1259 2427 1298 a
2455 1243 2678 1299 Christo
2702 1252 2757 1297 et
2780 1244 2849 1299 ab
2880 1243 3200 1299 hominibus
3227 1254 3377 1299 recte
3402 1242 3471 1299 de
3504 1244 3618 1299 Deo

2043 1333 2412 1388 sentientibus
2446 1349 2674 1404 prorsus
2703 1345 2839 1390 sunt
2866 1326 3254 1390 alienissimae?
3287 1353 3306 1386 ι
3341 1334 3524 1404 Atque
3549 1334 3621 1388 ad

2044 1425 2160 1482 haec
2186 1426 2354 1481 verba
2382 1426 2762 1496 juramentum
2793 1424 3018 1493 adjecit,
3052 1441 3333 1496 nunquam
3359 1440 3417 1480 se
3450 1424 3623 1479 Lucio

2044 1526 2215 1588 caput
2240 1516 2620 1588 subiecturum
2648 1531 2790 1573 esse.
2821 1517 2997 1583 Quam
3024 1517 3096 1573 ob
3126 1532 3349 1572 causam
3383 1516 3621 1572 Romani

2044 1609 2239 1675 duces,
2268 1609 2447 1664 Lucio
2478 1609 2714 1678 reiecto,
2750 1607 2936 1663 Mosen
2971 1608 3039 1663 ad
3078 1609 3403 1680 episcopos,
3434 1607 3531 1677 (ιυί
3565 1607 3623 1661 ἰιι

1826 1717 1861 1780 \'
2045 1701 2244 1757 exsilio
2288 1701 2559 1771 agebant,
2599 1700 2831 1757 duxere.
2875 1702 2920 1756 A
2952 1701 3154 1771 quibus
3190 1700 3297 1780 ilch
3322 1699 3622 1771 episcOpali

362 1793 623 1849 unctione
648 1803 896 1866 accepta,
923 1795 991 1851 ad
1026 1795 1363 1853 Sarracenos
1396 1797 1659 1854 transiit:
1690 1807 1749 1852 et
1818 1776 2201 1869 piaeiticatione
2246 1796 2414 1851 rebus
2489 1797 2637 1853 inter
2677 1811 2774 1852 eos
2810 1804 2867 1850 et
2931 1795 3209 1851 Romanos
3271 1776 3618 1864 compositis,

362 1888 451 1958 pie
480 1898 780 1961 sancteque
805 1891 1185 1963 episcopatum
1221 1893 1660 1961 administravit;
1685 1905 1742 1952 et
1801 1909 1927 1951 cum
1988 1908 2202 1966 paucos
2267 1892 2345 1948 ibi
2381 1891 2730 1949 Christianos
2773 1892 3095 1962 rcperissct,
3126 1897 3319 1945 omnes
3353 1903 3521 1961 prope
3550 1886 3622 1942 ad

363 1984 686 2055 religionem
746 1996 989 2042 nostram
1080 1990 1367 2059 pertraxit.
1432 1989 1607 2045 Mavia
1670 2000 1855 2047 autem
1916 1990 2175 2061 deinceps
2229 2002 2420 2061 pacem
2504 2003 2632 2046 cum
2718 1987 2983 2043 Romanis
3058 1985 3288 2055 habuit,
3336 1987 3476 2046 adeo
3559 1992 3624 2038 ut

361 1238 536 1308 μαίων
562 1239 653 1292 καὶ
684 1240 909 1293 ἐκείνων
935 1238 1346 1312 διαλυσάμενος.
1371 1241 1596 1312 θεοφιλῆ
1618 1241 1721 1312 τὴν
1746 1243 1937 1314 ίεραρ-
1974 1300 1981 1309 λ

361 1332 485 1398 χεαν
524 1330 732 1382 ἐτέλει⁶
770 1332 864 1385 καὶ
892 1331 1016 1385 λίαν
1060 1332 1287 1403 βραχεῖς
1330 1331 1532 1403 εὑρὼν,
1580 1333 1769 1402 σχεδὸν
1803 1333 1938 1387 πάν·

356 1440 459 1485 τας
517 1423 903 1493 Χριστιανίσαι
965 1424 1439 1494 παρεσκευάσατο.
1503 1425 1568 1480 Ἦ
1631 1425 1689 1479 δὲ
1742 1426 1936 1480 Μανία

361 1512 587 1582 εἰρήνην
610 1512 705 1566 τοῦ
737 1512 928 1568 λοιποῦ
956 1509 1061 1586 ἦγε
1094 1515 1413 1584 Ῥωμαίοις,
1435 1515 1512 1576 ὡς
1535 1516 1631 1570 καὶ
1653 1516 1937 1585 θυγατέρα

362 1606 533 1673 αὐτῆς
557 1604 778 1673 Βίκτορι
796 1606 875 1677 τῷ
894 1606 1241 1679 στρατηλάτῃ
1264 1611 1660 1680 κατεγγυῆσαι.
1683 1608 1938 1664 Τοσαῦτα

362 1698 456 1749 καὶ
486 1698 614 1769 περὶ
645 1698 878 1753 τούτων.

367 2079 536 2134 tiliam
580 2095 740 2138 suam
785 2082 997 2138 Victori
1040 2082 1171 2138 duci
1217 2082 1275 2138 in
1306 2083 1724 2141 matrimonium
1759 2084 2073 2141 collocarit.
2105 2082 2232 2140 Haec
2270 2084 2560 2140 hactenus.

944 2236 1195 2290 ΚΕΦΑΛ.
1225 2236 1362 2293 ΜΖό

368 2353 509 2423 Περὶ
532 2351 638 2407 τοῦ
663 2348 881 2423 τέγους
936 2349 1058 2404 τῶν
1089 2348 1492 2423 Ἰσμρηλιτῶν
1549 2350 1651 2423 καί
1690 2350 1747 2406 Ἀ

437 2417 584 2489 ἱρῶν,
647 2417 852 2490 sum
914 2417 1305 2490 Σαρακηιλῶν,
1355 2421 1542 2476 πόθεν
1587 2419 1703 2486 τὴν
1741 2417 1943 2490 ἀρχὴν

437 2496 650 2628 ἔσχον,
700 2489 799 2544 καί
828 2488 1009 2558 ὄπως-⁵
1043 2488 1151 2545 τὸν
1176 2490 1651 2560 Χριστιανισμὸν
1696 2488 1943 2559 παρεδέ-

476 2580 642 2618 arto.

476 2580 642 2618 αντο.

436 2676 513 2732 Τὸ
534 2678 590 2730 δὲ
639 2676 751 2731 τῶν
779 2674 1121 2748 Σαρακηνῶν
1148 2675 1342 2747 φῦλον,
1384 2673 1458 2730 τὰ
1491 2674 1595 2746 μὲν
1624 2674 1817 2745 πρῶτα
1842 2675 1945 2747 τὴν

373 2766 464 2821 τοῦ
496 2766 727 2838 Ἰσμαὴλ
778 2769 1154 2840 προσηγορίαν
1181 2768 1366 2835 λαϐδν,
1401 2770 1530 2832 παῖς
1566 2767 1623 2823 δέ
1655 2766 1813 2833 οὗτος
1846 2767 1941 2822 τοῦ

380 2862 659 2934 Ἀϐραὰμ,
688 2862 1029 2934 Ἰσμαηλϊται
1057 2861 1166 2917 ἀπὸ
1204 2861 1301 2916 τοῦ
1340 2863 1691 2935 προπάτορος
1722 2861 1942 2933 ὠνομάο

370 2954 528 3020 ζοντο
582 2958 697 3019 τοῖς
749 2954 1035 3027 ἀρχαίοις·
1065 2954 1490 3026 ἀποτριϐόμενοι
1520 2956 1565 3009 δ’
1605 2956 1808 3009 ἐκείνοι
1850 2956 1945 3008 τὸν

370 3048 436 3101 ἐκ
466 3045 562 3099 τοῦ
589 3046 745 3101 νόθου
782 3047 996 3118 μῶμον,
1028 3047 1125 3100 καὶ
1175 3046 1277 3117 τῆς
1308 3045 1554 3110 δουλείας
1601 3044 1694 3100 τὸν
1718 3044 1944 3127 ἔλεγχον

284 3164 293 3175 ~
370 3137 553 3208 (δούλη
583 3139 693 3210 γὰρ
742 3140 777 3208 ή
839 3139 1024 3209 μήτηρ
1074 3138 1273 3209 ἐκείνῳ
1306 3138 1536 3210 Ἅγαρ).
1591 3138 1947 3211 Σαρακηνοὺς

374 3232 517 3300 σφᾶς
541 3231 742 3296 αὐτοὺς
773 3228 977 3302 μᾶλλον
1008 3229 1319 3300 ὠνόμασαν,
1349 3231 1426 3295 ὡς
1453 3231 1563 3284 ἀπὸ
1607 3231 1824 3304 Σάρρας
1852 3231 1948 3300 δῆ-

374 3325 466 3378 θεν
490 3324 855 3395 καταγόμενοι
880 3324 981 3395 τῆς
1024 3324 1276 3394 γαμετῆς
1308 3323 1582 3394 Ἀϐραάμ.
1613 3323 1857 3378 Ἐκεῖθεν
1889 3323 1946 3377 δὲ

373 3418 474 3486 τὴν
501 3416 598 3471 τοῦ
646 3418 840 3486 γένους
878 3417 1072 3488 σειρὰν
1106 3417 1382 3483 ἐλκοντες,
1425 3417 1623 3488 ἐπίσης
1664 3415 1946 3486 Ἑϐραίοις

375 3508 452 3570 ὡς
477 3507 680 3562 ἐπίπαν
701 3507 802 3579 τὴν
826 3506 1103 3561 πολιτείαν
1130 3507 1359 3578 αὖχοῦσι
1380 3523 1395 3539 ο
1424 3508 1523 3579 τήν
1550 3526 1608 3561 τε
1641 3508 1752 3578 γὰρ
1778 3524 1947 3579 περι-

1915 2379 1940 2390 ·
2046 2353 2123 2408 De
2148 2353 2548 2410 Ismaetitarum
2576 2363 2628 2408 et
2670 2356 3035 2425 Agarenorum
3067 2354 3172 2409 sive
3223 2353 3619 2425 Saracenorum

2587 2235 2815 2293 CAPUT
2853 2237 3067 2295 XLVII.

2110 2433 2284 2496 gente,
2312 2425 2452 2479 unde
2480 2426 2693 2480 initium
2717 2423 3072 2496 sumpserint,
3103 2434 3152 2479 et
3179 2424 3440 2493 quomodo
3465 2423 3621 2480 Chri-

2116 2495 2428 2550 tiam'smum
2452 2498 2801 2566 susceperint.

2116 2680 2287 2743 Porro
2331 2677 2769 2736 Sarracenorum
2826 2694 2962 2751 gens
3011 2679 3246 2749 primum
3297 2674 3626 2748 cognomine

2046 2773 2116 2829 ab
2147 2771 2380 2828 lsmaele
2411 2781 2664 2843 accepto,
2693 2771 2791 2842 qui
2823 2771 3061 2843 Abrahae.
3100 2771 3246 2826 tilius
3271 2769 3397 2834 iuit,
3426 2769 3629 2824 lsmae-

2048 2863 2162 2920 litae
2193 2864 2263 2920 ab
2292 2864 2573 2935 antiquis,
2611 2865 2681 2921 de
2728 2864 2894 2935 primi
2927 2879 3121 2920 eorum
3158 2862 3413 2934 parentis.
3442 2861 3631 2932 appel-

2048 2957 2288 3024 latione,
2323 2957 2505 3013 vocati
2540 2966 2692 3013 sunt.
2738 2953 2806 3011 Ut
2838 2969 3024 3012 autem
3058 2955 3326 3009 maculam
3356 2950 3628 3022 illegitimi

2044 3059 2227 3118 'ortus,
2255 3057 2314 3105 et
2343 3048 2627 3107 servitutis
2657 3060 2847 3102 n0tam
2890 3049 2909 3118 (
2943 3062 3106 3101 serva
3145 3046 3292 3101 enim
3315 3038 3429 3099 'fuit
3453 3052 3629 3099 mater

2048 3141 2199 3199 illius
2223 3141 2414 3214 Agar),
2440 3156 2471 3197 a
2505 3155 2566 3197 se
2593 3140 2987 3205 amolirentur,
3020 3137 3358 3193 Sarracenos
3388 3151 3449 3192 se
3480 3136 3630 3206 ipsos

2048 3234 2428 3299 nominarunt,
2461 3222 2624 3303 207
2658 3231 2890 3303 perinde
2922 3242 3093 3301 atque
3120 3245 3152 3291 ιι
3192 3228 3354 3285 Sarra
3391 3227 3629 3283 Abrahae

2049 3327 2284 3399 conjuge
2311 3325 2540 3396 stirpem
2566 3325 2860 3380 ducerent.
2887 3323 3159 3379 Caeterum
3189 3322 3389 3378 seriem
3412 3318 3631 3392 generis

2051 3417 2183 3474 inde
2226 3418 2510 3474 trahentes
2531 3458 2548 3485 ,
2590 3416 2788 3473 eodem
2818 3431 2946 3472 cum
2979 3413 3187 3470 Iudaeis
3213 3410 3436 3468 vivendi
3476 3424 3630 3466 more

2055 3517 2307 3564 utuntur.
2334 3508 2471 3565 Nam
2500 3507 2979 3564 circumcisionem
3010 3506 3085 3561 ita
3121 3513 3181 3560 ut
3210 3504 3288 3560 illi
3317 3503 3528 3567 colunt,
3571 3508 3631 3555 et

372 3603 548 3673 τομὴν
581 3602 659 3666 ὡς
691 3603 893 3657 ἐκείνοι
915 3598 1280 3666 ἀσπάζονται,
1312 3603 1407 3655 καὶ
1432 3600 1542 3656 τῶν
1577 3599 1741 3655 ὑείων
1772 3602 1946 3669 κρεῶν

2057 3616 2089 3654 a
2131 3599 2312 3654 suillis
2351 3598 2614 3655 carnibus
2659 3597 2980 3660 abstinent,
3033 3595 3320 3665 multaque
3367 3602 3631 3664 praeterea

372 3695 706 3766 ἀπέχονται·
770 3693 868 3748 καὶ
927 3692 1101 3747 πολλὰ
1148 3691 1316 3764 ἔθιμα
1371 3693 1598 3745 ἐκείνων
1655 3691 1946 3762 φυλάττειν

2057 3692 2277 3748 illorum
2306 3690 2579 3769 rinstituta
2624 3699 2870 3746 servant.
2915 3688 3076 3756 Quod
3127 3687 3174 3742 si
3201 3702 3310 3742 non
3362 3700 3432 3741 ex
3479 3683 3631 3739 omni

376 3786 796 3853 σπουδάζουσιν.
834 3787 897 3840 Ei
919 3785 976 3840 δὲ
1011 3786 1088 3858 μὴ
1121 3785 1303 3840 διόλου
1331 3785 1528 3856 ἐπίσης
1550 3784 1947 3852 πολιτεύονται,

371 3883 408 3953 ἢ
443 3883 521 3954 τῷ
556 3881 739 3954 χρόνῳ
767 3880 973 3944 δοτέον,
1005 3880 1039 3949 ἦ
1070 3878 1175 3935 καὶ·
1202 3881 1269 3951 τῇ
1302 3879 1559 3951 ἐπιμιξίᾳ
1586 3878 1695 3932 τῶν
1716 3879 1946 3951 περικύ-

376 3975 489 4045 κλῳ
520 3974 716 4029 ἐθνῶν.
751 3973 863 4035 Καὶ
904 3972 1015 4044 γὰρ
1047 3972 1259 4043 Μωσῆς
1293 3971 1475 4043 πολλῷ
1513 3973 1692 4045 χρόνῳ
1717 3972 1949 4046 ὖττερον

373 4062 641 4133 γεγονὼς,
669 4064 792 4127 τοῖς
816 4063 874 4129 ἐξ
905 4063 1187 4131 Αἰγύπτου
1230 4060 1589 4131 διαφυγοῦσιν
1617 4061 1947 4132 ἐνομοθέτει.

373 4160 438 4211 υί
486 4157 544 4210 δὲ
580 4156 866 4228 πρόσοικοι
896 4156 1126 4218 τούτων,
1153 4150 1242 4208 οἶα
1290 4154 1710 4227 δεισιδαίμονες,
1755 4154 1856 4227 τὴν
1890 4153 1949 4222 ἐξ

386 4243 614 4322 Ἶσμαὴλ
675 4248 953 4319 πατρικὴν
1007 4248 1236 4320 ἀγωγὴν
1283 4246 1636 4319 διέφθειραν·
1700 4246 1851 4300 καίν’
1880 4248 1950 4320 ἢν

377 4345 549 4412 μόνην
579 4343 630 4395 oi
654 4342 713 4408 ἐξ
742 4339 971 4412 ἀρχαίου
1003 4338 1253 4411 Ἑϐραῖοι
1282 4337 1681 4403 ἐπολιτεύοντο,
1717 4335 1826 4407 πρὸ
1846 4337 1949 4407 τῆς

374 4438 620 4501 Μωσέως
644 4433 966 4506 νομοθεσίας
988 4432 1259 4504 ἀγράφοις
1282 4431 1613 4503 κεχρημένοι
1639 4432 1752 4495 τοῖς
1771 4430 1946 4486 ἐθεσι.

378 4531 488 4584 Καὶ
516 4530 683 4594 σέϐας
711 4529 908 4606 ἐπίσης
955 4529 1071 4589 τοῖς
1113 4524 1340 4598 ὁμόροις
1387 4524 1608 4594 ἔνεμον,
1650 4523 1949 4596 παραπλη-

376 4626 506 4686 σίως
551 4623 820 4692 τιμῶντες
864 4620 962 4674 καὶ
1012 4617 1375 4688 ὀνομάζοντες
1402 4616 1706 4686 δαίμονας⁶
1748 4614 1844 4670 καὶ
1870 4615 1951 4686 τῷ

376 4717 707 4789 θρησκεύειν
736 4716 849 4779 τοῖς
888 4712 1058 4774 πέλας
1082 4710 1282 4780 ἐπίσης
1311 4708 1501 4779 σαφῶς
1524 4707 1826 4779 ὑπέφαινον
1850 4709 1950 4778 τὴν

374 4810 486 4863 τῶν
512 4805 784 4877 πατρῴων
807 4804 988 4875 νόμων
1016 4801 1419 4873 παραποίησιν.
1448 4794 1550 4854 Οἷα
1575 4798 1632 4853 δέ
1663 4798 1834 4868 φιλεῖ,
1869 4799 1950 4871 τῷ

2052 3794 2210 3856 parte
2235 3786 2392 3856 juxta
2439 3784 2673 3859 illorum
2707 3782 2850 3838 ritus
2893 3783 3126 3845 vivunt,
3173 3786 3270 3836 aut
3304 3775 3542 3847 tempori
3573 3774 3632 3829 id

2050 3876 2439 3935 ascribendum
2459 3886 2565 3944 est,
2586 3885 2679 3932 aut
2697 3876 3057 3932 ﬁnitimorum
3077 3872 3404 3944 populorum
3420 3912 3436 3939 ,
3458 3869 3554 3941 qui
3572 3884 3634 3924 se
3704 3872 3709 3877 '

2049 3970 2134 4028 eis
2166 3960 2575 4035 'immiscuere,
2631 3967 2968 4024 confusioni.
3021 3966 3201 4022 Moses
3250 3963 3481 4030 etenim,
3535 3961 3635 4033 qui

2051 4065 2217 4137 longo
2261 4075 2384 4133 post
2430 4047 2677 4135 tempor'e
2708 4061 2955 4127 exstitit,
3000 4058 3253 4131 profugis
3297 4047 3508 4115 tantum
3560 4070 3632 4110 ex

2053 4158 2289 4231 Egypto
2317 4157 2524 4213 ludatis
2555 4155 2704 4227 leges
2731 4155 2906 4210 dedit.
2935 4153 3008 4212 At
3033 4162 3227 4224 gentes
3260 4152 3382 4207 istis
3411 4149 3627 4217 vicinar,

2052 4250 2330 4307 idolorum
2382 4247 2615 4304 addicta
2668 4245 3089 4317 superstitioni,
3155 4244 3367 4314 patrios
3429 4256 3632 4298 eorum-

2053 4358 2237 4398 mores
2294 4340 2366 4396 ab
2426 4339 2659 4396 lsmaele
2710 4347 3008 4409 acceptus,
3061 4336 3269 4407 quibus
3321 4332 3637 4404 antiquitus

2051 4434 2268 4491 Hebraei
2294 4433 2377 4489 usi
2403 4440 2687 4489 sunt-ante
2709 4430 2870 4486 Mosae
2892 4430 3075 4500 legum
3104 4424 3626 4498 promulgationem,

2052 4541 2163 4582 non
2213 4524 2423 4596 scripto
2463 4524 2612 4595 jure,
2658 4510 3021 4592 sed‘recepta
3065 4527 3281 4575 tantum
3326 4524 3631 4573 consuetu-

2051 4619 2181 4675 dine
2224 4617 2507 4681 viventes,
2557 4628 2900 4684 corrupere:
2941 4610 3312 4681 eamdemque
3340 4609 3424 4665 eis
3465 4622 3631 4679 quem

2052 4712 2186 4783 ipsae
2208 4710 2504 4776 baberent,
2528 4707 2815 4779 religionis
2836 4705 3048 4762 cultum
3073 4703 3369 4759 tradidere.
3393 4699 3632 4756 Proinde

2054 4807 2291 4871 factum,
2355 4812 2418 4859 ut
2462 4802 2560 4887 illi;
2586 4801 2800 4873 pariter
2843 4812 2971 4854 cum
2999 4796 3199 4869 vicinis
3239 4794 3488 4887 populis,
3515 4793 3632 4887 dae:

376 4900 756 4971 πολλῷ-χρόνῳ
772 4897 842 4951 τὰ
874 4897 973 4967 μὲν
999 4896 1033 4966 ἡ
1058 4894 1200 4965 λήθη
1223 4892 1566 4964 ἀπέκρυπτε,
1589 4891 1721 4946 τὰδ’
1747 4891 1946 4962 ἐπρέσ-

2054 4913 2246 4955 moues
2274 4905 2332 4953 et
2358 4878 2710 4951 nominarent
2743 4899 2801 4946 et
2839 4890 3126 4948 colerent:
3159 4895 3324 4958 atque
3355 4882 3632 4958 ejusmodi
3747 4878 3755 4895 '

376 4996 556 5046 εευεν.
588 4987 721 5045 Εἶτα
746 4989 858 5043 τῶν
883 5004 1031 5051 τινες
1084 4985 1264 5040 αὐτῶν
1285 4983 1569 5048 Ἰουδαίοις
1621 4983 1946 5053 συγγεγονό-

2048 4990 2336 5059 depravata
2378 4984 2672 5055 religione,
2707 4988 2895 5051 aperte
2926 4980 3232 5051 patriarum
3278 4976 3466 5049 legum
3511 4990 3628 5048 prae

373 5102 486 5151 τες,
512 5084 638 5139 ὅθεν
666 5082 769 5153 τὴν
804 5082 983 5153 ἀρχὴν
1013 5076 1196 5151 ἔσχον,
1232 5077 1671 5144 ἁνεδιδάσκοντο,
1708 5078 1807 5132 καὶ
1853 5078 1946 5132 ἐπὶ

2048 5098 2107 5140 se
2172 5081 2388 5137 ferrent
2450 5075 2907 5148 depravationem
2972 5082 3030 5129 et
3101 5072 3631 5143 transgressionem.

373 5179 435 5231 τὸ
485 5166 744 5246 συγγενὶς
778 5168 937 5236 αὖθις
985 5172 1282 5243 ἀνέτρεχον
1303 5210 1316 5234 ,
1370 5171 1465 5224 καὶ
1495 5170 1660 5225 πάλιν
1708 5172 1825 5233 τοῖς
1862 5169 1946 5224 Ἑ-

2049 5175 2230 5244 Atque
2274 5172 2353 5227 uti
2388 5170 2509 5226 ﬁeri
2540 5170 2715 5235 solet,
2752 5178 2970 5240 tempus
3010 5167 3234 5239 longum
3274 5165 3417 5221 ritus
3461 5179 3637 5235 quos-

375 5272 586 5341 ϐραίων
624 5268 772 5322 ἔθεσι
838 5268 937 5320 καὶ⁸
986 5268 1177 5334 νόμοις
1221 5264 1551 5334 ἐχρήσαντο.
1589 5263 1682 5331 Ἐξ
1735 5264 1946 5318 ἐκείνου

2051 5268 2181 5324 dam
2234 5264 2517 5320 oblivione
2568 5262 2937 5333 suppressit:
2997 5258 3269 5331 quosdam
3319 5266 3510 5314 autem
3565 5267 3635 5312 ut

374 5362 435 5418 δὲ
472 5361 570 5416 καὶ
618 5360 704 5413 ἐτι
731 5353 927 5428 ’σχεδὸν
953 5356 1004 5410 oi
1056 5355 1260 5411 πάντες
1288 5352 1596 5419 Ἰουδαϊκῶς
1643 5353 1833 5419 ζῶσιν.
1871 5351 1946 5408 Οὐ

2058 5360 2397 5424 colerentur,
2420 5357 2664 5427 reliquos
2690 5356 2839 5411 fecit.
2863 5354 3073 5410 Deinde
3096 5364 3230 5409 vero
3258 5366 3383 5407 cum
3408 5349 3637 5421 quidam

377 5454 522 5509 πάνυ
557 5452 617 5508 δέ
644 5452 835 5524 πόρρω
868 5449 970 5520 τῆς
1009 5447 1311 5511 ωάλεντος
1359 5447 1538 5518 ἀρχῆς
1574 5446 1670 5501 καὶ
1715 5446 1784 5502 τὰ
1816 5448 1946 5520 Χρι-

2054 5467 2125 5509 ex
2156 5453 2239 5508 eis
2273 5465 2398 5506 cum
2423 5448 2628 5505 .luilmis
2655 5447 3045 5505 commercium
3086 5444 3390 5506 baberent,
3419 5441 3489 5498 ab
3525 5443 3637 5498 illis

379 5545 616 5602 στιανῶν
652 5544 1033 5613 ἐτελέσθησαν,
1068 5541 1439 5610 μετασχόντες
1475 5541 1576 5609 τῆς
1610 5539 1758 5601 θείας
1785 5540 1946 5611 χάρι-

2062 5544 2212 5600 unde
2234 5544 2342 5598 orti
2365 5551 2572 5608 essent,
2602 5541 2877 5604 didicere,
2904 5547 2963 5594 et
2986 5554 3046 5594 se
3072 5551 3289 5591 rursum
3320 5532 3637 5604 cognationi

376 5657 491 5704 τος,
522 5638 633 5694 τῶν
665 5633 1107 5708 προσοικούντων
1134 5632 1324 5696 αὐτοῖς
1355 5631 1550 5702 ἱερέων
1574 5636 1672 5686 καὶ
1693 5632 1946 5702 ἀσκητῶν

2061 5649 2175 5690 sua:
2220 5632 2545 5706 adjunxere,
2595 5630 2951 5689 Hebraeorum
3011 5617 3269 5682 moribus
3310 5632 3370 5681 et
3416 5623 3636 5695 legibus

377 5735 462 5798 είς
511 5731 671 5786 τοῦτο
717 5730 784 5801 δὴ
822 5726 1204 5799 ποδηγούντων
1229 5765 1246 5791 ,
1305 5725 1355 5778 oi
1405 5726 1530 5789 ταῖς
1576 5726 1801 5795 ὁμόροις
1841 5725 1946 5797 τῶν

2058 5724 2243 5780 denuo
2289 5730 2528 5776 u2cntes.
2576 5721 2755 5791 Atque
2802 5734 2868 5775 ex
2919 5733 2994 5781 eo,
3034 5724 3284 5786 tempore
3319 5713 3631 5770 etiamnum

380 5824 631 5897 ἐρημιῶν
672 5822 836 5887 ὁσίως
882 5820 1325 5893 φιλοσοφοῦντες,
1351 5818 1430 5891 τῷ
1461 5819 1645 5885 καλῶς
1673 5818 1826 5890 βιοῦν
1857 5820 1946 5873 καὶ

2059 5832 2252 5873 omnes
2277 5815 2389 5870 fere
2416 5813 2646 5870 Judaico
2674 5813 2781 5869 ritu
2810 5812 3031 5867 vivunt.
3048 5808 3252 5867 Verum
3282 5824 3394 5865 non
3429 5807 3506 5867 ita
3534 5807 3635 5867 diu
