4056 6428
278 356 451 419 ’Ἷ3Ἷ’

310 463 451 521 εἶναι
488 470 668 539 πάσης
707 466 880 536 ξηρᾶς
902 482 915 497 ·
952 464 1014 516 τὸ
1043 463 1087 517 δ’
1127 465 1387 515 ἐπέκεινα
1418 463 1697 516 θάλασσαν
1718 462 1884 515 ἅπλε-
1916 476 1958 527 Α

306 576 398 613 τον
451 558 545 610 καὶ
579 556 725 626 ὕδωρ
760 553 1093 624 ἀπέραντον.
1124 551 1262 614 Βοῦς
1287 550 1346 603 δέ
1373 568 1458 614 τις
1504 551 1706 621 οἴστρῳ
1751 552 1883 603 ποτέ

305 652 604 718 πληγεῖσα,
652 649 819 701 διέθει
871 647 934 700 τὸ
972 645 1117 714 ὕδωρ
1144 644 1246 713 τῆς
1288 644 1508 714 λίμνης,
1558 646 1654 698 καὶ
1693 644 1773 705 εις
1821 644 1884 694 τὸ

306 743 482 812 πέραν
509 743 767 794 διέϐαινε.
800 739 1046 793 Κατόπιν
1073 738 1129 791 δὲ
1158 738 1418 806 βουκόλος
1448 737 1736 805 ἑπόμενος,
1759 735 1885 788 ἐπεὶ

303 836 367 888 τὸ
390 834 545 896 τέλος
576 834 670 885 τοῦ
716 832 907 894 ὕδατος
940 830 1155 893 ἐθεᾶτο,
1191 831 1301 894 τοῖς
1337 828 1636 898 ὁμοφύλοις
1669 828 1889 896 ἐσήμα“

306 945 418 981 νεν.
454 926 609 995 Ἔχει
660 924 715 976 δὲ
751 924 847 976 καὶ
899 922 1060 986 ἄλλος
1100 921 1530 991 ).ό·,ηὀς,λὲλαφον
1560 921 1783 990 μᾶλλον,
1818 921 1879 972 οὗ

309 1018 438 1087 βοῦν
477 1018 754 1083 ὑποδεῖξαι
803 1017 901 1097 τὴν
936 1017 1140 1081 στίὸον,
1173 1015 1230 1082 ἐξ
1289 1016 1558 1084 ἐπιπολῆς
1608 1014 1885 1067 καλυπτο-

313 1114 488 1180 μένην
518 1113 632 1172 τοῖς
660 1109 864 1177 ¹ὕδασιν
885 1150 900 1175 ,
933 1111 1028 1162 ἆτε
1058 1108 1122 1179 δὴ
1149 1108 1227 1178 τῷ
1261 1108 1556 1179 Θηρᾶσϐαι,
1587 1110 1685 1177 τὰς
1710 1109 1886 1177 ἄρκυς

308 1200 682 1271 διαφυγοῦσαν
711 1202 819 1253 τῶν
853 1200 1071 1254 Οὕννων
1097 1218 1113 1234 ο
1144 1200 1195 1253 οἳ
1223 1207 1524 1268 τηνικαῦτα
1547 1198 1625 1268 τῷ
1654 1198 1887 1251 κατόπιν

310 1296 525 1348 διώκειν
553 1294 729 1365 πέραν
750 1296 1056 1363 γενόμενοι,
1084 1295 1176 1346 καὶ
1209 1291 1538 1360 θεασάμενοι
1560 1290 1660 1359 τὴν
1680 1289 1885 1358 χώραν,

310 1389 436 1453 ἀέμ
475 1386 573 1455 μὲν
598 1386 952 1455 μετριωτέρῳ
979 1370 1294 1454 χρωμένην,
1327 1383 1418 1437 καὶ
1447 1382 1623 1443 ἄλλως
1650 1381 1705 1432 δὲ
1749 1380 1887 1447 πρὸς

311 1477 592 1549 γεωργίαν
647 1478 873 1548 ἡμέρως
938 1478 1215 1545 ἔχουσανο
1271 1476 1370 1529 καὶ
1430 1474 1631 1536 ἱκανῶς
1670 1473 1888 1543 θαυμα-

316 1589 547 1635 σαντες,
593 1571 718 1623 τότε
771 1572 869 1641 μὲν
907 1570 1335 1640 ἀπηλλάττοντο,
1393 1570 1489 1622 καὶ
1529 1568 1609 1638 τῷ
1645 1570 1890 1635 καθηγε-

319 1663 446 1730 μόνι
476 1662 573 1715 τοῦ
611 1662 806 1725 ἔθνους
843 1663 913 1714 τὰ
960 1661 1223 1713 οεαοὲντα
1266 1661 1634 1729 ἀπήγγελλον.
1676 1655 1889 1712 Ἐπειτ’

317 1756 537 1822 ὀλίγους
595 1754 704 1806 τῶν
764 1752 979 1807 Γότοιυν
1026 1750 1598 1822 ἐπιστρατεύσαντας,
1661 1752 1891 1803 ἀπιπει-

318 1848 524 1918 picenti.
578 1846 670 1899 τοῦ
728 1845 944 1914 χώρου·
994 1847 1054 1897 οὐ
1130 1843 1312 1914 πολλῷ
1377 1845 1425 1898 δ’
1498 1840 1730 1913 ὕστερον
1800 1845 1892 1895 καὶ
1925 1822 1967 1877 Β

318 1942 624 2011 πανστρατὶ
650 1938 922 2002 ἐπελθεῖν,
956 1939 1052 1991 καὶ
1093 1937 1339 2007 πολέμου
1377 1938 1531 2006 νόμῳ
1559 1936 1669 1988 τῶν
1708 1936 1892 1988 ἐκεῖσε

319 2035 725 2104 περιγενέσθαι,
760 2034 856 2087 καὶ
887 2035 946 2085 ἐν
982 2033 1313 2103 κατασχέσει
1349 2031 1603 2097 γενέσθαι
1634 2031 1731 2099 τῆς
1764 2030 1891 2098 γῆς.

317 2130 456 2192 Τοὺς
504 2128 547 2179 δ’
598 2127 809 2180 ἐκεῖθεν
860 2125 1309 2186 ἁπαναστὰντας,
1346 2121 1595 2191 διαϐῆναι
1655 2121 1757 2189 μὲν
1802 2112 1894 2170 τὸν

319 2224 557 2292 Ἴστρον,
586 2225 679 2274 καὶ
708 2223 765 2284 ἐς
790 2221 862 2272 τὰ
895 2217 1183 2288 Ῥωμαίων
1209 2218 1335 2286 ὅρια
1363 2214 1747 2285 περαιοῦσθαι·
1774 2210 1896 2283 εἶτα

316 2316 415 2368 καὶ
449 2318 506 2378 ἐς
541 2313 767 2382 βασιλέα
803 2313 1020 2382 πέμψαι
1060 2309 1341 2381 πρέσϐεις,
1378 2307 1709 2377 συμμάχους
1740 2305 1896 2357 ἐσαεὶ

319 2410 462 2477 σφᾶς
510 2406 842 2460 καθεστάναι
891 2404 1188 2473 Ῥωμαίοις
1238 2399 1657 2469 διομνυμένους.
1690 2397 1898 2451 Ἐδείτο

312 2503 377 2554 δὲ
416 2503 446 2570 ἡ
476 2499 746 2569 πρεσϐεία
770 2539 783 2563 ,
823 2498 1127 2567 ξυγχωρεῖν
1161 2495 1367 2560 αὐτοῖς,
1412 2495 1519 2563 ὅπη
1555 2490 1900 2561 βουλομένοις

322 2596 432 2660 εἴη,
457 2595 556 2657 τὰς
586 2594 827 2659 οἰκήσεις
861 2580 1060 2641 ποιεῖν’.
1089 2587 1368 2655 Ἕπραττε
1396 2585 1453 2637 δὲ
1477 2585 1575 2649 τὴν
1597 2581 1898 2653 πρεσδείαν

320 2686 599 2756 υὺλφίλας
645 2688 674 2738 ό
726 2684 858 2753 παρ’
888 2683 1073 2743 αὐτοῖς
1124 2676 1630 2740 ὲπίσκοπος.Ἑπεὶ
1672 2675 1730 2727 δὲ
1763 2691 1900 2743 πρε-

323 2778 485 2830 σϐεία
531 2777 676 2829 κατὰ
722 2774 952 2843 γνώμην
996 2773 1179 2834 αὐτοῖς
1231 2769 1450 2840 ἐχώρει,
1485 2766 1903 2836 προὺτρέποντο

318 2872 422 2938 τὴν
475 2868 698 2940 Θρᾴκην
747 2868 940 2919 οἰκεῖν⁹
991 2866 1089 2918 καὶ
1145 2863 1310 2933 μέχρι
1356 2858 1554 2913 πολλοῦ
1606 2858 1901 2928 εἰρηνικῶς

320 2963 462 3029 πρός
517 2973 575 3013 τε
613 2958 815 3019 αὐτοὺς
871 2958 967 3010 καὶ
999 2956 1134 3025 πρὸς
1184 2955 1333 3024 ἡμᾶς
1369 2948 1539 3023 εἶχον.
1589 2950 1722 3003 Εἶτα
1774 2948 1900 3002 καθ’

324 3053 551 3114 ἑαυτοὺς
575 3050 1079 3113 διαστασιάζοντες,
1105 3047 1224 3117 διχῆ
1249 3044 1556 3116 διῃροῦντο·
1582 3037 1658 3097 ὧν
1680 3041 1777 3095 τοῦ
1803 3041 1903 3111 μὲν

325 3145 447 3207 ἐνὸς
474 3148 766 3213 τμήματος
796 3141 1150 3212 Ἀθανὰριχος
1183 3140 1393 3209 ἠγεῖτο,
1422 3139 1730 3208 Φιρτιγένει
1758 3137 1813 3190 δὲ
1841 3136 1901 3188 τὸ
1928 3178 1974 3239 C

323 3237 457 3293 ἄλλο
513 3238 676 3308 μέρος
722 3235 1072 3305 προσέκειτο.
1107 3232 1221 3286 Καὶ
1254 3230 1320 3300 δὴ
1365 3231 1516 3301 μάχῃ
1557 3230 1691 3301 πρὸς
1738 3230 1904 3299 ἀλλή-

324 3332 455 3395 λους
520 3329 890 3401 συρραγέντες
951 3327 1203 3398 μεγάλῃ,
1262 3324 1589 3393 Φιρτιγένης
1650 3322 1904 3374 πλεῖστον

328 3423 664 3491 ἡττώμενος,
708 3419 768 3483 ἐς
813 3419 1120 3489 Ῥωμαίους
1148 3416 1378 3487 πέμψας
1425 3417 1574 3486 αὐτῷ
1601 3416 1653 3468 οἱ
1685 3415 1905 3485 βοηθεῖν

328 3516 520 3568 ἐδεῖτο.
566 3515 680 3567 Καὶ
709 3512 963 3583 βασιλεὺς
994 3512 1270 3583 ἐπέτρεπε
1307 3511 1620 3579 συμμαχεῖν
1648 3510 1775 3570 τοὺς
1821 3512 1906 3561 ἐν·

236 3637 255 3651 ο
333 3608 464 3661 Οὰδε
514 3606 856 3677 στρατιώτας
908 3605 1118 3667 αὐτοῖς.
1161 3603 1321 3658 Οὕτω
1371 3603 1430 3656 δὲ
1478 3602 1906 3672 συμμαχόμενος

325 3701 678 3771 «Ἰοιρτιγένης,
699 3700 828 3761 τοὺς
854 3700 999 3767 ἀμφὶ
1020 3697 1375 3768 Ἀθανάριχον
1400 3697 1645 3766 φυγάδας
1672 3696 1904 3761 ἐδείκνυ,

328 3796 431 3849 καὶ
463 3795 529 3863 τῇ
570 3794 723 3863 μάχῃ
775 3792 1022 3860 ἐκράτει.
1053 3791 1268 3843 Ὠσανεὶ
1308 3790 1365 3842 δέ
1408 3789 1572 3858 χάριν
1622 3788 1910 3850 ἀποδιδοὺς

328 3884 616 3948 Οὐάλεντι,
645 3885 743 3936 καὶ
766 3882 934 3935 παντὶ
957 3881 1143 3951 τρόπῳ
1173 3879 1461 3933 ἀνόθευτον
1485 3878 1545 3931 τὸ
1574 3878 1789 3945 πιστὸν,
1816 3879 1909 3931 καὶ

326 3974 394 4027 τὸ
422 3973 580 4043 φίλος
611 3972 753 4025 εἶναι
783 3972 876 4024 καὶ
905 3970 1125 4040 ἔσεσθαι
1156 3963 1416 4038 βεϐαιῶν,
1461 3971 1659 4035 ἐπίσης
1700 3968 1913 4037 βασιλεῖ

329 4066 429 4134 τῆς
461 4064 592 4135 περὶ
622 4064 683 4117 τὺ
728 4063 886 4115 Θεῖον
911 4062 1069 4132 δόξης
1115 4064 1394 4115 κοινωνεῖν
1436 4061 1615 4132 ἤθελε·
1642 4060 1737 4113 καὶ
1784 4061 1911 4121 τοὺς

333 4156 429 4209 ὑπ’
466 4155 631 4208 αὑτὸν
684 4155 998 4225 βαρϐάρους
1031 4152 1251 4206 ἔπειθεν
1279 4145 1381 4206 ὦδε
1429 4154 1673 4220 φρονεῖν.
1706 4151 1815 4203 Καί
1860 4150 1913 4218 γ’

330 4247 500 4311 εὐθὺς
522 4248 761 4317 ἔπραττε
779 4246 839 4300 τὸ
861 4248 997 4318 πρὸς
1022 4247 1240 4317 βουλῆς,
1265 4246 1362 4298 καὶ⁵
1384 4251 1463 4308 εὶς
1488 4243 1772 4315 Χριστιανι
1784 4245 1914 4314 σμὶν

334 4341 438 4393 σὺν
467 4341 578 4400 τοῖς
610 4339 742 4408 περὶ
776 4338 939 4393 αὐτὸν
971 4337 1349 4406 στρατεύμασι
1392 4334 1776 4404 μετεϐάλλετο.
1808 4328 1917 4387 Καὶ

331 4424 484 4481 τοῦτ’
510 4426 667 4496 οἶμαι
704 4430 881 4482 αῐτιον
929 4429 1186 4497 γενέσθαι
1231 4429 1333 4498 τὴν
1361 4427 1574 4497 Ἀρείου
1623 4426 1810 4479 πίστιν
1854 4428 1914 4478 τὸ

1216 352 1815 414 ECCLESIASTICIE
1850 354 2242 416 IiISTORi/E
2278 356 2424 416 LiB.
2469 356 2575 415 XI.

3461 352 3567 416 738

1991 465 2135 519 riora
2162 466 2277 519 loca
2307 466 2589 520 immensis
2612 465 2783 521 maris
2809 466 2973 522 undis
2995 465 3172 521 teneri
3189 466 3445 522 crederet
3464 469 3565 537 (1).

1988 557 2125 609 Cum
2167 568 2351 611 autem
2399 557 2499 610 bos
2548 556 2846 625 aliquando
2881 558 2951 612 ab
2983 568 3151 612 (nstro
3197 559 3341 612 ictus
3386 559 3565 611 lacum

1988 647 2329 716 trajecisset,
2384 657 2439 703 et
2490 650 2546 702 in
2600 650 2920 705 ulteriorem
2969 650 3143 718 ripam
3195 650 3567 717 pervenisset,

1984 754 2223 806 cumque
2274 749 2462 808 pastor
2501 739 2801 808 insequens
2849 756 3115 809 aquarum
3132 740 3449 794 Acrminuni
3484 744 3566 793 vi-

1987 833 2196 898 disset,
2236 847 2352 887 rem
2386 848 2508 886 eam
2554 834 2916 903 popularibus
2950 835 3067 889 suis
3112 833 3398 889 indicavit.
3443 833 3560 886 Alia

1986 942 2210 997 quoque
2240 928 2383 980 fama
2420 927 2548 991 fert,
2582 942 2690 981 non
2722 929 2943 990 bovem,
2974 928 3069 982 sed
3102 942 3324 982 cervum
3355 926 3563 996 potius,

1986 1018 2252 1073 vadosum
2299 1018 2449 1073 hunc
2493 1019 2807 1093 tramitem,
2862 1019 3093 1074 summis
3136 1020 3295 1089 aquis
3338 1026 3566 1081 tectum,

1990 1113 2295 1176 indicasse,
2348 1128 2475 1167 cum
2516 1114 2653 1167 retia
2700 1114 3019 1168 venantium
3067 1113 3394 1168 Hunnorum
3427 1114 3568 1168 eﬂ'u-

1989 1206 2160 1275 gisset
2184 1221 2207 1258 ι
2240 1205 2335 1273 qui
2369 1213 2485 1257 tum
2521 1202 2696 1258 feram
2729 1214 3157 1273 persequentes,
3199 1206 3341 1260 ultra
3382 1207 3561 1260 lacum

1987 1313 2309 1369 pervenere,
2343 1298 2734 1368 regionemque
2763 1312 2885 1354 eam
2922 1298 3232 1367 inspexere,
3261 1300 3467 1367 inqua
3514 1309 3566 1354 et

1989 1391 2190 1450 coelum
2215 1398 2362 1447 esset
2385 1397 2780 1460 temperatum,
2813 1398 2871 1444 et
2900 1396 3042 1443 terra
3073 1389 3139 1442 ad
3168 1388 3565 1458 agriculturam

1990 1484 2205 1539 facilis:
2251 1498 2485 1552 eamque
2526 1481 2817 1546 admirati,
2851 1495 2968 1537 tum
3019 1481 3243 1552 quidem
3279 1480 3358 1535 ad
3410 1480 3571 1535 sedes

1991 1589 2122 1629 suas
2156 1573 2395 1635 rediere,
2418 1584 2474 1627 et
2502 1573 2628 1628 duci
2658 1587 2763 1628 suo
2791 1588 2856 1627 ea
2888 1588 3008 1642 qua-
3044 1573 3335 1638 vidissent,
3367 1587 3575 1626 renun-

1996 1668 2225 1720 tiavere.
2252 1665 2416 1735 209
2438 1665 2634 1720 Postea
2660 1679 2790 1719 vero
2814 1679 2942 1720 cum
2970 1665 3158 1733 paucis
3186 1664 3329 1720 bello
3352 1663 3575 1719 Gotthis

1996 1760 2168 1824 illato,
2208 1759 2446 1828 amplius
2478 1758 2760 1828 regionem
2791 1772 2911 1812 eam
2943 1757 3305 1826 exploraruut
3330 1773 3344 1809 :
3369 1755 3573 1811 deinde

1995 1850 2162 1905 etiam
2194 1850 2346 1904 breri
2379 1864 2505 1904 cum
2538 1847 2814 1904 universis
2845 1849 3020 1918 copiis
3046 1863 3111 1903 eo
3145 1846 3490 1919 transgressi,
3519 1856 3577 1901 et

1996 1943 2143 1998 bello
2168 1943 2293 1997 illos
2321 1943 2526 2005 vicere,
2551 1952 2606 1995 et
2638 1952 2842 1996 terram
2873 1954 3238 2010 occupavere.
3264 1940 3343 1993 illi
3387 1950 3571 1994 autem

1996 2036 2225 2091 sedibus
2272 2034 2389 2089 suis
2436 2033 2602 2104 pulsi,
2636 2029 2772 2088 Istro
2808 2033 3134 2087 transmisso
3161 2070 3177 2094 ,
3220 2032 3286 2086 ad
3336 2033 3571 2087 Romani

2000 2129 2221 2199 imperii
2270 2127 2538 2183 terminos
2578 2128 2923 2181 consedere:
2964 2136 3022 2180 et
3065 2127 3132 2180 ad
3183 2125 3573 2195 imperatorem

1998 2231 2278 2286 oratores,
2305 2220 2402 2289 qui
2434 2236 2492 2274 se
2525 2219 2859 2274 bellisoeios
2896 2231 3162 2289 perpetuo
3201 2220 3572 2273 Romanorum

1996 2318 2115 2370 fore
2138 2355 2152 2378 ,
2181 2313 2549 2386 jurejurando
2579 2315 3008 2376 conﬁrmarent,
3046 2313 3266 2367 misere.
3309 2311 3581 2366 Petebant

2000 2419 2184 2463 autem
2211 2408 2331 2473 illi,
2361 2415 2421 2461 ut
2449 2408 2533 2461 eis
2563 2421 2677 2475 quo
2709 2405 2889 2460 visum
2919 2413 3066 2460 esset
3098 2405 3249 2466 loco,
3285 2403 3566 2457 domicilia

2002 2499 2209 2556 habere
2266 2500 2710 2568 permitteretur.
2773 2497 3089 2568 Legationis
3145 2497 3261 2567 ejus
3320 2497 3578 2564 princeps

2000 2593 2106 2648 fuit
2160 2590 2447 2663 Ulpbilas,
2501 2607 2693 2647 eorum
2755 2593 2851 2660 qui
2911 2590 3054 2644 inter
3104 2590 3226 2644 illos
3276 2589 3577 2663 Christiani

2001 2691 2192 2746 erant,
2220 2682 2534 2750 cpiscopus.
2568 2681 2649 2736 Re
2683 2695 2749 2734 ex
2780 2681 3055 2734 sententia
3081 2694 3273 2732 eorum
3307 2660 3582 2738 confeeia,

2006 2774 2304 2829 Thraciam
2350 2774 2533 2829 colere
2571 2772 2708 2845 jussi
2757 2782 2907 2827 sunt.
2952 2766 3020 2826 Et
3062 2766 3378 2841 aliquandiu
3422 2771 3585 2825 simul

2003 2879 2060 2922 et
2091 2867 2238 2921 inter
2259 2880 2318 2919 se
2349 2865 2525 2933 ipsos,
2552 2871 2609 2917 ct
2629 2878 2756 2932 erga
2783 2861 3063 2917 Romanos
3094 2861 3265 2930 quieti
3297 2861 3587 2930 pacatique

2005 2959 2186 3012 fuere.
2225 2955 2437 3011 Deinde
2477 2969 2614 3008 vero
2650 2946 2763 3023 peri
2790 2935 3119 3008 seditionem
3156 2952 3300 3007 inter
3334 2968 3391 3008 se
3426 2954 3591 3007 dissi-

2005 3051 2225 3115 dentes,
2259 3049 2313 3102 in
2345 3047 2482 3103 duas
2511 3046 2815 3102 discessere
2849 3044 3117 3100 factiones
3146 3061 3158 3098 :
3188 3061 3423 3113 quarum
3453 3046 3591 3100 alte-

2010 3142 2125 3195 rius
2151 3138 2560 3194 Athanarichus
2606 3136 2687 3206 (2)
2727 3136 2837 3191 dux
2875 3135 2998 3202 fuit,
3035 3136 3209 3190 altera
3245 3134 3589 3206 Frid:gernis

2008 3233 2251 3303 auspicia
2295 3241 2485 3287 secuta
2515 3238 2621 3285 est.
2670 3227 2737 3283 Et
2782 3244 2963 3300 pugna
3009 3229 3152 3282 inter
3194 3244 3253 3284 se
3298 3227 3589 3283 commissa

2008 3326 2161 3391 acri,
2217 3323 2571 3394 Fridigerues
2626 3321 2845 3387 victus,
2904 3321 3205 3376 auxiliares
3251 3339 3278 3374 a
3329 3322 3594 3375 Romanis

2009 3419 2199 3489 copias
2245 3434 2345 3489 per
2386 3417 2719 3486 legationem
2762 3415 2942 3485 petiit.
2991 3416 3294 3484 Imperator
3326 3415 3591 3469 auxilium

2009 3511 2060 3565 ei
2094 3511 2259 3571 ferre.
2291 3526 2414 3579 qua:
2448 3518 2562 3563 tum
2596 3508 2672 3562 ibi
2715 3518 2912 3572 erant,
2946 3500 3136 3577 copias
3161 3508 3348 3578 jussit.
3382 3506 3596 3573 Quibus

2011 3602 2190 3657 lretus
2222 3601 2576 3672 Fridigernes
2597 3641 2612 3665 ,
2645 3602 2838 3670 prazlio
2871 3615 3067 3655 rursus
3099 3616 3225 3654 cum
3262 3599 3596 3653 adversariis

2010 3693 2369 3749 A‘tltanaricbi
2403 3692 2572 3748 sociis
2607 3693 2928 3758 contendit,
2966 3706 3173 3761 eosque
3206 3691 3391 3759 victor,
3412 3689 3598 3760 proﬂi-

2012 3785 2181 3856 gavit.
2233 3783 2304 3840 Ut
2350 3795 2534 3839 autem
2583 3784 2631 3839 is
2672 3785 2906 3855 gratiam
2960 3783 3173 3838 Valenti
3227 3784 3494 3847 referret,
3539 3790 3597 3835 et

2014 3864 2245 3948 pignore
2298 3876 2523 3947 aliquo,
2580 3892 2639 3930 se
2693 3876 2775 3931 illi
2838 3876 3019 3932 modis
3066 3875 3330 3930 omnibus
3378 3876 3594 3929 sincere

2015 3967 2185 4021 ﬁdum
2230 3979 2287 4024 et
2316 3974 2555 4023 amicum
2599 3968 2719 4022 [ore
2760 3968 3140 4031 confirmaret,
3181 3966 3432 4022 eamdem
3466 3981 3593 4031 etim

2014 4062 2351 4132 imperatore
2383 4061 2452 4116 de
2486 4062 2596 4115 Deo
2627 4061 2948 4131 opinionem
2987 4059 3299 4129 suscipere,
3332 4070 3495 4128 atque
3541 4058 3595 4113 in

2015 4155 2270 4208 eamdem
2311 4151 2680 4217 sententiam,
2724 4152 2821 4222 qui
2868 4152 2971 4206 sub
3013 4167 3079 4206 eo
3108 4160 3294 4206 essent
3327 4151 3600 4205 Barbaros

2017 4244 2297 4299 adducere
2338 4244 2553 4300 statuit.
2587 4242 2645 4296 Id
2692 4243 2842 4313 quod
2890 4244 3116 4309 statim,
3161 4242 3325 4297 sicuti
3357 4244 3598 4309 volebat,

2018 4337 2283 4394 confecit.
2316 4335 2451 4391 Nam
2482 4351 2613 4393 eum
2640 4336 2889 4390 exercitu
2918 4351 3019 4389 suo
3054 4335 3312 4389 universo
3345 4335 3411 4389 ad
3442 4335 3602 4390 Cbri-
3624 4310 3636 4325 ’

2020 4429 2370 4485 ειίιιιιίεῐηυιιι
2429 4427 2651 4482 transit.
2696 4427 2877 4497 Atque
2927 4425 3071 4481 banc
3126 4428 3324 4497 opinor
3375 4416 3599 4481 causam

338 4519 563 4590 σύμπαν
595 4520 748 4584 ἔθνος
779 4521 1152 4585 ἀσπάσασθαι,
1191 4518 1252 4571 τὸ
1300 4516 1475 4573 ταῦτα
1525 4522 1585 4571 τὸ
1622 4518 1683 4581 ἐξ
1733 4518 1905 4588 ἀρχῆς

2018 4522 2224 4588 fuisse,
2270 4535 2372 4575 cur
2410 4534 2547 4590 gens
2586 4534 2649 4574 ea
2695 4519 2877 4575 omnis
2916 4518 3034 4572 Arii
3069 4518 3231 4573 ﬁdem
3269 4520 3340 4574 sit
3370 4532 3558 4578 secuta

339 4615 680 4688 πρεσϐεῦσαι
714 4613 998 4666 Οὐάλεντι.
1025 4612 1099 4665 υὺ
1133 4608 1291 4663 τοῦτο
1329 4610 1386 4661 δέ
1428 4611 1614 4678 μόνον,
1655 4609 1790 4662 αλλὰ
1820 4608 1918 4662 καὶ

341 4708 613 4777 Οὐλφίλας
644 4706 673 4758 ὁ
710 4703 845 4773 παρ’
877 4702 1062 4763 αὐτοῖς
1105 4699 1404 4770 ῖερωμένο;
1446 4700 1514 4752 τὰ
1582 4701 1683 4767 μὲν
1723 4699 1917 4770 πρῶτα

339 4801 406 4868 τῇ
443 4796 676 4850 καθόλου
708 4791 1008 4862 Ἐκκλησία
1055 4790 1336 4843 κοινωνῶν
1380 4785 1471 4857 ἦν,
1509 4790 1679 4859 μῖδδέν
1713 4806 1765 4841 τι
1798 4791 1920 4843 δια-

337 4884 664 4954 φερόμενος
698 4886 809 4944 τοῖς
841 4881 897 4932 δέ
921 4883 1051 4949 περὶ
1082 4879 1336 4942 Εὐδόξιον
1367 4881 1464 4932 καὶ
1492 4879 1752 4933 Ἀκάκιον
1782 4897 1915 4948 συγ-

336 4976 657 5045 γενόμενος,
705 4976 798 5028 καὶ
850 4973 1275 5043 ἀπερισκέπτως
1318 4972 1417 5037 τῆς
1458 4975 1515 5027 ἐν
1567 4974 1919 5027 Κωνσταντι-

338 5066 594 5119 νουπόλει
658 5066 879 5120 συνόδου
938 5064 1478 5121 ἐπὶ,Κωνσταντίου
1537 5065 1915 5135 μετεσχηκὼς,

337 5158 578 5227 διέμεινε
630 5155 904 5211 κοινωνῶν
937 5158 1050 5218 τοῖς
1106 5154 1346 5224 ἱερεῦσιν
1377 5155 1426 5207 οἳ
1470 5155 1570 5224 τῆς
1619 5157 1677 5208 ἐν
1713 5156 1921 5225 Νικαίᾳ

341 5250 712 5318 ὐπερῐσταντο
749 5248 1007 5312 πίστεως*
1031 5248 1223 5302 ἔπειτα
1252 5249 1310 5300 ἐν
1344 5250 1919 5303 Κωνσταντινονπόλει

338 5343 639 5412 γενομένῳ,
690 5344 797 5396 τῶν
852 5342 962 5395 ἀπὸ
998 5343 1094 5412 τῆς
1130 5341 1414 5413 ’Λρειανῆς
1469 5344 1737 5413 αἱρέσεως
1790 5346 1920 5414 περὶ

416 5536 493 5604 (ι)
515 5532 731 5605 Sozam.
761 5538 857 5591 lib.
884 5552 958 5600 γι,
993 5552 1110 5605 cap.
1149 5538 1236 5591 57.

413 5609 492 5672 (‘2)
516 5603 647 5658 Nam
676 5603 1120 5667 Athanarichus.
1163 5609 1279 5661 sive
1308 5607 1615 5667 Alaricbus,
1661 5622 1754 5660 rex
1784 5604 1918 5660 Got-

344 5676 590 5737 tborum,
654 5678 1001 5731 Christianos
1052 5682 1103 5730 in
1136 5692 1317 5746 agente
1378 5693 1475 5731 sua
1531 5677 1916 5746 crudelissime

340 5757 668 5814 persecutus
708 5747 901 5805 fuerat,
926 5758 979 5801 ct
1017 5745 1241 5800 sedibus
1271 5748 1383 5801 suis
1417 5749 1467 5799 in
1504 5748 1804 5800 Romanam
1834 5745 1914 5800 di-

345 5818 549 5868 tionem
580 5822 879 5886 expeteret.
935 5819 1131 5872 l'.ulus
1178 5820 1471 5886 Diaconus,
1497 5818 1651 5873 Oros.
1688 5817 1914 5873 Factum

2022 4614 2271 4670 eamdem
2312 4611 2381 4666 ab
2428 4611 2618 4677 initio,
2649 4625 2811 4680 quam
2847 4608 3077 4674 Valens,
3125 4611 3444 4679 opinionem
3478 4598 3605 4679 pro-

2026 4705 2191 4760 fessa.
2226 4703 2347 4759 Non
2385 4702 2527 4756 banc
2560 4716 2693 4755 vero
2723 4700 2927 4766 solam;
2970 4701 3064 4754 sed
3102 4699 3353 4769 Ulpbilas
3383 4717 3602 4776 quoque

2027 4792 2283 4858 accessit,
2318 4791 2411 4861 qui
2450 4792 2595 4860 apud
2626 4805 2723 4844 eos
2762 4790 3141 4859 episcopatum
3172 4793 3360 4861 gessit.
3394 4792 3527 4846 Nam
3560 4810 3605 4848 IS

2028 4887 2267 4956 primum
2308 4900 2432 4939 cum
2479 4883 2719 4936 Ecclesia
2749 4882 3043 4948 catholica,
3077 4884 3213 4935 nibil
3243 4883 3310 4936 ab
3342 4900 3405 4937 ea
3438 4883 3604 4935 dissi-

2028 4977 2185 5039 deus,
2214 4973 2670 5029 communicavit.
2708 4972 2777 5027 Et
2806 4986 2932 5026 cum
2966 4971 3019 5026 in
3051 4976 3258 5043 synodo
3290 4973 3608 5029 Constauth

2029 5068 2351 5138 uopolilaua
2386 5066 2490 5121 sub
2523 5065 2880 5130 Constantio,
2918 5058 3200 5119 nulladiim
3235 5068 3606 5121 conventione

2027 5161 2439 5225 intercedente,
2480 5174 2605 5214 cum
2641 5159 2891 5213 Eudoxio
2925 5172 2978 5214 et
3010 5161 3210 5214 Acacio
3239 5169 3421 5223 eSset,
3460 5161 3608 5212 iubi-

2026 5253 2266 5308 lo.ninus
2305 5253 2361 5306 in
2401 5252 2789 5306 communione
2829 5267 2956 5305 cum
2998 5252 3276 5321 cpiswpis
3329 5251 3604 5311 Nil-tenam

2029 5345 2191 5401 tidem
2247 5347 2761 5416 propugnantibus,
2818 5347 3171 5415 permansit:
3230 5354 3424 5417 postea
3479 5360 3609 5397 γ.ι·ο

2024 5538 2129 5592 hoc
2165 5536 2544 5591 Valentiniano
2571 5536 2635 5589 Ill
2669 5545 2723 5587 et
2751 5535 2974 5588 Valente
3016 5533 3085 5587 Ill
3117 5548 3265 5588 coss.
3310 5531 3430 5598 Qun
3474 5543 3607 5586 tent-

2024 5624 2160 5678 pore
2191 5609 2356 5660 etiam
2411 5607 2682 5675 Hispania:
2731 5606 3068 5678 regiiutti_ali_
3106 5605 3478 5678 Albanaricbo
3505 5608 3605 5678 ini-

2025 5673 2162 5730 tium
2189 5673 2731 5744 suuipsisse'l'ertur.
2771 5677 2933 5731 Miclt.
2962 5674 3164 5740 Iulius,
3194 5675 3291 5730 lib.
3322 5689 3341 5727 ι
3373 5673 3449 5727 De
3472 5677 3611 5745 regi-

2025 5750 2116 5803 bus
2139 5748 2365 5817 Hispali.
2830 5814 2835 5817 Δ
3358 5774 3367 5781 -
