4056 6450
475 346 584 410 739

1699 325 2115 392 NHZEPHUBI
2165 321 2510 384 CALUSTI

3627 317 3723 379 ῗίθ

471 455 950 526 Constantinopoli
985 452 1269 517 versanti,
1311 465 1438 507 cum
1473 448 1658 504 Ariani
1693 450 1763 502 tle
1797 447 2055 516 dogmate

2176 439 2256 491 τοῦ
2320 439 2592 505 δὸγματος
2645 432 2975 498 διεξιόντων,
3029 431 3482 503 ὑπισχνουμένων
3540 449 3598 484 τε
3631 434 3724 501 τὴν

476 563 578 601 suo
621 548 992 611 dissererent,
1037 553 1095 600 et
1136 541 1466 612 legationem
1495 553 1555 594 se
1585 538 1634 592 ei
1667 552 1734 592 ex
1777 533 2052 590 sententia

430 709 439 722 .
477 639 622 708 apud
655 639 1038 707 imperatorem
1072 633 1425 689 confecturos
1457 646 1604 691 esse.
1635 629 1801 698 210
1829 627 1873 681 si
1908 625 2052 679 idem

476 744 605 784 cum
653 727 788 797 ipsis
835 727 1042 782 sentire
1085 725 1142 781 in
1187 725 1435 779 animum
1482 721 1800 785 induceret,
1829 717 2058 788 pollice-

479 832 693 883 rentur,
745 820 979 874 utilitate
1025 834 1090 873 ea
1139 817 1396 882 illectus,
1445 825 1543 870 aut
1583 816 1749 870 etiam
1798 813 2054 874 fortasse,

477 912 628 981 quod
669 912 867 966 melius
896 926 1019 967 esse
1044 952 1060 976 ,
1107 910 1154 966 si
1197 911 1271 964 ita
1302 908 1371 964 de
1401 907 1514 962 Deo
1544 907 1892 977 opinaretur,
1923 919 2059 960 cen-

478 1009 646 1065 seret.
679 1016 803 1056 cum
838 999 1061 1054 Arianis
1094 996 1557 1060 communicavit,
1592 1002 1650 1048 et
1679 1003 1900 1062 gentem
1933 991 2060 1045 uni-

476 1108 692 1147 versam
761 1092 830 1146 ab
890 1088 1128 1145 ecclesia
1191 1085 1490 1141 universali
1555 1083 1802 1139 abduxit.
1863 1081 2058 1137 Gotthi

479 1198 759 1254 namque,
793 1182 940 1253 quod
976 1185 1096 1251 ipso
1135 1190 1365 1234 auctore
1400 1186 1564 1246 atque
1595 1176 1736 1230 duce
1770 1174 1837 1228 ad
1874 1173 2059 1251 verio-

481 1289 598 1328 rem
639 1274 899 1344 pietatem
932 1288 994 1329 se
1047 1272 1444 1334 contulissent,
1491 1279 1547 1324 et
1596 1268 1746 1323 illius
1793 1265 2061 1344 beneficio

483 1343 820 1418 humaniore
855 1361 1341 1430 mansuetioreque
1374 1359 1597 1412 vivendi
1643 1356 1895 1412 instituto
1944 1343 2065 1410 nfe-

485 1463 702 1516 rcntur.
735 1453 893 1524 facile
919 1451 1215 1506 admodum
1237 1451 1286 1505 ei
1319 1449 1610 1520 parebant,
1645 1457 1698 1502 et
1728 1460 2064 1517 quocunque

488 1549 582 1603 ille
636 1548 904 1610 duceret,
958 1544 1374 1614 sequebantur:
1409 1542 1546 1596 nihil
1597 1540 1724 1613 mali
1772 1555 1895 1594 esse
1925 1579 1939 1600 ,
1996 1553 2064 1592 ex

488 1640 674 1694 animo
705 1652 1029 1709 persuasum
1062 1637 1348 1699 habentes,
1375 1632 1643 1704 quidquid
1675 1633 1766 1686 ille
1799 1631 1886 1686 vel
1915 1631 2066 1688 dice—

488 1740 592 1795 ret,
623 1733 712 1786 vel
743 1731 950 1786 faceret
976 1749 989 1784 :
1018 1730 1388 1798 omnibusque
1428 1727 1481 1782 id
1522 1726 1660 1782 adeo
1687 1723 1933 1780 aemulari
1966 1739 2064 1778 vo-

2159 528 2462 599 πρεσϐείαν
2495 524 2724 593 ἐπιτελῆ
2761 524 2830 576 τὰ
2875 524 2935 585 ἐς
2974 523 3203 593 βασιλέα
3253 521 3546 592 πράττειν,
3583 521 3630 573 εί
3668 526 3730 572 τὰ

2161 621 2254 674 ίσα
2288 619 2443 690 σφίσι
2490 617 2743 686 δοξάζειν
2789 616 2988 681 ἐλοιτο,
3018 619 3086 687 τῇ
3137 615 3294 684 χρείᾳ
3330 613 3662 678 δελεασθεὶς,
3699 614 3728 681 ἢ

2159 717 2293 778 ῑσως
2345 714 2440 767 καὶ
2467 714 2692 783 ἄμεινον
2737 707 2880 764 εἶναι
2911 709 3057 764 τοῦτ’
3079 707 3284 778 οἰηθεὶς
3321 707 3572 773 δοξάζειν
3615 709 3737 774 περὶ

2159 807 2318 874 Θεοῦ,
2350 805 2632 860 ἐκοινώνει
2674 805 2788 867 τοῖς
2832 802 2963 873 περὶ
2994 801 3239 872 Ἀρειον,
3277 799 3373 853 καὶ
3411 800 3475 852 τὸ
3521 798 3736 868 σύμπαν

2162 898 2332 966 φῦλον
2361 897 2463 967 τῆς
2498 897 2733 952 καθόλου
2759 895 3096 965 Ἐκκλησίας
3143 892 3346 947 διίστα.
3391 891 3507 946 Kal
3538 892 3644 959 γὰρ
3685 892 3738 942 τὸ

2163 991 2380 1046 Γότθων
2409 991 2566 1059 γένος
2591 989 2683 1042 ὑπ’
2710 987 2909 1057 ἐκείνῳ
2936 986 3282 1056 καθηγεμόνι
3303 985 3444 1056 πρὸς
3462 984 3566 1054 τὴν
3593 984 3739 1037 εὐσέ-
3821 1019 3835 1043 .

2164 1084 2318 1137 σειαν
2378 1082 2805 1152 μεταϐαλόντες,
2859 1082 2953 1134 καὶ
3006 1079 3076 1132 δι’
3131 1079 3345 1132 ἐκείνου
3412 1078 3737 1148 ἡμερωτέρα

2164 1174 2420 1245 πολιτείᾳ
2446 1174 2810 1246 χρησάμενοι,
2848 1172 3048 1244 ῥᾳδίως
3081 1171 3229 1240 μάλα
3260 1170 3467 1239 ἐκείνῳ
3501 1169 3738 1223 ἐπείθον-

2165 1285 2247 1333 το,
2299 1269 2398 1320 καὶ
2441 1262 2586 1340 ᾗπερ
2635 1267 2703 1321 ἂν
2752 1265 2898 1333 ἄγοι,
2937 1265 3179 1318 εἵποντο·
3221 1263 3391 1333 μηδέν
3442 1279 3498 1316 τι
3547 1261 3740 1327 φαῦλον

2167 1349 2312 1409 εἷναι
2345 1354 2662 1424 νομίζοντες
2693 1354 2758 1406 ἐκ
2785 1352 2989 1422 ψυχῆς,
3021 1353 3049 1405 ὃ
3089 1368 3144 1404 τι
3177 1352 3248 1405 ἂν
3281 1352 3498 1414 ἐκεῖνος
3529 1349 3676 1414 λέγοι
3706 1350 3736 1418 ἢ

2167 1446 2426 1516 πράττοιο
2460 1445 2739 1498 συντελεῖν
2769 1443 2814 1497 δ’
2849 1445 2906 1506 ἐς
2953 1442 3101 1497 ἅπαν
3135 1443 3411 1514 χρήσιμον
3459 1443 3578 1502 τοῖς
3615 1443 3744 1512 ᾑρη-

2171 1538 2358 1608 μένοις
2388 1535 2608 1603 ζηλοῦν.
2663 1536 2736 1589 Ού
2800 1535 2908 1606 μὴν
2957 1535 3016 1589 δὲ
3068 1534 3205 1589 ἀλλὰ
3234 1536 3330 1590 καὶ
3387 1535 3595 1604 πολλὴν
3629 1551 3741 1587 τινα

2169 1629 2368 1698 πεῖραν
2398 1629 2501 1700 τῆς
2526 1629 2743 1683 ἐκείνου
2771 1627 3007 1682 δέδωκεν
3035 1627 3262 1698 ἀρετῆς,
3293 1625 3514 1690 πολλοῖς
3547 1630 3674 1696 ἐγκα
3686 1643 3740 1697 ρ-

2168 1721 2410 1793 τερήσας
2463 1720 2734 1785 κινδύνοις
2797 1703 2938 1791 ὑπὲρ
2968 1719 3064 1773 τοῦ
3111 1719 3404 1790 δόγματος,
3442 1719 3634 1790 πρὶιῆ
3684 1719 3739 1770 τὺ

489 1825 760 1884 lentibus,
799 1825 854 1879 itt
890 1825 1239 1879 commodum
1274 1836 1503 1892 prorsus
1537 1829 1705 1888 atque
1752 1817 2054 1872 utilitatem

2176 1811 2324 1875 ῐθνος
2370 1814 2449 1876 είς
2483 1812 2543 1866 τὸ
2575 1812 2988 1881 Χριστιανίζειν
3023 1811 3291 1882 μετέϐαλε
3339 1814 3623 1882 κατάκρας
3650 1813 3742 1879 τῆς

487 1933 773 1972 cessurum
805 1932 927 1971 esse
961 1918 1314 1971 arbitrantes.
1362 1914 1505 1981 Quin
1537 1913 1706 1968 etiam
1743 1911 1940 1982 ingens
1970 1911 2062 1965 ille

485 2025 734 2079 persaepe
780 2010 1003 2064 virtutis
1044 2025 1159 2064 sua:
1213 2007 1470 2062 ediderat
1517 2006 1822 2076 Specimeu,
1875 2003 2064 2058 multis

482 2101 705 2156 fortiter
727 2118 828 2171 pro
850 2101 1163 2157 Christiana
1189 2101 1442 2170 doctrina
1466 2100 1621 2170 prius
1641 2098 1889 2153 toleratis
1914 2097 2063 2166 peri-

486 2190 651 2254 culis,
684 2206 848 2260 quam
879 2207 1015 2262 gens
1052 2207 1114 2245 ea
1157 2205 1282 2260 qua:
1313 2199 1426 2244 tota
1469 2205 1537 2244 ex
1565 2187 1750 2243 Grzeca
1791 2185 2064 2257 supersti-

488 2285 641 2340 tione
673 2283 984 2354 pendebat,
1021 2283 1089 2336 ad
1129 2282 1617 2338 Christianismum
1655 2289 1744 2336 est
1772 2293 2060 2335 conversa.

487 2377 709 2431 Primus
737 2377 902 2432 etiam
931 2377 1064 2447 ipsis
1093 2377 1306 2430 litteras
1337 2375 1572 2439 invenit,
1603 2383 1659 2428 et
1689 2386 1873 2429 sacras
1911 2369 2062 2426 Scri-

487 2477 688 2539 pturas
733 2471 817 2524 eis
868 2468 1162 2524 translatas
1208 2468 1519 2538 proposuit.
1561 2466 1742 2536 Atque
1785 2463 2064 2535 equidem,

486 2563 850 2630 quamobrem
893 2560 1117 2615 Barbari
1154 2560 1402 2629 plerique
1437 2574 1630 2628 omnes
1671 2558 1872 2613 Istrum
1907 2571 2058 2612 acco-

491 2657 698 2718 lentes,
732 2653 850 2709 Arii
895 2654 1090 2724 degma
1122 2662 1513 2723 sequerentur,
1547 2665 1714 2707 causa
1761 2659 1819 2705 et
1845 2653 2065 2706 occasio

492 2745 610 2801 haec
652 2744 777 2798 fuit.
820 2736 927 2799 Sed
961 2744 1109 2799 enim
1143 2743 1486 2813 temporibus
1523 2742 1607 2797 eis
1650 2744 1844 2813 ingens
1875 2743 2064 2800 multi-

491 2831 628 2887 tudo
675 2846 869 2888 eorum
915 2831 1010 2903 qui
1070 2833 1412 2903 Fridigernis
1464 2831 1634 2887 animi
1691 2833 2054 2889 inclinatione

492 2923 876 2992 sequebantur
928 2934 1151 2993 partes,
1210 2932 1438 2994 propter
1484 2923 1690 2980 Christi
1748 2940 1950 2980 nomen
1999 2928 2068 2981 ab

491 3014 1042 3079 Athanaricltocaasa
1092 3023 1195 3070 est.
1231 3014 1387 3081 Quod
1423 3030 1660 3085 namque
1704 3015 1956 3087 Ulpltilas
1987 3018 2070 3073 eis

489 3107 660 3161 etiam
709 3106 803 3176 qui
857 3107 935 3162 illi
980 3107 1188 3162 subditi
1238 3114 1445 3170 erant,
1495 3107 1866 3164 Christianam
1906 3109 2068 3164 (idem

493 3199 779 3267 suscipere
831 3199 1224 3268 persuaderet,
1276 3198 1434 3255 valde
1485 3198 1539 3254 id
1589 3200 1819 3256 moleste
1867 3200 2070 3268 ferens,
2100 3185 2146 3246 α

495 3289 725 3360 perinde
759 3298 925 3357 atque
969 3291 1132 3358 patrii
1180 3291 1322 3345 ritus
1363 3291 1738 3359 abolerentur,
1785 3291 2076 3364 suppliciis

495 3381 552 3436 in
584 3395 681 3436 eos
703 3380 1001 3450 plurimum
1026 3391 1112 3436 est
1133 3393 1432 3452 grassatus.
1461 3382 1530 3437 Et
1551 3383 1819 3453 quosdam
1847 3382 2073 3454 quidem

495 3479 816 3534 accusatos,
866 3470 1015 3539 quod
1066 3471 1288 3537 publice
1333 3469 1825 3527 Christianismum
1878 3475 2075 3542 dogma

496 3578 623 3618 cum
653 3576 848 3631 magna
875 3561 1128 3617 libertate
1158 3561 1543 3629 defenderent,
1578 3563 1724 3619 inter
1753 3578 1896 3634 quos
1929 3579 2075 3620 unus

494 3653 662 3708 etiam
684 3662 804 3709 crat
825 3653 1178 3730 admirandus
1202 3654 1295 3709 ille
1325 3653 1547 3709 Nicetas
1572 3673 1586 3709 :
1611 3655 1750 3709 alios
1779 3664 1964 3711 autem
2006 3671 2076 3712 ne

498 3735 810 3818 appellabs
835 3746 1079 3816 quidem,
1112 3747 1341 3802 occidit.
1372 3747 1588 3802 Dicitur
1612 3749 1761 3802 enim
1795 3749 2074 3819 sculptum

496 3835 772 3904 quoddam
823 3836 1179 3892 simulacrum
1228 3836 1283 3892 itt
1326 3853 1496 3892 curru
1543 3837 1870 3903 collocasse,
1917 3848 2083 3909 atque

501 3932 558 3987 id
603 3949 703 4003 per
738 3935 1090 3990 tabernacula
1142 3950 1334 3989 eorum
1385 3933 1477 4004 qui
1520 3933 1806 3990 Christum
1855 3937 2082 4006 profite-

501 4035 714 4091 rentur,
751 4025 973 4091 dncere,
1007 4027 1170 4098 eique
1199 4027 1360 4080 simul
1395 4035 1452 4082 et
1483 4027 1799 4082 sacriﬁcare
1821 4066 1836 4090 ,
1865 4035 1921 4082 et
1951 4029 2081 4083 ado-

502 4117 733 4173 rationis
760 4117 1127 4173 reverentiam
1158 4119 1426 4174 exhibere
1455 4136 1467 4172 :
1499 4119 1592 4188 qui
1640 4134 1772 4174 vero
1817 4119 1869 4174 id
1896 4121 2079 4177 facere

502 4209 850 4273 noluissent,
897 4225 994 4264 eos
1039 4225 1146 4264 una
1177 4225 1299 4264 cum
1347 4210 1717 4267 tabernaculis
1747 4213 2079 4269 comburere

493 4301 751 4374 iussisse.
791 4303 907 4357 lmo
947 4303 1052 4357 hoc
1090 4303 1256 4357 etiam
1295 4303 1455 4374 longe
1487 4304 1644 4375 pejus
1675 4313 1732 4360 et
1771 4305 2079 4362 mirabilius

494 4397 653 4459 aliud
686 4397 887 4453 factum
938 4414 1060 4453 esse
1086 4399 1212 4468 legi.
1245 4397 1402 4452 Multi
1449 4397 1721 4468 siquidem
1764 4413 1960 4453 eorum
2001 4398 2081 4462 vi,

2180 1901 2504 1973 Ἑλληνικῆς
2535 1902 2849 1972 ἐξημμένον
2880 1901 3200 1974 θρησκείας.
3229 1903 3335 1955 Καὶ
3363 1903 3666 1973 γράμματα
3695 1903 3738 1955 δ’

2169 1994 2402 2065 ἐφεῦρεν
2422 1997 2610 2059 αὐτοῖς
2641 1994 2876 2064 πρῶτος,
2900 1995 2997 2048 καὶ
3024 1995 3122 2058 τὰς
3151 1996 3299 2053 θείας
3332 1997 3556 2064 Γραφας
3582 2011 3738 2063 μετα-

2171 2090 2389 2158 φράσας
2445 2087 2628 2151 αὐτοῖς
2683 2088 3087 2158 παραδέδωκεν.
3145 2089 3332 2142 Δίτιον
3394 2088 3496 2156 μὲν
3541 2087 3632 2140 οὖν
3669 2087 3739 2148 ὡς

2171 2182 2376 2234 ἐπίπαν
2420 2183 2536 2244 τοῖς
2566 2181 2698 2251 περὶ
2724 2180 2814 2234 τὸν
2847 2181 3057 2252 Ἴστρον
3095 2180 3401 2252 βαρϐάροις
3435 2184 3504 2234 τὰ
3538 2180 3740 2249 Ἀρείου

2172 2276 2415 2344 φρονεῖν,
2449 2275 2547 2329 καὶ
2598 2275 2872 2345 πρόφασις
2901 2274 2997 2346 ἥδε
3026 2275 3270 2343 ἐγένετο·
3297 2278 3513 2346 καιροῖς
3541 2276 3582 2328 δ’
3611 2276 3740 2326 ἐκέ.

2174 2383 2288 2426 νοις
2316 2365 2410 2420 ὑπ’
2435 2365 2799 2438 Ἀθαναρίχου
2843 2366 2981 2421 πολύ
3016 2383 3087 2420 τι·
3117 2366 3326 2437 πλῆθος
3375 2366 3468 2420 διὰ
3519 2365 3742 2436 Χριστὸν

2174 2459 2456 2532 ἀνῃρεῖτο,
2486 2460 2796 2530 Φιρτιγένει
2845 2459 3264 2530 προσκείμενον.
3300 2459 3416 2514 Καὶ
3460 2457 3568 2527 γὰρ
3613 2454 3739 2508 0'3}.-

2176 2553 2308 2624 φίλα
2336 2553 2639 2623 πείθοντος,
2672 2556 2767 2610 καὶ
2795 2555 2925 2620 τοὺς
2955 2553 3046 2609 ὑπ’
3073 2555 3282 2607 ἐκεῖνον
3309 2553 3382 2605 τὰ
3409 2548 3740 2621 Χριστιανῶν

2175 2647 2542 2713 ἀσπάζεσθαι,
2573 2648 2923 2720 χαλεπαίνων
2952 2647 3184 2719 σφόδρα,
3206 2647 3302 2700 ᾰτε
3334 2647 3470 2716 δῆτα
3505 2643 3610 2697 τῶν
3640 2659 3740 2693 πα-

2173 2741 2344 2813 τρίων
2379 2741 2802 2812 ἀφανιζομένων
2852 2739 3012 2806 ἐθῶν,
3067 2741 3339 2809 τιμωρεῖν
3398 2742 3459 2801 ἐς
3504 2737 3743 2790 πλεῖστον

2175 2831 2438 2885 ἐπέϐαλε·
2473 2833 2588 2895 τοῖς
2641 2829 2745 2901 μὲν
2777 2830 3014 2902 εὐθύνην
3057 2829 3374 2900 προσάψας,
3414 2830 3490 2892 ὡς
3521 2827 3743 2898 δημοσίᾳ

2177 2923 2750 2995 παρῤησιασαμένους
2793 2923 3004 2978 ἀνεῖλεν
3041 2923 3182 2992 ὑπὲρ
3226 2921 3321 2975 τοῦ
3353 2923 3643 2990 δόγματοςο
3673 2915 3739 2972 ὢν

2177 3013 2260 3081 εἷς
2284 3017 2378 3070 καὶ
2407 3017 2437 3069 ὁ
2469 3015 2790 3087 θαυμαστὸς
2831 3017 3075 3089 Νικήτας
3116 3017 3442 3086 ἐτύγχανενο
3471 3013 3662 3077 ἄλλους
3691 3011 3742 3066 δέ

2179 3109 2276 3162 καὶ
2305 3108 2480 3178 λόγων
2527 3111 2657 3165 ἄνευ
2703 3108 3000 3181 διέφθειρε.
3033 3110 3141 3162 Kal
3168 3110 3276 3178 γάρ
3325 3111 3543 3176 λέγεται
3572 3105 3742 3174 Εόανέν

2177 3219 2229 3256 τι
2259 3203 2836 3272 κατασκευασάμενον,
2871 3202 2958 3271 ἐφ’
3001 3202 3342 3272 ἁρμαμάξης
3390 3204 3619 3271 στῆσαι·
3653 3198 3740 3252 καὶ

2177 3292 2326 3347 τοῦτ’
2355 3291 2576 3346 ἐκέλευε
2610 3294 2753 3346 κατά
2783 3296 2992 3364 σκηνὴν
3023 3295 3314 3367 περιάγειν
3345 3295 3454 3349 τῶν
3484 3288 3741 3363 ἠγγελμέ-

2179 3404 2286 3440 νων
2307 3385 2740 3458 Χριστιανίζειν,
2769 3389 2862 3441 καὶ
2893 3387 3068 3457 τούτῳ
3102 3388 3332 3455 πείθειν,
3367 3388 3519 3442 θύειν
3551 3403 3608 3438 τε
3636 3385 3740 3451 ἅμα

2180 3479 2274 3532 καὶ
2301 3481 2633 3548 προσκυνεῖν
2651 3494 2667 3509 ⁸
2697 3479 2752 3532 αῖ
2797 3479 2856 3532 δέ
2891 3478 2968 3549 μὴ
2994 3479 3141 3533 τοῦθ’
3170 3479 3417 3551 αἱροῖντο
3441 3479 3632 3543 ποιεῖν,
3656 3473 3745 3543 ἅμ’

2179 3571 2375 3635 αὑταῖς
2423 3573 2826 3641 καταπιμπρᾷν
2866 3573 2985 3634 ταῖς
3042 3573 3290 3640 σκηναῖς·
3321 3573 3416 3623 καὶ
3447 3569 3576 3623 ἄλλο
3611 3567 3666 3619 δέ
3697 3582 3744 3616 τι

2178 3665 2372 3717 τούτου
2415 3662 2598 3733 πολλῷ
2656 3665 2842 3734 χεῖρον
2896 3666 2994 3716 καὶ
3051 3665 3526 3735 περιπαθέστερον
3582 3661 3742 3729 ἔγνων

2179 3754 2500 3823 γενόμενον.
2533 3755 2730 3808 Πολλοὶ
2775 3753 2881 3825 γὰρ
2909 3757 2976 3824 τῇ
3027 3754 3120 3826 βίᾳ
3161 3755 3273 3808 τῶν
3311 3753 3467 3808 θύειν
3503 3764 3744 3806 κατεπει-

2180 3844 2386 3912 γόντων
2417 3831 2857 3916 ἠναγκασμένοι,
2889 3845 2988 3899 οὐκ
3021 3846 3214 3915 ἄνδρες
3259 3847 3446 3915 μόνον,
3483 3843 3615 3898 ἀλλὰ
3657 3840 3741 3894 καὶ

2179 3937 2468 4002 γυναῖκες,
2502 3930 2576 3990 ὧν
2604 3937 2658 3989 at
2690 3935 2792 4005 μὲν
2819 3937 2946 4005 ἄρτι
2979 3935 3310 4006 γεννηθέντα
3343 3937 3520 4010 βρέφη
3552 3936 3741 4002 ἐπιμα-

2185 4027 2362 4081 στίδια
2396 4029 2752 4099 περιέφερον,
2786 4029 2844 4082 αἱ
2872 4029 2930 4082 δέ
2956 4029 3126 4100 νήπια
3153 4030 3250 4083 καὶ
3280 4031 3541 4100 παιδάρια
3567 4024 3746 4097 μικρὸν

2181 4119 2509 4190 βηματίξειν
2536 4119 2944 4188 δυνάμενα,ἐπὶ
2972 4119 3074 4190 τὴν
3096 4121 3301 4190 σκηνὴν
3329 4121 3434 4191 τῆς
3461 4115 3740 4184 ἐκκλησίας

2180 4211 2510 4281 κατέφυγον.
2570 4211 2692 4265 Τῶν
2751 4211 2798 4264 δ’
2853 4211 3217 4281 Ἑλληνιστῶν
3275 4213 3388 4285 πῦρ
3442 4212 3740 4280 ἐπαφέντων

2181 4305 2438 4371 ἐκείνοις,
2470 4306 2550 4368 είς
2597 4304 2808 4375 τέφραν
2835 4303 3174 4376 διέφθειραν.
3207 4307 3424 4376 Μικρὸν
3459 4306 3506 4359 δ’
3527 4307 3646 4359 ὅσον
3671 4301 3740 4358 είς

2182 4397 2440 4466 ὁμόνοιαν
2474 4395 2543 4449 τὰ
2593 4397 2719 4466 διχῆ
2770 4395 3113 4466 διαιρεθέντα
3158 4399 3268 4452 τῶν
3319 4399 3534 4453 rasam
3571 4390 3736 4465 ἦλθον.

496 4489 598 4557 qui
653 4487 774 4552 eis,
841 4497 899 4542 ιιι
955 4489 1373 4554 sacrificarent,
1424 4489 1728 4544 crudeliter
1780 4489 2072 4557 instabant,

2186 4489 2390 4560 Θράσει
2421 4488 2478 4541 δέ
2508 4487 2690 4558 πολλῷ
2719 4488 2817 4546 καὶ
2838 4490 3063 4561 ἀμέτρῳ
3093 4493 3393 4560 ἐπηρμένοι
3416 4494 3481 4562 τῇ
3509 4485 3738 4554 ἀπονοίᾳ.

494 4578 702 4644 coacti,
746 4595 856 4633 non
905 4580 1008 4635 viri
1055 4580 1241 4646 modo,
1287 4581 1383 4634 sed
1429 4591 1486 4634 et
1533 4581 1816 4644 mulieres,
1847 4597 2081 4650 quarum

495 4671 625 4732 alia:
672 4688 868 4727 recens
915 4683 1074 4726 natos
1124 4672 1269 4726 fetus
1315 4673 1383 4726 ab
1410 4672 1671 4726 uberibus
1699 4672 2081 4742 dependentes

495 4763 995 4828 circumferebant,
1035 4758 1155 4819 aliae
1212 4766 1447 4820 infantes
1492 4775 1549 4818 et
1595 4780 1796 4834 pue:os
1843 4765 1933 4833 qui
1979 4766 2082 4819 ali-

477 4855 834 4923 .quantulum
863 4857 1067 4925 gradiri
1103 4867 1159 4909 et
1191 4856 1358 4910 veluti
1393 4857 1628 4926 pedibus
1661 4864 1864 4908 terram
1903 4857 2081 4910 metiri

469 5367 485 5418 ί

502 4959 749 5017 possent,
787 4948 1098 5013 trahebant,
1128 4949 1182 5002 in
1215 4949 1469 5003 ecclesia:
1503 4950 1916 5004 tabernaculum
1947 4966 2081 5003 con-
2127 4976 2132 4979 >

501 5037 780 5104 fugerunt.
811 5038 968 5107 211
1005 5039 1110 5093 Eos
1139 5055 1269 5094 vero
1293 5040 1463 5094 Graeci
1498 5041 1804 5096 idololatra:
1835 5042 1911 5095 ibi
1945 5053 2084 5096 tem-

503 5117 595 5196 plo
631 5128 854 5182 incenso
898 5129 952 5183 in
1001 5131 1243 5194 cinerem
1291 5131 1641 5200 redegerunt.
1692 5133 1809 5186 Non
1848 5133 2077 5185 multum

504 5218 822 5273 intercessit
881 5223 1186 5291 temporis,
1246 5239 1368 5276 cum
1429 5225 1765 5278 dissidentes
1825 5225 1967 5278 inter
2024 5241 2080 5279 se

456 5313 837 5389 "Gottltorum
892 5316 1195 5385 factiones,
1251 5320 1304 5373 itt
1354 5321 1587 5389 gratiam
1629 5332 1686 5375 et
1724 5321 2077 5374 Concordiam

503 5407 716 5461 rediere
744 5426 756 5461 :
785 5421 949 5477 atque
979 5411 1184 5480 ingenti
1221 5413 1552 5466 confidentia
1583 5424 1638 5465 et
1669 5415 1938 5465 immensa
1983 5413 2080 5465 de-

501 5500 707 5554 mentia
739 5501 965 5563 sublati,
1002 5502 1245 5558 Thraces
1279 5505 1414 5557 male
1441 5512 1778 5571 acceperunt
1806 5520 1818 5556 :
1850 5503 2082 5573 oppida-

500 5604 611 5658 que
641 5603 694 5645 et
735 5593 890 5647 vicos
917 5606 1324 5662 pet-corrcntcs,
1355 5593 1742 5647 crudelissime
1771 5603 2078 5647 vastarunt.

497 5679 651 5745 Quod
679 5684 773 5738 ubi
799 5686 997 5740 Valens
1026 5687 1333 5742 Antiochia:
1361 5685 1544 5740 adhuc
1571 5684 1778 5756 degens
1802 5686 2078 5754 cOgnovEt,

505 5783 617 5828 tum
648 5775 872 5831 demum
922 5779 1264 5848 experientia
1317 5779 1581 5846 magistra
1617 5777 1697 5852 (1)
1735 5777 1942 5832 erroris
1992 5778 2077 5832 sui

641 5885 718 5963 (Ι)
747 5888 944 5943 Stultm
963 5901 1051 5947 um
1086 5887 1367 5960 magister,
1410 5895 1657 5944 eventus.
1704 5887 1872 5959 (Liv.)

2187 4579 2410 4650 Θρᾷκας
2439 4577 2625 4638 κακῶς
2654 4577 2900 4632 ἐποίουνο
2928 4580 3023 4632 καὶ
3056 4579 3242 4643 πόλεις
3268 4581 3364 4634 καὶ
3399 4581 3587 4650 κώμας
3625 4573 3743 4627 ταύ-

2185 4689 2286 4740 της
2322 4669 2564 4741 ἐπῄεσαν
2615 4669 2868 4743 δῃοῦντες
2919 4675 3006 4731 ἐς·
3023 4671 3280 4741 μάλιστα·
3311 4674 3341 4728 δ
3383 4675 3515 4742 δῆτα
3569 4664 3742 4740 μαθὼν

2188 4765 2402 4832 Οὐάλης
2433 4764 2515 4816 ἔτι
2546 4762 2840 4834 διατρίϐων
2879 4765 3021 4818 κατὰ
3055 4765 3155 4834 τὴν
3183 4765 3535 4838 Ἀντιόχειαν,
3562 4763 3620 4814 τὸ
3649 4775 3740 4810 κα-

2187 4857 2287 4908 κὸν
2324 4859 2390 4926 τῇ
2441 4857 2606 4926 πείρᾳ
2641 4851 2913 4926 ἐμάνθανε
2947 4858 3042 4926 τῆς
3075 4858 3432 4929 διαμαρτίας.
3463 4860 3613 4928 ᾭετο
3643 4851 3739 4918 γὰρ

2186 4947 2338 5017 αύτῷ
2383 4948 2658 5019 χρήσιμον
2709 4948 2804 5002 καὶ
2853 4953 2919 5018 τῇ
2971 4951 3252 5023 ἀρχομένη
3301 4947 3442 5004 εἶναι
3491 4947 3548 5000 τὸ
3582 4943 3737 4997 50w;-

2187 5041 2590 5110 καταπλήττειν
2640 5040 2697 5092 δὲ
2730 5041 2824 5093 καὶ
2871 5041 3001 5103 τοὺς
3055 5043 3334 5104 ἐναντίους
3378 5038 3637 5098 ἐντεῦθεν,
3669 5033 3736 5088 ὡς

2185 5130 2273 5182 ἀεὶ
2321 5131 2454 5202 πρὸς
2497 5129 2639 5182 ὅπλα
2675 5130 2774 5182 καὶ
2827 5131 3011 5200 μάχας
3067 5133 3486 5202 ἐσκευασμένον.
3522 5125 3669 5180 Οὕτω
3696 5116 3735 5170 δ’

2187 5227 2504 5295 ἐπισφαλῶς
2561 5226 2823 5292 δοξάζων,
2883 5227 2993 5280 τῶν
3049 5229 3268 5282 οἰκείων
3332 5220 3734 5298 στρατευμάτων

2183 5319 2399 5388 ἡμέλει·
2437 5320 2532 5371 καὶ
2564 5320 2685 5372 ἀντὶ
2723 5317 2818 5388 tot?
2856 5319 3055 5373 διδόναι
3094 5321 3297 5389 μᾶλλον
3339 5321 3512 5377 αὐτοῖς
3551 5311 3634 5367 καὶ
3665 5309 3731 5365 εἰς

2187 5412 2480 5479 στρατείαν
2539 5410 2913 5479 ἐπιλέγεσθαι,
2967 5413 3032 5464 ἐκ
3071 5411 3276 5465 τούτων
3332 5411 3559 5479 μάλιστα
3603 5400 3729 5454 είσέ-

2187 5519 2393 5572 πραττε
2426 5503 2485 5554 τὸ
2517 5505 2762 5570 χρυσίιν,
2787 5503 3120 5571 ὀγδοήκοντα
3151 5506 3436 5573 χρυσίνους
3465 5498 3597 5565 ὑπὲρ
3619 5489 3708 5544 ἑκά

2187 5612 2314 5646 οτου
2343 5594 2541 5646 Γὸτθου
2563 5595 2690 5656 τοὺς
2717 5595 3072 5657 συντελεστὰς
3101 5596 3452 5650 ἀπαιτεῖσθαι
3474 5586 3729 5644 πλεύσας’

2185 5683 2214 5734 ὃ
2241 5684 2308 5754 δὴ
2353 5684 2448 5736 καὶ
2497 5683 2642 5751 ἀρχὴ
2693 5684 2882 5750 γέγονε
2916 5683 3011 5736 τοῦ
3052 5685 3356 5753 τηνικαῦτα
3390 5683 3521 5751 πρὸς
3557 5669 3728 5740 καιρὸν

2185 5775 2522 5847 δυστυχῆσαι
2573 5774 2670 5844 τὴν
2709 5775 2998 5845 Ῥωμαίων
3038 5776 3234 5846 ἀρχὴν.
3283 5776 3514 5844 Πάμπαν
3550 5766 3599 5819 δὲ
3643 5761 3720 5824 τέἒ
