4056 6414
339 367 444 429 ἨΒ

1253 366 1852 433 EtLCLESIASTIC/E
1894 366 2289 436 IllSTORI/E
2330 376 2477 435 Ltn.
2519 374 2628 433 XI.

3458 369 3561 436 746

327 480 436 532 λων
466 476 848 547 ἁπήλασας.Ἀ
861 479 1014 541 πόδος
1038 479 1215 532 τοίνυν
1247 484 1359 544 τοῖς
1389 483 1561 551 ὀρθῶς
1591 484 1875 548 δοξάζουσι

2010 485 2159 539 illum
2189 487 2292 541 rite
2314 486 2567 540 laudibus
2610 483 2835 547 vehunt,
2878 498 2941 537 ex
3005 483 3176 539 sacris
3203 482 3412 539 :edibus
3465 501 3580 553 eje-

234 579 245 598 ⁴
324 571 418 621 καὶ
455 568 517 620 τὸ
546 569 845 639 άκραιςνὲς
876 570 975 638 τῆς
1029 572 1086 622 ἐν
1119 572 1322 641 Νικαία
1362 574 1595 634 πίστεως
1630 574 1721 626 τὸν
1778 575 1905 643 ὅρον

325 660 676 727 φυλάττουσι,
711 661 809 722 τάς
856 658 1248 730 ἀφαιρεθείσας
1282 661 1599 731 ἐκκλησίας,
1636 663 1731 715 καὶ
1767 665 1905 715 ἁπο-

322 753 446 819 νητὶ
478 752 719 819 νικήσεις
744 751 840 821 τὴν
869 751 1067 821 μάχην.
1089 753 1150 803 El
1179 752 1283 821 γάρ
1321 753 1504 823 παύσῃ
1540 754 1603 806 σὺ
1630 754 1903 822 πολεμῶν,

324 842 594 895 παύσεται
624 842 825 912 δηλαδὴ
852 844 986 895 καὶό
1015 842 1121 895 ὑπὸ
1154 841 1249 894 σοῦ
1281 844 1714 913 πολεμούμενος.
1748 846 1813 898 Ei
1844 845 1906 898 δὲ

325 936 553 1002 θέμενος
605 936 663 986 ἐν
704 933 940 1003 δευτέρῳ
1000 935 1067 986 τά
1115 935 1381 1004 εἰρημένα
1419 935 1555 1003 πρὸς
1597 936 1904 1007 παράταξιν

322 1029 509 1101 ἔλθῃς,
542 1027 679 1095 αὓτη
715 1044 773 1079 σε
805 1029 967 1096 πείρα
995 1026 1215 1091 δ.δάξει,
1250 1028 1358 1097 ὅσῳ
1388 1026 1451 1098 δὴ
1482 1027 1717 1099 σκληρὸν
1745 1031 1804 1082 τό
1841 1046 1902 1082 τε

327 1121 459 1189 πρὸς
496 1119 696 1186 κέντρα
728 1118 1024 1180 λακτίζειν,
1068 1120 1162 1171 καὶ
1209 1120 1269 1171 τὸ
1314 1121 1393 1179 εἰς
1432 1122 1523 1172 τὸν
1559 1121 1788 1190 οὐρανὸν
1820 1140 1901 1175 τι-

324 1214 476 1267 θέναι
498 1212 745 1280 γλῶτταν
774 1211 1073 1264 ἀκόλαστον
1094 1229 1106 1241 ’
1136 1209 1258 1263 οὔτε
1277 1211 1382 1282 γὰρ
1402 1214 1561 1275 αὐτὸς
1585 1213 1900 1283 ἐπανήξοις,

318 1306 414 1357 καὶ
444 1306 566 1357 ὅσον
598 1302 662 1370 δὴ
692 1302 871 1372 ἐπάγῃ
897 1302 993 1370 τῆς
1023 1300 1305 1370 στρατιᾶς,
1330 1302 1641 1365 ἀπολέσεις.
1673 1323 1692 1355 ι
1734 1304 1900 1374 Ὀργῇ

316 1398 364 1450 δ’
398 1382 620 1468 άμὲτρῳ
654 1397 1003 1467 χρησάμενος
1058 1398 1085 1450 ὁ
1113 1398 1352 1467 κρατῶν,
1386 1417 1404 1449 ι
1451 1396 1587 1450 Ἀλλ’
1609 1399 1865 1468 ἐπανήξω
1886 1439 1900 1460 ,

316 1489 448 1557 ἔφη,
473 1490 569 1542 σὺν
595 1488 774 1556 πολλῷ
794 1489 870 1558 τῷ
893 1489 1159 1558 τροπαίῳ,
1184 1490 1280 1541 καὶ
1304 1488 1402 1557 τὴν
1432 1488 1589 1554 ἀξίαν
1612 1490 1768 1560 δίκην
1798 1493 1902 1560 τῆς

312 1583 412 1649 σῆς
475 1579 842 1648 είσπράξομαι
873 1580 1445 1649 τόλμης,ξὰπελὲγχων
1472 1597 1567 1633 σου
1601 1581 1699 1650 τὴν
1729 1580 1900 1649 ψευδῆ

313 1671 672 1739 προφητείαν.
710 1687 728 1721 ι
780 1670 888 1723 Καὶ
946 1671 1148 1723 αὐτίκα
1179 1671 1553 1740 συλληφθῆναι
1598 1673 1688 1724 τὸν
1730 1673 1899 1742 ἄνδρα

313 1764 666 1831 προσέταττε,
702 1764 791 1815 καὶ
829 1764 932 1815 ὑπὸ
962 1764 1204 1833 φρουράν
1244 1765 1495 1830 γενέσθαι
1527 1765 1629 1827 ἓως
1653 1759 1715 1818 οὗ
1757 1766 1889 1818 ὑπο·
1928 1788 1964 1839 ι3

313 1855 615 1926 στρέψειεν.
651 1857 711 1908 '0
740 1856 784 1907 δ’
816 1853 993 1910 ἀπιὼν
1024 1857 1172 1919 ἐϐόα,
1199 1876 1215 1906 ι
1245 1859 1489 1922 Κτείνον,
1532 1860 1580 1910 εί
1611 1859 1889 1929 φωραθείη

308 1948 421 2000 τῶν
461 1949 633 2015 λόγων
680 1950 741 2000 τὸ
793 1949 1003 2017 ψεῦδος.
1049 1969 1066 2001 ι
1099 1950 1161 2003 Ei
1191 1950 1235 2001 δ’
1273 1953 1352 2013 εἰς
1384 1951 1547 2020 ἔργον
1599 1954 1783 2022 ἀπέϐη
1814 1951 1893 2022 τῷ

306 2041 441 2108 ὁσίῳ
472 2043 538 2091 τὰ
572 2041 828 2108 ῥήματα,
855 2038 1091 2108 δηλώσει
1123 2043 1190 2094 τά
1216 2041 1536 2109 πράγματα.
1592 2042 1746 2095 Ἐπεὶ
1781 2046 1893 2112 γὰρ

308 2131 529 2200 σύναμα
555 2131 630 2200 τῷ
662 2132 875 2201 στρατῴ
905 2132 1074 2203 ἐξῄει,
1108 2135 1157 2185 οί
1190 2134 1290 2203 μὲν
1342 2134 1611 2206 βάρϐαροι
1656 2136 1919 2205 τραπέν-.

306 2238 401 2283 τες
433 2222 783 2289 ὑπεχώρουν·
815 2224 842 2275 ὁ
877 2224 921 2277 δ’
954 2225 1284 2289 ἐπιδιώκων,
1305 2224 1421 2295 τὴν
1456 2226 1893 2296 Θρᾴκη-[παρα-

314 2314 538 2383 μείψας,
586 2316 685 2385 τὴν
759 2315 1039 2384 Ἀδριανοῦ
1094 2317 1599 2388 κατελάμϐανεν,ἢ
1650 2319 1706 2368 ἐν
1773 2320 1890 2381 τοῖς

305 2407 475 2476 ὁρίοις
506 2409 841 2472 Μακεδονίας
877 2408 1040 2462 ἐστίν.
1079 2410 1152 2463 Οὐ
1182 2409 1322 2462 πάνυ
1347 2410 1403 2463 δὲ
1440 2411 1629 2480 πόρρω
1664 2411 1892 2480 γενόμε-

306 2517 419 2561 νος.
446 2503 555 2562 τοῖς
583 2501 876 2571 βαρϐάροις
908 2505 966 2555 ἐν
998 2501 1074 2571 τῷ
1099 2502 1330 2568 ἀσφαλεῖ
1362 2502 1724 2564 καθεστῶσιν,
1762 2504 1888 2570 ἐξα-

304 2595 468 2660 πίνης
511 2594 829 2661 συμϐάλλει,
860 2593 934 2663 μὴ
970 2594 1411 2662 προδιαθέμενος,
1446 2595 1571 2666 μηδ’
1605 2596 1756 2657 ὅπως
1782 2597 1888 2666 χρὴ

306 2684 573 2747 συντάξας
606 2683 703 2753 τὴν
735 2685 1013 2754 στρατιάν.
1044 2685 1134 2753 Τῴ
1165 2685 1208 2736 δ’
1241 2685 1422 2754 ἁθρόῳ
1451 2688 1557 2738 τῶν
1590 2685 1888 2757 βαρϐάρων

298 2775 402 2843 τῆς
457 2775 761 2845 προσϐολῆς
833 2779 928 2844 τῆς
985 2775 1151 2828 ἵππου
1219 2776 1650 2846 διασπασθείσης
1705 2779 1879 2847 αὑτῷ,

303 2873 398 2924 καὶ
473 2870 567 2924 τοῦ
671 2871 955 2924 ὁπλιτικοῦ
1064 2871 1370 2941 τραπέντος
1472 2873 1884 2941 συντάγματος,

299 2963 463 3025 ἄλλος
521 2962 756 3032 ἀλλαχοῦ
836 2964 1106 3031 ἔφευγον·
1162 2964 1212 3015 οί
1285 2964 1328 3015 δ’
1384 2965 1650 3026 ἐπιόντες.
1720 2964 1891 3027 ἀδεῶς

296 3056 567 3117 ἐκτεινω.
610 3056 666 3109 Ὀ
700 3057 754 3107 δὲ
793 3055 1047 3122 βασιλεὺς
1086 3055 1179 3107 καὶ
1213 3055 1372 3118 αὑτὸς
1408 3057 1716 3125 ἁνακράτος
1755 3055 1885 3123 φεύ·

2006 574 2362 630 cisti.ltcdde
2396 575 2561 644 igitur
2617 583 2765 629 recte
2818 574 3207 639 sentientibus,
3255 584 3310 628 ct
3370 575 3583 631 sincere

2009 666 2137 720 fidei
2163 666 2393 726 Nicmnze
2417 669 2696 721 decretum
2745 666 3114 731 servantibus,
3136 682 3276 736 quas
3327 667 3579 722 ademisti

2005 758 2297 812 ecclesias:
2329 769 2383 814 et
2418 759 2603 813 labore
2636 760 2788 812 nullo
2841 759 3017 813 victor
3051 758 3104 812 in
3168 759 3314 814 bello
3355 759 3577 815 evades.

2007 851 2062 906 Si
2096 851 2241 905 enim
2274 858 2329 904 tu
2361 851 2638 905 adversari
2672 850 2749 904 illi
2779 850 3014 906 desieris
3033 860 3087 906 et
3120 851 3418 922 quieveris,
3455 853 3580 921 qui-

2006 954 2157 998 escet
2188 943 2401 998 scilicet
2434 952 2490 997 et
2516 944 2606 996 ille
2631 959 2793 1012 quem
2827 950 2883 996 tu
2915 958 3218 1013 oppugnas.
3250 943 3343 998 Sin
3382 945 3572 998 verbis

2010 1036 2163 1089 hisce
2197 1036 2549 1103 contemptis.
2582 1034 2823 1088 inaciem
2863 1035 3207 1104 perveneris.
3239 1050 3299 1090 re
3337 1037 3450 1105 ipsa
3487 1050 3581 1097 cx-

2003 1127 2242 1197 periere,
2290 1142 2453 1196 quam
2500 1127 2703 1179 durum
2737 1126 2805 1178 sit
2829 1134 3023 1180 contra
3069 1126 3352 1181 stimulum
3413 1122 3579 1182 calci-

2006 1231 2174 1281 trare,
2208 1226 2262 1270 et
2321 1219 2374 1271 in
2409 1218 2606 1271 coelum
2666 1218 3022 1285 impotentem
3072 1217 3308 1286 linguam
3364 1218 3577 1274 tollere.

2004 1312 2193 1380 Neque
2238 1312 2382 1365 enim
2436 1310 2549 1377 ipse
2611 1309 2848 1364 redibis:
2904 1319 2961 1363 et
2984 1324 3120 1376 quas
3151 1317 3331 1363 tecum
3399 1309 3579 1371 ducis,

2004 1405 2190 1474 copias
2243 1405 2456 1474 perdes.
2489 1421 2508 1454 ι
2562 1403 2867 1472 Imperator
2926 1411 3111 1455 autem
3166 1401 3581 1456 vehementiore

2004 1498 2085 1551 ira
2117 1503 2454 1551 commotus:
2494 1494 2635 1565 (Ego
2661 1508 2812 1557 vero,
2849 1494 3046 1563 inquit.
3081 1494 3271 1547 redibo
3298 1508 3421 1547 cum
3446 1508 3583 1563 prte-

2005 1587 2701 1658 clarotropteo,etdignas
2750 1601 2778 1638 a
2836 1594 2889 1640 te
2948 1585 3271 1639 temeritatis
3328 1593 3432 1638 tuae
3485 1600 3581 1639 su-

2005 1698 2148 1737 main
2190 1696 2401 1751 pinnas.
2455 1679 2976 1749 prtedictionemque
3026 1688 3174 1732 tuam
3228 1676 3418 1731 falsam
3463 1692 3582 1732 esse

1999 1772 2339 1828 ostendam-.3
2381 1771 2446 1825 Et
2477 1769 2762 1824 confestim
2823 1756 3214 1838 comprehendi
3278 1768 3579 1832 hominem,

1996 1863 2132 1917 etin
2171 1860 2416 1917 custodia
2455 1861 2745 1922 asservari,
2783 1859 2956 1913 donec
3018 1859 3248 1922 rediret,
3284 1858 3474 1929 jussit.
3511 1858 3580 1912 At

1998 1955 2088 2009 ille
2108 1954 2378 2009 adductus
2396 1951 2797 2007 vociferabatur
2823 1969 2835 2004 :
2864 1951 3076 2005 «Eneca
3090 1951 3276 2014 etiam,
3297 1950 3576 2019 inquiens,

1994 2049 2039 2101 si
2067 2045 2348 2100 mendacia
2373 2060 2493 2099 esse
2514 2043 2943 2113 deprehenderis
2967 2043 3133 2096 verba
3184 2057 3326 2096 mea.
3346 2060 3364 2092 ι
3432 2042 3574 2097 Num

1995 2147 2180 2191 autem
2237 2135 2305 2189 ad
2341 2150 2454 2189 rem
2490 2135 2684 2189 collata
2720 2135 2829 2186 sint
2884 2133 3059 2187 sancti
3100 2131 3204 2203 viri
3263 2132 3431 2197 dicta,
3489 2148 3577 2187 res

1996 2229 2111 2297 ipsa
2146 2236 2293 2298 gesta
2322 2225 2646 2281 declarabit.
2703 2224 3000 2292 Postquam
3063 2225 3208 2278 enim
3242 2240 3366 2278 cum
3402 2225 3575 2293 copiis

1993 2319 2297 2387 imperator
2332 2326 2417 2371 est
2442 2329 2723 2385 egressus,
2753 2314 2979 2369 Barbari
3012 2316 3265 2370 conversi
3304 2325 3573 2371 retroces-

1995 2421 2207 2464 scrunt:
2237 2426 2375 2477 quos
2399 2408 2489 2463 ille
2514 2408 2832 2477 insequens,
2853 2407 3085 2461 Thracia
3114 2417 3239 2476 post
3261 2423 3322 2463 se
3358 2408 3572 2489 relicta,

1995 2501 2406 2571 Adrianopolim
2431 2500 2603 2567 venit,
2634 2515 2756 2570 qua:
2784 2500 2836 2554 in
2868 2499 3202 2555 Macedoniae
3241 2500 3442 2555 finibus
3469 2499 3573 2554 sita

1990 2604 2093 2649 est.
2133 2594 2311 2662 Atque
2340 2588 2432 2647 ubi
2461 2608 2569 2645 non
2597 2592 2757 2659 longe
2784 2591 2852 2645 ab
2908 2590 3160 2645 hostibus
3205 2590 3402 2654 abfuit,
3448 2606 3570 2645 cum

1992 2686 2096 2755 ipsi
2116 2686 2169 2739 in
2194 2693 2312 2738 tuto
2340 2684 2459 2738 loco
2487 2692 2694 2748 essent,
2728 2698 2792 2736 ex
2830 2682 3132 2751 improviso
3151 2683 3441 2736 ordinibus
3462 2698 3569 2737 non

1990 2775 2290 2846 dispositis,
2319 2784 2495 2844 neque
2530 2774 2645 2828 acie
2675 2788 2772 2843 pro
2809 2788 2876 2827 eo
2908 2781 3074 2842 atque
3110 2772 3563 2836 debuitstructa,

1991 2886 2087 2924 eos
2117 2879 2201 2924 est
2228 2868 2479 2922 adortus.
2505 2865 2643 2921 Cum
2684 2880 2814 2919 vero
2848 2863 3070 2918 Barbari
3124 2864 3412 2918 confertim
3473 2882 3568 2918 rn-

1990 2948 2167 3025 entes,
2216 2959 2673 3028 equitatusﬁjus
2704 2959 2983 3028 impetum
3033 2964 3090 3011 et
3151 2956 3568 3026 impressionem

1988 3056 2381 3117 distraherent,
2439 3062 2495 3106 ct
2551 3027 2858 3121 graviorem
2912 3059 3244 3103 armaturam
3277 3047 3333 3102 in
3385 3051 3566 3117 fugam

295 3163 437 3217 γων,
467 3148 677 3209 ἀποϐάς
705 3148 798 3199 τοῦ
829 3147 1018 3213 ἵππου,
1051 3147 1143 3199 ἆτε
1174 3147 1235 3215 δὴ
1269 3148 1555 3219 ἀμηχανίᾳ.
1588 3147 1754 3215 πολλῇ
1790 3165 1881 3199 συ-

1985 3156 2286 3205 verterent.
2312 3144 2458 3198 alius
2494 3144 2601 3196 alio
2631 3159 2687 3196 se
2734 3141 2970 3210 recepit:
3032 3141 3220 3194 hostes
3261 3151 3440 3193 autem
3489 3141 3567 3194 eis

296 3233 544 3303 σχεθεὶς,
578 3234 634 3285 ἐν
668 3251 774 3286 τινι
811 3234 919 3285 τῶν
952 3236 1071 3288 κατ’
1098 3237 1302 3306 ἀγροὺς
1335 3236 1659 3304 οἰκημάτων
1696 3236 1877 3307 χόρτῳ

289 3325 398 3393 τὴν
432 3325 624 3393 στέγην
659 3325 1059 3395 ἐπηλυγάζοντι
1094 3327 1286 3378 ἑαυτὸν
1319 3327 1737 3399 κατακρύπτει,
1776 3329 1875 3380 σὺν

285 3419 409 3479 τοῖς
447 3417 738 3485 ἑπομένοις
777 3418 978 3485 ὀλίγοις
1015 3414 1133 3472 οὖσι
1174 3420 1463 3472 λανθάνειν
1503 3418 1871 3490 πειρώμενος.

287 3510 361 3561 (li
409 3510 464 3562 δέ
517 3510 782 3581 βάρϐαροι
837 3511 1252 3583 ρύμῃράσχέτῳ
1306 3514 1633 3582 φερόμενοι,
1682 3511 1867 3584 ὥσπερ

285 3601 460 3654 τᾶλλα
485 3603 553 3654 τὰ
581 3604 636 3654 ἐν
663 3604 844 3666 ποσὶν,
870 3601 1015 3656 οὕτω
1041 3605 1105 3673 δὴ
1135 3605 1226 3657 καὶ
1251 3605 1314 3656 τὸ
1345 3606 1551 3675 οἴκημα
1581 3606 1757 3677 πυρὸς
1785 3607 1875 3660 δαι-

284 3693 474 3762 πάνην
507 3693 748 3756 ἐποίουν,
788 3694 1082 3764 μηδεμίαν,
1119 3694 1194 3757 ὥς
1231 3713 1389 3764 φασι,
1427 3697 1554 3768 περὶ
1589 3696 1685 3750 τοῦ
1722 3697 1875 3767 βασι-

284 3786 432 3845 λέως
463 3785 723 3845 λαϐόντες
757 3785 1014 3839 ὑπόνοιαν
1041 3802 1055 3817 ⁶
1091 3787 1179 3840 καὶ
1221 3789 1319 3840 σὺν
1350 3791 1416 3859 τῇ
1454 3788 1619 3860 κώμῃ
1653 3790 1748 3843 καὶ
1780 3791 1873 3842 τὸν

287 3876 395 3944 τῆς
424 3876 681 3945 ἀληθείας
709 3878 1007 3932 ἀντίπαλον
1037 3879 1490 3948 κατετέφρωσαν.
1522 3882 1653 3935 Ὅτε
1686 3882 1751 3951 δὴ
1785 3883 1871 3935 λό-

286 3988 391 4038 γος
418 3972 512 4024 τὸν
544 3970 764 4040 θεοφιλῆ
795 3970 964 4039 ἄνδρα
993 3971 1087 4023 τὸν
1128 3972 1421 4033 Ἰσαάκιον,
1449 3973 1766 4041 ὀπτώμενον
1796 3974 1870 4044 τῷ

283 4052 552 4133 δωματίῳ
579 4062 860 4117 Οὐάλεντα
886 4062 1217 4134 ᾐσθημένον,
1244 4065 1343 4132 τῆς
1370 4066 1581 4119 ἐκεῖθεν
1610 4066 1871 4137 ἐμφορεῖ-

285 4152 417 4205 σθαι
452 4152 713 4219 κνίσσης,
748 4152 842 4202 καὶ
876 4153 988 4213 τοῖς
1023 4152 1080 4203 ἐν
1116 4151 1329 4222 φρουρᾷ
1360 4153 1721 4220 καταγγετλαι
1744 4192 1760 4218 ,
1794 4154 1869 4217 ὡς

288 4245 389 4297 νῦν
440 4243 655 4312 Οὐάλης
692 4243 828 4312 πυρὶ
863 4243 1237 4313 κατατήκεται
1259 4258 1275 4274 ο
1312 4245 1344 4313 ἡ
1378 4243 1433 4298 δέ
1468 4243 1737 4315 ὄσφρησις
1769 4246 1868 4316 τῆς

288 4334 502 4389 ἐκεῖθεν
530 4335 913 4406 ἀπορρεούσης
967 4333 1264 4403 δυσοδμίας
1294 4335 1637 4391 αἰσθάνεται.
1670 4338 1732 4390 Oi
1769 4338 1866 4406 μὲν

287 4424 385 4480 οὗν
416 4427 558 4479 οὕτω
589 4427 724 4495 φασὶ
756 4425 1035 4497 φθαρῆναι
1067 4428 1345 4482 Οὐάλεντα
1367 4444 1382 4458 ·
1415 4430 1467 4483 οἱ
1496 4430 1553 4483 δὲ
1585 4431 1679 4484 καὶ
1708 4430 1867 4484 τοῦτο

1984 3238 2353 3301 imminentes,
2416 3244 2563 3288 metu
2622 3234 2798 3298 nullo,
2855 3232 3059 3286 caedem
3114 3234 3339 3286 multam
3402 3232 3564 3301 215

1982 3329 2192 3384 fecere.
2230 3328 2532 3398 Imperator
2588 3340 2809 3395 quoque
2849 3324 2965 3395 ipse
3021 3339 3236 3378 cumex
3263 3339 3408 3394 equo
3465 3339 3564 3393 per

1981 3422 2753 3492 desperationemsummam
2817 3416 3215 3483 descendisset,
3294 3425 3560 3486 quantum

1979 3522 2194 3583 poterat
2227 3513 2466 3582 fugiens,
2525 3512 2581 3565 in
2638 3508 2928 3580 quamdam
2982 3509 3127 3563 villa:
3172 3507 3561 3563 domunculam

1978 3607 2298 3661 stramentis
2332 3612 2666 3667 contectam,
2694 3618 2817 3657 cum
2847 3602 3038 3671 paucis
3067 3601 3158 3671 qui
3188 3615 3316 3655 eum
3384 3601 3560 3655 secuti

1975 3700 2223 3762 fuerant,
2257 3697 2429 3750 latere
2473 3694 2546 3749 ibi
2576 3695 2787 3759 volens,
2821 3708 2879 3748 se
2925 3693 3155 3748 abdidit.
3198 3692 3420 3747 Barbari
3460 3707 3563 3745 au-

1977 3801 2083 3844 tem
2123 3790 2330 3859 impetu
2363 3796 2419 3842 et
2446 3787 2738 3844 celeritate
2804 3786 3039 3840 maxima
3075 3785 3452 3855 insequentes,
3487 3787 3559 3840 ei-

1975 3883 2085 3937 cnti
2125 3882 2229 3936 alia
2258 3880 2325 3935 ad
2360 3894 2481 3950 qua:
2536 3888 2803 3934 venerant
2835 3886 2998 3942 tecta,
3055 3878 3126 3932 ita
3163 3878 3554 3932 domunculnm

1971 3991 2093 4029 eam
2123 3989 2342 4045 quoque
2370 3971 2770 4026 incenderunt:
2813 3986 2938 4025 cum
2963 3970 3208 4045 quidem,
3244 3980 3304 4025 ut
3333 3970 3554 4034 dicitur,

1972 4066 2109 4120 nihil
2137 4042 2204 4119 de
2238 4042 2567 4133 imperatore
2606 4059 3046 4130 suspicarentur.
3079 4042 3272 4114 Sicilli
3295 4075 3399 4114 una
3428 4076 3554 4115 cum

1972 4159 2093 4213 vico
2127 4173 2213 4220 eo,
2246 4154 2497 4210 veritatis
2523 4154 2688 4209 etiam
2734 4153 2950 4206 hostem
2982 4152 3037 4205 in
3071 4153 3289 4207 cineres
3324 4152 3553 4222 redege-

1971 4256 2119 4301 runt.
2180 4246 2300 4313 Quo
2332 4257 2578 4314 tempore
2611 4244 2753 4298 fama
2793 4251 2900 4306 est,
2941 4241 3055 4297 Deo
3079 4244 3341 4297 dilectum
3377 4242 3554 4296 virum

1972 4336 2258 4400 lsaacinm,
2288 4350 2410 4388 cum
2450 4334 2733 4389 Valentem
2791 4334 2845 4386 in
2868 4331 3208 4386 domuncula
3243 4347 3306 4387 ea
3366 4347 3551 4387 assum

1969 4428 2230 4486 sentiens.
2265 4427 2458 4479 nidore
2492 4425 2613 4495 ejus
2643 4426 2971 4494 repleretur,
3019 4426 3102 4479 eis
3132 4425 3225 4495 qui
3270 4439 3457 4481 secum
3495 4427 3551 4480 in

286 4521 357 4589 δὴ
387 4521 773 4590 προστιθέασιν
798 4536 813 4551 ο
847 4521 920 4582 ὡς
952 4519 1128 4590 εἰσῄει
1161 4521 1260 4589 μὲν
1295 4520 1354 4573 τὸ
1382 4521 1655 4590 δωμάτιον
1684 4524 1867 4576 λαθεῖν

1983 4520 2231 4575 custodia
2256 4527 2434 4583 erant,
2464 4518 2828 4571 annuntiasse
2853 4536 2866 4572 :
2903 4517 3173 4586 nuncjam
3205 4517 3405 4572 Valens
3425 4518 3549 4586 igne

288 4614 666 4681 ἐπειγόμενος,
711 4615 803 4665 καὶ
835 4613 998 4681 μέχρι
1025 4613 1169 4675 τινὸς
1198 4612 1455 4666 ἐλάνθανε
1478 4630 1491 4644 ·
1523 4618 1863 4685 παρέτρεχον

291 4704 402 4772 γὰρ
427 4706 631 4758 ἐκεῖνον
657 4706 706 4757 oi
734 4704 1007 4774 βάρϐαροι
1035 4704 1223 4772 πρόσω
1250 4705 1454 4774 ἱέμενοι
1478 4721 1492 4736 ο
1520 4707 1861 4775 κρύπτεσθαι

285 4797 395 4865 γὰρ
426 4797 604 4850 ἐκεῖσε
637 4797 729 4849 τὸν
766 4796 991 4866 βασιλέα
1025 4795 1134 4848 οὐδ’
1160 4796 1219 4849 ἐν
1249 4796 1532 4860 ὑπονοίαις
1565 4793 1728 4868 ἦσαν.
1772 4799 1862 4861 Ὠς

281 4888 331 4941 δ’
357 4887 406 4939 oi
443 4888 663 4950 πλείους
695 4888 805 4939 τῶν
838 4886 1135 4957 βαρϐάρων
1169 4886 1576 4956 ὑπερϐαλόντες
1606 4890 1698 4942 τὸν
1731 4890 1858 4961 τῇδε

281 4982 463 5052 χῶρον
486 4982 764 5052 διέϐησαν,
790 4981 991 5047 ὀλίγων
1015 4978 1247 5050 ὕστερον
1273 4980 1558 5047 ἐπιόντων,
1584 4984 1693 5034 τῶν
1716 4998 1861 5046 τινες

280 5076 413 5144 περὶ
446 5074 534 5125 τον
572 5072 796 5142 βασιλέα
838 5071 978 5139 ὑπὲρ
1021 5069 1223 5140 στέγης
1256 5068 1350 5123 τοῦ
1392 5072 1668 5140 δωματίου
1706 5073 1859 5140 γενό-

281 5176 460 5227 μενοι,
487 5158 607 5212 κατ’
629 5158 852 5211 ἐκείνων
875 5158 942 5210 τὰ
971 5156 1103 5229 βέλη
1127 5158 1382 5228 ἠφίεσαν.
1410 5161 1471 5211 Οί
1497 5161 1553 5211 δὲ
1583 5160 1855 5215 Οὐάλεντα

278 5246 620 5316 κρύπτεσθαι
645 5245 832 5299 ἐνθάδε
861 5246 1323 5310 ὑποτοπάσαντες,
1352 5246 1502 5317 βοαῖς
1531 5247 1629 5300 σὺν
1655 5249 1857 5304 ἀλαλα-

276 5336 401 5406 γμῷ
432 5337 654 5407 μεγάλῳ
678 5338 941 5407 ἐχρῶντο,
966 5337 1041 5399 ὡς
1065 5336 1250 5389 ἐνθάδε
1278 5338 1491 5405 Οὐάλης
1517 5339 1688 5392 ἐστίν.
1712 5343 1775 5393 Οἱ
1801 5342 1855 5394 δέ

276 5425 701 5493 προστυχόντες,
736 5424 1051 5494 ἔμπροσθέν
1085 5441 1145 5477 τε
1184 5427 1280 5478 καὶ
1312 5426 1557 5491 ὄπισθεν,
1594 5429 1622 5479 ὃ
1657 5431 1854 5496 ἤκουον

270 5517 389 5576 τοῖς
425 5515 543 5584 μετ’
567 5515 765 5579 αὐτοὺς
803 5516 1046 5586 ἐδηλουν.
1083 5518 1173 5581 Ὠς
1190 5520 1411 5589 ιάκαρεὶ
1442 5522 1534 5574 καὶ
1563 5523 1687 5586 τοὺς
1722 5527 1853 5596 πορι

273 5607 456 5677 ῥωτέρ
476 5631 501 5660 υ
532 5608 824 5678 πολεμίους
846 5610 1098 5673 ἀκοῦσαι,
1133 5613 1226 5662 καὶ
1256 5613 1334 5673 εἰς
1364 5611 1697 5678 ἓν.ἂπαντα;
1729 5634 1854 5668 συν-

270 5698 488 5752 ελθεῖν*
524 5699 573 5752 οἳ
613 5700 679 5772 δὴ
721 5703 815 5754 καὶ
859 5702 1175 5771 περικύκλῳ
1222 5703 1281 5755 τὸ
1325 5704 1600 5774 δωμάτιον
1657 5708 1853 5759 συλλα-

272 5792 481 5859 ϐόντες,
524 5794 619 5845 καὶ
661 5792 793 5862 ὓλην
838 5795 980 5862 μάλα
1029 5794 1292 5865 πλείστην
1338 5797 1847 5867 περιαθροίσαντες,

515 5889 786 5949 Parnm.
833 5891 944 5949 (in.
1003 5887 1243 5950 CXLVI

1968 4618 2228 4671 torretur.
2253 4619 2301 4661 et
2331 4623 2493 4662 nares
2521 4606 2887 4678 profluentem
2913 4606 2980 4661 ab
3015 4622 3081 4660 eo
3109 4606 3335 4660 odorem
3368 4608 3551 4678 ingra-

1965 4711 2078 4754 tum
2110 4701 2376 4756 sentiunt.
2427 4675 2962 4769 Nonnulli'qnidem
3018 4701 3092 4753 ita
3125 4675 3547 4754 Valenlentvin-

1965 4794 2182 4848 teriisse
2214 4793 2429 4847 dicunt.
2465 4792 2568 4847 Alii
2597 4801 2780 4846 autem
2836 4793 2971 4847 illud
3020 4792 3252 4858 addunt,
3312 4794 3549 4849 subiisse

1961 4883 2180 4952 quidem
2201 4883 2375 4947 illum,
2399 4896 2525 4936 cum
2550 4882 2830 4935 occultare
2861 4896 2918 4935 se
2939 4890 3281 4951 properaret,
3305 4883 3542 4938 domun-

1962 4975 2164 5038 culam,
2203 4982 2371 5042 atque
2396 4972 2471 5026 ibi
2508 4971 2914 5040 aliquantulum
2945 4975 3197 5038 latuisse,
3230 4976 3377 5045 quod
3411 4977 3544 5032 Bar—

1960 5066 2077 5120 bari
2130 5079 2352 5119 cursum
2388 5080 2549 5119 suum
2601 5074 2854 5120 tenentes
2914 5069 3281 5135 prmterircnt,
3332 5079 3387 5124 et
3441 5072 3544 5125 im-

1960 5168 2269 5225 peratorem
2318 5156 2391 5208 ibi
2444 5156 2710 5210 occultari
2773 5171 2935 5210 nemo
2982 5160 3378 5228 suspicaretur.
3442 5163 3541 5218 Ubi

1959 5261 2140 5303 auten
2163 5248 2396 5302 maxima
2438 5249 2683 5304 hostium
2715 5265 2848 5319 pars
2891 5265 2958 5305 eo
2990 5251 3109 5304 loco
3135 5264 3395 5322 superato
3423 5256 3541 5310 abi-

1960 5343 2109 5404 isset.
2132 5356 2187 5398 ct
2216 5344 2369 5413 pauci
2393 5355 2580 5414 postea
2618 5343 2963 5410 advenirent,
2992 5344 3262 5412 quosdam
3296 5345 3536 5414 impera-

1960 5437 2093 5489 toris
2119 5436 2255 5504 fuga:
2282 5437 2585 5492 comitesiu
2622 5446 2824 5490 tectum
2875 5437 3226 5492 domunculae
3265 5453 3536 5492 conscen-

1957 5529 2123 5592 disse,
2152 5538 2206 5582 et
2238 5530 2342 5582 tela
2400 5529 2453 5581 in
2485 5528 2757 5581 Barbaros
2799 5527 3124 5597 conjecisse.
3173 5529 3352 5597 Atque
3409 5528 3534 5583 illos

1958 5628 2068 5673 tum
2095 5620 2314 5673 demum
2349 5620 2613 5674 occultari
2642 5619 2714 5673 ibi
2747 5619 3026 5674 Valentem
3072 5620 3403 5689 suspicatus,
3452 5622 3536 5675 in-

1953 5710 2101 5778 genti
2132 5709 2373 5763 claruere
2406 5709 2746 5779 etjubilatu,
2792 5718 2981 5781 utpote
3012 5710 3272 5777 victores,
3334 5711 3533 5766 Valen-

1957 5812 2062 5855 tem
2118 5801 2282 5855 istbic
2329 5816 2449 5855 esse
2522 5801 2851 5856 vociferatos
2905 5818 3046 5857 esse.
3102 5802 3270 5872 quue
3334 5816 3391 5861 ct
3441 5820 3537 5875 qui

3138 5899 3215 5959 24
