4062 6464
439 370 543 431 749

1354 357 1948 422 ECCLESIAS’I‘lC/E
1993 355 2375 413 HlS'l‘OBL'E
2413 354 2559 413 LIB.
2605 353 2737 414 XII.

3577 349 3680 413 ’150

439 478 781 552 πραγμάτων
827 478 1014 539 ὄντων,
1052 475 1240 544 ὄφελος
1272 478 1372 530 οὐκ
1436 477 1716 544 ἐλάχιστον
1762 473 2010 539 ἐγένοντο

2131 482 2208 522 res
2244 468 2296 521 in
2329 467 2648 523 discrimine
2666 473 2833 524 esset.
2871 476 2979 517 nou
3012 476 3203 532 parum
3241 460 3360 529 opis
3384 459 3682 515 auxiliares

438 576 487 626 οί
515 573 621 624 ἀπὺ
644 572 863 632 Μαυῖας
891 568 1232 638 πεμφθέντες
1259 567 1537 638 σύμμαχοι
1568 570 1628 620 ὲκ
1654 564 2006 634 Σαρακηνῶν.

441 665 633 719 Πολλοὶ
671 648 729 714 δὲ
765 664 858 714 καὶ
895 661 1005 715 τῶν
1032 663 1095 715 ἐκ
1126 661 1218 715 τοῦ
1242 661 1415 728 δήμου
1453 658 1630 730 μισθῷ
1680 657 1851 727 ῥητῷ,
1919 658 2013 706 Δο-

442 756 638 825 μνίκης
668 754 1011 825 χορηγούσης
1060 754 1160 820 τῆς
1193 753 1492 814 Οὐάλεντος
1549 749 1826 819 γυναικὸς,
1881 746 2015 799 ἑκα-

441 868 564 915 στος
600 857 662 903 τὸ
697 851 1005 919 προστυχὸν
1039 848 1204 902 ὅπλον
1239 848 1575 918 ποιούμενοι,
1611 842 2014 913 ἀντεπεξῄεσαν

438 945 551 1004 τοῖς
576 943 897 1011 βαρϐάροις,
933 941 1198 1008 γενναίως
1231 958 1286 993 τε
1310 940 1664 1009 ἀμυνόμενοι,
1694 939 1791 1006 τῆς
1807 938 2016 998 πόλεως

441 1035 775 1101 πορρωτέρω
791 1031 1098 1099 ἀπήλασαν.
1114 1030 1423 1100 Τρατιανὸς
1442 1029 1519 1091 δὲ,
1541 1029 1568 1081 ὁ
1584 1027 1897 1096 ἀδελφιδοῦς
1917 1026 2017 1095 μὲν

442 1125 766 1188 Οὐάλεντος,
791 1126 925 1187 παῖς
955 1125 1010 1178 δὲ
1032 1120 1506 1183 Οὐαλεντινιανοῦ,
1526 1115 2018 1187 σύναματάδελφῷ

443 1217 523 1288 τῷ
571 1216 680 1285 νέῳ
736 1216 939 1284 δηλαδὴ
1005 1213 1457 1280 Οὑαλεντινιανῷ,
1511 1213 1689 1265 πᾶσαν
1728 1211 1827 1277 τὴν
1886 1209 2021 1261 Ῥω·-

451 1309 627 1379 μαίων
646 1308 821 1378 ἀρχὴν
852 1309 941 1377 ὑφ’
958 1306 1152 1360 ἑαυτὸν
1174 1307 1405 1358 ἐποιεῖτο
1425 1322 1439 1336 ο
1462 1305 1554 1356 καὶ
1578 1302 1687 1371 γὰρ
1710 1303 1879 1355 πάλαι
1919 1299 2019 1368 μὲν

438 1402 538 1469 τὴν
569 1399 668 1466 τῆς
697 1398 971 1466 Εὐρώπης
1007 1396 1182 1465 ἀρχὴν
1229 1394 1525 1463 ἐκληροῦτο
1585 1395 1721 1462 μετά
1765 1392 2020 1460 τελευτὴν

439 1494 534 1545 τοῦ
554 1492 761 1561 πατρὸς
789 1505 804 1521 ο
849 1494 942 1545 καὶ
960 1489 1064 1549 ἓως
1095 1487 1177 1540 ἔτι
1201 1488 1399 1556 περιῆν
1437 1487 1663 1549 ἐκεῖνος,
1693 1486 1794 1552 τῆς
1840 1482 2019 1554 ἀρχῆς

440 1582 754 1634 ἐκοινώνειι
782 1580 876 1632 νῦν
913 1580 970 1633 δὲ
1009 1580 1101 1632 καὶ
1138 1578 1237 1648 τὴν
1302 1576 1486 1630 Ἀσίαν
1543 1578 1764 1630 ἃπασαν
1814 1578 1905 1628 καὶ
1954 1574 2020 1627 τὰ

440 1671 736 1739 λειπόμενα
764 1670 1105 1738 προσεκτᾶτο
1134 1668 1363 1738 Λιϐύης,
1385 1668 1611 1729 ἄπαιδος
1640 1666 2022 1736 ἀναιρεθέντος

441 1758 765 1819 Οὐάλεντος.
805 1758 909 1809 Καὶ
942 1756 1008 1827 δὴ
1044 1755 1237 1826 Θρηνεῖ
1283 1757 1384 1824 μὲν
1413 1756 1504 1807 τὸν
1549 1755 1694 1809 θεῖον
1722 1771 1735 1785 ·
1788 1754 2023 1824 ἐκόψατο

2116 558 2289 626 copia:
2325 555 2772 619 Sarracenorum,
2800 567 2937 622 quas
2972 551 3143 612 illavia
3181 552 3428 612 miserat,
3488 550 3680 603 tulere.

2116 646 2444 702 Multictiam
2472 661 2503 701 e
2526 646 2747 715 populo,
2772 644 3049 714 stipendio
3080 659 3107 696 a
3139 642 3418 696 Dominica
3450 640 3548 711 (l).
3585 641 3681 695 Va-

2117 739 2280 793 lentis
2300 739 2551 808 conjuge,
2584 738 2885 791 constituto
2941 734 3220 798 conducti,
3284 736 3518 805 arreptis
3566 749 3688 803 qua:

2121 841 2234 885 tum
2261 839 2476 898 tempus
2507 828 2779 884 oll‘erebat
2807 830 2991 895 armis,
3023 828 3276 883 barbaris
3294 827 3511 882 obviam
3537 828 3683 882 iere:

2119 935 2322 988 eosque
2354 919 2571 974 fortiter
2623 920 2949 975 dimicantes
2982 920 3200 988 longius
3255 917 3323 972 ab
3366 918 3503 972 urbe
3559 933 3689 985 pro-

2123 1011 2334 1081 pulere.
2366 1009 2664 1065 Gratianus
2716 1018 2900 1063 autem
2941 1009 3184 1065 Valentis
3229 1009 3455 1079 quidem
3504 1008 3691 1061 fratris

2123 1104 2287 1167 ﬁlius,
2324 1102 2692 1157 Valentiniani
2718 1117 2846 1155 vero
2903 1104 3109 1172 proles,
3164 1116 3272 1156 una
3335 1114 3460 1156 cum
3520 1100 3690 1154 fratre

2121 1192 2509 1248 Valentiniano
2559 1194 2800 1264 juniore,
2839 1195 3007 1248 totius
3065 1194 3294 1247 Romani
3349 1193 3567 1262 imperii
3600 1193 3694 1245 atl-

2123 1285 2582 1343 ministrationem
2614 1285 2873 1352 suscepit.
2906 1285 3122 1337 Dudum
3158 1298 3394 1353 namque
3424 1293 3546 1353 post
3594 1298 3692 1352 pa-

2123 1380 2225 1432 tris
2263 1388 2493 1431 mortem
2527 1377 2760 1445 Europae
2812 1376 3101 1445 imperium
3131 1376 3482 1429 obtinuerat:
3520 1389 3693 1443 eoque

2123 1468 2442 1537 superstite,
2478 1468 2694 1535 imperii
2721 1468 2904 1522 socius
2938 1468 3137 1521 fuerat.
3177 1468 3314 1521 Tum
3346 1478 3531 1522 autem
3568 1469 3693 1519 Asia

2125 1560 2324 1623 omnis,
2352 1570 2409 1615 et
2432 1560 2704 1631 quidquid
2734 1569 3024 1630 supererat
3048 1559 3252 1631 Libyae.
3292 1567 3438 1629 quod
3496 1558 3697 1612 Valens

2124 1653 2333 1722 absque
2357 1652 2551 1707 liberis
2566 1653 2917 1719 decessisset,
2948 1653 3001 1706 in
3039 1661 3363 1721 potestatem
3386 1653 3505 1721 ejus
3525 1654 3695 1704 venit.

2126 1742 2288 1817 223
2322 1743 2386 1797 Et
2427 1744 2674 1798 luxitille
2701 1744 2923 1814 quidem
2963 1754 3245 1813 patruum,
3296 1744 3699 1812 imperiumque

440 1851 624 1919 δὲτὴν
661 1847 952 1915 Ῥωμαίων
1011 1847 1186 1917 ἀρχὴν
1245 1846 1388 1900 οὕτω
1446 1845 1631 1908 κακῶς
1694 1844 2020 1916 δῃουμένην.

2131 1833 2434 1889 Romanum
2463 1834 2537 1887 ita
2565 1843 2836 1888 vastatum
2870 1849 2994 1889 esse
3029 1835 3202 1888 ﬂevit.
3224 1832 3468 1890 Consilio
3513 1845 3698 1909 autem

441 1942 816 2011 Μεμψάμενος
848 1941 903 1994 δὲ
931 1942 1026 1993 καὶ
1066 1941 1166 2010 τὴν
1224 1940 1450 2009 γνώμην
1506 1938 1738 2002 ἐκείνου,
1792 1938 1861 2006 ἢν
1908 1937 2020 1989 διε·

441 2032 658 2085 τέλεσεν
685 2031 822 2100 ἔχων
849 2032 1127 2101 περἰτούς
1174 2030 1349 2093 ἄλλως
1387 2031 1418 2100 ἢ
1475 2030 1552 2092 ὡς
1602 2029 1797 2099 ἐκείνῳ
1847 2028 2022 2082 ἐδόκει

443 2124 789 2189 δοξάζοντας,
844 2123 996 2193 νόμῳ
1053 2123 1304 2175 ἐκέλευεν
1362 2122 1437 2184 ὡς
1494 2123 1712 2190 ἑκάστῳ
1768 2120 2023 2191 βούλησις

445 2213 583 2276 ἔστι,
632 2212 981 2282 Θρησκεύειν,
1043 2213 1138 2265 καὶ
1198 2213 1368 2274 ἀδεῶς
1422 2196 1569 2280 μάλα
1616 2211 2020 2281 ἐκκλησιάζειν,

448 2304 588 2374 πλὴν
617 2305 725 2356 τῶν
755 2304 870 2355 ὅσοι
892 2306 960 2355 τὰ
982 2303 1291 2372 Μανιχαίου
1347 2303 1442 2354 καὶ
1481 2301 1748 2354 Φωτεινοῦ
1787 2301 1880 2353 καὶ
1924 2299 2025 2350 Εὐ·-

446 2396 634 2464 νομίου
666 2396 926 2463 ἐφρόνουν
969 2410 983 2422 ⁸
1019 2396 1245 2454 καὶτοῖς
1268 2394 1372 2445 ὑπὸ
1396 2391 1697 2453 Οὐάλεντος
1726 2390 2022 2443 καταδικα-

449 2490 621 2541 σθείσι
668 2487 778 2540 τῶν
842 2487 1163 2538 ἐπισκόπων
1217 2485 1394 2553 φυγὴν
1451 2484 1720 2552 ἐπέτρεπε
1776 2480 2022 2535 κάθοδον.

452 2579 681 2631 Ἔπειτα
708 2575 941 2629 συνιδὼν
972 2575 1108 2645 πρὸς
1136 2574 1197 2626 τὺ
1220 2576 1316 2642 τῆς
1351 2572 1623 2642 τοσαύτης
1652 2572 1827 2642 ἀρχῆς
1863 2572 2025 2641 μέγε-

448 2670 560 2734 θος,
590 2672 684 2722 καί
711 2668 784 2732 ὡς
812 2669 862 2721 οἱ
901 2668 1044 2737 ἀμφὶ
1071 2668 1162 2719 τὸν
1191 2667 1406 2736 Ἴστρον
1462 2665 1727 2735 βάρϐαροι
1784 2664 1882 2732 τὴν
1924 2664 2025 2718 Ἰλ-

448 2760 639 2830 λυρίδα
663 2761 759 2813 καὶ
786 2759 882 2830 τὴν
913 2759 1139 2831 Θρᾴκην
1190 2758 1448 2832 δῃοῦντες
1512 2760 1611 2811 οὐκ
1663 2758 1877 2825 ἔληγον,
1937 2759 2027 2811 ναὶ

453 2853 558 2924 μὴν
591 2852 680 2905 καὶ
724 2851 1021 2921 Ἀλαμανοὶ
1078 2850 1350 2914 Γαλάταις
1399 2852 1456 2904 ἐν
1504 2853 1570 2920 τῇ
1604 2851 1738 2920 πρὸς
1788 2851 2027 2919 ἑσπέραν

448 2944 726 3015 ἀρχομένη
762 2945 1048 2996 ἐπέκειντο
1087 2944 1155 2996 τὰ
1189 2942 1395 3013 ἔσχατα
1427 2942 1885 3013 κακουργοῦντες,
1912 2960 2027 2996 κοι-

450 3036 616 3088 νωνὸν
638 3038 702 3105 τῇ
732 3037 874 3104 ἀρχῇ
900 3034 1323 3105 προσελάμϐανε
1345 3035 1627 3089 Θεοδόσιον
1662 3051 1680 3068 ο
1723 3035 1893 3106 ἄνδρα
1942 3036 2029 3088 εὐ-

448 3129 581 3197 γενῆ
609 3146 668 3180 τε
697 3128 794 3181 καὶ
824 3129 1179 3199 περιώνυμον
1211 3128 1270 3182 ἐν
1327 3131 1448 3193 ταῖς
1497 3128 1878 3198 στρατηγίαις,
1934 3128 2027 3181 καὶ
2055 3158 2098 3214 c

453 3215 683 3269 πλεῖστα
712 3218 834 3278 ταῖς
872 3216 1012 3286 ὑπὲρ
1042 3216 1150 3270 τῶν
1189 3215 1477 3285 ὁμοφύλων
1517 3217 1723 3287 μάχαις
1761 3216 2031 3283 ἀγωνισά-

454 3324 617 3378 μενον
649 3326 663 3340 ·
709 3310 804 3362 καὶ
839 3309 946 3378 πρὸ
975 3309 1072 3378 τῆς
1130 3308 1433 3381 Γρατιανοῦ
1475 3307 1814 3385 χειροτονίας
1879 3308 2031 3372 ἄξιον

452 3401 602 3471 παρὰ
627 3399 845 3454 πάντων
872 3400 952 3462 είς
982 3398 1042 3453 τὸ
1074 3397 1385 3468 βασιλεύειν
1435 3400 1783 3469 κρινόμενον.
1843 3398 1918 3452 Οὐ
1966 3399 2032 3470 δὴ

450 3494 632 3562 χάριν,
662 3493 765 3545 ὑπὸ
789 3491 900 3544 τῶν
929 3492 1214 3562 ὁμοτίμων
1252 3493 1364 3555 τοῖς
1391 3487 1487 3544 τοῦ
1513 3492 1733 3566 ,φθόνου
1784 3493 2032 3561 κέντροις

452 3582 833 3653 βαλλόμενος,
898 3582 1185 3650 ἀπόμαχος
1246 3584 1304 3633 ὲν
1369 3580 1671 3645 Ἱσπανίαις
1741 3581 2030 3652 διέτριϐεν.

462 3673 703 3727 Ἐκεῖθεν
741 3672 851 3744 γὰρ
874 3672 1102 3744 ὥρμητο
1140 3672 1472 3742 εὐπατρίδης
1501 3670 1661 3743 εἴπερ
1692 3689 1774 3734 τις
1796 3673 2030 3743 μάλιστα

450 3761 526 3816 ὣν
555 3764 661 3815 τῶν
700 3762 843 3831 ἀμφὶ
866 3762 923 3813 τὸ
953 3761 1297 3832 Πυῤῥηναῖον
1330 3759 1455 3829 ὅρος
1494 3758 1723 3828 Ἰϐήρων
1754 3775 1767 3787 ’
1828 3758 2031 3829 Ἰϐηρί-

451 3855 546 3919 δας
571 3854 678 3923 γὰρ
707 3854 801 3915 τὰς
837 3854 1115 3914 Ἱσπανίας
1143 3851 1371 3904 καλοῦσι
1401 3866 1415 3881 ⁶
1446 3850 1540 3903 τοῦ
1573 3851 1644 3903 δι’
1670 3850 1852 3905 αὐτῶν
1883 3850 2033 3919 ῥέον-

452 3964 542 4008 τος
568 3943 821 4014 ποταμοῦ
857 3946 950 4014 τὴν
984 3943 1258 4013 προτέραν
1290 3945 1682 4013 ἐκνικήσαντος
1709 3944 2029 4012 ὀνομασίαν.

465 4038 707 4092 Ἐκεῖθεν
735 4036 916 4090 τοίνυν
954 4037 1044 4089 τὸν
1072 4035 1240 4102 ἄνδρα
1271 4036 1879 4105 μεταστειλάμενος,τά
1935 4037 2032 4105 μὲν
2076 4050 2079 4053 ‘

455 4131 648 4202 πρῶτα
676 4131 989 4201 στρατηγὸν
1010 4130 1199 4181 τοῦτον
1229 4129 1574 4198 ἐχειροτόνει,
1611 4130 1704 4184 καὶ
1743 4130 1882 4197 μετά
1933 4131 2031 4197 τῆς

454 4223 677 4293 ἐνούσης
701 4222 846 4290 αὐτῷ
877 4221 1153 4289 ἐξέπεμπε
1178 4222 1437 4290 στρατιᾶς
1476 4236 1491 4249 ·
1523 4222 1579 4285 ὂς
1610 4222 1673 4290 δὴ
1704 4223 1798 4275 καὶ
1843 4226 1906 4291 τῇ
1946 4223 2032 4273 τί-

457 4332 568 4367 στει
595 4315 955 4385 φραξάμενος,
999 4313 1176 4364 ἔπεισι
1217 4313 1327 4375 τοῖς
1352 4312 1449 4382 τὴν
1480 4312 1706 4383 Θρᾴκην
1738 4312 2034 4366 καταθέον-

458 4426 510 4462 σι
556 4411 663 4460 τῶν
709 4408 1025 4478 βαρϐάρων,
1080 4406 1173 4458 καὶ
1218 4406 1313 4458 σύν
1376 4406 1568 4475 κόσμῳ
1623 4404 1881 4469 διατάξας
1932 4406 2032 4474 τὴν

457 4490 926 4573 στρατιᾱν,ὀμόσε
983 4498 1223 4571 χωροῦσι
1269 4498 1620 4571 προσϐάλλει.

459 4594 533 4663 μὴ
563 4595 878 4660 ἐνεγκόντες
909 4593 1007 4663 τὴν
1055 4591 1312 4663 ἐμϐολὴν,
1367 4593 1424 4643 ἐν
1477 4592 1675 4664 ἀταξίᾳ
1712 4588 1850 4662 ἦσαν
1879 4611 1890 4621 ·
1944 4593 2038 4645 καὶ

456 4682 665 4750 τροπῆς
701 4681 1025 4749 γενομένης,
1080 4682 1384 4749 ἁνακράτος
1448 4679 1688 4752 ἡττῶντο
1724 4697 1738 4712 ο
1803 4681 1864 4733 οὐ
1929 4682 2037 4749 γὰρ

457 4775 561 4826 ὐπὸ
650 4771 941 4841 Ῥωμαίων
1027 4772 1210 4841 μόνον,
1275 4771 1412 4825 ἀλλά
1477 4772 1573 4824 καὶ
1643 4772 1735 4824 ὑπ’
1792 4773 2038 4841 ἀλλήλων

360 4863 368 4883 ⁵
455 4869 774 4919 εκτείνοντο.
812 4864 1029 4917 Πολλῶν
1055 4866 1233 4918 τοίνυν
1277 4865 1690 4934 ἀναιρεθέντων,
1737 4863 1933 4932 ὀλίγων
1981 4866 2039 4919 δὲ

455 4960 790 5028 δυνηθέντων
820 4961 1106 5025 διαφυγεῖν
1163 4959 1242 5019 είς
1298 4957 1387 5008 τὸν
1456 4958 1690 5027 Ἴστρον,
1754 4958 1914 5020 εὐθὺς
1968 4958 2035 5027 ἢν

455 5047 600 5120 εἶχεν
622 5051 967 5103 ἐπεδείκνυτο
996 5049 1353 5120 στρατηγίαν.
1386 5048 1490 5101 Τὸν
1514 5048 1622 5119 γὰρ
1659 5049 1891 5117 στρατὸν
1916 5051 2035 5110 ταῖς

456 5144 828 5207 γειτονούσαις
859 5138 967 5191 τῶν
1019 5140 1229 5192 πόλεων
1260 5139 1491 5206 διαφεὶς.
1530 5139 1689 5202 αὐτὸς
1722 5141 1844 5192 ὅσον
1869 5140 2034 5208 τάχος

456 5233 713 5292 ἐλαύνων,
748 5232 1080 5300 αὐτάγγελος
1098 5234 1192 5301 τῆς
1216 5233 1372 5299 νίκης
1411 5231 1487 5300 τῷ
1513 5231 1798 5301 Γρατιανῷ
1825 5234 2033 5300 παρῆν.

460 5326 768 5395 Παράδοξον
804 5325 846 5378 δ’
897 5321 1015 5385 οἷον,
1061 5325 1239 5378 ἐδόκει
1301 5327 1362 5377 τὸ
1419 5325 1581 5394 ἔργον
1635 5326 1729 5377 καὶ
1782 5325 2033 5379 ἄπιστον.

458 5417 615 5472 "Ocior
654 5417 763 5488 γὰρ
814 5417 889 5486 τῷ
922 5416 1100 5487 φθόνῳ
1146 5418 1427 5488 ὲτήκοντο,
1465 5420 1526 5470 οὐ
1581 5418 1740 5487 μόνον
1791 5418 2034 5483 νικῆσαι,

455 5510 592 5565 ἀλλὰ
622 5512 714 5563 καὶ
743 5507 1052 5578 διαφθεῖραι
1083 5511 1182 5569 τὴν
1214 5511 1498 5580 στρατιὰν,
1530 5514 1622 5564 καὶ
1661 5515 1804 5581 φυγῇ
1832 5514 2038 5581 χρήσα-

458 5603 582 5656 σθαι
613 5600 950 5654 διετείνοντο.
1026 5601 1083 5654 '0
1135 5603 1189 5653 δὲ
1247 5605 1444 5667 αὐτοὺς
1504 5605 1743 5667 ἐκείνους
1799 5606 2036 5674 πέμπειν

2125 1926 2271 1979 illius
2307 1934 2363 1979 et
2407 1927 2706 1993 sententia,
2731 1941 2893 1995 quam
2924 1927 2992 1982 de
3035 1928 3117 1982 eis
3165 1926 3473 1982 retinuerat
3503 1927 3597 1997 qui
3631 1927 3700 1981 de

2127 2014 2390 2085 religione
2417 2015 2577 2070 aliter
2599 2026 2763 2086 atque
2796 2017 2845 2070 ei
2875 2016 3173 2086 placuisset
3194 2019 3403 2086 opinati
3435 2017 3696 2080 fuissent,

2127 2106 2456 2176 improbata,
2482 2109 2957 2174 constitutionem,
2987 2118 3229 2179 utquam
3244 2109 3484 2180 quisque
3510 2111 3696 2173 vellet,

2127 2198 2450 2267 religionem
2474 2208 2819 2268 sequeretur,
2848 2211 3268 2272 conventusque
3290 2203 3701 2258 ecclesiasticos

2127 2298 2337 2343 semoto
2374 2301 2516 2345 metu
2551 2290 2723 2345 libere
2777 2306 2970 2346 omnes
3022 2300 3270 2362 agerent,
3335 2300 3698 2362 praeterquam

2127 2381 2426 2444 Manichaei,
2450 2391 2505 2436 et
2526 2383 2618 2452 qui
2644 2384 2863 2437 Photini
2888 2392 2944 2438 et
2972 2384 3224 2439 Eunomii
3276 2395 3440 2441 sectae
3491 2395 3698 2448 essent,

2129 2473 2272 2527 tulit.
2292 2473 2359 2527 Et
2380 2474 2826 2545 episcopis,quos
2855 2476 3056 2533 Valens
3076 2477 3143 2532 ad
3175 2478 3434 2532 exsilium
3476 2479 3701 2533 damna-

2126 2575 2298 2628 verat,
2341 2566 2579 2620 reditum
2618 2567 2888 2635 permisit.
2922 2566 3130 2622 Deinde
3178 2568 3393 2639 imperii
3432 2571 3701 2641 magnitu-

2128 2657 2311 2709 dinem
2344 2666 2401 2709 et
2439 2656 2634 2710 molem
2663 2672 2850 2712 secum
2882 2659 3000 2728 ipse
3053 2659 3434 2726 considerans,
3473 2662 3621 2732 quod
3651 2673 3706 2717 et

2131 2744 2357 2799 Barbari
2396 2746 2597 2801 lstrum
2627 2748 2961 2815 accolentes,
3000 2750 3276 2821 Illyricum
3323 2764 3379 2807 et
3416 2755 3704 2810 Thraciam

2130 2838 2455 2894 exscindere
2483 2853 2592 2893 non
2620 2839 2968 2906 desisterent,
2992 2851 3047 2896 et
3069 2843 3318 2899 Alamani
3353 2846 3522 2902 Gallis
3555 2848 3709 2903 Occi—

2128 2929 2442 2985 dentalibus
2468 2931 2840 2993 imminerent,
2871 2932 3063 3002 eisque
3097 2944 3345 2991 extrema
3373 2936 3572 2992 damna
3625 2938 3709 2992 in-

2130 3021 2369 3085 ferrent,
2411 3023 2622 3077 socium
2657 3024 2876 3092 imperii
2928 3024 3031 3080 sibi
3066 3028 3267 3083 ascivit
3315 3029 3707 3095 Theodosium,

2132 3112 2281 3169 claro
2298 3114 2419 3169 loco
2452 3123 2663 3175 natum,
2687 3124 2853 3184 atque
2888 3116 3261 3185 imperatoriis
3288 3121 3504 3177 artibus
3559 3122 3705 3177 cele-

2133 3205 2287 3260 brem
2312 3206 2512 3271 virum,
2541 3208 2635 3276 qui
2688 3222 2787 3277 pro
2816 3208 3176 3279 popularibus
3208 3212 3323 3267 suis
3376 3228 3517 3282 saepe
3566 3214 3711 3270 bello

2133 3298 2537 3366 decertaverat,
2600 3307 2657 3353 et
2710 3308 3006 3370 antequam
3060 3301 3357 3359 Gratianus
3408 3307 3710 3377 imperator

2133 3400 2354 3444 creatus
2380 3400 2547 3455 esset,
2585 3392 2783 3463 dignus
2810 3393 2880 3448 ab
2900 3396 3157 3450 omnibus
3193 3397 3413 3453 habitus
3436 3399 3711 3465 fuerat,ut

2132 3483 2182 3536 ei
2206 3482 2495 3551 imperium
2543 3485 3001 3541 committeretur.
3054 3487 3235 3559 Cujus
3267 3491 3347 3545 rei
3383 3494 3584 3562 gratia,
3613 3511 3711 3564 per

2135 3575 2466 3645 collegarum
2495 3591 2742 3644 suorum,
2774 3578 2867 3648 qui
2902 3579 3125 3634 eosdem
3160 3596 3284 3636 cum
3346 3597 3414 3636 eo
3446 3586 3710 3654 gerebant

2136 3666 2398 3731 honores,
2419 3664 2709 3728 invidiam,
2731 3667 2786 3721 in
2819 3666 3104 3739 Hispaniis
3137 3681 3289 3726 extra
3343 3675 3601 3729 militiam
3630 3679 3711 3729 vi-

2136 3758 2315 3813 vebat.
2337 3758 2412 3814 lbi
2440 3760 2587 3815 enim
2621 3761 2994 3827 ortusl‘uerat,
3023 3763 3168 3817 circa
3200 3763 3489 3834 Pyrenreos
3526 3768 3711 3824 Ibero-

2137 3866 2259 3904 rum
2309 3861 2539 3917 montes,
2565 3854 2786 3921 generis
2815 3854 3102 3909 nobilitate
3136 3858 3346 3935 nemini
3410 3862 3710 3915 secundus.

2140 3944 2369 3999 lberiam
2405 3960 2642 4013 namque
2669 3944 2985 4015 Hispaniam
3013 3950 3253 4011 vocant,
3278 3948 3616 4007 nomine’eo.
3650 3957 3716 4009 ab

2136 4035 2292 4091 lbero
2327 4051 2508 4101 amne,
2563 4037 2657 4106 qui
2694 4053 2931 4106 peream
2986 4040 3127 4106 fluit,
3166 4053 3404 4110 sumpto.
3433 4045 3716 4101 lndeGra-

2138 4131 2320 4184 tianus
2335 4127 2511 4182 virum
2540 4130 2797 4190 accitum.
2832 4133 3067 4198 primum
3100 4136 3374 4190 exercitus
3415 4137 3610 4193 ducem
3641 4140 3718 4194 le—

2134 4220 2234 4289 git,
2258 4230 2311 4274 ct
2337 4236 2462 4274 cum
2495 4222 2575 4273 eis
2598 4237 2737 4289 quas
2767 4235 3119 4279 contraxerat
3157 4227 3355 4296 Copiis,
3394 4241 3583 4285 contra
3615 4234 3715 4287 lto-

2134 4321 2246 4367 stes
2302 4314 2470 4368 misit.
2507 4314 2683 4382 Atque
2736 4316 2822 4369 ille
2873 4318 2978 4371 ﬁde
3014 4323 3282 4387 munitus,
3317 4322 3371 4377 in
3424 4323 3714 4381 Thraciam

2137 4405 2401 4458 adversus
2434 4404 2701 4460 Barbaros
2747 4424 2865 4461 eam
2934 4420 3211 4467 vastantes
3261 4413 3441 4480 duxit,
3492 4424 3546 4470 et
3599 4418 3717 4472 acie

1699 4500 1928 4552 Ἐκεῖνοι
1978 4499 2033 4551 δὲ
2067 4496 2114 4557 ι)
2140 4497 2347 4565 optime
2375 4504 2605 4564 structa,
2631 4499 2973 4556 irruentibus
3020 4502 3127 4557 illis
3180 4507 3442 4560 orcurrit.
3477 4507 3581 4574 Qui
3615 4510 3719 4564 im-

2142 4588 2484 4659 pressionem
2520 4592 2642 4661 ejus
2682 4604 2790 4645 non
2858 4594 3125 4659 ferentes,
3163 4597 3388 4653 ordines
3438 4600 3539 4669 ipsi
3588 4619 3715 4659 suos

2142 4680 2473 4735 turbarunt:
2506 4693 2559 4735 et
2596 4696 2739 4736 mors
2760 4694 2906 4753 terga
2938 4696 3237 4753 vertentes,
3268 4703 3462 4759 ntagna
3490 4693 3539 4746 vi
3588 4705 3719 4747 sunt

2142 4773 2360 4828 devic1i.
2402 4773 2519 4828 Non
2542 4776 2690 4828 enim
2728 4792 2758 4831 a
2803 4778 3066 4833 Romanis
3097 4781 3301 4847 solum,
3330 4783 3427 4837 sed
3459 4800 3486 4838 a
3515 4801 3573 4842 se
3601 4804 3720 4841 inu-

2142 4878 2235 4921 tuo
2257 4882 2474 4935 quoque
2507 4869 2879 4924 metiebantur.
2942 4872 3119 4942 Atque
3178 4874 3250 4928 ita
3300 4879 3721 4948 quamplurimis

2142 4961 2321 5025 cresis,
2355 4976 2481 5015 cum
2519 4963 2674 5028 pauci
2697 4962 2765 5015 ad
2798 4964 2995 5017 Istrum
3063 4967 3458 5037 profugissem.
3533 4974 3717 5028 statim

2143 5068 2335 5106 rursus
2360 5054 2724 5124 imperatoriae
2755 5055 2892 5110 artis
2923 5057 3212 5114 scientiam
3231 5065 3497 5120 ostendit.
3537 5065 3719 5135 Copiis

2143 5147 2285 5199 enim
2314 5146 2367 5199 in
2394 5146 2601 5201 vicinas
2630 5148 2817 5211 urbes,
2844 5159 2904 5204 ut
2929 5150 3004 5204 ibi
3025 5154 3281 5219 praesidio
3309 5166 3514 5221 essent,
3543 5158 3718 5228 impo-

2142 5236 2283 5296 sitis.
2311 5236 2601 5291 itineribus
2636 5239 2887 5292 maximis
2915 5240 2983 5293 ad
3012 5240 3361 5307 Gratianum,
3395 5257 3453 5301 ut
3484 5248 3719 5316 ipsemet

2142 5329 2386 5381 victoriae
2409 5344 2521 5383 sua:
2553 5330 2779 5384 numins
2804 5340 2971 5395 esset,
2999 5336 3306 5390 contendit.
3341 5338 3447 5392 Res
3471 5354 3532 5391 ea
3569 5340 3716 5407 quod

2143 5432 2343 5488 prmter
2356 5421 2673 5487 opinionem
2696 5424 2942 5478 otnnium
2974 5427 3288 5489 accidisset,
3309 5429 3719 5497 quodammodo

2147 5515 2250 5568 lii’e
2275 5515 2470 5571 caruit.
2498 5515 2632 5570 Nam
2663 5518 2753 5585 qui
2786 5518 2835 5571 ei
2870 5518 3212 5584 invidebant,
3250 5537 3355 5575 non
3388 5521 3564 5575 solum
3591 5537 3719 5576 eum

2146 5621 2253 5657 non
2289 5606 2502 5669 vicisse,
2539 5624 2727 5661 verum
2763 5609 2926 5664 etiam
2986 5612 3191 5665 amisso
3245 5614 3489 5667 exercitu
3523 5612 3716 5684 profu-

530 5805 604 5879 tl)
635 5804 852 5860 Sozom.
899 5823 962 5863 ex
1018 5807 1244 5877 publico
1272 5824 1392 5863 eam
1454 5809 1791 5876 stipendium
1845 5807 2205 5864 constituisse
2232 5809 2390 5875 dicit,
