4062 6448
452 325 550 387 751

1674 322 2097 382 NlCEPIlOlll
2135 322 2485 383 CALLlSTl

3603 330 3696 390 752

435 442 582 513 gisse
604 438 1027 494 conlirmabant.
1064 438 1229 510 224
1259 441 1328 495 At
1359 443 1475 510 ipse
1512 450 1568 495 ut
1603 441 1771 510 aliqui
1799 440 1865 493 ad
1895 440 2004 503 ireu

2134 437 2323 501 ἐδεῖτο,
2357 437 2417 490 τὸ
2441 436 2551 491 τῶν
2585 438 2948 510 ἀνῃρημένων
2977 437 3274 509 βαρϐάρων
3301 444 3483 510 στῖφος
3515 445 3698 515 ἀναρι-

435 529 834 603 inspiciendam
889 530 1239 585 mitterentur
1321 532 1500 601 petiit,
1555 532 1649 601 qui
1700 534 2011 586 occisorum

433 624 807 680 Barbarorum
865 635 1158 677 numerum
1208 621 1430 687 inirent,
1483 637 1647 692 quem
1696 635 1766 678 ex
1820 618 2014 690 spoliis

432 717 596 773 facile
626 716 886 786 colligere
913 724 1159 785 possent.
1202 714 1508 784 imperator
1530 723 1714 771 certos
1759 714 2015 768 homines

430 810 523 879 qui
549 825 663 865 rem
692 808 1047 879 explorarent
1080 806 1249 863 misit.
1275 805 1622 861 Theodosius
1674 814 1859 859 autem
1910 804 2014 858 ali-

429 902 676 972 quandiu
701 900 845 970 apud
865 916 991 954 eum
1027 914 1275 965 manens,
1293 898 1562 952 visionem
1585 896 1828 951 divinam
1854 895 2012 961 vidit,

426 1010 589 1063 quam
621 995 674 1049 ei
704 1002 897 1064 aperte
922 991 1304 1047 universitatis
1337 989 1505 1060 hujus
1537 989 1787 1044 exhibuit
1841 988 2011 1043 Deus.

426 1087 625 1142 Videre
656 1085 807 1141 enim
834 1086 993 1140 visus
1017 1092 1102 1139 est
1131 1082 1491 1137 Antiochenae
1506 1081 1766 1136 Ecclesiae
1788 1080 2009 1150 episeo-

424 1196 554 1249 pum
575 1179 766 1233 divum
802 1177 1110 1241 Meletium,
1142 1174 1487 1244 imperialem
1524 1173 1631 1229 sibi
1659 1171 2009 1244 chlamydem

421 1269 880 1332 circumdantem,
932 1276 988 1323 et
1019 1266 1184 1337 capiti
1216 1281 1474 1321 coronam
1508 1279 1578 1320 ex
1607 1264 1791 1335 magni
1853 1263 2014 1334 pretii

424 1365 656 1416 materia
694 1362 1092 1430 imponentem.
1145 1360 1489 1414 Nocturnum
1534 1360 1640 1412 hoc
1703 1359 1878 1411 visum
1944 1372 2014 1411 ex

422 1454 793 1509 familiaribus
809 1453 1024 1508 cuidam
1044 1453 1306 1523 postridie
1329 1468 1488 1506 mane
1513 1452 1780 1521 exposuit.
1815 1451 1881 1506 Et
1923 1451 2014 1505 ille

421 1546 561 1600 nihil
579 1545 819 1615 ambigui
841 1544 895 1599 id
918 1545 1145 1609 habere,
1166 1545 1259 1599 sed
1280 1546 1425 1599 clara
1445 1543 1641 1598 satiset
1658 1551 1870 1612 aperta,
1895 1559 2016 1613 qua:

421 1639 890 1711 signiﬁcarentur,
930 1654 1050 1695 esse
1082 1638 1242 1694 dixit.
1264 1636 1633 1692 Intercessere
1666 1636 1788 1692 dies
1823 1636 2013 1706 pauci,

421 1740 479 1785 et
507 1730 603 1801 qui
648 1730 715 1786 ad
747 1746 836 1786 res
862 1729 1271 1800 investigendas
1300 1727 1448 1781 missi
1481 1726 1723 1793 fuerant,
1778 1726 2013 1790 reversi,

422 1823 663 1894 plurima
689 1823 1055 1878 Barbarorum
1085 1821 1256 1875 millia
1288 1820 1558 1876 cecidisse
1597 1821 2010 1873 renuntiarunt.

431 1916 507 1971 Ea
537 1931 596 1971 re
628 1930 929 1987 persuasus
957 1914 1279 1984 imperator,
1314 1913 1389 1967 ita
1423 1922 1485 1967 ut
1516 1929 1616 1982 par
1645 1920 1787 1973 erat,
1847 1911 2012 1968 simul

421 2019 478 2064 ct
535 2008 746 2064 militia:
794 2008 992 2063 ducem
1048 2015 1107 2063 et
1171 2004 1561 2076 imperatorem
1612 2002 2009 2066 Theodosium,

420 2100 608 2155 Sirmii
635 2101 865 2169 creavit,
898 2100 1303 2170 imperiumque
1331 2099 1380 2154 ei
1422 2098 1669 2153 Valentis
1716 2112 1880 2152 omne
1929 2105 2012 2151 at-
2042 2107 2047 2113 '

424 2191 637 2247 tribuit.
680 2192 859 2262 Atque
920 2192 1022 2247 hoc
1062 2192 1159 2253 ,sic
1220 2192 1276 2245 in
1310 2190 1513 2246 Sirmio
1563 2189 1836 2253 confecto,
1893 2189 2010 2257 ipse

422 2280 655 2350 quidem
719 2282 774 2336 in
811 2281 1021 2336 Italiam
1057 2290 1144 2335 est
1170 2280 1481 2350 profectus:
1539 2279 1690 2331 illum
1726 2289 1906 2331 autem
1940 2276 2007 2329 ad

416 2373 716 2438 Urientale,
777 2376 925 2443 quod
975 2374 1025 2428 ei
1070 2380 1423 2428 concesserat
1482 2371 1799 2439 imperium,
1838 2368 2006 2421 misit.

1042 2511 1268 2568 CAPUT
1313 2512 1379 2565 ll.

417 2608 522 2672 Qui
552 2622 613 2662 eo
667 2589 1259 2677 temporejmugnarumr
1309 2602 1518 2657 urbium
1545 2619 1728 2657 sacras
1777 2603 2007 2677 [inlicitas

488 2678 725 2731 rexerint
748 2671 848 2731 {et
872 2675 937 2729 de
978 2671 1384 2728 Macedonianis
1406 2716 1420 2739 ,
1456 2684 1512 2727 ut
1541 2690 1751 2728 rursum
1783 2671 1865 2727 illi
1907 2673 2007 2728 Ec-

489 2749 704 2803 clesium
736 2745 1051 2802 catholicam
1076 2745 1364 2800 turbarint.

487 2925 566 2983 Eo
590 2934 846 2999 tempore
877 2928 1149 2983 Damasus
1178 2925 1439 2983 Ecclesiae
1465 2926 1726 2981 Romamn
1759 2925 2001 2997 praefuit,

416 3019 629 3076 Liberii
693 3036 1015 3077 successor.
1073 3020 1470 3092 Hierosolymis
1519 3020 1759 3092 Cyrillus
1821 3019 2004 3075 adhuc

2119 529 2301 600 θμείν.
2343 531 2455 585 Καὶ
2505 530 2614 602 γὰρ
2672 526 2813 585 εἶναι
2866 529 3049 601 ῥᾴδιον
3113 530 3266 601 ἔλεγε
3329 533 3443 595 τοῖς
3491 535 3702 601 σκύλοις

2118 623 2502 695 τεκμηριῶσαι
2530 624 2621 677 τὸν
2669 623 2929 693 ἀριθμόν.
2962 622 3070 678 Καὶ
3096 626 3125 678 6
3162 624 3264 693 μὲν
3292 624 3545 695 βασιλεὺς
3577 630 3701 692 τοὺς

2113 712 2421 784 ὀψομένους
2452 704 2744 769 ἀπέστειλε
2769 731 2783 746 °
2813 716 3095 777 Θεοδόσιος
3117 715 3163 769 δ’
3191 718 3373 769 ἐκεϊσέ
3398 733 3475 785 πη
3508 718 3706 787 ἐγκαρ-

2116 804 2315 875 τερῶν,
2345 806 2470 875 ὄψιν
2500 805 2799 861 θεσπεσίαν
2830 806 2999 877 ἐώρα,
3046 806 3114 879 ἢν
3144 808 3307 871 αὐτὸς
3335 808 3522 876 σαφῶς
3551 811 3578 860 6
3600 810 3707 863 τῶν

2115 897 2252 951 ὅλων
2285 898 2613 969 παρεδείκνυ
2652 899 2824 963 Θεός·
2878 900 2972 954 τὸν
3018 902 3128 972 γὰρ
3191 903 3334 954 θεῖον
3359 902 3455 971 τῆς
3504 904 3706 956 Ἀντιοσ

2117 988 2259 1057 χέων
2306 988 2638 1059 Ἐκκλησίας
2669 990 2919 1059 ἡγεμόνα
2943 989 3209 1044 Μελέτιον
3251 990 3539 1061 καθεώρα,
3571 992 3701 1061 χλα-

2121 1078 2267 1149 μύδα
2302 1081 2594 1153 βασιλικὴν
2630 1083 2782 1152 αὐτῷ
2836 1083 3211 1153 περιτιθέντα,
3245 1084 3342 1137 καὶ
3368 1083 3620 1152 στεφάνῳ
3652 1084 3709 1148 ἐξ

2118 1169 2254 1243 ὕλης
2306 1172 2642 1236 πολυτελοῦς
2689 1172 2992 1228 ἀναΞοῦντα
3044 1174 3147 1244 τὴν
3197 1173 3465 1241 κεφαλήν.
3526 1171 3710 1224 Ταῦτα

2119 1263 2337 1335 νύκτωρ
2378 1263 2525 1328 ίδὼν,
2550 1264 2721 1317 ἔωθεν
2752 1264 2858 1317 τινὶ
2907 1264 3017 1318 τῶν
3046 1262 3294 1333 συνήθων
3349 1261 3709 1333 ἀπήγγειλεν.

2128 1356 2191 1411 Ὀ
2219 1357 2275 1410 δὲ
2315 1357 2479 1429 μηδὲν
2509 1357 2812 1427 ἀμφίϐολον
2844 1357 2944 1427 τὴν
2982 1357 3105 1426 ὄψιν
3150 1359 3341 1409 ἀνεῖπε
3371 1372 3385 1387 ο
3426 1356 3575 1423 σοιφῆ
3606 1356 3709 1423 γὰρ

2118 1446 2255 1504 εἶναι
2284 1451 2354 1505 τὰ
2374 1451 2729 1520 αίνισσόμενα
2763 1466 2779 1483 ο
2811 1450 3037 1520 ἡμερῶν
3076 1449 3122 1502 δ’
3158 1448 3359 1516 ὀλίγων
3391 1448 3712 1516 διαγενομέ-

2119 1559 2248 1608 νων,
2267 1543 2559 1614 ,ἐπανῆκον
2587 1542 2688 1613 μὲν
2718 1543 2767 1595 οί
2798 1542 3141 1612 πεμφθέντες
3172 1558 3188 1574 ·
3238 1540 3446 1604 πολλὰς
3498 1540 3559 1592 δὲ
3617 1556 3711 1608 μυ-

2121 1634 2313 1705 ριάδας
2356 1635 2465 1687 τῶν
2521 1635 2817 1706 βαρϐάρων
2876 1636 3067 1687 πεσεῖν
3120 1634 3373 1704 ἡγγελον.
3436 1627 3534 1696 Οἷς
3594 1649 3709 1684 πει-

2121 1726 2270 1791 σθεὶς
2302 1727 2583 1797 βασιλεὺς,
2617 1729 2711 1782 καὶ
2740 1729 2817 1790 ὡς
2851 1727 3029 1797 χρεὼν
3073 1729 3380 1796 στρατηγὸν
3437 1725 3707 1795 ἐψηφίσα-

2046 1782 2089 1837 B
2116 1839 2200 1886 το,
2234 1782 2327 1877 καὶ
2370 1782 2593 1894 βασιλέα
2624 1782 3029 1894 ἐχειροτόνησε,
3065 1782 3163 1874 καὶ
3201 1782 3461 1891 τὴνὸσην
3482 1782 3707 1888 Ὀθάλης

2114 1914 2289 1968 διεῖπε
2317 1913 2606 1985 παρεδίδου
2639 1915 2838 1985 ἀρχήν.
2896 1914 2939 1966 Τ
2943 1914 3079 1966 αὕτα
3105 1915 3163 1965 ἐν
3198 1912 3413 1982 Σιρμίῳ
3467 1912 3702 1980 διαπρα-

2116 2005 2368 2078 ξάμενος,
2395 2006 2559 2070 αὐτὸς
2591 2007 2688 2076 μὲν
2735 2007 2829 2061 ἐπὶ
2890 2005 2989 2077 τὴν
3052 2005 3288 2059 Ἰταλίαν
3329 2004 3655 2075 ἐξώρμησεν
3681 2016 3697 2032 ·

2114 2101 2322 2154 ἐκεῖνον
2353 2099 2411 2152 δὲ
2433 2099 2511 2163 είς
2540 2099 2641 2169 τὴν
2671 2100 2809 2170 πρδς
2847 2097 2925 2154 ἐω
2957 2098 3270 2169 ἀρχομένην
3318 2090 3420 2152 καὶ
3464 2095 3611 2165 αὑτῷ
3652 2093 3700 2147 οί

2111 2191 2358 2246 δοθεῖσαν
2397 2191 2727 2263 ἐξέπεμπεν.

2714 2506 2960 2562 ΚΕΦΑΛ.
3018 2504 3093 2561 B'.

2116 2600 2281 2662 Τίνες
2313 2616 2640 2666 τηνικαυτα
2664 2599 2784 2652 τῶν
2806 2602 3091 2668 μεγάλων
3120 2601 3359 2653 πόλεων
3403 2603 3511 2666 τὰς
3542 2600 3698 2666 ἱερὰς

2181 2671 2361 2737 ἡνίας
2397 2669 2814 2737 διεχειρίζοντο
2837 2688 2851 2702 ο
2884 2671 2984 2724 καί
3011 2670 3144 2737 περὶ
3176 2669 3294 2723 τῶν
3338 2670 3698 2724 Μακεδονία-

2179 2739 2325 2803 νῶν,
2366 2740 2448 2804 ὡς
2486 2737 2662 2804 αὖθις
2690 2738 2807 2806 τὴν
2856 2742 3125 2797 καθόλου
3173 2742 3553 2809 Ἐκκλησίαν
3581 2739 3701 2793 ἐτά-

2175 2826 2444 2876 ρασσον.

2180 2925 2331 2979 Κατὰ
2362 2925 2418 2978 δὲ
2477 2925 2668 2980 τοῦτον
2697 2926 2787 2981 τὸν
2843 2928 3035 2998 χρόνον
3086 2928 3184 2996 τῆς
3213 2927 3313 2999 μὲν
3382 2930 3449 2982 ἐν
3521 2927 3698 2997 Ῥώμῃ
3732 2938 3743 2947 ‘

2122 3019 2455 3090 Ἐκκλησίας
2505 3021 2607 3091 τὴν
2643 3020 2950 3091 ἐπιτροπὴν
2989 3022 3244 3090 Δάμασος
3278 3016 3426 3091 εἶχε,
3460 3016 3695 3083 διαδεξά-

415 3121 703 3183 superstes
748 3114 1043 3169 ecclesiam
1092 3113 1260 3169 rexit.
1304 3112 1614 3169 Antiochiae
1656 3112 1891 3168 ecclesia
1948 3114 2002 3167 in

2114 3131 2275 3185 μενος
2306 3114 2399 3166 τὸν
2448 3113 2747 3184 Λιϐέριονο
2802 3114 2903 3184 τῆς
2948 3114 2994 3167 δ’
3030 3115 3088 3166 ἐν
3156 3113 3563 3185 Ἰεροσολύμοις
3620 3111 3695 3165 ἐτι

416 3221 531 3264 tres
579 3188 1002 3278 partes'divisa
1064 3216 1228 3263 erat:
1295 3214 1422 3276 post
1482 3206 1751 3260 Iiuzoium
1807 3208 2000 3274 enim,

421 3302 755 3357 Theodorus
817 3300 1138 3357 Perinthius
1194 3300 1451 3356 ecclesiis
1496 3300 1742 3370 praefuit,
1785 3301 2004 3357 Arianae

416 3394 703 3463 reiigionis
731 3394 1157 3463 propugnator‘:
1193 3393 1509 3461 ὀμοουσίου,
1548 3393 2002 3447 consubstantia-

414 3487 504 3551 lis,
541 3502 677 3540 vero
727 3485 852 3540 fidei
900 3483 1314 3553 suifragatores,
1343 3483 1545 3552 partim
1593 3481 1846 3544 Paulino,
1876 3499 2002 3552 par-

417 3580 512 3630 ti-n
564 3576 806 3638 Meletio,
862 3575 956 3643 qui
1001 3587 1182 3641 nuper
1227 3569 1527 3624 admodum
1576 3568 1648 3623 ab
1705 3570 1871 3623 exrlio
1912 3585 2002 3625 re-

414 3668 623 3737 dieLat,
662 3680 924 3735 paruere.
955 3664 1129 3718 Porro
1167 3659 1517 3715 Alexandriae
1548 3658 1740 3714 Ariani
1776 3661 1999 3730 quidem

413 3757 649 3811 Lucium
709 3754 1017 3809 antistitem
1079 3752 1345 3816 habuere,
1399 3752 1495 3820 qui
1557 3761 1672 3806 tum
1734 3752 2000 3823 profugus

412 3846 899 3915 Constantitmpoli
939 3843 1194 3913 degebat.
1242 3841 1540 3897 Catholica:
1580 3852 1765 3898 autem
1808 3843 2002 3900 Eccle-

418 3943 536 4001 siaz,
584 3948 711 4009 post
748 3939 997 3996 Petrum.
1043 3934 1371 3990 Timotheus
1409 3935 1583 3989 frater
1618 3934 1818 4005 przciit.
1856 3934 2004 3990 Con.

412 4031 779 4102 stantinopoli
812 4029 1050 4084 Eudoxii
1095 4043 1394 4083 successor
1426 4027 1787 4096 Demophilus
1816 4027 1998 4082 eccle-

411 4123 522 4177 sias
541 4121 906 4193 gubernavit:
934 4121 1256 4190 ὁμοουσξου,
1275 4117 1790 4184 eonsubstantialis,
1812 4133 1995 4173 autem

413 4219 703 4289 religionis
748 4220 1044 4289 episcopus
1081 4216 1352 4287 Evagrius
1401 4217 1457 4270 in
1509 4217 1704 4270 exsilio
1753 4215 1994 4269 vivebat.

410 4316 482 4367 At
517 4321 820 4368 sectatores
850 4313 970 4382 ejus
995 4310 1385 4381 Demophilum
1412 4317 1758 4371 aversantes,
1784 4315 1840 4361 et
1865 4320 1997 4361 suos

410 4405 518 4460 sibi
569 4414 882 4461 conventus
923 4413 1174 4475 agentes,
1212 4418 1239 4456 a
1291 4401 1563 4470 Gregorio
1614 4400 1807 4471 Magno
1838 4414 1998 4454 cura-

2112 3206 2380 3276 Κύριλλος
2429 3205 2641 3273 περιὼν
2695 3207 2941 3276 ἐκράτει.
3009 3206 3075 3259 Ἦ
3130 3205 3176 3259 δ’
3221 3204 3695 3278 Ἀντιόχουιοτριχῆ

2110 3298 2354 3371 διῄρητο.
2379 3300 2536 3354 Μετὰ
2554 3299 2664 3370 γὰρ
2696 3299 2938 3365 Εὑζώῖον
2991 3299 3271 3370 Θεόδωρος
3297 3302 3326 3354 6
3387 3302 3695 3373 Πειρίνθιος

2106 3394 2218 3445 τῶν
2253 3393 2563 3463 ἐκκλησιῶν
2587 3389 2748 3464 ἦρχε,
2779 3393 2878 3462 τῆς
2908 3393 3201 3464 ’Δρειανῆς
3232 3394 3526 3464 προεστὼς
3566 3395 3695 3464 θρη-

2109 3487 2321 3548 σκείας.
2350 3487 2507 3540 Ὅσοι
2551 3486 2609 3539 δὲ
2647 3487 2746 3556 τῆς
2794 3487 3083 3557 ὁμοουσίου
3140 3488 3376 3552 πίστεως
3433 3484 3592 3561 ἦσαν,
3648 3484 3695 3537 οἱ

2108 3567 2209 3649 μὲν
2232 3578 2509 3648 Παυλίνῳ,
2540 3579 2589 3632 οἱ
2615 3579 2672 3631 δέ
2705 3579 2957 3649 Μελετίῳ
2982 3580 3225 3649 συνῆσαν
3253 3581 3378 3651 ἄρτι
3401 3582 3509 3651 τῆς
3533 3581 3694 3647 ὑπερ-

2103 3672 2259 3743 ορίας
2286 3671 2587 3725 ἐπανιόντι.
2638 3672 2752 3725 Κάν
2781 3675 2847 3743 τῇ
2884 3673 3240 3743 Ἀλεξάνδρου
3279 3674 3335 3727 δὲ
3370 3676 3431 3729 οἰ
3493 3662 3591 3745 μὲν
3637 3669 3694 3735 ἐξ

2104 3764 2322 3835 ’Δρείου
2360 3765 2595 3819 Λούκιον
2630 3760 2780 3836 εἶχον
2808 3766 3139 3837 ἡγούμενον,
3181 3765 3494 3836 τηνικαῦτα
3551 3762 3689 3833 φυγῇ

2104 3857 2164 3910 ἐν
2198 3849 2261 3927 τῇ
2296 3856 2715 3912 Κωνσταντίνου
2761 3859 3111 3930 χρησάμενον
3136 3872 3149 3889 ·
3204 3859 3307 3924 τῆς
3364 3857 3428 3912 δὲ
3467 3855 3687 3912 καθόλου

2105 3948 2441 4022 Ἐκκλησίας
2480 3953 2622 4023 μετὰ
2658 3953 2866 4023 Πέτρον
2892 3952 3158 4023 Τιμόθεος
3185 3954 3213 4005 6
3244 3952 3474 4021 ἁδελφὸς
3504 3963 3683 4022 προει-

2103 4047 2319 4117 στήκει.
2352 4044 2487 4099 Ἀνὰ
2518 4045 2576 4098 δὲ
2612 4046 2713 4118 τὴν
2735 4043 3143 4100 Κωνσταντίνου
3190 4045 3301 4099 τῶν
3349 4047 3453 4117 μὲν
3493 4041 3682 4110 ἐκκλη-

2103 4138 2235 4193 σιῶν
2264 4138 2575 4209 Δημόφιλος
2603 4134 2796 4210 ἦρχεν,
2832 4138 3090 4209 Εὶῦδοξίου
3134 4138 3381 4209 διάδοχος
3409 4157 3426 4171 ο
3482 4137 3580 4207 τῆς
3627 4131 3682 4185 δέ

2099 4233 2390 4301 ὁμοουσίου
2416 4232 2715 4302 θρησκείας
2756 4232 3031 4303 Εὐάγριος
3053 4234 3111 4285 ἐν
3143 4232 3424 4304 ὑπερορίᾳ
3461 4231 3679 4296 διάγων.

2099 4325 2161 4377 Ol
2210 4323 2266 4377 δὲ
2335 4324 2428 4378 τὸν
2480 4325 2794 4394 Δημόφιλον
2862 4322 3309 4395 ἐκτρεπόμενοι,
3373 4323 3497 4377 καθ’
3552 4321 3681 4373 ἐαυ-

2099 4412 2227 4476 τοὺς
2284 4409 2467 4485 ἦσαν,
2523 4413 2629 4467 ὑπὸ
2705 4413 2999 4486 Γρηγορίῳ
3060 4413 3141 4485 τῷ
3202 4413 3343 4468 πάνυ
3404 4414 3676 4484 ἀγόμενοι.

414 4498 635 4550 bantur.
686 4496 851 4567 225
887 4497 1091 4566 Atque,
1147 4493 1550 4563 Hierosolymis
1588 4492 1859 4562 exceptis,
1898 4506 1998 4562 per

2108 4505 2303 4576 Σχεδὸν
2329 4506 2387 4560 δέ
2418 4505 2557 4579 πλὴν
2590 4506 2859 4577 Ἰεροσολύ
2868 4523 2985 4577 μων
3010 4505 3121 4560 τῶν
3140 4507 3244 4561 ἀνὰ
3271 4507 3370 4578 τὴν
3391 4504 3468 4560 ἔω
3491 4504 3677 4570 ἐκκλη-

411 4590 695 4646 Orientetn
753 4591 1006 4647 ecclesia:
1062 4603 1236 4660 prope
1297 4602 1492 4641 omnes
1544 4586 1600 4640 in
1656 4585 1994 4640 Arianorum

2108 4596 2240 4651 σιῶν
2268 4599 2319 4651 οἱ
2348 4597 2408 4663 ἐξ
2442 4595 2650 4668 ’Δρείου
2681 4600 2972 4667 ἐκράτουν.
3021 4598 3431 4652 Μακεδονιανοὶ
3456 4596 3512 4650 δὲ
3546 4589 3677 4664 μετὰ

414 4692 685 4752 potestate
707 4691 887 4737 erant.
912 4680 1214 4736 Enimvero
1236 4678 1618 4733 Maeedoniani
1657 4688 1781 4750 post
1803 4679 1997 4735 initam

411 4791 537 4830 cum
602 4775 825 4830 Liberio
878 4773 1370 4837 conciliationem,
1430 4787 1544 4827 non
1605 4773 1911 4828 admodum
1968 4791 1997 4830 ι

414 4867 616 4922 Nicacni
650 4865 858 4921 decreti
891 4864 1267 4920 sectatoribus
1290 4862 1627 4919 dissensere.
1660 4864 1996 4935 Aliquandiu

410 4961 562 5013 enim
613 4959 667 5014 in
704 4958 941 5011 urbibus
976 4956 1143 5011 simul
1193 4965 1248 5011 et
1280 4958 1337 5010 in
1364 4955 1618 5011 ecclesiis
1656 4959 1993 5013 commercia

415 5052 564 5107 inter
616 5066 676 5105 se
741 5049 1013 5112 habuere,
1063 5060 1120 5104 et
1170 5047 1346 5103 veluti
1401 5047 1648 5118 ejusdem
1704 5051 1996 5105 sententia:

413 5145 813 5214 sullragatores
850 5141 1025 5196 libere
1057 5145 1508 5197 communionem
1550 5142 1800 5198 coluere.
1832 5144 1994 5198 Post-

413 5254 578 5309 quam
611 5249 796 5295 autem
850 5236 1103 5293 Gratiani
1151 5234 1479 5291 constitutio
1521 5235 1773 5303 cuilibet,
1825 5252 1991 5308 quam

414 5333 583 5388 vellet
627 5332 954 5402 religionem
1006 5327 1412 5399 coniplectendi
1456 5328 1776 5385 facultatem
1814 5331 1990 5398 dedit,

413 5426 658 5495 episcopi
704 5424 929 5495 quidam
963 5422 1216 5477 ecclesiis
1256 5420 1399 5485 suis,
1434 5436 1576 5490 quas
1625 5423 1729 5478 sub
1764 5424 1995 5481 Valente

415 5517 737 5581 amiserant,
773 5515 1032 5586 receptis,
1059 5513 1244 5568 denuo
1277 5526 1337 5567 se
1363 5511 1431 5567 ab
1455 5512 1581 5568 aliis
1608 5527 1993 5586 segregavere.

414 5608 455 5663 li
487 5609 800 5664 Antiochia:
836 5608 891 5662 in
924 5605 1087 5663 Caria
1115 5612 1394 5660 conventu
1426 5613 1645 5671 coacto,
1677 5607 1991 5676 ὁμοουσίου,

414 5698 929 5760 consubstantialis,
968 5712 1158 5752 vocem
1220 5694 1621 5764 repudiarunt,
1678 5709 1735 5754 et
1778 5715 1881 5769 pro
1928 5716 1993 5756 ea

414 5792 575 5846 sicuti
611 5802 772 5845 antea
803 5790 1165 5860 όμοιοούτιον,
1199 5787 1739 5861 mquisubstantiale,
1779 5794 1991 5849 confir-

2103 4690 2202 4754 τὰς
2232 4690 2369 4759 πρὸς
2418 4690 2674 4761 Λιϐέριον
2703 4689 2981 4757 συνθήκας
3012 4690 3074 4743 οὐ
3103 4690 3245 4744 πάνυ
3276 4707 3331 4743 τι
3371 4689 3677 4759 διεφέροντο

2103 4778 2242 4848 πρὸς
2268 4780 2396 4842 τοὺς
2422 4778 2491 4831 τὰ
2513 4781 2571 4831 ἐν
2602 4778 2810 4850 Νικαίᾳ
2842 4778 3073 4844 δόξαντα
3106 4780 3440 4853 στέργοντας
3461 4794 3475 4809 °
3520 4777 3676 4848 μέχρι

2101 4871 2211 4941 γάρ
2240 4886 2387 4934 τινος
2416 4871 2560 4924 κατὰ
2589 4870 2776 4935 πόλεις
2805 4874 2902 4925 καὶ
2930 4870 3239 4941 ἐκκλησίας
3265 4872 3523 4943 ἀλλήλοις
3554 4870 3675 4920 ἐπε-

2106 4962 2390 5031 μίγνυντο,
2443 4966 2538 5017 καὶ
2570 4963 2646 5027 ὡς
2675 4963 2959 5032 όμοδόξοις
2994 4963 3169 5023 ἀδεῶς
3198 4965 3544 5017 ἐκοινώνουν.
3589 4958 3672 5018 Ὧς

2100 5056 2158 5109 δὲ
2193 5057 2221 5109 6
2244 5056 2547 5127 Γρατιανοῦ
2571 5057 2734 5125 νόμος
2770 5056 2959 5111 ἄδειαν
2990 5060 3254 5128 παρεῖχεν
3282 5059 3500 5127 ἑκάστῳ
3541 5053 3671 5123 θρη-

2102 5149 2347 5211 σκεύειν,
2378 5147 2453 5212 ὡς
2484 5148 2751 5220 βούλοιτο,
2778 5148 2890 5202 τῶν
2918 5165 3067 5213 τινες
3105 5151 3424 5203 ἐπισκόπων
3459 5150 3558 5207 τὰς
3591 5141 3670 5194 ol-

2100 5241 2258 5305 κείας
2283 5241 2582 5312 ἐκκλησίας
2635 5240 3065 5307 καταλαϐόντες,
3124 5239 3192 5303 ἃς
3228 5241 3322 5294 ἐπὶ
3371 5238 3668 5294 Οὐάλεντος

2098 5335 2480 5407 ἀφῃρέθησαν,
2505 5335 2884 5405 διακρίνεσθαι
2919 5330 3076 5399 αὖθις
3101 5336 3340 5406 σπουδὴν
3362 5330 3663 5408 ἐποιοῦντο·

2100 5435 2194 5483 κα.)⁵
2230 5429 2296 5499 δὴ
2352 5431 2497 5483 κατὰ
2543 5430 2646 5500 τὴν
2695 5429 2909 5501 Καρίας
2932 5430 3270 5500 Ἀντιόχειαν
3306 5426 3664 5483 συνελθόντεῗ,

2095 5524 2198 5593 τὴν
2227 5521 2322 5575 τοῦ
2347 5522 2638 5592 ὁμοουσίου
2688 5523 2871 5591 φωνὴν
2917 5524 3154 5580 ἀπεϐάλ)
3166 5539 3290 5578 οντο
3309 5539 3325 5555 ο
3359 5520 3585 5589 ἐκύρουν
3611 5508 3663 5561 δὲ

2095 5612 2171 5677 ὡς
2199 5612 2293 5666 καί).
2325 5614 2562 5683 πρόσθεν
2594 5615 2655 5667 τὸ
2700 5614 3069 5684 ὁμοιοούσιον,
3117 5616 3211 5669 καὶ
3242 5616 3341 5679 τὴν
3379 5616 3438 5666 ἐν
3466 5597 3664 5665 Νικαιίᾷ

2098 5705 2284 5759 πίστιν
2310 5705 2563 5775 ἠθέτουν,
2597 5708 2694 5759 καὶ
2719 5708 2831 5778 ἰδία
2858 5703 3002 5779 ἦσαν
3031 5708 3511 5777 ἐκκλησιάζοντες.
3528 5690 3660 5749 Ἀλλ’

2095 5797 2299 5868 ἣκιστα
2327 5799 2424 5854 τοῦ
2459 5802 2895 5871 ἐπιχειρήματος
2926 5802 3129 5858 ὥναντε
3156 5820 3187 5842 ἰ
3206 5804 3391 5856 πολλοὶ⁴
3418 5798 3526 5867 γὰρ
3551 5791 3660 5859 ἔριν
