4062 6432
383 458 485 523 753

382 578 747 645 καταγνόντες
797 578 997 647 αὑτῶν,
1036 580 1110 644 ὡς
1162 580 1420 652 Εὑρίπων
1454 581 1615 650 δίκην
1661 580 1854 636 άλλοτε
1888 581 1965 642 εἰς

382 670 548 735 ἄλλας
580 671 743 738 δόξας
771 674 1263 744 μεταχωρούντων,
1295 674 1619 729 παντάπασι
1644 674 1742 743 τῆς
1774 691 1964 727 κοινω‹

382 764 505 827 νίας
534 766 713 819 αὑτῶν
738 766 1078 837 ἀπέστησαν,
1104 768 1198 819 καὶ
1228 768 1473 839 στερρῶς
1507 768 1623 828 τοῖς
1656 767 1748 820 τοῦ
1769 766 1963 836 όμοου-

389 852 507 906 σίου
541 855 891 925 προσέθεντο,
924 856 1020 909 καὶ
1042 855 1356 927 ήνώθησαν.

1268 461 1873 525 ECCLESIASTICAZ
1912 462 2298 525 ΠΙδΤΟῐὶῖίΕ
2340 462 2481 526 Lm.
2516 462 2652 526 XII.

3537 456 3644 519 7M

2073 588 2319 644 marunt,
2358 582 2763 651 professionem
2791 580 2915 636 fidei
2945 580 3221 635 Nicaenam
3257 579 3565 639 abolentes,
3592 589 3647 631 et

2076 673 2344 727 ecclesias
2383 688 2514 727 suas
2542 675 2777 728 seorsim
2812 673 3181 728 celebrantes.
3204 672 3408 728 Verum
3444 671 3645 725 frustra

2074 763 2187 817 illis
2243 765 2297 818 id
2349 774 2591 832 emptum
2626 763 2728 818 fuit
2771 781 2785 817 :
2829 779 2955 817 nam
2990 763 3250 833 permulti
3287 762 3646 818 contentione

2070 869 2265 909 eorum
2310 866 2622 926 perspecta,
2663 854 2811 924 quod
2848 854 2916 909 ad
2956 854 3128 910 instar
3160 855 3375 923 Euripi,
3412 869 3560 908 nunc
3592 854 3646 906 in

384 947 549 1013 hanc,
589 963 738 1004 nunc
786 950 842 1003 in
887 949 1035 1003 illam
1083 950 1414 1005 sententiam
1450 948 1686 1017 pedibus
1756 949 1925 1013 irent,
1964 965 1993 1003 a
2035 950 2429 1004 communione
2472 965 2664 1003 eorum
2711 963 2770 1003 se
2820 950 3048 1003 omnim
3124 950 3536 1014 abstinuerunt,
3589 958 3647 1002 et

384 1050 707 1096 constanter
745 1043 1061 1110 ὁμοουσίον,
1092 1042 1606 1106 consubstantialis,
1658 1042 1785 1099 ﬁdei
1819 1043 2205 1098 laudatoribus
2230 1058 2329 1113 per
2362 1042 2627 1097 unionem
2662 1041 3092 1112 coniunxerunt.

986 1157 1240 1212 ΚΕΦΑΛ.
1285 1156 1362 1211 Γ’.

394 1246 494 1313 Ὠς
529 1248 867 1316 Γρατιανοῦ
895 1250 1059 1317 νόμῳ
1090 1250 1147 1302 oi
1197 1249 1267 1312 ἐξ
1338 1250 1557 1318 Ἀρείου
1596 1251 1964 1316 ἠλαύνοντο.

453 1318 549 1371 καὶ
584 1320 640 1370 οι
662 1318 771 1386 τῆς
793 1320 1126 1388 ὁμοουσίου
1152 1321 1414 1384 πίστεως
1453 1320 1582 1386 ταῖς
1606 1321 1964 1386 ἐκκλησίαις

452 1388 775 1457 εἰσήγοντο
793 1404 807 1417 ·
836 1388 932 1441 καὶ
964 1388 1082 1441 ὅσα
1110 1388 1208 1441 διὰ
1230 1389 1538 1444 Παινλῖγόν
1565 1407 1628 1444 τε
1651 1391 1746 1443 καί
1773 1390 1965 1444 Μελέ-

456 1473 590 1511 τιον
619 1459 689 1511 ἐν
740 1458 1077 1527 Ἀκτιοχείςι
1115 1458 1371 1526 συνέϐη.

457 1572 760 1642 Γρατιανδς
787 1574 866 1639 δὲ,
899 1573 975 1637 ὡς
1002 1572 1242 1643 εἴρηται,
1268 1573 1367 1637 τὰς
1399 1574 1659 1645 ἀπαρχὰς
1689 1575 1783 1642 τῆς
1810 1576 1971 1646 βασι-

386 1665 537 1727 λείας
573 1665 854 1728 ἀνατιθεὶς
880 1665 960 1734 τῷ
1014 1666 1357 1735 παμὸασιλεῖ
1394 1666 1504 1718 τῶν
1537 1668 1679 1721 ὅλων
1709 1668 1851 1738 Θεῷ,
1886 1656 1975 1721 νό-

391 1776 488 1828 μον
517 1758 761 1829 ἔγραφεν
787 1761 1011 1833 ἀνιέντα
1038 1762 1153 1822 τοῖς
1185 1760 1579 1829 φυγαδευθεῖσι
1608 1759 1719 1814 τῶν
1750 1760 1980 1814 ἐπισκό-

2692 1154 2920 1211 CAPUT
2960 1154 3050 1209 Ill.

2082 1247 2147 1302 Ut
2181 1246 2431 1303 Gratiani
2477 1248 2851 1301 constitutione
2884 1246 3341 1317 Arianirelegali,
3368 1258 3418 1302 et
3460 1248 3652 1313 όμοου-

2145 1318 2288 1380 σίου,
2309 1318 2799 1378 cousubstantialis,
2820 1315 3280 1438 ﬁdeilprofessores
3298 1318 3522 1371 ecclesiis
3544 1318 3651 1369 sint

2145 1388 2396 1438 nrafecti.
2436 1397 2485 1438 et
2533 1403 2651 1438 oua:
2693 1397 2906 1438 menter
2992 1386 3233 1438 aulinum
3275 1397 3324 1438 et
3380 1386 3651 1438 Heluium

2140 1388 2396 1458 prafecti,
2436 1397 2485 1440 et
2533 1403 2651 1458 qua:
2692 1397 2906 1457 propter
2946 1386 3233 1441 Paulinum
3275 1397 3324 1441 et
3380 1386 3651 1441 Heluium

2140 1457 2430 1511 Antiochia:
2467 1459 2772 1513 acciderint.

2142 1570 2468 1636 Gratianus,
2506 1571 2980 1640 quemadmodum
3012 1570 3280 1634 diximus,
3312 1569 3531 1639 imperii
3567 1569 3651 1625 sui

2075 1662 2352 1733 primitias
2411 1680 2599 1720 rerum
2651 1665 3041 1719 universarum
3098 1664 3422 1745 imperatori
3491 1664 3654 1719 simul

2076 1765 2132 1810 et
2158 1756 2270 1810 Deo
2300 1770 2659 1819 consecratis,
2706 1755 2885 1825 legem
2931 1753 3320 1825 promulgavit,
3354 1770 3456 1825 per
3490 1770 3655 1824 quam

390 1870 508 1906 πων
540 1851 641 1923 τὴν
669 1853 895 1906 κάθοδον
917 1867 932 1883 ·
965 1852 1192 1907 καὶτῶν
1225 1852 1325 1921 μὲν
1354 1853 1520 1923 ἱερῶν
1554 1853 1740 1922 σηκῶν
1765 1855 1893 1917 τοὺς
1922 1854 1983 1918 ἐξ

2087 1862 2203 1902 cum
2243 1846 2465 1902 exsules
2495 1847 2793 1917 episcopos
2828 1845 3096 1909 restituit,
3135 1856 3249 1900 tum
3299 1845 3542 1900 Arianos
3589 1862 3655 1900 ex

401 1944 614 2013 Ἀρείου
642 1943 992 2008 ἐλαύνεσθαι,
1023 1946 1141 2007 τοῖς
1180 1944 1238 1998 δὲ
1265 1948 1365 2014 τῆς
1407 1946 1464 1998 ἐν
1496 1944 1709 2015 Νικαίᾳ
1735 1946 1977 2009 πίστεως

2087 1937 2257 1993 sacris
2315 1935 2526 1993 aedibus
2575 1937 2907 2003 deturbari,
2974 1953 3181 2009 easque
3237 1937 3473 1993 Nictenae
3528 1936 3655 1992 ﬁdei

390 2037 855 2106 ὑπερισταμένοις
899 2037 999 2098 τὰς
1038 2037 1343 2106 ἐκκλησίας
1389 2036 1548 2099 αὖθις
1592 2037 1817 2091 διδόναι.
1867 2039 1976 2091 Καὶ

388 2129 652 2199 Σάπωριν
678 2129 736 2182 δὲ
768 2130 1081 2199 στρατηγὸν
1109 2129 1412 2182 ἀπέστελλε
1440 2131 1508 2201 τῇ
1534 2129 1649 2200 Ἐῳ
1667 2129 1842 2183 ταῦτα
1861 2131 1976 2185 δια-

392 2221 760 2292 πραξόμενον,
818 2220 1095 2289 ἐπίσημον
1134 2221 1305 2291 ἄνδρα
1366 2221 1515 2289 μάλα
1562 2222 1972 2292 διαγενόμενον.

393 2316 505 2368 Καὶ
537 2314 919 2385 ἀπαραδάτως
948 2317 1007 2367 ἐν
1037 2314 1256 2383 ἑκάστῳ
1285 2314 1432 2367 ἔθνει
1465 2315 1546 2376 είς
1575 2315 1750 2385 πέρας
1782 2316 1809 2367 ὀ
1835 2314 1976 2378 θεῖος

391 2405 550 2469 οὗτος
582 2407 748 2475 νόμος
797 2406 1030 2474 ἐγίνετο.
1060 2407 1217 2460 Κατὰ
1248 2406 1307 2459 δὲ
1354 2406 1451 2476 τὴν
1487 2406 1772 2477 Ἀντιόχου
1806 2407 1975 2476 πολλή

396 2517 479 2563 τις
509 2494 579 2571 ἦν
620 2501 652 2569 ἡ
684 2498 995 2567 φιλονεικία
1026 2497 1105 2569 τῷ
1136 2499 1356 2569 πλήθει,
1389 2499 1575 2554 αίτίαν
1607 2498 1819 2569 σχοῦσα
1861 2516 1976 2553 τοιο

393 2592 553 2647 άνδε·
596 2593 648 2645 οἱ
677 2591 786 2661 γάρ
809 2592 907 2661 τῆς
937 2591 1230 2662 όμοουσίου
1268 2591 1511 2655 πίστεως
1551 2592 1649 2644 καὶ
1696 2591 1806 2644 τῶν
1845 2593 1981 2646 ἀπο-

395 2682 659 2736 στολικῶν
720 2683 1011 2752 δογμάτων
1069 2682 1544 2750 ὑπερασπίζοντες
1584 2682 1863 2753 διῄρηντο.
1915 2682 1978 2735 Οί

396 2774 496 2841 μὲν
517 2773 626 2842 γὰρ
671 2772 833 2834 εὐθὺς
873 2770 1014 2840 μετὰ
1044 2771 1144 2840 τὴν
1194 2770 1487 2841 Εὑσταθίῳ
1516 2771 1820 2841 γενομένην
1852 2773 1977 2824 ἐπι-

394 2865 593 2935 ϐουλὴν
639 2866 737 2935 τῆς
765 2863 1118 2934 ’Ᾱρειανικῆς
1177 2864 1384 2933 λύσσης
1424 2864 1799 2934 διακριθέντες
1855 2864 1978 2918 καθ’

394 2957 621 3021 ἑαυτοὺς
671 2954 836 3028 ἦσαν,
876 2957 1129 3027 Παυλίνῳ
1174 2956 1477 3026 ἀγόμενοι·
1519 2957 1570 3008 οἱ
1598 2956 1655 3008 δὲ
1699 2955 1843 3024 μετὰ
1878 2956 1978 3024 τὴν

394 3049 731 3119 χειροτονίαν
765 3049 1007 3113 Εὑξωῖου
1038 3050 1149 3102 τῶν
1190 3048 1605 3102 δυσσεόούντων
1633 3049 1977 3112 διαστάντες,

395 3137 501 3190 ὑπὸ
550 3135 651 3205 τῆς
704 3138 1024 3205 σοφωτάτης
1068 3136 1336 3190 Μελετίου
1393 3135 1764 3206 ποιμαντικῆς
1806 3134 1979 3186 διιθύο

397 3244 568 3281 νοντο.
611 3227 778 3280 Ἀλλὰ
805 3227 1073 3289 Παυλῖνος
1108 3228 1208 3297 μὲν
1235 3226 1304 3280 δι’
1333 3226 1786 3297 ὑπερὸάλλουσαν
1808 3226 1980 3279 ἐπιεί-

2080 2028 2597 2100 propugnatoribus
2645 2029 2803 2085 reddi
2843 2030 3120 2100 permisit.
3158 2030 3224 2084 Et
3259 2029 3526 2099 Saporem
3557 2027 3660 2082 du-

2079 2136 2227 2188 cem,
2276 2121 2604 2191 praaclarum
2635 2120 2934 2176 admodum
2972 2123 3176 2186 virum,
3211 2122 3306 2192 qui
3342 2137 3463 2177 eam
3500 2136 3661 2176 exse-

2078 2214 2290 2268 cutioni
2322 2214 2630 2277 mandaret,
2665 2215 2719 2269 in
2755 2212 3038 2270 Orientem
3070 2214 3241 2269 misit.
3279 2213 3348 2268 Et
3383 2213 3570 2267 divina
3592 2226 3659 2267 ea

2080 2305 2408 2360 constitutio
2435 2306 2491 2359 in
2516 2306 2801 2376 provincia
2826 2322 3043 2375 quaque
3062 2307 3127 2359 ad
3149 2306 3465 2375 legitimum
3493 2303 3659 2358 ftuem

2080 2409 2241 2447 suum
2306 2394 2414 2448 rite
2461 2402 2547 2449 est
2607 2393 2868 2449 deducta.
2928 2396 3237 2450 Antiochiae
3277 2410 3412 2449 vero
3466 2394 3663 2464 ingens

2080 2496 2202 2540 erat
2241 2485 2294 2540 in
2342 2487 2505 2556 plebe
2554 2488 2844 2542 contentio
2875 2496 2929 2540 et
2972 2486 3294 2549 dissidium,
3330 2487 3402 2540 ob
3436 2500 3660 2539 causam

2080 2580 2355 2649 ejusmodi
2377 2598 2389 2634 :
2410 2579 2515 2645 Qui
2542 2580 2852 2651 όμοουσίου,
2876 2579 3394 2645 consubstantialis,
3422 2577 3584 2633 fidem
3605 2588 3665 2634 et

2082 2672 2403 2741 Apostolica
2438 2672 2696 2743 dogmata
2730 2672 3122 2736 defendebant,
3151 2671 3206 2724 in
3240 2670 3381 2724 duas
3410 2668 3665 2724 abierant

2081 2764 2271 2837 partes
2322 2785 2336 2823 :
2402 2765 2626 2837 quidam
2684 2780 2926 2834 namque
2984 2765 3172 2819 statim
3240 2772 3367 2835 post
3422 2769 3665 2817 structas

2081 2858 2375 2914 Eustathio
2412 2858 2666 2923 insidias,
2713 2858 2784 2912 ab
2826 2857 3027 2911 Ariana
3081 2856 3234 2910 rabie
3276 2856 3663 2916 abhorrentes,

2083 2951 2187 3008 sub
2253 2951 2486 3005 Paulino
2538 2950 2788 3005 antistite
2840 2957 3153 3003 conventus
3196 2961 3326 3000 suos
3367 2945 3663 3016 cogebant.

2084 3042 2319 3107 Quidam
2350 3050 2534 3097 autem
2566 3042 2633 3096 ab
2658 3040 2848 3095 Euzoii
2884 3041 3158 3094 electione
3190 3037 3489 3107 impiorum
3516 3052 3665 3091 com—

2083 3134 2352 3188 mercium
2393 3132 2752 3202 refugientes,
2802 3134 2905 3185 sub
2960 3129 3370 3200 sapientissimo
3436 3136 3660 3196 pastore

2081 3226 2303 3280 Meletio
2352 3226 2750 3297 pascebantur.
2788 3224 2954 3294 226
3007 3224 3075 3277 Et
3131 3222 3397 3276 Paulinus
3436 3220 3659 3289 quidem

397 3336 550 3374 κειαν
583 3319 718 3391 πρὸς
746 3319 1048 3383 Οὐάλεντος
1079 3321 1161 3382 εἰς
1192 3320 1293 3388 τὴν
1321 3318 1621 3390 ὑπερορίαν
1642 3317 1744 3372 οὑκ
1776 3318 1978 3390 ἧγετο·

2087 3329 2312 3389 propter
2369 3317 2732 3374 excellentem
2788 3317 3191 3370 humanitatem
3246 3330 3277 3367 a
3325 3313 3556 3368 Valente
3611 3313 3665 3365 in

397 3413 659 3475 Μελέτιος
690 3413 747 3467 δὲ
788 3412 1059 3484 πρότερον
1106 3412 1379 3484 ὑπερορίᾳ
1426 3410 1801 3481 κατακριθεὶς,
1844 3412 1980 3481 πρὸς

408 3502 701 3557 Ἰουλιανοῦ
738 3505 1050 3574 ἐπανήγετο
1074 3516 1089 3533 ·
1125 3501 1223 3555 καὶ
1251 3498 1407 3565 αὖθις
1431 3501 1522 3554 ἐπὶ
1552 3501 1855 3564 Οὐάλεντος
1880 3500 1980 3572 τὴν

398 3595 578 3665 φυγὴν
634 3595 1083 3659 καταδικασθεὶς,
1144 3593 1225 3663 τῷ
1274 3591 1582 3664 Γρατιανοῦ
1637 3592 1982 3661 θεσπίσματι

399 3686 704 3758 τηνικαῦτα
730 3688 875 3740 κατὰ
897 3688 996 3757 τὴν
1022 3686 1306 3756 Ἀντιόχου
1340 3685 1593 3739 ἐπάνεισι
1617 3702 1634 3719 ·
1671 3685 1767 3738 καὶ
1787 3683 1981 3748 ἐλθὼν,

402 3779 668 3830 Παυλῖνον
702 3776 952 3844 εὑρίσκει
989 3776 1089 3847 ήδη
1120 3775 1259 3845 πρὸς
1295 3774 1433 3845 βαθὺ
1464 3777 1643 3845 γῆρας
1676 3774 1981 3828 ἐλάσαντα·

402 3870 494 3923 καί
523 3868 577 3938 γ’
615 3870 778 3931 εὐθὺς
811 3870 1050 3931 ἅπαντες
1076 3868 1193 3921 ὅσοι
1223 3867 1322 3937 τῆς
1348 3868 1560 3920 ἐκείνου
1588 3865 1787 3937 μοίρας
1820 3861 1982 3937 ἦσαν,

400 3963 585 4015 πάντα
615 3961 798 4015 κάλων
831 3958 1072 4023 ἐκίνουν,
1101 3958 1399 4029 σύνθρονον
1422 3959 1686 4029 γενέσθαι
1731 3957 1984 4025 Παυλίνῳ

401 4059 692 4113 Μελέτιον.
728 4058 836 4110 Τοῦ
862 4058 920 4109 δὲ
970 4056 1244 4115 Παυλίνου
1284 4055 1386 4125 τὴν
1414 4052 1701 4123 συνεδρίαν
1722 4054 1988 4122 ἐκτρεπο-

407 4151 596 4219 μένου,
647 4150 744 4202 καὶ⁸
774 4147 930 4218 παρὰ
972 4148 1066 4199 τὸν
1114 4145 1584 4215 ἐκκλησιαστικὸν
1629 4142 1837 4196 κανόνα
1886 4141 1986 4211 τὴν

406 4240 607 4309 πρᾶξιν
631 4234 776 4291 εἶναι
806 4238 1213 4305 διατεινομένου
1238 4253 1251 4267 ·
1284 4237 1382 4289 άτε
1420 4235 1556 4305 δῆτα
1581 4233 1850 4287 Μελετίου
1882 4232 1988 4284 ὑπὸ

417 4331 714 4401 Ἀρειανῶν
741 4330 841 4401 τὴν
869 4330 1209 4401 χειροτονίαν
1242 4318 1676 4397 προσειληφότος
1726 4326 1827 4379 οὑκ
1857 4326 1989 4379 ἀνα-

408 4424 649 4494 σχόμενα
673 4423 742 4476 τὰ
777 4424 983 4493 πλήθη,
1014 4422 1072 4476 ἐν
1102 4438 1212 4474 τινι
1246 4422 1353 4476 τῶν
1389 4419 1495 4491 πρὸ
1534 4419 1634 4489 τῆς
1668 4417 1879 4479 πόλεως
1916 4417 1989 4469 te-

409 4517 519 4587 ρῶν
553 4515 646 4569 τὺν
676 4516 941 4570 Μελέτιον
973 4513 1402 4584 ἐνθρονίζουσιν.
1439 4510 1514 4564 Οὗ
1564 4511 1630 4579 δὴ
1661 4510 1982 4579 γενομένου,

410 4610 577 4678 πολλή
610 4626 695 4672 τις
732 4608 1020 4679 ἐρεσχελία
1046 4607 1288 4676 είσέρρει
1311 4623 1323 4635 ·
1355 4607 1451 4657 καὶ
1480 4609 1543 4656 ἐκ
1573 4604 1848 4673 τῆςσάγαν
1882 4621 1982 4672 φι-
2022 4647 2064 4701 D

407 4700 680 4761 λονεικίας
720 4703 803 4761 είς
833 4698 1074 4759 ἀτόπους
1110 4694 1492 4765 ἐπιχειρήσειε
1516 4694 1850 4762 ἐτρέποντο·
1891 4696 1988 4747 καὶ

410 4792 781 4859 προσεδοκᾶτο
814 4790 1006 4852 στάσις
1037 4787 1382 4857 ἑκατέρωθεν
1426 4787 1519 4839 τοῦ
1565 4786 1696 4840 λαοῦ
1727 4787 1993 4857 χαλεπαί-

408 4900 611 4946 νοντος.
645 4883 883 4935 Ἔπειτα
937 4880 1250 4950 θαυμασίας
1304 4880 1707 4947 ἐπιγενομένης
1765 4878 1991 4948 βουλῆς,

410 4975 491 5037 είς
522 4974 777 5041 ὁμόνοιαν
795 4967 960 5042 ἦλθον
991 4968 1281 5038 συνθηκῶν
1309 4967 1530 5020 τοιῶνδε
1563 4967 1954 5036 γεγενημένων
1974 4984 1987 4999 ·

411 5066 693 5119 συνεδόκει
748 5064 858 5133 γὰρ
889 5064 1078 5132 ὅρκοις
1130 5061 1367 5131 πεδῆσαι
1419 5062 1531 5112 ὅσοι
1582 5059 1648 5129 δὴ
1697 5059 1991 5130 ἐπιτήδειοι

410 5157 736 5207 ἐπισκοπεῖν
791 5154 1132 5223 ἐνομίζοντο,
1180 5151 1214 5220 ἢ
1254 5151 1350 5205 καὶ
1402 5152 1860 5222 προσεδοκῶντο·
1916 5146 1991 5205 ὧν

407 5250 589 5316 ἕτεροι
624 5246 722 5315 μὲν
749 5247 911 5299 πέντε
942 5241 1105 5315 ἦσαν,
1154 5244 1253 5296 καὶ
1279 5243 1583 5306 Φλαὸιανὸς
1606 5242 1768 5304 αὑτός
1790 5259 1803 5274 ·
1843 5240 1990 5295 ὥστε

412 5341 620 5411 μηδένα
658 5340 738 5400 εἰς
773 5339 872 5408 τὴν
926 5338 1238 5407 ἐπισκοπὴν
1296 5337 1628 5407 παρελθεῖν·
1701 5333 1826 5388 οὔτε
1882 5337 1992 5406 μὴν

416 5435 739 5500 σπουδάσαι,
766 5431 880 5486 οὑτ’
913 5431 1204 5499 ἀνέξεσθαι
1226 5431 1325 5501 τὴν
1346 5429 1706 5501 χειροτονίαν,
1740 5429 1842 5483 κᾶν
1872 5430 1993 5483 εἴτι

412 5530 509 5579 καὶ
539 5528 787 5594 γένηται,
826 5526 917 5579 ἐπ’
942 5526 1127 5587 αὑτοῖς
1154 5526 1486 5595 ἐρχομένην,
1514 5523 1620 5586 ἕως
1655 5523 1723 5577 ἂν
1757 5520 1992 5593 περιῶσι

413 5617 492 5688 τῷ
524 5619 624 5688 βίῳ
656 5618 920 5680 Παυλῖνός
954 5633 1011 5668 τε
1044 5617 1139 5670 καὶ
1165 5616 1427 5678 Μελέτιος
1449 5634 1461 5645 ·
1500 5608 1575 5669 ὧν
1599 5614 1832 5686 θατέρου
1859 5632 1996 5686 προ-

413 5712 866 5779 τε)ευτήσαντος,
897 5710 990 5762 τὸν
1015 5708 1475 5779 περιλειπόμενον
1503 5710 1756 5778 κατέχειν
1782 5709 1993 5762 καὶτοῦ

418 5805 783 5872 ἀποιχομένου
826 5804 917 5856 τὸν
957 5803 1186 5871 θρόνον·
1227 5808 1323 5856 καὶ
1362 5803 1500 5872 μετὰ
1525 5802 1621 5872 τὴν
1644 5802 1853 5855 ἐκείνου
1885 5802 1996 5855 λοι-

421 5897 521 5951 πον
557 5896 856 5951 άποὸίωσιν
889 5895 1063 5960 οὕτως
1101 5894 1201 5950 ἕνα
1236 5895 1345 5949 τῶν
1389 5895 1718 5965 ὑποῲήφων,
1753 5897 1812 5951 ὃν
1843 5899 1905 5952 iv
1937 5897 1995 5950 τὸ

2083 3411 2348 3467 exsilium
2405 3420 2564 3465 actus
2626 3426 2736 3464 non
2787 3410 2991 3464 fuerat.
3042 3407 3296 3462 Meletius
3347 3422 3479 3460 vero
3542 3420 3669 3459 cum

2089 3505 2334 3574 primum
2367 3503 2568 3559 exsilio
2588 3503 2856 3556 multatus
2881 3514 3053 3563 esset,
3084 3517 3110 3551 a
3137 3500 3356 3553 Juliauo
3381 3498 3671 3552 restitutus

2085 3594 2320 3653 fuerat:
2363 3605 2421 3652 et
2471 3595 2655 3650 denuo
2691 3597 2794 3651 sub
2842 3593 3077 3647 Valente
3126 3592 3416 3661 deportari
3461 3592 3667 3659 jussus,

2086 3688 2331 3744 Gratiani
2370 3688 2556 3745 edicto
2593 3688 2769 3742 fretus
2822 3699 2935 3740 tum
2985 3685 3344 3739 Antiochiam
3406 3683 3667 3747 redierat,

2086 3789 2143 3836 et
2174 3782 2467 3836 Paulinum
2502 3781 2555 3834 in
2604 3792 2856 3836 extrema
2902 3782 3018 3850 jam
3058 3789 3346 3835 senectute
3384 3779 3665 3832 viventem

2089 3874 2404 3928 invenerat.
2456 3873 2533 3928 lbi
2590 3874 2687 3943 qui
2740 3872 3001 3927 factionis
3067 3872 3190 3940 ejus
3242 3880 3404 3925 erant
3452 3883 3671 3932 omnes,

2090 3978 2314 4017 omnem
2351 3945 2575 4016 movere
2608 3963 2820 4027 funem,
2855 3972 2914 4015 ut
2944 3960 2999 4014 in
3027 3955 3220 4016 eodem
3249 3975 3375 4015 cum
3413 3958 3671 4018 Paulino.

2092 4056 2295 4110 throno
2338 4056 2591 4111 llleletius
2636 4056 3030 4110 collocaretur.
3071 4054 3338 4110 Paulinus
3385 4069 3510 4108 eam
3554 4068 3668 4107 rem

2091 4163 2202 4201 non
2234 4146 2497 4213 admisit;
2533 4148 2739 4201 factum
2768 4147 3039 4217 ejusmodi
3087 4146 3358 4200 adversus
3397 4146 3667 4199 ecclesia-

2089 4240 2262 4294 sticos
2307 4254 2552 4293 canones
2595 4254 2718 4293 esse
2768 4239 3055 4305 dictitans,
3098 4238 3251 4307 quod
3298 4236 3553 4291 Meletius
3604 4239 3672 4290 ab

2091 4332 2316 4387 Arianis
2355 4331 2841 4387 consecrationem
2880 4331 3205 4400 accepisset.
3236 4332 3303 4384 At
3350 4331 3587 4400 populus
3619 4330 3671 4383 id

2090 4436 2196 4476 non
2247 4420 2457 4486 ferens,
2489 4420 2769 4475 Meletium
2805 4421 2859 4474 in
2908 4420 3110 4475 throno
3158 4421 3348 4489 templi
3384 4418 3673 4489 cujusdam

2089 4512 2397 4568 suburbani
2432 4513 2749 4569 collocavit.
2780 4513 2899 4581 Quo
2929 4512 3098 4574 facto,
3150 4513 3326 4566 tnulta
3370 4512 3672 4566 verborum

2092 4607 2210 4662 rixa
2240 4614 2327 4661 est
2356 4607 2576 4661 oborta.
2613 4606 2680 4659 Et
2706 4621 2796 4660 res
2827 4621 2893 4659 ex
2934 4606 3111 4660 nimio
3144 4604 3517 4659 contendendi
3556 4614 3669 4658 stu-
3760 4622 3775 4637 κ

2096 4699 2190 4756 dio
2240 4701 2294 4753 in
2343 4707 2526 4768 empta
2581 4697 2820 4752 absurda
2860 4698 3037 4752 abiit:
3076 4697 3351 4766 plebeque
3390 4712 3459 4751 ex
3512 4707 3672 4764 parte

2097 4802 2340 4862 utraque
2387 4790 2732 4861 indignante,
2766 4789 2969 4844 seditio
3006 4790 3059 4843 in
3094 4790 3514 4860 exspectatione
3549 4786 3672 4841 fuit.

2097 4885 2309 4941 Deinde
2338 4899 2469 4939 vero
2504 4882 2741 4938 consilio
2788 4882 3030 4937 mirifico
3061 4881 3309 4944 invento,
3343 4883 3409 4936 ad
3445 4897 3676 4936 concor-

2095 4978 2240 5031 diam
2275 4991 2366 5031 res
2398 4976 2576 5044 pactis
2610 4973 2933 5045 hujusmodi
2979 4983 3067 5030 est
3113 4974 3367 5028 reducta.
3404 4972 3674 5027 Placitum

2096 5082 2339 5136 namque
2391 5078 2496 5132 est,
2557 5075 2619 5120 ut
2667 5068 2761 5136 qui
2807 5067 2874 5121 ad
2922 5067 3299 5137 episcopalem
3333 5065 3677 5120 iunctionem

2096 5160 2437 5224 obeundam,
2494 5160 2581 5214 vel
2633 5161 2745 5230 jam
2794 5169 2910 5214 tum
2979 5168 3188 5221 essent,
3237 5159 3324 5214 vel
3379 5158 3677 5227 aliquando

2098 5251 2266 5304 futuri
2296 5260 2485 5305 essent
2516 5251 2722 5317 idonei,
2753 5267 2994 5322 quorum
3030 5253 3256 5322 quidem
3285 5251 3534 5321 quinque
3557 5250 3673 5313 alii,

2095 5353 2151 5397 et
2189 5343 2483 5398 Flavianus
2512 5354 2702 5398 sextus
2748 5352 2889 5411 erat,
2915 5344 3283 5416 jurisjurandi
3318 5352 3668 5399 sacramento

2097 5435 2500 5505 obligarentur.
2528 5436 2805 5490 neminem
2846 5453 3040 5490 eorum
3076 5437 3459 5506 episcopatum
3485 5450 3678 5492 susce-

2098 5536 2349 5596 pturum,
2380 5542 2561 5596 neque
2612 5529 2677 5583 ad
2722 5529 3046 5598 dignitatem
3092 5544 3213 5584 eam
3261 5530 3675 5593 anhelaturum,

2099 5631 2265 5689 atque
2297 5619 2437 5672 adeo
2466 5635 2645 5689 neque
2678 5622 3032 5682 electionem,
3060 5621 3103 5675 si
3137 5620 3278 5673 forte
3323 5634 3387 5674 ea
3429 5620 3498 5674 de
3536 5636 3677 5689 quo-

2100 5714 2245 5782 piam
2309 5712 2488 5775 fieret,
2532 5713 2972 5782 approbaturum
3022 5728 3181 5775 essca
3220 5713 3489 5781 tantisper
3545 5713 3676 5767 dum

2100 5804 2367 5862 Paulinus
2407 5812 2464 5857 ct
2512 5803 2765 5860 Meletius
2800 5806 2853 5860 in
2892 5807 2999 5860 vita
3048 5816 3360 5869 manerent,
3406 5798 3572 5873 atque
3619 5817 3679 5861 ut

2103 5899 2277 5954 altero
2309 5895 2576 5953 defuncto
2610 5897 2752 5953 alter
2791 5899 2884 5971 qui
2921 5906 3205 5970 superstes
3229 5908 3398 5965 esset,
3435 5899 3488 5950 in
3531 5897 3678 5950 illius
