4062 6422
349 393 453 454 755
521 433 528 441 -

1496 444 1505 455 .
1558 400 1988 463 NICEPHORI
2024 398 2375 461 CALIJSTI

3516 398 3544 457 ’ἲ
3554 397 3618 459 56

353 500 685 559 succederet
734 504 918 558 locum
946 525 959 560 :
1000 516 1122 577 post
1171 508 1291 577 ejus
1322 508 1499 579 ipsius
1530 524 1662 563 vero
1695 510 1935 568 obitum.

2048 510 2273 580 Πνεῦμα
2304 510 2365 562 τὸ
2401 506 2561 575 ἅγιον
2600 504 2942 574 ἐπιλέξηται,
2975 506 3076 577 τὴν
3110 506 3478 579 ὲπισκοπικὴν
3519 525 3619 561 κα·
3680 579 3692 589 ο

353 604 413 646 ut
475 611 618 650 unus
652 612 718 650 ex
764 598 846 653 eis
905 600 1000 669 qui
1062 600 1456 671 suffragiorum
1500 604 1732 659 calculis
1783 602 1932 673 digni

353 697 558 752 essent,
594 702 623 741 a
663 688 871 757 Spiritu
918 700 1113 745 sancto
1154 694 1386 760 electus,
1425 696 1796 766 episcopalem
1845 710 1935 749 ca-

355 780 606 832 thedram
663 781 967 837 obtineret.
1030 784 1337 842 Conventis
1392 787 1548 842 hisee
1613 789 1932 858 juramento

349 870 738 936 conﬁrmatis,
812 873 1111 928 multitudo
1171 874 1287 931 fere
1347 878 1532 931 omnis
1589 877 1926 934 consensit:

351 963 512 1032 pauci
559 973 771 1019 tantum
826 966 1070 1022 Luciferi
1127 978 1480 1034 sectatores,
1548 972 1924 1025 consecratio-

2044 602 2242 668 θὲδραν
2270 599 2632 670 κληροῦσθαι.
2667 599 2794 651 Ἐπὶ
2827 597 3040 673 τούτοις
3076 597 3141 669 δὴ
3171 598 3282 651 τῶν
3318 599 3500 668 ὅρκων
3531 617 3623 668 γε-

2041 692 2382 761 γενημένων,
2432 691 2621 762 σχεδὸν
2663 691 2726 743 τὸ
2777 690 3003 759 σύμπαν
3064 691 3348 759 ὡμονόησε
3394 690 3617 760 πλῆθος.

2042 786 2280 855 Βραχεῖς
2308 784 2365 837 δὲ
2396 784 2517 838 λίαν
2549 785 2599 837 οί
2630 783 2737 836 ἀπὸ
2765 784 3112 853 Λουκίφερος
3137 783 3477 854 διεφέροντο.
3521 783 3622 849 τὴν

2041 878 2311 933 Μελετίου
2341 875 2661 946 αἰτιώμενοι
2684 874 3043 947 χειροτονίαν,
3067 875 3140 939 ὡς
3168 875 3271 926 ὑπὸ
3296 871 3621 944 ἑτεροδόξων

2037 987 2241 1040 γεγενη
2252 970 2442 1040 μένην.

252 1108 267 1117 ,
346 1069 470 1108 nem
537 1055 743 1112 Meletii
811 1057 879 1111 ab
938 1059 1138 1114 aliena:
1199 1062 1494 1117 sententiae
1570 1062 2029 1133 sutl‘ragatoribus
2086 1074 2372 1132 acceptam
2467 1059 2974 1132 reprehendentes,
3052 1057 3452 1113 dissensionem
3539 1054 3623 1109 fo-

344 1158 563 1202 verunt.

952 1275 1181 1332 CAPUT
1233 1278 1322 1333 IV.

349 1359 436 1436 De_
454 1362 779 1436 Apollinaris
804 1382 1005 1426 errare,
1038 1380 1086 1421 et
1117 1370 1181 1421 de
1210 1380 1393 1424 sancto
1422 1370 1707 1436 Flaviano,
1746 1380 1794 1424 el
1821 1371 1934 1423 Me-

417 1431 583 1502 lgtio:
632 1450 850 1502 quisque
897 1439 1009 1489 sedi
1058 1440 1391 1494 Antiocheam
1434 1431 1745 1496 evenerint:
1796 1441 1935 1494 etde

417 1499 620 1568 Sapore
645 1499 777 1557 duce
834 1516 882 1558 et
920 1506 1136 1561 Eulalia
1180 1510 1559 1565 Amasenorum
1593 1514 1853 1582 episcopo.

421 1748 581 1817 227
605 1750 744 1803 Tum
800 1769 930 1806 vero
956 1755 1299 1825 Apollinaris
1330 1760 1405 1829 (t)
1434 1760 1655 1829 pietatis
1688 1777 1929 1831 persona

346 1850 588 1909 sumpta.
627 1844 858 1901 alterius
908 1848 1173 1905 factionis
1216 1852 1526 1907 Antiochia:
1571 1856 1785 1909 exstitit
1835 1871 1932 1909 au-
1967 1835 2007 1888 Β

346 1945 486 1990 ctor.
518 1936 653 1992 Nam
695 1942 796 1995 sub
824 1945 1254 2011 apostolicorum
1287 1947 1605 2017 dogmatum
1630 1949 1932 2005 defenden-

345 2027 541 2083 dorum
577 2043 868 2100 praetextu,
898 2036 1055 2090 brevi
1092 2039 1364 2094 mirificus
1385 2056 1509 2097 esse
1534 2057 1678 2097 veras
1711 2044 1931 2112 pietatis

344 2135 696 2192 Oppugnator
719 2129 998 2196 apparuit.
1029 2130 1106 2183 Ad
1119 2132 1390 2187 ulterinas
1410 2135 1617 2207 quippe
1635 2134 1703 2191 de
1721 2146 1929 2191 aeterna

342 2230 396 2267 et
427 2216 727 2272 immortali
755 2221 953 2275 natura
984 2222 1280 2292 opiniones
1322 2238 1695 2295 commentus,
1726 2230 1931 2300 gradus

344 2308 613 2377 quosdam
644 2321 701 2365 et
738 2312 1038 2383 dignitates
1080 2316 1228 2371 inter
1273 2334 1333 2372 se
1383 2317 1708 2377 differentes
1753 2322 1932 2377 intro-

343 2402 523 2458 duxit.
569 2406 650 2458 Ad
704 2406 820 2462 haec
864 2409 1061 2463 salutis
1107 2412 1276 2465 etiam
1327 2422 1533 2467 nostra:
1579 2414 1934 2471 administra-

344 2493 515 2549 tionis
545 2499 871 2567 mysterium
904 2501 1289 2571 imperfectum
1344 2486 1617 2571 reddidit,
1655 2505 1929 2559 animam-

343 2601 455 2654 que
484 2589 836 2658 rationalem,
884 2607 991 2663 qna
1043 2610 1249 2662 corpus
1303 2611 1468 2653 omne
1520 2599 1757 2670 regitur,
1810 2600 1932 2670 ejus

344 2694 469 2747 qua:
511 2681 678 2735 nobis
722 2683 924 2755 obtigit
979 2687 1180 2743 salutis
1231 2700 1515 2759 expertem
1567 2700 1696 2746 esse
1743 2690 1928 2747 dixit:

348 2783 638 2841 propterea
692 2776 837 2845 quod
876 2777 1019 2832 hanc
1063 2795 1284 2853 quoque
1332 2798 1441 2837 non
1500 2783 1712 2847 itidem,
1766 2785 1929 2838 sicuti

346 2866 615 2935 reliquam
647 2870 902 2939 Corporis
930 2883 1208 2939 naturam,
1248 2876 1396 2930 Deus
1429 2875 1671 2933 Verbum
1707 2892 1930 2947 recepe-

348 2962 443 3025 rit,
481 2959 826 3030 proindeque
851 2963 899 3017 ei
935 2979 1116 3035 neque
1158 2968 1506 3023 sanationem
1542 2983 1721 3037 neque
1757 2968 1932 3022 hono-

348 3066 464 3104 rem
496 3051 736 3121 aliquem
755 3056 1083 3113 Jradiderit.
1112 3060 1337 3126 Verum,
1368 3076 1573 3129 corpus
1601 3061 1677 3132 (2)
1706 3062 1929 3131 quidem

345 3154 585 3214 negatus
639 3156 727 3202 est
777 3148 831 3201 in
887 3152 1029 3203 coelo
1085 3150 1154 3205 ab
1206 3146 1675 3221 intellectuali(5’)
1734 3156 1929 3207 militia
1962 3190 2007 3252 Ο

343 3240 494 3292 omni
547 3239 768 3294 adorari
802 3258 816 3294 :
856 3243 1100 3297 animam
1140 3260 1273 3299 vero
1303 3246 1357 3299 in
1391 3247 1555 3302 terris
1593 3258 1932 3311 manentem,

344 3336 407 3381 nt
459 3345 580 3398 quae
635 3342 860 3401 recepta
909 3349 1021 3387 non
1072 3336 1167 3401 sit,
1215 3337 1325 3391 huc
1372 3354 1551 3408 usque
1600 3338 1931 3401 incuratam,

344 3422 674 3490 peccatique
730 3424 1033 3494 ignominia
1089 3428 1498 3482 circumdatam
1554 3444 1698 3483 esse.
1755 3432 1937 3499 Atque

346 3511 454 3564 alia
485 3513 654 3567 etiam
706 3515 1077 3571 absurditatis
1103 3519 1375 3589 ejusmodi
1412 3522 1575 3589 plena
1610 3521 1933 3584 blattcrans,

348 3603 649 3672 aliquando
681 3606 904 3674 quidem
953 3621 1009 3662 et
1063 3608 1359 3664 Dominum
1406 3612 1587 3681 ipsum
1618 3626 1686 3665 ex
1719 3613 1937 3681 Virgine

354 3713 581 3752 carnem
632 3702 929 3770 recepisse,
985 3702 1286 3772 aliquando
1334 3720 1470 3759 vero
1512 3719 1633 3759 eam
1676 3720 1862 3759 secum
1907 3722 1939 3760 e

354 3789 498 3844 caelo
529 3790 885 3848 descendiSse
909 3833 924 3856 ,
967 3794 1250 3850 interdum
1280 3797 1450 3851 etiam
1478 3797 1723 3853 Verbum
1758 3799 1940 3867 ipsum

356 3884 411 3935 in
442 3896 666 3936 carnem
721 3893 1020 3952 mutatum,
1050 3887 1190 3942 nihil
1222 3904 1287 3943 ex
1318 3905 1486 3943 carne
1526 3898 1715 3944 nostra
1750 3906 1939 3958 sump~

357 3975 521 4037 sisse,
558 3974 720 4029 dixit.
759 3979 941 4047 Atque
984 3977 1215 4048 insuper
1252 3979 1377 4034 aliis
1430 3981 1712 4035 nonnullis
1749 3982 1943 4037 deliris

354 4078 411 4120 et
445 4067 755 4136 nugacibus
790 4066 994 4122 fabulis
1028 4069 1595 4135 adinventis,divinis
1628 4088 1724 4127 eas
1741 4071 1941 4127 Serva-

358 4160 497 4212 toris
533 4159 1000 4228 promissionibus
1047 4162 1361 4231 conjunxit.
1396 4162 1544 4228 Quas
1591 4164 1939 4235 singulatim,

311 4279 314 4282 η
358 4259 730 4318 praeterquam
757 4251 917 4320 quod.
938 4251 1008 4304 de
1032 4252 1114 4305 eis
1147 4261 1309 4307 antea
1342 4268 1564 4323 quoque
1593 4254 1856 4315 diximus.
1888 4257 1942 4310 in

363 4340 655 4408 praesentia
714 4355 1011 4395 recensere
1061 4326 1540 4410 supervacaneum
1605 4360 1727 4399 esse
1785 4359 1939 4417 puto.

361 4433 503 4485 'l‘um
557 4433 780 4502 quidem
837 4433 929 4487 ille
983 4449 1092 4487 non
1146 4443 1358 4489 tantum
1411 4438 1780 4493 sectatoribus
1829 4439 1945 4493 suis

2639 1271 2893 1326 ΚΕΦΑΛ.
2929 1266 2998 1323 Δ’.

2040 1369 2183 1437 Περὶ
2212 1368 2316 1435 τῆς
2374 1365 2842 1437 Ἀπολλιναρίου
2898 1361 3166 1437 ἀπάτης·
3189 1362 3305 1437 μκαί
3339 1360 3473 1437 περί
3515 1359 3620 1437 τοῦ

2112 1430 2655 1508 ἆγίοόφλαϐιαινοῦ
2837 1433 3130 1508 Μελετίου
3167 1432 3296 1508 ’ὅσα
3328 1430 3408 1493 τῷ
3435 1431 3622 1508 θρόνῳ

2111 1501 2223 1577 τῆς
2276 1510 2591 1577 Ἀντιόχου
2614 1505 2885 1577 ἐγένετο.⁸
2926 1503 3026 1554 καί
3040 1502 3183 1577 περὶ
3208 1501 3494 1577 ΣεὶςτιιιροςΔ
3516 1501 3620 1552 τοῦ

2114 1569 2598 1645 σὲρατηγοῦῇιαί
2628 1569 2937 1629 Εὺυίαλίου
2962 1573 3066 1626 τοῦ
3086 1573 3427 1626 ἐπισκόπου
3449 1569 3641 1649 ’Λμαοι

2116 1666 2310 1712 getae.

2111 1762 2430 1834 Τηνικαῦτα
2464 1762 2518 1813 δὲ
2557 1763 2649 1814 καὶ
2680 1760 3095 1829 Ἀπολλινάριος
3124 1758 3183 1814 τ’)
3210 1757 3312 1827 τῆς
3340 1757 3621 1818 εὐσεϐείας

2041 1856 2403 1925 περιθέμενος
2466 1855 2852 1922 προσωπεῖον,
2903 1851 3260 1918 συστήματος
3318 1848 3509 1917 ἑτέρου
3566 1851 3621 1898 ἐν

2055 1949 2361 2017 Ἀντιοχείᾳ
2392 1947 2692 2000 καθίστατο
2737 1946 3008 2014 ἀρχηγός.
3055 1944 3305 2012 Σχήματι
3354 1940 3465 2007 γὰρ
3514 1928 3645 1990 τοῦ·

2039 2042 2421 2097 ἀποστολικῶν
2449 2041 2737 2110 δογμάτων
2793 2038 2968 2091 δοκῶν
3019 2034 3448 2104 ὑπερίστασθαι,
3506 2032 3621 2100 μετ’

2038 2138 2224 2203 ὀλίγον
2256 2134 2547 2204 ὑπερφυής
2581 2148 2665 2194 τις
2686 2129 2843 2199 ὢςρθη
2879 2128 2980 2197 τῆς
3010 2124 3302 2187 εὐσεϐείας
3336 2124 3621 2192 πολέμιος.

2038 2228 2288 2300 Κίσδηλα
2313 2227 2424 2296 γάρ
2462 2242 2585 2279 τινα
2624 2226 2758 2293 περὶ
2803 2222 2900 2292 τῆς
2933 2216 3469 2290 ἀκηράτου-φύσεως
3498 2216 3622 2266 ἑπι-

2040 2321 2263 2389 νοήσας,
2302 2315 2548 2388 βαθμούς
2580 2332 2735 2377 τινας
2767 2313 2861 2366 καὶ
2895 2300 3188 2381 διαφόρους
3214 2308 3370 2373 ἀξίας
3398 2305 3619 2375 εἰσῆγεν

2040 2411 2179 2481 πρὸς
2204 2410 2259 2463 δὲ
2321 2410 2418 2463 καὶ⁵
2466 2408 2529 2460 τὸ
2560 2408 2683 2475 ,τῆς
2711 2404 3032 2476 οίκονομίας
3086 2394 3394 2470 μυστήριον
3436 2398 3623 2459 ἀτελὲς

2038 2502 2252 2555 ἑποίειο
2295 2501 2393 2554 καὶ
2439 2498 2776 2570 ἐστερῆσθαι
2819 2500 2924 2568 τὴν
2964 2493 3195 2564 λογικὴν
3236 2494 3420 2563 ψυχὴν
3448 2483 3623 2564 fuit;

2039 2593 2330 2648 διοικεῖται
2365 2592 2428 2646 τὸ
2453 2590 2638 2659 σῶμα,
2667 2589 2771 2659 τῆς
2832 2587 3214 2659 γεγενημένης
3260 2584 3417 2652 ἔλεγε
3449 2600 3627 2654 σωτη-

2043 2685 2165 2756 ρίας
2187 2702 2205 2717 ἠ
2232 2683 2369 2755 μηδὲ
2397 2684 2503 2752 γὰρ
2533 2681 2939 2750 προσειλῆφθαι
2966 2680 3062 2734 καὶ
3102 2677 3313 2746 ταύτην
3333 2677 3409 2739 ὼς
3434 2676 3530 2728 καὶ
3556 2675 3624 2728 τὰ

2040 2778 2209 2831 λοιπά
2242 2777 2337 2830 τοῦ
2371 2775 2628 2844 σώματος
2657 2772 2751 2825 τὸν
2779 2772 2918 2825 Θεὸν
2947 2772 3129 2839 Λόγον
3155 2785 3169 2800 ο
3205 2770 3299 2821 καὶ
3333 2768 3425 2821 διά
3468 2767 3627 2820 τοῦτο

2045 2871 2181 2943 μηδὲ
2240 2868 2479 2938 ἰατρείας
2535 2866 2674 2935 μηδὲ
2721 2865 2888 2935 τιμῆς
2944 2861 3291 2933 μεταδοῦναι.
3346 2859 3518 2913 Ἀ).λά
3565 2857 3626 2910 τὸ

2047 2963 2148 3032 μὲν
2196 2962 2360 3029 σῶμα
2402 2957 2666 3029 ὲληρώδει
2701 2954 2815 3010 ἄνω
2847 2953 3281 3027 προσκυνεῖσθαι
3312 2952 3416 3004 ὑπὸ
3448 2950 3623 3019 πάσης

2045 3052 2312 3122 στρατιᾶς
2337 3051 2555 3118 νοερᾶς,
2585 3051 2686 3117 τὴν
2711 3048 2768 3101 δέ
2799 3066 2865 3116 γε
2914 3046 3096 3117 ψυχὴν
3136 3042 3290 3097 κάτω
3336 3043 3622 3111 μείνασαν,

2043 3144 2422 3213 ἀθεράπευτον
2453 3141 2510 3201 ἐς
2534 3140 2696 3206 δεῦρο
2716 3138 2792 3200 ὡς
2819 3137 3212 3205 ἀπρόσληπτον
3235 3128 3378 3184 εἶναι
3407 3132 3506 3199 τὴν
3528 3129 3626 3197 τῆς

2043 3234 2325 3303 ἁμαρτίας
2356 3232 2585 3299 ἀτιμίαν
2618 3227 3037 3299 περικειμένην.
3071 3227 3183 3278 Καὶ
3217 3223 3354 3277 ἄλλα
3385 3221 3429 3273 δ’
3459 3220 3627 3288 ἕτερα

2039 3329 2140 3397 τῆς
2172 3327 2293 3396 ίσης
2336 3326 2569 3387 ἀτοπίας
2600 3325 2861 3379 ἀνάπλεω
2891 3319 3216 3390 φληναφῶν,
3253 3316 3385 3369 ποτὲ
3439 3315 3539 3385 μὲν
3564 3314 3628 3365 ὲκ

2040 3423 2141 3490 τῆς
2166 3419 2442 3492 παρθένου
2492 3420 2584 3472 καὶ
2613 3417 2779 3471 αὑτὸν
2816 3414 3143 3483 ἀνειλῆφθαι
3178 3414 3277 3482 τὴν
3316 3412 3495 3478 σάρκα
3531 3408 3629 3461 τὸν

2046 3511 2252 3581 Κύριον
2282 3510 2487 3576 ἔλεγεν,
2522 3508 2713 3561 ἄλλοτε
2746 3507 2791 3559 δ’
2824 3505 2883 3569 ἐξ
2920 3502 3156 3570 οὐρανοῦ
3201 3504 3303 3553 σὺν
3341 3499 3497 3566 αὐτῷ
3536 3512 3632 3550 κα-

2045 3604 2399 3674 τεληλυθέναι
2422 3622 2434 3634 ·
2464 3601 2595 3653 ποτὲ
2621 3600 2678 3651 δὲ
2711 3601 2805 3650 καὶ
2833 3598 2999 3649 αὐτον
3032 3597 3124 3647 τὸν
3148 3594 3322 3661 Λόγον
3346 3596 3425 3653 είς
3452 3589 3631 3658 σάρκα

2047 3697 2494 3765 μετατραπῆναι,
2536 3693 2705 3760 μηδὲν
2760 3693 2824 3743 ὲκ
2870 3690 2971 3759 τῆς
3004 3689 3283 3759 ἡμετέρας
3331 3684 3629 3749 προσειλη-

2046 3796 2219 3856 φάταο
2259 3787 2352 3838 καί
2395 3801 2547 3844 τινας
2579 3782 2807 3850 ἐτέρους
2852 3779 3120 3849 ληρώδεις
3161 3775 3367 3843 μύθους
3403 3774 3630 3841 ἐξευΡΨ·

2046 3883 2178 3948 κὼς,
2208 3886 2328 3943 ταῖς
2360 3878 2532 3938 θείαις
2561 3875 2656 3928 τοῦ
2694 3874 2952 3942 Σωτῆρος
2990 3869 3345 3941 παρεζεύγνυ
3384 3868 3631 3933 ἐπαγγε-

2045 3977 2208 4037 λίαις,
2241 3973 2276 4027 ἀ
2310 3972 2449 4025 κατὰ
2485 3968 2652 4039 μέρος
2684 3967 2760 4038 τῷ
2789 3965 3023 4033 παρόντι
3067 3963 3325 4026 διεξιέναι
3375 3958 3631 4028 περιττὸν

2048 4064 2189 4121 εἶναι
2220 4065 2450 4134 νομίζω.
2497 4061 2651 4123 Τέως
2683 4076 2748 4126 γε
2801 4058 2908 4128 μὴν
2942 4058 3150 4119 ἐκεῖνος
3204 4054 3268 4106 οὐ
3304 4053 3466 4123 μόνον
3517 4052 3631 4111 τοῖς

2048 4161 2243 4229 ἐκείνῳ
2269 4156 2558 4226 ἑπομένοις
2584 4154 2682 4223 τῆς
2703 4153 2914 4214 οἰκείας
2938 4151 3120 4220 λύμης
3146 4140 3475 4218 μετέδωκεν,
3496 4144 3631 4196 ἀλλὰ

2049 4254 2145 4303 καὶ
2191 4248 2423 4309 πολλοῦς
2452 4246 2563 4299 τῶν
2611 4247 2902 4316 ἡμετέρων
2942 4244 3157 4309 ταύτης
3195 4238 3481 4305 ἐνέπλησε.
3516 4236 3633 4287 Κάν

2051 4346 2106 4404 ἐς
2137 4342 2366 4409 ὕστερον
2388 4339 2449 4392 τὸ
2474 4340 2573 4407 τῆς
2606 4336 2729 4389 καθ’
2759 4337 2908 4404 ἡμᾶς
2940 4337 3181 4393 πίστεως
3208 4330 3450 4400 ὁρῶντες
3479 4343 3632 4395 περιρ

2052 4435 2242 4505 φανὲς,
2276 4434 2416 4501 πλὴν
2447 4432 2647 4499 ὀλίγων
2674 4431 2916 4490 ἅπαντες
2956 4430 3023 4496 τῇ
3062 4425 3296 4478 καθόλου
3331 4421 3633 4489 Ἐκκλησία

361 4536 575 4594 pestem
627 4527 770 4579 hanc
819 4527 1278 4594 communicavit,
1308 4529 1404 4583 sed
1437 4546 1505 4584 ex
1538 4532 1747 4585 nostris
1775 4532 1941 4585 etiam

2055 4524 2366 4595 προσῆλθον
2391 4561 2406 4586 ,
2438 4523 2534 4574 καὶ
2584 4520 2686 4587 τῆς
2720 4519 2823 4587 μὲν
2865 4514 3153 4575 κοινωνίας
3196 4511 3495 4582 μετέσχον·
3537 4508 3632 4573 τῆς

366 4620 569 4673 multos
599 4634 662 4672 ea
706 4617 921 4673 infecit.
953 4619 1216 4686 Quamvis
1246 4631 1437 4691 postea
1476 4623 1772 4692 populares
1803 4624 1946 4693 ejus,

360 4728 521 4766 suam
553 4713 799 4781 ipsorum
833 4713 1234 4768 obscuritatem
1273 4723 1328 4768 et
1365 4715 1492 4769 lidei
1529 4724 1739 4769 nostra:
1763 4715 1952 4783 splen-

365 4806 556 4857 dorem
602 4804 878 4858 illustrem
921 4815 1239 4870 cernentes,
1277 4807 1475 4875 paucis
1502 4808 1754 4875 exceptis
1783 4844 1797 4869 ,
1830 4820 1952 4859 om-

365 4909 471 4949 nes
500 4893 567 4948 ad
613 4894 907 4949 ecclesiam
946 4911 1004 4949 se
1036 4897 1364 4951 catholicam
1396 4896 1757 4959 contulerint,
1797 4906 1853 4950 et
1884 4896 1953 4949 de

366 4987 766 5040 communione
798 4985 1020 5055 quidem
1054 4997 1243 5041 nostra
1274 4986 1762 5055 participaverint,
1787 4987 1954 5055 δἐι-ἰ-

371 5080 583 5133 tudinis
611 5066 801 5133 autem
830 5093 942 5134 sua
971 5093 1247 5133 venenum
1279 5095 1389 5132 non
1430 5079 1661 5133 omnino
1688 5092 1955 5132 evomuc-

372 5175 508 5235 rint,
552 5185 718 5243 atque
755 5172 809 5227 id
865 5175 1159 5243 permultis
1207 5188 1399 5227 sanam
1450 5172 1769 5241 opinionem
1807 5172 1952 5225 obti-

373 5271 638 5325 nentibus
670 5269 861 5321 furtim
892 5268 1262 5322 obtruserint.
1300 5266 1456 5321 Unde
1489 5266 1655 5321 etiam
1691 5277 1950 5335 tanquam

371 5382 400 5417 a
457 5362 644 5416 radice
685 5363 856 5431 mala,
883 5378 1048 5416 unam
1084 5375 1206 5414 esse
1249 5368 1306 5413 et
1342 5358 1653 5413 divinitatis
1685 5367 1740 5411 et
1773 5358 1955 5411 carnis

381 5465 630 5509 naturam
689 5465 746 5509 et
791 5454 1142 5508 divinitatem
1196 5450 1443 5520 passioni
1498 5466 1605 5503 nun
1657 5451 1950 5505 obnoxiam

376 5547 688 5616 passionem
725 5546 969 5602 subiisse
1004 5544 1079 5614 (id
1107 5542 1253 5614 quod
1290 5557 1457 5611 supra
1495 5556 1715 5611 quoque
1747 5541 1957 5608 aliqua-

447 5725 524 5796 (l)
558 5724 894 5796 Apollinaris
926 5723 1153 5777 haeresis
1176 5762 1190 5786 ,
1232 5721 1397 5774 Deum
1440 5721 1683 5796 _Verhum
1716 5719 1952 5771 animam

377 5792 670 5870 humanam
684 5811 825 5870 _cum
846 5811 1024 5870 _carne
1051 5809 1158 5870 non
1182 5793 1567 5870 assumpsisse,
1588 5801 1645 5845 et
1662 5799 1955 5861 propterea

378 5880 498 5917 eum
530 5865 585 5918 in
615 5867 801 5935 priore
828 5866 1185 5918 damnatione
1212 5865 1603 5934 permansisse.

2053 4620 2095 4671 δ’
2130 4616 2342 4677 οἰκείας
2390 4614 2550 4665 νόσου
2594 4614 2684 4663 τὸν
2739 4611 2817 4663 ίὸν
2861 4609 2966 4660 οὐκ
3021 4606 3319 4675 ἐξήμεσαν,
3362 4603 3505 4655 ἀι.λά
3542 4602 3634 4652 καὶ

2057 4714 2276 4773 πολλοῖς
2304 4711 2416 4763 τῶν
2450 4707 2622 4777 ὑγιῶς
2650 4707 2888 4777 ἐχόντων
2927 4703 3129 4771 ταύτης
3165 4701 3352 4769 κρύφα
3401 4697 3636 4767 μετέδωο

2055 4825 2178 4860 καν.
2211 4802 2498 4859 Ἐντεῦθεν
2531 4800 2576 4853 δ’
2612 4801 2689 4862 ὡς
2727 4800 2835 4852 ἀπὸ
2868 4796 3048 4864 κακῆς
3095 4794 3251 4863 ῥίζης
3274 4794 3306 4860 ἡ
3344 4792 3443 4857 μία
3475 4789 3636 4856 φύσις

2054 4903 2155 4964 τῆς
2192 4898 2446 4965 θεότητος
2485 4894 2582 4946 καὶ
2613 4894 2715 4960 τῆς
2763 4888 2968 4959 σαρκὸς
3020 4890 3230 4955 ἁνερὺη
3267 4885 3414 4947 δόξα,
3449 4888 3542 4934 καί
3580 4883 3636 4932 τὸ

2057 4994 2402 5060 προσάπτειν
2456 4985 2627 5047 πάθος
2676 4981 2753 5051 τῷ
2799 4980 3007 5033 ἀπαθεῖ
3056 4980 3157 5047 τῆς
3193 4976 3486 5045 θεότητοςσ
3545 4975 3635 5025 καὶ

2059 5083 2227 5137 τᾶλλα
2261 5083 2362 5132 ὅσα
2407 5078 2674 5147 μεγίστην
2718 5074 2837 5141 ἔριν
2871 5072 2951 5141 τῷ
2980 5088 3040 5122 τε
3066 5069 3266 5139 πλήθει
3306 5070 3400 5119 καὶ
3434 5069 3545 5128 τοῖς
3579 5068 3636 5132 ἡ·

2058 5175 2350 5242 γουμένοις
2403 5173 2496 5222 καὶ
2544 5169 2782 5235 πόλεμον
2828 5167 3145 5232 ἀκήρυκτον
3184 5163 3426 5231 ἤγειρεν,
3476 5160 3636 5211 Ἀλλὰ

2058 5267 2234 5321 ταῦτα
2271 5266 2369 5334 μὲν
2404 5264 2633 5331 ὕστερον
2683 5258 2931 5326 ἐγεγόνει
2958 5273 2973 5288 ο
3017 5254 3325 5323 τηνικαῦτα
3350 5253 3416 5316 δ’,
3449 5253 3521 5313 ὡς
3557 5250 3639 5301 εῖ-

2063 5371 2245 5423 ρηται,
2274 5353 2537 5418 Σάπωρος
2564 5348 2658 5400 τοῦ
2708 5344 3019 5416 στρατηγοῦ
3050 5346 3230 5397 ἐκεῖσε
3263 5341 3637 5410 γεγενημένου

2060 5446 2203 5498 κατὰ
2233 5447 2332 5512 τὴν
2363 5442 2723 5509 Ἀντιόχειαν,
2754 5437 2893 5491 ὥστε
2928 5438 3279 5505 καταστῆσαι
3308 5435 3345 5491 ἃ
3376 5435 3637 5505 κηρύσσει

2060 5541 2315 5607 Δάμασος
2340 5539 2431 5588 καὶ
2460 5536 2629 5605 αὐτὴν
2660 5532 2934 5602 στέργειν,
2969 5535 3063 5583 καὶ
3091 5532 3181 5582 τὸν
3217 5530 3382 5600 νόμον
3407 5530 3637 5598 Γρατια-

2138 5716 2216 5783 (2)
2247 5717 2552 5771 Terrenum,
2588 5706 2778 5783 Theod
2791 5748 2803 5761 .

2134 5776 2213 5851 (5)
2256 5785 2392 5835 Ὑπὸ
2440 5785 2546 5835 τῶν
2600 5781 2849 5851 ἀοράτων
2901 5781 3299 5849 προσκυνεῖται
3331 5776 3637 5843 δυνάμεων.

2064 5856 2273 5910 Thcod.
2302 5903 2305 5906 ι
