4062 6482
387 424 490 488 757

1277 422 1881 489 ECCLESIASTICIE
1920 426 2311 491 HISTORLﬁ
2350 430 2496 493 LIB-
2541 433 2677 498 XII.

3526 431 3636 494 758

382 542 478 594 νοῦ
509 540 930 612 προϐάλλοντος,
955 539 1215 604 Παυλῖνος
1231 539 1600 610 διισχυρίζετο
1631 538 1791 603 αὐτὸς
1815 535 1960 592 εῖναι

2070 546 2231 596 tenus
2274 559 2340 597 ex
2392 541 2658 614 Gregorio
2692 528 3039 602 Nazianzeno
3068 545 3411 614 retulimus),
3443 546 3632 614 Opinio

378 633 481 702 τῆς
505 634 767 703 Δαμάσου
810 632 1048 704 μερίδος.
1078 632 1311 703 Ἐπίσης
1332 633 1390 686 δὲ
1422 634 1518 687 καὶ
1542 632 1957 704 Ἀπολλινάριος

381 725 533 792 ἔλεγε
560 724 970 794 κατακρύπτων
1004 724 1105 793 τὴν
1136 725 1312 779 νόσον.
1362 716 1573 794 Ἢσυχῆ
1622 725 1679 779 δὲ
1710 725 1959 794 καθῆστο

381 816 642 878 Μελέτιος
675 815 785 868 τῶν
830 817 1109 885 ἑκατέρων
1164 816 1340 885 λόγων
1391 817 1845 887 ἐπακροώμενος.
1889 819 1948 872 '0

381 909 438 962 δέ
462 926 525 975 γε
564 909 706 971 θεῖος
740 908 1041 970 Φλαϐιανδς
1069 909 1150 962 ἔτι
1198 927 1252 962 τι
1298 908 1376 980 τῷ
1411 911 1521 964 τῶν
1566 894 1960 981 πρεσϐυτέρων

381 1001 686 1072 ἐμπρέπων
712 1001 928 1072 βαθμῷ,
962 1001 1146 1073 ἠρέμα
1183 1002 1279 1055 τοῦ
1309 1004 1618 1074 στρατηγοῦ
1649 1006 1955 1067 ὲπαῖοντος,

384 1095 521 1164 πρὸς
579 1094 840 1148 Παυλῖνον
895 1095 1035 1163 ἔφη·
1074 1114 1093 1148 t
1142 1097 1207 1151 El
1242 1096 1278 1150 δι
1327 1095 1646 1167 δογματίζει
1706 1097 1959 1166 Δάμασος

385 1189 658 1257 στέργεις,
688 1181 733 1240 ὦ
761 1187 938 1252 οὗτος,
991 1188 1161 1254 δεῖξον
1196 1191 1327 1259 ἡμῖν
1356 1190 1456 1262 τὴν
1488 1190 1589 1259 τῆς
1619 1189 1779 1258 δόξης
1827 1207 1958 1257 συγ-

383 1280 602 1348 γένειαν
623 1295 636 1308 ·
667 1281 875 1342 ἐκεῖνος
906 1281 1017 1350 γὰρ
1051 1281 1181 1350 μίαν
1209 1280 1403 1334 οὐσίαν
1430 1281 1530 1350 τῆς
1567 1281 1795 1350 Τριάδος
1826 1283 1959 1351 ὁμο-

385 1371 555 1440 λογεῖ,
583 1371 678 1424 καὶ
707 1372 805 1434 τὰς
826 1372 977 1441 τρεῖς
1002 1371 1330 1436 ὑποστάσεις
1353 1370 1652 1441 διαρρήδην
1675 1370 1958 1442 κηρύττει.

386 1464 457 1515 Σὺ
506 1462 552 1516 δ’
607 1462 792 1525 ἔοικας
834 1462 895 1527 ἐξ
927 1454 1001 1517 ὧν
1050 1461 1254 1531 λέγεις,
1305 1463 1407 1534 τὴν
1460 1460 1567 1516 τῶν
1606 1463 1962 1517 ὐποστὰσεων

386 1552 632 1621 ἀναιρεῖν
659 1546 877 1621 τριάδα.
914 1549 1205 1619 Συμφὼνει
1236 1550 1420 1604 τοίνυν
1458 1547 1654 1620 ἐκείνῳ
1686 1550 1795 1611 τοῖς
1834 1547 1961 1615 δόγ-

388 1659 543 1712 μασι,
579 1643 675 1698 καὶ
724 1643 867 1697 κατὰ
921 1643 1013 1697 τὸν
1058 1643 1162 1712 τῆς
1218 1643 1555 1712 Ἐκκλησίας
1610 1642 1817 1713 θεσμὸν
1866 1643 1962 1705 τὰς

384 1731 688 1800 ἐκκλησίας
735 1731 1001 1800 ἀσφαλῶς
1036 1731 1257 1801 κάτεχε.
1324 1751 1345 1784 ι
1406 1731 1517 1784 Καὶ
1548 1730 1644 1785 τὸν
1685 1732 1786 1802 μὲν
1819 1728 1964 1784 οὕτω

385 1822 789 1890 κατασιγάσας,
826 1823 965 1892 πρὸς
994 1822 1086 1875 τὸν
1126 1821 1542 1894 Ἀπολλινάριον
1574 1821 1963 1893 ἐπιστραφεὶς,

391 1916 490 1987 ἔφη
515 1933 532 1950 ο
571 1934 592 1968 t
627 1916 827 1989 Θαῦμά
858 1936 949 1988 μοι
984 1917 1220 1983 ἔπεισιν,
1253 1911 1299 1972 ὦ
1338 1917 1584 1989 φιλότης,
1616 1917 1736 1980 πῶς
1788 1915 1966 1978 οὕτως

388 2011 581 2081 ἀνέδην
604 2010 743 2082 πρὸς
776 2013 839 2066 τὸ
864 2011 1062 2082 ψεῦδος
1094 2011 1160 2082 δὴ
1184 2009 1432 2080 κεχηνὼς
1457 2011 1558 2065 οὐκ
1581 2010 1844 2081 ἐντρέπῃ,
1871 2011 1966 2064 καὶ

386 2101 540 2157 ταῦτ’
562 2103 806 2173 ἀκριϐῶς
826 2103 982 2166 εἰδὼς
1010 2103 1087 2168 ὡς
1106 2105 1134 2157 ό
1158 2102 1447 2165 θεσπέσιος
1479 2102 1733 2171 Δάμασος
1751 2102 1967 2157 τελείαν

388 2195 666 2264 είληφέναι
701 2196 800 2265 τὴν
831 2182 1111 2267 ἡμετέραν
1138 2194 1302 2264 φύσιν
1327 2195 1420 2248 τὸν
1453 2193 1588 2248 Θεὸν
1615 2192 1789 2262 Λόγον
1825 2193 1967 2248 πλα-

386 2286 470 2337 τεῖ
504 2282 820 2354 δογματίζει
847 2283 926 2355 τῷ
948 2283 1206 2355 στόματι.
1235 2284 1309 2337 Σὺ
1349 2283 1395 2336 δ’
1428 2284 1508 2347 εἰς
1547 2286 1696 2338 ἅπαν
1744 2283 1967 2337 ἐναντία

390 2376 537 2446 μάλα
562 2378 781 2448 φρονεῖς
807 2394 821 2409 ο
854 2377 931 2448 μὴ
956 2378 1064 2450 γὰρ
1098 2377 1300 2448 ψυχὴν,
1340 2376 1478 2446 μηδὲ
1527 2376 1654 2430 νοῦν
1686 2377 1746 2430 τὸ
1769 2376 1969 2446 ἡμέτε-

392 2487 485 2540 ρον
511 2469 912 2541 προσειλῆφθαι
942 2470 1048 2541 φῂς
1093 2470 1292 2540 ὲκείνῳ
1311 2485 1324 2498 ’
1359 2468 1396 2522 ἃ
1424 2468 1490 2539 δὴ
1521 2471 1618 2539 τῆς
1669 2467 1792 2523 καθ’
1817 2469 1968 2540 ἡμᾶς

389 2562 605 2631 φύσεως
646 2562 985 2634 καιριώτερα
1010 2576 1028 2593 ·
1067 2563 1163 2615 καὶ
1207 2561 1296 2617 διὰ
1326 2560 1486 2615 τοῦτο
1527 2563 1621 2614 καὶ
1657 2562 1756 2629 τῆς
1789 2578 1967 2631 σωτη-

394 2655 516 2723 ρίας
550 2656 737 2710 ἐκεῖνα
761 2657 996 2726 στερεῖς.
1032 2654 1094 2709 El
1116 2653 1172 2707 δὲ
1200 2653 1371 2723 ψευδῆ
1401 2670 1494 2707 σου
1524 2651 1967 2724 κατηγοροῦμεν,

388 2744 527 2800 ἀλλὰ
587 2743 686 2799 νῦν
729 2745 905 2810 δεῖξον
933 2745 1009 2810 ὡς
1057 2744 1379 2813 συμφωνεῖς
1434 2745 1679 2814 Δαμάσῳ
1709 2741 1971 2795 τάναντία

392 2853 475 2889 σοι
511 2836 921 2906 δογματίζοντι,
969 2837 1071 2907 τήν
1116 2853 1202 2889 σοι
1259 2834 1759 2905 καινοτομηθεῖσαν
1814 2833 1971 2887 νόσον

391 2923 856 2994 ἀποϐαλλόμενος,
890 2923 987 2979 καὶ
1035 2924 1161 2986 τοὺς
1195 2922 1372 2994 ἱεροὺς
1409 2920 1612 2991 σηκοὺς
1671 2922 1895 2991 κάτεχε.
1945 2936 1964 2971 ι

403 3016 462 3085 ’ρ
501 3017 599 3088 μὲν
624 3011 721 3070 οῦν
779 3014 929 3077 θεῖος
978 3012 1283 3088 Φλαϐιανδς
1338 3002 1484 3065 οὕτω
1541 3014 1675 3075 τοῖς.
1711 3012 1971 3080 ἀληθέσιν

388 3082 642 3176 ἐλέγχοις
665 3105 887 3178 τὴντῶν
912 3082 1243 3177 ἀμφοτέρων
1259 3105 1589 3174 ἐπεστόμισε
1617 3105 1934 3175 παρρησίαν
1951 3121 1964 3136 ο

2061 632 2356 702 pullulavit
2385 651 2398 689 :
2438 646 2493 692 et
2533 637 2642 692 alia
2676 648 2943 709 praeterea
2978 653 3099 708 quat
3136 638 3301 709 228
3334 647 3390 695 et
3443 639 3636 693 multi-

2062 725 2242 780 tudini
2261 726 2452 796 eteius
2472 729 2791 792 antistibus.
2820 733 3230 787 contentionem
3259 736 3314 786 in
3340 732 3634 787 maximam

2060 816 2378 887 bellumque
2399 819 2744 887 implacabile
2764 836 3049 892 peperere,
3072 822 3633 893 prodierunt.Verum

2063 909 2179 964 haec
2239 905 2758 979 postea'accidere.
2808 913 2948 968 Tum
3000 924 3208 981 autem,
3253 914 3423 970 sicuti
3486 914 3632 982 dixi,

2063 1017 2188 1057 cum
2256 991 2564 1059 Antiochiae
2610 1004 2849 1075 Sapores
2912 1006 3023 1061 dux
3070 1018 3239 1073 esset,
3292 1018 3461 1077 atque
3495 1007 3637 1063 Gra-

2070 1095 2206 1149 tiani
2237 1097 2718 1164 constitutionem,
2757 1107 2818 1152 ut
2846 1113 3011 1169 quam
3042 1098 3202 1152 tidem
3242 1098 3512 1153 Damasus
3542 1098 3640 1151 de-

2062 1186 2417 1256 praedicaret,
2470 1189 2522 1245 in
2553 1203 2616 1243 ea
2653 1204 2875 1259 quoque
2904 1189 3198 1245 Antiochia
3231 1189 3637 1259 acquiesceret,

2062 1278 2476 1348 praetenderet,
2537 1281 2981 1351 servandamque
3034 1281 3254 1351 juberet
3297 1297 3312 1335 :
3364 1279 3634 1334 Paulinus

2063 1370 2288 1439 quidem
2320 1370 2542 1427 Damasi
2583 1372 2824 1443 partium
2856 1388 2916 1428 se
2967 1388 3090 1429 esse
3135 1372 3448 1428 aﬂirmavit.
3488 1371 3638 1426 Idem

2064 1478 2288 1533 quoque
2327 1462 2683 1533 Apollinaris,
2720 1466 2979 1521 morbum
3026 1465 3240 1533 celans,
3269 1464 3429 1519 dixit.
3468 1464 3642 1518 Mele-

2065 1554 2177 1610 tius
2210 1563 2398 1611 autem
2432 1557 2724 1628 utriusque
2743 1559 2914 1614 verba
2936 1556 3192 1623 audiens,
3237 1558 3440 1613 tacitus
3473 1554 3640 1611 sedit.

2065 1645 2144 1702 lbi
2213 1657 2331 1702 tum
2395 1647 2618 1704 divinus
2669 1649 3006 1716 Flavianus,
3074 1651 3132 1706 in
3185 1650 3643 1722 presbyterorum

2065 1739 2377 1795 etiamnum
2407 1739 2606 1797 ordine
2635 1742 2972 1811 consistens,
2995 1744 3139 1799 duce
3173 1742 3391 1814 placide
3414 1741 3646 1798 audien-

2068 1839 2145 1895 te,
2200 1831 2271 1887 ad
2324 1831 2616 1887 Paulinum
2658 1851 2674 1888 :
2725 1852 2742 1887 ι
2784 1834 2841 1890 Si
2897 1834 2953 1890 in
3000 1835 3220 1903 eadem,
3262 1832 3464 1902 inquit,
3517 1850 3643 1890 cum

2070 1923 2327 1989 Damaso,
2361 1939 2395 1980 ο
2422 1923 2592 1993 bone,
2627 1927 2905 1982 sententia
2940 1927 3273 1997 acquiescis.
3308 1927 3512 1983 exhibe
3543 1944 3648 1982 no-

2066 2015 2154 2071 bis
2208 2015 2488 2086 Opinionis
2540 2018 2991 2089 coniunctionem
3047 2031 3103 2074 et
3153 2018 3498 2076 aiﬁnitatem.
3550 2017 3649 2073 Ille

2070 2123 2311 2178 namque
2362 2109 2729 2164 substantiam
2781 2126 2944 2165 tinam
2996 2100 3291 2166 Trinitatis
3332 2109 3645 2181 proﬁtetur,

2068 2209 2127 2253 et
2185 2209 2297 2254 tres
2349 2197 2742 2257 subsistentias
2786 2199 3012 2257 disertis
3046 2203 3233 2258 verbis
3286 2202 3644 2272 deprazdicat.

2070 2288 2149 2345 Tu
2185 2303 2334 2356 vero,
2375 2290 2538 2345 sicuti
2575 2289 2747 2345 verba
2780 2300 2872 2346 tua
2906 2288 3218 2357 declarant,
3260 2291 3650 2346 subsistentia-

2068 2397 2194 2436 rum
2259 2381 2562 2447 trinitatem
2621 2396 2851 2451 prorsus
2909 2382 3082 2437 tollis.
3158 2382 3510 2476 Quapropter
3578 2382 3647 2437 ad

2072 2473 2224 2527 illius
2276 2477 2351 2538 te,
2385 2488 2485 2543 per
2534 2487 2896 2540 consensum,
2946 2473 3204 2543 dogmata
3252 2473 3487 2544 a'djunge
3529 2491 3542 2526 :
3595 2482 3651 2527 et

2070 2562 2360 2623 ecclesias.
2401 2561 2557 2632 juxta
2603 2576 2795 2618 earum
2832 2562 3174 2627 sanctiones,
3211 2572 3331 2615 tuto
3367 2559 3577 2615 obtine.
3624 2579 3641 2611 ι

2070 2653 2253 2723 Atque
2301 2653 2396 2707 ubi
2432 2653 2582 2708 hunc
2621 2653 2701 2708 ita
2742 2653 2910 2709 silere
2943 2640 3145 2722 coegit.
3181 2652 3251 2706 ad
3282 2650 3650 2723 Apollinarim

2072 2758 2379 2800 conversus
2413 2762 2427 2798 :
2473 2762 2493 2798 ι
2524 2745 2695 2802 Valde
2727 2754 2778 2801 te
2811 2743 3082 2810 admiror,
3119 2742 3220 2807 ait,
3248 2757 3282 2796 ο
3319 2742 3520 2806 amice,
3556 2740 3651 2810 qui

2075 2847 2183 2892 tam
2211 2837 2565 2907 impudenter
2586 2836 2878 2898 mendacio
2901 2836 3146 2901 inhians,
3172 2850 3284 2890 non
3314 2833 3648 2890 erubescas:

2072 2945 2198 2984 cum
2233 2928 2457 2997 quidem
2493 2935 2648 2984 certo
2684 2928 2848 2994 scias,
2870 2927 3197 2991 Damasum,
3230 2923 3512 2980 hominem
3553 2920 3653 2977 ad-

2075 3023 2413 3086 mirandum,
2437 3023 2584 3092 quod
2612 3021 2759 3079 Deus
2798 3021 3038 3078 Verbum
3064 3020 3363 3091 perfectam
3391 3027 3648 3072 naturam

2073 3120 2316 3164 nostram
2355 3109 2688 3179 susceperit,
2737 3124 2835 3164 ore
2890 3109 3054 3179 pleno
3102 3107 3385 3177 propalam
3422 3105 3648 3160 docere.

391 3199 653 3263 Μελέιιιος
687 3200 764 3265 δὲ,
796 3199 1017 3252 πάντων
1046 3197 1356 3268 ἀνθρώπων
1385 3197 1713 3269 πραότατος,
1742 3198 1965 3269 ἡμέρως

2074 3199 2154 3253 Tu
2204 3214 2335 3253 vero
2382 3198 2662 3253 contraria
2708 3213 2937 3269 prorsus
2985 3198 3182 3253 sentis.
3224 3194 3348 3252 Non
3383 3194 3529 3250 enim
3580 3196 3652 3250 ab

391 3291 529 3361 πρὸς
558 3291 823 3343 Παυλῖνον
859 3289 966 3360 ἔφη
992 3306 1005 3320 ·
1040 3308 1059 3341 ι
1097 3287 1254 3341 Ἐπεὶ
1280 3289 1356 3359 μή
1395 3305 1477 3341 σοι
1513 3288 1680 3359 μόνῳ,
1710 3288 1847 3342 ἀλλὰ
1873 3289 1967 3343 καὶ

391 3386 518 3453 ἐμοὶ
570 3385 750 3453 λόγοις
801 3376 882 3446 οἷς
939 3378 1079 3436 οἶδεν
1111 3385 1139 3436 ό
1191 3381 1449 3452 ἀληθινός
1485 3383 1693 3453 ποιμὴν
1727 3384 1822 3436 καὶ
1858 3382 1968 3436 τῶν

391 3477 683 3547 προϐάτων
705 3475 925 3546 Κύριος,
944 3475 1041 3546 τὴν
1057 3474 1262 3528 τούτων
1277 3475 1578 3547 ἐνεχείρισε
1604 3477 1968 3545 προστασίαν,

390 3570 560 3636 ἄμφω
579 3558 633 3621 δὲ
659 3568 728 3620 τὰ
753 3568 982 3637 ποίμνια
1012 3566 1262 3638 ἀλλήλοις
1286 3565 1361 3630 ὡς
1383 3567 1532 3630 εἰκὸς
1567 3570 1845 3632 κοινωνεῖ,
1876 3568 1969 3620 καὶ

387 3663 488 3729 τὴν
504 3659 633 3726 ὑγιᾶ
650 3657 881 3728 βοτάνην
904 3660 1006 3730 τῆς
1034 3658 1318 3722 εὐσεϐείας
1342 3658 1661 3723 σιτίζονται,
1682 3660 1782 3729 τὴν
1802 3658 1968 3713 θανά-

391 3769 553 3822 σιμον
572 3755 712 3807 πόαν
736 3752 831 3807 καὶ
851 3753 1082 3824 νοσερὰν
1106 3752 1215 3806 τῶν
1244 3750 1539 3822 αίρετικῶν
1563 3752 1968 3821 ὲκτρεπόμενα,

390 3846 437 3898 εί
467 3845 634 3909 δοκεῖ,
666 3843 1019 3913 συνάψωμεν,
1051 3836 1097 3896 ὧ
1147 3843 1396 3913 φιλότης,
1430 3844 1530 3912 τῆς
1582 3840 1872 3904 εὐσεϐείας
1899 3842 1970 3894 τὰ

391 3935 712 4007 θρέμματα,
761 3936 858 3989 καὶ
889 3934 995 3987 ὐπὸ
1038 3933 1169 4003 μίαν
1210 3933 1451 4003 μάνδραν
1496 3934 1840 4004 ποιήσωμεν,
1868 3932 1971 4003 τὴν

389 4031 489 4099 τῆς
525 4027 890 4098 ποιμαντικῆς
926 4027 1280 4088 διαλύσαντες
1315 4025 1459 4095 εριν.
1492 4025 1603 4079 Καὶ
1631 4023 1801 4094 ἄμφω
1823 4025 1881 4078 δὲ
1905 4026 1971 4078 τὰ

392 4119 639 4189 πρόϐατα
672 4120 951 4188 νέμοντες,
984 4117 1175 4189 κοινὴν
1204 4119 1299 4172 καὶ
1325 4117 1425 4184 τὴν
1456 4117 1761 4186 θεραπείαν
1788 4119 1854 4170 ὲκ
1872 4120 1970 4187 τῆς

388 4212 740 4274 διδασκαλίας
763 4211 1154 4281 προσάγωμεν.
1187 4211 1248 4264 El
1281 4209 1337 4262 δὲ
1365 4210 1393 4261 ὁ
1436 4210 1601 4278 μέσος
1643 4208 1834 4280 θρόνος
1871 4208 1972 4281 τὴν

391 4301 728 4374 φιλονεικίαν
751 4300 1061 4371 διερεθίζει,
1111 4302 1204 4354 καὶ
1232 4299 1401 4365 τοῦτ’,
1435 4302 1485 4352 εί
1537 4298 1738 4370 βούλει,
1773 4300 1969 4355 θᾶττον

389 4392 641 4446 διαλῦσαι
690 4390 1049 4461 πειράσομαι.
1089 4382 1303 4460 Χρῆναι
1363 4389 1472 4459 γὰρ
1526 4390 1878 4460 εἰσηγοῦμαι,
1913 4392 1970 4443 ὲν

397 4483 496 4553 μὲν
530 4483 609 4554 τῷ
646 4482 822 4554 θρόνῳ
856 4483 1008 4553 μέσῳ
1043 4479 1288 4544 εὐλαϐῶς
1335 4481 1397 4534 τὸ
1449 4482 1594 4552 ἱερὸν
1636 4481 1969 4551 Εὐαγγέλιον

391 4574 725 4643 προτεθῆναι
750 4589 766 4606 ’
801 4574 951 4643 ἡμᾶς
983 4572 1040 4625 δὲ
1096 4572 1229 4643 παρ’
1275 4572 1514 4643 ἑκάτερα
1567 4571 1839 4641 καθῆσθαι
1868 4573 1968 4641 τὴν

393 4668 655 4739 ὐφεδρίαν
685 4666 1129 4736 ἀσπαζομένους.
1152 4665 1264 4718 Καὶ
1295 4667 1345 4718 εί
1373 4665 1474 4734 μὲν
1520 4666 1644 4734 ἐμοὶ
1676 4663 1881 4735 πρώτῳ
1910 4666 1969 4717 τὸ

389 4764 567 4835 πέρας
595 4761 690 4816 τοῦ
727 4760 847 4831 βίου
875 4759 1118 4825 ἐπέλθοι,
1155 4740 1319 4822 αὐτὸς
1375 4758 1537 4829 μόνος
1589 4755 1849 4829 κληρώσῃ
1876 4759 1971 4810 τὸν

391 4853 583 4923 θρόνον
609 4870 622 4884 ·
663 4854 712 4905 εί
741 4853 798 4904 δὲ
824 4850 891 4902 σὺ
917 4849 1077 4903 τοῦτο
1103 4847 1375 4918 πρότερον
1420 4849 1639 4911 πάθοις,
1665 4845 1777 4913 ἐγὼ
1808 4846 1972 4900 πάλιν

390 4947 468 5011 ὥς
494 4963 557 5015 γε
585 4946 815 5015 δύναμις
844 4945 943 5012 τῆς
974 4941 1215 5011 ποίμνης
1240 4941 1544 5009 ἡγήσομαι.
1596 4938 1784 4991 Ταῦτα
1819 4940 1971 5006 φιλο-

391 5041 603 5109 φρόνως
643 5040 698 5091 ὲν
725 5037 946 5090 εὐλαϐεῖ
969 5034 1357 5103 καταστήματι
1402 5036 1430 5086 ὁ
1468 5031 1610 5093 θεῖος
1640 5026 1761 5084 εἷπε
1792 5031 1969 5085 Μελέ-

389 5152 529 5197 τιος.
564 5132 625 5186 ὐ
654 5133 712 5186 δὲ
768 5130 1032 5192 Παυλῖνος
1089 5123 1291 5199 ἥκιστα
1317 5130 1429 5191 τοῖς
1478 5124 1662 5195 λόγοις
1687 5126 1964 5182 συνέθετο.

397 5230 652 5298 Σὰπωρις
671 5229 729 5281 δὲ
754 5226 950 5297 κριτὴς
978 5227 1086 5280 τῶν
1108 5226 1285 5293 λόγων
1311 5225 1622 5295 γενόμενος,
1648 5223 1724 5293 τῷ
1748 5225 1969 5295 μεγάλῳ

389 5322 646 5391 Μελετίῳ
677 5324 774 5383 τὰς
807 5321 1104 5392 ἐκκλησίας
1141 5320 1463 5387 ἐπέτρεψεν.
1511 5319 1569 5370 ’0
1611 5317 1667 5370 δὴ
1702 5318 1965 5380 Παυλῖνος

390 5409 548 5477 αὖθις
606 5415 705 5483 τῆς
754 5412 1149 5479 ἀποκριθείσης
1217 5397 1416 5474 ὲκείνιρ
1474 5408 1671 5478 μοίρας
1728 5406 1966 5470 εἰσάπαξ

389 5508 597 5577 ἠγεῖτο.
632 5505 888 5560 Ἔπειτα.
919 5502 1111 5570 ὥσπερ
1139 5500 1346 5556 ἄνωθεν
1375 5499 1615 5569 εἴρηται,
1649 5499 1757 5550 τῶν
1788 5499 1967 5568 ὅρκων

394 5598 781 5668 γεγενημένων
809 5596 921 5657 τοῖς
952 5593 1286 5664 ὐποψήφοις,
1345 5594 1479 5660 πρὸς
1527 5590 1782 5659 ὁμόνοιαν
1805 5587 1967 5659 ἦλθον

391 5692 458 5742 τὰ
491 5688 693 5760 πλήθη.
738 5685 1149 5756 ’Δπολλινὲριος
1177 5683 1234 5737 ὀὶ
1269 5681 1591 5753 διαμαρτὼν
1616 5681 1707 5732 τοῦ
1739 5682 1965 5745 σκοποῦ,

2072 3288 2168 3345 illo
2215 3291 2455 3345 animam
2489 3299 2545 3346 et
2584 3297 2825 3367 mentem
2863 3298 3134 3357 nostram,
3181 3304 3304 3359 quae
3352 3288 3404 3342 in
3454 3295 3651 3340 natura

2072 3386 2263 3438 nostra
2294 3383 2749 3453 praestantissima
2785 3390 2939 3449 sunt,
2967 3390 3307 3453 assumptam
3332 3394 3456 3435 esse
3487 3378 3649 3441 dicis,

2071 3480 2126 3529 et
2181 3481 2470 3543 propterea
2543 3473 2720 3527 salute
2786 3481 3079 3542 utramque
3136 3472 3344 3542 privas.
3392 3468 3549 3536 Quod
3604 3469 3651 3522 si

2072 3564 2213 3620 falso
2250 3573 2303 3620 te
2346 3565 2654 3634 arguimus,
2705 3573 2763 3618 at
2804 3571 2864 3619 tu
2904 3578 3174 3619 novarum
3206 3577 3393 3616 rerum
3432 3570 3650 3615 tuarum

2072 3655 2271 3710 morbo
2316 3654 2557 3721 abjecto,
2593 3662 2646 3709 te
2692 3654 2927 3710 Damaso
2970 3642 3193 3708 diversa
3247 3665 3478 3721 prorsus
3513 3665 3546 3703 a
3597 3658 3653 3704 te

2071 3749 2315 3814 docenti,
2359 3747 2677 3804 consentire
2726 3748 2979 3811 oswnde,
3015 3754 3072 3801 et
3107 3759 3391 3801 sacrarum
3446 3743 3647 3797 aedium

2073 3856 2262 3896 curam
2301 3839 2515 3895 obtine.
2551 3858 2570 3890 ι
2617 3839 2687 3895 Et
2722 3839 2947 3895 divinus
2976 3838 3202 3909 quidem
3235 3836 3549 3898 Flavianus,
3581 3832 3651 3886 ad

2072 3935 2223 3990 hunc
2244 3934 2468 3989 modum
2491 3935 2675 3989 veraci
2693 3932 3078 3989 coniutatione
3110 3933 3405 3998 utriusque
3427 3926 3653 3984 dicendi

2071 4028 2357 4084 obturavit
2419 4030 2725 4084 licentiam.
2791 4026 3046 4082 Meletius
3105 4034 3293 4081 autem
3360 4025 3653 4078 hominum

2072 4122 2322 4176 omnium
2378 4120 2734 4184 mitissimus,
2797 4119 3115 4189 perplacide
3176 4117 3407 4172 Paulino
3456 4116 3651 4170 dixit:

2077 4232 2095 4266 ι
2131 4212 2591 4282 Quandoquidem
2618 4213 2694 4280 (1)
2719 4224 2829 4265 non
2858 4210 2955 4266 tibi
2981 4211 3105 4274 soli,
3132 4210 3228 4265 sed
3258 4209 3394 4263 mihi
3425 4219 3654 4279 quoque

2073 4305 2290 4359 ratione
2321 4312 2378 4358 et
2408 4304 2612 4367 verbis,
2638 4318 2763 4370 qua:
2785 4316 2951 4356 verus
2982 4310 3170 4371 pastor
3200 4310 3259 4355 et
3282 4300 3427 4355 idem
3465 4300 3650 4354 ovium

2076 4397 2343 4453 Dominus
2385 4396 2562 4460 novit,
2612 4396 2849 4450 istorum
2883 4408 3075 4448 curam
3104 4402 3162 4448 et
3211 4392 3650 4447 administratio-

2077 4505 2200 4545 nem
2259 4488 2560 4553 mandavit,
2594 4499 2652 4543 et
2693 4501 2888 4557 greges
2936 4485 3160 4554 utrique
3209 4492 3310 4554 pro
3364 4498 3431 4538 eo
3486 4492 3652 4552 atque

2076 4583 2370 4644 convenit,
2434 4584 2580 4635 inter
2631 4595 2689 4634 se
2740 4579 3188 4641 communicant,
3243 4583 3299 4630 et
3350 4576 3652 4641 salutarem

2074 4673 2303 4728 herbam
2345 4671 2510 4726 noxio
2558 4671 2654 4725 illo
2693 4679 2750 4724 et
2796 4669 2987 4724 letbali
3021 4667 3411 4721 haereticorum
3449 4665 3655 4735 pabulo

2074 4762 2247 4818 vitato
2291 4764 2601 4830 depascunt
2621 4768 2677 4815 et
2717 4766 2954 4828 carpunt
2984 4779 2996 4813 :
3030 4757 3195 4827 229
3223 4756 3650 4826 conjungamus,

2075 4870 2108 4908 ο
2138 4854 2339 4919 amice,
2372 4853 2418 4907 si
2464 4852 2706 4919 videtur,
2732 4867 2878 4907 vera:
2908 4840 3132 4922 pietaiis
3172 4865 3327 4913 oves,
3349 4863 3556 4917 easque
3587 4847 3665 4907 in,

2077 4947 2222 5001 ovile
2273 4960 2444 5000 unum
2486 4959 2868 5017 aggregemus,
2903 4954 3072 5014 atque
3118 4957 3241 5013 quae
3288 4940 3451 4996 nobis
3485 4940 3656 4993 inter-

2082 5039 2252 5093 cessit
2304 5038 2372 5092 dc
2422 5038 2684 5108 pastorali
2742 5051 2973 5091 munere
3025 5037 3383 5092 contentione
3435 5033 3653 5098 soluta,

2082 5142 2317 5201 uterque
2350 5147 2481 5186 oves
2513 5139 2723 5201 pascat,
2763 5129 3241 5198 communitcrque
3272 5128 3376 5191 eis,
3405 5126 3657 5181 docendo

2081 5240 2270 5281 curam
2300 5225 2560 5279 exhibeat
2586 5238 2603 5278 :
2634 5224 2720 5278 sin
2756 5237 2913 5288 vero,
2942 5223 3039 5292 qui
3080 5222 3139 5277 in
3166 5221 3349 5275 medio
3381 5229 3487 5281 est,
3518 5233 3653 5274 con-

2081 5317 2368 5383 tendendi,
2403 5332 2467 5372 ac
2517 5316 2827 5372 dissidendi
2879 5317 3126 5371 studium
3161 5317 3365 5369 excitat
3398 5314 3675 5373 thronus,.

2075 5421 2132 5466 et
2158 5412 2214 5464 id
2256 5410 2441 5480 sepire
2468 5409 2653 5464 statim
2684 5409 3036 5465 conabimur.
3073 5406 3344 5477 Oportere
3376 5405 3656 5474 siquidem

2078 5518 2305 5569 censeo,
2328 5518 2401 5557 'tn
2445 5502 2631 5557 medio
2664 5502 2866 5569 throno
2897 5515 3023 5555 cum
3057 5496 3366 5553 reverentia
3398 5495 3655 5565 religiose

2077 5610 2298 5651 sacrum
2344 5594 2475 5664 poni
2526 5592 2885 5664 Evangelium
2915 5610 2927 5646 :
2956 5607 3059 5645 nos
3082 5599 3266 5644 autem
3306 5598 3538 5656 utraque
3585 5602 3653 5640 ex

2058 5694 2237 5757 parte
2276 5685 2597 5752 considere,
2634 5686 2687 5741 in
2719 5684 2983 5740 inferiore
3014 5681 3282 5760 subsellio
3304 5679 3657 5751 acquiesoen-

464 5815 539 5883 (l)
568 5813 779 5868 Theod.
806 5812 906 5867 lib.
938 5828 994 5871 ν.
1045 5824 1171 5879 cap.
1199 5810 1233 5863 5
1260 5824 1274 5883 ς
1304 5806 1760 5883 Quandoquidem
1800 5816 1856 5862 et
1895 5809 2030 5866 mihi
2072 5809 2265 5867 harum
2327 5825 2515 5867 curam
2575 5811 2761 5866 ovium
2814 5800 3097 5864 mandavit
3161 5806 3539 5874 Dominus,et
3595 5812 3655 5857 tu

393 5879 625 5941 aliarum
662 5883 1025 5955 regendarum
1062 5880 1349 5951 suscepisti
1377 5879 1741 5949 provinciam,
1767 5889 1874 5935 ctc.
