4062 6438
521 319 624 379 75-9

1741 331 2159 392 NICEPIIORI
2199 334 2284 391 CA
2300 335 2542 396 LLISTI

3653 349 3747 412 ’ίίιθ

521 446 628 492 tes.
657 435 814 502 Quod
849 439 892 494 si
924 455 1010 496 me
1041 442 1262 511 quidem
1307 445 1546 512 primum
1590 462 1658 502 ex
1689 448 1796 503 hac
1830 450 1944 505 vita
1981 450 2085 504 mi-

2193 450 2290 504 ἆτε
2318 451 2382 522 δὴ
2421 451 2520 516 τὰς
2581 453 2880 523 ἐκκλησίας
2935 455 3278 528 ἀφαιρεθεὶς,
3337 461 3621 534 διαρρήδην
3664 467 3750 535 τὴν

519 542 678 595 grare
727 531 1046 600 contigerit,
1089 533 1241 587 solus
1279 532 1394 602 ipse
1433 536 1634 591 throno
1679 539 1892 607 potiere
1935 559 1948 594 ι
1998 542 2085 596 sin

521 629 574 672 tu
611 619 764 690 prior
797 621 942 677 diem
978 632 1132 678 tuum
1168 627 1395 690 obieris,
1425 643 1526 700 ego
1579 630 1771 686 itidem
1803 647 1906 702 pro
1938 633 2091 688 virili

517 727 636 766 mea
661 714 812 783 gregi
845 731 1070 782 przeero.
1090 737 1108 768 ι
1141 718 1267 775 Haec
1293 721 1515 789 quidem
1542 723 1615 777 ita
1641 723 1734 792 pio
1758 724 1914 778 vultu
1945 724 2089 778 divi-

519 819 626 857 nus
672 804 809 858 dixit
851 806 1122 861 Meletius.
1164 811 1428 866 Paulinus
1474 822 1656 872 autem
1707 814 2087 874 conditionem

515 910 636 948 eam
673 911 780 951 non
815 901 1052 968 accepit.
1098 901 1272 959 Porro
1313 903 1552 973 Sapores
1583 905 1858 961 dictorum
1897 909 2086 962 talium

505 984 697 1054 judex,
731 987 952 1047 Mclelio
989 993 1184 1061 magn‘o
1215 983 1480 1062 ecclesias
1513 996 1902 1065 gubernandas
1929 998 2088 1052 attri-

510 1077 652 1140 buit,
703 1077 972 1134 Paulinus
1026 1098 1158 1136 vero
1207 1100 1424 1140 rursum
1478 1085 1719 1142 Tactioni
1751 1105 1886 1152 sum,
1921 1105 2084 1158 quam

507 1169 614 1224 sibi
671 1171 740 1226 ab
795 1172 921 1228 aliis
975 1175 1282 1246 sejunctam
1347 1191 1786 1249 aggregaverat,
1843 1181 2084 1250 praefuit.

505 1260 704 1323 Postea
749 1281 902 1331 vero,
952 1267 1116 1322 sicuti
1173 1269 1437 1338 diximus,
1483 1273 1870 1344 jusjurandum
1919 1289 1949 1328 a
1986 1275 2124 1330 de-'

505 1355 742 1422 signatis
789 1357 1149 1428 episcopatus
1177 1361 1642 1430 competitoribus
1683 1372 1996 1432 acceptum.
2029 1373 2086 1419 et

505 1445 664 1512 plebs
698 1448 766 1500 ad
805 1450 1164 1508 concordiam
1197 1465 1279 1506 est
1317 1453 1568 1506 reducta.
1597 1453 1702 1508 Sed
1732 1455 1882 1508 enim
1916 1455 2085 1527 Apol-
2113 1517 2120 1532 ι

505 1537 706 1593 liuaris
737 1539 828 1595 ubi
856 1557 952 1610 Spe
983 1559 1083 1600 sua
1117 1545 1344 1607 excidit,
1377 1546 1608 1615 perinde
1644 1557 1809 1616 atque
1835 1547 2086 1603 ecclesiae

459 1642 464 1646 δ
507 1625 560 1681 ei
613 1629 886 1698 adempta!
935 1643 1143 1700 essent,
1192 1636 1476 1704 propalam
1521 1645 1576 1690 et
1625 1637 1774 1692 clare
1825 1637 2081 1694 haeresim

2198 545 2412 616 αἵρεσιν
2463 549 2927 620 ἐπαρρησιάζετο,
2980 553 3079 607 καὶ⁵
3112 555 3307 624 καινῆς
3351 555 3504 627 δόξης
3531 559 3752 629 ἀρχηγὸν

2197 641 2394 694 ἑαυτὸν
2416 641 2650 696 καθίστα
2674 656 2690 673 ·
2724 645 2820 698 καὶ
2843 646 3233 716 χειροτονήσας
3259 649 3317 700 ἐν
3357 649 3648 722 Ἀντιοχείᾳ
3677 654 3752 705 Βι-

2193 732 2398 797 τάλιον,
2439 733 2622 803 σεμνῷ
2671 737 2769 806 μὲν
2801 735 2902 806 βίῳ
2951 737 3352 808 κοσμούμενον,
3386 741 3481 793 καὶ
3511 746 3619 806 τοῖς
3667 743 3754 810 τῆς

2205 822 2536 892 Ἐκκλησίας
2563 825 2798 896 δόγμασι
2832 828 3205 898 διαπρέποντι
3269 833 3550 902 πρότερον,
3582 836 3676 896 τὴν
3711 834 3752 885 δ’

2205 915 2618 988 Ἀπολλιναρίου
2673 919 2826 972 νόσον
2878 920 3109 990 ὕστερον
3145 919 3544 991 εἰσδεξάμενον,
3603 925 3752 989 αὐτὸς

2191 1009 2272 1070 είς
2297 1009 2618 1066 Λαοδίκειαν
2652 1010 2991 1082 μετεχώρει·
3048 1016 3232 1068 ἐκεῖσε
3288 1015 3396 1085 γὰρ
3425 1015 3494 1068 τὰ
3542 1017 3753 1070 πλεῖστα

2191 1099 2449 1172 διέτρισε.
2486 1101 2677 1155 Πολλοὶ
2735 1104 2792 1157 δὲ
2840 1105 2936 1158 καὶ
2967 1104 3116 1160 ἄλλοι
3155 1106 3269 1158 τῶν
3313 1107 3625 1161 ἐπισκόπων
3656 1108 3754 1160 ἀπὸ

2191 1191 2290 1262 τῆς
2325 1191 2618 1260 συμϐάσης
2647 1194 2827 1264 φυγῆς
2857 1193 3045 1257 αὐτοῖς
3077 1194 3172 1248 ἐπὶ
3205 1195 3302 1264 τῆς
3327 1195 3599 1264 βασιλείας
3623 1195 3749 1250 0ύά-

2190 1282 2374 1346 λεντος
2399 1283 2790 1352 ἐπανήκοντες,
2813 1285 3013 1352 ἐπίσης
3039 1285 3288 1356 Μελετίῳ
3307 1286 3566 1357 ἐφρόνουν
3593 1302 3607 1316 ·
3637 1287 3752 1354 περὶ

2194 1372 2296 1442 μὲν
2313 1363 2619 1442 ’προεδρίας
2650 1375 2727 1444 μὴ
2759 1375 3142 1446 διαφερόμενοι
3162 1377 3223 1428 τὸ
3257 1377 3542 1445 παράπαν,
3579 1375 3672 1446 τὴν
3701 1375 3751 1428 δὲ

2189 1463 2282 1537 τοῦ
2315 1461 2842 1535 πλήθουςὸμόνοιαν
2883 1465 3118 1534 μάλιστα
3142 1466 3517 1536 προτιμῶντες
3537 1485 3550 1499 ·
3592 1465 3640 1520 οἳ
3665 1468 3752 1520 καὶ

2186 1556 2372 1625 δέησιν
2405 1557 2688 1627 προσῆγον
2743 1561 2857 1623 τοῖς
2904 1557 2966 1624 ἐξ
3030 1558 3246 1628 Ἀρείου
3291 1559 3401 1612 τῶν
3460 1559 3751 1630 ἐκκλησιῶν

2187 1645 2304 1700 ἀντ’
2329 1649 2508 1700 αὐτῶν
2541 1650 2846 1720 προεστῶσι
2895 1650 2970 1720 μὴ
3009 1653 3223 1706 ἐκεῖθεν
3256 1652 3579 1722 ἀναχωρεῖν,
3630 1651 3750 1721 μηδέ

505 1717 718 1786 docuit,
771 1729 828 1775 et
871 1725 1068 1778 ducem
1109 1740 1172 1780 se
1219 1741 1376 1782 novae
1425 1727 1708 1796 opinionis
1765 1730 2079 1784 constituit.

2188 1735 2423 1807 διχονοίᾳ
2446 1714 2668 1806 τέμνειν
2696 1741 2798 1810 τὴν
2835 1714 3168 1812 Ἐκκλησίαν
3213 1714 3488 1812 Χρισξού·
3537 1743 3605 1814 ὴν
3629 1714 3750 1814 μίαν

503 1811 786 1883 Lectoque
841 1824 898 1869 et
948 1817 1205 1872 ordinato
1254 1819 1564 1878 Antiochia:
1615 1820 1799 1886 Vitali,
1856 1822 2079 1892 homine

501 1907 630 1960 vitae
663 1907 976 1970 sanctitate,
1016 1910 1181 1964 sicuti
1229 1927 1398 1980 supra
1445 1929 1474 1966 a
1526 1914 1684 1968 nobis
1729 1915 1937 1968 dictum
1975 1925 2080 1973 est.

505 2001 790 2068 prmclaro,
812 2011 868 2062 et
887 2003 979 2071 qni
1004 2013 1165 2057 antea
1186 2005 1408 2072 quidem
1433 2005 1808 2059 ecclesiastica
1825 2004 2080 2059 doctrina

501 2090 814 2154 enituerit,
871 2104 1062 2163 postea
1117 2103 1302 2149 autem
1361 2098 1682 2165 contagioso
1742 2098 2081 2168 Apollinaris

503 2183 700 2238 lIIOI‘bO
729 2185 968 2240 infectus
995 2185 1198 2255 fuerit,
1243 2189 1358 2258 ipse
1390 2189 1745 2254 Laodiceam,
1776 2190 1870 2245 ubi
1909 2190 2082 2260 pluri-

501 2293 651 2333 mum
702 2289 846 2346 erat,
896 2282 1196 2336 concessit.
1257 2282 1526 2337 Pet-multi
1576 2299 1709 2338 vero
1747 2292 1804 2338 et
1838 2283 1930 2338 alii
1967 2283 2083 2354 epi-

500 2372 654 2442 scopi
693 2372 762 2428 ab
816 2375 1038 2437 exsilio,
1090 2390 1201 2444 quo
1238 2375 1342 2429 sub
1383 2373 1632 2430 Valentis
1664 2377 1898 2448 imperio
1933 2379 2082 2432 mni-

501 2465 632 2517 ctati
691 2465 930 2531 fuerant,
995 2469 1227 2528 reversi.
1285 2468 1488 2522 Mcletii
1551 2469 1884 2524 sententiam
1953 2483 2082 2527 sunt

501 2556 678 2614 secuti
715 2574 728 2609 :
766 2557 904 2611 nihil
944 2573 1175 2628 prorsus
1205 2559 1274 2613 de
1319 2561 1680 2629 p'rterogativa
1727 2571 1782 2616 et
1809 2565 2078 2632 .prteemi-

502 2648 689 2706 nentia
731 2648 880 2702 sedis
916 2649 1247 2720 episcopalis
1277 2653 1704 2717 contendentes,
1742 2655 1839 2708 sed
1890 2657 2075 2710 multi-

501 2741 712 2797 tudinis
767 2743 1124 2799 concordiam
1180 2760 1344 2814 quam
1399 2745 1636 2801 maxime
1690 2759 2074 2816 procurantes.

499 2834 640 2900 Quin
697 2837 862 2889 etiam
899 2835 1160 2895 Arianos.
1213 2836 1308 2906 qui
1361 2853 1462 2906 pro
1509 2839 1613 2901 eis.
1651 2839 1904 2894 ecclesiis
1941 2856 2076 2908 prae-

499 2923 632 2984 fecti
682 2923 926 2986 fuerant,
959 2925 1218 2992 precibus
1267 2927 1636 2996 interpositis,
1672 2939 1956 2998 rogarunt,
2009 2946 2076 2984 ne

2185 1825 2355 1880 οὖσαν
2384 1829 2476 1881 καὶ
2500 1830 2564 1882 ἐκ
2590 1828 2723 1882 Θεοῦ
2759 1830 2853 1884 καὶ
2885 1829 2997 1884 τῶν
3047 1831 3360 1885 ἀποστόλων
3399 1831 3532 1900 μίαν
3587 1849 3754 1910 παρα-

2185 1918 2436 1972 δοθεῖσαν
2467 1919 2796 1989 φιλονεικίαι
2827 1922 2922 1976 κα“ι
2949 1923 3365 1995 φιλοπροεδρίαι
3391 1922 3600 1994 ἀνδρῶν
3619 1939 3756 1976 κενο-

2184 2009 2352 2075 δόξων
2369 2011 2462 2074 ἐἰς
2496 2011 2697 2076 πολλὰς
2725 2013 3104 2084 κατεμέρισαν
3125 2031 3139 2046 ·
3174 2015 3310 2069 ἀλλὰ
3358 2014 3460 2084 τὴν
3489 2013 3754 2068 εὐσέϐειαν

2185 2101 2602 2172 ὁμολογοῦντας,
2633 2105 2732 2174 τὴν
2765 2104 2865 2173 τῆς
2907 2105 3238 2174 Ἐκκλησίας
3291 2105 3586 2178 προεδρίαν
3636 2122 3755 2158 κστ-

2183 2195 2352 2265 ἐχειν.
2411 2193 2630 2264 Ταύτης
2677 2195 2734 2248 δὲ
2791 2199 2890 2265 τῆς
2949 2197 3186 2266 σπουδῆς
3251 2199 3444 2250 πολλοὶ
3485 2198 3583 2267 μὲν
3612 2196 3748 2251 ἄλλοι

2186 2286 2434 2353 ἐγένοντο
2456 2303 2468 2316 ·
2501 2281 2570 2356 ἦν
2599 2287 2656 2338 δὲ
2693 2290 2784 2340 καὶ
2824 2287 3083 2351 Εύλάλιος
3115 2291 3142 2340 ὁ
3169 2288 3266 2357 τῆς
3300 2289 3440 2358 πρὸς
3469 2287 3544 2357 τῷ
3581 2289 3748 2356 Πόντῳ

2197 2377 2492 2446 Ἀμασείας
2523 2378 2615 2432 τὸν
2663 2377 2866 2449 κλῆρον
2903 2378 3104 2449 λαχών.
3155 2379 3266 2431 Καὶ
3292 2379 3404 2448 γάρ
3436 2395 3587 2447 φασι,
3627 2378 3752 2446 μετὰ

2182 2469 2282 2535 τὴν
2308 2468 2566 2522 ἐπάνοδον
2593 2469 2784 2540 ἕτερον
2817 2470 2876 2536 ἐξ
2934 2471 3148 2539 Ἀρείου
3181 2469 3361 2540 εὑρεῖν
3401 2471 3630 2539 ποιμένα
3661 2469 3750 2535 τῆς

2197 2560 2526 2632 Ἐκκλησίας
2560 2561 2866 2632 ἡγούμενον
2893 2580 2905 2594 ·
2961 2563 3088 2625 τοὺς
3116 2563 3174 2615 δὲ
3210 2561 3570 2631 πειθομένους
3618 2558 3754 2627 αύτῷ

2181 2653 2402 2717 τελείως
2437 2655 2572 2725 μηδὲ
2621 2640 2701 2718 είς
2749 2655 3092 2725 πεντήκολτα
3153 2654 3548 2726 ἀριθμεῖσθαι·
3601 2655 3684 2706 τὸν
3712 2651 3752 2704 δ’

2182 2747 2442 2802 Εύλὰλιον
2466 2748 2564 2819 τὴν
2587 2747 2842 2818 όμόνοιαν
2885 2747 3289 2817 ἀσπαζόμενον,
3347 2749 3546 2817 ἐκείνῳ
3583 2746 3752 2806 δέησιν

2181 2841 2499 2911 ἐπιπέμψαι
2529 2842 2625 2909 τῆς
2663 2842 2956 2913 προεδρίας
2991 2840 3440 2914 παραχωροῦντα
3461 2861 3475 2875 ·
3511 2837 3667 2897 ἆθλον
3687 2839 3756 2899 ὡς

2184 2934 2250 2986 ἄν
2280 2950 2362 2996 τις
2394 2935 2523 3004 εἴπῃ
2554 2934 2654 3004 τῆς
2678 2934 3062 3004 ὁμοφροσύνης
3087 2935 3179 2986 καὶ
3207 2933 3304 3003 τῆς
3333 2935 3398 2996 ἐς
3419 2932 3578 2988 eam
3607 2929 3750 2999 δόξης

498 3015 631 3073 inde
659 3015 1033 3082 discederent,
1072 3032 1210 3070 neve
1240 3032 1337 3087 per
1359 3019 1762 3074 dissensionem
1786 3021 2074 3076 ecclesiam

2188 3020 2612 3090 κληρωσάμενον
2669 3020 2900 3090 ταύτην,
2947 3019 3219 3090 ἇμφωδὲ
3274 3020 3377 3089 τὴν
3444 3017 3748 3103 Ἐκκλησίαν

497 3107 708 3166 Christi
743 3108 1176 3161 conscinderent
1208 3126 1220 3159 :
1251 3124 1415 3176 quam
1444 3113 1660 3165 unicam
1693 3113 2074 3175 cxsistentem,

497 3209 666 3268 atque
708 3200 924 3256 unicam
975 3217 1002 3252 ιι
1059 3201 1167 3254 Deo
1197 3200 1352 3270 juxta
1384 3210 1442 3255 et
1491 3203 1558 3257 ab
1607 3205 1872 3274 apostolis
1910 3205 2080 3258 tradi-

498 3301 632 3356 tam,
671 3291 977 3348 dissidendi
1031 3290 1340 3357 contentio,
1389 3291 1807 3364 primarumqpe
1860 3295 2073 3350 sedium

2189 3112 2414 3166 ἰθύνειν.
2461 3113 2518 3165 Ὀ
2553 3113 2598 3165 δ’
2627 3115 2730 3166 ούκ
2760 3113 3011 3165 ἐπείθετο
3037 3129 3050 3142 ·
3093 3111 3232 3180 μετά
3267 3111 3444 3181 βραχὺ
3484 3112 3537 3164 δὲ
3569 3099 3751 3196 καὶιῶν

2187 3205 2397 3274 ἠγεῖτο.
2432 3205 2700 3273 ἀφίστατο
2725 3222 2740 3238 ·
2782 3206 2878 3260 ἅτε
2909 3205 2970 3278 δὴ
3004 3206 3273 3258 κάκείνων
3303 3205 3384 3274 τῷ
3449 3202 3623 3275 πολλῷ
3651 3199 3748 3254 τῶν

2187 3297 2560 3350 εὐσεϐούντων
2600 3297 2797 3368 πλήθει
2837 3296 3342 3370 προετεθειμένων.

498 3383 756 3448 ambitio,
811 3384 1096 3444 hominum
1152 3400 1308 3443 vana:
1361 3387 1549 3458 gloria:
1601 3373 1970 3455 studt-mium,
2023 3391 2075 3444 in
2119 3392 2318 3447 multas
2362 3391 2602 3446 divisit:
2642 3390 2772 3466 _sed
2857 3401 2918 3448 ut
2951 3406 3138 3446 veram
3181 3389 3448 3460 pietatem
3504 3387 3747 3460 proﬁten-

499 3486 607 3543 tes,
665 3479 767 3547 ipsi
823 3481 1033 3548 primos
1069 3482 1436 3538 ecclesiarum
1484 3482 1714 3536 thronos
1749 3480 2076 3535 retinerent.
2118 3481 2283 3552 230
2327 3481 2524 3538 Studio
2572 3483 2691 3538 haec
2744 3481 2988 3537 habuere
3039 3495 3165 3538 cum
3249 3481 3412 3535 multi
3463 3479 3577 3541 alii.
3643 3485 3748 3530 ιιιιιι

497 3575 747 3631 Eulalius
801 3577 1086 3632 Amasena:
1137 3577 1390 3637 ecclesia:
1461 3578 1528 3632 ad
1580 3578 1816 3633 Pontum
1901 3579 2346 3648 procurationem
2394 3581 2645 3635 sortitus.
2727 3579 2941 3635 Dicitur
2993 3593 3250 3646 namque,
3305 3588 3433 3648 post
3495 3576 3748 3632 reditum.

497 3668 667 3724 alium
706 3679 984 3740 pastorem
1019 3673 1238 3734 Ariame
1279 3681 1466 3736 sectae,
1535 3673 1628 3741 qui
1683 3673 1974 3726 ecclesiam
2043 3684 2283 3743 regeret,
2358 3689 2456 3728 eos
2493 3682 2676 3729 autem
2747 3675 2841 3744 qui
2885 3673 2962 3728 illi
2998 3671 3243 3727 debitam
3282 3679 3604 3741 praestarent
3632 3665 3748 3719 obe-

499 3764 791 3831 dientiam,
847 3766 934 3819 vix
997 3766 1402 3836 quinquaginta
1460 3781 1694 3819 numero
1751 3766 2074 3825 invenisse;
2116 3763 2492 3836 eumdemque’
2551 3777 2732 3822 tamen
2769 3767 3083 3822 concordiae
3157 3763 3440 3820 desiderio
3469 3771 3524 3816 et
3548 3756 3747 3830 cupidi-

500 3871 614 3916 tate
651 3860 727 3914 illi
763 3861 1164 3928 conditionem,
1200 3862 1462 3932 precibus
1492 3861 1793 3930 adjunctis,
1828 3865 2024 3920 tulisse
2061 3880 2077 3921 :
2118 3880 2225 3933 qua
2296 3865 2424 3919 sede
2493 3863 2858 3918 honoratiore
2897 3873 2953 3917 et
2992 3861 3352 3932 praerogativa
3401 3856 3604 3919 throni,
3641 3864 3750 3906 tan-

498 3968 664 4023 quam
698 3953 1010 4009 concordiie
1033 3955 1476 4024 opinionumque
1535 3955 1943 4024 conjunctionis
2005 3957 2261 4014 mercede
2329 3957 2635 4026 proposita,
2701 3956 2956 4017 cedebat.
2995 3965 3055 4008 ut
3082 3954 3372 4010 ecclesiam
3407 3952 3568 4005 modo
3603 3947 3750 4002 ambo

499 4049 985 4106 administrarent.
1020 4053 1118 4107 llle
1162 4063 1346 4107 autem
1375 4053 1756 4109 conditionem
1794 4054 1957 4109 talem
2017 4054 2250 4130 ‘rejecit.
2319 4069 2423 4108 nec
2491 4053 2667 4108 multo
2693 4065 2816 4118 post
2840 4070 2867 4106 a
2898 4055 3016 4108 suis
3037 4053 3229 4116 etiam,
3257 4049 3466 4121 quibus
3514 4043 3746 4116 praeibal,

497 4154 584 4199 est
618 4144 848 4206 relictus
875 4163 892 4200 :
925 4145 1019 4214 qui
1053 4161 1111 4212 se
1139 4146 1306 4206 etiam
1333 4144 1702 4216 frequentiori
1733 4147 1822 4217 pie
1851 4145 2197 4208 credentium
2227 4144 2571 4202 multitudini
2603 4154 2984 4217 aggregarunt.

1133 4303 1358 4393 CdPUT
1399 4305 1462 4360 ν.

498 4421 581 4476 De
595 4421 854 4504 _Melstio'.‘
884 4430 933 4474 et
959 4491 970 4504 ι
991 4420 1218 4502 Diodoro
1262 4420 1510 4475 Tarsensi
1547 4424 1972 4504 episropo._ltem
2017 4425 2080 4504 de
2113 4447 2161 4504 υ

572 4495 766 4546 Αειιοό
817 4491 1078 4544 Hei-rhoeti:
1125 4491 1382 4560 episcopo.
1423 4505 1468 4544 et
1503 4493 1624 4546 aliis
1663 4511 1680 4548 :
1711 4491 1760 4546 et
1795 4494 1858 4547 de
1895 4503 2080 4547 sancto

569 4562 800 4634 Eusebio
831 4561 1180 4634 Samosatcuo
1198 4564 1454 4634 episcopo,
1473 4572 1808 4618 utcertamen
1837 4563 2083 4632 martyrii

574 4633 893 4700 impleverit.

571 4744 744 4798 Divus
777 4743 1030 4798 Meletius
1049 4743 1418 4800 multitudinis
1443 4745 1742 4802 concordia
1763 4741 2078 4808 conciliata,

507 4837 808 4892 Diodorum
845 4836 1068 4905 quidem
1103 4836 1278 4900 illum,
1327 4839 1394 4894 de
1444 4852 1555 4908 quo
1585 4837 1750 4907 paulo
1777 4845 1906 4890 ante
1940 4835 2085 4889 dixi-

505 4931 762 4997 mus,qui
800 4945 1034 4998 persona
1054 4939 1106 4984 et
1135 4931 1326 4986 habitu
1358 4916 1486 4994 alio,
1517 4943 1624 4982 una
1658 4944 1782 4982 cum
1820 4927 2082 4982 Flaviano

505 5020 764 5074 Ecclesite
799 5021 1058 5091 scapham
1096 5022 1149 5075 in
1179 5037 1316 5076 533w
1349 5022 1440 5074 illa
1467 5029 1794 5088 tempeState
1821 5020 2082 5088 pra:clare

505 5096 934 5180 gubernat-erat,
987 5121 1265 5182 pastorem
1301 5110 1458 5166 Tarsi
1505 5111 1818 5175 c0nstituit,
1858 5121 1916 5166 et
1948 5111 2079 5166 Cili-

508 5222 633 5259 cum
664 5215 880 5276 gentem
909 5206 959 5260 ci
996 5205 1252 5259 attribuit
1277 5222 1289 5256 :
1319 5203 1695 5272 episcopatum
1729 5211 1912 5258 autem
1942 5203 2083 5271 Apa-

469 5295 477 5301 ”
509 5315 658 5352 nnra:
687 5297 884 5352 Joanni
923 5298 1113 5352 dedit:
1145 5295 1240 5364 qui
1271 5296 1356 5348 vir
1385 5309 1508 5348 cum
1542 5293 1763 5369 generis
1792 5295 2082 5349 nobilitate

503 5387 728 5453 clarus,
788 5399 903 5442 tum
962 5388 1154 5440 multis
1213 5384 1626 5454 splendidisque
1685 5385 2078 5452 primariarum

504 5479 774 5535 virtutum
807 5479 1158 5533 ornamentis
1187 5485 1468 5546 spectatus
1494 5477 1616 5531 fuit.
1647 5477 1916 5532 Praeterea
1947 5492 2082 5530 vero

504 5573 633 5628 vita:
665 5572 932 5626 sanctitas
966 5579 1024 5624 ct
1058 5570 1311 5622 doctrina
1350 5570 1582 5638 insignis
1637 5569 1688 5622 in
1744 5585 1810 5624 eo
1853 5568 2082 5639 conjun-

504 5675 628 5726 ctze,
681 5664 972 5717 clariorem
1036 5661 1202 5716 etiam
1257 5677 1382 5716 enm
1444 5663 1825 5744 reddiderunt.
1867 5662 1969 5728 Qui
2025 5673 2082 5714 et

506 5756 645 5838 ipse,
715 5757 906 5812 itidem
962 5767 1020 5810 ut
1077 5754 1372 5812 Flavianus
1431 5769 1483 5812 et
1554 5756 1859 5819 Diodorus,
1925 5769 2081 5819 salue

2790 4303 3046 4358 ΚΕΦΑΛ.
3090 4302 3162 4356 E'.

2193 4414 2318 4469 Ἔτι
2347 4419 2479 4484 περὶ
2525 4417 2816 4471 Μελετίου
2869 4415 2965 4468 καὶ
2997 4415 3288 4484 Διοδώρου
3341 4416 3448 4470 τοῦ
3488 4413 3742 4485 Ταρσοῦ·

2259 4488 2354 4540 καὶ
2401 4481 2681 4540 “Amm/0v
2705 4487 2812 4540 τοῦ
2843 4487 3148 4554 Βερῤοίας,
3174 4481 3291 4539 ’καί
3353 4481 3602 4556 ἐτέρωνῖ·
3655 4481 3744 4556 καὶ

2258 4557 2390 4623 περὶ
2423 4557 2530 4610 τοῦ
2559 4558 2734 4624 ἁγίου
2785 4552 3099 4624 Εὐσέϐιόύ
3116 4552 3462 4610 ἐπισκόπου
3485 4552 3744 4624 Σαμοσά-

2255 4619 2392 4692 τωιθ,
2430 4627 2512 4692 ὡς
2545 4619 3038 4695 τόνμαρτιιρικὸν
3057 4619 3254 4681 ἆθλον
3280 4619 3596 4694 διήνυσεν·⁸

2263 4745 2325 4798 Ὀ
2357 4745 2411 4796 δέ
2443 4761 2502 4812 γε
2523 4743 2666 4806 θεῖος
2699 4743 2980 4806 Μελέτιος,
3017 4744 3113 4812 τῆς
3135 4743 3384 4812 ὁμονοίας
3410 4742 3504 4796 τοῦ
3523 4740 3746 4810 πλήθους

2183 4838 2578 4908 γεγενημένης,
2611 4835 2877 4902 Διόδωρον
2913 4836 3016 4904 μὲν
3049 4837 3277 4900 ἐκεῖνον,
3312 4835 3444 4906 περὶ
3473 4827 3536 4888 οὗ
3561 4832 3744 4901 μικρὸν

2182 4925 2390 4982 ἄνωθεν
2419 4925 2759 4994 διελάσομεν,
2807 4925 2898 4977 τὸν
2933 4924 3026 4978 καὶ
3077 4925 3136 4976 ἐν
3169 4925 3412 4994 σχήματι
3459 4923 3628 4992 ἑτέρῳ
3654 4919 3745 4970 σὺν

2182 5017 2470 5086 Φλαϐιανῷ
2495 5017 2556 5068 τὸ
2584 5017 2682 5086 τῆς
2712 5015 3036 5085 Ἐκκλησίας
3063 5015 3272 5084 σκάφος
3285 5013 3363 5084 τῷ
3382 5013 3540 5082 δεινῷ
3559 5011 3745 5076 ἐκείνῳ

2183 5110 2414 5163 κλύδωνι
2439 5110 2709 5180 λαμπρῶς
2739 5109 3082 5166 οίακίσαντα.
3111 5109 3341 5178 Ταρσῶν
3369 5107 3601 5175 ποιμένα
3621 5099 3746 5156 καθ-

2187 5203 2310 5256 ίστα
2335 5218 2348 5232 ·
2385 5203 2481 5256 καὶ
2509 5202 2571 5254 τὸ
2599 5203 2706 5253 τῶν
2738 5197 2978 5254 Κιλίκων
3009 5200 3161 5263 ἔθνος
3191 5201 3340 5270 αύτῷ
3380 5195 3703 5268 ἐνεχείριζεν
3726 5205 3744 5222 ’

2185 5295 2286 5364 τὴν
2311 5294 2368 5346 δὲ
2397 5293 2496 5363 τῆς
2532 5295 2834 5361 Ἀπαμείας
2869 5294 3152 5362 ἱερατικὴν
3195 5281 3352 5358 ἀξίαν
3395 5291 3614 5358 Ἰωάννῃ
3641 5288 3744 5338 ἁπ-

2186 5387 2423 5454 ἐνειμεν.
2468 5377 2634 5446 οὗτος
2661 5385 2714 5436 δὲ
2748 5386 2842 5436 καὶ
2873 5383 3050 5446 ἄλλως
3081 5385 3180 5453 μὲν
3223 5381 3532 5453 περιφανὴς
3571 5375 3636 5447 ἦν
3659 5374 3746 5442 γέ-

2186 5494 2306 5530 νει·
2342 5477 2558 5540 πολλοῖς
2615 5476 2670 5527 δὲ
2705 5475 2920 5527 οἵκιθεν
2959 5475 3054 5526 καὶ
3109 5474 3380 5542 λαμπροῖς
3433 5467 3746 5538 ἐσεμνύνετο

2187 5570 2593 5640 προτερήμασι.
2628 5569 2752 5630 Βίης
2776 5569 2886 5636 γὰρ
2923 5569 3016 5620 καὶ
3049 5567 3206 5634 λόγος
3231 5567 3319 5618 ἐπ’
3347 5563 3495 5632 αὐτῷ
3527 5563 3752 5628 συνδραοι

2191 5663 2328 5728 μὸιν,
2361 5662 2458 5730 οὐχ
2484 5657 2645 5732 ἧττον
2674 5663 2900 5730 ἐκόσμει
2916 5659 3008 5713 τὸν
3041 5659 3232 5729 ἄνδρα.
3274 5655 3501 5724 Ἐπίσης
3531 5652 3586 5704 δὲ
3610 5650 3742 5702 Φλα-

2190 5755 2356 5822 ϐιανῷ
2387 5757 2476 5806 xxi
2521 5754 2770 5824 Διοδώρῳ
2803 5755 2896 5808 καὶ
2931 5747 3086 5814 οὗτος
3124 5753 3199 5820 τῷ
3231 5752 3328 5819 τῆς
3376 5747 3541 5814 ζάλης
3573 5753 3737 5807 καιίλῳ
