4062 6418
262 394 359 455 761

1165 394 1763 454 ECCLESIASTlC/E
1803 394 2194 457 lllSTORl.‘E
2236 399 2378 460 LlB.
2425 400 2561 463 ΧΗ.

3422 399 3527 461 762

257 510 368 562 τῶν
423 508 743 577 ὁμοφρόνων
790 505 861 559 τὰ
912 502 1092 575 πλήθη
1127 504 1392 574 συνέχων,
1463 506 1833 570 διδασκαλίαις

1955 509 2199 572 ποοειιςο
2230 519 2480 579 tempore
2505 509 2798 565 sentcntiae
2831 524 2945 564 suae
2978 509 3211 579 populos
3261 508 3316 563 in
3350 509 3528 562 onicio

255 593 536 670 ἐστήριξε.
580 597 851 667 Συνεργὸν
881 597 938 650 δέ
975 596 1070 649 καὶ
1111 587 1268 658 οὗτος
1305 591 1417 667 εἶχε
1441 596 1532 649 τὸν
1572 600 1842 668 περιώνυ-

262 710 363 765 μον
430 692 726 758 Στέφανον,
784 689 844 742 δν
919 680 984 759 δὴ
1042 688 1137 740 καὶ
1190 687 1382 743 τοῦτον
1441 688 1706 751 Μελέτιος
1737 689 1844 751 ἱείς

258 785 447 854 ἀγῶνα
471 784 571 836 οὐκ
602 782 828 835 ἔλαττον
866 779 1271 850 μετεστείλατο.
1309 780 1420 850 Τὴν
1474 782 1582 850 γὰρ
1623 780 1844 849 Γερμα-

257 878 455 931 νικέων
524 875 683 927 πόλιν
750 876 817 944 τῇ
905 873 1045 943 νόσῳ
1122 872 1375 939 Εὐδοξίου
1447 871 1712 947 νοσοῦσαν
1776 873 1844 925 τά

256 965 483 1036 ἔσχατα,
544 963 733 1017 τοῦτον
796 963 985 1032 ίατρδν
1049 963 1375 1016 ἀπέστειλεν
1430 963 1695 1032 ἄριστον·
1748 965 1845 1017 καὶ

256 1060 367 1128 γὰρ
406 1057 702 1126 διὰ-πάσης
753 1056 1007 1119 παιδείας
1051 1057 1269 1127 ἐχώρει,
1301 1055 1404 1123 τῆς
1449 1074 1510 1109 τε
1536 1058 1843 1127 ἡμετέρας,

258 1148 356 1201 καὶ
376 1148 475 1215 ὅση
507 1146 644 1214 δῆτα
678 1145 807 1215 παρ’
842 1145 1077 1214 Ἕλλησι
1100 1164 1115 1179 ο
1150 1146 1363 1215 καὶτῆς
1392 1146 1606 1210 ἐλπίδος
1640 1147 1843 1218 ἥκιστα

257 1234 636 1305 διημάρτανε’
704 1236 771 1303 τῇ
830 1234 940 1305 γὰρ
997 1236 1346 1304 πνευματικῇ
1409 1236 1693 1307 χρώμενος
1757 1237 1846 1290 σύ-

265 1341 436 1394 ριγγι,
476 1326 571 1377 καὶ
616 1324 744 1387 τοὺς
775 1323 978 1385 λύκους
1014 1325 1090 1386 είς
1121 1325 1372 1395 πρόϐατα
1415 1325 1842 1395 μετεσκεύαζεν.

272 1416 496 1487 Ἐπίσης
524 1417 580 1471 δέ
598 1418 846 1486 Μελετίῳ
876 1417 969 1471 καὶ
996 1417 1024 1468 ό
1038 1417 1202 1479 πολὺς
1222 1417 1292 1470 Εὐ
1302 1418 1478 1480 σέϐιος
1494 1419 1848 1490 διεπράττετο

260 1509 364 1579 τῆς
391 1510 688 1580 ὑπερορίας
721 1509 963 1562 ἐπανιὼν
993 1511 1075 1571 είς
1114 1509 1430 1578 Σαμόσατα.
1469 1512 1578 1564 Καὶ
1610 1510 1721 1581 γὰρ
1759 1513 1846 1563 Ἀ-

260 1604 454 1656 κάκιον
504 1604 710 1656 ἐκεῖνον
739 1596 799 1656 οὗ
829 1600 961 1654 πολὺ
998 1600 1156 1664 κλέος
1188 1604 1245 1654 ἐν
1276 1602 1398 1673 βίῳ,
1435 1604 1534 1673 τὴν
1582 1604 1846 1675 Βέῥροιαν

263 1695 467 1748 ίθύνειν
513 1696 785 1760 ἐπέτρεπε
805 1711 821 1728 ·
861 1695 962 1765 τὴν
991 1694 1049 1747 δὲ
1104 1695 1407 1766 Ἰερὰπολιν
1440 1696 1518 1765 τῷ
1551 1697 1848 1766 θαυμαστῷ

263 1787 560 1858 ἐνεχείριζε
614 1787 887 1855 Θεοδότῳ,
918 1791 984 1857 τῇ
1018 1788 1293 1859 ἀσκητικῇ
1327 1787 1572 1856 πολιτείᾳ
1612 1788 1847 1857 μάλιστα

268 1845 672 1949 πεῶᾳδομένῳτ
697 1880 792 1932 τὸν
813 1845 1161 1934 δἰεύσέϐιον.
1184 1845 1555 1941 είςηΧαλκίδα
1571 1845 1841 1950 ἐγειροτό-
1875 1845 1922 1904 Β

271 1991 383 2026 νει·
419 1975 486 2042 τῇ
525 1972 691 2044 Κύρῳ
728 1973 784 2027 δέ
832 1973 1103 2044 Ἰσίδωρον
1132 1971 1842 2043 ἐπεσφράγιζεν.’Δξιέπαι-ι

267 2083 347 2118 νοι
372 2066 429 2120 δὲ
451 2067 545 2119 καὶ
578 2070 744 2136 ἄμφω
777 2065 907 2137 θείῳ
937 2066 1087 2137 ζήλῳ
1117 2065 1489 2135 κοσμούμενοι
1519 2059 1608 2136 (ἧς
1636 2066 1735 2117 οὐκ
1763 2066 1841 2128 είς

265 2161 486 2231 μακρὰν
520 2138 614 2212 καὶ
644 2164 670 2212 ὁ
716 2160 881 2223 πολὺς
911 2159 1157 2228 ἡγήσατο
1183 2157 1576 2229 Θεοδὼρητος).
1620 2156 1756 2210 Φασὶ
1789 2158 1844 2210 δὲ

263 2253 429 2306 αὐτὸν
459 2253 826 2319 καὶΕύλόγιος
850 2255 1059 2307 ἐκεῖνον
1079 2254 1169 2305 τὸν
1194 2253 1334 2322 μετὰ
1364 2251 1749 2322 Πρωτογένους
1766 2252 1846 2313 είς

262 2342 494 2396 Ἀντινὼ
520 2345 620 2410 τὴν
651 2344 815 2413 νῆσον
844 2342 1001 2412 ὑπὲρ
1029 2343 1129 2412 τῆς
1162 2342 1442 2405 εὐσεϐείας
1472 2343 1843 2410 ἐξορισθέντα,

261 2435 365 2505 τὴν
396 2434 664 2488 Ἔδεσσαν
710 2435 1023 2504 ἐπιτρέψαι,
1056 2436 1270 2504 Βάρσου
1315 2436 1409 2487 τοῦ
1445 2436 1593 2487 θείου
1628 2435 1847 2503 θανάτῳ

262 2526 580 2596 τὸν.θρὸνον
615 2526 712 2579 καὶ⁸
736 2526 826 2579 τὸν
859 2526 975 2597 βίον
997 2525 1273 2589 λιπόντος.
1304 2525 1473 2587 Δύτὺς
1497 2525 1540 2579 δ’
1570 2526 1847 2591 Εὐλόγιος,

269 2619 628 2688 Πρωτογένην
656 2619 751 2673 τὸν
779 2619 886 2671 τῶν
914 2618 1090 2672 ἄθλων
1117 2619 1265 2688 αύτῷ
1281 2621 1540 2673 κοινωνὸν
1567 2623 1687 2681 ταῖς
1709 2620 1852 2689 Κάρ-

268 2713 391 2780 ραις
414 2711 634 2779 ὑφίστη.
671 2712 857 2779 ίατρὸν
889 2710 1120 2783 νοσούσῃ
1144 2712 1299 2764 πόλει
1332 2711 1537 2780 σφόδρα
1569 2711 1852 2781 δωρούμεο

268 2815 362 2860 νος
388 2798 723 2861 ἀλεξίκακον.
756 2798 884 2850 Ἐπὶ
927 2800 1057 2851 πᾶσι
1092 2799 1149 2851 δὲ
1188 2800 1400 2860 τούτοις
1438 2801 1467 2850 ό
1506 2798 1648 2860 θεῖος
1682 2799 1853 2851 Εὐσέ-

271 2896 387 2955 ϐιος
424 2896 491 2963 τῇ
534 2893 759 2963 Δολίχνῃ
791 2894 971 2963 Μάριν
1013 2895 1337 2963 ἐχειροτόνει
1371 2893 1709 2945 ἐπίσκοπον·
1752 2893 1851 2961 τῆς

267 2986 327 3039 δὲ
357 2984 708 3056 ’Δρειανικῆς
734 2985 887 3039 νόσ,υ
924 2988 956 3055 ἠ
989 2986 1213 3056 Δολῐχνη
1246 2987 1558 3054 ἐπέπληστο
1580 3000 1594 3016 ⁸
1628 2984 1687 3037 ὃν
1718 2986 1851 3037 πολ-

266 3079 382 3141 λοῖς
406 3081 520 3140 τοῖς
546 3081 646 3146 τῆς
677 3077 877 3146 ἀρετῆς
913 3078 1078 3130 εἴδεσι
1124 3077 1500 3144 διαλάμποντα
1528 3077 1686 3138 α’),τὲς
1709 3078 1852 3129 ἐκεῖ·

1953 602 2222 666 retinens,
2256 602 2504 658 doctrina
2534 602 2905 658 confirmavit.
2947 603 3074 658 Fuit
3104 603 3233 658 huic
3271 618 3334 658 ea
3371 606 3423 657 in
3469 619 3528 656 re

1949 694 2158 762 collega
2210 709 2432 763 quoque
2486 695 2665 763 magni
2729 695 2820 749 ille
2882 695 3122 750 nominis
3178 693 3529 765 Stephanus,

1950 801 2117 857 quem
2160 786 2350 840 itidem
2389 786 2643 841 Meletius
2683 786 2748 841 ad
2781 795 3064 841 certamen
3114 803 3221 840 non
3259 787 3524 855 exiguum

1950 880 2169 935 accivit.
2225 878 2360 933 Nam
2395 881 2542 934 hunc
2572 878 2936 934 Germaniciae
2972 878 3206 941 civitati,
3248 895 3369 948 qua:
3415 878 3526 932 Eu-

1952 975 2100 1029 doxii
2161 973 2357 1027 morbo
2422 987 2639 1027 summo
2692 986 2818 1025 cum
2888 972 3140 1040 periculo
3203 971 3526 1030 laborabat,

1949 1065 2224 1135 optimum
2281 1064 2434 1118 misit
2470 1064 2769 1117 medicum.
2811 1063 2973 1117 Omni
3027 1063 3175 1118 enim
3224 1064 3526 1117 liheraliori

1950 1159 2223 1214 doctrinae
2266 1159 2320 1211 in
2378 1157 2551 1211 sacris
2607 1156 2769 1210 simul
2822 1165 2880 1210 et
2925 1155 3174 1224 profanis
3219 1156 3532 1225 disciplinis

1948 1267 2174 1319 operam
2209 1259 2528 1311 navaverat,
2555 1260 2612 1303 et
2641 1258 2960 1316 conceptam
2990 1249 3059 1302 de
3091 1263 3151 1302 se
3181 1264 3329 1317 spem
3363 1250 3528 1301 mini-

1950 1358 2037 1397 me
2074 1342 2363 1397 fefellerat.
2389 1340 2674 1410 Spirituzdi
2706 1353 2942 1408 namque
2977 1339 3159 1393 fistula
3185 1338 3527 1399 usus,etiam

1947 1441 2107 1506 lupos
2135 1438 2188 1492 in
2220 1452 2354 1491 oves
2376 1438 2669 1494 convertit.
2704 1435 2861 1506 231
2901 1436 2978 1489 Ad
3013 1436 3267 1489 eumdem
3299 1436 3524 1488 modum

1950 1540 2181 1594 magnus
2201 1540 2422 1595 quoque
2444 1523 2712 1580 Eusebius
2728 1527 2859 1594 egit,
2889 1524 2980 1579 ubi
3015 1524 3084 1578 ab
3116 1526 3313 1579 exsilio
3334 1523 3531 1579 Samo-

1949 1625 2064 1670 sata
2099 1630 2352 1670 reversus
2383 1624 2487 1669 est.
2525 1614 2658 1669 Nam
2721 1614 2921 1668 Acacio
2954 1614 3057 1677 illi,
3121 1615 3279 1684 cujus
3312 1624 3537 1684 propter

1951 1707 2116 1758 vitam
2142 1708 2418 1774 egregiam
2453 1704 2645 1774 ingens
2667 1714 2785 1756 erat
2812 1704 3006 1774 gloria,
3042 1705 3333 1760 ecclesiam
3399 1704 3529 1758 Ber-

1951 1795 2123 1848 rhteaa
2148 1794 2441 1862 regendam
2475 1794 2774 1849 commisit.
2830 1794 3168 1862 Hierapolim
3203 1805 3386 1848 autem
3433 1795 3531 1847 ad-

1951 1886 2207 1939 mirando
2263 1886 2518 1939 attribuit
2566 1885 2876 1949 Theodoto,
2917 1886 3010 1954 qui
3051 1887 3158 1939 vita
3227 1886 3528 1939 monastica

1949 1976 2184 2031 celebris
2215 1993 2453 2031 maxime
2472 1976 2593 2030 fuit.
2620 1976 2913 2031 Eusebium
2948 1993 3113 2043 porro
3129 1976 3405 2031 Chalcidis
3426 1978 3526 2045 fl),

1949 2069 2299 2123 etlsidorum
2332 2070 2455 2139 Cyri
2491 2070 2811 2138 cpiscOpum
2871 2068 3000 2123 fecit
3059 2069 3239 2139 (cujus
3284 2071 3533 2123 ecclesiae

1950 2163 2108 2218 brevi
2137 2179 2356 2233 quoque
2400 2174 2522 2231 post
2568 2177 2797 2232 magnus
2819 2161 3040 2231 praefuit
3092 2160 3489 2230 'l‘heodoritus)
3519 2179 3531 2214 :

1950 2257 2114 2311 ambo
2144 2272 2273 2309 vero
2324 2256 2414 2311 isti
2446 2256 2634 2309 divino
2666 2255 2863 2309 ardore
2898 2270 2962 2309 ac
3028 2255 3146 2308 zelo
3183 2254 3314 2307 clari
3362 2253 3535 2307 fuere.

1953 2348 2112 2404 llunc
2159 2358 2422 2418 praeterea
2459 2348 2670 2408 dicunt,
2724 2346 3013 2416 Eulogium
3050 2347 3200 2400 illum
3227 2387 3240 2408 ,
3273 2347 3369 2415 qui
3410 2362 3536 2400 cum

1954 2443 2260 2512 Protogene
2289 2443 2341 2494 in
2390 2441 2623 2495 insalam
2661 2440 2996 2493 Antinonem
3024 2438 3125 2507 (Ξ),
3150 2453 3291 2490 verae
3324 2438 3543 2506 pietatis

1952 2549 2085 2604 ergo
2115 2534 2437 2601 deportatus
2474 2531 2677 2591 fuerat,
2705 2529 2963 2583 Edessam
3012 2527 3250 2589 misisse,
3280 2543 3403 2579 cum
3468 2527 3542 2579 ibi

1953 2627 2116 2680 divus
2161 2625 2355 2680 Barses
2387 2634 2565 2677 morte
2606 2638 2702 2676 sua
2725 2608 2887 2675 simul
2919 2629 2974 2673 et
3003 2621 3259 2674 thronum
3293 2628 3350 2673 et
3376 2619 3540 2673 vitam

1954 2717 2291 2786 reliquisset.
2321 2716 2438 2785 lpse
2469 2724 2649 2768 autem
2682 2714 2938 2782 Eulogius
2973 2713 3331 2781 Protegenem
3363 2722 3541 2766 certa-

1954 2812 2165 2863 minum
2188 2823 2412 2863 suorum
2438 2807 2649 2859 socium
2666 2804 2849 2859 Carris
2875 2805 3137 2874 prmfecit,
3160 2804 3279 2857 urbi
3301 2803 3351 2857 ei
3385 2804 3542 2859 valde

1954 2898 2267 2968 mgrotanti,
2324 2896 2485 2964 quasi
2547 2895 2842 2963 quemdam
2900 2894 3203 2957 medicum,
3273 2894 3543 2947 malorum

1956 2992 2305 3060 depulserem
2330 2989 2566 3042 donans.
2606 2988 2834 3054 Insuper
2882 2985 3108 3040 divinus
3134 2985 3410 3040 Eusebius
3443 2999 3543 3053 op-

1958 3085 2086 3152 pido
2126 3080 2370 3135 Doliclta:
2410 3079 2599 3132 Marini
2628 3078 2950 3147 episcopum
3004 3078 3176 3140 dedit;
3222 3077 3368 3146 qttod
3415 3077 3543 3146 qui-

270 3187 362 3232 νος
396 3172 505 3235 τοῖς
538 3171 832 3242 ἱερατικοῖς
860 3157 1181 3239 καθιδρύσαι
1211 3170 1419 3239 θρόνοις
1450 3170 1707 3240 θελήσας,
1753 3172 1852 3240 τὴν

1956 3178 2078 3231 dem
2113 3175 2374 3243 oppidum
2411 3172 2609 3225 Ariana
2642 3171 2969 3240 contagione
3000 3171 3262 3225 infectum
3299 3171 3538 3226 maxime

269 3261 531 3332 Δολίχνην
547 3261 870 3316 κατέλαϐεν.
890 3262 1130 3314 Είσιόντι
1157 3262 1213 3314 δὲ
1242 3263 1304 3314 τὸ
1330 3264 1508 3331 τεῖχος
1538 3264 1630 3314 τοῦ
1660 3264 1854 3326 ἄστεος

270 3356 539 3423 Εὑσεϐίῳ,
565 3356 703 3424 γυνή
734 3371 822 3416 τις
854 3355 953 3423 τῆς
990 3352 1205 3425 ’Δρείου
1242 3353 1495 3423 ἔμπλεως
1539 3354 1849 3423 βδελυρίας,

270 3449 515 3518 κέραμον
543 3447 751 3501 ἄνωθεν
800 3448 1072 3516 διαφεῖσα,
1111 3446 1250 3498 κατὰ
1274 3447 1516 3516 κεφαλῆς
1548 3447 1730 3517 βάλλει
1763 3446 1855 3499 τὸν

265 3540 441 3595 ὅσιον.
478 3541 590 3594 Καὶ
621 3541 740 3593 τότε
772 3539 870 3609 μὲν
897 3539 996 3608 τὴν
1032 3540 1209 3605 κάραν
1237 3538 1528 3607 συνέτριψε
1551 3553 1565 3567 '
1597 3539 1793 3609 puxva
1809 3540 1853 3591 δ’

270 3633 484 3686 ἐκεῖθεν
544 3631 963 3700 σφακελλισθεὶς
1011 3631 1103 3683 τὸν
1150 3631 1491 3698 ἐγκέφαλον,
1550 3632 1689 3700 πρὸς
1752 3634 1855 3702 τὴν

268 3726 483 3794 ἀμείνω
508 3726 661 3791 λῆξιν
697 3724 1144 3795 μετέϐαινεν.⁶ον
1166 3722 1506 3776 τελευτῶντα
1539 3723 1695 3791 λόγος
1718 3742 1854 3777 κατι-

270 3817 538 3884 εγγυῆσαι
575 3816 761 3885 ὅρκοις
794 3814 1250 3885 ἀσφαλιζόμενον,
1279 3814 1557 3885 μηδεμίαν
1592 3814 1690 3886 τὴν
1718 3815 1853 3881 δρά-

274 3924 448 3962 σασαν
472 3907 874 3978 εἰσπράξασθαι
911 3907 1104 3976 ποινὴν
1127 3907 1207 3977 τῷ
1235 3909 1549 3979 τολμήματι
1571 3923 1585 3937 '
1620 3910 1714 3961 τὸν
1748 3913 1856 3980 γὰρ

274 4002 474 4057 οἰκεῖον
503 4000 693 4070 ἐζήλου
730 4001 821 4053 καὶ
848 3991 1002 4062 οὗτος
1044 3999 1581 4074 δεσπότηνηηάτερ,
1606 4001 1851 4069 λέγοντα,

274 4092 428 4161 ἄφες
476 4088 679 4156 αὐτοῖς
740 4088 858 4157 τὴν
901 4089 1198 4157 ἁμαρτίαν
1238 4090 1486 4158 ταύτην.
1531 4089 1701 4144 Τοῦτο
1758 4093 1857 4161 μὲν

273 4181 372 4238 οὖν
399 4184 461 4237 τὸ
499 4184 650 4246 τέλος
704 4181 842 4252 μετὰ
888 4182 1015 4245 τοὺς
1037 4182 1415 4245 παντοδαποὺς
1449 4188 1544 4236 καὶ
1575 4185 1857 4248 ποικίλους

274 4270 494 4341 ἀγῶνας
524 4274 666 4343 ὑπὲρ
700 4274 802 4343 τῆς
831 4272 1116 4336 εὐσεϐείας
1147 4274 1365 4339 ἐδέξατο
1394 4275 1422 4325 ὁ
1444 4273 1702 4337 Εὐσέϐιος
1721 4292 1735 4307 ·
1763 4277 1857 4329 καὶ

274 4368 410 4429 τοὺς
438 4367 495 4419 ἐν
524 4366 717 4437 Θρᾴκῃ
746 4365 1055 4436 βαρϐάρους
1073 4364 1378 4433 διαφυγὼν,
1404 4367 1503 4429 τὰς
1528 4366 1639 4419 τῶν
1664 4367 1858 4422 δυσσε-

275 4458 520 4512 ϐούντων
565 4461 753 4529 χεῖρας
805 4458 1093 4528 διαφυγεῖν
1140 4461 1240 4512 οὐκ
1292 4458 1553 4529 ἴσχυσεν⁹
1609 4460 1723 4513 ἀλλ’
1764 4462 1855 4514 ὑπ’

276 4550 505 4604 ἐκείνων
555 4550 649 4603 τδν
711 4549 808 4602 τοῦ
870 4547 1174 4620 μαρτυρίου
1225 4550 1492 4618 στέφανον
1533 4551 1852 4620 ἀνεδήσατο.

281 4641 469 4696 Ταῦτα
513 4642 613 4712 μὲν
647 4640 870 4710 ὕστερον
901 4641 1173 4709 ἐγεγόνειο
1225 4644 1254 4694 ό
1280 4641 1338 4694 δὲ
1380 4643 1521 4705 θεῖος
1558 4644 1854 4706 Μελέτιος.

286 4737 380 4805 τῆς
424 4736 678 4806 ὁμονοίας
720 4734 810 4789 διὰ
846 4734 1186 4805 τῶνςὸρκων
1245 4735 1640 4806 γεγενημένης,
1702 4739 1862 4789 κατέ-

278 4828 514 4881 πλευσεν
560 4830 638 4890 είς
685 4826 1308 4881 Κωνσταντινούπολιν·
1356 4826 1523 4896 ἡνίκα
1570 4829 1652 4889 είς
1698 4828 1862 4880 ταυτδ

278 4919 471 4973 πολλοὶ
493 4922 765 4982 συνιόντες
793 4919 1104 4982 ἐπίσκοποι,
1131 4917 1243 4971 δεῖν
1262 4915 1431 4987 ᾤοντο
1451 4917 1754 4987 Γρηγόριον
1773 4920 1863 4971 τὸν

278 5013 430 5067 θεῖον
480 5015 545 5066 ἐκ
590 5014 690 5083 τῆς
744 5012 1055 5077 Ναζιανζοῦ
1086 5011 1420 5079 μεταθεῖναι,
1471 5012 1567 5065 καὶ
1614 5012 1713 5081 τὴν
1767 5013 1866 5080 τῆς

279 5105 699 5160 Κωνσταντίνου
729 5105 952 5168 τελείως
978 5103 1288 5174 ἐπισκοπὴν
1315 5104 1646 5173 ἐγχειρίσαι.

1956 3280 2097 3323 erat.
2135 3268 2213 3321 Eo
2244 3267 2510 3320 Eusebius
2541 3266 2712 3327 venit,
2742 3276 2799 3316 ut
2825 3264 2940 3331 ipsc
2960 3262 3153 3317 Marini
3190 3262 3336 3315 vario
3364 3264 3539 3316 virtu-

1959 3372 2074 3415 tum
2109 3375 2309 3429 genere
2342 3356 2725 3426 refulgcntem,
2788 3356 2841 3408 in
2874 3357 3284 3424 possessionem
3317 3355 3534 3423 episco-

1956 3452 2098 3523 palis
2124 3452 2271 3505 sedis
2295 3450 2599 3502 induceret.
2633 3446 2737 3500 Sed
2772 3446 2918 3499 enim
2951 3444 3001 3498 ei
3037 3444 3299 3513 oppidum
3359 3444 3541 3513 ingre-

1957 3543 2157 3604 dienti,
2195 3539 2392 3593 mulier
2418 3542 2669 3606 quaedam
2696 3536 2916 3590 Arianis
2944 3534 3323 3589 deliramentis
3355 3535 3539 3604 plena,

1956 3649 2025 3687 ex
2054 3631 2343 3701 superiore
2372 3629 2493 3682 loco
2526 3629 2763 3696 tegulam
2792 3627 2844 3680 in
2878 3636 3042 3695 caput
3081 3625 3342 3695 conjecit.
3372 3626 3436 3677 Et
3460 3625 3534 3678 ita

1960 3734 2073 3778 tum
2088 3723 2311 3792 quidem
2331 3722 2431 3775 viri
2448 3721 3216 3788 sanctieaputcomtniuutum
3241 3728 3351 3771 est:
3375 3716 3538 3786 paulo

1957 3830 2087 3871 vero
2110 3823 2253 3884 post,
2278 3812 2369 3867 ubi
2393 3812 2681 3866 cerebrum
2703 3809 2993 3879 putredine
3014 3819 3331 3877 correptum
3368 3817 3539 3871 esset,

1957 3908 2200 3962 moriens
2222 3906 2335 3979 ille,
2351 3906 2415 3959 ad
2431 3906 2712 3958 meliorem
2733 3903 3183 3981 migravitvitam.
3204 3902 3375 3966 Quem
3397 3900 3539 3952 fama

1958 4008 2063 4061 est,
2085 3999 2197 4068 jam
2223 4000 2462 4053 animam
2493 4005 2770 4066 agentem,
2804 3992 3173 4065 jurejurando
3198 3993 3408 4046 amicos
3445 3990 3544 4044 ob-

1960 4093 2274 4155 strinxisse,
2326 4106 2397 4143 ne
2435 4107 2465 4143 a
2495 4089 2718 4152 femina,
2751 4104 2870 4155 qttte
2918 4087 3134 4140 facinus
3170 4093 3380 4137 tantum
3410 4099 3542 4138 ausa

1960 4183 2161 4247 fuerat,
2183 4195 2344 4250 poma
2365 4179 2632 4248 quaepiam
2659 4179 2993 4247 exigeretur;
3013 4193 3074 4229 ea
3102 4178 3152 4229 in
3174 4192 3230 4228 re
3253 4176 3539 4227 [luminum

1959 4291 2120 4329 suum
2150 4273 2459 4334 aemulatus,
2483 4270 2576 4339 qui
2603 4270 2781 4324 dixit:
2823 4267 3012 4333 Pater,
3042 4270 3248 4336 ignosce
3289 4264 3400 4319 illis
3421 4281 3536 4334 pec-

1959 4377 2138 4421 catum
2170 4370 2286 4429 hoc,
2331 4364 2458 4433 quia
2495 4364 2733 4416 nesciunt
2763 4360 2892 4429 quid
2948 4361 3168 4429 faciunt.
3207 4359 3365 4414 Ilunc
3420 4359 3544 4412 vitte

1962 4460 2148 4521 finem,
2192 4469 2315 4526 post
2359 4456 2507 4509 varia
2537 4453 2972 4521 multipliciaque
3023 4467 3121 4520 pro
3151 4469 3275 4506 vera
3340 4452 3544 4519 pietate

1962 4553 2109 4606 obita
2141 4548 2462 4612 Certamina,
2488 4554 2817 4601 consecutus
2837 4553 2921 4596 est
2958 4542 3248 4597 Eusebius.
3285 4545 3539 4615 Quicum

1964 4645 2022 4698 in
2061 4642 2295 4698 Thracia
2343 4639 2712 4694 Barbarorum
2765 4637 3031 4689 feritatem
3078 4635 3382 4704 ρίῒιιςὶεευι,
3437 4635 3544 4686 itn-

1966 4737 2184 4807 piorum
2237 4734 2620 4789 haereticorum
2656 4742 2851 4782 manus
2897 4726 3129 4779 evadere
3186 4741 3293 4777 non
3341 4726 3541 4793 patuit,

1965 4828 2059 4883 sed
2100 4841 2198 4896 per
2255 4826 2377 4880 illos
2439 4838 2699 4878 coronam
2753 4817 3000 4889 martyrii
3049 4815 3309 4883 suscepit.
3364 4820 3542 4882 Atque

1968 4921 2083 4975 hmc
2111 4918 2333 4988 quidem
2374 4925 2559 4985 postea
2584 4922 2713 4967 sunt
2746 4912 2908 4968 facta.
2941 4911 3107 4963 Divus
3139 4921 3268 4959 vero
3297 4903 3540 4957 Meletius

1967 5012 2263 5067 concordia
2320 5006 2681 5080 iurisiurandi
2763 5013 3108 5058 sacramento
3197 4998 3540 5060 continuata,

1969 5101 2506 5169 Constantinopolim
2539 5097 2772 5167 appulit,
2804 5112 2931 5150 cum
2959 5110 3025 5148 eo
3058 5090 3213 5146 tnulti
3245 5087 3540 5144 convenis-

280 5210 411 5257 scut
441 5199 707 5269 episcopi,
767 5197 1140 5253 necessarium
1199 5212 1319 5252 esse
1352 5197 1478 5260 rati,
1512 5208 1569 5251 ut
1605 5198 1850 5252 divinum
1889 5197 2215 5267 Gregorium
2255 5210 2321 5249 ex
2386 5192 2657 5247 Nazianzo
2725 5187 3107 5251 transferrent,
3132 5184 3294 5254 eique
3332 5182 3540 5253 episco-

280 5305 473 5369 patum
495 5296 1164 5366 Constantinopolitanum
1193 5309 1317 5349 cum
1344 5309 1558 5353 summa
1582 5305 1849 5365 potestate
1887 5298 2313 5351 committerent.

357 5480 432 5551 (ll
465 5482 674 5535 Thcod.
714 5480 1077 5544 Chalcedonis,
1115 5483 1209 5536 sed
1263 5496 1574 5549 perperam,
1613 5490 1669 5534 ut
1701 5488 1850 5551 puto.

282 5552 384 5606 Est
434 5552 579 5605 enim
619 5555 784 5605 etiam
836 5551 1056 5606 Chalcis
1095 5566 1205 5609 non
1254 5551 1413 5621 longe
1462 5551 1530 5606 ab
1564 5550 1857 5607 Antiochia

284 5624 547 5692 Syrorum
582 5623 703 5677 sita.
733 5622 1002 5693 Epiphan.

1863 5804 1934 5817 ...ε

2038 5482 2114 5545 (‘2)
2153 5477 2477 5534 Theodorus
2502 5493 2608 5531 non
2644 5478 2807 5535 habet
2832 5476 3065 5533 insulam
3093 5470 3227 5530 :lib.
3259 5486 3313 5535 ν.
3342 5472 3533 5539 capJ.

1967 5547 2144 5619 Supra
2173 5548 2266 5605 lib.
2301 5564 2362 5615 ιι,
2386 5564 2503 5618 cap.
2534 5549 2626 5604 23.
