4062 6428
229 351 336 413 769

1159 349 1763 411 ECCLESIASTICIE
1804 347 2193 409 HISTORIJE
2222 349 2372 409 LlB.
2408 350 2545 412 ΧΙῘ.

3393 348 3457 406 Τῑ
3467 351 3497 407 ι)

230 451 430 516 huic?)
485 464 723 532 πατρίδα
759 464 1174 533 καταλαμϐάνει
1219 467 1317 534 τὴν
1370 465 1656 536 Βέρροιαν.
1699 463 1805 517 Καὶ

1914 461 2091 516 fausta
2146 464 2331 517 omnia
2391 479 2489 533 per
2538 462 2843 518 orationem
2890 470 3241 533 apprecatus,
3284 479 3378 519 eas
3417 466 3492 519 illi

232 556 512 624 Θεόδωρος
544 557 643 624 τῆς
686 558 966 628 Ἀντιόχου
1000 557 1303 623 ἀπωσθεὶς,
1335 557 1414 619 είς
1445 556 1545 625 τὴν
1577 556 1810 625 Θρᾴκην

232 647 358 699 ὅθεν
391 646 631 713 ἐγένετο,
663 648 945 718 ἀπεχώρει
970 662 986 680 ⁸
1019 647 1286 709 ὡσαύτως
1310 648 1365 699 δὲ
1393 647 1490 699 καὶ
1514 648 1540 698 ὁ
1568 646 1810 706 Νικαίας

243 740 509 800 ’Υπάτιος
555 740 709 808 παρά
738 741 836 808 τὴν
868 741 1285 810 γεννησαμένην
1321 738 1496 808 Τύρον
1527 739 1585 790 ὲν
1634 737 1810 807 Συρίᾳ

237 831 526 901 μετέδαινε
553 848 568 863 ·
600 834 694 885 καὶ
727 833 879 886 ἄλλοι
940 832 1176 904 ἀλλαχοῦ
1215 833 1612 900 διεσπείροντο.
1647 829 1711 883 Ol
1764 828 1809 879 δ’

232 924 291 974 ὲν
318 921 628 991 Ἀντιοχείᾳ
678 922 1066 992 πρεσὸύτεροι,
1106 921 1381 988 Ἀστέριος
1425 922 1522 975 καὶ⁴
1570 921 1812 988 Κρισπῖ-

230 1031 343 1076 νος,
378 1012 562 1066 καὶτὸ
596 1013 725 1067 ἄλλο
758 1014 863 1067 ὑπὸ
898 1014 1177 1083 Θεόδωρον
1213 1015 1493 1083 πλήρωμα
1527 1011 1811 1084 συνεδριά-

236 1122 453 1166 σαντες,
492 1102 708 1157 πολλῶν
734 1106 829 1158 καὶ
859 1105 1035 1159 ἄλλων
1076 1106 1397 1160 ἐπισκόπων
1421 1108 1487 1158 ὲκ
1513 1105 1624 1159 τῶν
1648 1103 1813 1174 πέριξ

234 1194 442 1248 πόλεων
490 1196 945 1265 συνδραμόντων,
1000 1197 1141 1266 πρὸς
1196 1197 1324 1259 τοὺς
1372 1197 1501 1268 περὶ
1544 1196 1812 1264 Εὐνόμιον

232 1288 504 1358 ἔπεμπον,
535 1288 637 1359 τὴν
668 1288 852 1343 αὐτῶν
885 1290 1174 1344 κοινωνίαν
1220 1289 1630 1360 ἐπιζητοῦντες.
1674 1289 1737 1341 Οἱ
1764 1287 1810 1341 δ’

231 1380 681 1443 ἀντεπέστελλον,
724 1381 980 1449 δέχεσθαι
1038 1383 1136 1452 μὲν
1169 1382 1391 1447 αὐτοὺς,
1424 1382 1565 1452 πλὴν
1594 1381 1815 1451 ἀποψη-

231 1468 570 1538 φισαμένους
595 1468 694 1538 τὴν
735 1472 821 1522 ἐπ’
840 1469 1028 1540 Ἀετίῳ
1058 1471 1540 1541 καταχειροτονίαν
1571 1472 1668 1526 καὶ
1696 1475 1811 1534 τοῖς

229 1562 441 1614 ἐκείνου
476 1564 913 1632 συγγράμμασι·
950 1563 1346 1635 προσαπῄτουν
1369 1565 1427 1618 δὲ
1448 1566 1540 1619 καὶ
1570 1564 1665 1618 τοῦ
1694 1565 1809 1635 βίου

226 1656 329 1723 τὴν
359 1642 728 1727 διακάθαρσιν
749 1672 764 1686 ·
790 1657 1013 1725 καὶγὰρ
1043 1673 1164 1720 πως
1194 1658 1251 1709 έν
1280 1675 1428 1710 τισιν
1453 1658 1512 1710 οὺ
1543 1658 1812 1726 καθαροῖς

226 1747 551 1816 διαιτήμασι
583 1747 1014 1817 προσειρύροντο.
1047 1750 1109 1801 Ol
1141 1750 1198 1802 δὲ
1226 1750 1347 1801 τότε
1383 1749 1482 1819 μὲν
1523 1749 1624 1820 τὴν
1653 1749 1812 1818 αττη-

233 1856 319 1891 σιν
346 1840 405 1892 οὐ
434 1840 818 1910 προσήκαντο·
842 1816 905 1903 θὲς
933 1838 1164 1908 ὕστερον
1195 1841 1250 1894 δὲ
1282 1816 1467 1895 mire
1498 1816 1591 1895 ert;
1607 1816 1811 1911 ἐκκλη-
1843 1816 1883 1872 Β

235 1931 354 1993 σίας
386 1929 632 1993 κακίζειν
655 1931 922 2000 Εὐνόμιον
953 1932 1046 1984 καὶ
1079 1932 1206 1993 τοὺς
1240 1935 1371 2002 περὶ
1393 1936 1599 1993 ἐκεῖνον
1635 1936 1808 2005 προή-

232 2023 459 2092 χθησαν,
509 2022 961 2092 μετεωρολέσχας
1010 2024 1440 2091 ἀποκαλοῦντες,
1481 2026 1711 2097 πλήρεις
1745 2043 1804 2078 τε

225 2116 487 2179 ἀπονοίας
521 2117 615 2168 καὶ
638 2117 982 2186 σκαιότητος,
1014 2114 1095 2181 οἷς
1128 2120 1311 2183 αὐτοῖς
1331 2121 1556 2174 τοιαῦτα
1586 2124 1805 2191 προτεί-

222 2224 341 2260 νειν
384 2208 650 2274 ἔγνωσαν.
704 2209 767 2263 Ol
809 2209 865 2261 δὲ
906 2210 1008 2279 τῆς
1035 2210 1247 2281 ’Λρείου
1295 2212 1564 2281 αίρέσεως
1596 2214 1807 2282 πλῆθος

219 2301 284 2354 οὐ
312 2302 534 2371 μέτριον
555 2301 732 2366 ὄντες,
764 2303 959 2371 ῥοπαῖς
980 2305 1102 2364 ταῖς
1124 2305 1389 2357 ἀνέκαθεν
1419 2305 1801 2361 Κωνσταντίου

216 2411 282 2446 τε
312 2396 409 2446 καὶ
442 2383 766 2468 ρὺάλεντος,
823 2395 993 2459 ἀδεῶς
1038 2398 1096 2459 ἐς
1122 2398 1290 2451 ταυτὸ
1326 2398 1633 2466 γινόμενοι,
1673 2401 1804 2469 περὶ

215 2482 362 2536 Θεοῦ
423 2484 518 2536 καὶ
567 2483 668 2552 τῆς
727 2483 895 2536 αὑτοῦ
948 2484 1136 2546 οὐσίας
1181 2485 1467 2554 προπετῶς
1519 2486 1799 2554 διαλόγους

219 2575 465 2628 ἐποίουν.
512 2576 624 2628 Καὶ
670 2574 939 2644 βασιλέως
986 2575 1283 2643 πειρᾶσθαι
1332 2576 1640 2641 ἀνέπειθον,
1688 2582 1802 2632 ὅσοι

219 2665 523 2735 ὁμόφρονες
552 2666 703 2725 ὄντες
733 2670 846 2729 τοῖς
873 2666 1199 2736 ἀνακτόροις
1228 2666 1516 2735 διέτριὸον.
1546 2670 1653 2721 Καὶ
1691 2674 1800 2739 γὰρ

221 2762 284 2811 ἐν
326 2758 538 2811 ἐλπίσιν
582 2754 723 2828 ἦσαν
770 2761 866 2812 καὶ
911 2759 1103 2812 τοῦτον
1150 2760 1284 2812 εἴσω
1333 2760 1526 2814 θέσθαι
1575 2763 1799 2832 χειρῶν,

220 2846 369 2901 καθὰ
389 2847 452 2916 δὴ
479 2848 573 2899 καὶ
598 2847 1005 2901 Κωνσταντιον.
1044 2850 1108 2901 Ὃ
1136 2848 1199 2918 δὴ
1241 2850 1334 2902 καὶ
1357 2853 1405 2903 οἱ
1437 2852 1535 2921 τῆς
1567 2853 1799 2905 καθόλου

234 2936 563 3006 Ἐκκλησίας
593 2937 680 2989 διὰ
720 2938 920 3005 πολλῆς
948 2940 1236 2993 ἐποιοῦντο
1268 2944 1575 3011 φροντίδος,
1607 2946 1702 2998 καὶ
1743 2950 1802 2999 ὲν

217 3028 335 3081 δέει
369 3028 612 3098 μεγίστῳ
638 3029 993 3089 καθίσταντο,
1035 3030 1134 3098 τὴν
1169 3031 1438 3101 Εὑνομίου
1472 3034 1529 3085 ὲν
1552 3037 1664 3097 τοῖς
1684 3036 1803 3087 δια-

219 3119 406 3186 λόγοις
450 3119 734 3190 δεινότητα
781 3121 1152 3190 ὑπειδόμενοι.
1206 3125 1280 3176 Οὐ
1324 3127 1464 3177 πάνυ
1506 3127 1615 3194 γάρ
1645 3121 1798 3189 οὗτος

218 3215 413 3284 πόρρω
460 3213 716 3282 διάφορος
792 3215 1126 3285 Κυζικηνοῖς
1183 3216 1486 3280 καταστὰς,
1544 3218 1636 3271 ἐπὶ
1699 3219 1800 3288 τῆς

219 3306 521 3376 ἡγεμονίας
549 3307 870 3371 Οὐάλεντος,
902 3308 1002 3376 τῆς
1041 3307 1256 3376 Ἀρείου
1296 3308 1618 3378 συμμορίας
1656 3309 1798 3361 ἑαυ-

216 3398 315 3452 τὸν
348 3397 672 3466 ἀποκρίνας,
710 3399 1017 3467 ἀντιπέραν
1044 3400 1143 3469 τῆς
1192 3400 1606 3455 Κωνσταντίνου
1658 3405 1801 3459 κατά

215 3485 320 3555 τὴν
351 3485 409 3538 ἐν
434 3484 661 3554 Βιθυνίᾳ
688 3485 1007 3557 Χαλκηδόνα
1042 3487 1221 3557 ἠσυχῆ
1253 3488 1515 3559 καθῆστο.
1552 3491 1691 3546 Πολὺ
1730 3492 1791 3544 δὲ

128 3630 137 3633 Α
218 3578 433 3647 πλῆθος
457 3579 518 3629 ἐκ
546 3579 646 3646 τῆς
677 3578 1003 3643 Βυζαντίδος
1027 3580 1164 3648 πρὸς
1191 3580 1356 3634 αὑτὸν
1376 3581 1759 3652 διεπεραιοῦτο
1781 3601 1796 3617 ο

218 3666 374 3722 ἄλλοι
422 3669 480 3720 δὲ
518 3672 612 3722 καὶ
670 3670 969 3740 ἀλλαχόθεν
1008 3674 1324 3744 συνέρρεον,
1359 3675 1408 3726 οί
1464 3675 1565 3744 μὲν
1601 3679 1800 3746 πεῖραν

221 3762 616 3830 προσάγοντες,
642 3761 691 3813 οί
722 3762 779 3814 δὲ
820 3762 876 3815 εί
902 3780 954 3815 τι
986 3762 1137 3831 λέγοι
1183 3766 1524 3836 καινότερον,
1573 3768 1801 3821 ἀκουσό-

223 3870 404 3922 μενοι.
447 3853 511 3905 Ἦ
545 3853 603 3906 δὲ
634 3855 765 3927 περὶ
800 3854 981 3908 αὑτὸν
1001 3857 1160 3926 φήμη
1195 3857 1291 3910 καὶ
1320 3859 1402 3921 είς
1429 3858 1661 3929 βασιλέα
1690 3861 1801 3915 διέ-

218 3958 407 4012 τρεχε.
439 3943 546 3996 Καί
571 3960 635 4010 γε
680 3944 746 3997 ἂν
774 3945 872 3998 καὶ
911 3946 992 4008 είς
1022 3947 1217 4016 λόγους
1239 3941 1342 4020 ἦκε
1366 3950 1444 4018 τῷ
1478 3949 1716 4020 βασιλεῖ,
1748 3954 1799 4006 εί

224 4035 303 4105 μὴ
331 4038 362 4106 ή
395 4035 647 4107 θεοφιλὴς
676 4037 1012 4110 Πλακίλλαή
1046 4038 1262 4107 βασιλὶς
1298 4041 1568 4096 ἀνέκαθεν
1596 4043 1665 4097 τά
1714 4045 1801 4099 δό-

219 4131 392 4195 ξαντα
425 4131 484 4182 ὲν
526 4129 735 4201 Νικαίᾳ
778 4133 1183 4201 πρεσϐεύουσα,
1236 4135 1436 4203 ἐπέσχε
1474 4135 1682 4208 σπουδῇ
1729 4141 1796 4209 τῇ

216 4221 398 4292 πάσῃ,
457 4221 531 4292 μὴ
586 4222 646 4275 τὸ
694 4223 960 4293 παράπαν
1004 4225 1196 4294 ἐκείνῳ
1241 4228 1325 4288 είς
1371 4226 1565 4294 λόγους
1599 4229 1797 4286 ἐλθεῖν.

231 4315 460 4369 Ἐδεδίει
507 4314 618 4387 γὰρ
649 4316 911 4385 μάλιστα,
969 4317 1045 4388 μὴ
1080 4319 1216 4388 πρὸς
1256 4318 1357 4379 τὴν
1383 4319 1592 4375 ἐκείνου
1628 4339 1800 4390 μετα-

1912 555 2342 609 commendavit.
2384 556 2452 609 Et
2501 564 2692 625 postea
2739 555 2814 610 ibi
2862 556 2953 625 qui
3001 555 3327 609 Trinitatem
3368 572 3500 610 con-

1916 643 2338 699 substantialem
2382 647 2796 715 proﬁterentur,
2845 648 3110 701 ecclesias
3146 648 3495 702 obtinebant.

1914 730 2049 786 Erat
2078 732 2123 786 is
2154 749 2354 796 annus,
2387 750 2498 803 quo
2534 734 2831 790 Gratianus
2862 737 2917 791 in
2949 738 3184 807 imperio
3216 739 3493 806 quintum,

1914 824 2262 879 Theodosius
2291 834 2474 879 autem
2505 827 2746 895 primum
2774 830 2967 884 consul
2995 830 3118 886 fuit.
3150 830 3225 884 Ex
3258 846 3367 899 quo
3401 847 3499 883 au-

1915 924 2025 970 tem
2056 916 2245 970 Ariani
2276 932 2430 970 sacra
2460 920 2663 986 templa
2698 926 3014 983 tenuerant,
3046 922 3175 975 anni
3220 938 3331 976 non
3363 937 3501 991 pau-

1914 1007 2091 1062 ciores
2147 1022 2311 1076 quam
2371 1009 2733 1079 quadraginta
2790 1011 2929 1081 lapsi
2986 1023 3166 1069 erant.
3224 1013 3497 1067 Craterum

1916 1097 2275 1166 Demophilus
2311 1090 2600 1168 expulsus,
2633 1103 2686 1154 in
2722 1102 2958 1170 patriam
2993 1118 3146 1155 suam
3179 1102 3494 1158 Berrhceam

1915 1206 1972 1242 se
2004 1190 2239 1257 recepit.
2278 1189 2604 1245 Theodorus
2639 1193 2928 1245 Antiochia
2966 1195 3193 1263 ejectus,
3230 1195 3281 1247 in
3319 1194 3496 1249 Thra-

1915 1282 2079 1346 ciam,
2110 1282 2257 1335 unde
2302 1295 2458 1337 ortus
2496 1284 2693 1347 fuerat,
2728 1284 2887 1337 abiit.
2931 1285 3117 1337 Itidem
3172 1286 3338 1339 etiam
3393 1287 3497 1356 [ly-

1915 1376 2098 1443 patius
2135 1374 2323 1429 Nicaea
2374 1376 2576 1447 Tyrum
2630 1375 2822 1448 Syriae,
2868 1392 2990 1445 quae
3033 1392 3159 1431 emn
3205 1388 3493 1446 genuerat,

1917 1466 2103 1519 rediit.
2141 1466 2206 1521 Et
2236 1467 2329 1520 alii
2363 1466 2493 1521 item
2525 1467 2634 1520 alio
2663 1468 2897 1537 dispersi
2928 1478 3075 1521 sunt.
3106 1468 3274 1520 Porro
3303 1469 3497 1521 Antio-

1916 1558 2055 1612 chia:
2088 1556 2340 1614 Asterius
2388 1568 2444 1614 et
2487 1558 2775 1642 CriSpinus
2825 1559 3152 1630 presbyteri,
3195 1568 3248 1613 ct
3293 1559 3496 1629 reliqui

1918 1649 2176 1706 fat-tionis
2199 1651 2316 1722 ejus
2345 1667 2466 1720 quae
2492 1650 2765 1705 Theodori
2794 1652 3040 1721 auspicia
3074 1660 3263 1705 secuta
3295 1650 3496 1716 fuerat,

1917 1742 2291 1798 conciliabula
2325 1752 2537 1808 coacto,
2570 1742 2636 1797 ad
2684 1743 2828 1812 quod
2884 1746 3050 1797 etiam
3095 1744 3188 1797 alii
3235 1743 3389 1796 multi
3430 1759 3531 1797 er»

1915 1837 2112 1892 vicinis
2154 1835 2387 1890 urbibus
2421 1835 2665 1904 episcopi
2702 1830 3034 1898 convenere,
3068 1836 3398 1905 legationem
3429 1836 3495 1890 ad

1916 1930 2294 1984 Ennomianos
2320 1930 2544 1992 misere,
2565 1928 3008 1998 coniunctionem
3033 1929 3501 1983 communionem-

1915 2038 2022 2091 que
2052 2036 2244 2076 eorum
2276 2021 2608 2075 ambientes.
2643 2020 2806 2090 236
2831 2019 3042 2086 Quibus
3068 2019 3143 2074 illi
3169 2036 3265 2089 per
3290 2021 3497 2090 episto-

1915 2113 2046 2176 lam,
2078 2112 2154 2165 ita
2204 2126 2263 2165 se
2313 2125 2409 2165 eos
2455 2122 2775 2180 recepturos
2814 2128 2935 2165 esse
2982 2112 3408 2180 responderunt,
3447 2112 3494 2167 si

1913 2205 2170 2275 sutiragia
2206 2219 2327 2267 sua,
2362 2203 2566 2273 quibus
2595 2205 2735 2258 Aetii
2767 2205 3065 2259 lectionem
3106 2214 3161 2258 et
3200 2220 3496 2260 consecra-

1915 2298 2120 2351 tionem
2156 2297 2576 2360 damnaverant,
2610 2299 2984 2366 antiquarent,
3017 2307 3073 2352 et
3107 2296 3313 2366 scripta
3343 2298 3494 2353 illius

1914 2391 2247 2457 reciperent.
2299 2390 2587 2444 Petierunt
2621 2405 2862 2459 quoque,
2899 2400 2961 2444 ut
2994 2392 3157 2444 vitam
3210 2391 3288 2445 illi
3341 2392 3497 2460 prius

1912 2481 2340 2555 lustrationibus
2362 2491 2787 2550 perpurgarent,
2811 2482 2958 2549 quo‘d
2984 2483 3239 2536 videlicet
3261 2482 3496 2552 impuris

1912 2573 2249 2640 quibusdam
2295 2572 2565 2626 institutis
2597 2572 2786 2626 infecti
2821 2582 3027 2637 essent.
3064 2573 3213 2628 lianc
3241 2573 3320 2627 illi
3352 2574 3494 2643 peti-

1915 2670 2118 2719 tionem
2168 2674 2280 2719 tum
2326 2665 2552 2734 quidem
2605 2676 2956 2735 receperunt.
3014 2666 3206 2720 Postea
3254 2681 3381 2720 vero
3428 2682 3497 2722 eo

1915 2759 2084 2811 etiam
2121 2757 2379 2826 producti
2411 2766 2558 2822 sunt,
2594 2767 2654 2811 ut
2692 2760 2745 2811 in
2778 2758 3179 2813 Ecclesiasucis
3208 2759 3497 2813 conventi-

1912 2849 2013 2904 bus
2062 2851 2338 2904 Eunomio
2384 2860 2441 2904 et
2490 2848 2851 2919 pepularibus
2900 2850 3157 2905 factionis
3210 2853 3350 2923 ejus,
3397 2867 3496 2921 per

1911 2942 2199 2996 maledicta
2256 2940 2615 2995 detraherent
2656 2957 2668 2994 :
2716 2928 3190 3012 μετεωρολέσχας,
3238 2944 3343 2998 hoc
3385 2954 3491 3008 est,

1908 3035 1974 3088 de
2016 3035 2183 3089 rebus
2227 3035 2548 3089 caalestibus
2594 3034 3038 3104 sublimibusque
3083 3049 3207 3088 cum
3250 3035 3394 3091 fastu
3437 3048 3494 3091 et

1908 3125 2206 3181 insolentia
2266 3127 2564 3181 verborum
2624 3135 2936 3197 nugantes,
2994 3127 3383 3199 dementiaque
3432 3138 3491 3183 et

1904 3217 2259 3287 improbitate
2283 3218 2498 3288 plenos,
2526 3217 2619 3287 qui
2651 3218 2757 3272 sibi
2791 3219 2918 3273 talia
2944 3220 3334 3289 prtetendenda
3362 3235 3487 3275 esse

1903 3310 2263 3374 statuissent,
2317 3325 2415 3365 eos
2473 3310 2954 3380 cognominantes.
3031 3313 3200 3367 Porro
3253 3315 3485 3377 Ariani,

1901 3403 2051 3474 quod
2097 3417 2290 3457 eorum
2345 3419 2458 3457 non
2509 3403 2808 3459 mediocris
2862 3415 3011 3460 esset
3058 3406 3377 3474 multitudo,
3419 3425 3485 3464 ex

1902 3511 2183 3551 momento
2227 3496 2371 3564 quod
2409 3495 2520 3550 illis
2557 3495 2674 3566 jam
2716 3496 2847 3551 inde
2894 3498 2962 3553 ab
3015 3497 3174 3554 initio
3204 3502 3307 3555 sub
3344 3500 3490 3556 Con-

1901 3587 2103 3641 stantio
2132 3595 2187 3642 et
2227 3587 2459 3644 Valente
2489 3596 2823 3652 accesserat,
2859 3601 3007 3644 metu
3050 3590 3202 3645 nullo
3250 3607 3490 3648 conven-

1905 3689 1992 3734 tus
2029 3680 2303 3750 agebant,
2347 3689 2404 3735 et
2444 3680 2513 3735 de
2548 3678 2659 3736 Deo
2707 3689 2874 3750 atque
2906 3682 3026 3751 ejus
3055 3683 3369 3739 substantia
3403 3694 3487 3739 te-

1901 3788 2054 3828 mere
2109 3772 2488 3840 disputabant.
2542 3773 2803 3828 Animum
2850 3789 3073 3845 quoque
3130 3775 3485 3845 imperatoris

1904 3865 2097 3936 ipsius,
2134 3863 2213 3918 illi
2249 3879 2347 3933 per
2381 3863 2640 3919 factionis
2685 3880 2799 3919 suae
2842 3865 3120 3930 homines,
3154 3869 3248 3937 qui
3287 3869 3339 3922 in
3378 3869 3488 3923 im-

1902 3958 2095 4028 periali
2122 3958 2246 4011 aula
2266 3956 2653 4022 versabantur,
2681 3958 3007 4013 tentandum
3029 3973 3150 4014 esse
3168 3960 3446 4017 duxerunt
3468 3979 3483 4016 :

1902 4052 1993 4106 illa
2026 4066 2123 4121 spe
2155 4058 2444 4119 concepta,
2477 4051 2625 4104 hunc
2650 4064 2895 4120 quoque,
2931 4051 3093 4106 sicuti
3131 4061 3188 4107 et
3214 4053 3488 4110 Constan-

1903 4143 2065 4206 tium,
2097 4140 2150 4195 in
2186 4148 2512 4211 potestatem
2545 4154 2738 4194 eorum
2773 4141 3073 4195 adductum
3110 4143 3199 4198 iri.
3235 4144 3368 4210 Qua:
3397 4161 3486 4202 res

1901 4238 1981 4289 eis
2012 4248 2233 4303 quoque
2269 4232 2362 4301 qui
2400 4231 2683 4285 catholicae
2720 4220 2985 4285 Ecclesiae
3010 4244 3193 4299 erant,
3225 4249 3481 4305 magnam

1900 4324 2085 4379 attulit
2117 4338 2328 4377 curam.
2363 4322 2711 4391 Quapropter
2743 4321 2798 4374 in
2846 4322 3084 4377 maximo
3118 4323 3273 4378 fuere
3307 4336 3481 4394 metu,
3540 4360 3551 4371 ο

221 4409 413 4477 στήσοι
442 4408 598 4474 δόξαν
634 4410 725 4461 τὸν
755 4410 926 4481 ἄνδρα
952 4411 1032 4480 τῷ
1075 4411 1353 4482 ἐπαγωγῷ
1384 4411 1479 4465 τοῦ
1504 4414 1670 4483 ἧθους
1701 4418 1799 4472 καὶ

217 4500 301 4570 τῷ
337 4500 432 4553 τοῦ
456 4500 616 4571 λόγου
648 4502 832 4573 δεινῷ.

221 4598 456 4668 imperio
515 4616 547 4654 a
597 4600 887 4673 Cyzicenis
940 4601 1206 4656 dissidere
1259 4604 1536 4673 coepisset,
1572 4614 1650 4659 ‘et
1706 4605 1948 4676 seipsum
1990 4606 2059 4661 ab
2114 4603 2444 4658 Arianorum
2501 4600 2795 4655 sodalitate
2857 4604 3479 4673 segregassct,Chalce-

223 4690 418 4747 donem
456 4695 730 4766 Bithyniae
773 4712 804 4751 e
856 4696 1081 4765 regione
1131 4696 1613 4768 Constantinopoli
1652 4699 1815 4753 sitam
1841 4738 1856 4763 ,
1909 4698 2006 4754 ubi
2046 4696 2296 4767 privatus
2333 4692 2681 4762 considebat,
2724 4708 2785 4749 se
2838 4695 3169 4749 contulerat.
3230 4696 3295 4750 Et
3333 4698 3472 4751 mul-

221 4783 400 4839 titudo
438 4784 634 4855 ingens
683 4801 716 4841 e
755 4785 1235 4855 ConstantinOpoli
1292 4786 1361 4841 ad
1416 4802 1543 4842 eum
1603 4788 1925 4843 ventitabat.
1983 4787 2090 4842 Alii
2140 4801 2362 4857 quoque
2416 4785 2643 4840 aliunde
2688 4785 2756 4839 ad
2798 4799 2923 4839 eum
2975 4786 3344 4857 conﬂuebant,
3382 4797 3476 4861 qui

214 4885 419 4952 partim
461 4884 529 4939 de
568 4886 682 4940 vita
729 4893 785 4939 et
823 4882 1075 4936 doctrina
1112 4881 1231 4949 ejus
1269 4881 1578 4950 periculum
1629 4880 1944 4936 faciebant:
1988 4882 2208 4951 partim,
2242 4881 2287 4934 si
2339 4879 2464 4934 novi
2508 4879 2808 4949 quidquam
2852 4881 3078 4946 diceret,
3112 4883 3316 4952 cupide
3348 4901 3477 4941 eum

211 4978 625 5033 auscultabant.
668 4977 736 5032 Et
770 4978 883 5046 jam
925 4976 1067 5029 fama
1107 4987 1330 5044 quoque
1378 4973 1622 5029 nominis
1664 4975 1784 5045 ejus
1822 4976 1889 5029 ad
1932 4975 2322 5045 imperatorem
2375 4983 2726 5043 pervenerat.
2782 4973 2995 5028 Fuisset
3048 4975 3139 5031 ille
3186 4978 3252 5031 ad
3303 4982 3477 5036 collo-

211 5074 414 5142 quium
453 5076 621 5128 etiam
669 5069 936 5141 principis
983 5068 1256 5123 admissus
1280 5106 1295 5130 ,
1343 5066 1448 5119 nisi
1493 5066 1588 5120 Dei
1624 5068 2002 5123 amantissima
2044 5066 2219 5137 ipsius
2256 5067 2455 5136 conjux
2489 5065 2730 5131 Placilla,
2763 5082 2884 5136 quae
2904 5067 3016 5137 jam
3052 5067 3179 5123 inde
3209 5071 3278 5125 ab
3318 5073 3477 5126 initio

209 5174 442 5230 decreta
473 5166 691 5219 Nicwna
721 5169 1043 5216 constanter
1077 5156 1463 5227 proﬁtebatur,
1497 5170 1629 5212 cura
1657 5166 1713 5213 et
1746 5158 1933 5213 Studio
1961 5158 2110 5212 omni
2143 5157 2468 5212 obsistendo
2496 5157 2600 5211 hoc
2628 5158 2853 5228 egisset,
2878 5174 2946 5214 ne
2977 5166 3100 5213 cum
3132 5162 3223 5217 illo
3249 5181 3477 5233 prorsus

208 5268 652 5335 colloqueretur.
708 5256 939 5311 Maxime
991 5253 1196 5323 quippe
1249 5252 1426 5307 verita
1480 5264 1587 5319 est,
1632 5268 1701 5307 ne
1758 5253 2139 5309 institutorum
2190 5253 2312 5309 vitae
2373 5253 2676 5321 illecebris,
2731 5264 2787 5310 et
2843 5254 3137 5312 verborum
3200 5261 3249 5314 vi
3308 5272 3478 5334 atque

208 5365 524 5440 gravitate,
576 5358 963 5427 imperatorem
1016 5350 1109 5405 ille
1155 5349 1210 5404 in
1256 5350 1582 5404 sententiam
1630 5363 1787 5404 suam
1835 5349 2157 5405 abduceret.

1906 4414 2162 4471 Eunomii
2195 4415 2252 4468 in
2283 4413 2762 4484 disputationibus
2789 4417 2898 4470 vim
2932 4426 3245 4483 suspectam
3277 4417 3484 4473 haben-

1827 4507 2008 4563 Dtes.
2048 4508 2166 4562 Non
2220 4507 2293 4561 ita
2342 4505 2554 4575 pridem
2606 4506 2753 4559 enim
2804 4506 2874 4572 is,
2919 4521 3039 4559 cum
3089 4507 3192 4560 sub
3242 4508 3483 4564 Valentis
3570 4562 3577 4575 η
