4062 6446
604 347 706 411 ’171

1085 455 1246 525 237
1287 450 1513 509 CAI’U'I‘
1554 450 1648 504 Ix.

608 558 684 613 De
697 551 1046 626 Amphilochii
1071 548 1237 604 Iconii
1264 545 1494 626 episcopi
1511 544 1579 596 ad
1607 540 1951 596 Theodosium
1981 541 2193 595 ἀξίωμά

1261 619 1525 672 libertate.

679 740 803 794 llaec
833 751 957 793 cum
1001 737 1074 791 ita
1125 736 1345 795 ﬁerent,
1378 747 1442 786 ac
1482 732 1604 802 ejus
1655 729 1734 783 rei
1770 726 2019 782 studium
2048 724 2193 795 apud

608 833 840 887 Arianos
888 830 1132 900 vigeret,
1186 841 1419 898 magnus
1464 822 1914 893 Amphilochius,
1965 820 2033 874 de
2081 833 2193 887 quo

604 936 768 982 antea
797 939 1021 995 quoque
1052 924 1390 977 mentionem
1425 918 1678 978 fecimus,
1716 929 1862 968 unus
1887 929 1954 967 ex
1984 912 2067 966 eis
2097 910 2190 980 qui

604 1032 721 1076 tum
756 1006 1298 1083 Constantinopoll'm
1343 1012 1707 1071 advenerant,
1743 1004 2043 1076 episcopis,
2083 1019 2193 1056 non

604 1115 697 1169 ille
726 1111 950 1181 quidem
989 1110 1044 1162 in
1078 1107 1249 1162 rebus
1282 1103 1514 1176 agendis
1544 1109 1820 1164 versatus,
1854 1098 1951 1153 sed
1983 1096 2191 1164 alioqui

604 1221 780 1260 senex
832 1199 1224 1263 venerandus,
1271 1207 1439 1266 alque
1488 1196 1544 1249 in
1604 1194 1770 1249 rebus
1822 1192 2029 1248 divinis
2076 1194 2193 1245 acri

603 1311 794 1354 meme
846 1296 1152 1367 praeditus,
1202 1292 1594 1361 imperatorem
1645 1288 1881 1348 adiisse.
1929 1287 2090 1356 eique
2134 1295 2196 1341 ut

602 1390 938 1445 Arianorum
981 1391 1293 1439 conventus
1328 1383 1397 1437 ab
1434 1382 1664 1435 urbibus
1700 1390 2030 1443 seinoveret,
2066 1394 2197 1448 sup-

607 1484 844 1554 plicasse
868 1480 1095 1536 dicitur.
1122 1479 1429 1547 Imperator
1451 1485 1660 1539 autem,
1688 1473 2014 1543 petitionem
2044 1487 2193 1537 eam,

603 1574 755 1645 quod
809 1572 1002 1628 durior
1050 1569 1523 1637 inbumaniorque
1568 1581 1690 1622 esse
1738 1565 2046 1629 videretur,
2085 1580 2193 1620 non

605 1666 1016 1734 comprobavit.
1052 1662 1123 1717 At
1170 1663 1394 1731 sapiens
1447 1661 1540 1714 ille
1588 1673 1756 1714 senex
1802 1666 1918 1711 tum
1966 1658 2194 1727 quidem

602 1762 806 1814 tacitus
837 1759 995 1820 abiit,
1026 1767 1080 1812 et
1114 1754 1349 1810 consilio
1376 1752 1577 1808 deinde
1612 1750 1943 1822 sapientiore
1975 1750 2188 1805 {acinus

604 1852 875 1909 memoria
908 1852 1135 1921 dignum
1181 1848 1335 1903 fecit.
1367 1846 1505 1901 Cum
1538 1860 1776 1914 namque
1807 1859 2027 1899 rursum
2065 1857 2191 1898 cum

603 1948 835 2018 reliquis
861 1944 1139 2017 episcopis
1178 1944 1231 1997 in
1270 1943 1452 1996 aulam
1498 1940 1765 2005 venisset,
1798 1948 1854 1993 et
1893 1939 2193 2008 imperato-

603 2058 743 2107 rem,
777 2042 850 2095 ita
887 2050 948 2095 ut
978 2038 1159 2103 decet,
1196 2045 1362 2105 atque
1406 2044 1467 2089 ut
1510 2035 1603 2089 alii
1639 2033 1886 2104 episcopi
1924 2034 2193 2098 iecerant,

604 2136 695 2205 pie
743 2143 801 2189 et
851 2133 1098 2189 suaviter
1148 2129 1448 2185 admodum
1500 2128 1906 2182 consalutasset
1948 2144 1962 2181 :
2021 2124 2192 2182 ﬁlium

604 2227 780 2296 ipsius
823 2223 1143 2289 Arcadium,
1180 2223 1276 2291 qui
1330 2236 1511 2291 nuper
1555 2221 1623 2275 ad
1671 2219 1966 2290 imperium
2017 2220 2196 2276 lectus

603 2318 807 2384 fuerat,
842 2333 952 2372 non
983 2317 1176 2372 eadem
1215 2316 1290 2371 illi
1328 2314 1612 2385 impertita
1641 2310 1972 2369 reverentia:
2005 2314 2197 2368 obser-

605 2416 813 2473 vant‘ra,
847 2412 1243 2466 inhonoratum
1281 2408 1528 2479 reliquit.
1573 2409 1781 2464 Verum
1820 2408 1891 2464 ad
1931 2423 2058 2463 eum
2100 2423 2195 2462 ac-

603 2507 827 2565 cedens,
856 2515 913 2559 et
944 2504 1112 2559 veluti
1150 2517 1275 2557 cum
1317 2516 1495 2571 puero
1534 2502 1882 2570 colloquens,
1914 2517 2195 2569 manuque

603 2614 733 2652 eum
787 2596 1111 2649 demulcens
1147 2613 1162 2649 :
1208 2614 1226 2645 ι
1271 2592 1431 2648 Salve
1462 2602 1520 2649 et
1554 2602 1638 2654 tu.
1670 2607 1704 2647 ο
1736 2608 1897 2662 puer,
1932 2593 2127 2661 inquit.
2170 2612 2188 2643 ι

604 2687 938 2755 Imperator,
992 2684 1141 2754 quod
1203 2698 1395 2738 senem
1451 2683 1906 2755 Amphilochium
1981 2684 2196 2739 rudiori

602 2782 793 2834 animo
824 2794 968 2842 esse,
1024 2786 1080 2832 et
1138 2777 1401 2833 rusticius
1436 2792 1599 2849 agere
1645 2777 2015 2845 existimaret,
2055 2794 2195 2848 quo-

609 2871 777 2926 modo
828 2871 1002 2925 lilium
1051 2870 1295 2925 salutare
1320 2869 1574 2936 deberet,
1614 2869 1824 2926 docuit.
1861 2871 2043 2942 Atque
2080 2870 2194 2935 ille,

602 2964 860 3021 suﬁicere
889 2964 939 3018 ei
971 2964 1238 3019 honorem
1270 2963 1458 3029 talem,
1485 2963 1644 3020 dixit.
1674 2964 1978 3034 Imperator
2009 2977 2195 3019 autem

606 3060 686 3113 ira
722 3057 992 3126 percitus,
1024 3065 1080 3111 et
1116 3057 1287 3113 veluti
1328 3056 1477 3113 ﬁlius
1507 3057 1713 3129 injuria
1754 3056 1984 3112 aﬂ‘ectus
2022 3066 2194 3122 esset,

592 3141 849 3224 'graviter
891 3160 1228 3217 commotus,
1274 3165 1402 3205 cum
1443 3149 1699 3205 convicio
1733 3152 2056 3221 episcopum
2094 3149 2197 3203 ab-
2224 3182 2273 3243 ο

603 3244 731 3299 duci
755 3245 942 3315 jussit.
976 3244 1073 3299 Ille
1099 3257 1267 3315 porro
1295 3243 1552 3314 quamvis
1582 3243 2028 3314 protruderetur,
2064 3257 2199 3297 con-

608 3350 804 3393 versus
849 3343 1031 3390 tamen
1089 3337 1415 3407 paululum,
1463 3337 1866 3408 consiliumque
1907 3336 1966 3394 in
2012 3337 2201 3393 animo

602 3428 945 3483 occultatum
1012 3428 1306 3497 proferens
1336 3448 1351 3484 :
1392 3448 1411 3481 ι
1447 3429 1711 3494 Videsne,
1736 3430 1935 3499 inquit,
1960 3445 1993 3485 ο
2025 3430 2202 3500 impe-

607 3512 970 3594 rator,’quam
1002 3533 1061 3576 tu
1085 3522 1396 3593 procaciter
1423 3522 1537 3578 ﬁlio
1562 3523 1772 3578 illatam
1801 3523 2199 3578 contumeliam

608 3630 721 3670 non
766 3614 913 3679 fers,
955 3615 1051 3670 sed
1092 3617 1472 3671 amarulenter
1511 3624 1739 3687 pr0pter
1777 3616 2199 3672 submissiorem

610 3708 1132 3779 compellationem,
1167 3708 1221 3763 in
1268 3722 1373 3764 nos
1418 3709 1817 3765 excandescis?
1857 3710 1950 3765 Sic
1989 3709 2202 3776 scilicet

605 3799 932 3853 existimare
963 3808 1017 3854 te
1048 3800 1322 3870 oportuit,
1356 3814 1691 3855 succensere
1719 3801 1887 3855 etiam
1916 3800 2199 3856 caelestem

606 3892 1012 3961 Imperatorem
1042 3902 1099 3946 et
1121 3888 1341 3948 Patrem
1375 3892 1683 3964 Unigeniti,
1715 3902 1945 3962 prOpter
1972 3907 2070 3947 eos
2106 3893 2200 3960 qui

607 4002 720 4041 non
758 4001 1108 4041 communem
1155 3987 1237 4041 illi
1281 3987 1537 4041 tribuunt
1567 3987 1859 4052 honorem,
1900 3986 1992 4041 sed
2036 3987 2201 4042 dissi-

605 4081 798 4135 milem
848 4092 906 4136 et
951 4080 1115 4151 longe
1159 4082 1432 4136 minorem
1475 4080 1637 4135 Patre
1665 4094 1866 4134 vocare
1908 4080 2133 4134 audent.
2178 4099 2196 4131 ι

608 4175 917 4244 Imperator
960 4190 1083 4229 cum
1140 4176 1269 4229 inde
1326 4188 1439 4228 rem
1489 4182 1667 4229 actam
1718 4173 2088 4245 intelligeret,
2147 4183 2203 4228 et

609 4268 777 4323 verba
818 4284 882 4323 ea
921 4267 1319 4330 admiraretur,
1355 4267 1768 4337 quamprimum
1809 4266 1875 4320 ad
1922 4282 1980 4320 se
2018 4281 2202 4321 sacer-

608 4359 797 4415 dotem
826 4359 925 4415 Dci
957 4360 1275 4426 accersivit,
1310 4369 1365 4413 et
1394 4358 1462 4413 ad
1498 4358 1667 4427 pedes
1702 4360 1823 4427 ejus
1852 4358 2197 4428 provolutus,

607 4455 825 4507 veniam
855 4454 925 4507 ab
958 4468 1027 4508 eo
1064 4456 1244 4523 petiit.
1280 4454 1470 4523 Neque
1504 4454 1663 4506 aliter
1691 4469 1856 4522 quam
1886 4454 2002 4523 ipse
2031 4453 2200 4507 dixis-

1834 328 2274 393 NlCEPHORI
2320 328 2671 393 CALLIS’I‘I

3296 392 3301 395 .
3774 335 3878 395 7ῗὲ

2901 446 3153 502 ΚΕΦΑΛ.
3196 446 3273 503 Θ’.
3730 494 3735 497 .

2300 536 2437 605 Περὶ
2492 536 2599 604 τῆς
2628 538 2777 607 πρὸς
2809 538 3136 592 Θεοδόσιον
3189 538 3533 605 παρῤησίας
3567 537 3671 593 τοῦ
3701 540 3880 608 ἁγίου

2487 610 2874 677 Ἀμριλοχίου
2905 610 3009 661 τοῦ
3045 610 3387 663 ἐπισκόπου
3434 611 3700 664 Ἰκονίου.

2369 723 2648 777 Τοιούτων
2709 724 2776 795 δὴ
2837 725 3167 796 γινομένων,
3220 725 3315 779 καὶ
3373 726 3473 794 τῆς
3535 727 3663 797 περὶ
3705 727 3882 779 ταῦτα

2300 817 2537 886 σπουδῆς
2590 818 2743 887 παρά
2776 816 3084 886 Ἀρειανοῑς
3114 817 3496 889 ἀκμαζούσης,
3538 818 3754 885 λέγεται
3787 822 3879 873 τὸν

2300 907 2468 959 πολὺν
2504 908 2877 980 Ἀμφιλόχιον,
2905 907 2966 962 οῦ
3001 912 3096 962 καὶ
3130 909 3325 980 πρώην
3375 912 3747 982 ἐμνήσθημεν,
3783 913 3879 966 Eva.

2297 1013 2362 1063 γε
2401 997 2531 1050 δντα
2585 999 2694 1051 τῶν
2724 1001 3143 1070 ἐπιδημούντων
3195 1000 3537 1065 ἐπισκόπων,
3582 1002 3877 1073 πράγμασι

2302 1088 2403 1157 μὲν
2430 1088 2636 1159 ἥκιστα
2667 1092 2914 1163 ἐντριὸἧ,
2966 1091 3291 1162 πρεσϐύτην
3316 1093 3362 1145 δ’
3404 1094 3582 1157 ἄλλως
3625 1097 3720 1149 καὶ
3750 1102 3881 1167 περὶ

2296 1182 2364 1233 τὰ
2386 1181 2508 1235 θεῖα
2543 1182 2673 1236 νοῦν
2704 1184 2922 1253 ἔχοντα,
2951 1184 3165 1255 βασιλεῖ
3196 1187 3510 1257 προσιέναι,
3545 1191 3637 1242 καὶ
3667 1191 3883 1243 ἀντισο-

2296 1274 2462 1344 λῆσαι
2510 1276 2638 1339 τοὺς
2689 1277 2801 1332 τῶν
2824 1278 3126 1347 Ἀρειανῶν
3176 1282 3468 1349 συλλόγους
3521 1283 3628 1336 τῶν
3668 1283 3880 1336 πόλεων

2298 1368 2708 1434 ἐξελαύνεσθαι.
2750 1374 2810 1425 'U
2866 1374 2922 1426 δέ
2957 1372 3236 1444 βασιλεὺς,
3289 1375 3367 1434 ὡς
3422 1375 3489 1429 ἂν
3544 1377 3732 1447 ἀπηνῆ
3780 1378 3879 1447 τὴν

2297 1468 2518 1539 αἴτησιν
2545 1469 2919 1539 ἡγησάμενος,
2951 1469 3055 1521 οὐκ
3087 1466 3330 1532 ἐδέξατο.
3374 1468 3432 1522 '0
3459 1468 3517 1522 δὲ
3547 1469 3709 1538 σοφὸς
3735 1470 3882 1521 ἐκεῖ·

2298 1577 2389 1623 νος
2442 1563 2783 1632 πρεσὸύτης,
2834 1561 2898 1614 τό
2931 1578 2995 1631 γε
3046 1562 3143 1616 νῦν
3175 1563 3299 1634 ἔχον
3327 1564 3388 1615 ἐν
3436 1566 3563 1633 σιγῇ
3591 1560 3882 1630 παρελθὼν

2298 1655 2516 1726 ἐπινοίᾳ
2544 1656 2851 1727 σοφωτέρᾳ,
2887 1656 3114 1726 μνήμης
3144 1656 3296 1720 ἄξιον
3340 1656 3689 1725 διεπράξατο.
3714 1654 3885 1717 Αὖθις

2300 1748 2409 1819 γὰρ
2464 1752 2565 1804 σὺν
2596 1751 2710 1813 τοῖς
2761 1750 2975 1813 λοιποῖς
3006 1751 3336 1815 ἐπισκόποις
3384 1752 3467 1815 είς
3516 1752 3587 1804 τὰ
3634 1751 3886 1819 βασίλεια

2226 1807 2267 1861 Β
2303 1807 2618 1913 παρελθὼν,
2655 1807 2747 1896 τδν
2786 1844 2886 1913 μὲν
2912 1807 3157 1914 βασιλέα,
3193 1842 3270 1906 ὥς
3310 1807 3374 1913 γε
3408 1807 3577 1909 είκὸς,
3607 1807 3751 1897 καθὰ
3782 1845 3887 1895 καὶ

2301 1936 2353 1988 οί
2380 1937 2561 1989 λοιποί
2581 1936 2694 1990 τῶν
2729 1938 2943 2008 ἱερέων,
2975 1938 3268 2008 ἠσπάσατο
3311 1937 3551 2002 εὐσεϐῶς
3582 1939 3675 1991 καὶ
3702 1938 3890 2006 ἠπίως

2305 2028 2489 2099 μάλα·
2519 2028 2600 2099 τῷ
2621 2030 2681 2083 δὲ
2711 2030 2806 2083 τοῦ
2861 2030 3125 2101 βασιλέως
3165 2031 3322 2084 παιδὶ
3350 2029 3649 2102 Ἀρκαδίῳ,
3684 2032 3889 2083 νεωστὶ

2299 2120 2356 2174 δὲ
2385 2122 2484 2191 τὴν
2513 2122 2609 2191 τῆς
2640 2122 2917 2187 βασιλείας
2946 2122 3282 2192 χειροτονίαν
3306 2122 3543 2192 εἰλήφει,
3574 2123 3882 2193 ἀγέραστον

2302 2215 2664 2268 καταλέλοιπε
2734 2216 2809 2286 μὴ
2848 2217 2950 2286 τὴν
2997 2217 3121 2285 ῐσην
3148 2216 3453 2284 ἀπονείμας
3499 2218 3682 2288 τιμήν.
3713 2215 3891 2271 Ἀλλὰ

2268 2309 2642 2377 -προσελθὼν,
2704 2310 2849 2363 καθὰ
2892 2310 2958 2380 δὴ
3009 2309 3192 2383 νηπίῳ
3231 2310 3636 2381 διαλεγόμενος,
3663 2308 3740 2380 τῷ
3780 2311 3890 2365 δα-

2304 2402 2485 2471 κτύλῳ
2511 2402 2740 2467 σαίνων,
2783 2420 2801 2452 ι
2843 2403 3078 2475 Χαίροις
3110 2404 3208 2457 καὶ
3257 2403 3347 2469 σὺ,
3383 2404 3617 2467 παιδῖον,
3664 2422 3681 2454 ι
3725 2408 3887 2471 φησί.

2306 2493 2573 2557 Βασιλεὺς
2608 2494 2666 2547 δέ
2692 2494 3118 2567 ἰδιωτικώτερον
3145 2490 3237 2550 οίά
3267 2512 3331 2565 γε
3369 2496 3685 2567 πρεσϐύτην
3730 2495 3892 2565 νομί-

2306 2602 2405 2646 σας
2439 2585 2747 2641 διακεῖσθαι
2802 2586 2895 2640 τὸν
2937 2587 3315 2658 Ἀμφιλόχιον,
3346 2588 3499 2650 ὅπως
3533 2587 3614 2640 δεῖ
3640 2586 3889 2650 ἀσπάζε-

2305 2679 2429 2731 σοαι
2451 2678 2543 2731 τὸν
2565 2679 2701 2747 υἱον,
2731 2679 3103 2745 ἐξεπαίδευεν.
3136 2680 3198 2735 '0
3229 2680 3295 2748 δ’,
3329 2699 3348 2733 ι
3378 2680 3676 2751 Ἀπόχρη,›
3702 2680 3885 2746 ἔλεγε,

2309 2789 2327 2821 ι
2381 2773 2474 2824 καὶ
2524 2772 2729 2841 ταύτης
2786 2773 2937 2844 αὐτῷ
3004 2774 3106 2845 τῆς
3153 2775 3345 2845 τιμῆς.
3405 2792 3423 2826 ι
3476 2774 3772 2845 Περιοργὴς
3819 2775 3884 2828 δι

2302 2862 2602 2934 γενόμενος
2658 2864 2917 2935 βασιλεὺς
2970 2866 3046 2930 ὡς
3100 2867 3559 2940 περιυϐρισμένῳ
3602 2868 3675 2937 τῷ
3726 2868 3885 2920 παιδὶ

2301 2955 2672 3025 χαλεπαίνων,
2708 2958 2829 3029 μεθ’
2846 2959 3059 3031 ὕϐρεων
3084 2960 3301 3027 ἐξάγειν
3321 2959 3409 3013 τὸν
3435 2961 3583 3030 ἱερέα
3608 2959 3881 3015 ἐκέλευεν.

2313 3054 2374 3109 Ὀ
2408 3054 2467 3109 δὲ
2494 3056 2699 3126 καίπερ
2730 3055 3067 3127 ὠθούμενος,
3103 3057 3305 3128 μικρὸν
3335 3045 3718 3127 ἐπιστραφεὶς,
3749 3055 3879 3127 ἔφη,

2303 3147 2395 3201 τὸν
2447 3150 2666 3218 ἐπινοίᾳ
2742 3150 3128 3220 κρυπτόμενον
3186 3149 3590 3205 ἀνακαλύπτων
3641 3152 3879 3205 σκοπόν·

2309 3263 2328 3295 ι
2380 3244 2567 3317 Ὁρᾷς.
2600 3236 2646 3297 ὦ
2698 3243 2951 3315 βασιλεῦ,
2985 3242 3062 3310 ὡς
3111 3245 3173 3298 οὐ
3207 3244 3396 3316 φέρεις
3432 3247 3528 3318 τὴν
3556 3246 3650 3300 τοῦ
3696 3247 3880 3310 παιδὸς

2303 3337 2619 3408 παροινίαν,
2678 3336 2797 3391 ἀλλ’
2837 3338 2975 3408 ἡμῖν
3026 3337 3378 3410 χαλεπαίνεις
3435 3338 3648 3410 πικρῶς
3684 3338 3760 3409 τῷ
3782 3341 3879 3408 τῆς

2305 3434 2668 3505 προσρήσεως
2722 3432 3048 3503 ὑφειμένῳ;
3082 3431 3242 3487 Οῦτω
3302 3431 3369 3503 δὴ
3411 3433 3656 3504 νομίζειν
3704 3434 3878 3505 χρεὼν

2304 3525 2522 3579 καὶτὸν
2557 3525 2819 3595 οὐράνιον
2850 3524 3093 3578 Βασιλέα
3143 3528 3237 3578 καὶ
3284 3526 3512 3596 Πατέρα
3554 3527 3873 3596 ἀγανακτεῖν

2303 3614 2398 3668 τοῦ
2424 3616 2792 3685 Μονογενοῦς,
2827 3616 2959 3679 τοὺς
3011 3616 3087 3687 μὴ
3118 3617 3181 3670 τὸ
3230 3616 3347 3671 ἴσον
3386 3616 3600 3686 ἐκείνῳ
3652 3621 3876 3690 προσνὲο

2307 3725 2511 3778 μοντας
2542 3709 2735 3778 γέρας,
2765 3707 2882 3763 ἀλλ’
2934 3710 3124 3764 ἄνισον
3174 3710 3270 3767 καὶ
3317 3710 3501 3779 πολλῷ
3545 3711 3640 3765 τοῦ
3673 3712 3879 3782 Πατρὸς

2304 3801 2506 3872 ἥττονα
2559 3802 2885 3874 τολμῶντας
2918 3803 3243 3861 ἀποκαλεῖν.
3293 3823 3312 3856 ι
3349 3805 3538 3869 Συνεὶς
3563 3804 3611 3858 δ’
3634 3805 3879 3861 ἐντεῦθεν

2304 3895 2331 3944 ὁ
2365 3894 2621 3964 βασιλεὺς
2651 3896 2722 3949 τά
2752 3915 2813 3949 τε
2843 3899 3216 3968 πεπραγμένα
3247 3900 3341 3952 καὶ
3374 3902 3445 3953 τὰ
3467 3901 3734 3969 εἰρημένα
3759 3903 3883 3955 Θαυ-

2308 3991 2513 4055 μάσας,
2543 3990 2619 4054 ὡς
2650 3992 2816 4061 τάχος
2840 3991 2933 4044 τὸν
2968 3992 3124 4061 ἱερέα
3149 3992 3287 4046 Θεοῦ
3325 3994 3716 4062 μετεστέλλετο
3737 4011 3751 4023 ·
3790 3995 3882 4048 καὶ

2304 4084 2419 4147 τοῖς
2450 4085 2612 4136 ποσὶν
2649 4084 2863 4139 ἐκείνου
2914 4085 3108 4138 ἑαυτὸν
3145 4085 3516 4156 ἐπιρῤίπτων,
3552 4087 3882 4157 συγγνώμην

2305 4175 2450 4246 iam.
2486 4179 2582 4230 καὶ
2616 4178 2692 4247 μὴ
2725 4177 2898 4242 ἄλλως
2924 4177 3072 4247 ἔχειν
3118 4176 3349 4231 ἐτίθετο.
3387 4178 3491 4230 Καὶ
3526 4180 3582 4231 ἐν
3611 4178 3687 4247 τῷ
3710 4180 3884 4249 ἀσφα-

2307 4270 2392 4324 λ;ἰ
2422 4273 2740 4341 γενόμενος,
2792 4273 2886 4324 τοῦ
2920 4271 3112 4324 λοιποῦ
3164 4272 3293 4334 τοὺς
3344 4271 3496 4340 παρά
3527 4273 3586 4323 τὸ
3633 4270 3792 4337 δόξαν
3828 4275 3884 4322 ἐν

2306 4363 2517 4434 Nimia.
2552 4361 2900 4428 δοξάζοντας,
2932 4362 3262 4433 ἐξετρέπετο
3284 4382 3299 4396 ο
3347 4365 3447 4427 τὰς
3485 4363 3532 4416 τ’
3561 4362 3649 4416 ἐπ’
3680 4364 3881 4433 ἀγορᾶς

2307 4456 2490 4524 ἐριδας
2548 4456 2648 4508 καὶ
2703 4456 2831 4516 τοῦς
2887 4457 3152 4525 ἐπικενῆς
3188 4456 3484 4524 συλλόγους
3522 4458 3755 4526 ἀνέσχε·
3791 4457 3883 4509 καὶ

545 4617 551 4624 _
609 4553 716 4605 set,
748 4558 809 4597 se
845 4558 959 4598 rem
998 4545 1220 4605 habere.
1256 4553 1538 4614 protessus
1581 4562 1685 4599 ρει.
1724 4547 1891 4617 233
1920 4549 2099 4617 Atque
2143 4550 2195 4602 in

2308 4554 2437 4621 περὶ
2468 4549 2601 4603 Θεοῦ
2635 4551 2733 4603 καὶ
2760 4551 2862 4617 τῆς
2894 4550 3061 4603 αὑτοῦ
3093 4551 3315 4618 φύσεως
3345 4552 3539 4619 λόγους
3562 4553 3734 4604 κινεῖν
3756 4568 3885 4604 πανι-

608 4652 677 4689 ea
726 4637 1003 4691 sententia
1058 4638 1456 4700 conﬁrmatus.
1507 4651 1699 4708 postea
1747 4656 1843 4694 eos
1895 4640 1989 4710 qui
2038 4641 2199 4694 aliter

604 4743 776 4796 quam
806 4726 1000 4782 Nicaea:
1032 4737 1296 4783 statutum
1329 4729 1531 4796 fuerat,
1558 4731 1946 4800 Opinaren‘tnr,
1979 4748 2201 4785 aversa-

614 4829 703 4871 tus
736 4826 843 4873 est.
873 4817 1276 4876 Contentiones
1309 4824 1364 4877 in
1412 4823 1532 4877 foro
1565 4835 1622 4879 et
1659 4825 1854 4879 inanes
1888 4835 2200 4878 conventus

611 4910 857 4965 inhibuit
889 4914 989 4981 (1),
1024 4914 1494 4984 disputationibus
1525 4918 1592 4972 de
1628 4916 1737 4973 Deo
1762 4927 1820 4972 et
1849 4928 2046 4972 natura
2072 4920 2193 4989 ejus

610 5004 778 5058 [luem
826 5010 1055 5064 omnino
1104 5011 1408 5080 imposuit:
1442 5021 1498 5066 et
1539 5013 1937 5067 constitutione
1979 5014 2198 5082 publice

610 5100 918 5167 proposita,
954 5103 1256 5171 periculum
1294 5106 1387 5173 qui
1432 5106 1480 5158 ei
1521 5122 1631 5159 non
1667 5115 1943 5174 parerent,
1984 5108 2191 5161 denun-

2308 4644 2549 4696 τὰπασιν
2571 4643 2802 4697 ἔπαυσε.
2838 4644 2947 4695 Καὶ
2964 4642 3130 4713 νόμον
3158 4644 3203 4696 δ’
3230 4646 3321 4696 ἐπὶ
3354 4644 3523 4714 μέσου
3556 4646 3765 4713 ὁρίσας,
3786 4645 3882 4696 οἰκ

2308 4738 2596 4791 ἀκίνδυνον
2631 4739 2866 4791 ἐποιεῖτο
2894 4737 2986 4790 τὸν
3017 4739 3093 4808 μὴ
3124 4738 3464 4805 φυλάττοντα
3486 4754 3499 4767 ·
3527 4738 3881 4807 προσηπείλει

2314 4831 2503 4900 μέντοι
2537 4833 2632 4884 καὶ
2669 4832 2941 4901 τιμωρίαν
2971 4831 3204 4899 ἐπάγειν
3256 4830 3333 4901 τῷ
3368 4830 3637 4900 τολμητῇ.
3668 4830 3882 4894 Ἑξελα-

2312 4923 2520 4975 Οέντων
2572 4923 2617 4975 δ’
2649 4923 2903 4975 ἐντεῦθεν
2936 4923 3240 4993 Ἀρειανῶν
3272 4940 3333 4976 τε
3370 4924 3463 4975 καὶ
3511 4920 3877 4991 Εὑνομιανών,

2310 5019 2356 5069 οἱ
2385 5018 2483 5085 τῆς
2516 5016 2814 5085 ὁμοουσίου
2856 5014 3093 5077 πίστεως
3127 5015 3235 5067 τῶν
3280 5013 3589 5083 ἐκκλησιῶν
3617 5013 3879 5084 κατεκρά-

2308 5126 2502 5178 τησαν.

610 5195 800 5256 tiavit.
837 5212 1053 5266 poenam
1104 5200 1152 5254 ei
1185 5217 1409 5274 quoque
1444 5204 1537 5272 qui
1579 5215 1770 5258 contra
1806 5205 1995 5260 venire
2067 5225 2237 5266 ausus
2274 5219 2441 5270 esset,
2471 5208 2865 5262 comminatus.
2932 5208 3009 5261 Ita
3044 5208 3273 5275 factum,
3304 5217 3362 5263 nt
3394 5208 3611 5263 Arianis
3633 5218 3687 5262 et
3712 5208 3879 5261 Ειιιιοο

613 5291 816 5345 mianis
852 5294 1045 5362 pulsis,
1076 5297 1170 5351 τοῦ
1219 5299 1535 5366 ὁμοουσίου,
1585 5299 2101 5367 consubstantialis,
2152 5305 2280 5361 tldei
2322 5306 2664 5375 professores
2691 5304 2959 5359 ecclesias
2986 5305 3436 5359 moderarentur.

685 5438 763 5509 (I)
790 5437 1133 5499 Theodosius
1153 5445 1516 5499 conventibus
1537 5445 1769 5514 publicis
1796 5456 1958 5501 secta:
1980 5446 2194 5501 Arianae
2234 5449 2537 5511 interdicit,
2566 5450 2603 5503 Ι.
2639 5466 2674 5503 ιι
2705 5448 2765 5502 C.
2806 5449 2877 5502 De
2909 5466 3050 5503 sum.
3075 5448 3218 5504 Trin.
3252 5459 3299 5502 et
3327 5447 3425 5516 ﬁd.
3455 5450 3595 5502 cat/3.
