4062 6430
349 359 454 422 773

957 470 1208 524 ΚΕΦΑΛ.
1251 469 1308 523 l'.

348 567 485 632 Περὶ
516 566 625 634 τῆς
647 565 818 633 ἁγίας
843 564 1140 634 ,δευτέρας
1162 560 1584 634 οίκσυμενικῆς
1609 557 1875 634 συνόδου
1898 574 1912 589 υ

420 630 457 705 ἦ
493 630 582 701 ὃίιή
604 630 859 701 σπουδῇ
891 630 1553 705 Θεσδοσίρυᾼβασιλέως
1602 630 1700 705 καὶ
1729 632 1915 705 Μελε-

418 698 682 762 έίουτοῦ
707 698 1070 771 Ἀντιοχείας
1099 701 1177 765 τῷ
1205 702 1601 769 Θεολόγῳτὴν
1627 698 1735 765 τῆς
1759 702 1915 751 Κων-

417 779 745 832 σταντίνου
773 774 1123 838 ἐπισκοπὴν
1147 772 1535 849 ἐνεχείρισεν.

422 892 520 945 Διά
545 909 626 944 τοι
653 890 833 947 τοῦτο,
869 888 992 941 ὅσον
1021 887 1186 956 τάχος
1222 884 1317 937 καὶ
1354 884 1572 937 σύνοδον
1600 875 1919 937 ἐπισκόπων

348 989 403 1047 ἐς
432 983 599 1038 ταυτδ
641 979 918 1034 συνελθεῖν
957 978 1142 1030 ἐκάλει
1182 979 1246 1030 ὲκ
1294 976 1465 1047 μόνης
1494 976 1592 1043 τῆς
1636 976 1727 1027 ὑπ’
1755 975 1918 1028 αὑτὸν

347 1078 681 1148 ἀρχομένης,
713 1073 855 1127 ὥστε
889 1073 954 1125 τὰ
984 1074 1041 1123 ἐν
1066 1071 1272 1141 Νικαίᾳ
1300 1070 1532 1137 δόξαντα
1577 1068 1877 1136 βεϐαιῶσαι
1901 1083 1915 1098 ⁶

344 1167 739 1236 διασκέψασθαί
761 1183 819 1217 τε
849 1165 941 1217 καὶ
966 1159 1008 1232 ᾧ
1040 1166 1311 1233 προσήκει
1346 1163 1439 1214 τὸν
1488 1164 1589 1232 τῆς
1627 1163 1922 1214 Κωνστανη

345 1265 493 1318 τίνου
544 1261 851 1332 ἐγχειρίσαι
900 1259 1113 1327 θρόνον.
1172 1257 1433 1325 Οἰόμενος
1467 1254 1521 1306 δὲ
1569 1253 1703 1323 πρὸς
1738 1252 1920 1319 ἰσχύος

347 1354 486 1408 εἶναι
528 1356 655 1415 τοὺς
690 1354 796 1405 ἀπὸ
841 1348 1176 1404 Μακεδονίου
1225 1352 1289 1417 τῇ
1339 1346 1571 1401 καθόλου
1620 1343 1922 1412 Ἐκκλησία

348 1446 568 1507 ἑνῶσαι,
600 1442 722 1494 ἐπεί
784 1442 958 1507 τοίγε
1010 1440 1072 1493 οὐ
1109 1441 1251 1492 πάνυ
1299 1456 1350 1491 τι
1417 1438 1553 1490 πολὺ
1611 1436 1922 1502 διεφέροντο

351 1536 493 1589 κατὰ
516 1536 576 1586 τὸ
607 1534 797 1586 δοκοῦν
823 1533 949 1600 περὶ
991 1530 1127 1583 Θεοῦ
1173 1530 1424 1598 ἐκατέρῳ
1461 1530 1789 1598 συστήματι,
1826 1526 1921 1579 καὶ

347 1627 571 1689 τούτους
603 1626 679 1686 εἰς
709 1625 807 1692 τὴν
848 1624 1064 1675 σύνοδον
1101 1618 1507 1691 μετεστέλλετο.
1549 1620 1659 1672 Καὶ
1690 1619 1753 1683 δὴ
1800 1634 1925 1668 συν⁴

349 1719 512 1791 ἦλθον
542 1719 650 1771 ἀπὸ
691 1722 787 1785 μὲν
819 1716 926 1767 τῶν
972 1716 1255 1784 ὁμουύσιον
1291 1711 1669 1783 κηρυττόντων
1714 1708 1921 1777 Τριάδα

1234 347 1833 411 ECCLESlASTlC/E
1874 340 2268 407 HISTORIA‘.I
2307 340 2459 405 LIB.
2504 338 2653 404 ΧΗ.

3495 328 3598 390 774

2618 452 2844 511 CAPUT
2884 451 2953 507 Χ.

2018 552 2097 606 De
2122 562 2307 606 sancta
2337 553 2565 605 secunda
2614 544 2901 601 uniuersali
2925 541 3150 613 synodo,
3175 555 3292 613 qius
3317 536 3598 613 Tneodosii

2088 625 2421 690 imperatoris
2454 631 2500 674 et
2557 618 2757 673 Meletii
2799 608 3026 690 episcopi
3069 608 3378 690 Antiocheni
3421 608 3595 690 stadio

2089 702 2137 745 et
2159 677 2337 762 opera.
2372 677 3012 762 Constantinopolitanum
3050 683 3408 752 episcopatum
3428 677 3595 731 Theo-

2093 760 2206 831 logo
2226 760 2589 814 demandarit.
2915 779 2924 785 -

2093 875 2330 931 Proinde
2378 874 2557 943 primo
2595 885 2816 942 quoque
2860 879 3106 938 tempore
3148 863 3418 936 synodum
3458 875 3598 930 quo-

2021 984 2128 1039 que
2186 968 2573 1036 episcoporum
2627 967 2925 1031 imperator
2969 962 3023 1014 in
3073 960 3252 1013 locum
3303 970 3495 1017 unum,
3531 969 3600 1007 ex

2024 1061 2239 1127 imperii
2285 1059 2365 1113 sui
2408 1056 2714 1127 provinciis
2748 1057 3040 1117 duntaxat,
3082 1049 3378 1105 convenire
3413 1047 3597 1117 jussit,

2022 1154 2086 1207 ad
2118 1153 2337 1207 Nicarna
2368 1152 2593 1204 decreta
2624 1146 3000 1203 conﬁrmanda
3036 1162 3050 1201 :
3083 1152 3249 1211 atque
3282 1152 3341 1195 ut
3371 1138 3597 1202 ibidem,

2025 1247 2244 1299 cuinam
2287 1242 2915 1311 Constantinopolitanae
2955 1236 3214 1292 Ecclesia:
3255 1233 3414 1288 sedes
3446 1246 3600 1283 com—

2024 1318 2291 1391 mittenda
2342 1344 2513 1399 esset,
2543 1333 2968 1386 deliberaretur.
3002 1327 3158 1394 Quod
3203 1334 3384 1378 autem
3425 1321 3602 1375 Mace-
3654 1313 3658 1317 ’

2024 1432 2293 1484 donianos
2324 1427 2624 1482 universali
2660 1424 2918 1479 Ecclesiae
2948 1418 3229 1492 aggregari
3261 1428 3424 1485 atque
3452 1414 3600 1467 uniri

2026 1537 2185 1590 posse
2236 1522 2602 1583 existimaret,
2649 1518 2779 1586 quia
2829 1530 2940 1569 nou
2993 1510 3291 1567 admodum
3343 1508 3603 1577 opinione

2031 1630 2129 1668 sua
2165 1613 2231 1667 de
2263 1613 2398 1677 Deo,
2425 1612 2492 1665 ab
2534 1620 2766 1679 utraque
2804 1617 2958 1677 parte
2987 1618 3042 1660 et
3072 1596 3334 1667 factione,
3371 1598 3604 1653 disside-

2028 1705 2181 1767 bant,
2212 1719 2308 1758 eos
2335 1718 2555 1771 quoque
2589 1703 2657 1755 ad
2700 1708 3037 1755 conventum
3070 1693 3347 1750 evocavit.
3378 1691 3444 1744 Et
3473 1705 3604 1744 con-

349 1782 491 1880 ἀμφὶ
539 1782 737 1863 ἑκατόν
775 1807 870 1861 καὶ
915 1782 1261 1875 πεντήκοντα
1286 1821 1300 1836 ·
1339 1782 1577 1874 θατέρας
1612 1804 1668 1857 δὲ
1722 1803 1919 1873 μοίρας

2026 1807 2296 1852 venerunt
2325 1797 2394 1851 ab
2422 1796 2505 1850 eis
2538 1794 2632 1864 qui
2662 1793 2994 1847 Trinitatem
3020 1787 3339 1855 ὀμοούσιον,
3366 1782 3605 1837 consub-

355 1906 410 1970 ἒξ
437 1905 531 1957 καὶ
557 1901 849 1968 τριάκοντα
876 1894 1040 1968 ἦσαν,
1070 1898 1130 1962 ἐξ
1168 1897 1566 1964 Ἑλλησπόντου
1602 1896 1653 1946 οἰ
1699 1894 1921 1955 πλείους

352 1999 518 2059 ὄντες.
558 1996 778 2049 Τούτων
806 1994 861 2047 δὲ
887 1992 1231 2062 προεστῶτες
1260 1987 1398 2060 ἦσαν
1434 1987 1712 2048 Ἐλεύσιος
1742 1989 1769 2038 ό
1804 1988 1917 2039 Κυ-

351 2091 525 2153 ζίκου,
564 2090 657 2140 καὶ
696 2086 1010 2155 Μαρκιανὸς
1033 2087 1060 2135 ὁ
1087 2084 1399 2153 Λαμψάκου
1423 2098 1439 2112 ο
1474 2082 1580 2134 τῶν
1602 2080 1657 2131 δὲ
1698 2078 1797 2146 τῆς
1829 2095 1923 2130 κα-

351 2182 508 2235 θόλου
543 2181 870 2250 Ἐκκλησίας
905 2178 1168 2246 Τιμόθεος
1200 2179 1226 2229 ὁ
1267 2178 1365 2246 τῆς
1398 2175 1753 2242 Ἀλεξάνδρου
1802 2174 1922 2224 δια-

349 2274 642 2344 δεξάμενος
677 2272 766 2326 τόν
802 2272 1029 2339 ἀδελφὸν
1068 2273 1292 2340 Πέτρον,
1324 2270 1415 2321 τὸν
1460 2270 1556 2335 τῆς
1593 2266 1921 2321 Ἀθανασίου

350 2367 645 2437 προεδρίας
667 2365 1004 2436 κληρονόμον
1037 2364 1328 2433 γενόμενον
1351 2379 1365 2392 ·
1394 2361 1653 2423 Μελέτιός
1683 2377 1742 2411 τε
1772 2359 1800 2411 ό
1823 2359 1923 2426 τῆς

364 2459 642 2528 Ἀντιόχου
674 2458 994 2519 ἐπίσκοπος,
1031 2457 1131 2525 ήδη
1173 2455 1439 2524 πρότερον
1468 2453 1554 2506 διὰ
1581 2451 1679 2521 τὴν
1713 2451 1751 2502 Γ
1759 2466 1924 2520 ρηγο-

354 2552 477 2620 ρίου
536 2548 875 2603 κατάστασιν
940 2547 1038 2616 τὴν
1095 2540 1513 2600 Κωνσταντίνου
1561 2542 1919 2595 καταλαϐὡνο

355 2651 449 2697 καὶ
482 2646 510 2697 ό
537 2646 645 2695 τῶν
689 2640 1079 2712 Ἱεροσολύμων
1114 2638 1403 2709 Κύριλλος,
1436 2637 1745 2707 μετάμελος
1773 2652 1926 2704 τηνι-

353 2735 536 2790 καῦτα
560 2736 856 2803 γενόμενος
885 2750 897 2762 ·
935 2734 1033 2802 τὴν
1059 2732 1169 2801 γὰρ
1197 2729 1532 2785 Μακεδονίου
1567 2728 1726 2795 δόξαν
1748 2729 1926 2798 ⁴ἠσπά-

354 2823 482 2889 ζετο
504 2822 772 2893 πρότερον
792 2837 807 2852 ο
831 2820 967 2890 πρὸς
986 2819 1044 2872 δὲ
1069 2819 1281 2880 τούτοις
1308 2818 1583 2887 Ἀσχόλιος
1605 2819 1632 2868 ὁ
1652 2817 1721 2870 Θε
1731 2816 1925 2869 σσαλο-

353 2917 531 2985 νίκης,
584 2915 846 2984 Διόδωρός
874 2931 935 2965 τε
989 2915 1017 2966 ό
1069 2913 1309 2982 Ταρσοῦ.
1356 2913 1452 2964 καὶ
1502 2914 1531 2965 ὁ
1582 2910 1924 2981 περιώνυμος

354 3008 614 3081 Βερῤοίας
644 2990 962 3068 ”Ακάκιος·
991 3004 1042 3058 οἳ
1094 3005 1159 3074 δὴ
1213 3006 1413 3067 πάντες
1456 3005 1557 3074 τὴν
1605 3006 1664 3055 ὲν
1716 3003 1925 3072 Νικαίᾳ

353 3101 572 3172 γραφὴν
593 3098 995 3164 ἀσπαζόμενοι,
1030 3097 1331 3166 ἐπειρῶντο
1356 3099 1480 3160 τοὺς
1507 3098 1634 3166 περὶ
1650 3096 1925 3149 Ἑλεύσιον

355 3192 538 3260 σφίσιν
594 3189 971 3261 ὁμοφρονῆσαι
998 3204 1013 3220 ο
1044 3183 1177 3260 ἦγόν
1201 3205 1259 3241 τε
1296 3190 1377 3250 εἰς
1436 3188 1659 3259 μνήμην
1689 3187 1787 3258 τὴν
1840 3189 1921 3251 εἰς

352 3284 605 3354 Λιϐέριον
631 3283 816 3344 αὐτοῖς
848 3281 1150 3348 γενομένην
1195 3280 1515 3350 πρεσϐείαν,
1547 3281 1607 3333 ὲν
1640 3273 1784 3352 ᾖδιὰ
1809 3279 1920 3332 τῶν

351 3374 481 3445 περὶ
514 3372 809 3426 Εὑστὰθιόν
837 3388 896 3424 τε
934 3374 1028 3427 καὶ
1085 3371 1343 3427 Σιλΰανδν
1371 3373 1471 3440 τὴν
1497 3373 1554 3424 ἐν
1584 3370 1793 3441 Natat;
1826 3371 1920 3424 πί·-

354 3462 473 3519 στιν
506 3464 759 3535 στέργειν
791 3464 1079 3519 συνέθεντο
1103 3480 1116 3494 ’
1152 3464 1385 3533 ἑκουσίῳ
1412 3482 1472 3517 τε
1506 3466 1704 3538 γνώμῃ
1740 3464 1920 3536 χρόνῳ

352 3559 535 3628 πολλῷ
561 3559 878 3629 ἀδιάκριτον
904 3555 1051 3630 εἶχον
1072 3561 1173 3631 τὴν
1202 3561 1489 3616 κοινωνίαν
1511 3577 1526 3592 ο
1558 3559 1839 3630 παρῄνουν
1862 3577 1922 3614 τε

353 3654 430 3722 μὴ
484 3652 673 3706 δίκαια
734 3653 1033 3723 πράττειν,
1099 3653 1357 3720 καθάπαξ
1410 3653 1508 3724 τὴν
1560 3656 1920 3723 ὁμογνώμονα

349 3751 536 3801 πίστιν
564 3744 1008 3821 προσειληφότας
1050 3746 1295 3817 θερμῶς,
1343 3746 1501 3810 αὖθις
1535 3745 1822 3815 ἀφανίζειν
1852 3746 1923 3799 τὰ

350 3833 535 3897 καλῶς
566 3835 751 3898 αὐτοῖς
775 3834 1115 3903 ἐγνωσμένα.
1159 3836 1222 3888 0!
1254 3835 1300 3889 δ’
1331 3838 1389 3890 ἐν
1443 3837 1684 3907 δευτέρῳ
1717 3837 1788 3890 τὰ
1808 3837 1921 3891 τῶν

348 3921 729 3994 παραινέσεων
767 3923 1010 3994 θέμενοι,
1042 3926 1144 3996 τὴν
1186 3926 1404 3999 Ἀρείου
1432 3927 1593 3993 δόξαν
1632 3928 1921 3999 κρείττονα

347 4013 595 4078 νομίζειν
625 4014 875 4077 εἰπόντες
909 4016 1236 4085 ἀναφανδὸν,
1275 4018 1368 4072 καὶ
1405 4019 1479 4088 μή
1516 4036 1651 4072 ποτε
1681 4019 1920 4072 καταδέκ-

2023 1889 2361 1953 stantialem,
2400 1886 2723 1956 praedicant,
2755 1884 2980 1939 circiter
3003 1889 3227 1936 centum
3247 1888 3304 1931 et
3330 1876 3604 1946 quinqua-
3657 1928 3661 1930 γ

1996 1984 2178 2057 ⁴ςίιιιιιι
2212 2001 2224 2035 :
2258 1983 2488 2036 alterius
2531 1991 2711 2053 autem
2753 1988 2917 2034 secta
2964 1977 3182 2046 triginta
3225 1983 3281 2027 et
3321 1986 3436 2033 sex,
3467 1983 3606 2038 quo-

2024 2091 2150 2129 rum
2197 2077 2385 2144 plures
2427 2091 2495 2130 ex
2538 2076 2893 2143 Hellesponto
2931 2080 3110 2126 erant.
3161 2069 3257 2123 llis
3302 2066 3605 2137 praeibam,

2024 2169 2287 2223 Eleuzius
2339 2168 2666 2237 Cyzicenus,
2708 2176 2765 2221 et
2810 2166 3122 2221 Marcianus
3171 2163 3601 2230 Lampsacenus.

2025 2260 2175 2314 Inter
2237 2260 2543 2313 catholicos
2596 2258 2857 2328 praecipui
2911 2264 3094 2319 erant,
3136 2253 3462 2308 Timetheus
3507 2248 3603 2318 qui

2023 2353 2373 2408 Alexandriae
2404 2353 2456 2404 in
2492 2352 2684 2407 locum
2705 2351 2852 2405 Petri
2886 2349 3074 2403 fratris
3105 2347 3214 2407 sui,
3240 2342 3605 2414 ejusdeurque

2023 2446 2312 2502 Athanasii
2346 2445 2712 2507 successoris,
2739 2443 3075 2510 subrogatus
3109 2439 3320 2502 fuerat;
3353 2435 3603 2489 Meletit-s

2025 2541 2329 2595 Antiochiae
2377 2539 2693 2607 episcopus,
2727 2536 2822 2605 qui
2874 2534 3088 2604 pridem
3138 2529 3387 2599 Gregorii
3437 2539 3605 2582 causa

2024 2630 2556 2699 Constantinopolim
2581 2638 2844 2684 venerat:
2868 2637 2923 2682 et
2947 2622 3480 2694 llierosolytnitanus
3502 2620 3606 2687 Cy»

2028 2727 2211 2788 rillus,
2236 2725 2329 2792 qui
2357 2739 2483 2778 cum
2512 2733 2677 2779 antea
2703 2721 3003 2777 Macedonii
3033 2719 3351 2789 opinionem
3379 2725 3605 2772 secutus

2028 2819 2243 2883 fu‘sset,
2277 2829 2389 2872 tum
2421 2832 2517 2887 per
2547 2814 2927 2884 paenitentiam
2955 2812 3297 2881 resipuerat;
3336 2819 3605 2880 praeterea

2027 2911 2324 2968 Ascholius
2358 2908 2791 2973 Thessalonicae,
2820 2906 3094 2961 Diodorus
3118 2903 3299 2965 Tarsi,
3329 2911 3386 2956 et
3417 2901 3609 2956 claris-

2028 3004 2205 3056 simus
2258 3001 2352 3055 ille
2409 3001 2643 3054 Aeacius
2698 2999 3010 3061 Berrhoeae,
3062 2996 3332 3066 episcopi.
3382 2997 3419 3048 li
3471 3005 3605 3045 sane

2030 3110 2225 3151 omnes
2250 3096 2303 3149 in
2331 3093 2568 3148 Nicaenis
2593 3092 2831 3148 decretis
2855 3092 3293 3161 acquiescentes,
3324 3087 3610 3143 Eleusium

1977 3175 1989 3190 ⁸
2023 3199 2076 3268 et
2110 3188 2404 3258 populares
2426 3187 2544 3257 ejus
2571 3187 2625 3239 in
2655 3188 2985 3241 sententiam
3012 3199 3166 3239 suam
3198 3183 3476 3237 adducere
3504 3195 3604 3236 co-

2021 3282 2297 3337 nabantur
2326 3298 2341 3335 :
2372 3280 2428 3334 in
2457 3279 2779 3333 memoriam
2811 3279 2895 3334 eis
2944 3279 3291 3348 redigentes,
3337 3292 3502 3346 quam
3535 3275 3603 3329 ad

2021 3372 2306 3428 Liberium
2355 3373 2620 3428 miserant
2659 3373 3014 3439 legationem,
3042 3371 3097 3424 in
3129 3385 3238 3439 qua
3275 3384 3372 3437 per
3406 3369 3605 3423 Eusta-

2025 3467 2239 3530 thium,
2288 3464 2621 3536 Sylvanum,
2670 3475 2727 3521 et
2773 3464 3182 3533 TheOpbilum,
3221 3478 3281 3518 se
3324 3461 3613 3516 Nicenam-

2024 3558 2186 3612 ﬁdem
2232 3568 2529 3612 secuturos
2581 3558 2918 3626 receperint.
2971 3556 3136 3628 239
3196 3556 3335 3610 Tum
3383 3563 3601 3618 autem,

2022 3652 2167 3718 quod
2211 3666 2308 3704 sua
2350 3651 2593 3713 ipsorum
2625 3650 2929 3715 voluntate,
2965 3649 3128 3717 longo
3159 3657 3407 3717 tempore
3440 3663 3499 3702 se
3532 3647 3605 3700 ab

2021 3758 2216 3798 eorum
2253 3742 2645 3798 communione
2679 3757 2789 3796 non
2825 3749 3210 3811 segregassent
3244 3755 3259 3793 :
3303 3754 3414 3794 non
3456 3751 3605 3794 recte

2021 3848 2120 3889 eos
2142 3832 2325 3889 facere
2354 3832 2626 3895 dicentes,
2655 3847 2779 3886 cum
2809 3831 2979 3887 semel
3013 3831 3377 3902 ﬂagrantibus
3402 3831 3637 3895 animis

2020 3926 2270 3982 eamdem
2304 3941 2428 3980 cum
2464 3925 2545 3979 eis
2575 3925 2737 3980 tidem
2766 3925 3133 3994 susceperint,
3162 3924 3309 3994 quod
3342 3924 3415 3978 ita
3450 3935 3612 3981 recte

2022 4018 2090 4073 ab
2137 4018 2218 4071 eis
2261 4017 2560 4071 constituta
2598 4032 2821 4071 rursum
2870 4016 3245 4086 antiquarent.
3287 4015 3359 4070 At
3390 4016 3465 4069 illi
3505 4033 3601 4071 eo-

347 4102 544 4167 ξασθαι
600 4103 893 4172 όμοούσιον
925 4105 1003 4174 τῷ
1057 4108 1233 4175 Πατρὶ
1260 4108 1354 4160 τὸν
1401 4109 1527 4162 Υίὸν
1557 4111 1832 4175 ἀνειπεῖν,
1868 4110 1918 4163 εἰ

2023 4106 2340 4161 hortatione
2378 4107 2470 4159 tali
2511 4118 2717 4171 spreta,
2748 4123 2872 4163 cum
2909 4116 3098 4176 aperte
3131 4107 3247 4162 Arii
3282 4108 3599 4176 opinionem

345 4196 441 4248 καὶ
485 4196 746 4250 τάναντία
777 4197 912 4267 πρὸς
963 4198 1220 4268 Λιὸἐριον
1260 4196 1440 4263 εἷπον,
1471 4200 1882 4271 ἀπηλλάττοντο
1903 4217 1916 4230 ’

2021 4198 2226 4267 judicio
2257 4213 2358 4251 suo
2395 4197 2679 4253 meliorem
2713 4201 2954 4263 censeri,
2987 4215 3167 4268 neque
3199 4216 3441 4269 unquam
3482 4201 3603 4256 fore

345 4290 577 4351 καὶτοῖς
610 4290 752 4343 κατὰ
777 4290 931 4343 πόλιν
961 4291 1030 4342 τά
1054 4291 1145 4344 ἴσα
1183 4292 1476 4361 φρονοῦσιν
1509 4296 1772 4364 ἔγραφον,
1819 4313 1921 4366 μη.

2023 4300 2084 4344 ut
2125 4289 2271 4344 Patri
2295 4289 2493 4343 Filium
2536 4290 2846 4358 ὀμοσύσιον,
2890 4293 3447 4358 consubstantialem,
3477 4310 3601 4349 esse

344 4378 532 4448 δαμῶς
568 4380 668 4450 τὴν
700 4381 758 4432 ὲν
805 4380 1014 4450 Νικαίᾳ
1049 4383 1232 4435 πίστιν
1284 4384 1705 4451 προσδέξασθαι.
1757 4389 1820 4441 Oi
1862 4388 1919 4441 δὲ

2023 4381 2351 4445 faterentur,
2396 4383 2651 4451 quamvis
2685 4383 2845 4437 aliter
2878 4383 3097 4438 Liberio
3130 4384 3361 4452 polliciti
3393 4396 3599 4449 essent,

345 4468 442 4536 τῆς
476 4469 710 4522 καθόλου
762 4471 1088 4535 Ἐκκλησίας
1122 4475 1528 4541 ἐπιμείναντες,
1561 4481 1688 4547 περὶ
1730 4497 1915 4549 χειρο-

2022 4475 2315 4539 dixissent,
2356 4476 2734 4531 discesserunt
2761 4494 2774 4528 :
2806 4487 2861 4530 et
2892 4477 2957 4531 ad
2996 4477 3250 4531 factionis
3284 4492 3395 4532 sua:
3425 4494 3600 4547 ροίιιιη

343 4561 529 4623 τονίας
562 4562 863 4625 ἐπισκόπου
911 4566 976 4634 τῇ
1017 4566 1433 4621 Κωνσταντῑνου
1481 4570 1677 4641 βουλὴν
1704 4573 1919 4626 διεσκέ-

2024 4569 2187 4633 lares,
2215 4569 2533 4638 ubicunque
2567 4569 2620 4623 in
2657 4571 2889 4627 urbibus
2924 4582 3133 4633 essent,
3162 4580 3220 4624 ut
3251 4587 3597 4641 nequaquam

346 4669 562 4706 πτοντο,
580 4653 809 4719 Λέγεται
832 4654 887 4707 δὲ
916 4659 1007 4708 τὸν
1038 4656 1264 4724 βασιλέα
1290 4659 1375 4714 διὰ
1402 4659 1682 4730 θαύματος
1700 4664 1843 4717 κατά
1860 4683 1918 4718 τε

346 4743 459 4807 βίον
488 4744 581 4801 κα¹ι
593 4746 767 4814 λόγων
789 4749 1111 4810 περιουσίαν
1145 4750 1470 4819 ποιούμενον
1490 4753 1584 4808 τὸν
1596 4755 1918 4827 Γρηγόριον,

341 4834 552 4892 ἐκεῖνον
575 4841 792 4910 πρῶτον
805 4841 955 4905 ἄξιον
974 4842 1071 4913 τῆς
1087 4844 1354 4915 καθέδρας
1374 4846 1720 4916 ψηφίσασθαι
1739 4867 1753 4882 ⁸
1781 4869 1846 4905 συ
1856 4870 1922 4921 μ-

341 4930 560 4999 ψήφους
572 4929 629 4983 δὲ
647 4930 743 4984 καὶ
771 4931 871 5000 τὴν
894 4931 1114 4987 σύνοδον
1141 4935 1285 5004 μάλα
1303 4937 1582 5004 γενέσθαι,
1600 4943 1699 5010 τῆς
1714 4943 1921 5012 ἀρετῆς

341 5022 699 5094 αἰδουμένους
725 5025 817 5077 τὸν
857 5024 1052 5096 ἄνδρα.
1080 5027 1336 5082 Μάλιστα
1364 5030 1421 5084 δὲ
1440 5032 1659 5086 πάντων
1677 5033 1753 5104 τῷ
1791 5036 1921 5104 θείῳ

343 5115 592 5185 Μελετίῳ
612 5115 723 5170 δεῖν
748 5117 926 5171 ἐδόκει
951 5118 1028 5189 τῷ
1054 5119 1342 5192 Γρηγορίῳ
1377 5123 1476 5194 τὴν
1504 5126 1603 5194 τῆς
1633 5128 1922 5181 Κωνσταν-

342 5207 492 5259 τίνου
518 5209 822 5280 ἐπισκοπὴν
854 5209 1131 5279 βεϐαιοῦν.
1178 5215 1265 5267 Ἐν
1295 5215 1539 5288 δευτέρῳ
1566 5219 1676 5287 γὰρ
1707 5220 1798 5272 τδν
1822 5222 1919 5290 τῆς

348 5299 699 5368 μεταθέσεως
713 5303 949 5356 ἐποιεῖτο
972 5306 1193 5372 κανόνα,
1209 5309 1548 5377 αἰτιωμένων
1566 5311 1750 5367 τινῶν.
1763 5314 1920 5385 ’ῌδει

343 5388 454 5459 γὰρ
485 5391 732 5461 ἀκριϐῶς
760 5396 787 5447 ό
820 5393 1118 5465 θεόληπτος
1150 5399 1240 5449 τὸν
1266 5398 1375 5452 τῶν
1406 5403 1615 5454 ἐκεῖνον
1642 5404 1920 5473 γεγραφό-

344 5498 454 5535 των
485 5483 707 5537 σκοπόν.
742 5485 808 5538 Ἦ
835 5488 943 5557 γὰρ
969 5487 1185 5552 σύνοδος
1220 5491 1431 5563 ἐκείνη,
1462 5493 1560 5555 τὰς
1598 5497 1697 5564 τῆς
1723 5497 1921 5565 φιλαρ-

418 5616 1151 5709 Asozomllibtvguligcap.
1191 5614 1593 5709 7,7catlto'l'i‘eos
1632 5628 1920 5709 episcopos

345 5697 678 5767 convocatos
703 5703 825 5744 esse
855 5691 1049 5745 scribit
1077 5706 1180 5767 :_e_x
1211 5695 1425 5767 imperii
1457 5691 1754 5752 Theodosii
1797 5691 1922 5766 p'ro-

345 5758 544 5813 vinciis
572 5758 858 5825 duntaxat,
889 5776 999 5816 non
1033 5761 1204 5817 addit.
1255 5758 1320 5819 Εἰ
1356 5767 1598 5833 synodus
1638 5768 1752 5824 haec
1778 5758 1922 5824 Con-

2021 4660 2294 4715 Niczenam
2329 4662 2486 4715 tidem
2519 4663 3041 4731 corripieeterentur,
3068 4664 3281 4718 litteras
3304 4665 3593 4720 dederunt.

2022 4752 2126 4818 Qui
2163 4769 2293 4807 vero
2326 4740 2401 4807 ab
2434 4755 2735 4825 universali
2779 4755 3026 4810 Ecclesia
3074 4755 3316 4816 stabant,
3356 4757 3430 4810 ibi
3482 4774 3599 4811 ma-

2025 4855 2242 4909 nentes,
2281 4845 2349 4900 de
2380 4847 2635 4916 eligendo
2680 4845 3291 4915 Constantinopolitano
3333 4851 3605 4919 episcopo-

2022 4937 2313 5007 consilinm
2349 4938 2645 4992 habebant.
2679 4938 2747 4992 Et
2775 4939 2989 5006 primus
3022 4938 3097 4993 ibi
3135 4939 3433 5008 imperator
3461 4941 3601 4996 Grc-

2022 5029 2262 5101 gorium,
2293 5040 2519 5101 propter
2549 5031 2718 5086 vitam
2754 5041 2809 5087 et
2839 5031 3207 5086 eruditionem
3244 5043 3596 5100 praestantem

2022 5124 2348 5190 admiratus,
2384 5124 2613 5195 dignum
2665 5126 2817 5181 illum
2850 5140 2917 5180 ea
2954 5127 3085 5181 sede
3126 5126 3340 5181 calculo
3376 5142 3476 5182 suo
3503 5128 3604 5195 ju—

2022 5215 2237 5272 dicasse
2271 5216 2498 5272 dicitur.
2529 5217 2646 5285 Qua
2683 5219 2736 5272 in
2770 5233 2829 5273 re
2861 5217 3106 5289 synodus
3140 5219 3215 5283 ei,
3249 5219 3394 5288 quod
3426 5220 3608 5272 virtu-

2024 5321 2130 5366 tem
2169 5311 2291 5381 ejus
2322 5311 2424 5364 viri
2456 5320 2828 5377 revereretur,
2871 5311 3167 5381 suffragata
3212 5322 3316 5367 est.
3374 5312 3603 5367 Potissi-

2022 5420 2170 5457 mum
2225 5418 2354 5458 vero
2402 5403 2530 5458 divo
2575 5404 2677 5472 ipsi
2726 5405 2945 5458 Meletio
2984 5406 3294 5468 videbatur,
3332 5402 3607 5473 Gregorio:

2020 5496 2654 5567 ConstantinOpiitanum
2715 5500 3095 5567 episcopatum
3153 5497 3604 5550 COIIﬁl‘ma‘lthIII

2022 5634 2399 5758 lstantinoplt‘ijli,
2431 5635 2588 5691 sicuti
2620 5636 2867 5706 plerique
2887 5650 3083 5689 omnes
3114 5633 3361 5701 tradunt,
3384 5643 3465 5689 est
3510 5649 3607 5686 ce-

2041 5723 2067 5755 t'
2116 5716 2251 5758 rata.
2353 5746 2366 5758 .

2041 5716 2251 5759 curata.
2291 5716 2366 5761 Id.
