4062 6438
570 332 677 396 775

1795 333 2216 394 NICEI‘IIORI
2262 333 2606 393 GALLISTI

3658 402 3665 409 .
3702 346 3788 409 77h

568 459 718 509 esse,
750 443 852 497 hac
881 442 933 519 in
964 452 1120 513 parte
1156 459 1366 498 canone
1397 444 1463 498 de
1495 444 1878 514 episcoporum
1917 445 2113 497 transla

2218 496 2220 502 λ
2251 445 2373 511 χίας
2415 446 2671 513 ἀφορμὰς
2702 447 3122 516 περιτέμνουσα,
3148 448 3336 503 τοῦτον
3358 450 3577 514 ἐξέθετο,
3606 456 3791 511 πολλῶν

575 537 746 602 tione,
772 552 933 606 uitem
964 536 1212 590 nonnulli
1238 537 1523 590 consilium
1553 537 1656 590 hoc
1680 537 2150 606 reprehendentes

569 625 906 695 ohjeiebzmt,
928 627 1260 696 posthabito.
1284 627 1501 697 Optime
1520 628 1724 697 quippe
1743 627 1963 680 divinus
1988 627 2150 681 Pater

569 731 761 769 eorum
810 717 1057 769 virorum
1104 723 1344 768 mentem
1392 724 1447 768 et
1500 714 1818 777 consilium,
1853 716 1943 784 qui
1991 715 2145 769 illum

570 808 1075 878 promulgaverant,
1103 807 1342 861 tenebat.
1377 807 1634 877 Synodus
1664 824 1902 877 namque
1928 806 2017 861 illa
2046 807 2142 876 (ί),

570 907 629 951 ut
660 900 1005 953 occasionem
1038 899 1282 954 ambitus
1316 901 1369 953 in
1403 900 1652 954 ecclesiis
1684 900 2027 969 pra'eideret,
2056 915 2144 954 ca-

562 1006 763 1045 nonem
795 1007 921 1046 cum
951 1000 1335 1061 proposuerat,
1365 994 1512 1061 quod
1545 992 1716 1046 multa
1750 1001 1863 1046 tum
1897 1008 1966 1046 ex
1996 1008 2144 1047 com-

2254 536 2561 602 τηνικαῦτα
2612 539 2677 589 ἐκ
2729 538 3027 610 φιλαρχίας
3060 542 3480 611 προϐεϐηκότων
3517 549 3708 604 κακῶν.
3735 551 3788 604 Ei

2253 629 2310 683 δὲ
2352 633 2411 685 τὸ
2446 634 2733 704 φιλαρχεϊν
2764 636 2951 707 ἀπείη,
2982 638 3135 690 οὐδὲν
3179 640 3395 704 πάντως
3442 641 3499 694 τὸ
3529 644 3786 713 προσιστά-

2256 741 2436 793 μενον,
2498 726 2640 794 εἴγε
2708 729 2870 797 μόνον
2932 728 3043 797 βίος
3095 728 3128 799 ἢ
3184 732 3359 799 λόγος,
3415 733 3446 803 ἢ
3504 736 3595 786 καὶ
3644 735 3794 803 ἄμφω

2251 813 2450 879 ταῦτα,
2491 816 2602 868 τῶν
2649 818 2863 871 πολλῶν
2898 820 3212 890 ὑπεραίρων
3255 824 3433 896 ἐστίν’
3483 824 3513 894 ἢ
3547 825 3686 893 κοινή
3722 843 3793 887 τις

2253 907 2345 957 καὶ
2374 907 2609 977 μεγίστη
2661 907 2903 977 ὠφέλεια
2953 913 3018 981 τῇ
3058 912 3353 980 μεταθέσει
3378 914 3557 979 καλῶς
3586 918 3790 986 προσδοο

2252 1015 2436 1053 καται.

564 1085 862 1152 petitorum
917 1085 1212 1139 ambitiosa
1262 1086 1620 1156 prensatione
1669 1086 2055 1155 provenissent
2095 1090 2256 1144 mala.
2294 1092 2451 1157 Quod
2506 1094 2548 1149 si
2593 1096 2836 1152 ambitus
2882 1100 3121 1162 abesset,
3163 1101 3300 1157 nihil
3348 1118 3565 1171 prorsus
3601 1112 3792 1157 exstare

560 1178 939 1244 impez‘inzenli
993 1179 1230 1244 censuit,
1265 1189 1324 1233 ut
1363 1180 1525 1233 modo
1565 1181 1671 1234 vita
1716 1189 1812 1234 aut
1848 1181 2099 1237 doctrina
2136 1185 2322 1240 multis
2356 1187 2482 1242 aliis
2517 1192 2884 1258 pra'stantior,
2920 1204 3014 1248 aut
3056 1196 3220 1249 simul
3265 1207 3496 1266 utraque
3536 1198 3641 1251 haec
3672 1212 3791 1250 con-

556 1277 790 1333 starent,
822 1279 919 1324 aut
970 1274 1283 1326 communis
1317 1273 1556 1343 denique
1609 1275 1828 1344 publica
1862 1292 1987 1330 cum
2021 1293 2215 1350 magna
2270 1283 2664 1338 commoditate
2705 1285 2915 1341 utilitas
2946 1302 3046 1356 per
3083 1290 3497 1343 translationem
3533 1290 3583 1342 in
3618 1307 3791 1360 exspe-

555 1363 799 1417 ctatione
830 1372 1000 1419 esset.

1072 1457 1236 1529 240
1265 1458 1495 1515 CAPUT
1538 1460 1631 1514 x1.

563 1544 625 1600 Ut
661 1544 971 1623 Gregorius,
998 1559 1249 1616 quosdam
1283 1566 1344 1623 ea:
1372 1549 1634 1619 tEgyptiis
1673 1553 1862 1623 c/fendi
1893 1570 2133 1623 cernens,

628 1628 840 1683 propter
890 1620 1214 1687 episcopatus
1246 1621 1329 1671 sui
1382 1620 1751 1682 mutationem,
1782 1640 1875 1676 seu
1905 1620 2138 1679 transl“?

628 1696 849 1746 hanc»),
881 1689 1055 1763 sedem
1106 1689 1754 1763 Constantinopolitanom
1796 1697 2087 1763 repudiarit
2117 1714 2135 1750 :

624 1767 670 1807 et
700 1759 976 1809 concordia
1012 1760 1346 1833 ecclesiarum
1380 1762 1511 1813 nihil
1539 1762 1733 1815 habens
1772 1759 2056 1833 antiquius,
2079 1770 2134 1820 in

625 1829 896 1907 propriam
925 1830 1135 1882 redierit
1171 1832 1406 1899 patriam
1438 1847 1456 1884 .'
1497 1842 1545 1885 et
1576 1836 1640 1884 de
1670 1829 1909 1887 Maxima
1939 1834 2132 1907 Cynico

508 1952 531 1974 .
624 1898 951 1964 philosopho.

618 1987 913 2059 Gregorius
947 2005 1078 2045 sane
1131 1992 1369 2061 primum
1416 2009 1619 2050 munus
1662 1996 1974 2067 episcopale
2010 2015 2133 2054 sus-

543 2070 709 2149 cepit,
741 2091 796 2135 et
845 2082 1102 2136 thronum
1153 2086 1478 2140 conscendit
1514 2087 1829 2158 (quomodo
1862 2092 2007 2145 enim
2051 2102 2131 2147 tot

541 2182 598 2226 et
632 2182 907 2228 tantorum
934 2175 1178 2230 virorum
1200 2178 1639 2234 cohortationem
1664 2182 2046 2256 despiceret?)
2073 2197 2130 2243 et

541 2281 781 2335 gregem,
832 2283 996 2337 quem
1051 2270 1311 2339 exiguum
1369 2284 1694 2341 receptum,
1741 2274 2127 2345 frequentissi-

543 2374 692 2411 mum
729 2359 954 2424 fecerat,
998 2363 1329 2431 evangelicis
1362 2364 1688 2421 humoribus
1733 2369 1916 2437 rigans
1954 2369 2124 2437 fovit,

540 2466 750 2519 eosque
781 2453 873 2521 qui
903 2463 1054 2507 extra
1104 2454 1258 2508 illum
1309 2456 1674 2523 oberrarent,
1706 2461 2002 2515 verborum
2036 2479 2124 2518 sa-

537 2558 675 2610 gena
708 2552 896 2611 captos
942 2545 1008 2599 ad
1040 2546 1182 2601 ovile
1215 2546 1467 2602 adduxit.
1493 2548 1597 2604 Ubi
1624 2566 1757 2604 vero
1807 2553 1968 2620 paulo
1999 2564 2123 2623 post

536 2634 827 2702 quosdam,
855 2645 910 2689 et
951 2650 1048 2691 eos
1099 2638 1334 2693 maxime
1369 2639 1462 2708 qui
1505 2654 1572 2693 ex
1606 2639 1843 2712 [Egypto
1887 2645 2122 2701 advene-

540 2737 682 2788 rant,
712 2728 965 2781 electioni
989 2744 1102 2783 sua:
1137 2730 1483 2786 intercedere
1505 2772 1519 2796 ,
1554 2749 1783 2804 eamque
1815 2738 2117 2806 reprehen-

534 2820 664 2873 dere
720 2821 928 2885 sensit,
979 2825 1228 2877 oratione
1271 2825 1338 2877 ad
1389 2840 1485 2881 eos
1540 2828 1593 2883 iu
1628 2829 1825 2884 ultimo
1869 2830 2117 2900 digressu

534 2912 740 2976 habita,
768 2914 1143 2983 episcopatum
1178 2931 1397 2971 rursum
1431 2919 1710 2989 deposuit.
1758 2924 1828 2976 At
1866 2924 2016 2978 enim
2047 2925 2117 2979 ab

533 3006 648 3073 ipsa
674 3010 858 3061 statim
902 3009 1130 3079 synodo,
1163 3010 1384 3067 divinus
1425 3014 1677 3070 Meletius
1700 3016 1766 3069 ad
1793 3017 1959 3070 vitam
2018 3017 2116 3072 dtu-

528 3098 665 3152 loris
699 3113 979 3175 expertem
1013 3102 1231 3158 transiit
1257 3120 1271 3157 :
1307 3114 1363 3158 et.
1392 3121 1420 3158 a
1447 3106 1654 3173 multis,
1677 3110 1951 3179 pra-cipue
1982 3124 2113 3163 vero

2839 1473 3090 1526 ΚΕΦΑΔ.
3129 1475 3231 1529 IA'.

2252 1558 2347 1628 Ὠς
2370 1564 2493 1634 Γρη
2505 1581 2699 1634 raptor;
2724 1567 2894 1629 τινὰς
2925 1567 3400 1634 τῶν-Αἰγυπτίων
3432 1586 3578 1623 amr
3590 1571 3795 1631 δαλιζο-

2305 1632 2531 1707 μένρυς
2572 1633 2726 1707 ὀρῶν
2778 1636 2875 1687 διὰ
2930 1638 3045 1702 τὴν
3079 1632 3406 1706 μετάθεσιν
3430 1637 3626 1704 δῆθεν,
3657 1659 3789 1707 παρ-

2308 1703 2507 1776 ῃτεῖτο
2535 1706 2643 1756 τὸν
2694 1707 2932 1776 θρόνον,
2964 1703 3091 1775 τῆς(
3125 1711 3407 1776 ὁμονοίας
3458 1710 3573 1762 τῶν
3594 1703 3787 1774 62min-

2308 1772 2462 1846 ρἰῷν
2520 1775 2861 1841 φροντίζων,
2921 1772 3031 1829 καί
3070 1772 3167 1830 ἐπί
3221 1778 3336 1844 τὴν
3379 1779 3537 1832 ἰδίαν
3561 1772 3793 1846 πατρίδα

2308 1841 2602 1919 διέϐαινε·
2639 1847 2738 1897 καὶ
2796 1846 2931 1913 περὶ
2969 1848 3244 1913 Μαξίμου
3283 1841 3404 1901 ’τοῦ
3441 1841 3688 1904 Κυνικοῦ
3716 1867 3796 1919 5st-

2304 1914 2581 1982 λοσόερου
2592 1954 2604 1966 .

2305 2001 2607 2073 Γρηγὸριος
2650 2006 2705 2059 δὲ
2737 2007 2803 2060 τὰ
2842 2008 2941 2076 μὲν
2993 2008 3187 2075 πρῶτα
3239 2016 3570 2081 προστατεῖν
3609 2012 3787 2073 είλετο,

2233 2095 2326 2146 καὶ
2354 2097 2446 2147 ἐπὶ
2473 2098 2565 2149 τὸν
2599 2099 2788 2169 θρόνον
2822 2103 3080 2156 ἀνέϐαινε
3115 2106 3255 2173 (πῶς
3288 2107 3398 2177 γὰρ
3433 2106 3526 2159 καὶ
3560 2105 3787 2176 παριδεῖν

2231 2183 2376 2257 εἶχεν
2412 2189 2519 2242 ὑπὸ
2548 2194 2819 2248 τοσούτων
2846 2197 3406 2267 παρακαλούμενος);
3439 2200 3532 2252 καὶ
3575 2199 3788 2268 ποίμνην

2229 2279 2297 2349 ἢν
2330 2282 2394 2332 ἐκ
2424 2285 2670 2352 σμικρᾶς
2718 2287 2967 2357 μεγάλην
2995 2270 3194 2352 ἐποίει,
3226 2293 3318 2343 καὶ
3352 2295 3475 2354 ταῖς
3519 2292 3787 2357 εὐαγγελι-

2229 2374 2351 2434 καῖς
2381 2374 2629 2443 ἀρδείαις
2660 2377 2947 2447 ἐξέθρεψε,
2976 2382 3071 2432 καὶ
3105 2370 3232 2443 τοὺς
3270 2382 3378 2446 ἔξω
3424 2384 3787 2451 πλανωμένους

2226 2466 2290 2532 τῇ
2327 2467 2543 2539 σαγήνῃ
2575 2469 2683 2520 τῶν
2725 2470 2902 2537 λόγων
2935 2472 3277 2542 ἐζώγρησενυ
3311 2478 3441 2528 ἐπεὶ
3473 2476 3526 2528 δὲ
3555 2475 3666 2540 μετ’
3688 2473 3786 2524 ὀλί-

2225 2570 2321 2619 γον
2371 2555 2568 2625 ᾔσθετό
2618 2575 2774 2622 τινας
2813 2563 3219 2630 ἀντιλέγοντας,
3265 2567 3359 2619 καὶ
3404 2569 3633 2635 μάλιστα
3680 2569 3787 2625 τοὺς

2222 2644 2460 2714 ἥκοντας
2486 2650 2544 2715 ἐξ
2578 2652 2877 2721 Αίγύπτου,
2904 2659 2993 2709 τὸν
3015 2662 3417 2728 συντακτήριον
3436 2660 3616 2722 αὐτοῖς
3638 2673 3785 2728 προσ·

2223 2736 2503 2805 φωνήσας,
2557 2738 2714 2803 αὖθις
2746 2742 2843 2813 τὴν
2898 2746 3205 2818 ἐπισκοπὴν
3236 2753 3557 2822 παρῃτεῖτο.
3587 2751 3665 2811 Ὠς
3692 2747 3786 2815 γάρ

2224 2826 2366 2893 μετά
2391 2827 2491 2897 τὴν
2520 2830 2742 2884 σύνοδον
2769 2835 2864 2887 καὶ
2890 2838 2991 2906 τὴν
3019 2840 3119 2907 τῆς
3148 2845 3495 2910 χειροτονίας
3523 2841 3786 2912 μετάθεσιν

2221 2917 2384 2980 εὐθὺς
2413 2921 2439 2970 6
2479 2919 2622 2983 θεῖος
2658 2924 2924 2988 ΜελιέτιοςΙ
2967 2929 3104 2999 πρὸς
3137 2930 3237 3000 τὴν
3272 2932 3483 2986 ἄλυπον
3513 2932 3781 3001 μετέϐαινε

2220 3007 2432 3078 βιοτὴν,
2464 3012 2644 3079 λόγοις
2679 3016 2994 3084 ἐπιταφίοις
3025 3024 3180 3092 παρὰ
3209 3027 3425 3078 πολλῶν
3457 3027 3546 3078 καὶ
3574 3025 3781 3094 μάλιστα

2220 3102 2375 3168 παρά
2406 3102 2714 3175 Γρηγορίου
2764 3109 2857 3162 τοῦ
2898 3111 3202 3168 Νυσσαέων
3242 3121 3531 3189 φωστῆρος
3562 3122 3779 3184 ἀνευφη-

526 3190 872 3261 aGregorio,
937 3193 1194 3262 Nyssenze
1249 3196 1511 3252 Ecclesia:
1578 3198 1720 3264 luce,
1782 3201 2112 3257 funebribus

2222 3191 2515 3262 μούμενος,
2547 3200 2595 3249 οἱ
2633 3197 2690 3263 ἐξ
2723 3201 3007 3269 Αίγύπτου
3045 3208 3433 3273 στασιάζοντες
3466 3206 3619 3280 ἦσαν’
3660 3207 3778 3261 ἄλλα

524 3284 875 3339 orationibus
899 3294 985 3339 est
1014 3287 1460 3342 concelebratus.
1494 3289 1565 3344 Et
1588 3300 1713 3344 ante
1734 3291 1949 3346 obitum
1974 3309 2111 3364 quo-

524 3391 635 3445 que
696 3377 816 3446 ejus
863 3380 1107 3449 episcopi
1180 3380 1422 3453 {Egyptii
1479 3384 1848 3438 secessionem
1902 3385 2105 3452 fecere,

523 3467 673 3523 inter
705 3470 809 3523 alia
869 3471 1003 3525 illud
1048 3484 1358 3542 carpentes,
1402 3477 1549 3546 quod
1604 3474 1928 3545 Gregorius,
1981 3495 2108 3535 cum

525 3571 815 3630 jaternum
859 3573 1020 3619 antea
1065 3566 1447 3635 episcopatum
1496 3576 1554 3621 et
1594 3564 1990 3623 Nazianzenam
2021 3585 2109 3625 ec-

521 3654 744 3708 clesiam
794 3654 1215 3719 administrarit,
1304 3657 1372 3713 ad
1440 3658 2103 3728 Gonstantinopolitanam

416 3746 423 3759 ‘
520 3757 638 3799 tum
675 3748 857 3802 sedem
894 3750 1051 3819 quasi
1091 3751 1255 3806 tertio
1287 3751 1411 3806 loco
1453 3762 1678 3808 evectus
1704 3763 1868 3809 esset.
1908 3754 2103 3825 Etjam

519 3838 844 3895 Timotheus
879 3842 1284 3898 Alexandrinus
1331 3843 1629 3897 Maximum
1663 3845 1959 3914 quemdam
1997 3844 2103 3916 Gy-

519 3918 704 3987 nicum
744 3934 1157 4004 philosophum,
1192 3935 1446 4005 Gregorii
1474 3935 1700 4005 quidem
1738 3937 2100 4007 discipulum,

520 4022 852 4091 Apollinaris
886 4036 1069 4078 autem
1103 4024 1227 4078 labe
1261 4025 1500 4078 maxime
1549 4024 1839 4092 infectum,
1888 4026 1943 4080 in
2001 4028 2104 4082 ab-

516 4117 796 4183 ditoloco,
854 4117 999 4187 apud
1045 4116 1333 4172 Choraulze
1385 4118 1675 4189 cujusdam
1712 4118 1959 4184 domum,
1999 4120 2103 4193 Cy-

515 4208 639 4264 nico
666 4210 862 4278 capillo
889 4211 1010 4279 ejus
1049 4208 1246 4275 inciso,
1290 4219 1567 4278 pastorem
1595 4209 2104 4283 ConstantinOpoli-

517 4310 703 4355 tanum
732 4301 944 4370 legerat
1000 4310 1167 4369 atque
1203 4309 1579 4355 consecrarat.
1620 4302 1823 4357 Verum
1862 4291 1955 4373 qui
1983 4313 2098 4359 tum

516 4393 592 4447 ibi
639 4393 961 4463 congregati
1013 4386 1196 4456 eraitt,
1246 4391 1460 4447 facinus
1511 4402 1618 4447 tam
1659 4394 1962 4450 absurdum
2014 4412 2100 4450 re-

514 4487 834 4558 probantes,
869 4484 1295 4554 haudquaquam
1323 4486 1799 4541 consecrationem
1832 4503 1952 4543 eam
1981 4488 2099 4541 tau-

2215 3302 2277 3338 τε
2306 3286 2642 3357 αίτιώμενοι,
2669 3293 2764 3345 καὶ
2785 3294 2869 3345 ὅτι
2895 3295 2992 3364 τὴν
3016 3301 3292 3368 πατρικὴν
3321 3304 3588 3371 πρότερον
3614 3300 3777 3361 ίθύνας

2215 3376 2548 3448 ἐπισκοπὴν,
2582 3381 2678 3435 καὶ
2716 3383 3026 3448 Ναξιανζὸν
3059 3389 3251 3459 αὐτὴν,
3278 3391 3358 3453 ὼς
3390 3392 3468 3454 είς
3493 3392 3669 3461 τρίτον
3689 3388 3776 3461 ήδη

2211 3467 2307 3520 καὶ
2360 3468 2450 3522 τὸν
2508 3472 2607 3540 τῆς
2653 3472 3066 3531 Κωνσταντίνου
3118 3479 3314 3548 θρόνον
3374 3482 3647 3534 ἐπέϐαινε.
3683 3476 3776 3532 Καὶ

2209 3559 2346 3629 δῆτα
2388 3561 2654 3631 Τιμόθεος
2703 3567 2731 3617 6
2765 3566 2865 3635 τῆς
2904 3569 3320 3643 Ἀλεξανδρείας
3372 3575 3624 3644 Μάξιμόν
3669 3588 3778 3624 τινα

2211 3653 2504 3721 φιλόσοφον
2555 3658 2793 3711 Κυνικὸν
2824 3660 3094 3732 ἐφευρὼν,
3124 3665 3199 3733 τῷ
3242 3665 3376 3737 θείῳ
3413 3667 3689 3739 Γρηγορίῳ
3728 3664 3778 3724 ἐς

2213 3745 2519 3814 μαθητείαν
2539 3748 2857 3803 τελέσαντα·
2885 3752 3140 3823 ἔμπλεως
3165 3756 3222 3809 δὲ
3247 3758 3352 3827 τῆς
3383 3755 3773 3827 Ἀπολλιναρίου

2208 3832 2391 3905 λώὸης
2426 3839 2665 3906 μάλιστα
2694 3836 2782 3909 ἦν·
2812 3844 2907 3894 καὶ
2938 3846 3036 3905 τὰς
3075 3847 3289 3901 ἐκείνου
3332 3852 3568 3913 κυνικὰς
3603 3847 3773 3919 τρίχας

2207 3929 2501 3996 περιελὼν,
2532 3931 2589 3982 ἐν
2621 3933 2960 4002 παραϐύστῳ
2996 3939 3146 4008 παρά
3177 3956 3285 3993 τινι
3331 3942 3605 4013 χοραύλου
3641 3938 3772 4003 olnt;

2206 4021 2396 4074 τοῦτον
2420 4024 2520 4093 τῆς
2544 4024 2963 4081 Κωνσταντίνου
2996 4033 3234 4101 ποιμένα
3263 4036 3616 4106 ἐχειροτόνει.
3648 4029 3772 4085 ’Δλλ’

2203 4115 2253 4166 oi
2284 4115 2593 4184 τηνικαῦτα
2632 4120 3044 4193 συνειλεγμένοι
3073 4127 3134 4177 τὸ
3167 4126 3268 4195 τῆς
3306 4129 3562 4199 πράξεως
3590 4127 3770 4180 ἄτοπον

2203 4207 2363 4269 εὐθὺς
2424 4209 2770 4276 ἀπεώσαντο,
2828 4216 2925 4268 καὶ
2974 4217 3229 4289 οὐδαμῶς
3284 4221 3363 4292 τῷ
3418 4217 3772 4291 πεπραγμένῳ

2205 4299 2529 4369 συνῄνεσαν·
2566 4301 2732 4372 ζήλου
2767 4306 2878 4377 γὰρ
2929 4307 3077 4363 θείου
3112 4314 3208 4364 καὶ
3242 4314 3444 4380 σοφίας
3492 4323 3771 4380 πνευματι-

2203 4390 2308 4460 κῆς
2339 4393 2565 4465 ἔμπλεῳ
2596 4395 2788 4466 ἄνδρες
2822 4392 2966 4468 ἦσαν
2999 4402 3048 4454 oi
3083 4403 3325 4467 πλείουςο
3359 4400 3473 4469 οἶος
3517 4401 3769 4460 Ἐλλάδιος

2203 4485 2411 4548 ἐκεῖνος
2443 4488 2472 4538 6
2509 4487 2606 4540 τοῦ
2643 4490 2888 4559 μεγάλου
2933 4492 3224 4548 Βασιλείου
3273 4497 3543 4570 διάδοχος,
3579 4497 3617 4549 Γ
3622 4493 3772 4567 ρηγό·

513 4582 737 4632 «larunt.
791 4576 925 4630 Nam
953 4576 1199 4645 plerique
1234 4575 1335 4629 viri
1389 4575 1577 4632 divino
1609 4577 1807 4632 ardore
1837 4586 1890 4633 et
1924 4577 2094 4647 spiri-

2218 4576 2318 4638 πός
2354 4593 2412 4630 τε
2446 4579 2542 4631 καὶ
2576 4580 2801 4651 Πέτρος,
2834 4583 2886 4636 οἳ
2930 4584 3040 4637 τῶν
3078 4587 3260 4643 αὐτῶν
3285 4565 3495 4645 ὠδίνων
3523 4565 3769 4654 Βασιλείῳ

513 4668 647 4722 tuali
683 4667 951 4737 sapientia
992 4667 1136 4737 pleni
1180 4676 1386 4722 erant:
1434 4669 1616 4738 qualis
1667 4669 1952 4723 Helladius
1999 4670 2091 4724 ille

511 4760 638 4825 fuit,
671 4758 851 4813 Basilii
879 4759 1061 4828 magni
1093 4772 1375 4815 successor
1401 4774 1415 4812 :
1438 4758 1761 4828 Gregorius,
1786 4769 1842 4814 et
1870 4759 2087 4826 Petrus,

509 4853 718 4908 eisdem
752 4867 875 4905 cum
915 4851 1118 4906 Basilio
1154 4852 1481 4921 parentibus
1505 4852 1608 4906 orti
1633 4867 1649 4903 :
1671 4851 2092 4921 Amphilochius

511 4941 706 5007 leonii,
736 4958 857 5011 quae
890 4942 1175 5012 Lycaonia:
1223 4943 1356 4998 urbs
1398 4951 1486 4997 est
1519 4958 1533 4994 :
1566 4940 1819 5010 Optimus
1848 4942 2089 5006 Pisidiae,

512 5033 781 5087 Diodorus
831 5035 1070 5101 Ciliciae,
1132 5035 1387 5105 Pelagius
1437 5034 1762 5099 Laodiceae,
1830 5033 2092 5105 Eulogius

446 5118 451 5129 “
509 5125 748 5189 Edessw,
783 5127 1015 5180 Aeacius
1045 5125 1323 5180 Berrhoaa:
1346 5165 1361 5190 ,
1393 5126 1636 5179 Isidorus
1663 5126 1815 5197 Cyri,
1849 5127 2090 5197 Gyrillus

507 5219 1010 5289 Hierosolymorum
1061 5260 1075 5281 ,
1122 5219 1375 5273 Gelasius
1424 5217 1692 5273 Caesarea:
1752 5220 2083 5286 Palaestina,

446 5358 455 5369 .
504 5310 710 5375 Acacii,
753 5310 844 5379 qui
876 5310 1118 5365 EuSehio
1166 5308 1434 5379 Pamphili
1492 5310 1829 5365 substitutus
1878 5311 2081 5375 iuerat,

576 5469 652 5546 (‘1)
669 5469 908 5546 Joannes
928 5469 1139 5546 Psellus
1161 5468 1229 5546 de
1247 5473 1490 5546 secunda
1514 5476 1853 5530 meumenica
1868 5476 2078 5546 synodo

503 5540 770 5602 scribens,
807 5540 950 5591 inter
981 5540 1137 5602 alios,
1167 5539 1268 5594 hos
1299 5543 1453 5610 ponit
1484 5545 1828 5600 versiculos:

749 5631 840 5705 τον
871 5630 1206 5705 Μακεδόνιον
1235 5634 1515 5687 ἀνέσπασε
1542 5635 1787 5705 ῥιζόθεν,

684 5700 911 5778 ιίνεῡμα
941 5703 1005 5778 τὸ
1030 5704 1300 5769 πανάγιον
1326 5700 1715 5778 ἀλλοτριουντα
1753 5707 1935 5778 μάτην

572 5770 908 5839 ”1“ῆ,ύηξκηιὴς
938 5771 1213 5841 θεότητος,
1236 5775 1330 5825 καὶ
1358 5770 1585 5847 πλάσμα
1619 5770 2074 5850 βλασφημοῦντα.

2206 4669 2523 4739 μετέλαχον·
2551 4673 2579 4725 6
2611 4673 2837 4730 Ἰκονίου
2859 4694 2919 4729 τε
2953 4679 3331 4751 Ἀμφιλόχιος·
3354 4687 3455 4756 τῆς
3479 4679 3769 4738 Λυκαονίας

2199 4761 2255 4812 δὲ
2312 4761 2407 4830 ἥδε
2440 4765 2471 4833 ἠ
2511 4763 2696 4828 πόλις·
2731 4769 2759 4819 6
2807 4768 3041 4822 Πισίδων
3076 4771 3372 4841 Ὀπτιμος,
3412 4778 3508 4827 καὶ
3553 4775 3581 4826 ὁ
3624 4763 3770 4830 Κίλιξ

2200 4854 2487 4923 Διόδωρος,
2545 4859 2639 4909 καὶ
2689 4861 2716 4911 ὁ
2767 4861 3089 4926 Λαοδικείας
3130 4864 3423 4933 Πελάγιος⁶
3474 4866 3503 4918 ὃ
3558 4880 3616 4916 τε
3676 4860 3766 4927 τῆς

2211 4946 2548 5017 Ἐδεσσηνῶν
2584 4950 2864 5019 Εύλόγιος,
2883 4954 3140 5020 Ἀκάκιος
3171 4960 3198 5009 6
3226 4958 3516 5031 Βερροίας,
3541 4961 3568 5011 ὁ
3598 4954 3766 5024 Κύρου

2211 5037 2507 5109 Ἰσίδωρος,
2537 5043 2805 5112 Κύριλλός
2837 5062 2896 5096 τε
2932 5048 2958 5098 6
2997 5048 3423 5122 Ἰεροσολύμων,
3454 5053 3548 5106 καὶ
3578 5051 3605 5102 6
3642 5050 3767 5102 Και-

2199 5133 2429 5200 σαρείας
2479 5137 2580 5205 τῆς
2644 5135 3010 5210 Παλαιστίνης
3065 5142 3343 5206 Γελάσιος,
3396 5144 3765 5210 διαδεξάμενος

2194 5227 2287 5278 τῦν
2322 5226 2604 5292 Ἀκάκιον,
2635 5228 2693 5291 ὃς
2728 5231 2817 5282 τὸν
2851 5231 3143 5301 Παμφίλου
3171 5235 3454 5290 Εὑσέϐιον·
3479 5237 3574 5290 καὶ
3598 5235 3761 5301 ἕτεροι

2195 5317 2463 5385 πλεῖστοι,
2492 5321 2695 5390 ἀρετῆς
2734 5323 2835 5390 μὲν
2869 5323 3121 5394 ἀθληταὶ,
3158 5331 3236 5402 τῷ
3267 5327 3370 5399 βίῳ
3396 5329 3457 5384 δέ
3490 5330 3578 5383 τὸν
3612 5327 3760 5394 λόγον

2261 5475 2372 5531 lloc
2402 5491 2487 5534 est

2260 5568 2599 5646 fiejecichtcc
2635 5574 3005 5634 Macedoniam
3047 5582 3302 5637 radicitus
3324 5622 3339 5646 ,

2392 5641 2650 5711 Spiritum
2681 5655 2877 5701 temere
2905 5660 3208 5706 creaturam
3231 5641 3443 5718 vocans,

2262 5711 2466 5765 Deitate
2496 5732 2701 5769 summa
2727 5731 2961 5789 segregat
2999 5724 3411 5778 sanctissimum.
