4062 6476
374 414 483 475 ’777

1340 425 1938 489 ECCLESIASTICE
1977 427 2364 490 HISTORUE
2405 432 2546 494 LIB.
2592 431 2726 494 XII.

3525 429 3631 494 773

368 524 722 593 κοσμοῦντες·
754 525 803 579 οἳ
833 528 898 599 δὴ
933 530 1136 594 πάντες
1176 530 1236 584 τὸ
1269 534 1518 603 πραχθὲν
1548 537 1939 603 μυσαττόμενοι

2049 550 2356 600 successor,
2408 546 2465 592 et
2513 536 2606 592 alii
2671 530 3066 607 quamplurimi
3119 535 3389 605 episcopi,
3424 537 3630 606 egregii

366 615 479 670 τῶν
507 617 827 685 Αἰγυπτίων
853 621 1246 694 διακριθέντες,
1282 624 1362 695 τῷ
1396 627 1621 699 μεγάλῳ
1651 629 1944 702 Γρηγορίῳ

369 709 633 779 συνῆσαν.
666 712 774 765 Καὶ
801 714 916 782 ἃμα
946 715 1245 784 γινόμενοι,
1274 718 1372 782 τάς
1394 735 1453 771 τι
1478 722 1823 791 πανηγύρεις
1850 725 1944 776 καί⁵

366 803 594 867 τελετὰς
644 804 738 858 καὶ
790 806 1013 875 σύμπαν
1046 810 1112 877 τῇ
1156 809 1457 882 Ἐκκλησία
1503 813 1566 864 τὸ
1619 813 1832 878 εἰωθὸς,
1867 815 1946 881 ὡς

366 894 532 959 εἰκὸς,
567 894 740 970 ἀδεῶς
771 897 1081 951 ἐπετέλουν.
1113 898 1222 964 Οὓς
1244 902 1272 954 ό
1299 901 1442 966 θεῖος
1474 905 1778 974 παρεκάλει
1803 907 1946 977 Γρη-

365 989 573 1058 γόριος,
594 993 1005 1059 ἐπιεικέστατος
1031 996 1126 1051 καὶ
1147 996 1483 1067 ἀτυφότατος
1499 998 1660 1070 είπερ
1685 1018 1769 1064 τις
1794 1000 1943 1070 μάλα

365 1082 681 1152 γενόμενος,
716 1090 1036 1155 συμφωνεῖν
1086 1090 1224 1157 πρὸς
1266 1091 1535 1163 ἀλλήλους
1569 1093 1811 1157 ἑλέσθαι.
1850 1094 1945 1148 καὶ

363 1175 464 1245 τὴν
495 1176 727 1247 είρήνην
778 1178 1147 1243 ἀσπάζεσθαν
1178 1181 1261 1236 ὅτι
1299 1198 1358 1251 γε
1393 1183 1491 1238 καὶ
1526 1184 1626 1256 τὴν
1654 1186 1944 1257 συνάθροι-

366 1285 452 1322 σιν
477 1267 569 1320 διὰ
597 1268 803 1339 ταύτην
836 1273 1118 1337 γενέσθαι*
1148 1275 1243 1329 καὶ
1278 1279 1555 1348 προτιμᾷν
1591 1277 1691 1348 μὲν
1742 1279 1939 1352 αὐτὴν,

364 1356 460 1425 τῆς
486 1354 531 1407 δ’
554 1356 675 1420 ἑνὸς
705 1357 920 1423 ἀδικίας
951 1361 1156 1433 ὑπερορ
1172 1362 1248 1432 ᾖν.
1286 1381 1305 1415 s
1336 1365 1443 1418 Καὶ
1467 1367 1575 1437 γὰρ
1601 1367 1731 1438 ἐγὼ,
1761 1369 1940 1439 ἔλεγε,

363 1449 471 1503 τῶν
520 1451 733 1505 πολλῶν
771 1455 1068 1522 φροντίδων
1108 1458 1465 1528 ἀπαλλαγεὶς,
1493 1461 1594 1532 τὴν
1633 1464 1699 1515 ὲκ
1739 1463 1941 1518 πολλοῦ

368 1559 458 1611 μοι
492 1543 658 1613 φίλην
704 1540 860 1609 αὖθις
912 1549 1144 1618 ἡσυχίαν
1193 1551 1538 1623 ἀσπάσομαι’
1581 1557 1676 1609 καὶ
1724 1556 1879 1626 ὑμῶν
1906 1558 1940 1628 ἡ

364 1634 840 1701 περισπούδαστος
868 1639 1060 1708 είρήνη
1104 1641 1477 1712 προσγένηται
1517 1644 1655 1712 μετά
1688 1645 1780 1699 τὸν
1828 1663 1937 1713 μα-

364 1725 497 1792 κρὸν
520 1726 727 1779 ἐκεῖνον
754 1729 850 1782 καὶ
878 1729 1395 1799 δυσκαταγώνιστον
1419 1735 1680 1804 πόλεμον.
1703 1738 1939 1807 Ἔμοιγε

363 1819 471 1888 γὰρ
498 1820 607 1871 τῶν
637 1818 756 1873 λίαν
788 1820 1005 1874 ἀτόπων
1039 1820 1180 1877 εῖναι
1219 1824 1518 1892 λογίζεται,
1552 1829 1678 1897 ἄρτι
1708 1828 1810 1898 τῆς
1831 1830 1940 1883 τῶν

369 1912 624 1964 ἐναντίων
656 1913 839 1982 μάχης
873 1890 1319 1984 ἀπαλλαγέντας,
1358 1920 1478 1973 κατ’
1503 1890 1940 1990 ἀλλήλων-όπλί-
1973 1890 2012 1945 Β

369 2002 577 2071 ζεσθαι,
606 2008 699 2059 καὶ
728 2005 948 2075 βάλλειν
974 2009 1050 2071 ὡς
1085 2007 1268 2080 ἔτυχε,
1301 2012 1395 2065 καὶ
1425 2011 1524 2083 τὴν
1549 2013 1707 2084 ίσχὺν
1735 2015 1794 2068 ἐν
1827 2017 1940 2079 τοῖς

368 2097 445 2168 μὴ
486 2100 863 2171 προσήκουσιν
911 2101 1253 2184 ἀναλίσκεινο
1304 2102 1451 2158 οὕτω
1490 2105 1600 2175 γὰρ
1651 2106 1939 2178 ἐπίχαρτοι

365 2190 459 2243 καὶ⁴
487 2193 598 2254 τοῖς
629 2191 922 2260 δυσμενέσι
956 2193 1414 2265 γενοίμεθα.Εἱ’γε
1442 2195 1625 2251 τοίνυν
1659 2197 1785 2267 ἐμοὶ
1819 2200 1940 2253 πεί-

365 2281 568 2347 θοισθε,
597 2283 769 2354 ἄνδρα
796 2285 922 2339 τινά
964 2286 1265 2358 εὑρηκότες
1302 2287 1397 2341 τοῦ
1434 2287 1629 2359 θρόνου
1658 2290 1935 2358 ἀντάξιον,

361 2373 460 2426 καὶ
492 2370 620 2426 νοῦν
664 2372 808 2427 θεῖον
841 2373 1052 2442 ἔχοντα,
1098 2376 1199 2445 τὴν
1236 2373 1339 2445 τῆς
1386 2374 1718 2445 Ἐκκλησίας
1760 2380 1938 2452 τούτῳ

362 2464 696 2532 προστασίαν
723 2461 1014 2517 ἀνάθεσθε·
1045 2463 1104 2525 ὃς
1133 2464 1254 2537 Θεῷ
1284 2465 1727 2538 κυϐερνώμενος,
1754 2470 1940 2534 καλῶς

359 2554 467 2625 dp:
490 2553 727 2608 διάθοιτο
751 2556 953 2610 πάντα.
980 2575 998 2609 ι
1032 2554 1259 2621 Τούτοις
1287 2558 1490 2612 ἐκεῖνοι
1522 2560 1597 2631 μή
1628 2562 1938 2632 ἀντιλέγειν

360 2645 600 2716 ἔχοντες,
629 2646 727 2700 καὶ
754 2647 982 2709 ἄκοντες
1010 2647 1338 2704 ἐνεδίδοσαν.
1374 2650 1486 2705 Καὶ
1511 2650 1605 2705 τὸν
1637 2651 1736 2723 μὲν
1772 2654 1940 2709 Κυνι-

360 2740 456 2795 κδν
488 2739 743 2809 Μάξιμον
770 2739 936 2802 εὐθὺς
959 2739 1058 2811 τῆς
1093 2740 1384 2812 ἱερατικῆς
1422 2741 1583 2809 ἀξίας
1605 2745 1937 2815 γυμνώσαν-

359 2848 472 2899 τες,
508 2832 617 2885 τῶν
655 2832 816 2903 ίερῶν
863 2832 1169 2903 περιϐόλων
1223 2833 1537 2906 ἐξήλαυνον,
1591 2838 1938 2908 ὲκκήρυκτον

364 2926 750 2995 ποιησάμενοι,
780 2926 874 2980 καὶ
913 2925 1002 2980 διά
1049 2927 1112 2980 τὸ
1140 2927 1474 2997 παραλόγως
1514 2930 1613 3000 μὲν
1652 2930 1730 3000 τῷ
1759 2931 1938 3003 θρόνῳ

359 3018 722 3089 ἑπιπηδῆσαι,
750 3018 985 3089 μάλιστα
1015 3019 1061 3072 δ’
1085 3020 1191 3084 ὄτι,
1223 3019 1375 3074 ὥσπε
1386 3037 1417 3092 ρ
1448 3021 1688 3095 εἴρηται,
1714 3026 1808 3078 καὶ
1836 3028 1938 3097 τῆς

370 3110 785 3181 Ἀπολλιναρίου
822 3109 1247 3180 φρενοϐλαϐείας
1277 3111 1534 3183 ἔμπλεως
1558 3116 1935 3189 καθειστήκει.

357 3203 664 3274 Γρηγόριος
717 3203 774 3257 δὲ
824 3204 915 3257 τὸν
950 3204 1139 3273 θρόνον
1183 3205 1382 3271 λιπὼν,
1411 3207 1506 3261 ἐπὶ
1551 3208 1649 3279 τὴν
1703 3211 2009 3285 πατρίδας

354 3294 667 3361 Ναζιανζὸν
694 3295 964 3366 ἀνεχώρει
995 3292 1175 3361 αὖθις,
1210 3299 1304 3352 καὶ
1332 3299 1515 3370 ήσυχῆ
1551 3300 1796 3372 καθῆστο
1820 3304 1939 3361 διά-

356 3405 474 3458 γων
526 3389 653 3443 καθ’
708 3389 925 3454 ἑαυτδν,
993 3390 1186 3460 μηδενὶ
1250 3391 1550 3446 σκανδάλου
1615 3395 1937 3452 καταλιπὼν

356 3481 653 3551 πρόφασιν,
686 3479 765 3550 τῷ
820 3479 961 3534 ἑκὼν
1011 3482 1374 3554 ὑποχωρῆσαι
1418 3482 1517 3537 τοῦ
1562 3485 1776 3550 θρόνου.
1825 3488 1937 3543 Καί

354 3591 423 3644 γε
458 3574 611 3628 τόνδε
644 3574 736 3627 τὸν
769 3572 940 3642 ἄνδρα
986 3574 1304 3644 σοφώτατον
1354 3576 1503 3647 μάλα
1552 3577 1937 3650 διαγενόμενον

356 3669 458 3721 καὶ
499 3667 610 3720 τῶν
653 3666 831 3720 ἄλλων
879 3665 1099 3720 πάντων
1137 3666 1324 3731 ἕνεκα,
1374 3667 1474 3739 ούχ
1511 3669 1717 3740 ἥκιστα
1750 3671 1808 3726 δὲ
1840 3675 1937 3728 καὶ

352 3759 450 3812 τοῦ
479 3759 744 3829 παρόντος
775 3760 954 3812 ἔπεισί
995 3776 1086 3827 μοι
1123 3758 1453 3829 θαυμάζειν.
1495 3760 1637 3817 Οὔτε
1674 3764 1782 3835 γὰρ
1831 3766 1936 3821 ὑπὸ

351 3850 457 3918 τῆς
504 3847 840 3915 εὐγλωττίας
891 3845 1125 3917 ἐπῆρτο,
1172 3845 1299 3902 οὔτε
1353 3850 1464 3920 μὴν
1522 3852 1708 3922 ἥττονι
1768 3854 1937 3926 κενῆς

351 3938 513 4009 δόξης
531 3938 774 4007 ὀφθέντι,
796 3937 983 4008 ἔφεσις
1007 3940 1325 4011 ὑπεισέρρει
1353 3946 1682 4013 προστατεῖν
1731 3947 1935 4018 ἐκκλη-

354 4030 481 4092 σίας
507 4030 800 4100 τοσαύτης,
825 4029 892 4102 ἥν
923 4030 1049 4100 μηδ’
1072 4026 1214 4085 εἶναι
1239 4032 1680 4097 κινδυνεύουσαν.
1709 4039 1768 4100 ἐς
1797 4038 1931 4092 πολύ

351 4138 412 4175 τι
456 4122 554 4173 καὶ
607 4123 753 4190 μέγα
797 4121 1079 4175 ἐπιδοῦναι
1124 4122 1243 4184 ταῖς
1281 4123 1511 4188 οἰκείαις
1554 4125 1935 4191 διδασκαλίαις

353 4216 832 4286 παρεσκευάσατο·
868 4212 1003 4266 ἀλλά
1033 4214 1128 4266 καὶ¹
1164 4216 1265 4285 τὴν
1301 4216 1785 4287 παρακαταθήκην
1819 4221 1933 4282 τοῖς

349 4314 675 4374 ἐπισκόποις
703 4307 864 4370 εὐθὺς
896 4304 1202 4370 ἀπέδωκεν,
1235 4305 1361 4361 οὔτε
1393 4306 1521 4371 τοὺς
1562 4309 1760 4372 πόνους
1794 4328 1930 4382 προ-

349 4406 687 4475 ϐεϐλημένος
712 4401 747 4473 ἢ
776 4398 904 4459 τοὺς
929 4396 1236 4463 κινδύνους,
1261 4396 1356 4462 οὓς
1383 4398 1635 4470 διήνεγκε
1669 4401 1807 4471 πρὸς
1833 4403 1932 4465 τὰς

349 4503 595 4571 αἱρέσεις
640 4492 995 4563 ζυγομαχῶν.
1045 4491 1242 4544 Καίτοι
1273 4507 1338 4559 γε
1383 4491 1444 4543 τὸ
1493 4493 1931 4562 προσιστάμενον

2052 614 2274 681 virtutis
2324 627 2545 683 athleta:
2576 635 2633 683 et
2665 635 3078 683 concertateres
3108 667 3120 690 .
3157 626 3468 681 doctrinam
3523 627 3633 681 vita

2053 716 2169 788 ipsa
2196 728 2547 774 exornanles.
2564 719 2666 786 Qui
2691 734 2881 775 omnes
2902 720 3106 775 factum
3129 719 3235 775 tale
3255 729 3632 780 exsecrantes.

2052 824 2110 865 se
2140 810 2209 863 ab
2254 809 2522 881 [Egyptiis
2568 813 2950 882 sejunxerunt,
3010 822 3069 867 et
3116 812 3385 884 Gregorio
3433 828 3629 881 magno

2049 899 2349 955 aﬂ‘uerunt.
2403 901 2561 974 241
2598 902 2733 956 Nam
2768 919 2875 958 una
2924 918 3049 958 cum
3098 919 3164 958 eo
3193 914 3518 960 conventus.
3573 913 3630 958 et

2049 1001 2299 1056 sacra,et
2334 992 2471 1047 ritus
2489 993 2766 1058 Ecclesiae,
2800 1005 3025 1064 recepto
3053 1011 3205 1051 more
3238 1011 3430 1051 omnes
3455 995 3630 1050 libere

2051 1083 2406 1153 peragebant.
2450 1084 2599 1152 Quos
2629 1087 2850 1142 divinus
2879 1086 3202 1158 Gregorius,
3227 1089 3271 1144 si
3298 1090 3424 1159 quis
3460 1089 3625 1152 alius,

2049 1182 2106 1230 et
2144 1175 2261 1245 ipse
2304 1176 2579 1233 humanus
2630 1187 2688 1233 et
2736 1179 2959 1234 humilis
2984 1217 3001 1244 ,
3037 1181 3272 1236 maxime
3303 1181 3629 1237 adhortatus

2049 1276 2154 1331 est,
2184 1275 2242 1321 ut
2277 1269 2633 1325 concordiam
2662 1279 2716 1325 et
2754 1285 2939 1341 pacem
2970 1271 3116 1326 inter
3149 1288 3228 1337 se,
3256 1274 3415 1343 cujus
3448 1274 3626 1344 gratia

2049 1370 2356 1417 conventus
2389 1377 2611 1434 quoque
2637 1373 2860 1419 coactus
2888 1351 3062 1428 esset,
3084 1365 3356 1432 colerent,
3392 1382 3628 1437 eamque

2052 1451 2265 1523 injurias
2291 1453 2532 1510 hominis
2562 1454 2747 1522 unius,
2798 1470 2961 1525 quam
2993 1466 3350 1513 contemnere
3381 1457 3623 1521 deceret,

2047 1544 2388 1615 praeferrent.
2428 1565 2447 1599 ι
2479 1546 2593 1618 Ego
2626 1547 2797 1614 enim,
2834 1548 3033 1618 inquit,
3066 1550 3216 1605 curis
3261 1548 3446 1604 multis
3485 1549 3625 1605 lihe~

2048 1645 2219 1700 ratus,
2273 1645 2583 1707 exoptatam
2631 1638 2765 1694 mihi
2794 1638 3002 1694 dudum
3045 1647 3102 1695 et
3128 1649 3335 1711 gratam
3379 1641 3620 1711 quietem

2048 1742 2364 1799 persequar.
2414 1730 2482 1784 Et
2528 1730 2686 1787 vobis
2734 1731 2921 1799 simul,
2968 1733 3448 1803 postdiuturnum
3484 1734 3621 1789 illud

2048 1829 2101 1873 et
2132 1820 2556 1892 inexpugnabile
2583 1823 2814 1888 bellum,
2854 1830 3006 1879 tanto
3033 1824 3218 1879 studio
3250 1826 3486 1894 expetita
3516 1841 3622 1896 pax

2041 1910 2345 1983 continget.
2371 1912 2491 1969 Meo
2527 1913 2753 1984 quidem
2777 1914 3426 1986 judicimperabsurdum
3448 1927 3622 1983 esset,

2042 2000 2087 2055 si
2118 2017 2293 2072 nuper
2306 2002 2602 2059 admodum
2627 2005 2844 2061 hostilis
2862 2020 3058 2076 pugna:
3072 2006 3319 2076 periculo
3347 2005 3615 2073 defuncti,

2042 2106 2193 2146 arma
2237 2092 2384 2149 inter
2430 2110 2530 2150 nos
2560 2095 2707 2165 ipsos
2749 2112 3094 2153 sumeremus
3121 2135 3135 2162 ,
3185 2106 3240 2153 et
3288 2096 3448 2151 sicuti
3494 2114 3618 2154 sors

2040 2180 2230 2248 ferret,
2263 2183 2367 2239 tela
2400 2193 2606 2265 temere
2652 2187 3055 2258 conjiceremus
3077 2228 3094 2255 ,
3146 2189 3427 2258 roburque
3450 2204 3616 2246 omne

2041 2272 2099 2327 in
2154 2274 2356 2345 quibus
2417 2274 2646 2334 minime
2687 2278 2848 2334 decet
2884 2279 3281 2338 certaminibus
3327 2296 3621 2347 consume-

2041 2379 2248 2420 remus.
2283 2364 2375 2421 Sic
2399 2367 2615 2423 scilicet
2648 2368 2903 2425 hostibus
2934 2386 3155 2442 quoque
3183 2372 3338 2442 ipsis,
3369 2382 3431 2428 ut
3462 2373 3616 2429 clade

2041 2464 2227 2512 nostra
2252 2457 2591 2525 laetarentur,
2610 2477 2831 2518 causatn
2863 2464 3252 2535 praeberemus.
3269 2467 3619 2540 Quapropter

2041 2546 2089 2602 si
2128 2549 2424 2633 consilium
2460 2568 2645 2608 meum
2693 2556 2848 2627 sequi
2901 2557 3100 2614 voletis
3123 2597 3139 2625 ,
3169 2558 3289 2615 viro
3318 2560 3482 2616 alicui
3520 2577 3619 2633 per

2043 2632 2490 2712 disquisitionem
2513 2644 2760 2714 invento,
2793 2650 2889 2719 qui
2918 2650 3101 2707 divina
3128 2661 3310 2709 mente
3333 2632 3616 2724 prmditus,

2042 2734 2173 2790 sede
2224 2736 2325 2792 hac
2353 2736 2553 2809 dignus
2587 2739 2679 2807 sit,
2713 2741 2919 2813 quique
2956 2742 3064 2799 Deo
3091 2745 3338 2802 actiones
3363 2747 3484 2818 ejus
3514 2764 3618 2818 gu-

2039 2822 2332 2893 bernante,
2365 2827 2469 2882 rite
2503 2829 2687 2883 omnia
2716 2841 2774 2885 et
2803 2831 2996 2887 ordine
3020 2832 3184 2887 faciat
3213 2844 3378 2906 atque
3410 2837 3620 2892 consti-

2044 2923 2183 2983 tuat,
2225 2917 2473 2975 ecclesiae
2513 2911 2896 2991 praefecturam
2944 2924 3319 3000 committetis.
3356 2945 3374 2978 ι
3407 2927 3613 2983 Contra

2040 3008 2206 3064 verba
2240 3008 2380 3076 htec,
2408 3025 2534 3066 eum
2569 3018 2714 3082 quod
2749 3013 3028 3080 dicerent,
3064 3032 3172 3071 non
3209 3016 3495 3082 haberent,
3533 3022 3618 3075 vel

2041 3094 2198 3154 inviti
2225 3100 2277 3156 ei
2311 3113 2617 3161 cesserunt.
2636 3105 2702 3160 Et
2723 3106 3012 3161 confestim
3042 3108 3331 3165 Maximum
3349 3110 3613 3183 Cynicum

2041 3190 2340 3263 episcopali
2377 3193 2645 3265 dignitate
2674 3197 2939 3254 nudatum
2971 3208 3138 3270 atque
3164 3206 3615 3262 excommunica-

2043 3293 2156 3343 tum
2181 3286 2391 3343 aedibus
2418 3288 2590 3344 sacris
2616 3290 2918 3361 ejecerunt,
2950 3308 3074 3348 cum
3103 3298 3248 3364 quod
3281 3306 3483 3367 praeter
3527 3315 3619 3354 ra-

2043 3380 2249 3434 tionem
2280 3379 2563 3451 illegititne
2584 3379 2840 3436 thronum
2868 3382 3162 3441 invasisset
3182 3427 3196 3450 ,
3215 3396 3327 3443 tum
3356 3390 3612 3456 maxime,

2040 3471 2203 3527 sicuti
2239 3470 2445 3527 dictum
2465 3481 2572 3539 est,
2603 3473 2749 3544 quod
2771 3474 3126 3544 EApollinaris
3166 3480 3492 3538 vecordihus
3527 3484 3613 3538 in-

2043 3564 2330 3636 temperiis
2358 3565 2681 3636 agitaretur.
2718 3566 3017 3639 Gregorius
3040 3578 3224 3625 autem
3245 3573 3374 3629 sede
3403 3575 3611 3641 relicta,

2041 3656 2093 3711 in
2152 3657 2380 3726 patriam
2436 3655 2773 3712 Nazianzum
2831 3675 3109 3725 reversus,
3160 3662 3328 3717 vitam
3371 3668 3615 3735 quietam

2036 3748 2285 3818 privatus
2340 3750 2644 3819 transegit:
2700 3765 2882 3821 neque
2931 3752 3170 3823 cuipiam
3213 3769 3279 3809 eo
3325 3757 3468 3826 quod
3516 3775 3614 3815 sua

2037 3849 2235 3910 sponte
2267 3840 2464 3896 throno
2494 3842 2683 3907 cessit,
2706 3843 2946 3898 scandali
2969 3845 3085 3899 sive
3104 3846 3419 3903 oﬂendiculi
3448 3865 3612 3906 occa-

2038 3934 2247 3989 sionem
2280 3932 2537 4004 prazbuit.
2576 3933 2683 3990 Sed
2723 3937 2871 3990 enim
2908 3936 3088 3991 virum
3141 3939 3290 3994 hunc
3315 3940 3478 4013 longe
3518 3960 3611 3998 sa-

2036 4024 2465 4095 pientissimum,
2498 4040 2623 4080 cum
2655 4026 2791 4081 alias
2831 4026 2903 4082 ob
2936 4041 3023 4083 res
3060 4043 3252 4086 omnes
3278 4031 3457 4097 valde,
3492 4043 3608 4089 tum

2033 4131 2169 4172 vero
2197 4116 2298 4172 hac
2325 4116 2443 4186 ipsa
2483 4117 2551 4172 de
2581 4131 2746 4173 causa
2784 4134 2896 4174 non
2920 4120 3113 4177 minus
3150 4122 3409 4179 admirari
3451 4126 3610 4182 libet.

2034 4207 2225 4278 Neque
2272 4209 2419 4264 enim
2468 4209 2821 4279 eloquentia,
2849 4227 2956 4281 qua
3009 4213 3306 4282 plurimum
3351 4217 3611 4287 pollebat,

2033 4298 2101 4354 ad
2156 4300 2472 4369 superbiam
2515 4301 2696 4355 elatus
2727 4310 2853 4355 est:
2902 4318 3083 4370 neque
3117 4305 3186 4359 ab
3221 4305 3370 4361 inani
3429 4312 3602 4378 gloria

2036 4392 2233 4459 victus,
2267 4391 2801 4447 administrationem
2838 4394 3085 4450 ecclesiae
3122 4405 3285 4453 tanta:
3322 4402 3606 4470 expetivit,

2033 4498 2198 4554 quam
2233 4483 2371 4554 ipse,
2404 4499 2530 4538 cum
2558 4498 2727 4553 prope
2747 4484 2859 4555 jam
2890 4485 3210 4551 interiisset,
3237 4488 3305 4542 ad
3333 4505 3453 4546 eam
3489 4509 3611 4547 rur-

348 4565 535 4658 ὀλίγον
562 4589 596 4658 ἦ
628 4586 781 4640 οὐδὲν
830 4579 922 4654 ἦν,
970 4581 1111 4636 ὥστε
1154 4581 1408 4651 κατέχειν
1457 4581 1550 4634 τὸν
1602 4582 1798 4652 θρόνον
1833 4586 1926 4638 καὶ

2041 4590 2156 4633 sum
2212 4575 2631 4645 amplitudinem
2680 4575 2929 4631 doctrina
2970 4591 3069 4632 sua
3109 4590 3437 4647 provexerat
3469 4588 3606 4639 εειιιι

346 4683 603 4755 ἡγεῖσθαι
634 4682 732 4748 τῆς
767 4674 1209 4738 Κωνσταντίνου,
1234 4673 1424 4742 ἑτέρου
1454 4673 1755 4727 ἐπισκόπου
1786 4677 1929 4730 κατά

348 4775 660 4841 Ναζιανζὸν
696 4764 1280 4838 ὲπικηρυχθέντος.⁹ἸΙ
1325 4779 1388 4831 γε
1436 4763 1542 4835 μὴν
1589 4764 1809 4828 σύνοδος
1858 4767 1929 4820 τά

346 4869 412 4933 ἐξ
442 4865 671 4937 ἀρχαίου
697 4862 1044 4931 φυλάττουσα
1075 4856 1262 4924 ἔθιμα,
1295 4854 1324 4908 ὃ
1351 4855 1711 4926 ἐγχειρίσασα
1742 4855 1925 4927 ὤφθη,

348 4958 481 5030 παρ’
512 4957 730 5017 ἑκόντος
761 4952 1056 5020 ἀπείληφε,
1085 4948 1254 5018 μηδὲν
1281 4946 1382 4999 ὅσα
1411 4945 1490 5015 τῷ
1526 4945 1684 5014 ἀνδρὶ
1716 4948 1927 5018 προσῇ.

345 5067 452 5103 σαν
483 5049 599 5101 θεῖα
635 5044 1111 5111 πλεονεκτήματα,
1143 5037 1326 5100 αἰδοῦς
1351 5033 1655 5101 ἀξιώσασα.

2033 4667 2182 4722 illico
2219 4665 2495 4737 episcopis
2531 4665 2845 4736 depositum
2884 4667 3148 4733 reddidit,
3181 4686 3360 4741 neque
3390 4672 3609 4731 labores

2032 4772 2171 4829 quos
2194 4757 2501 4827 pertulerat
2525 4764 2621 4810 aut
2655 4754 2902 4826 pericula
2927 4772 3048 4827 quae
3082 4757 3343 4815 adversus
3365 4762 3607 4819 haereses

2032 4866 2127 4920 per
2158 4849 2478 4905 intestinum
2511 4847 2715 4903 bellum
2737 4863 2984 4918 pugnans
3006 4849 3238 4919 adierat,
3267 4855 3558 4922 praetendit
3585 4875 3600 4912 :

2028 4943 2192 5016 242
2219 4958 2344 4998 cum
2364 4940 2603 5011 'quidem
2642 4950 2701 4995 ut
2730 4944 2912 4997 sedem
2942 4957 3061 4998 eam
3097 4946 3401 5012 retineret,
3432 4957 3489 5004 et
3515 4965 3605 5005 ec-

2028 5038 2251 5095 clesiam
2269 5034 2908 5105 Constantiuopolianam
2922 5034 3351 5103 administraret,
3372 5040 3480 5095 alio
3487 5042 3598 5112 jam

342 5144 600 5201 Nazianzi
625 5143 884 5212 episeopo
925 5137 1202 5191 declarato
1229 5173 1244 5199 ,
1282 5133 1367 5187 vel
1404 5147 1596 5202 parum
1622 5172 1637 5196 ,
1670 5134 1757 5188 vel
1782 5135 1919 5191 nihil
1958 5148 2187 5206 prorsus
2224 5130 2595 5202 impedimenti
2660 5140 2829 5185 esset.
2897 5131 3078 5202 Atque
3109 5135 3351 5205 synodus
3377 5138 3598 5222 quidem

344 5252 532 5292 mores
596 5237 809 5306 priscos
854 5245 1211 5292 conservans,
1247 5228 1303 5284 id
1333 5227 1479 5299 quod
1545 5227 1595 5283 ei
1658 5228 1714 5284 in
1765 5246 1960 5287 manus
2001 5229 2323 5295 tradiderat,
2391 5227 2461 5283 ab
2511 5227 2628 5298 ipso
2667 5243 2779 5282 non
2822 5227 2997 5285 invito
3033 5231 3241 5301 recepit
3270 5247 3285 5284 :
3316 5232 3454 5288 nihil
3480 5248 3603 5289 om-

341 5334 478 5389 nino
535 5331 751 5385 divinas
801 5325 1000 5389 dotes,
1052 5336 1175 5391 quae
1226 5322 1282 5375 iu
1337 5335 1406 5375 eo
1452 5320 1569 5375 viro
1615 5330 1818 5387 erant,
1858 5325 2121 5379 reverita.

936 5434 1188 5486 ΚΕΦΑΛ.
1227 5432 1329 5484 ΙΒ¹.

340 5534 485 5604 Περὶ
514 5532 661 5604 ,ϐίον
699 5527 796 5583 καί
824 5522 1063 5604 ἀγωγῆς
1090 5524 1440 5604 ἐνεκτιξρίου,
1484 5521 1556 5604 ᾖς
1591 5523 1923 5604 Γρῃγόριρν

415 5594 722 5664 διεδέξατο
747 5614 759 5627 ⁸
818 5596 920 5649 καὶ
973 5595 1055 5658 ὡς
1083 5595 1215 5663 ἄρτι
1233 5594 1621 5659 βαπτισθεὶς,
1651 5595 1754 5648 ἐπὶ
1784 5595 1924 5663 τὴν

418 5672 715 5741 καθέδραν
747 5665 1085 5723 ἀνέϐαινεν.

415 5764 668 5833 Μεγίστη
694 5760 754 5814 δὲ
789 5759 884 5812 καὶ
911 5754 1359 5827 πεφροντισμένη
1389 5754 1553 5828 βουλὴ
1581 5754 1658 5825 τῷ
1681 5770 1737 5808 τε
1770 5753 1924 5825 βασι..

343 5864 433 5919 λεί
464 5859 560 5915 καὶ
597 5856 709 5917 τοῖς
744 5850 1070 5912 ἐπισκόποις
1120 5848 1360 5916 ἐγένετο,
1412 5849 1506 5904 καὶ
1543 5848 1781 5919 μάλιστα
1830 5849 1922 5902 τοῦ

563 5959 835 6016 Panos.
868 5948 985 6013 Gn.
1020 5943 1263 6010 CXLVI
1346 5963 1354 5974 '

2625 5428 2850 5484 CAPUT
2891 5429 3004 5484 ΧΠ.

2030 5524 2106 5579 De
2138 5525 2244 5578 vita
2271 5532 2319 5575 et
2345 5521 2571 5575 moribus
2603 5520 2863 5583 Nectarii,
2908 5520 3147 5591 Gregorii
3174 5522 3483 5591 successoris
3507 5538 3526 5576 :
3552 5531 3604 5576 et

2101 5603 2158 5648 ut
2187 5609 2353 5662 nuper
2389 5591 2712 5662 baptizatus,
2757 5590 3062 5645 cathedram
3104 5590 3452 5662 episcopalem
3481 5610 3605 5647 con-

2099 5664 2376 5718 accnderit.

2102 5754 2372 5811 Caeterum
2398 5753 2631 5809 maxima
2659 5768 2791 5808 cura
2837 5760 2891 5808 et
2922 5747 3601 5824 deliberatidiifuperatori

2028 5855 2085 5906 et
2115 5846 2416 5921 episcopis-
2442 5845 2832 5911 incumbebat,
2875 5844 3217 5916 imperatore
3257 5829 3605 5915 potissimum
3658 5881 3666 5890 -

3157 5946 3191 5975 6‘-
3217 5944 3229 5955 ·

3159 5944 3236 6003 .έὸ
