4062 6424
308 384 413 449 781

1240 340 1845 447 ECCLESIASTIC/E
1889 384 2281 446 HISTORUE
2322 388 2465 450 LiB.
2514 386 2656 449 XII.

3461 392 3570 455 782

306 501 510 564 πάντες
543 498 853 568 συμϐάντες
896 498 998 570 τὴν
1041 498 1135 553 τοῦ
1174 499 1511 569 κρατοῦντος
1550 498 1734 569 ψῆφον
1763 495 1876 551 ἐκύ·

1990 512 2214 565 canum,
2234 506 2297 553 ut
2334 514 2552 568 aequum
2582 497 3078 561 fuerat,initiatum
3108 496 3280 554 fuisse
3308 497 3569 566 opinatus

307 607 458 661 ρουν,
489 589 650 653 εὐθὺς
678 591 898 660 ἐμυεῖτο
926 590 1255 659 Νεκτάριος.
1282 590 1404 643 Ἔτι
1448 590 1503 642 δὲ
1538 590 1636 658 τὴν
1681 604 1879 658 μυστι-

302 682 408 753 κὴν
434 682 641 754 ἐσθῆτα
674 683 1071 753 ἠμφιεσμένος,
1110 684 1265 752 κοινῇ
1317 682 1417 750 τῆς
1452 681 1671 734 συνόδου
1714 679 1884 750 ψήφῳ

303 777 405 844 τῆς
429 775 842 828 Κωνσταντίνου
880 774 1180 836 ἐπίσκοπος
1213 774 1573 843 ἀνηγόρευτο.
1607 770 1795 824 Ταῦτα
1837 770 1883 824 δ’

303 866 449 920 οὕτω
480 866 759 936 συμϐῆναι
806 866 1021 930 πολλοῖς
1066 865 1388 936 ἐπιστεύθη,
1422 856 1570 918 ’Θεοῦ
1605 863 1682 933 τῷ
1723 864 1882 935 βασι·

301 960 386 1012 λεῖ
408 963 739 1030 χρήσαντος.
768 958 831 1013 Ei
859 959 907 1012 δ’
937 960 1161 1028 ἀληθὲς,
1195 960 1307 1013 εἴτε
1338 959 1432 1012 καὶ
1464 958 1562 1027 μὴ,
1598 958 1700 1011 οὐκ
1726 957 1880 1010 slai—

304 1068 413 1103 παν
445 1052 571 1120 ἐμοὶ
599 1050 962 1119 ἀκριϐοῦσθαι
993 1051 1165 1104 ἐστιν·
1195 1048 1431 1115 ἐμαυτὸν
1459 1048 1504 1101 δ’
1532 1049 1641 1117 ἄρα
1668 1047 1885 1100 πεισαί-

303 1161 436 1211 μην,
468 1142 543 1213 μὴ
574 1143 728 1195 ἀθεεὶ
748 1143 846 1212 τὴν
873 1142 1130 1213 τοιαύτην
1163 1142 1440 1211 συμϐῆναι
1474 1140 1696 1210 πρᾶξιν.
1719 1138 1799 1209 τῷ
1818 1154 1879 1190 τε

300 1232 460 1299 ἀήθει
488 1236 588 1301 τῆς
613 1234 948 1302 χειροτονίας
973 1233 1067 1284 καὶ
1091 1231 1250 1302 ξένῳ,
1279 1232 1375 1286 καὶ
1398 1234 1509 1293 τοῖς
1541 1229 1677 1298 μετὰ
1701 1230 1879 1282 ταῦτα

298 1323 789 1391 τεκμηριούμενος.
848 1324 1021 1393 Epigr
1074 1324 1184 1391 γὰρ
1238 1322 1351 1375 δντι
1411 1321 1510 1374 καὶ
1561 1320 1753 1389 ἀγαθῷ
1805 1318 1892 1370 τὰς

302 1418 500 1472 πάντα.
531 1415 681 1477 εἰκὸς
723 1414 855 1467 Θεὸν
885 1415 989 1485 τὴν
1023 1414 1323 1485 ἱερωσύνην
1348 1413 1438 1466 διὰ
1464 1413 1563 1481 τῆς
1602 1410 1879 1480 τοσαύτης

303 1504 525 1557 συνόδου
575 1506 880 1574 ἐγχειρίσαι
934 1505 1104 1576 αύτῷ.
1150 1504 1213 1558 Ἥ
1265 1505 1364 1575 μὲν
1417 1501 1512 1557 οὗν
1564 1502 1881 1589 Νεκταρίουτ

299 1595 607 1665 χειροτονία
658 1596 798 1649 οὕτω
841 1596 941 1667 τὴν
990 1598 1163 1666 ἀρχὴν
1210 1596 1493 1663 συμϐᾶσα,
1536 1594 1741 1648 τοιόνδε
1784 1598 1879 1649 καὶ

299 1688 474 1755 πέρας
502 1686 677 1740 αἶσιον
706 1687 884 1758 ἔσχεν.

1983 599 2092 645 est.
2126 591 2237 661 Ego
2256 606 2389 646 vero
2415 607 2525 648 non
2558 591 2678 647 sine
2695 599 2832 646 nutu
2867 589 2961 646 Dei
3000 590 3106 644 hoc
3128 589 3397 646 accidisse
3413 600 3567 660 puto.
3640 652 3657 675 π

1987 682 2166 751 Atque
2203 683 2294 738 ubi
2321 682 2374 737 id
2411 683 2666 752 princeps
2691 697 2911 752 quoque
2938 681 3182 744 rescivit,
3216 682 3468 750 quamvis
3496 697 3569 738 ex

1985 772 2265 842 episcopis
2294 773 2448 826 multi
2480 786 2671 828 contra
2702 774 3031 838 niteremur,
3065 776 3120 828 in
3164 777 3438 827 sententia
3487 782 3569 828 ta-

1990 880 2118 919 men
2149 881 2247 921 sua
2281 865 2372 920 ille
2415 865 2751 935 conquievit.
2787 866 3080 935 Postquam
3106 881 3238 920 vero
3261 907 3276 930 ,
3309 866 3403 936 qui
3438 881 3574 921 con-

1991 963 2279 1020 venerant,
2326 970 2519 1010 omnes
2554 957 2898 1025 imperatoris
2954 957 3227 1011 calculum
3270 958 3569 1011 conﬁrma-

1990 1063 2137 1109 runt,
2161 1047 2437 1116 extemplo
2461 1046 2755 1103 Nectarius
2781 1048 3057 1117 baptismo
3089 1046 3334 1102 initiatus
3355 1086 3369 1107 ,
3399 1056 3567 1115 atque

1979 1139 2288 1195 etiamnum
2330 1137 2565 1209 mystica
2595 1146 2750 1192 veste
2774 1138 3025 1199 indutus.
3057 1139 3444 1192 communibus
3477 1152 3571 1208 sy-

1982 1225 2112 1280 nodi
2150 1226 2425 1294 sullragiis
2451 1225 2744 1295 episcopus
2780 1225 3261 1295 Constantinopoli
3320 1227 3570 1283 declara-

1981 1325 2071 1370 tus
2128 1325 2235 1371 est.
2296 1314 2421 1370 Haec
2457 1316 2537 1370 sic
2576 1316 2870 1384 accidisse,
2916 1316 3027 1372 Deo
3072 1327 3332 1387 tanquam
3368 1317 3573 1371 instrur

1986 1418 2173 1464 mento
2206 1408 2325 1477 ipso
2353 1408 2605 1479 principe
2640 1418 2850 1475 utente,
2891 1425 2922 1465 a
2951 1411 3142 1465 multis
3160 1412 3432 1465 ετράίιιιιιι
3460 1420 3565 1466 est.

1988 1500 2096 1553 Sed
2129 1514 2392 1553 verumne
2429 1500 2480 1553 id
2514 1502 2608 1563 sit,
2658 1517 2727 1555 an
2756 1517 2938 1567 secus,
2973 1501 3249 1556 allirmare
3278 1514 3431 1557 certo
3460 1517 3568 1555 non

1986 1608 2232 1664 possum.
2252 1593 2379 1646 Mihi
2412 1594 2633 1663 quidem
2661 1596 2777 1665 ipse
2803 1598 3194 1665 persuaserim,
3223 1611 3337 1650 rem
3361 1606 3570 1649 tantam

1988 1700 2097 1739 non
2129 1686 2249 1740 sine
2276 1685 2623 1740 Providentia
2666 1686 2854 1742 divina
2883 1696 3065 1744 actam
3102 1704 3242 1751 esse,
3278 1703 3404 1741 cum
3440 1701 3572 1757 pro-

301 1789 422 1848 pter
449 1779 730 1835 insolitum
750 1797 1062 1854 novumque
1096 1781 1384 1839 electionis
1454 1790 1514 1836 et.
1564 1777 2007 1835 consecrationis
2072 1793 2303 1840 morem,
2368 1787 2483 1832 tum
2519 1789 2747 1849 propter
2784 1795 2978 1835 earum
3013 1797 3197 1836 rerum
3230 1797 3352 1850 quae
3376 1794 3571 1835 conse-

301 1885 438 1928 cutae
470 1876 1486 1946 sunt,magnitudinem,conjecturam
1506 1877 1649 1931 hanc
1666 1874 1898 1929 faciens.
1936 1871 2102 1944 244
2139 1872 2295 1939 Quod
2326 1890 2561 1944 namque
2594 1875 2865 1945 placidus,
2932 1883 2987 1930 et
3030 1875 3084 1929 in
3118 1877 3281 1931 rebus
3308 1873 3570 1933 omnibus

302 1966 475 2023 bonus
507 1968 630 2034 fuit,
662 1970 964 2025 verisimile
991 1982 1095 2030 est.
1129 1970 1299 2026 Deum
1332 1971 1409 2026 illi
1457 1986 1557 2040 per
1595 1969 1867 2040 synodum
1902 1977 2131 2033 tantam,
2192 1968 2577 2036 episcOpatum
2624 1969 2988 2026 commisisse.
3054 1968 3414 2025 CortSecratio
3448 1968 3572 2038 qui.

296 2063 418 2116 dem
467 2061 701 2117 Nectarii
754 2062 858 2118 tale
901 2073 1195 2119 consecuta
1239 2064 1499 2127 initium,
1530 2064 1874 2134 auspicatum
1913 2074 2136 2131 quoque
2163 2060 2361 2118 habuit
2387 2063 2575 2119 linem.

902 2182 1155 2247 KEQAA.
1196 2179 1295 2237 lI".

296 2274 437 2338 Περὶ
468 2268 554 2329 ὧν
603 2275 640 2341 ἡ
693 2275 831 2343 ἁγία
860 2274 1109 2342 δευτέρα
1156 2273 1539 2341 οἱκουμενικὴ
1592 2272 1881 2343 ἐθέσπισε

366 2343 659 2413 σύνοδος.
683 2342 971 2398 διελοῦσα
992 2347 1099 2409 τὰς
1123 2346 1437 2413 ἐπαρχίας,
1462 2342 1793 2411 κυρώσασά
1816 2360 1880 2396 τε

370 2414 572 2477 τὴνὲν
610 2412 831 2484 Νικαίςῑ
859 2416 1089 2478 πίστιν,
1110 2415 1207 2468 καὶ
1240 2412 1303 2467 τὸ
1337 2415 1579 2482 Πνεῦμα
1609 2416 1674 2468 τὸ
1707 2414 1881 2484 ἅγιον

369 2483 816 2553 θεολογήσασιι,
853 2484 1118 2550 κακόνοις
1157 2484 1416 2549 ἐξέθετο.

371 2658 605 2710 Ἔπειτα
653 2660 711 2719 ἐς
768 2658 932 2711 ταυτὸ
985 2660 1037 2711 οἱ
1091 2662 1255 2729 ἱερεῖς
1304 2659 1548 2724 ἅπαντες
1605 2662 1881 2724 συνιόντες

302 2749 418 2818 ἅμα
463 2748 777 2820 Νεκταρίῳ,
831 2750 1106 2818 τάσφαλὲς
1156 2751 1248 2804 τὸν
1302 2753 1428 2822 ὅρον
1480 2753 1627 2823 ἔχειν
1677 2755 1773 2823 τῆς
1821 2759 1882 2808 ἐν

295 2841 503 2912 Νικαίᾳ
554 2844 794 2907 πίστεως
845 2845 1239 2912 ὲπρυτάνευον,
1291 2844 1389 2897 καὶ
1439 2847 1622 2898 πᾶσαν
1665 2847 1879 2916 αἵρεσιν

295 2935 700 3002 ἀπεκήρυττον.
772 2936 877 2987 Καὶ
949 2938 1047 2995 τὰς
1108 2935 1378 3005 ἐπαρχίας
1436 2935 1876 3006 διανειμάμενοι,

296 3025 645 3096 πατριάρχας
678 3029 1047 3095 κατέστησαν*
1096 3025 1393 3080 ἐθέςπισάν
1444 3043 1507 3080 τε
1562 3031 1703 3081 κατὰ
1752 3032 1880 3093 τοὺς

296 3117 470 3171 πάλαι
491 3119 727 3180 κανόνας
752 3117 879 3179 τοὺς
906 3119 1244 3182 ἐπισκόπους
1269 3118 1490 3173 ἐπὶτῶν
1520 3119 1665 3173 ίδίων
1693 3121 1879 3193 μένειν

295 3209 629 3281 ἐκκλησιῶν,
665 3214 763 3265 καὶ
796 3213 871 3284 μη
916 3212 991 3276 ὡς
1043 3213 1208 3281 ἔτυχε
1256 3217 1373 3276 ταῖς
1417 3213 1729 3286 ἀλλοτρίαις
1761 3216 1877 3267 tvo-

296 3304 446 3373 ρίαις
492 3305 835 3370 ἐπιϐαίνειν,
903 3306 1040 3377 μηδὲ
1103 3308 1373 3376 ἀκλήτους
1442 3308 1608 3379 μηδὲν
1669 3326 1879 3379 προση-

296 3397 524 3460 κούσαις
568 3398 930 3468 χειροτονίαις
964 3398 1306 3453 ἐπιϐάλλειν.
1333 3400 1506 3453 Τοῦτο
1546 3401 1654 3470 γὰρ
1683 3401 1876 3472 πρώην

2570 2181 2798 2240 CAPUT
2838 2183 2983 2240 Xlll.

1985 2270 2063 2324 De
2079 2273 2267 2347 quibus
2295 2274 2447 2347 rebus
2495 2284 2679 2347 sancta
2712 2276 2941 2331 secunda
2985 2276 3300 2331 universalis
3334 2277 3566 2347 synodus

2053 2345 2263 2396 decreta
2292 2344 2495 2407 tulerit.
2541 2344 2785 2400 diwcescs
2818 2356 2866 2398 et
2915 2347 3213 2415 provincias
3252 2344 3569 2401 ecclesiasti-

2052 2415 2421 2488 casorglinans
2454 2428 2473 2465 :
2520 2425 2567 2467 et
2612 2424 2669 2466 ut
2712 2415 2996 2488 Nirwnant
3028 2420 3165 2469 idem
3192 2418 3566 2488 comprobam.

2053 2492 2104 2536 et
2130 2483 2205 2556 de,
2223 2482 2424 2556 Spiritu
2447 2497 2629 2538 saneto
2666 2487 2985 2541 sententiam
3014 2502 3277 2556 exponens
3297 2482 3319 2552 ,’
3343 2504 3569 2541 canones

2054 2552 2366 2606 condiderit.

2052 2666 2253 2723 Postea
2302 2667 2549 2739 episeOpi
2595 2684 2791 2725 omnes
2827 2686 2936 2724 una
2979 2686 3105 2726 cum
3149 2672 3407 2728 Nectario
3438 2688 3572 2728 con-

1984 2760 2213 2830 gregati,
2271 2768 2333 2814 ιιι
2375 2759 2610 2815 Nicaeum
2651 2761 2777 2817 ﬁdei
2823 2762 3103 2817 decretum
3152 2773 3365 2819 certum
3394 2776 3567 2827 esset.

1981 2857 2412 2912 constituerunt.
2466 2856 2727 2912 [heresim
2780 2874 3000 2914 omnem
3059 2859 3390 2914 damnarunt
3434 2872 3450 2913 :
3513 2871 3571 2914 et

1980 2949 2288 3020 provinciis
2315 2949 2530 3015 divisis,
2561 2950 2902 3019 patriarchas
2952 2952 3379 3007 constituerunt.
3427 2951 3577 3007 San-

1981 3051 2177 3095 xerunt
2202 3057 2422 3111 quoque
2456 3042 2606 3110 juxta
2639 3054 2851 3098 veteres
2896 3060 3136 3099 canones
3159 3086 3173 3106 ,
3219 3055 3278 3099 ιιι
3320 3046 3565 3115 episcOpi

1982 3134 2035 3187 in
2075 3133 2325 3189 ecclesiis
2380 3134 2495 3188 suis
2530 3146 2833 3197 manentes,
2853 3152 2960 3190 non
3014 3145 3218 3191 temere
3246 3138 3298 3191 in
3331 3138 3569 3193 aliarum

1981 3225 2303 3282 dioecesium
2349 3227 2487 3281 lines
2519 3228 2818 3282 transirent
2840 3268 2854 3291 ,
2890 3244 3028 3284 neve
3058 3244 3117 3283 se
3151 3229 3449 3300 illegitimis
3476 3248 3570 3284 or-

1980 3317 2359 3372 dinationibus
2391 3334 2499 3372 non
2525 3320 2702 3372 vocati
2730 3318 3041 3388 ingererent
3072 3337 3087 3374 :
3127 3320 3179 3373 id
3207 3322 3356 3390 quod
3381 3333 3565 3388 antea,

1980 3424 2105 3463 cum
2150 3410 2480 3465 universalis
2510 3409 2755 3466 Ecclesia
2807 3411 3295 3481 persecutionihus
3318 3414 3567 3485 exagita-
3592 3437 3613 3459 ο

297 3492 625 3558 συνέϐαινε,
689 3493 788 3559 τῆς
841 3492 1075 3546 καθόλου
1135 3492 1463 3563 Ἐκκλησίας
1511 3492 1872 3563 διωκομένης.

1983 3508 2158 3567 retur,
2191 3500 2396 3556 factum
2431 3502 2631 3555 fuerat.
2666 3501 3020 3572 Quaecunque
3072 3518 3202 3558 vero
3236 3504 3377 3573 apud
3403 3520 3569 3574 quos-

293 3585 439 3637 Ὀσα
482 3600 548 3652 γε
609 3586 716 3654 μὴν
768 3584 901 3655 παρ’
960 3585 1215 3648 ἑκάστοις
1269 3584 1586 3653 συμϐαίνει.
1623 3588 1722 3654 τὴν
1778 3588 1875 3639 τοῦ

291 3677 483 3741 ἔθνους
547 3678 790 3741 σύνοδον,
840 3678 917 3740 ὡς
989 3681 1176 3751 ἐκείνῃ
1230 3679 1471 3748 κριθείη,
1534 3678 1761 3733 διοικεῖν
1814 3697 1874 3732 τε

296 3772 391 3823 καὶ
430 3771 715 3838 πράττειν.
744 3773 898 3825 Μετὰ
939 3771 998 3824 δὲ
1044 3774 1137 3824 τὸν
1170 3773 1395 3842 Ῥώμης
1452 3772 1541 3825 τον
1577 3773 1672 3842 τῆς
1725 3774 1878 3826 Κων-

300 3864 586 3917 σταντίνου
613 3865 917 3918 ἐπίσκοπον
941 3866 1003 3918 τὸ
1030 3865 1322 3937 πρεσϐεῖον
1353 3866 1522 3935 ἔχειν,
1551 3867 1647 3920 an
1681 3867 1743 3937 δὴ
1776 3867 1875 3937 τῆς

291 3958 423 4019 νέας
464 3953 686 4027 Ῥώμης
709 3956 841 4010 ὄντα
868 3958 1184 4028 ἐπίτροπον.
1211 3958 1286 4011 υύ
1322 3958 1485 4027 μόνον
1515 3958 1624 4028 γὰρ
1658 3959 1691 4030 ἡ
1717 3958 1874 4023 πόλις

290 4047 440 4101 οὕτω
464 4051 925 4121 προσηγορεύετο,
957 4050 1222 4123 γερουσίᾳ
1251 4066 1310 4104 τε
1344 4053 1438 4104 καὶ
1462 4053 1654 4121 δήμων
1684 4057 1872 4123 τιμαῖς

293 4145 393 4197 καὶ
417 4148 611 4216 ἀρχαῖς
639 4145 987 4214 ἐσεμνύνετοο
1016 4146 1153 4199 ἀλλὰ
1182 4148 1279 4201 καὶ
1304 4147 1550 4219 σύμϐολα
1581 4152 1675 4202 καὶ
1708 4148 1873 4220 ἔθιμα

290 4239 408 4290 τῶν
439 4240 495 4289 ἐν
535 4237 739 4308 Ἰταλίᾳ
778 4236 1070 4302 Ῥωμαίων
1098 4236 1282 4309 ηὔχει*
1310 4241 1381 4293 τά
1414 4257 1474 4294 τε
1504 4242 1642 4310 γέρα
1673 4242 1767 4295 καὶ
1806 4244 1873 4294 τὰ

289 4334 359 4384 ἐκ
385 4333 547 4400 τιμῆς
574 4330 759 4382 δίκαια
791 4332 989 4401 ἐπίσης
1012 4330 1250 4400 ἑκατέρα
1285 4331 1373 4384 ἴσα
1403 4326 1490 4402 ἦν.
1525 4330 1747 4402 Ἀμέλει
1777 4335 1874 4386 καὶ

291 4424 592 4494 κληροῦται
643 4422 952 4493 Νεκτάριος
1003 4424 1103 4492 τὴν
1147 4424 1372 4495 Θρᾴκην
1422 4425 1595 4496 αὐτὴν
1632 4428 1725 4477 καὶ
1774 4424 1872 4496 τὴν

291 4517 701 4584 Μεγαλόπολιν⁸
748 4518 849 4586 τὴν
898 4516 954 4570 δὲ
1002 4516 1144 4569 κατὰ
1192 4517 1394 4569 Πόντον
1444 4516 1717 4586 διοίκηῖιν
1764 4516 1873 4569 ἀπὸ

294 4609 539 4661 Βιθυνῶν
574 4607 731 4677 ἄχρις
778 4606 1085 4678 Ἀρμενίων
1129 4604 1385 4673 Ἐλλαδίῳ
1420 4605 1496 4675 τῷ
1534 4606 1674 4673 μετά
1708 4606 1873 4657 Βασί-

291 4699 435 4752 λειον
460 4701 557 4770 τῆς
585 4699 968 4752 Καππαδοκῶν
999 4697 1337 4767 ἡγησαμένη)
1364 4696 1572 4761 ἔδοσαν,
1607 4700 1700 4753 καὶ
1725 4699 1873 4769 Γρη-

290 4793 466 4862 γορίῳ
499 4791 579 4862 τῷ
611 4792 857 4861 Νύσση;·
888 4791 1041 4853 πόλις
1067 4792 1125 4844 δὲ
1162 4796 1254 4844 καὶ
1281 4789 1420 4860 αῦτη
1460 4791 1867 4846 Καππαδοκῶν.

1986 3607 2094 3662 que
2126 3592 2463 3655 acciderent,
2494 3602 2555 3647 ut
2582 3595 2763 3664 gentis
2788 3594 2908 3664 ejus
2939 3596 3181 3665 synodus
3208 3612 3308 3668 pro
3333 3599 3565 3655 arbitrio

1985 3698 2087 3738 suo
2116 3698 2179 3739 ea
2212 3684 2496 3741 ordinaret
2524 3697 2580 3741 et
2614 3696 2906 3742 statueret.
2952 3687 3244 3758 Praeterea,
3273 3700 3332 3745 ιιι
3363 3705 3564 3747 secun-

1984 3776 2115 3831 dum
2175 3777 2436 3832 Romana:
2467 3778 2620 3833 urbis
2664 3781 3021 3850 episcopum,
3058 3780 3568 3855 Constantinopoli-

1986 3879 2147 3924 tanus
2205 3869 2435 3924 antistes
2483 3874 2723 3939 primum
2783 3887 2846 3927 ac
2896 3875 3236 3944 praecipuum
3284 3878 3567 3936 obtineret

1982 3960 2275 4024 honorem,
2304 3969 2364 4015 ut
2393 3963 2486 4030 qui
2514 3977 2674 4016 nova:
2706 3962 2892 4018 Roma:
2920 3973 3141 4019 curator
3159 3967 3250 4020 sit.
3275 3966 3393 4021 Non
3412 3969 3562 4024 enim

1983 4054 2119 4109 urbs
2154 4069 2219 4109 ea
2245 4062 2462 4109 tantum
2501 4055 2575 4109 ita
2602 4056 2881 4110 nominata
2902 4066 3003 4112 est
3027 4099 3042 4123 ,
3075 4069 3131 4114 et
3162 4060 3349 4131 populi
3384 4062 3563 4117 hono-

1983 4148 2139 4202 ribus
2193 4146 2719 4218 magistratibusque
2778 4158 3072 4212 cxoruata,
3128 4165 3320 4205 verum
3391 4153 3560 4207 etiam

1982 4237 2152 4307 signis
2206 4236 2566 4307 moribusque
2624 4246 2682 4293 et
2739 4238 2954 4308 legibus
3003 4256 3130 4294 cum
3189 4240 3450 4298 [tertianis
3504 4245 3559 4299 in

1981 4325 2133 4381 Italia
2177 4328 2386 4384 eisdem
2435 4331 2727 4401 gloriatur,
2763 4339 2928 4401 atque
2988 4336 3211 4403 utrique
3280 4349 3347 4388 ex
3398 4351 3559 4406 aquo

1981 4421 2135 4491 paria
2169 4430 2299 4475 sunt
2323 4431 2380 4476 et
2414 4421 2702 4493 dignitatis
2733 4425 2982 4493 premitis,
3014 4433 3070 4479 et
3110 4426 3381 4481 honorum
3411 4432 3557 4499 jura.

1983 4513 2151 4584 Igitur
2206 4514 2542 4570 dioecesibus
2604 4514 2932 4569 ordinandis
2990 4515 3281 4574 Ne‘ctarius
3335 4520 3560 4589 quidem

1980 4604 2267 4661 Thraciam
2299 4605 2526 4661 sortitus
2540 4614 2643 4670 est,
2672 4618 2725 4661 et
2746 4607 3119 4677 Megalopolim
3136 4609 3210 4679 (Ι)
3233 4628 3247 4663 z
3275 4611 3560 4668 Ponticam

1980 4709 2163 4752 autem
2197 4699 2480 4753 dioecesim
2506 4698 2582 4768 (Ξ)
2604 4715 2634 4753 a
2657 4699 2910 4769 Bithynia
2931 4715 3104 4769 usque
3138 4702 3203 4755 ad
3238 4703 3556 4770 Armenios,

1980 4787 2250 4853 Helladio.
2284 4790 2377 4857 qui
2412 4787 2613 4844 Basilio
2649 4791 2701 4843 in
2725 4789 3070 4859 Cappadocia
3102 4806 3478 4850 successerat:
3502 4809 3560 4853 et

291 4885 406 4954 Τὴν
447 4885 503 4937 δὲ
544 4887 643 4954 τῆς
691 4885 1005 4955 Μελιτηνῆς
1042 4882 1312 4954 ἐπαρχίαν
1351 4882 1587 4953 Ὀτρηῖῳ
1622 4884 1867 4952 ἀφῆκαν.

1982 4880 2241 4949 Gregorio
2262 4880 2446 4952 Nyssm
2470 4920 2485 4943 ,
2518 4897 2640 4950 quae
2678 4890 2734 4935 et
2773 4886 2888 4952 ipsa
2928 4883 3316 4954 Cappadocum
3365 4889 3558 4945 civitas

289 4979 405 5047 Τὴν
438 4978 483 5031 δ’
536 4978 794 5048 Ἀσιανὴν
842 4978 1116 5048 διοίκησιν
1160 4976 1568 5047 Ἀμφιλόχιοςὸ
1620 4979 1869 5045 Ἰκονίου,

289 5071 390 5124 καὶ
411 5072 681 5141 Ὃπτιμος
700 5072 728 5123 ὁ
756 5070 855 5138 τῆς
910 5069 1145 5124 Πισίδων
1176 5069 1514 5139 Ἀντιοχείας
1541 5071 1864 5141 ἐλάγχανον·

288 5164 568 5231 Αἴγυπτος
600 5163 656 5215 δὲ
680 5161 759 5233 τῷ
805 5159 1221 5232 Ἀλεξανδρείας
1246 5161 1501 5233 Τιμοθέῳ
1532 5164 1736 5217 ἀνεῖτο.
1757 5162 1870 5235 Τὴν

288 5253 349 5306 δὲ
380 5252 650 5321 διοίκησιν
690 5252 805 5305 τῶν
850 5252 995 5303 κατὰ
1038 5250 1138 5320 τὴν
1173 5250 1247 5303 ἕω
1286 5250 1598 5319 ἐκκλησιῶν
1629 5252 1743 5313 τοῖς
1776 5252 1869 5304 ὑπ’

289 5345 464 5416 αὐτὴν
514 5347 835 5405 ἐπισκόποις
874 5342 1210 5413 ἐπέτρεψαν⁸
1258 5337 1370 5396 οἷον
1413 5342 1492 5414 τῷ
1544 5342 1871 5409 Λαοδικείας

292 5411 568 5507 Πελαγίῳ,
601 5440 696 5493 καὶ
719 5435 975 5506 Διοδώρῳ
1109 5436 1327 5508 Ταρσοῦ
1358 5411 1473 5507 τῆς
1491 5436 1773 5500 Κιλικίαςο
1799 5439 1870 5492 τὰ

286 5531 464 5583 οίκεῖκ
500 5528 769 5599 πρεσϐεῖα
825 5528 964 5598 μόνα
1000 5530 1066 5597 τῇ
1120 5528 1400 5597 Ἀντιόχου
1445 5529 1863 5597 καταλιπόντες,

360 5689 436 5759 (l)
472 5689 572 5742 Per
605 5686 982 5759 Megalopolim
1009 5724 1023 5744 .
1060 5683 1168 5759 hoc
1197 5690 1281 5759 est
1306 5723 1322 5749 ,
1353 5664 1604 5759 magnam
1643 5685 1862 5751 urbem,

281 5753 793 5827 Constantinopolis
817 5753 925 5810 hoc
945 5756 1064 5809 loco
1096 5753 1471 5827 intelligenda.

360 5831 438 5901 (2)
471 5828 626 5898 Apud
656 5823 1023 5886 Sozomenum
1055 5833 1139 5881 est
1174 5841 1187 5879 :
1215 5823 1502 5880 Dioecesim
1530 5824 1692 5881 istam
1719 5826 1866 5882 Pon-

1978 4986 2081 5036 (λοι,
2114 4973 2376 5043 episcopo
2400 4974 2798 5027 attribuerunt.
2833 4973 3180 5030 Provinciam
3224 4991 3409 5033 autem
3442 4981 3556 5036 Mc-

1974 5063 2290 5120 litinensem
2326 5065 2513 5119 Otreio
2571 5065 2939 5134 reliquerunt.
2982 5065 3239 5121 Asianam
3287 5084 3422 5125 vero
3458 5071 3558 5126 ad-

1978 5157 2435 5211 ministrationem
2485 5155 2908 5225 Amphilochius
2954 5159 3164 5226 lconii,
3200 5169 3257 5214 et
3305 5163 3559 5230 Optimus

1976 5250 2282 5304 Antiochia:
2304 5251 2357 5302 in
2392 5248 2874 5320 Pisidia,episcopi
2905 5264 3263 5323 acceperunt.
3284 5254 3555 5328 .‘Egyptus

1975 5357 2141 5413 porro
2198 5342 2301 5395 sub
2336 5341 2628 5395 Timetheo
2672 5343 3047 5399 Alexandrino
3089 5351 3411 5415 permansit.
3447 5347 3557 5403 Gu-

1978 5434 2360 5488 hernationem
2400 5443 2586 5491 aulcm
2638 5433 2998 5490 Orientalium
3050 5437 3411 5491 ecclesiarum
3442 5440 3557 5503 cpi-

1976 5526 2157 5595 scopis
2184 5541 2373 5581 earum
2415 5530 2711 5599 permisere
2733 5569 2747 5595 ,
2785 5529 3041 5584 videlicet
3088 5528 3308 5599 Pelagia
3342 5528 3551 5584 Laodi-

1979 5684 2139 5738 tieatn
2160 5684 2488 5756 aBitbynia
2523 5701 2697 5755 usque
2746 5687 2813 5741 ad
2844 5686 3136 5743 Armenios
3166 5700 3289 5743 esse
3320 5702 3546 5746 conceso

1977 5768 2093 5828 sam
2118 5754 2378 5828 llelladio
2404 5754 2756 5828 Caesariensi;
2778 5767 2833 5813 et
2875 5757 3138 5827 Gregorio
3169 5757 3416 5828 Nysseno
3442 5799 3458 5826 ,
3492 5769 3551 5817 et

1977 5822 2166 5881 Otrcio
2196 5825 2551 5895 Melitinensi,
2584 5828 2878 5895 episcopis.
2905 5822 3026 5884 Lib.
3048 5843 3142 5894 vn,
3173 5822 3291 5897 cap.
3320 5831 3376 5884 9.
