4062 6422
317 376 422 439 785

1231 380 1841 442 ΕΟΟΕΕΞΙΑΒΤΙΕΕ
1893 380 2284 440 ΗιδΤΟΒΙιΕ
2327 381 2474 444 LIB.
2519 383 2666 444 XII.

3463 381 3602 441 786’

316 507 452 554 σεως
487 491 750 559 ἐπαινῶν,
786 496 928 548 κατὰ
959 494 1118 548 τοῦτο
1155 500 1246 548 καὶ
1282 495 1451 564 μέρος
1485 494 1583 562 τῆς
1617 497 1902 564 παρούσης

2007 494 2133 550 vita:
2152 511 2377 551 cursum
2403 505 2594 553 tenere
2619 497 2992 568 perseveravi.
3020 517 3035 547 ι
3061 495 3156 552 llis
3197 494 3381 560 dictis,
3404 511 3576 551 sacer-

317 585 534 653 γραφῆς
565 585 756 639 τοῦτον
789 587 1166 656 ἐποιησάμην.
1202 587 1358 639 Μετὰ
1391 586 1448 639 δὲ
1483 585 1582 656 τὴν
1619 583 1836 640 σύνοδον
1867 587 1896 638 ὁ

320 674 572 742 βασιλεὺς
607 675 912 744 πυθόμενος
943 677 1045 730 ὅσα
1080 677 1275 748 Παύλῳ
1307 678 1384 747 τῷ
1414 681 1512 747 τῆς
1545 676 1894 730 Κωνσταντί·

317 782 406 816 νου
439 765 607 819 πάλαι
641 766 841 837 συνέϐη
873 768 1140 836 ἀρχιερεῖ,
1174 767 1248 830 ὡς
1281 768 1418 836 πρὸς
1449 767 1556 820 τῶν
1600 767 1896 838 Ἀρειανῶν

315 861 373 909 ἐν
401 859 668 930 ὑπερορίᾳ
699 860 905 932 ἀγχόνῃ
938 859 1032 912 τοῦ
1065 861 1167 929 ζῇν
1195 861 1506 930 ἀπηλλάγη,
1539 859 1773 928 ἐντίμως
1803 858 1896 913 τὸν

317 949 527 1002 ἐκείνου
572 950 766 1019 νεκρὸν
806 953 886 1013 είς
924 951 1023 1021 τὴν
1067 952 1479 1005 Κωνσταντίνου
1525 952 1898 1021 μετακομισέι-

320 1056 500 1107 μενος,
525 1039 783 1093 κατέθετο
807 1041 884 1109 τῷ
913 1039 1040 1109 νεῷ,
1069 1039 1128 1092 ὃν
1157 1041 1490 1103 Μακεδόνιος
1518 1042 1546 1092 ό
1576 1039 1896 1093 ἐπιϐουλεύ-

320 1147 417 1191 σας
460 1128 612 1199 αὑτῷ
649 1129 1058 1184 κατεσκεύασεν
1083 1147 1099 1162 °
1134 1129 1193 1193 ὃς
1233 1132 1328 1184 καὶ
1368 1130 1536 1184 εἰσέτι
1573 1131 1670 1200 τὴν
1703 1129 1896 1197 κλῆσιν

321 1221 533 1273 Παύλου
571 1222 760 1292 φέρει,
803 1225 1062 1294 μέγιστός
1096 1240 1155 1277 τε
1191 1223 1286 1277 καὶ⁵
1321 1222 1442 1274 λίαν
1475 1223 1749 1291 ἐπίσημος
1782 1220 1892 1285 ὢν,

319 1313 446 1382 περί
485 1329 588 1364 που
618 1313 678 1365 τὸ
709 1313 960 1384 δεύτερον
987 1315 1330 1384 διακείμενος
1356 1331 1370 1344 ·
1400 1315 1460 1368 ὃν
1488 1315 1536 1366 οί
1572 1314 1895 1382 ἀγνοοῦντες

323 1403 530 1456 Παῦλον
563 1403 655 1456 τὸν
689 1404 832 1458 Θεῖον
867 1407 1168 1459 ἀπόστολον
1203 1405 1342 1460 εἶναι
1382 1406 1718 1474 νομίζουσιν.
1758 1405 1895 1458 ’Υπδ

320 1497 375 1548 δὲ
404 1495 595 1550 τοῦτον
623 1497 714 1550 τὸν
746 1499 938 1568 χρόνον
969 1501 1059 1553 καὶ
1093 1499 1151 1552 τὸ
1185 1500 1328 1553 Οεῖον
1358 1499 1455 1553 τοῦ
1490 1498 1753 1554 Μελετίου
1785 1497 1894 1549 λεί-

320 1585 488 1653 ψανον
515 1585 577 1638 ἐκ
602 1584 704 1655 τῆς
733 1587 1148 1640 Κωνσταντίνου
1181 1589 1259 1650 είς
1283 1587 1381 1655 τὴν
1416 1587 1749 1656 Ἀντιόχειαν
1777 1587 1898 1639 ἐκο-

323 1677 521 1745 μίσθη,
558 1678 652 1730 καὶ
684 1678 1008 1746 ὲγγειτόνων
1043 1677 1262 1730 Βαδύλα
1293 1677 1384 1730 τοῦ
1421 1679 1702 1746 μάρτυρος
1733 1693 1897 1730 κατε-

319 1771 470 1838 τέοη.
508 1769 756 1838 Ἐλέγετο
784 1768 840 1821 δὲ
873 1771 1260 1839 προστάγματι
1294 1767 1561 1836 βασιλέως
1589 1768 1691 1822 ἀνὰ
1723 1772 1898 1823 itinera

2002 585 2136 640 dotii
2179 603 2286 642 non
2321 590 2734 660 subiitjugum.
2757 588 2927 658 Cujus
2955 605 3077 643 cum
3120 604 3229 641 non
3263 587 3461 656 possim
3489 584 3585 639 de-

2004 679 2374 746 precationem
2446 682 2732 750 pulchram
2786 696 2896 735 non
2946 679 3196 741 laudare,
3254 688 3313 732 ut
3369 687 3580 748 partem

2003 768 2242 837 aliquam
2277 770 2440 823 etiam
2478 773 2577 824 hoc
2605 773 2727 826 loco
2768 773 2820 825 in
2872 774 3127 840 praesenti
3171 770 3397 825 historia
3430 769 3582 824 obti—

2002 869 2182 925 nerct,
2219 861 2390 918 volui.
2429 863 2561 916 Post
2612 864 2884 934 synodum
2935 863 3310 926 celebratam,
3353 860 3441 915 ubi
3479 860 3581 912 im-

2003 959 2221 1020 perator
2264 955 2538 1021 cognovit,
2576 953 2710 1022 quid
2756 954 2925 1008 Paulo
2958 950 3580 1020 ConstantinOpolitatzo

2001 1042 2134 1097 olim
2159 1042 2422 1112 episcopo
2470 1044 2778 1107 accidisset,
2816 1055 2873 1098 ut
2922 1045 3134 1097 scilicet
3166 1043 3218 1094 in
3261 1039 3454 1095 exsilio
3509 1037 3578 1088 ab

2002 1135 2222 1190 Arianis
2249 1135 2554 1190 sutlocatus
2582 1147 2919 1205 enectusque
2962 1135 3154 1197 fuerit,
3187 1132 3452 1188 translato
3484 1129 3584 1182 lto-

2002 1225 2234 1279 norilice
2265 1240 2493 1293 corpore
2525 1227 2644 1296 ejus
2666 1225 3199 1296 ConstantinOpolitn
3229 1266 3240 1284 ,
3285 1222 3339 1276 itt
3378 1221 3582 1289 templo

2005 1315 2057 1369 id
2112 1318 2389 1384 reposuit,
2421 1317 2566 1386 quod
2620 1318 2996 1380 Macedonius,
3030 1317 3124 1385 qui
3161 1314 3456 1369 insidiatus
3502 1311 3581 1365 illi

2006 1405 2201 1470 fuerat,
2231 1407 2566 1462 construxit.
2615 1407 2668 1460 ld
2721 1423 2868 1460 nunc
2907 1420 3130 1476 quoque
3161 1403 3583 1473 appellationem

2008 1495 2161 1548 Pauli
2197 1495 2423 1562 retinet,
2467 1499 2763 1552 maximum
2797 1507 2961 1567 atque
2993 1495 3497 1566 praeclarissimum,
3530 1502 3585 1546 ct
3682 1551 3689 1558 ,

2005 1587 2412 1655 quodammodo
2443 1605 2469 1642 a
2506 1590 2699 1658 paucis
2747 1590 2870 1644 aliis
2906 1587 3180 1643 secundas
3241 1587 3443 1640 ferens.
3479 1583 3583 1650 Qui

2004 1695 2136 1734 vero
2168 1696 2282 1734 rem
2317 1695 2437 1735 eam
2474 1683 2746 1750 ignorant,
2780 1681 2967 1735 divum
3013 1679 3318 1748 apostolum
3357 1677 3585 1732 Paulum

2009 1770 2291 1825 conditum
2333 1772 2406 1826 ibi
2453 1789 2572 1827 esse
2610 1773 2968 1825 arbitrantur.
3017 1769 3130 1825 Sub
3166 1769 3312 1823 idem
3343 1777 3586 1836 tempus,

322 1863 418 1932 τὴν
449 1862 725 1934 λεωφόρον
759 1861 912 1934 παρὰ
945 1865 1006 1914 τὸ
1043 1862 1236 1926 εἰωθὸς
1279 1861 1568 1933 Ῥωμαίοις
1607 1861 1757 1921 ἐντὸς
1789 1879 1897 1915 τει-

2007 1880 2173 1920 sacra:
2205 1865 2374 1919 etiam
2405 1864 2607 1919 Meletii
2653 1864 2901 1934 reliquiae
2944 1861 3423 1931 Constantinopoli
3475 1859 3586 1912 Att-

327 1958 432 2026 χὼν
459 1957 600 2009 κατὰ
633 1956 816 2019 πόλεις
847 1955 1217 2024 εἰσδεχθῆναι,
1249 1957 1435 2024 εὐχαῖς
1462 1972 1522 2007 τε
1553 1943 1645 2008 καὶ
1675 1953 1901 2022 ψαλμῳ-

321 2050 460 2113 δίαις
492 2049 786 2118 ἀμοιϐαδὸν
820 2048 962 2102 κατὰ
998 2048 1182 2110 πόλεις
1211 2047 1509 2117 τιμᾶσθαι,
1547 2046 1707 2115 ἄχρις
1743 2044 1810 2098 ἂν
1843 2046 1900 2106 ὲς

321 2141 491 2210 αὐτὴν
519 2141 902 2212 διακομισθιίη
933 2143 1034 2213 τὴν
1059 2144 1415 2214 Ἀντιόχειαν.
1443 2141 1718 2196 Τοσοῦτον
1747 2139 1791 2194 δ’
1817 2141 1901 2191 ἰν-

319 2232 609 2301 τετηκέναι
637 2235 694 2286 τὸ
721 2234 946 2305 φίλτρον
975 2234 1148 2288 ἅπασί
1175 2251 1308 2303 φασι
1335 2232 1430 2287 τοῦ
1459 2233 1674 2304 ἀνδρὸς,
1700 2233 1774 2295 ὼς
1805 2235 1899 2284 καὶ

318 2323 518 2392 τοίχοις
553 2325 648 2377 καὶ
688 2325 866 2378 σανίσι
905 2327 998 2378 καὶ
1031 2325 1336 2388 δακτυλίοις
1365 2325 1456 2378 τὸν
1485 2324 1698 2378 ἐκείνου
1727 2323 1898 2376 τύποι

318 2417 714 2484 ἐγγράφεσθαι.
750 2421 858 2472 Καὶ
887 2419 1154 2482 Μελέτιος
1190 2420 1290 2488 μὲν
1321 2419 1538 2473 τοιᾶσδε
1568 2417 1776 2488 ἠξιώθη
1809 2435 1900 2471 τα-

319 2506 430 2573 φῆς
453 2523 469 2538 ⁸
506 2506 620 2560 ἀντ’
649 2507 818 2562 αὐτοῦ
852 2508 908 2560 δὲ
944 2509 1020 2577 τῷ
1057 2509 1266 2562 ἐκείνου
1306 2510 1618 2577 συστήματι
1655 2525 1897 2577 χειροτοο

319 2601 492 2650 νεῖται
523 2597 846 2663 Φλαὸιανὸς,
873 2600 931 2652 ὲν
959 2600 1203 2668 δευτέρῳ
1229 2599 1357 2662 τοὺς
1385 2597 1638 2659 δοθέντας
1669 2597 1900 2666 Οὲμενος

321 2692 516 2759 ὅρκους
545 2707 557 2718 ·
595 2687 857 2754 Παυλῖνος
893 2693 1001 2760 γὰρ
1037 2690 1120 2746 ἔτι
1155 2691 1266 2755 ζῶν
1297 2690 1550 2746 διετέλει.
1585 2687 1901 2742 Κάντεῦϐεν

319 2779 476 2841 αὖθις
509 2782 704 2850 μικρὸν
734 2781 832 2853 τὴν
864 2763 1188 2850 Ἀντιοχέων
1220 2781 1584 2852 ἠρεμήσασαν
1615 2778 1770 2832 πόλιν
1802 2795 1899 2830 τα-

323 2872 488 2939 ραχαὶ
513 2871 872 2940 διελάμϐανον
893 2888 905 2902 ·
935 2871 1121 2924 πολλοὶ
1144 2871 1254 2942 γὰρ
1279 2871 1388 2924 ἀπὸ
1415 2869 1720 2924 Φλαὸιανοῦ
1747 2869 1901 2939 διαρ-

324 2960 619 3029 ραγέντες,
654 2959 1080 3030 προσερῥύησαν
1110 2960 1189 3030 τῷ
1224 2961 1476 3030 Παυλίνῳ
1502 2976 1514 2990 °
1549 2956 1609 3014 οῦ
1640 2957 1704 3030 δὴ
1739 2958 1902 3028 χάριν

317 3054 382 3106 οὐ
420 3053 582 3123 μόνον
614 3055 664 3106 οἱ
701 3054 842 3108 κατὰ
870 3054 972 3124 τὴν
1012 3053 1325 3124 Ἀντιόχου,
1361 3052 1495 3105 ἀλλὰ
1531 3052 1625 3105 καὶ
1659 3052 1818 3105 αὐτοὶ
1849 3053 1899 3104 οἱ

321 3145 482 3216 πέριξ
528 3146 694 3216 ἱερεῖς
735 3145 1068 3216 διεφέροντο.
1111 3146 1176 3198 Oi
1216 3163 1275 3198 τε
1320 3144 1430 3214 γὰρ
1473 3143 1764 3211 Αἰγύπτιοι
1805 3143 1898 3197 καὶ

333 3199 591 3306 Ἀράδιοι⁵
617 3199 713 3290 κᾶι
757 3199 1031 3308 Κύπριοι.
1077 3235 1152 3298 ὡς
1194 3237 1290 3289 ἐπὶ
1330 3199 1652 3306 ἰίλδικημένῳ
1693 3234 1902 3304 ἠγανά-
1930 3199 1974 3262 c

321 3351 486 3386 κτουν
517 3334 790 3401 Παυλίνῳ.
819 3335 981 3406 Σύροι
1009 3334 1064 3388 δὲ
1091 3335 1185 3388 καὶ
1211 3335 1459 3395 Φοίνικες
1487 3333 1579 3386 καὶ
1608 3333 1904 3385 Παλαιστι-

320 3430 404 3478 νοὶ
427 3466 442 3490 ,
472 3427 566 3480 καὶ
597 3428 712 3480 ὅσοι
745 3429 874 3498 περὶ
902 3427 1002 3497 τὴν
1041 3426 1334 3496 Ἀρμενίαν
1355 3466 1369 3489 ,
1403 3423 1810 3480 Καππαδοκίαν
1844 3439 1903 3476 τε

321 3519 419 3570 καὶ
451 3517 741 3584 Γαλατίαν,
772 3517 868 3572 καὶ
901 3518 1003 3571 ἀνὰ
1029 3516 1120 3571 τὸν
1150 3515 1403 3580 Εὔξεινον
1439 3519 1634 3570 πόντον
1653 3553 1668 3578 ,
1702 3514 1906 3569 τούτων

318 3613 374 3664 οἱ
407 3611 628 3674 πλείους
659 3611 1020 3681 προσέκειντο
1051 3610 1128 3682 τῷ
1160 3609 1469 3681 Φλαὸιανῷ.
1504 3609 1760 3677 Δάμασος
1793 3607 1850 3659 δὲ
1882 3609 1908 3659 ὁ

337 3705 555 3776 Ῥώμης
587 3707 888 3768 ἐπίσκοπος
918 3705 1013 3758 καὶ
1041 3705 1092 3757 oi
1123 3705 1228 3758 ἀνὰ
1255 3703 1354 3774 τὴν
1382 3701 1535 3756 δύσιν
1566 3703 1730 3770 ἱερεῖς
1761 3701 1910 3752 πλεῖ-

327 3817 426 3852 στα
459 3799 746 3870 Φλαὸιανῷ
777 3799 1136 3870 ἐχαλέπαινον
1163 3812 1178 3827 ⁶
1212 3796 1310 3850 καὶ
1343 3795 1593 3849 ἔστελλον
1629 3796 1728 3864 μὲν
1762 3792 1908 3846 Παυ-

323 3893 495 3960 λίνῳ⁹
538 3893 631 3945 καὶ
671 3891 748 3954 ὡς
789 3894 1040 3962 ἀρχιερεῖ
1076 3890 1176 3959 τῆς
1214 3889 1537 3958 Ἀντιοχέων
1579 3884 1910 3956 Ἐκκλησίας

323 3984 804 4054 προσεφθὲγγοντο
837 3984 938 4046 τὰς
970 3981 1225 4053 συνήθεις
1257 3981 1572 4047 ἐπιστολὰς,
1601 3978 1670 4042 ἃς
1703 3977 1906 4031 συνοδι·

326 4079 430 4140 κάς
471 4077 662 4139 εἰωθὸς
701 4077 934 4129 καλεῖνο
969 4073 1268 4128 Φλαδιανδν
1308 4073 1366 4127 δὲ
1408 4073 1759 4126 παντάπασιν
1799 4070 1914 4135 ὲξε-

322 4168 612 4231 τρέποντο.
663 4166 778 4237 Οὐχ
824 4162 988 4237 ἦττον
1036 4165 1093 4219 δὲ
1142 4165 1270 4228 τοὺς
1317 4165 1462 4234 ἀμφὶ
1509 4162 1775 4232 Διόδωρον
1821 4160 1915 4213 τὸν

324 4261 572 4332 Ταρσοῦ,
599 4261 694 4314 καὶ
724 4261 817 4314 τὸν
847 4259 1114 4330 Βεῤῥοίας
1148 4256 1426 4320 Ἀκάκιον,
1454 4253 1528 4317 ὼς
1553 4253 1653 4323 τὴν
1678 4267 1918 4322 χειροτο-

325 4354 450 4406 νίαν
501 4353 860 4412 ἐπιϐαλόντας
911 4350 1060 4418 αὐτῷ
1114 4349 1464 4414 αἰτιώμενοι,
1519 4345 1914 4408 ἀκοινωνήτους

2007 1960 2265 2014 tiochiam
2304 1969 2433 2014 sunt
2468 1960 2715 2027 perlatae,
2735 1967 2791 2012 et
2827 1957 3078 2026 proxime
3120 1955 3262 2025 apud
3286 1963 3587 2024 martyrem

2004 2050 2260 2121 Babylam
2296 2051 2570 2120 repositae.
2609 2049 2822 2104 Dictum
2850 2059 3036 2102 autem
3074 2057 3159 2102 est
3183 2084 3198 2110 ,
3229 2045 3586 2116 imperatoris

1995 2143 2152 2212 jussu
2181 2157 2384 2211 corpus
2405 2142 2522 2212 ejus
2548 2141 2601 2193 iu
2647 2139 2884 2208 publicis
2914 2140 3019 2194 viis
3058 2138 3317 2193 omnibus
3343 2181 3358 2203 ,
3388 2148 3585 2206 praeter

2003 2235 2378 2287 Romanorum
2425 2248 2658 2295 tuorem,
2715 2233 2858 2286 intra
2909 2231 3129 2285 urbium
3181 2230 3381 2284 tnmnia
3435 2243 3585 2284 rece-

2003 2333 2160 2392 ptuut
2195 2341 2210 2378 :
2238 2322 2650 2392 precationibus
2694 2330 2750 2375 et
2795 2320 3117 2391 psalmodiis
3143 2319 3376 2373 alternis
3408 2317 3460 2372 in
3491 2335 3588 2371 ur-

2005 2416 2170 2470 bibus
2209 2415 2537 2480 decantatis,
2585 2415 2762 2468 doncc
2802 2411 3152 2468 Antiochiam
3188 2412 3445 2482 pertigit,
3485 2411 3587 2463 ho.

2002 2515 2254 2560 uoratum
2293 2521 2437 2560 esse.
2469 2505 2705 2559 Tantum
2740 2520 2870 2558 vero
2905 2503 3002 2557 viri
3036 2505 3199 2574 hujus
3247 2503 3588 2557 desiderium

2005 2600 2058 2652 in
2101 2599 2298 2652 animis
2336 2597 2620 2652 hominum
2651 2597 2895 2651 omnium
2938 2597 3188 2650 relictum
3224 2610 3344 2650 esse
3379 2595 3589 2660 ferunt,

2005 2697 2065 2741 ut
2101 2688 2252 2741 illius
2288 2687 2520 2742 formant
2554 2696 2608 2740 et
2639 2685 2870 2754 eﬂigicm
2899 2685 2951 2738 in
2981 2685 3285 2753 parietibus
3315 2697 3365 2738 et
3389 2685 3588 2738 tabulis

2002 2779 2244 2848 depingi,
2283 2790 2338 2834 et
2373 2779 2426 2833 in
2449 2779 2669 2834 annulis
2705 2777 2950 2847 exsculpi
2973 2779 3309 2830 curaverint.
3339 2776 3592 2832 Melvtius

2002 2872 2224 2940 quidem
2264 2881 2416 2926 tanto
2464 2886 2589 2925 cum
2641 2872 2850 2926 honore
2901 2871 3165 2924 humatus
3193 2879 3292 2924 est.
3323 2869 3457 2934 Cui,
3519 2870 3586 2922 ad

2004 2980 2224 3035 gregem
2248 2965 2393 3019 illius
2417 2967 2773 3034 pascendum.
2797 2963 3089 3018 Flavianus
3119 2964 3451 3017 substitutus
3469 2972 3586 3018 est:

2001 3055 2416 3128 jusjurandum,
2461 3071 2571 3125 quo
2601 3053 2902 3110 obstrictus
2943 3055 3143 3120 fuerat,
3197 3054 3588 3124 parvifaeiens.

2009 3148 2266 3204 Paulinus
2292 3149 2441 3203 enim
2473 3148 2656 3203 adhuc
2685 3146 2927 3201 vivebat.
2981 3147 3218 3203 Proinde
3251 3149 3442 3203 urbem
3476 3148 3590 3202 An-

2011 3241 2365 3304 tiochenam,
2423 3255 2544 3308 quae
2592 3239 2877 3310 paululum
2936 3240 3353 3308 conquieverat.
3414 3241 3591 3294 turbas

2011 3350 2226 3388 rursum
2261 3340 2622 3402 exceperunt.
2655 3330 2809 3386 Multi
2839 3347 3076 3401 namque
3109 3347 3138 3385 a
3177 3330 3434 3387 Flaviano
3467 3333 3594 3388 des-

2009 3427 2303 3491 ciscentes,
2326 3422 2556 3478 Paulino
2601 3439 2661 3478 se
2711 3422 3105 3492 adjunxeruut.
3137 3423 3308 3494 Cujus
3341 3439 3474 3478 sane
3507 3424 3591 3479 rei

2011 3519 2204 3587 gratia,
2263 3533 2370 3571 non
2422 3516 2601 3570 solum
2639 3513 2970 3568 Antiocheni
3005 3515 3152 3584 ipsi,
3189 3530 3378 3569 verum
3411 3519 3580 3569 etiam

2012 3611 2179 3664 vicini
2231 3609 2590 3663 circumcirca
2645 3607 2912 3676 episcopi,
2963 3608 3106 3662 ittter
3156 3624 3214 3661 se
3252 3608 3586 3664 dissensere.

2011 3704 2174 3775 247
2209 3701 2448 3773 Egyptii
2475 3717 2734 3770 namque,
2764 3701 2990 3767 Arabes,
3024 3712 3079 3756 et
3123 3700 3329 3773 Cyprii,
3365 3712 3595 3772 propter

2017 3796 2333 3858 Paulinum,
2369 3794 2538 3848 veluti
2598 3793 2798 3862 injuria
2865 3797 2910 3847 is
2938 3793 3166 3847 aﬂcctus
3229 3804 3411 3861 esset,
3453 3797 3601 3850 indi-

2013 3887 2372 3955 gnabautur:
2422 3885 2543 3957 Syri
2585 3898 2795 3948 autem,
2851 3886 3161 3949 Plicenices,
3210 3880 3506 3954 Palaestini,
3541 3899 3600 3942 et

2015 3982 2108 4052 qui
2141 3981 2484 4046 Armeniam,
2512 3981 2914 4051 Cappadociam
2948 3989 3002 4034 et
3033 3980 3298 4036 Galatiam
3324 3981 3596 4044 incolunt,

2017 4073 2222 4142 quique
2249 4071 2316 4125 ad
2351 4073 2583 4127 Pontum
2616 4071 2888 4126 Euxinum
2922 4080 3068 4134 sunt,
3093 4072 3324 4124 mavitna
3355 4085 3422 4124 ex
3448 4054 3602 4141 parte

2021 4163 2280 4218 Flaviano
2315 4162 2594 4218 favebant.
2634 4163 2805 4218 Porro
2837 4162 3106 4216 Damasus
3152 4163 3338 4215 Romae
3383 4163 3600 4232 episco-

2020 4271 2145 4325 pus,
2176 4264 2231 4310 et
2263 4253 2646 4310 Occidentales
2671 4255 2968 4318 antistites,
3007 4252 3266 4307 Flaviano
3294 4253 3599 4322 plurimum

2019 4345 2417 4402 succensebant
2453 4361 2466 4397 :
2496 4353 2552 4398 et
2580 4343 2647 4398 ad
2685 4343 2972 4398 l‘auliuum
3014 4342 3323 4396 scribentes
3349 4382 3364 4408 ,
3391 4343 3444 4395 in
3478 4345 3602 4411 cpi-

325 4449 570 4516 ἑκρινον.
602 4443 889 4514 Τάσφαλὲς
925 4442 982 4496 δὲ
1020 4441 1224 4510 γνῶναι
1263 4439 1391 4508 περὶ
1422 4453 1612 4490 τουτου
1651 4435 1903 4505 βουλόμε-

2023 4438 2178 4494 stolis
2205 4452 2350 4506 quas,
2379 4435 2669 4507 syttodales
2696 4435 2974 4505 appellare
3022 4450 3145 4490 mos
3171 4445 3277 4500 est,
3308 4435 3357 4489 ei
3393 4451 3598 4488 nomen

326 4558 429 4602 νοι,
463 4541 701 4610 ἐγρανρεν
732 4538 894 4600 αὑτός
921 4554 980 4589 τε
1014 4536 1109 4588 καὶ
1143 4533 1468 4622 Γραςανὸς,
1498 4531 1577 4594 εἰς
1606 4527 1903 4601 τὴνἚσπέι

2030 4529 2279 4600 prtesulis
2317 4527 2672 4582 Antiochcna:
2720 4526 2966 4581 ecclesia:
3021 4525 3360 4587 tribuebant,
3391 4524 3604 4579 Flavia-

329 4653 429 4704 ραν
460 4637 522 4686 ὲκ
550 4637 646 4704 τῆς
679 4632 792 4685 Ἕω
820 4630 1040 4692 τούτους
1077 4616 1568 4698 μετακάλούμενοι.

2033 4637 2160 4675 ιιυιιι
2190 4629 2373 4674 autem
2412 4635 2639 4689 prorsus
2668 4617 3087 4673 aversabantur.
3117 4616 3306 4684 Neque.
3346 4632 3476 4670 vero
3499 4617 3604 4669 uti-

329 4749 434 4786 nus
475 4733 769 4787 Diodorum
795 4730 1145 4790 Tarsensem,
1181 4735 1238 4780 et
1303 4725 1560 4780 Acacium
1636 4721 1987 4784 Berrhmum,
2028 4720 2122 4789 qui
2188 4717 2264 4773 illi
2320 4732 2514 4772 manus
2575 4719 2953 4786 imposuerant
3045 4713 3380 4766 accusabant
3417 4729 3430 4765 :
3464 4726 3605 4780 quos

326 4830 490 4878 etiam
522 4839 551 4876 a
577 4807 968 4878 communione
1000 4822 1376 4876 excluserunt.
1414 4818 1485 4874 Ut
1518 4833 1652 4873 vero
1695 4817 1903 4872 certius
1945 4829 2060 4868 rem
2125 4831 2244 4867 eam
2307 4821 2732 4880 cognoscerent,
2764 4819 2819 4863 et
2848 4809 2949 4876 ipsi
2982 4820 3038 4863 et
3070 4805 3367 4862 Gratianus
3395 4804 3463 4859 ad
3503 4821 3626 4862 eos.

326 4918 544 4971 litteras
587 4914 885 4974 dederunt,
931 4928 999 4966 ex
1051 4911 1276 4966 Oriente
1327 4911 1382 4964 in
1430 4909 1783 4966 Occidentem
1816 4921 1911 4963 eos
1949 4916 2267 4962 evocantes.

899 5029 1182 5095 ,KEtbAA.
1222 5024 1326 5082 IE'.

340 5127 440 5189 Ὡς
473 5124 790 5189 Θεοδόσιος
820 5124 852 5176 ὁ
882 5119 1186 5188 ,βασιλεὺς
1210 5119 1499 5188 δευτέραν
1520 5117 1708 5172 πάλιν
1727 5117 1914 5171 ἐποίει

408 5194 795 5263 συναγωγὴν,
835 5190 1246 5261 συμφωνῆσαι
1281 5191 1389 5255 τὰς
1412 5191 1745 5263 ἐκκλησίας
1769 5189 1916 5252 βου-

408 5262 664 5332 λόμενος
685 5281 698 5294 ·
733 5263 830 5316 καὶ
863 5265 982 5317 ὅσα
1003 5263 1270 5332 Σισίτιος
1311 5264 1342 5314 ό
1365 5262 1922 5332 Ναυαειανρς-συνέ

407 5328 727 5390 εϐοὐλεὺε·
766 5335 859 5386 καὶ
893 5334 975 5398 ὡς
1018 5333 1103 5401 μὴ
1144 5330 1425 5397 δυνηθεὶς
1455 5330 1633 5383 τοῦτο
1670 5328 1911 5401 δρᾶσαι,

410 5407 726 5474 ὑπερόριον
768 5403 973 5474 φυγὴν
1008 5399 1128 5456 τῶν
1159 5402 1472 5472 αἱρετικὼν
1511 5399 1915 5459 κατεδίκαζεν.

2619 5017 2850 5075 CAPUT
2897 5018 3012 5072 XV.

2019 5115 2094 5184 ⁸[Ιι
2127 5115 2444 5168 Theodosius
2475 5123 2765 5181 imperator
2818 5111 3105 5166 secundum
3150 5126 3334 5184 rursus
3379 5109 3623 5184 coegerit:

2099 5185 2401 5246 concilium,
2431 5186 2500 5237 ad
2549 5184 2881 5235 concordiam
2916 5184 3152 5251 redigere
3212 5182 3390 5236 volens
3440 5181 3602 5251 βοείᾳ·

2093 5259 2222 5309 sius.
2255 5255 2319 5306 Et
2359 5271 2476 5324 qua:
2522 5254 2751 5307 Staiuius
2799 5249 3221 5307 Novatiahorum
3251 5254 3517 5324 episcOpus
3543 5249 3608 5301 de

2095 5321 2379 5378 concordid
2402 5326 2626 5377 suaserit
2669 5341 2686 5378 :
2716 5331 2764 5375 et
2824 5330 2882 5375 ut
2939 5325 3008 5374 ad
3037 5323 3282 5376 exsilium
3309 5321 3606 5377 hwreticos.

2097 5398 2182 5449 ubi
2230 5396 2336 5449 voti
2372 5411 2580 5464 compos
2611 5393 2728 5461 ﬁeri
2757 5409 2861 5447 non
2897 5394 3084 5462 potuit,
3113 5393 3424 5447 Theodosius
3451 5391 3609 5442 dam~

2095 5467 2260 5522 uarii.

2095 5579 2301 5634 Eodem
2328 5585 2576 5649 tempore
2595 5577 2696 5648 (Ι),
2725 5593 2850 5633 cum
2876 5576 3061 5633 Ariani
3091 5591 3158 5630 ex
3193 5574 3363 5628 sacris
3394 5572 3606 5628 agilibus

2025 5673 2486 5740 deturbarentur,
2506 5680 2560 5728 et
2583 5671 2854 5727 Catholici
2890 5671 2944 5724 in
2975 5668 3383 5740 possessionem
3413 5679 3618 5722 earum

422 5585 698 5657 Ὀπηνίκα
730 5585 851 5640 κατ’
881 5586 1088 5638 ἐκεῖνον
1120 5584 1214 5636 τὸν
1245 5583 1438 5654 χρίνον
1470 5582 1580 5636 τῶν
1619 5578 1919 5649 Ἀρειανῶν

338 5681 734 5752 ἑξωθουμένων
774 5677 884 5731 τῶν
921 5676 1261 5747 εὐκτηρίων,
1299 5675 1678 5746 εἰσαγομένων
1713 5674 1770 5728 δὲ
1809 5671 1920 5727 τῶν

417 5835 492 5905 (ι)
535 5836 746 5890 Sozom.
777 5833 870 5887 lib.
899 5849 992 5895 vn,
1025 5847 1144 5899 cap.
1197 5831 1278 5884 12.
