4062 6438
528 368 630 456 737
1769 392 2104 457 NICEPHO

2232 395 2575 458 CALLISTI
3662 399 3754 462 78}

533 520 764 560 vacuam
810 506 1225 577 inducerentur,
1258 527 1368 566 non
1404 523 1583 580 parvm
1613 514 1815 562 exorta:
1843 514 1972 561 sunt
2001 514 2105 561 tur-

2220 504 2329 558 ἀπό
2485 509 2713 564 καθόλου
2743 508 3097 582 Ἐκκλησίας,
3125 508 3227 565 οὐκ
3256 508 3525 580 ἐλάχισται
3549 506 3756 580 ταραχαί

534 600 641 652 bat.
704 597 1051 670 Quapmpter
1093 601 1395 672 imperator
1440 599 1786 655 Theodosius
1835 600 2032 669 exiguo
2081 612 2111 651 a

532 689 717 760 priore
771 690 980 763 synodo
1036 694 1301 762 temporis
1356 691 1666 757 intervallo,
1725 689 2112 760 antesignanos

532 781 832 852 vigentium
871 794 987 837 tum
1052 784 1344 840 hazresium
1400 800 1616 839 rursum
1667 781 2015 842 convocavit,
2052 789 2113 835 ut

533 873 805 929 alternum
834 876 1063 930 istorum
1097 877 1252 931 ﬁeret
1286 895 1299 931 :
1333 875 1607 940 videlicet,
1640 886 1700 930 ut
1732 875 1817 931 vel
1852 874 1961 944 ipsi
1986 873 2110 927 aliis

530 965 846 1035 opinionem
898 983 1051 1022 suam
1108 968 1529 1038 persuaderent,
1588 968 1673 1022 vel
1731 967 1801 1022 ab
1859 965 1981 1022 aliis
2040 966 2107 1020 ad

530 1058 690 1112 aliam
753 1059 1226 1128 complectendam
1276 1058 1766 1130 persuaderentur,
1821 1057 1890 1114 de
1942 1058 2111 1113 rebus

528 1165 651 1220 quae
688 1149 742 1204 in
766 1151 1146 1206 controversia
1198 1160 1383 1207 essent
1412 1167 1428 1210 :
1458 1150 1513 1205 in
1555 1166 1718 1205 unam
1748 1151 2109 1221 eamdemque

527 1241 855 1296 sententiam
903 1257 1094 1298 omnes
1127 1242 1427 1299 adductum
1474 1243 1541 1298 iri
1576 1252 1758 1310 ratus,
1808 1243 1853 1298 si
1905 1243 1961 1298 in
2007 1260 2107 1315 pu-

526 1332 675 1387 blico
703 1333 984 1389 auditorio
1018 1335 1308 1405 opiniones
1341 1335 1521 1391 dubiae
1556 1351 1655 1406 per
1676 1334 2103 1405 disputationem

526 1424 958 1480 discuterentnr.
1008 1426 1145 1483 Cum
1185 1437 1368 1483 autem
1430 1427 1673 1484 universi
1717 1427 2108 1483 convenissent

530 1517 758 1586 (factum
816 1517 871 1574 id
901 1534 969 1573 eo
1018 1535 1163 1574 anno
1187 1560 1203 1586 ,
1229 1534 1340 1590 quo
1382 1518 1551 1574 illium
1588 1519 1883 1575 Arcadium
1922 1520 2108 1590 Augu-

527 1616 672 1662 stum
703 1609 1083 1677 renuntiavit),
1107 1609 1394 1665 consilium
1425 1608 1496 1665 de
1532 1609 1743 1680 synodo
1775 1609 2105 1666 celebranda

525 1714 650 1753 cum
703 1700 958 1756 Nectario
1005 1688 1622 1770 Constantinopolitano
1644 1701 2099 1766 communicavit,

525 1790 868 1855 cohortatus,
902 1800 961 1845 ut
983 1792 1319 1861 qnarstioncs
1345 1792 1491 1848 unde
1530 1793 1769 1849 haereses
1794 1793 2098 1859 orirentur,

2214 597 2430 662 τούτοις
2473 601 2815 672 συνέδησαν⁹
2853 595 2912 656 οὗ
2954 600 3117 673 χάριν
3148 600 3471 671 ό“βασιλείις
3509 601 3761 666 Θεοδόσιος

2212 690 2394 759 ὀλίγον
2430 692 2698 747 διαλιπὼν
2728 694 2831 764 τῆς
2865 694 3141 766 προτέρας
3174 695 3417 759 συνόδου,
3451 695 3573 758 τοὺς
3602 698 3760 762 ἀρχη-

2211 781 2343 848 γοὺς
2378 781 2488 835 τῶν
2520 783 2888 854 ἀκμαζουσῶν
2918 783 3220 853 τηνικαῦτα
3255 783 3517 844 αἱρέσεων
3552 798 3760 851 μετεκαα

2211 872 2357 928 λεϊτο
2389 869 2567 940 αὖθις,
2601 876 2690 930 ἵνα
2721 876 2949 946 θάτερον
2981 878 3204 947 γένηται
3230 893 3246 909 ·
3278 877 3371 931 καὶ
3400 874 3433 946 ἢ
3465 873 3758 941 πείσωσινῆ

2212 964 2515 1018 πεισθῶσιν
2558 961 2641 1029 οἷς
2684 966 3020 1034 διεφέροντο.
3063 951 3325 1037 Οίόμενος
3363 972 3469 1037 γὰρ
3509 962 3574 1037 ἦν
3613 965 3762 1020 ταυτδ

2212 1057 2470 1127 φρόνημα
2503 1059 2672 1112 πᾶσιν
2702 1058 2957 1123 ἐνθεῖναι,
2984 1059 3054 1112 τὰ
3079 1059 3185 1112 τῶν
3214 1060 3378 1124 δοξῶν
3407 1058 3666 1128 ἀμφίϐολα
3692 1060 3765 1120 εἰς

2211 1147 2400 1219 κοινὴν
2439 1150 2705 1220 ἀκρόασιν
2743 1153 2792 1205 εί
2834 1153 3193 1223 γυμνάσειεν.
3228 1151 3381 1207 Ἐπεὶ
3418 1151 3473 1204 δέ
3515 1150 3760 1220 συνῄεσαν

2213 1241 2477 1307 ἅπαντες,
2519 1242 2685 1314 ἡνίκα
2729 1244 2824 1297 καὶ
2865 1244 2959 1299 τὸν
3004 1246 3120 1298 υἱῗιν
3150 1243 3435 1315 Ἀρκάδιον
3477 1241 3762 1309 Αὔγουστον

2211 1331 2539 1402 ἀνηγόρευε,
2571 1333 2652 1406 τῷ
2681 1334 2778 1403 τῆς
2808 1334 3216 1391 Κωνσταντίνου
3247 1334 3531 1405 Νεκταρίῳ
3560 1335 3762 1386 ἐκοινω-

2210 1422 2368 1477 νοῦτο
2400 1426 2529 1496 περὶ
2561 1426 2661 1495 τῆς
2694 1427 3069 1497 γενησομένης
3105 1427 3326 1481 συνόδου
3348 1443 3364 1460 ο
3399 1424 3680 1495 παρηγγύα
3707 1439 3760 1476 τε

2208 1514 2310 1569 ὅσα
2342 1515 2446 1569 τῶν
2478 1516 2813 1589 ζητημάτων
2844 1519 2941 1583 τὰς
2972 1518 3215 1585 αἱρέσεις
3245 1518 3457 1584 ἐποίει,
3487 1518 3565 1581 είς
3595 1516 3765 1584 κοινὴν

2209 1609 2537 1677 προκεῖσθαι
2568 1611 2806 1676 διάλεξιν
2830 1627 2847 1643 ο
2878 1610 2955 1675 ὡς
2986 1610 3051 1665 ἂν
3076 1611 3375 1681 Ἐκκλησία
3412 1610 3509 1680 μία
3538 1611 3767 1678 γένοιτο,

2206 1702 2296 1755 καὶ
2345 1700 2404 1756 ἐν
2451 1701 2632 1772 δόγμα
2683 1702 2976 1773 σύμφωνον
3026 1703 3202 1757 ἅπασι
3253 1700 3558 1769 κατασταίη
3582 1716 3597 1732 ·
3643 1697 3764 1751 καθὸ

2206 1791 2536 1862 θρησκεύειν
2574 1794 2785 1857 πάντας
2835 1794 3128 1863 προσήκει,
3174 1792 3246 1864 μή
3288 1809 3341 1845 τι
3383 1792 3505 1861 ἔχον
3541 1789 3766 1860 ἀμφήρι-

525 1898 737 1943 omnes.
764 1884 817 1938 in
867 1858 1141 1954 publicam
1192 1883 1604 1940 deducerentur
1645 1884 2098 1955 disputationem,

2207 1858 2354 1938 cvo'v.
2381 1885 2616 1939 Πλεῖστα
2639 1884 2697 1939 δέ
2728 1858 3011 1957 μεριμνῶν
3035 1858 3364 1957 Νεκτάριος,
3383 1858 3624 1952 ’Ᾰγέλιον
3649 1858 3766 1951 μετ-

522 1988 632 2042 quo
675 1988 800 2029 cum
862 1991 966 2029 una
1015 1976 1170 2030 ﬁeret
1200 1974 1483 2041 Ecclesia,
1517 1984 1684 2045 atque
1734 1989 1902 2051 unum
1957 1974 2104 2028 inter

523 2081 717 2120 omnes
742 2068 1097 2124 consentiens
1123 2068 1554 2123 constitueretur
1582 2067 1798 2139 dogma,
1833 2075 1946 2122 tum
1977 2068 2102 2121 uni-

522 2160 665 2215 versi
723 2150 1090 2231 religionem,
1141 2160 1215 2215 ita
1263 2161 1341 2215 uti
1400 2159 1578 2224 decet,
1616 2159 1885 2225 colerent,
1920 2175 2102 2230 neque

520 2252 827 2323 quidquam
883 2253 1275 2311 controversiae
1327 2253 1757 2323 relinqueretur.
1808 2250 2102 2307 Nectarius

521 2347 756 2417 plurima
811 2362 998 2403 secum
1061 2347 1245 2407 animo
1302 2347 1625 2415 revolvens,
1666 2345 2100 2401 Novatianorum

519 2439 841 2508 episcopum
874 2438 1127 2508 Agelium
1181 2439 1459 2505 accersiit,
1503 2439 1749 2510 ejusdem
1792 2438 1952 2509 cujus
1982 2438 2102 2506 ipse

519 2537 639 2582 erat
698 2530 767 2583 de
818 2529 1275 2585 consubstantiali
1326 2531 1614 2585 sententiae
1667 2530 1897 2583 virum:
1936 2528 2104 2601 248

520 2620 615 2686 qui
648 2619 795 2690 quod
832 2619 991 2675 factis
1022 2620 1203 2691 potius
1237 2621 1497 2677 virtutem
1548 2623 1625 2691 (l)
1679 2620 2003 2685 declararet,
2046 2629 2102 2675 ct

520 2728 549 2764 a
609 2713 901 2768 verborum
958 2712 1308 2784 nugamentis
1351 2725 1409 2769 et
1456 2713 1597 2770 fastu
1629 2714 1843 2770 alienus
1873 2729 2101 2783 prorsus

520 2815 689 2873 esset,
739 2805 906 2861 alium
959 2807 1135 2861 vicem
1196 2821 1350 2862 suam
1401 2808 1469 2862 ad
1520 2806 1925 2878 dispiciendum
1966 2806 2101 2878 quid

521 2894 667 2951 facto
692 2911 834 2966 Opus
857 2907 1024 2963 esset,
1065 2906 1229 2968 atque
1276 2899 1440 2953 etiam
1488 2899 1554 2966 (si
1583 2899 1689 2954 hoc
1727 2914 1862 2954 usus
1910 2899 2097 2969 ferret)

521 2985 584 3039 ad
608 2985 1023 3058 disputandum,
1057 2987 1384 3058 designavit,
1428 2987 1693 3045 Sisinium
1721 2990 1965 3052 nomine,
2002 2991 2098 3060 qui

520 3077 719 3131 tumin
775 3076 1040 3132 lectorum
1093 3079 1287 3135 ordine
1337 3078 1624 3147 enitebat;
1676 3089 1734 3135 et
1786 3080 1941 3135 brevi
1975 3088 2101 3152 post

2204 1978 2487 2033 εστέλλετο
2527 1979 2620 2032 τὸν
2663 1979 2766 2046 τῆς
2806 1977 3172 2033 Ναυατιανῶν
3215 1979 3480 2050 αἱρέσεως
3523 1974 3770 2046 προϊστά-

2208 2084 2395 2138 μενονο
2419 2069 2519 2139 τῆς
2540 2067 2651 2138 γὰρ
2675 2066 2845 2135 αὐτῆς
2867 2066 3025 2137 δόξης
3046 2068 3246 2138 ἐκείνῳ
3266 2068 3409 2121 κατὰ
3425 2067 3485 2119 τὸ
3503 2065 3767 2135 όμοούσιον

2202 2156 2307 2232 ἦν’
2355 2161 2385 2215 ό
2421 2160 2478 2213 δέ
2518 2162 2634 2224 τοῖς
2673 2159 2855 2230 ἔργοις
2898 2160 3102 2226 μᾶλλον
3139 2161 3241 2230 τὴν
3282 2160 3486 2230 ἀρετὴν
3529 2157 3769 2210 ἐπιδεδει-

2203 2250 2407 2319 γμένος
2433 2267 2451 2285 ο
2492 2252 2558 2321 τῇ
2596 2250 2654 2303 δὲ
2687 2249 2951 2322 τερθρεῐᾳ
2982 2250 3093 2302 τῶν
3126 2249 3303 2319 λόγων
3343 2249 3437 2303 καὶ
3470 2249 3549 2318 τῷ
3579 2244 3768 2314 ταύτης

2204 2345 2403 2417 κομψῷ
2444 2348 2798 2401 παντάπασιν
2831 2346 3065 2417 ἀτριεὴς
3110 2346 3185 2400 ὢν
3205 2389 3220 2414 ,
3257 2348 3450 2416 ἕτερον
3485 2343 3593 2398 ἀντ’
3618 2337 3770 2396 αὖτοῦ

2204 2437 2298 2492 τοῦ
2332 2438 2589 2507 ποιητέου
2625 2435 3034 2506 προσεϐάλλετο
3054 2477 3070 2501 ,
3104 2434 3220 2504 εἴγε
3254 2435 3423 2505 χρεία
3455 2430 3659 2502 γένοιτο
3685 2425 3769 2480 καὶ

2203 2531 2286 2594 εἰς
2314 2527 2551 2599 ἅμιλλαν
2580 2530 2921 2598 καταστῆναι
2950 2528 3162 2596 λόγων,
3196 2527 3435 2581 Σισίνιον
3463 2524 3661 2593 ὄνομα,
3686 2536 3771 2589 τη-

2204 2622 2434 2677 νικαῦτα
2478 2621 2555 2695 τῷ
2595 2624 2704 2677 τῶν
2745 2621 3113 2691 ἀναγνωστῶν
3156 2619 3356 2691 βαθμῷ
3396 2616 3765 2688 διαπρέποντα,

2203 2713 2262 2777 δς
2293 2714 2432 2784 μετὰ
2463 2713 2660 2784 μικρὸν
2687 2714 2784 2767 καὶ
2804 2713 2902 2783 τὴν
2930 2712 3096 2767 αὑτοῦ
3126 2712 3417 2782 ἐπετράπη
3443 2704 3767 2774 ἐπισκοπήνο

2203 2808 2397 2875 νοῆσαι
2425 2806 2526 2877 μὲν
2551 2805 2756 2874 δεξιὸν,
2784 2805 2993 2877 φράσαι
3018 2805 3075 2859 δὲ
3102 2805 3164 2859 τὸ
3190 2804 3387 2874 νοηθὲν
3415 2802 3562 2872 μάλα
3583 2795 3763 2852 δεινόν’

2202 2899 2512 2971 ἐπιτήδειον
2545 2899 2601 2953 δὲ
2639 2899 2816 2963 ἄλλως
2849 2899 2950 2967 τῆς
2996 2899 3150 2968 ἱερᾶς
3189 2898 3424 2968 Γραφῆς
3463 2890 3769 2959 ἀναδιφῆσαι

2203 2987 2262 3042 τδ
2298 2985 2482 3057 βάθος,
2513 2989 2609 3040 καὶ
2638 2988 2863 3058 λαμυρᾷ
2894 2986 3120 3058 γλώσσῃ
3153 2983 3617 3057 ἐπεξηγήσαοθαι,
3648 2979 3767 3046 ῐδριν

2202 3096 2263 3134 τε
2303 3080 2413 3133 τῶν
2455 3080 2588 3150 παρ’
2613 3081 2843 3153 Ἕλλησι
2888 3083 2983 3135 καὶ
3019 3082 3131 3135 τῶν
3171 3081 3300 3152 παρ’
3324 3084 3462 3153 ἡμῖν
3502 3077 3769 3146 φιλοσοφη⁹

521 3168 903 3239 episcopatum
937 3170 1057 3242 ejus
1087 3170 1331 3242 suscepit
1361 3188 1376 3224 :
1409 3171 1689 3227 hominem
1716 3171 1785 3227 ad
1815 3172 2095 3228 invenien-

2208 3171 2420 3226 σάντων
2446 3189 2461 3205 ο
2491 3172 2548 3236 ὃς
2581 3172 2644 3244 δὴ
2674 3174 2789 3227 τότ’
2812 3173 3012 3243 ἄριστα
3041 3173 3225 3243 λέγειν
3254 3174 3456 3238 δοκῶν,
3490 3166 3768 3241 σύμϐουλος

522 3260 650 3313 dum
699 3276 962 3331 perquam
1009 3263 1380 3333 ingeniosum,
1408 3273 1465 3320 et
1489 3264 1556 3319 ad
1598 3263 1652 3319 id
1677 3263 1825 3334 quod
1856 3264 2101 3319 invenis-

523 3361 625 3416 set,
653 3352 1026 3424 eloquendum
1057 3357 1211 3412 valde
1245 3355 1595 3411 commodum
1634 3372 1649 3411 :
1687 3371 1790 3411 nec
1824 3357 2007 3412 minus
2033 3355 2099 3412 ad

524 3459 755 3501 arcanos
789 3456 844 3501 et
872 3447 1106 3504 latentes
1139 3464 1308 3506 sacrae
1351 3447 1655 3519 Scripturae
1687 3463 1886 3504 sensus
1914 3448 2103 3519 inqui-

525 3539 783 3608 rendum,
802 3554 1019 3612 eosque
1052 3541 1276 3614 copiose
1302 3541 1456 3598 suavi
1481 3542 1668 3612 lingua
1692 3542 2101 3612 exponendum,

526 3647 654 3687 sane
688 3649 852 3704 quam
898 3635 1180 3700 idoneum,
1231 3649 1335 3690 nec
1365 3649 1476 3690 non
1528 3635 1774 3708 profante
1828 3635 1997 3692 simul
2049 3643 2106 3691 et

527 3738 692 3778 sacrae
748 3724 1110 3795 philosophia
1138 3726 1358 3797 egregie
1407 3727 1671 3798 peritum.
1714 3727 1785 3791 ls,
1820 3726 1968 3798 quod
2018 3740 2107 3782 re-

525 3818 767 3873 c'issime
801 3828 915 3874 tum
948 3819 1135 3875 dicere
1165 3820 1320 3875 visus
1365 3828 1485 3887 est,
1522 3834 1717 3876 suasor
1748 3821 1872 3887 fuit,
1901 3837 1972 3879 ne
1998 3836 2106 3893 qua

525 3926 649 3964 cum
673 3910 754 3967 eis
778 3913 873 3983 qui
898 3912 1057 3967 aliter
1078 3911 1463 3983 opinarentur,
1494 3911 1872 3983 susciperetur
1901 3913 2101 3985 dispu-

529 4006 681 4066 tatio,
717 4014 776 4060 ut
797 4019 918 4075 qua:
965 4005 1127 4059 aliam
1154 4020 1224 4064 ex
1263 4004 1369 4059 alia
1399 4005 1573 4060 rixam
1604 4013 1661 4059 et
1687 4005 2104 4062 contentionem

527 4111 722 4166 parere
748 4097 952 4152 soleret
981 4114 996 4151 :
1033 4096 1127 4151 sed
1158 4103 1222 4151 ut
1267 4095 1343 4150 illi
1387 4097 1882 4167 interrogarentur,
1916 4111 1985 4151 an
2012 4111 2107 4151 eos

526 4207 808 4247 sacrorum
843 4189 1198 4245 oraculorum
1240 4190 1571 4258 interpretes
1591 4233 1604 4256 ,
1630 4191 1723 4260 qni
1749 4189 1902 4259 prius
1933 4189 2106 4244 exsti-

531 4283 719 4348 terint,
750 4298 911 4351 quam
939 4281 1212 4336 dissensio
1247 4280 1302 4335 in
1326 4280 1577 4356 ecclesiis
1604 4288 1726 4336 orta
1755 4279 1865 4346 sit,
1903 4281 2107 4335 admit-

531 4383 730 4427 ιρι-ειη.
761 4376 841 4427 Ae.
884 4371 1160 4443 siquidem
1203 4373 1509 4426 sententias
1537 4371 1756 4427 illorum
1791 4372 2105 4443 rejicereut,

528 4476 644 4518 tum
701 4466 818 4520 fore
848 4463 1010 4529 dixit,
1037 4473 1099 4518 ut
1130 4478 1228 4518 eos
1261 4462 1426 4519 etiam
1471 4463 1724 4519 factionis
1769 4480 1880 4519 suae
1936 4476 2109 4534 popu-

2203 3262 2273 3337 ἦν
2297 3308 2311 3333 ,
2343 3265 2419 3331 ὥς
2448 3283 2507 3321 τε
2539 3266 2638 3332 τὰς
2674 3268 2775 3337 μὲν
2807 3266 2916 3320 τῶν
2947 3266 3129 3330 ἄλλως
3158 3266 3498 3332 δοξαζόντων
3530 3259 3769 3325 διαλέξεις

2204 3360 2475 3427 ἐκκλῖναι,
2507 3360 2601 3414 ate
2633 3360 2697 3430 δὴ
2731 3359 2916 3430 μάχην
2943 3359 3037 3412 καὶ
3067 3359 3185 3431 ἔριν
3212 3361 3419 3432 γεννᾷν
3451 3357 3635 3418 ἱκανάς
3656 3369 3670 3386 ⁶
3701 3352 3770 3411 εἰς

2205 3453 2477 3526 ἐρώτησίν
2508 3470 2573 3523 γε
2614 3455 2725 3524 μὴν
2761 3454 2937 3506 ἐλθεῖν
2961 3491 2977 3515 .
3023 3454 3071 3505 εἰ
3108 3454 3232 3515 τοὺς
3265 3451 3386 3506 τῶν
3422 3451 3588 3522 ἱερῶν
3614 3446 3771 3513 λόγων

2205 3548 2553 3620 καθηγητὰς,
2584 3548 2635 3603 οι
2668 3547 2797 3618 πρὶν
2822 3546 2854 3617 ἢ
2886 3545 2986 3617 τὴν
3012 3546 3298 3600 διάστασιν
3323 3548 3452 3609 ταῖς
3479 3538 3772 3610 ἐκκλησίαις

2206 3645 2496 3717 γεννῆσαι,
2538 3644 2884 3716 προσίενται.
2926 3641 3048 3696 Κᾶν
3090 3641 3198 3710 ἄρα
3237 3642 3344 3704 τὰς
3382 3640 3603 3696 ἐκείνων
3634 3633 3774 3697 δόξας

2206 3734 2559 3801 ἀπώσωνται,
2598 3734 2819 3798 πάντως
2853 3733 2949 3787 καὶ
2983 3732 3092 3786 ὑπὸ
3124 3733 3234 3787 τῶν
3267 3731 3341 3788 τὰ
3375 3734 3605 3802 σφέτερα
3637 3725 3772 3790 δοξα-

2208 3826 2411 3895 ζόντων
2454 3826 2877 3898 ἐξελαθησονται
2904 3842 2918 3857 ·
2956 3826 3004 3879 εἰ
3044 3827 3099 3880 δὲ
3140 3828 3220 3890 είς
3262 3826 3538 3890 ἀπόδειξιν
3576 3817 3770 3876 ἱκανοκ

2208 3916 2352 3974 εἷναι
2401 3919 2510 3973 τῶν
2561 3920 2992 3991 παρισταμένων
3039 3917 3392 3986 λογίσονται,
3445 3916 3639 3971 αὐτίκα
3683 3908 3768 3966 τὰς

2208 4012 2436 4066 ἐκείνων
2471 4010 2688 4081 βίϐλους
2729 4010 2823 4064 ἐπὶ
2866 4011 3034 4080 μέσου
3078 4013 3497 4082 προσενεγκεῖν.
3524 3999 3769 4076 Ἀκριϐὦς

2207 4104 2319 4176 γὰρ
2351 4105 2623 4176 ἠπίστατο
2651 4102 2726 4168 ὡς
2754 4103 2806 4158 οί
2836 4103 3055 4158 παλαιοὶ
3089 4103 3367 4158 συναῖδιον
3393 4103 3471 4174 τῷ
3502 4099 3668 4168 Πατρὶ
3691 4092 3770 4145 τὸν

2208 4198 2340 4252 Υίδν
2387 4196 2685 4268 εὑρηκότες
2726 4199 2847 4260 ταῖς
2890 4196 3066 4259 θείαις
3110 4196 3397 4266 Γραφαίς,
3442 4189 3684 4263 οὐδαμῶς
3723 4184 3770 4248 ἒξ

2209 4289 2388 4363 ἀρχῆς
2428 4307 2575 4353 τινος
2612 4290 2714 4360 τὴν
2753 4288 3012 4359 γέννησιν
3052 4287 3197 4359 ἔχειν
3242 4290 3424 4342 εἰπεῖν
3463 4286 3769 4355 ἐτόλμησαν.

2220 4384 2311 4448 Ὦς
2348 4382 2407 4438 δὲ
2450 4385 2545 4438 καὶ
2586 4381 2879 4452 Νεκταρίῳ
2921 4382 3015 4435 καὶ
3058 4380 3270 4451 βασιλεῖ
3310 4381 3510 4459 ἀρίστη
3553 4379 3585 4450 η
3625 4368 3770 4445 βουλὴ

2215 4478 2520 4541 συνεδόκει,
2560 4473 2884 4543 συναγαγὼν
2919 4474 3201 4540 ἅπαντας,
3236 4474 3503 4543 ἐπειρᾶτο
3534 4462 3770 4535 διαγινὼ·

528 4560 672 4611 lares
706 4557 972 4627 ejiciant:
1023 4556 1109 4611 sin
1144 4569 1272 4611 vero
1322 4554 1551 4611 idoneos
1591 4556 1715 4612 illos
1757 4557 1823 4611 ad
1858 4558 2105 4613 declara-

2215 4585 2391 4632 σκειν,
2426 4566 2545 4629 πῶς
2585 4581 2716 4618 ποτε
2762 4566 2989 4635 γιιώμης
3026 4565 3212 4635 έχουσι
3255 4565 3387 4635 περὶ
3422 4565 3521 4626 τὰς
3554 4561 3657 4615 τῶν
3689 4571 3777 4607 πα-

529 4653 733 4705 ιὲοηοιιι
777 4665 877 4704 seu
918 4648 1253 4705 decisionem
1298 4652 1802 4706 controversiarum
1857 4667 1978 4707 esse
2007 4668 2110 4723 pu-

529 4752 729 4806 tarent,
767 4742 953 4797 statim
1009 4741 1229 4797 illorum
1277 4740 1452 4797 libros
1499 4743 1554 4797 in
1603 4743 1844 4798 medium
1870 4743 2109 4815 proferri

528 4839 757 4894 debere.
806 4836 984 4906 Atque
1038 4836 1144 4892 hoc
1187 4838 1267 4892 sic
1317 4837 1512 4904 suasit,
1557 4838 1703 4908 quod
1731 4849 1883 4893 certo
1916 4838 2108 4902 sciret,

527 4939 747 4985 veteres
792 4943 918 4985 cum
969 4928 1024 4983 in
1075 4927 1279 4983 divinis
1321 4928 1523 4985 litteris
1571 4940 1905 4984 cowtcrnum
1960 4927 2109 4982 Patri

529 5023 725 5077 Filium
781 5022 1136 5089 invenerint,
1193 5021 1621 5093 haudquaquam
1702 5021 1864 5075 initio
1922 5020 2108 5089 aliquo

525 5115 937 5181 generationem
972 5115 1094 5186 ejus
1138 5115 1411 5185 incepisse
1435 5153 1451 5181 ,
1490 5114 1677 5169 dicere
1708 5129 1873 5168 ausos
1910 5112 2102 5167 fuisse.

526 5210 596 5263 l‘t
628 5212 814 5263 autem
855 5216 912 5263 et
949 5207 1203 5266 Nectario
1235 5216 1285 5262 et
1336 5204 1655 5275 imperatori
1683 5205 1952 5275 optimum
2001 5204 2110 5259 hoc

525 5302 818 5357 consilium
872 5316 996 5357 esse
1044 5301 1228 5355 visum
1293 5308 1401 5359 est.
1449 5298 1707 5352 omnibus
1758 5298 1852 5367 qui
1892 5297 2109 5353 evocati

524 5395 746 5449 fuerant
777 5394 1002 5455 coactis.
1035 5407 1371 5462 cognoscere
1422 5391 1660 5461 primum
1687 5432 1701 5457 ,
1736 5391 1866 5459 quid
1906 5391 1973 5444 de
2014 5406 2108 5444 ve-

527 5498 708 5541 terum
741 5485 961 5555 scriptis
990 5484 1070 5539 illi
1102 5481 1395 5548 sentirent,
1427 5484 1678 5536 tentavit.
1699 5482 1881 5550 Atque
1911 5481 2004 5534 ubi
2030 5480 2108 5534 illi

524 5600 539 5631 ι
562 5580 766 5634 lamore
797 5587 852 5632 et
883 5575 1247 5631 admiratione
1272 5588 1426 5628 suam
1456 5588 1584 5644 erga
1608 5572 1733 5627 illos
1755 5572 2105 5628 ail'ectionem

522 5685 580 5727 τι
631 5672 890 5741 pietatem
941 5669 1283 5733 indicarunt,
1328 5676 1517 5738 aperte
1574 5665 1992 5737 pronuntiavit:
2058 5667 2104 5721 si

593 5786 668 5852 (1)
697 5782 808 5853 Τὴν
837 5783 1035 5856 ἀρετὴν
1064 5783 1156 5839 τοῦ
1192 5784 1308 5856 βίου
1361 5782 1449 5838 διὰ
1500 5784 1609 5839 τῶν
1679 5783 1857 5856 ἔργων
1924 5783 2127 5856 φέρων⁹

522 5867 665 5906 ῑυιιι.

2213 4661 2513 4732 λαιοτέρων
2555 4659 2795 4730 γραφάς.
2847 4659 2969 4712 Τῶν
3015 4659 3073 4712 δὲ
3267 4659 3364 4713 καὶ
3410 4655 3648 4727 θαύματι
3688 4648 3775 4713 τὴν

2216 4752 2347 4824 περὶ
2386 4751 2630 4814 ἐκείνους
2673 4749 3033 4822 μηνυσάντιιιν
3077 4748 3343 4823 στοργὴν,
3391 4751 3473 4810 είς
3517 4739 3776 4815 προῦπτον

2213 4843 2429 4913 ἐδήλου,
2468 4844 2544 4906 ὡς
2586 4843 2636 4895 εί
2683 4843 2958 4913 μάρτυρες
3003 4841 3151 4896 οὗτοι
3192 4843 3285 4897 τοῦ
3330 4844 3603 4912 δόγματος
3641 4832 3776 4900 ἀξιό-

2215 4952 2382 5005 χρεῳ.
2415 4936 2522 5005 ἄρα
2552 4951 2614 5004 γε
2648 4936 2743 4988 καὶ
2771 4936 2873 4998 τὰς
2904 4934 2988 5004 ἐφ’
3016 4935 3233 5005 ἑκάστῳ
3258 4935 3523 5006 ζητήσεις
3555 4928 3777 4983 παύσον-

2212 5042 2319 5091 σιν,
2346 5025 2401 5078 εῐ
2425 5042 2489 5092 γε
2525 5024 2829 5096 στέρξειαν,
2860 5025 2936 5088 ὼς
2964 5024 3052 5096 ἄρ’
3076 5024 3307 5088 ἐκείνοις
3334 5025 3559 5089 δοξάσαι
3589 5019 3679 5073 καὶ
3705 5015 3774 5068 εί-

2211 5119 2339 5170 πεῖν
2372 5119 2502 5188 περὶ
2530 5116 2736 5170 τούτων
2763 5116 3003 5185 ἐγένετο.
3043 5116 3195 5169 Ἐπεὶ
3223 5117 3280 5170 δὲ
3310 5118 3406 5171 καὶ
3435 5115 3563 5184 περὶ
3588 5109 3773 5165 τούτων

2209 5209 2260 5262 oi
2294 5208 2405 5261 τῶν
2439 5208 2703 5279 αἱρέσεων
2735 5209 2972 5279 ἀρχηγοὶ
3010 5207 3131 5277 διχῆ
3175 5208 3435 5280 διῄρηντο
3466 5206 3562 5277 (ού
3595 5203 3659 5256 τὰ
3695 5201 3774 5253 [aa

2211 5303 2319 5373 γὰρ
2350 5305 2486 5357 πᾶσι
2521 5305 2648 5373 περὶ
2676 5306 2774 5367 τὶις
2802 5304 2910 5356 τῶν
2946 5300 3318 5371 παλαιοτέρων
3350 5299 3511 5364 δόξας
3541 5290 3770 5359 ἐδόκει),

2213 5394 2337 5449 καθ’
2351 5396 2543 5449 ἑαυτὸν
2564 5396 2850 5464 γενόμενος
2874 5396 2902 5447 ὁ
2925 5394 3162 5465 κρατῶν,
3187 5393 3419 5459 συνῖριεν
3438 5389 3512 5467 ᾡς
3532 5387 3614 5441 διὰ
3633 5382 3774 5437 τοῖτο

2214 5487 2275 5539 τὸ
2313 5488 2575 5558 προτεθὲν
2617 5487 2995 5552 εποσείονται,
3032 5484 3127 5539 ἆτε
3165 5484 3229 5554 δὴ
3266 5485 3378 5545 τοῖς
3415 5481 3634 5539 οίκεῐοις
3666 5475 3772 5528 διι-

2212 5579 2393 5646 λόγοις
2416 5579 2840 5650 τεθαρρηκότες.
2870 5581 2977 5632 Καὶ
3000 5578 3135 5648 δῆτα
3158 5578 3236 5647 τῷ
3258 5576 3356 5645 τῆς
3382 5573 3604 5642 γνώμης
3624 5564 3775 5636 ἀκ⁰ε’

2202 5650 2365 5735 οθεὶς
2404 5672 2699 5742 ἀνωμάλῳ,
2737 5672 3032 5725 ἐκέλευσεν
3069 5670 3307 5738 ἑκάστην
3348 5665 3561 5737 αἰρεσιν
3600 5656 3771 5731 γραφῇ

2167 5789 2512 5863 κομψότητος
2557 5790 2612 5845 δὲ
2657 5790 2751 5845 καὶ
2827 5787 3115 5861 τερθρείας
3168 5785 3343 5855 λόγων
3396 5778 3639 5852 ἀτριὸἠς.
3686 5773 3776 5826 So-
