4062 6434
340 418 445 480 781

1305 416 1904 478 ECCLESlASTlC:E
1941 412 2329 476 ms'romaz
2370 413 2519 473 ιω.
2565 412 2703 471 ΧΙΙ.

3497 396 3600 457 790

338 534 437 595 τὴν
464 532 673 586 οἰκείαν
704 531 1148 603 ἐγχαράττουσαν
1177 530 1355 599 δόξαν,
1388 522 1713 604 ἐγχειρίζειν
1743 527 1910 598 αὐτῷ.

2044 539 2187 584 cstes
2227 527 2305 582 illi
2333 526 2605 597 dogmatis
2641 520 2860 579 classici
2905 530 2959 576 ct
2995 515 3179 574 idonei
3209 518 3414 572 essent.
3442 509 3599 563 rat-ilo.

353 626 439 686 Ὠς
455 624 498 677 δ’
527 618 663 695 ἦκεν
686 601 869 695 ἡμέρα
899 624 1021 678 καθ’
1048 623 1114 696 ἢν
1140 623 1341 694 ὥριστο
1369 601 1566 686 “causa,
1594 628 1656 677 ὲκ
1692 623 1790 694 μὲν
1808 623 1921 677 τῶν

2044 639 2121 678 ros
2158 620 2520 691 qumslionem
2553 620 2633 671 rei
2658 613 2955 686 cujuslibet
2999 610 3306 670 decisuros,
3339 603 3385 657 si
3410 601 3511 670 ipsi
3547 603 3601 652 in

343 715 633 783 όμοούσιον
663 714 997 780 δοξαζόντων
1028 716 1234 786 Τριάδα
1272 716 1455 786 παρῆν
1487 716 1796 785 Νεκτὰριος
1828 714 1924 767 καὶ.

357 807 620 873 Ἀγέλιος,
657 808 770 859 τῶν
819 807 875 860 δὲ
916 807 1018 875 τῆς
1071 808 1338 877 αἱρέσεως
1384 809 1601 878 Ἀρείου
1647 824 1927 879 παρασπι-

350 896 554 953 ζὸντων
587 899 918 967 Δημόφιλος.
957 899 1223 967 Εὑνόμιος
1251 899 1308 953 δὲ
1360 899 1523 963 αὐτὸς
1554 899 1695 970 ὑπὲρ
1728 901 1826 967 τῆς
1851 898 1926 950 οἱ-

346 989 502 1052 κ;ίας
555 990 712 1057 δόξης
754 991 969 1060 παρῆνο
1020 989 1293 1054 Ἐλεύσιος
1327 991 1383 1043 δὲ
1422 993 1449 1044 ὁ
1498 991 1739 1055 Κυζίκου
1785 989 1926 1060 ὑπὲρ

349 1080 454 1133 τῶν
479 1081 834 1149 καλουμένων
880 1082 1319 1136 Μακεδονιανῶν.
1369 1083 1557 1146 Πάσας
1585 1083 1642 1136 δὲ
1686 1084 1785 1144 τὰς
1818 1084 1926 1134 τῶν

351 1173 617 1243 αἱρέσεων
650 1173 892 1226 ἐπελθὼν
921 1175 1078 1240 δόξας
1107 1176 1135 1227 ὁ
1180 1174 1459 1243 βασιλεὺς,
1491 1177 1660 1244 μόνην
1706 1176 1928 1247 ἔκρινεν

352 1263 526 1333 ἀληθῆ
558 1265 653 1316 καὶ
700 1264 788 1317 διὰ
821 1263 1097 1333 θαύματος
1125 1261 1285 1336 ἦγεν,
1315 1267 1348 1336 ἢ
1378 1265 1439 1337 δὴ
1474 1267 1686 1338 Ἰιριάδα
1729 1267 1929 1336 όμοού-

355 1371 471 1406 σιον
536 1357 853 1425 εἰσηγεῖτοο
908 1359 1007 1421 τὰς
1032 1358 1089 1410 δὲ
1134 1359 1329 1421 λοιπὰς
1374 1359 1673 1430 ὃιερρήγνυ
1728 1361 1803 1424 ὡς
1862 1363 1928 1431 τῇ

355 1447 582 1518 ἀληθείᾳ
609 1449 1040 1518 διαμαχομένας.
1065 1452 1133 1504 Οἱ
1155 1450 1256 1521 μὲν
1290 1446 1385 1505 οὗν
1417 1451 1517 1522 τὴν
1563 1452 1815 1506 Ναυάτου
1847 1468 1933 1504 νο-

359 1538 582 1603 σοῦντες
608 1540 821 1606 αἵρεσιν
851 1543 1062 1612 οὑῖαμῆ
1091 1544 1278 1607 κακῶς
1321 1543 1612 1614 ἔπραττον,
1643 1543 1737 1598 ἆτε
1768 1543 1831 1614 δὴ
1864 1545 1930 1614 τῇ

359 1629 589 1683 καθόλου
628 1631 945 1703 Ἑκκλησίᾳ,
986 1633 1126 1703 πλὴν
1173 1633 1312 1698 ἐνὸς,
1344 1633 1412 1689 τὰ
1458 1634 1549 1687 ἴσα
1585 1633 1929 1705 φρονοῦντες,

358 1722 452 1774 καὶ
481 1721 557 1791 τῷ
595 1722 867 1793 ὁμοουσίῳ
899 1724 1048 1793 μάλα
1086 1724 1513 1796 προσκείμενον
1549 1728 1605 1780 αἱ
1636 1725 1694 1780 δὲ
1743 1727 1931 1779 λοιπαὶ

357 1812 465 1866 τῶν
500 1814 786 1884 αἱρέσεων,
836 1819 1026 1881 κακῶς
1067 1820 1206 1889 πρὸς
1248 1819 1377 1881 τοὺς
1418 1820 1717 1891 σφετέρους
1763 1821 1930 1890 ἱερεῖς

362 1906 736 1975 ἕκαλέπαινεν,
763 1909 955 1981 ἅτε-δὴ
983 1876 1211 1981 ἀμαθῶς
1239 1912 1317 1983 τῷ
1355 1876 1651 1984 κρατοῦντι
1679 1876 1926 1983 διομίληζ
1961 1876 2001 1928 Β

363 1995 590 2063 σάμενοι
615 2011 631 2027 ⁸
658 1990 735 2050 ὧν
763 2000 811 2051 οἱ
846 2003 1091 2053 πλεῖστοι
1121 2005 1213 2055 καὶ
1252 2001 1353 2065 τὰς
1376 2002 1603 2057 ἐκείνων
1630 2003 1789 2068 δόξας
1813 2002 1930 2056 δια-

360 2083 702 2151 πτύσαντες,
749 2089 886 2156 πρὸς
947 2090 1046 2162 τὴν
1090 2091 1477 2146 ἑπαινεθεῖσαν
1546 2092 1931 2164 μετεῤῥύησαν

359 2177 564 2231 πίστιν.
590 2178 856 2245 Βασιλεὺς
882 2183 929 2236 δ’
963 2185 1215 2238 ἐντεῦθεν
1263 2186 1427 2257 νόμον
1462 2183 1651 2248 ἐτίθει,
1685 2186 1933 2250 καὶτοὺς

364 2268 440 2338 μὴ
486 2271 563 2341 τῷ
597 2273 878 2345 όμοουσῖῳ
921 2276 1274 2347 στοιχοῦντας
1327 2279 1548 2332 ἐκέλευε
1615 2279 1741 2351 μηδ’
1797 2280 1934 2345 ὅλως

360 2363 780 2435 ἐκκλησιάζειν·
819 2369 955 2424 ἀλλά
983 2371 1121 2441 μηδὲ
1156 2373 1287 2442 περὶ
1339 2375 1577 2436 πίστεως
1615 2375 1712 2427 τοῦ
1743 2374 1933 2428 λοιποῦ

357 2460 568 2530 τολμᾷν
599 2459 879 2514 διδάσκειν
901 2477 915 2494 ⁶
949 2462 1087 2515 ἀλλὰ
1124 2464 1261 2532 μηδὲ
1291 2464 1392 2534 τὴν
1431 2464 1551 2518 οἵαν
1581 2465 1644 2537 δή
1675 2481 1798 2519 τινα
1824 2483 1942 2535 χει-

364 2553 612 2623 ροτονίαν
666 2554 878 2610 ποιεϊντ
943 2555 1330 2620 ἐξελαύνεσθαι
1386 2558 1442 2610 δὲ
1501 2559 1627 2622 τοὺς
1692 2559 1793 2628 μὲν
1839 2561 1936 2612 καὶ

359 2642 548 2714 ἀγρῶν
569 2645 663 2698 καὶ
697 2645 905 2700 πόλεων
924 2663 938 2678 ο
972 2648 1205 2716 ἀτίμους
1232 2649 1278 2703 δ’
1316 2649 1511 2714 ἀλλους
1534 2645 1698 2717 εἶναι,
1734 2652 1832 2705 καὶ
1863 2651 1939 2722 μὴ

360 2739 460 2806 τῆς
494 2735 617 2808 ίσης
657 2738 935 2804 πολιτείας
969 2741 1221 2811 μετέχειν
1250 2744 1365 2806 τοῖς
1418 2743 1624 2808 ἄλλοις.
1653 2745 1941 2815 Προσεπέ-

362 2844 545 2898 γραφι
579 2829 637 2881 δὲ
662 2830 778 2894 τοῖς
804 2830 991 2900 νόμοις
1046 2833 1141 2885 καὶ
1186 2835 1461 2905 τιμωρίας
1499 2835 1761 2907 σφοδρὰς,
1809 2838 1864 2892 εί
1887 2855 1940 2891 τι

365 2923 521 2995 γνοίη
576 2926 728 2997 παρά
784 2929 846 2980 τδ
888 2926 1258 3000 νομοθετηθὲν
1309 2928 1614 3000 δρώμενον.
1661 2929 1805 2983 Ἀλλ’
1840 2931 1943 2984 οὐκ

366 3013 585 3085 ἐπεξῄει
610 3032 624 3045 ·
656 3018 713 3080 ἐς
739 3016 859 3080 δέος
890 3019 1001 3090 γὰρ
1024 3020 1153 3084 τοὺς
1196 3021 1544 3086 σπουδαστὰς
1578 3024 1809 3076 ἐκείνων
1839 3025 1941 3093 ἑμ-

367 3106 586 3163 δάλλειν
645 3109 827 3181 ἤθελε.
862 3111 974 3165 Καὶ
1031 3112 1236 3184 σπουδή
1275 3130 1361 3179 τις
1392 3109 1461 3184 ἦν
1508 3114 1609 3185 τὴν
1655 3114 1750 3169 ὑπ’
1792 3114 1943 3186 αὐτῷ

2026 733 2091 771 en
2122 715 2562 784 acquiescerent,
2593 708 2742 779 quod
2800 707 2879 761 illi
2920 705 2987 761 de
3029 697 3421 758 controversiis
3454 697 3607 765 ejus.

2027 807 2174 862 modi
2194 815 2249 861 et
2278 803 2555 860 senserint
2580 810 2635 856 et
2657 799 2915 855 dixerint.
2945 790 3397 862 Quandoquidem
3420 798 3602 841 autem

2027 900 2192 954 etiam
2237 897 2305 951 de
2362 911 2429 951 eo
2481 893 2774 949 haeresium
2822 890 2995 945 duces
3040 881 3438 941 dissentiebant
3469 879 3600 949 (non

2030 991 2295 1047 omnibus
2313 989 2461 1045 enim
2500 976 2691 1042 eadem
2715 983 2783 1037 de
2812 989 3057 1036 veterum
3088 971 3446 1047 Opinionibus
3472 983 3604 1024 sen-

2033 1084 2202 1141 tentia
2234 1083 2397 1152 erat),
2433 1096 2549 1136 rem
2584 1092 2771 1133 secum
2813 1075 2931 1145 ipse
2969 1067 3316 1143 perpendens
3363 1065 3605 1132 impera-

2034 1188 2118 1232 tor
2150 1174 2420 1231 intellexit
2464 1180 2753 1244 propterea
2800 1168 2926 1223 illos
2956 1165 3291 1237 propositam
3330 1157 3434 1213 sibi
3478 1170 3609 1210 con—

2031 1271 2295 1324 ditionem
2359 1266 2698 1336 repudiare,
2752 1262 2897 1332 quod
2969 1252 3439 1327 disputationibus
3492 1248 3610 1301 suis

2032 1356 2780 1426 conliderent.Quamobretn
2805 1352 3048 1420 iniquam
3070 1344 3399 1403 sententiam
3414 1354 3607 1395 eorum

2036 1452 2261 1508 moleste
2291 1451 2496 1513 ferens,
2548 1445 2798 1501 haeresim
2837 1455 3117 1512 quamque
3163 1434 3439 1491 libi-llum.
3491 1432 3615 1498 opt.

2036 1545 2253 1598 nionem
2330 1540 2598 1610 cujusque
2676 1536 3178 1603 complectentem,
3245 1525 3449 1580 olfcrrc
3507 1520 3613 1574 sibi

2032 1633 2213 1702 jussit.
2239 1608 2411 1701 259'
2436 1628 2615 1699 Atque
2669 1626 2757 1680 ubi
2790 1624 2910 1679 dies
2941 1619 3243 1678 constituta
3275 1608 3522 1674 advenit,
3552 1626 3616 1663 ex

2037 1725 2118 1779 eis
2134 1723 2228 1793 qui
2243 1722 2569 1777 Trinitatem
2589 1716 2897 1791 ὁμοοόσιον,
2921 1707 3466 1773 consubstantialem,
3495 1719 3623 1775 pro-

2043 1817 2365 1878 lltebantur,
2392 1813 2686 1868 Nectarius
2725 1809 2902 1871 alluit,
2929 1816 2987 1862 et
3008 1805 3231 1876 Agelius
3259 1819 3274 1857 :
3306 1817 3372 1856 ex
3402 1797 3629 1853 Arianis.

2036 1918 2242 1968 autem.
2287 1905 2641 1974 DemOphilus
2679 1919 2696 1957 :
2751 1900 2981 1957 heresis
3018 1913 3131 1953 sum
3166 1894 3410 1965 nomine,
3438 1891 3623 1949 Euno-

2035 2005 2179 2058 mius
2205 2016 2225 2056 :
2284 1998 2539 2054 Eleusius
2577 2010 2786 2052 autem
2822 1993 3146 2065 Cyzicenus,
3196 1984 3621 2042 Macedoniam:-

2034 2094 2154 2150 rum
2185 2102 2370 2164 partes
2389 2103 2765 2162 propugnans.
2808 2083 2981 2139 Porro
3012 2083 3311 2151 imperator
3336 2070 3618 2144 opinioni-

2036 2188 2140 2242 bus
2190 2163 2577 2240 baereticorum
2611 2177 2874 2235 omnibus
2902 2171 3194 2246 perlectis,
3235 2168 3411 2225 solam
3450 2163 3625 2219 admi-

2036 2290 2191 2334 ratus
2212 2287 2319 2341 est,
2354 2285 2411 2332 et
2434 2288 2620 2330 veram
2653 2284 2774 2326 esse
2812 2267 3110 2331 indicavit,
3141 2277 3263 2333 quae
3291 2258 3620 2315 Trinitatem

2039 2370 2347 2442 ὁμοούσιον,
2379 2363 2937 2427 consubstantialem,
2960 2356 3299 2429 deprazdicat
3337 2373 3349 2407 :
3382 2353 3624 2420 reliquas

2038 2481 2172 2521 vero
2203 2476 2265 2520 ut
2303 2461 2519 2518 veritati
2565 2466 2956 2529 repugnantes,
3001 2452 3294 2509 conscidit.
3329 2449 3640 2502 Enimvero~

2038 2559 2122 2614 eis
2151 2558 2248 2628 qui
2281 2555 2478 2611 Novati
2504 2552 2703 2608 haeresi
2736 2550 3012 2611 laborant,
3060 2546 3198 2599 nihil
3229 2540 3450 2598 adversi
3478 2539 3627 2593 acci-

2041 2652 2170 2706 dit:
2223 2649 2428 2721 quippe
2451 2648 2546 2718 qui
2595 2644 2857 2701 Ecclesiae
2906 2641 3213 2703 catholicae,
3255 2645 3623 2707 praeterquam

2042 2747 2096 2800 in
2133 2758 2190 2799 re
2232 2758 2360 2808 una,
2392 2737 2792 2802 consentirent,
2833 2744 2890 2791 et
2911 2733 3205 2805 ὁμοουσίῳ,
3265 2726 3633 2783 consubstan—

2046 2837 2183 2901 tiali,
2204 2832 2502 2889 admodum
2528 2830 2865 2885 inhaererent
2905 2824 3154 2894 Reliquae
3174 2827 3358 2874 autem
3389 2817 3632 2870 haereses

2043 2930 2281 3000 graviter
2316 2926 2608 2998 episcopos
2646 2936 2777 2978 suos
2830 2931 3129 2988 accepere,
3161 2911 3311 2984 quod
3353 2925 3463 2963 non
3492 2907 3631 2960 satis

2044 3021 2391 3079 considerate
2420 3033 2547 3074 cum
2574 3018 2908 3085 imperatore
2928 3011 3191 3082 egissent.
3208 3004 3436 3063 Plurimi
3461 3003 3631 3057 etiam

2045 3129 2113 3169 ex
2137 3113 2241 3179 eis,
2263 3110 2527 3182 opinione
2550 3108 2771 3163 illorum
2805 3114 3013 3175 spreta,
3047 3103 3114 3157 ad
3156 3099 3488 3156 sententiam
3509 3096 3637 3149 lau-

365 3201 683 3274 ἀρχομένην
732 3205 1064 3275 όμοφρονεϊν
1116 3205 1269 3278 αὐτῷ
1321 3210 1450 3275 περὶ
1503 3207 1604 3279 τὴν
1648 3206 1744 3262 τοῦ
1795 3207 1942 3261 θείου

2046 3207 2226 3261 datam
2261 3204 2547 3257 transiere.
2578 3197 2788 3255 Deinde
2834 3198 3134 3266 imperator
3159 3195 3332 3263 legem
3367 3189 3493 3242 tulit
3527 3186 3637 3257 (1),

367 3296 548 3361 δόξαν.
586 3297 754 3352 Ὅθεν
788 3300 884 3352 καὶ
917 3299 1007 3354 διὰ
1054 3299 1263 3369 πολλῆς
1289 3294 1396 3370 ἦγε
1426 3301 1617 3371 τιμῆς,
1641 3299 1737 3364 οὓς
1777 3318 1949 3372 μετα-

367 3389 689 3460 τιθεμένους
722 3388 782 3454 ὲξ
804 3391 1074 3464 αἱρέσεων
1104 3391 1447 3461 διεγίνωσκε.
1473 3392 1587 3464 Τῆς
1617 3393 1675 3447 δὲ
1720 3395 1948 3449 συνόδου

368 3480 574 3550 ταύτης
601 3483 1089 3554 συγκροτουμένης
1119 3485 1183 3538 ὲκ
1212 3482 1470 3555 δευτέρου
1495 3487 1563 3555 τῇ
1594 3485 1952 3540 Κωνσταντί-

370 3590 486 3638 νου,
515 3575 589 3637 ὡς
647 3575 905 3645 εἴρηται,
946 3575 1232 3630 Θεοδοσίου
1285 3575 1639 3648 κρατοῦντος,
1699 3573 1839 3650 ἧκεν
1891 3578 1952 3644 ἐξ

381 3662 659 3732 Ἐσπέρας
690 3667 904 3727 τούτοις
929 3666 1188 3737 ἐπιστολή
1209 3680 1224 3696 ⁶
1258 3665 1401 3721 ὥστε
1435 3666 1573 3738 πρὸς
1594 3668 1693 3738 τὴν
1730 3666 1952 3739 Ῥώμην

370 3758 467 3811 καὶ
493 3758 695 3822 αὐτοὺς
727 3752 1035 3827 ἀφικέσθαι
1061 3760 1280 3815 συνόδου
1319 3760 1587 3832 μεγίστης
1623 3762 1790 3816 κάκεῖ
1822 3779 1956 3829 κροσ

370 3853 663 3923 τουμένης,
697 3854 792 3906 καὶ
824 3854 910 3906 ἵνα
937 3853 1033 3907 καὶ
1073 3853 1143 3907 τὰ
1172 3854 1294 3908 κατ’
1329 3856 1668 3924 Ἀντιόχειαν
1698 3855 1953 3925 Παυλίνῳ

373 3948 467 3999 καὶ
491 3947 782 4018 Φλασιανῷ
836 3948 1113 4018 γενόμενα
1167 3949 1458 4018 διαγνοῖεν.
1505 3948 1670 4003 Ἀλλά
1702 3949 1804 4019 τὴν
1853 3950 1954 4021 μὲν

373 4037 512 4107 πρὸς
541 4037 764 4107 Ῥώμην
794 4039 1135 4108 ἀποδημίαν,
1168 4039 1245 4104 ὡς
1275 4041 1510 4111 ἀκερδῆ,
1536 4041 1586 4094 οἱ
1615 4041 1673 4094 ἑν
1702 4043 1770 4112 τῇ
1800 4042 1957 4097 Κων-

374 4131 655 4185 σταντίνου
714 4131 1104 4203 ἀθροισθέντες
1178 4131 1468 4187 ἐπίσκοποι
1521 4135 1953 4205 παρῃτήσαντο·

374 4225 694 4279 ἐπέστελλον
720 4226 776 4279 δὲ
807 4228 900 4278 καὶ
926 4224 1096 4291 οὗτοι,
1126 4225 1220 4278 τόν
1246 4224 1293 4278 τ’
1318 4225 1693 4297 ὲπεγερθέντα
1726 4229 1794 4298 τῇ
1833 4227 1958 4281 Ἐκ-

377 4318 581 4388 κλησῖᾳ
631 4317 897 4387 μέγιστον
937 4315 1189 4370 κλύδωνα
1237 4315 1349 4370 τῶν
1403 4316 1675 4388 αἱρέσεων
1712 4317 1958 4386 διαγγέλο

374 4409 559 4473 λοντες
587 4425 601 4440 ο
640 4410 829 4478 ἡρέμα
874 4408 932 4462 δέ
979 4425 1098 4471 πως
1132 4408 1229 4462 καὶ
1276 4409 1375 4478 τῆς
1421 4409 1636 4462 ἑκείνου
1689 4410 1957 4480 ἀμελείας

376 4498 720 4570 καθήπτοντο
741 4515 756 4531 θ
785 4502 842 4552 ὲν
876 4500 1161 4571 κεφαλαίῳ
1184 4501 1242 4554 δὲ
1273 4500 1335 4554 τὸ
1392 4501 1756 4556 ἀποστολικὸν
1819 4503 1957 4575 φρό-

2049 3315 2120 3353 ne
2149 3312 2178 3351 a
2199 3292 2696 3353 Consubstantialis
2720 3288 2847 3345 lidei
2867 3285 3211 3360 professione
3243 3283 3634 3342 abhorrentes,

2049 3398 2357 3447 conventus
2408 3386 2626 3457 aliquos
2678 3381 3086 3440 ecclesiasticos
3142 3388 3369 3448 agerent
3415 3391 3429 3429 :
3492 3387 3635 3426 neve

2052 3493 2243 3554 postea
2285 3481 2357 3536 de
2389 3479 2493 3535 lide
2537 3478 2737 3535 docere
2774 3477 3081 3541 auderent,
3111 3484 3205 3528 aut
3233 3468 3471 3540 eligendi
3508 3480 3641 3520 con-

2051 3575 2415 3645 secrandique
2439 3573 2771 3644 quempiam,
2791 3578 3117 3642 potestatem
3139 3566 3427 3620 haberent.
3448 3562 3643 3617 Sanxit

2052 3679 2341 3742 praeterea,
2396 3677 2456 3724 ut
2496 3668 2575 3722 illi
2603 3666 2800 3736 partim
2843 3680 2911 3719 ex
2946 3661 3092 3733 agris
3125 3668 3181 3715 et
3211 3657 3444 3712 urbibus
3473 3654 3642 3742 pellg-

2054 3770 2270 3826 rentur,
2288 3759 2486 3831 partim
2514 3757 2739 3812 infantia
2771 3760 3114 3814 notarentur,
3134 3763 3314 3818 neque
3333 3734 3636 3816 quidqu’atn

2053 3870 2178 3912 cum
2228 3852 2460 3921 reliquis
2489 3850 2706 3906 civibus
2748 3860 3042 3903 commune
3094 3842 3385 3897 haberent.
3422 3837 3645 3893 Consti-

2056 3944 2362 4001 tutionibus
2392 3942 2470 4013 (2)
2523 3941 2792 4010 ejusmodi
2844 3952 3035 4009 pmnas
3075 3948 3270 4005 graves
3315 3930 3563 3992 addidit,
3596 3928 3663 3982 si.

2055 4054 2391 4113 quemquam
2424 4046 2618 4094 contra
2650 4036 2871 4091 decreta
2911 4048 3012 4089 sua
3038 4030 3382 4087 couunisisse
3417 4036 3646 4095 compc-

2059 4135 2242 4189 risset.
2275 4132 2381 4188 Sed
2411 4146 2506 4186 eas
2552 4127 2893 4186 exsecutioni
2924 4140 3032 4181 non
3068 4122 3387 4179 mandavit:
3423 4128 3635 4175 metum

2056 4226 2205 4281 enim
2240 4232 2451 4280 tantum
2476 4220 2771 4277 haeresium
2797 4217 3063 4274 studiosis
3082 4217 3331 4272 incutere
3354 4211 3564 4276 voluit;
3589 4216 3647 4263 et

2058 4321 2114 4376 id
2165 4318 2399 4374 maxime
2445 4314 2632 4370 ειυιΙίο
2680 4312 2896 4377 habuit,
2933 4318 2997 4366 ut
3035 4308 3226 4381 populi
3262 4306 3496 4375 imperio
3526 4304 3648 4374 ejus

2060 4407 2592 4483 subjecti,eamdem
2622 4420 2808 4462 secum
2841 4403 2913 4460 de
2943 4404 3056 4461 Deo
3083 4399 3400 4457 obtinerent
3426 4394 3648 4464 opinio~

2061 4519 2209 4558 nem.
2235 4502 2583 4570 Quapropter
2614 4510 2815 4568 magno
2849 4494 3015 4550 etiam
3068 4506 3164 4547 eos
3204 4496 3532 4560 prosecutus
3564 4492 3649 4538 est

378 4611 528 4663 νημα
555 4595 635 4664 τῷ
666 4595 964 4665 γράμματι
1012 4592 1478 4665 ὲγκατέσπειραν.
1511 4594 1853 4664 Σαφέστερον
1899 4595 1942 4647 δὲ

2062 4597 2295 4660 honore,
2325 4609 2465 4664 quos
2505 4592 2574 4647 ab
2606 4588 2881 4645 haereticis
2908 4585 2977 4642 ad
3026 4584 3315 4641 ecclesiam
3361 4579 3649 4634 universa-

377 4691 470 4741 τὶν
528 4689 774 4757 ἀνδρεῖον
805 4686 1035 4739 ἐκείνων
1086 4684 1217 4740 νοῦν
1248 4686 1344 4740 καὶ
1375 4684 1475 4752 τὴν
1505 4685 1682 4756 ἀληθῆ
1737 4686 1954 4754 σοφίαν,

378 4779 518 4833 αὐτοὶ
542 4777 592 4847 γ’
622 4781 804 4831 ἐκεῖνα
827 4779 1176 4849 παραστήσει
1209 4776 1276 4829 τὰ
1299 4776 1628 4847 γράμματα,
1655 4776 1781 4829 τάδε
1815 4779 1958 4832 κατὰ

380 4874 533 4945 ῥῆμα
565 4872 831 4938 διεξιόντα
853 4890 866 4903 ο

2064 4686 2171 4741 lem
2198 4684 2480 4739 transiisse
2506 4668 2783 4752 cognovit.
2820 4677 2957 4734 Cum
2982 4675 3226 4749 synodus
3259 4669 3651 4729 Constantino.

2067 4777 2179 4848 poli
2240 4778 2480 4841 iterum,
2536 4772 2700 4829 sicuti
2734 4772 2942 4827 dictum
2998 4776 3103 4835 est,
3165 4765 3269 4821 sub
3320 4765 3650 4834 imperatore

2071 4868 2383 4924 Theodosio
2411 4874 2690 4935 ageretur,
2709 4880 2774 4919 ex
2806 4861 3104 4919 Occidente
3135 4859 3334 4914 litters:
3361 4867 3650 4915 rem-runt,

383 4982 441 5025 ut
469 4972 570 5042 ipsi
604 4987 825 5043 quoque
858 4969 1088 5026 Romam
1127 4969 1194 5024 ad
1226 4968 1525 5047 concilium
1555 4968 1628 5022 ibi
1666 4968 1962 5021 maximum
2006 4965 2421 5031 institutum,iu
2449 4980 2560 5034 quo
2580 4962 2648 5018 de
2699 4961 2865 5017 rebus
2886 4959 3052 5013 etiam
3083 4954 3444 5011 Antiocheuis
3503 4953 3653 5005 inter

377 5065 666 5121 Paulinum
698 5078 755 5122 et
779 5066 1097 5121 Flavianum
1162 5062 1533 5125 decideretur,
1603 5060 1878 5116 venirent.
1952 5061 2220 5114 Caeterum
2279 5059 2372 5130 qui
2424 5050 2896 5124 Fonstantinopoli
2949 5050 3262 5123 congregati
3330 5057 3489 5105 erant
3531 5048 3650 5121 epi-

380 5161 554 5230 scopi,
585 5159 983 5231 profectionem
1019 5157 1319 5212 Rmuanam
1346 5165 1406 5210 ut
1455 5153 1859 5209 incommodam
1927 5154 2327 5208 detrectarunt.
2407 5149 2708 5222 Epistulam
2764 5159 2945 5204 autem
3002 5147 3367 5216 scripserunt.
3436 5143 3492 5196 in
3543 5116 3652 5209 qua

379 5256 671 5309 excitatam
706 5253 759 5305 in
800 5254 1039 5309 Ecclesia
1076 5252 1145 5307 ab
1195 5248 1469 5306 Itmreticis
1517 5248 1813 5318 procellam
1894 5248 2184 5300 maximam
2250 5256 2655 5315 exposuerunt:
2687 5254 2744 5298 et
2796 5240 3195 5311 aliquantulum
3267 5233 3653 5304 negligentiam

382 5357 439 5400 ct
475 5346 748 5403 incuriam
777 5348 994 5403 illorum
1064 5344 1528 5417 perstrinxerunt,
1569 5341 1996 5411 sutnmatitnque
2039 5340 2392 5411 apostolicam
2451 5337 2778 5394 sententiam
2818 5336 3195 5391 inseruerunt.
3233 5327 3399 5399 250
3436 5325 3543 5380 Sed
3579 5324 3654 5376 vi-

382 5442 540 5497 rilem
590 5459 782 5499 eorum
823 5443 1093 5508 animum,
1165 5452 1465 5509 veramque
1503 5434 1870 5505 sapientiam,
1938 5438 2042 5490 illa:
2078 5436 2209 5506 ἱρείη
2266 5435 2464 5490 littera:
2528 5433 2922 5497 declarabant,
2987 5429 3042 5482 in
3105 5425 3220 5480 haec
3289 5419 3457 5474 verba
3520 5431 3657 5473 con-

380 5548 554 5608 cepta:
589 5554 603 5596 :

457 5698 534 5762 (ll
561 5696 623 5754 lt.
655 5697 845 5753 Omnes
880 5698 1052 5753 vetita!
1079 5695 1141 5750 C.
1175 5697 1250 5755 Dc
1283 5696 1530 5752 lucretio.
1559 5707 1615 5751 et
1647 5694 1888 5749 Manieh.

455 5758 536 5839 (⁸3)
599 5769 661 5826 L.
718 5769 909 5825 Cuncti
954 5770 1210 5824 hwretici.
1274 5785 1397 5824 cum
1445 5768 1536 5823 ιι.
1593 5766 1978 5837 sequentibus.
2025 5758 2162 5817 Eod.
