4062 6444
504 328 606 395 791

1084 454 1312 515 CAPUT
1363 459 1501 515 XVI.

504 538 754 610 Epistola
781 541 1387 622 Constantinopolitame
1401 552 1608 622 synodi,
1630 554 1701 608 ad
1729 554 2091 615 Occidentales

1031 620 1299 689 episcopos
1335 620 1559 690 scripta.

581 744 600 776 ι
638 726 1136 789 Reverendissimis
1179 735 1440 805 dominis,
1475 749 1532 797 et
1568 745 1804 801 maxime
1836 748 1944 817 piis
1977 749 2090 805 fra-

508 815 684 872 tribus
712 828 878 891 atque
907 822 1153 895 collegis,
1182 826 1439 897 Damaso,
1469 833 1784 905 Ambrosio,
1828 815 2086 912 llrittoni,

504 907 815 973 Valeriano.
868 912 1150 980 Ascholio,
1192 918 1444 988 Anemio,
1480 933 1538 980 et
1592 927 1824 1000 reliquis
1876 907 2088 991 sanctis

501 998 797 1069 episcopis,
832 1003 886 1058 in
919 1021 1117 1079 magna
1166 1011 1305 1066 urbe
1339 1013 1586 1071 Romana
1622 998 1864 1089 coactis;
1899 1034 2086 1095 sancta

499 1090 741 1159 synodus
772 1096 1206 1157 orthodoxorum
1237 1114 1289 1159 et
1313 1116 1461 1164 recte
1492 1110 1849 1169 sentientium
1874 1090 2090 1188 episco-

498 1194 697 1247 porum
751 1183 807 1239 in
844 1202 1037 1259 magna
1091 1193 1232 1249 urbe
1291 1183 2085 1271 Constantinopolitana—con—

497 1284 875 1343 gregatorum,
907 1279 963 1335 in
992 1282 1225 1341 Domino
1259 1289 1515 1346 salutem.
1545 1293 1811 1351 Pietatem
1846 1307 2082 1355 vestram

498 1376 758 1437 tanquam
791 1370 1036 1442 ignaram
1069 1375 1368 1445 docere,et
1390 1396 1757 1440 mrumnarum
1777 1388 1889 1443 vim
1922 1391 2084 1450 nobis

495 1458 566 1513 ab
633 1459 938 1531 impotenti-
968 1466 1344 1526 dominatione
1403 1472 1736 1533 Arianorum
1804 1482 2080 1540 illatarum

497 1563 956 1623 commemorare,
983 1560 1324 1630 superﬂuum
1364 1563 1598 1624 fortasse
1625 1579 1731 1626 est.
1765 1570 1886 1629 Non
1930 1578 2079 1632 enim

497 1646 911 1708 exsistimamus
963 1657 1222 1725 pietatem
1268 1672 1534 1733 vestram,
1572 1683 1661 1724 res
1710 1680 1929 1729 nostras
1969 1684 2077 1731 tam

493 1738 631 1795 nihil
662 1741 728 1796 ad
768 1758 827 1806 se
853 1748 1131 1829 pertinere
1158 1751 1431 1824 judicare,
1465 1765 1525 1811 ut
1560 1758 1628 1814 de
1656 1760 1740 1814 eis
1759 1777 2077 1822 commone-

494 1830 748 1890 facienda
801 1838 894 1903 sit,
931 1838 986 1895 in
1028 1842 1234 1912 quibus
1277 1848 1579 1906 condolere
1622 1868 1742 1907 eam
1789 1856 2077 1914 nobiscum

491 1926 760 1993 oportuit.
795 1926 986 2000 Neque
1038 1934 1176 1990 tales
1224 1949 1357 1994 sunt
1378 1955 1515 2010 quas
1561 1946 1894 2014 pertulimus
1943 1959 2084 2006 tem-

488 2028 754 2085 pestates,
790 2033 851 2079 ut
873 2023 1045 2083 latere
1077 2032 1348 2088 tenuitate
1377 2049 1474 2090 sua
1510 2040 1815 2107 potuerint.
1840 2041 1909 2097 Et
1938 2053 2079 2099 tem-

486 2124 593 2175 pus
648 2117 1099 2182 persecutionum
1133 2124 1529 2198 propinquum,
1583 2143 1859 2190 recentem
1895 2137 2080 2195 adhuc

487 2206 814 2261 memoriam
860 2222 1173 2281 conservat,
1222 2232 1336 2274 non
1383 2220 1466 2276 eis
1512 2231 1722 2280 tantum
1751 2227 1846 2297 qui
1891 2229 2076 2287 amicti

485 2305 640 2364 sunt,
690 2301 783 2355 sed
855 2304 1022 2360 etiam
1071 2309 1167 2378 qui
1215 2325 1314 2382 per
1367 2312 1693 2372 charitatcm
1749 2319 2075 2379 amictorum

484 2389 779 2479 miserias,_
798 2409 930 2452 suas
985 2398 1234 2469 ipsorum
1292 2420 1570 2465 aerumnas
1621 2425 1744 2467 esse
1792 2426 2075 2485 reputant.

485 2479 616 2535 lleri
661 2499 921 2557 namque,
959 2494 1393 2564 propemodum,
1435 2509 1493 2555 et
1542 2516 1720 2572 nuper
1751 2479 2072 2575 admodum,

484 2572 590 2634 alii.
612 2576 836 2645 quidem
865 2582 1044 2638 exsilii
1079 2583 1314 2643 vinculis
1345 2590 1534 2657 soluti,
1564 2594 1631 2649 ad
1659 2597 1925 2655 ecclesias
1946 2616 2077 2658 suas

484 2682 584 2736 per
604 2668 932 2730 aﬂiictioncs
955 2677 1386 2741 innumerabiles
1402 2687 1745 2754 postliminio
1766 2691 2072 2751 redierunt.

482 2762 857 2829 Quorumdam
911 2778 1094 2826 autem
1129 2774 1181 2829 in
1210 2777 1406 2834 exsilio
1448 2778 1833 2838 defunctorum
1891 2788 2077 2845 relata:

483 2860 618 2907 sunt
681 2856 954 2926 reliquiae.
980 2860 1217 2928 Quidam
1256 2868 1423 2924 etiam
1471 2881 1599 2941 post
1641 2873 1905 2945 reditum,
1944 2894 2071 2935 cum

482 2942 542 2998 in
572 2943 879 3005 ferventem
915 2953 1099 3010 adhuc
1124 2956 1512 3017 haereticorum
1557 2942 1898 3024 incidissent
1916 2970 2073 3027 luro-

480 3050 623 3103 rem,
657 3042 945 3100 acerbiora
981 3061 1205 3119 quoque
1254 3051 1427 3123 domi,
1467 3072 1631 3127 quam
1676 3058 1730 3114 in
1757 3060 2075 3135 longinquis

1699 350 2125 419 NlCEPHORl
2167 360 2515 443 caurer
2734 365 2749 379 ‘
3052 326 3057 331 ’
3168 345 3181 355 ’
3650 390 3738 453 7-22

2110 473 2160 534 Λ

2776 486 3033 544 ΚΕΦΑΛ.
3073 491 3190 558 ις’.

2207 567 2681 647 Ἐπιστολὴ-τῆς
2721 574 2792 629 ἐν
2824 580 3455 640 Κωνσταντινουπόλει
3503 590 3740 647 συνόδου

2302 641 2455 710 πρὸς
2475 643 2619 711 τοὺς
2647 645 2928 713 δυτικοὺς
2953 649 3326 720 ἐπισκόπους
3356 641 3646 728 τραφεῖσαν.

2272 774 2292 809 ι
2329 757 2558 825 κυρίοις
2583 761 2940 831 τιμιωτάτοις
2964 765 3059 819 καὶ
3080 765 3491 834 εὐλαϐεστάτοις
3513 773 3740 842 ἀδελφοῖς

2188 851 2285 905 καὶ
2319 851 2783 924 συλλειτουργοῖς,
2813 857 3080 927 Δαμάσῳ,
3113 857 3447 933 ’Δμόροσίῳ,
3476 865 3738 936 Βρίττωνι,

2189 944 2565 1016 Οὖαλεριανῷ,
2602 947 2891 1019 Ἀσχολίῳ,
2928 950 3191 1023 Ἀνεμίῳ,
3228 955 3509 1027 Βασιλείῳ,
3532 958 3745 1023 καὶτοῖς

2187 1037 2399 1101 λοιποῖς
2425 1039 2608 1107 ἁγίοις
2640 1042 2967 1106 ἐπισκόποις
2992 1045 3107 1107 τοῖς
3145 1045 3560 1116 συνεληλυθόσιν
3589 1050 3643 1103 ἐν
3684 1053 3743 1122 τῇ

2191 1128 2406 1201 μεγάλῃ
2452 1129 2608 1185 πόλει
2650 1130 2870 1206 Ῥώμῃ,
2903 1133 2935 1204 ή
2977 1135 3110 1203 ἀγία
3151 1135 3373 1202 σύνοδος
3414 1140 3520 1194 τῶν
3548 1139 3746 1209 ὀρθοδό-

2188 1219 2293 1284 ξων
2342 1221 2664 1278 ἐπισκόπων
2713 1225 2824 1279 τῶν
2873 1227 3321 1299 συνεληλυθότων
3357 1232 3417 1284 ἐν
3450 1233 3514 1303 τῇ
3555 1233 3747 1307 μεγάλη

2184 1313 2341 1382 πόλει
2371 1313 2958 1371 Κωνσταντινουπόλει
2979 1319 3037 1371 ἐν
3086 1319 3277 1392 Κυρίῳ
3305 1322 3529 1393 χαίρειν.
3559 1324 3628 1376 Τὸ
3658 1326 3746 1396 μὲν

2182 1401 2259 1465 ώς
2294 1404 2604 1473 ἀγνοοῦσαν
2631 1406 2909 1472 διδάσκειν
2924 1411 3026 1480 τὴν
3052 1411 3328 1484 ὑμετέραν
3340 1415 3637 1484 εὐλάϐειαν,
3665 1417 3747 1470 καὶ

2182 1495 2494 1566 διηγεῖσθαι
2545 1498 2657 1553 τῶν
2715 1499 3066 1572 παθημάτων
3110 1504 3172 1557 τὸ
3220 1506 3445 1576 πλῆθος,
3478 1507 3583 1561 τῶν
3621 1508 3746 1562 ἐπα-

2182 1587 2423 1659 χθέντων
2448 1592 2583 1662 ἡμῖν
2616 1592 2767 1665 παρὰ
2797 1593 2900 1663 τῆς
2947 1595 3246 1665 ’Δρειανῶν
3285 1598 3621 1664 δυναστείας,
3649 1616 3745 1653 πε-

2186 1678 2369 1750 ριττδν
2403 1681 2558 1747 ἴσως.
2593 1682 2733 1738 Οὔτε
2761 1685 2872 1757 γάρ
2897 1685 3043 1741 οὕτω
3067 1690 3349 1759 πάρεργον
3379 1690 3446 1745 τὰ
3480 1692 3596 1747 καθ’
3613 1692 3750 1763 ήμᾶς

2182 1771 2393 1842 κρίνειν
2423 1774 2523 1845 τὴν
2559 1776 2834 1848 ὑμετέραν
2861 1778 3151 1849 ἡγούμεθα
3188 1781 3517 1847 θεοσέϐειαν,
3551 1783 3622 1847 ὡς
3645 1784 3748 1836 δεῖ·

2185 1864 2310 1917 σθαι
2338 1864 2434 1919 τοῦ
2483 1866 2680 1937 μαθεῖν
2707 1867 2885 1921 ταῦτα
2930 1862 3010 1932 οἷς
3058 1870 3232 1940 ἐχρῆν
3279 1871 3602 1941 συναλγεῖν·
3635 1870 3749 1926 οὔτε

2183 1955 2427 2010 τοιοῦτοί
2457 1974 2606 2023 τινες
2638 1960 2688 2013 οί
2748 1960 3113 2030 περισχόντες
3165 1961 3318 2031 ἡμᾶς
3370 1962 3652 2034 χειμῶνες,
3678 1963 3750 2027 ὡς

2182 2038 2473 2101 λανθάνειν
2501 2047 2608 2101 ὑπὸ
2657 2049 3031 2121 σμικρότητος
3050 2067 3066 2083 ο
3093 2050 3121 2104 ὃ
3155 2068 3214 2105 τε
3244 2052 3440 2122 χρόνος
3469 2053 3575 2107 τῶν
3600 2054 3750 2122 διωγ⁴

2185 2138 2305 2209 μῶν
2335 2139 2551 2211 νεαρὸς,
2588 2139 2816 2194 ἔναυλον
2865 2142 2944 2195 ἔτι
2990 2143 3284 2212 φυλάττων
3310 2145 3412 2216 τὴν
3453 2146 3666 2217 μνήμην
3691 2145 3747 2199 οὐ

2177 2233 2293 2295 τοῖς
2324 2233 2626 2287 πεπονθόσι
2669 2233 2854 2305 μόνον,
2892 2234 3032 2289 ἀλλὰ
3062 2237 3158 2290 καὶ
3191 2239 3306 2301 τοῖς
3351 2237 3421 2291 δι’
3446 2237 3661 2308 ἀγάπην
3685 2235 3749 2291 τά

2178 2324 2291 2378 τῶν
2314 2325 2666 2380 πεπονθότων
2693 2327 3107 2399 οίκειουμένοις.
3142 2328 3285 2394 Χθές
3311 2330 3445 2401 γάρ,
3470 2331 3544 2393 ὠς
3564 2330 3749 2394 εἰπεῖν,

2180 2415 2262 2469 ἔτι
2286 2418 2384 2471 καὶ
2419 2420 2615 2489 πρώην
2644 2419 2695 2472 oi
2732 2418 2832 2488 μὲν
2856 2420 2966 2474 τῶν
2994 2420 3097 2492 τῆς
3129 2422 3349 2493 ἐξορίας
3376 2422 3621 2486 λυθέντες
3644 2422 3750 2474 δεσ-

2183 2510 2302 2580 μῶν
2329 2514 2410 2576 είς
2436 2511 2534 2578 τὰς
2572 2513 2788 2568 ἑαυτῶν
2843 2515 3146 2588 ἐκκλησίας
3174 2516 3266 2572 διὰ
3299 2519 3514 2590 μυρίων
3556 2517 3745 2586 stravi]-

2181 2621 2313 2658 κασι
2369 2603 2607 2676 θλίψεων
2629 2627 2643 2641 ·
2674 2605 2786 2661 τῶν
2839 2608 2898 2663 δὲ
2933 2610 3029 2663 καὶ
3089 2610 3505 2666 τελειωθέντων
3542 2610 3600 2664 ἐν
3640 2611 3750 2672 ταῖς

2178 2696 2419 2768 ἐξορίαις
2443 2699 2861 2771 ἐπανεκομίσθη
2882 2700 2950 2756 τά
2974 2701 3225 2772 λείψανα.
3251 2704 3415 2769 Τινὲς
3434 2703 3490 2758 δέ
3509 2703 3597 2759 καὶ
3625 2699 3750 2772 μετά

2177 2788 2279 2860 τὴν
2307 2789 2408 2860 τῆς
2457 2789 2676 2862 ἐξορίας
2729 2792 3015 2860 ἐπάνοδον,
3066 2795 3150 2849 ἔτι
3201 2793 3506 2868 βράσσοντι
3551 2794 3625 2864 τῷ
3650 2791 3747 2845 τῶν

2180 2882 2480 2952 αἱρετικῶν
2533 2887 2932 2958 περιπεσόντες
2962 2881 3143 2959 θυμῷ,
3179 2893 3490 2963 πικρότερα
3535 2889 3638 2942 τῶν
3664 2888 3747 2940 ἐπὶ

2177 2970 2281 3041 τῆς
2310 2972 2625 3042 ἀλλοτρίας,
2663 2976 2758 3029 ἐπὶ
2789 2975 2889 3047 τῆς
2943 2978 3155 3041 οἰκείας
3209 2978 3537 3050 ὑπέμειναν,
3581 2975 3748 3034 λίθους

2180 3065 2315 3136 παρ’
2346 3067 2527 3120 αὐτῶν
2580 3069 2966 3136 τελειωθέντες
2997 3071 3144 3125 κατά
3204 3070 3300 3125 τὸν
3327 3071 3604 3144 μακάριον
3637 3066 3751 3122 Στέ-

481 3143 538 3186 οι
571 3131 766 3190 alienis
787 3138 972 3205 terris,
1008 3141 1147 3197 mala
1192 3146 1467 3214 pertulere
1497 3165 1512 3203 :
1547 3149 1822 3222 lapidibus
1860 3131 1934 3211 ad
1966 3131 2073 3214 ne-

2181 3131 2353 3228 φανον
2378 3176 2393 3193 ο
2437 3160 2591 3216 ἄλλοι
2625 3163 2910 3236 διαφόροις
2945 3131 3384 3232 καταξανθέντες
3419 3131 3643 3227 αἰκίαις,
3677 3159 3747 3255 ἔτι

482 3240 602 3281 cem
655 3243 854 3300 usque,
904 3231 1066 3289 siculi
1105 3235 1300 3295 beatus
1350 3240 1688 3314 Stephanus,
1724 3246 1933 3307 obruti.
1968 3252 2074 3308 Alii

480 3318 653 3375 variis
682 3322 889 3379 concisi
915 3324 1245 3385 verberibus
1267 3340 1317 3386 et
1342 3332 1544 3406 ﬂagris,
1562 3337 1814 3409 stigmata
1832 3351 1890 3399 et
1915 3354 2077 3403 notas

480 3412 669 3469 adhuc
692 3413 898 3472 Christi
946 3427 1005 3473 et
1039 3418 1255 3477 vibices
1281 3424 1337 3478 in
1380 3440 1613 3498 corpore
1641 3446 1744 3487 suo
1781 3433 2077 3498 circumfe-

479 3515 635 3560 runt.
665 3507 1034 3566 Pecuniarum
1076 3528 1209 3570 vero
1242 3516 1465 3581 multas.
1503 3530 1559 3577 et
1582 3525 1944 3582 excussiones
1975 3543 2073 3582 ur-

478 3596 663 3663 bium,
689 3609 745 3655 et
770 3601 1113 3671 privatorum
1152 3602 1423 3663 bonorum
1462 3611 1906 3683 publicationes,
1941 3616 2076 3672 insi-

478 3690 602 3747 dias
651 3700 910 3761 structas,
972 3701 1357 3770 contumelias,
1416 3711 1473 3758 et
1516 3703 1763 3774 vincula,
1817 3709 2071 3779 quisnam

478 3800 807 3843 enumerare
859 3792 1067 3860 queat?
1108 3792 1326 3849 Revera
1363 3795 1617 3866 profecto
1644 3798 1700 3854 in
1735 3799 1901 3856 nobis
1935 3799 2074 3856 allii-

478 3879 692 3936 ctiones
722 3883 1100 3954 multiplicata:
1128 3898 1261 3943 sunt
1297 3903 1465 3959 supra
1500 3893 2073 3959 numerum,lortasse

477 3975 564 4029 vel
617 3976 764 4046 quod
819 3987 1171 4047 peccatorum
1224 3995 1416 4050 poenas
1446 3984 1865 4053 persolvimus:
1907 3988 2067 4060 251

476 4066 565 4123 vel
596 4066 744 4137 quod
771 4067 1042 4141 benignus
1064 4071 1208 4127 Deus
1233 4088 1333 4143 pro
1363 4088 1466 4129 suo
1496 4075 1549 4129 in
1584 4076 1838 4136 homines
1861 4096 2068 4148 amore,

476 4177 579 4233 per
638 4171 844 4220 tantam
882 4165 992 4219 vim
1045 4174 1103 4220 et
1161 4148 1902 4229 multitudinem‘malorum
1969 4191 2069 4232 uos

473 4258 750 4313 exercuit.
787 4256 909 4325 Quo
939 4259 1166 4316 nomine
1201 4261 1310 4318 Deo
1335 4263 1549 4334 agimus
1580 4266 1805 4338 gratias,
1845 4269 1939 4339 qui
1972 4285 2068 4339 per

476 4359 558 4406 tot
604 4361 661 4407 et
693 4360 877 4407 tantas
909 4351 1236 4409 alllietioues
1278 4370 1469 4411 servos
1508 4371 1639 4413 suos
1665 4359 1983 4431 castigarit,
2012 4371 2069 4417 et

475 4444 784 4500 secundum
812 4445 1223 4502 multitudinem
1253 4447 1672 4505 miserationum
1707 4467 1930 4507 suarum
1963 4470 2067 4510 nos

2178 3250 2250 3306 τὰ
2285 3253 2573 3324 στίγματα
2596 3253 2692 3308 τοῦ
2720 3254 2964 3326 Χριστοῦ
2992 3257 3087 3311 καὶ
3115 3258 3242 3320 τοὺς
3275 3258 3560 3329 μώλωπας
3600 3257 3655 3308 ἐν
3681 3249 3751 3321 τῷ

2181 3343 2401 3416 σώματι
2426 3346 2818 3420 περιφέρουσι.
2846 3349 3169 3422 Χρημάτων
3201 3351 3260 3407 δέ
3279 3351 3487 3424 ζημίας
3518 3350 3613 3406 καὶ
3630 3361 3750 3418 προ-

2176 3437 2438 3511 τιμήσεις
2469 3441 2704 3509 ⁸πόλεων,
2743 3443 2838 3497 καὶ
2879 3443 2982 3510 τὰς
3022 3444 3134 3497 τῶν
3174 3443 3304 3499 καθ’
3335 3445 3435 3501 ἕνα
3475 3443 3752 3516 δημεύσεις

2179 3528 2275 3581 καὶ
2307 3529 2609 3596 συσκευάς,
2640 3531 2742 3584 καὶ
2790 3529 2985 3603 ὕϐρεις
3020 3534 3116 3588 καὶ
3144 3532 3523 3604 δεσμωτήρια,
3555 3530 3638 3595 τίς
3690 3527 3752 3583 ἂν

2177 3621 2664 3696 ἐξαριθμήσασθαι
2692 3625 2949 3693 δύναιτο;
2988 3629 3201 3690 Ὄντως
3247 3628 3339 3698 ἐφ’
3372 3630 3521 3700 ήμᾶς
3551 3626 3604 3681 al
3646 3620 3750 3678 θλί-

2177 3713 2301 3783 ψεις
2325 3713 2748 3786 ἐπληθύνθησαν
2781 3717 2921 3791 ὑπὲρ
2949 3718 3188 3789 ἀριθμόν
3207 3734 3221 3752 ο
3255 3719 3391 3784 ἴσως
3432 3717 3553 3790 μὲν,
3578 3712 3749 3780 ἐπειδὴ

2177 3799 2335 3865 δίκας
2363 3803 2788 3874 ἁμαρτημάτων
2816 3806 3072 3875 ὲτίνομεν
3091 3820 3106 3836 °
3141 3805 3272 3869 ίσως
3304 3807 3386 3874 δὲ,
3426 3807 3522 3862 καὶ
3552 3801 3646 3858 τοῦ
3669 3819 3751 3871 φι-

2176 3893 2500 3963 λανθρώπου
2535 3895 2673 3950 Θεοῦ
2705 3897 2797 3953 διά
2840 3898 2937 3952 τοῦ
2971 3897 3218 3970 πλήθους
3264 3900 3380 3954 τῶν
3426 3897 3748 3969 παθημάτων

2172 3987 2324 4058 ἡμᾶς
2365 3986 2765 4057 γυμνάζοντος.
2797 3989 3024 4045 Τούτων
3054 3992 3155 4063 μὲν
3182 3985 3279 4046 οὖν
3326 3993 3407 4064 τῷ
3436 3989 3558 4060 Θεῷ
3579 3988 3746 4060 χάρις.

2172 4080 2232 4144 ὃς
2258 4081 2354 4134 καὶ
2381 4081 2473 4136 διὰ
2499 4084 2773 4138 τοσούτων
2804 4086 2934 4149 τοὺς
2970 4085 3172 4139 ἐαυτοῦ
3199 4084 3429 4149 δούλους
3452 4084 3744 4141 ἐπαίδευσε,

2174 4174 2269 4229 καὶ
2295 4175 2440 4229 κατὰ
2468 4175 2528 4227 τὸ
2561 4174 2765 4247 πλῆθος
2789 4175 2899 4231 τῶν
2924 4177 3232 4249 οἰκτιρμῶν
3252 4177 3424 4232 αὐτοῦ
3451 4176 3614 4231 πάλιν
3637 4170 3749 4241 ἑξή-

2172 4284 2347 4339 γαγεν
2385 4270 2537 4340 ἡμᾶς
2582 4272 2661 4333 εἰς
2695 4270 3024 4342 ἀναψυχήν
3056 4273 3193 4342 ἡμῖν
3241 4270 3323 4334 δὲ,
3380 4271 3602 4343 μακρᾶς
3658 4265 3750 4337 μὲν

2171 4361 2283 4416 ἔδει
2313 4363 2510 4435 σχολῆς
2540 4363 2636 4420 καὶ
2663 4363 2867 4418 πολλοῦ
2900 4365 3098 4435 χρόνου
3123 4366 3263 4437 πρὸς
3285 4365 3386 4438 τὴν
3417 4365 3528 4419 τῶν
3560 4359 3748 4427 ἐκκλη-

2174 4456 2306 4510 σιῶν
2341 4457 2746 4529 ἐπανόρθωσιν,
2782 4457 2850 4511 ῖν’
2885 4456 3076 4529 ὥσπερ
3109 4459 3173 4511 ἐκ
3200 4460 3426 4531 μακρᾶς
3449 4452 3748 4529 ἀρρωστίας

472 4551 695 4592 rursum
743 4531 1005 4592 eduxerit
1050 4538 1105 4592 in
1138 4539 1507 4612 refrigerium.
1543 4542 1716 4600 Nobis
1750 4562 1879 4603 vero
1939 4547 2067 4603 diu-

2178 4551 2294 4614 ταῖς
2320 4549 2464 4604 κατὰ
2489 4551 2688 4620 μικρὸν
2720 4549 3066 4621 ἐπιμελείαις
3094 4552 3156 4605 τὸ
3202 4552 3365 4621 σῶμα
3403 4550 3505 4621 τῆς
3532 4544 3750 4611 Ἐκκλη⁸

474 4638 639 4686 ιιιιιιο
667 4646 807 4701 opus
830 4641 979 4686 esset
1024 4632 1160 4697 otio,
1199 4641 1256 4690 et
1284 4643 1531 4706 tempore
1558 4638 1755 4704 multo,
1788 4640 1855 4695 ad
1889 4642 2067 4697 eccle—

472 4724 681 4778 siarum
738 4725 1169 4792 restitutionem,
1215 4735 1273 4782 ut
1305 4731 1536 4799 perinde
1582 4741 1749 4802 atque
1795 4749 1861 4789 ex
1903 4735 2065 4806 longa

470 4817 823 4886 aegritudine,
858 4818 1124 4887 paulatim
1171 4820 1364 4879 sedula
1400 4840 1532 4879 cura
1568 4824 1826 4881 Ecclesia:
1863 4842 2067 4899 corpus

472 4908 896 4979 contirmautes,
923 4911 994 4967 ad
1028 4914 1320 4983 pristinam
1359 4917 1734 4974 valetudinem
1765 4930 1821 4974 et
1859 4922 2066 4976 sanita-

474 5014 586 5058 tem
626 5004 1042 5064 reduccremus.
1078 5008 1406 5082 Quanquam
1449 5013 1599 5068 enim
1635 5013 1874 5070 maxime
1904 5030 1935 5070 a
1967 5032 2065 5072 ve-

471 5098 721 5154 hementi
759 5101 955 5170 injuria
994 5105 1445 5173 persecutionum
1486 5107 1743 5163 videmur
1774 5124 1898 5165 esse
1924 5110 2066 5167 libe-

472 5192 602 5259 rati,
627 5203 681 5247 et
708 5194 974 5251 ecclesias
991 5195 1203 5253 diutius
1227 5198 1297 5254 ab
1324 5198 1602 5255 haereticis
1618 5200 1871 5257 detentas
1890 5218 2065 5273 nuper

471 5288 927 5355 recuperavimus
961 5304 975 5343 :
1011 5305 1206 5360 graves
1245 5298 1428 5345 tamen
1463 5291 1649 5347 adhuc
1689 5293 1851 5349 nobis
1878 5294 2064 5350 immi-

470 5387 607 5433 nent
635 5378 771 5447 lupi,
802 5381 895 5449 qui
931 5382 1095 5436 etiam
1127 5397 1194 5437 ex
1240 5383 1479 5440 ovilibus
1515 5382 1755 5455 depulsi,
1817 5387 1873 5441 in
1909 5387 2065 5443 silvis

471 5482 529 5527 et
561 5472 796 5529 saltibus
819 5491 1009 5545 greges
1042 5476 1346 5546 diripiunt,
1382 5488 1695 5535 conventus
1716 5490 1910 5537 contra
1935 5482 2062 5551 {nos

471 5574 696 5633 cogunt,
729 5568 874 5637 vulgi
939 5568 1241 5624 seditiones
1276 5579 1519 5636 movent,
1557 5581 1611 5626 et
1652 5573 1795 5629 nihil
1822 5575 1969 5645 quod
2007 5576 2060 5630 in

470 5659 830 5713 ecclesiarum
864 5661 1259 5716 detrimentum
1295 5662 1474 5726 cedat,
1512 5678 1619 5718 non
1658 5674 1889 5731 tentant,
1918 5668 2065 5734 Qua,-

470 5759 717 5818 propter.
770 5752 919 5822 quod
950 5751 1215 5821 diximus,
1246 5756 1513 5824 ampliore
1546 5773 1646 5812 nos
1674 5758 1789 5814 otio
1822 5742 1889 5815 χοι
1926 5770 2062 5815 tem-

477 5857 603 5895 non:
640 5841 885 5903 ιοιιιιὶυιο
937 5845 1220 5902 abundare
1262 5849 1568 5906 onor-lebat.
1611 5848 1716 5906 Sed
1750 5850 1894 5906 cnim
1930 5869 2053 5907 cum

2171 4645 2291 4705 σίας
2323 4641 2802 4712 ἐκνοση).εύοντες,
2834 4642 2972 4711 πρὸς
2998 4643 3100 4713 τὴν
3128 4642 3369 4714 ἀρχαίαν
3396 4642 3497 4713 τῆς
3532 4637 3750 4705 Ἐκκλη-

2170 4734 2294 4799 σίας
2328 4735 2544 4804 ὑγίειαν
2568 4735 3034 4805 ἐπαναγάγωμεν.
3062 4735 3176 4790 Καὶ
3202 4737 3312 4803 γάρ
3336 4735 3387 4788 εἰ
3419 4736 3490 4789 τὰ
3523 4733 3750 4805 μάλιστα

2169 4826 2441 4897 δοκοῦμεν
2470 4828 2569 4895 τῆς
2598 4826 2708 4881 τῶν
2740 4826 3002 4899 διωγμῶν
3058 4827 3413 4900 ἀπηλλάχθαι
3467 4825 3750 4898 σφοδρότη-

2168 4938 2281 4983 τος,
2312 4925 2406 4974 καὶ
2434 4922 2533 4985 τὰς
2564 4921 2863 4994 ἐκκλησίας
2886 4922 3123 4995 χρονίως
3147 4922 3299 4994 παρά
3327 4921 3442 4975 τῶν
3465 4913 3750 4991 αἱρετικῶν

2169 5012 2612 5084 κατασχεθείσας
2664 5013 2870 5083 ἀρτίως
2922 5002 3382 5085 ἀνακομίζεσθαι,
3423 5011 3565 5082 πλὴν
3622 5005 3748 5062 ἀλλά

2173 5104 2364 5176 βαρεῖς
2393 5107 2526 5177 ήμῖν
2561 5105 2611 5159 οἱ
2635 5104 2809 5171 λύκοι,
2832 5107 2928 5159 καὶ
2963 5107 3104 5177 μετὰ
3131 5106 3192 5159 τὸ
3212 5107 3310 5176 τῆς
3343 5105 3590 5176 μάνδρα;
3619 5098 3747 5165 ἔξω·

2173 5196 2389 5265 σθῆναι,
2422 5195 2565 5248 κατά
2596 5196 2696 5258 τάς
2732 5194 2915 5255 νάπας
2964 5194 3034 5247 τά
3066 5194 3300 5265 ποίμνια
3330 5193 3745 5265 διαρπάζοντες,

2170 5288 2548 5353 ἀντισυνάξεις
2595 5288 2933 5359 τολμῶντες,
2974 5289 3167 5360 δήμων
3207 5288 3493 5352 κινοῦντες
3553 5287 3749 5341 ἐπανα-

2170 5382 2413 5445 στάσεις,
2450 5381 2744 5445 ὀκνοῦντες
2788 5382 2943 5436 οὺδὲν
2991 5384 3073 5444 είς
3107 5383 3208 5455 τὴν
3268 5382 3378 5436 τῶν
3417 5377 3746 5448 Ἐκκλησιῶν

2169 5473 2393 5545 βλάϐην.
2428 5471 2538 5527 Ἦν
2577 5474 2677 5544 μὲν
2734 5471 2849 5540 οὖν,
2882 5477 3020 5545 ὅπερ
3070 5478 3402 5546 είρήκαμεν,
3457 5472 3746 5542 ἀναγκαῖον

2169 5569 2393 5621 πλείονα
2459 5572 2607 5638 ἡμᾶς
2673 5570 3195 5641 προσασχοληθῆναι
3254 5569 3489 5640 χρόνονο
3561 5563 3741 5630 ἐπειδὴ

2172 5666 2357 5733 μέντοι
2396 5663 2497 5733 τὴν
2522 5664 2651 5733 περὶ
2675 5666 2824 5736 ἡμᾶς
2866 5664 3166 5731 ἀδελφικὴν
3200 5663 3467 5727 σώζοντες
3492 5656 3741 5731 στοργήν,

2167 5757 2262 5810 καὶ
2301 5755 2402 5826 τὴν
2453 5758 2680 5828 ἀγάπην
2728 5758 3198 5829 ἐπιδεικνύμενοι,
3234 5754 3459 5809 σύνοδον
3507 5755 3599 5808 ἐπὶ
3647 5752 3739 5819 τῆς

2177 5849 2399 5918 Ῥώμης
2434 5851 2569 5905 Θεοῦ
2602 5853 2852 5920 βουλήσει
2878 5852 3277 5921 συγκροτοῦντε
3291 5867 3331 5917 ῖ,
3362 5850 3455 5905 καὶ
3484 5849 3629 5917 ἡμᾶς
3669 5842 3737 5906 ὡς
