4062 6480
499 415 605 478 7’l5

1732 421 2151 485 NICEPHORI
2192 418 2541 483 CALLISTI

3652 424 3745 488 ’196

501 534 720 597 habeat,
768 535 1143 592 subsistentiis
1183 541 1463 604 confusis,
1496 558 1593 597 seu
1641 542 2071 614 proprietatibus

2194 538 2240 606 τῇ
2268 535 2510 605 ἀκτίστῳ
2544 533 2639 588 καὶ
2675 531 2953 601 ὁμοουσίῳ
3000 532 3094 587 καὶ
3130 533 3391 607 συναῖδίῳ
3434 536 3624 607 Τριάδι
3663 558 3748 608 με-

500 625 735 681 sublatis
763 642 778 680 :
804 642 983 696 neque
1014 628 1489 687 Eunomianorum
1548 642 1604 688 et
1649 635 1983 690 Arianorum
2024 642 2081 688 et

501 714 1129 772 Pneumatomachorum
1176 719 1519 790 blasphemia
1549 738 1647 777 seu
1694 712 2080 778 maledicentia

502 803 843 859 invalescere
881 809 1073 875 possit,
1120 808 1427 864 substantia
1463 812 1546 866 vel
1582 821 1777 866 natura
1813 813 1899 868 vel
1942 812 2082 869 divit-

500 894 676 950 nitate
701 895 1017 964 dividenda,
1048 907 1104 953 et
1135 899 1392 956 inrreata:
1428 905 1991 976 consulistantialiqne
2028 915 2083 960 et

501 997 786 1042 coaeternae
811 987 1090 1052 Triuitati,
1118 991 1428 1060 posteriore
1464 995 1722 1063 quapiam
1748 996 1865 1050 sive
1900 1006 2080 1051 creata

506 1095 602 1134 seu
638 1079 794 1134 alteri
832 1080 1181 1137 snbstantiali
1220 1092 1413 1137 natura
1440 1085 1770 1142 inducenda.
1806 1086 1967 1159 253
1992 1090 2083 1142 ln-

501 1171 918 1226 humanationis
941 1172 1105 1227 etiam
1138 1172 1353 1228 Domini
1398 1176 1666 1232 rationem
1708 1178 1935 1234 minime
1961 1195 2084 1250 per-

501 1278 718 1317 versam
784 1264 1109 1328 retinemus,
1148 1281 1327 1335 neque
1381 1268 1467 1322 vel
1514 1268 1695 1324 anima
1751 1271 1834 1325 vel
1899 1283 2083 1328 mente

503 1364 803 1419 carentem,
831 1365 925 1409 aut
975 1355 1349 1426 imperfectam
1397 1360 1580 1414 carnis
1614 1360 2080 1431 dispensationem

504 1445 833 1500 credentes:
863 1454 1017 1501 certo
1054 1447 1260 1518 quippe
1314 1448 1572 1514 scientes,
1609 1451 1916 1520 perfectum
1952 1452 2083 1521 qui-

507 1536 632 1590 dem
664 1546 793 1590 ante
824 1538 1020 1593 sarcula
1052 1539 1220 1594 fuiSse
1249 1540 1416 1595 Deum
1447 1539 1689 1596 Verbum
1712 1582 1727 1606 ,
1771 1542 2081 1612 perfectum

507 1644 641 1684 vero
670 1629 947 1686 hominem
987 1631 1041 1685 in
1074 1633 1336 1688 extremis
1364 1634 1563 1691 diebus
1594 1646 1821 1706 propter
1847 1637 2082 1693 salutem

510 1731 751 1776 nostram
794 1736 915 1777 esse
949 1722 1174 1781 factum.
1201 1726 1267 1780 Et
1290 1726 1421 1783 ﬁdes
1445 1728 1668 1798 quidem
1711 1745 1833 1800 qua:
1866 1746 1896 1786 a
1923 1732 2084 1787 nobis

508 1822 828 1869 constanter
859 1816 1284 1884 depmedlcatnr,
1318 1819 1371 1874 in
1397 1834 1609 1875 summa
1648 1822 1728 1876 sic
1774 1837 1831 1877 se
1880 1822 2081 1879 habet:

508 1905 577 1961 de
608 1922 713 1974 qua
744 1908 1065 1976 amplior-3m
1103 1910 1268 1965 etiam
1302 1912 1613 1966 animorum
1648 1914 2085 1969 consolationem

508 2000 797 2070 percipere
842 2002 1118 2073 poteritis,
1174 2004 1218 2057 si
1290 2020 1398 2060 non
1448 2006 1813 2075 gravabimini
1875 2008 2085 2063 decreti

507 2088 776 2154 libellum,
827 2092 972 2159 quod
1001 2091 1362 2150 Antiochiaaa
1413 2097 1622 2168 synodo
1672 2098 1747 2153 ibi
1783 2108 1972 2155 coacta
2006 2100 2088 2155 fa-

508 2191 683 2247 ctum,
723 2192 777 2237 et
811 2183 939 2237 item
969 2186 1020 2263 id
1047 2200 1268 2254 quoque
1299 2186 1446 2263 quod
1498 2188 1745 2259 proxime
1774 2189 2089 2246 Constanti-

508 2272 693 2344 nopoli
746 2275 814 2329 ab
866 2260 1163 2330 universali
1219 2260 1457 2333 concilio
1516 2281 1922 2351 promulgatum
1979 2291 2086 2343 est.

509 2366 711 2436 legere.
743 2368 803 2422 In
831 2370 1030 2438 quibus
1082 2381 1139 2424 et
1169 2370 1348 2429 fusius
1403 2371 1564 2427 ﬁdem
1611 2376 1841 2443 professi
1873 2391 2087 2443 sumus,

511 2467 568 2513 et
590 2460 825 2513 haereses
854 2477 1032 2530 nuper
1064 2477 1162 2532 per
1186 2478 1275 2518 res
1306 2479 1497 2526 novas,
1528 2477 1771 2531 exortes,
1797 2474 1854 2521 et
1883 2484 1911 2522 a
1930 2469 2091 2525 nobis

510 2551 861 2606 anathemate
914 2553 1232 2620 conl‘ossas,
1307 2555 1361 2609 in
1431 2557 1698 2627 scriptum
1773 2560 2087 2616 retulimus.

513 2643 683 2697 Porro
713 2644 780 2698 de
831 2645 1202 2716 singularibus
1233 2649 1596 2705 ecclesiarum
1652 2651 2089 2708 administratio-

512 2735 699 2802 nibus,
728 2747 971 2793 veterem
1002 2741 1157 2794 scitis
1189 2756 1311 2796 esse
1346 2743 1711 2808 Sanctionem,
1760 2757 1814 2801 et
1870 2756 2092 2802 sancto-

512 2843 637 2882 rum
668 2829 862 2886 Nica'te
898 2843 1354 2905 congregatorum
1400 2836 1625 2892 Patrum
1660 2839 1982 2906 decretum,
2034 2849 2093 2896 ut

513 2915 569 2969 in
605 2916 889 2986 provincia
920 2937 1157 2993 quaque,
1193 2924 1492 2993 provinciae
1547 2927 1668 2998 ejus
1719 2930 1983 2999 episcopi,
2036 2938 2093 2984 et

512 3025 638 3064 eunt
663 3011 762 3071 eis.
806 3012 851 3067 si
886 3013 961 3068 illi
985 3015 1175 3081 velint,
1209 3018 1424 3073 linitimi
1449 3036 1668 3091 quoque
1698 3020 1999 3078 electiones
2036 3032 2092 3078 et

513 3104 984 3167 consecrationes,
1041 3123 1108 3162 ex
1156 3126 1258 3164 usu
1308 3112 1534 3180 publico
1590 3126 1873 3183 peragant.
1927 3114 2091 3171 Juxta

2183 627 2589 696 ταγενεστέρας
2622 625 2770 690 τινδς
2803 624 2834 695 ἢ
2862 626 3087 696 κτιστῆς
3119 624 3148 696 ἧ
3178 627 3522 696 ἐτεροουσίου
3550 630 3749 699 φύσεως

2184 720 2560 788 ἐπαγομένης.
2618 718 2731 772 Καὶ
2770 716 2864 771 τὸν
2897 718 2995 788 τῆς
3046 717 3522 789 ἐνανθρωπήσεως
3570 721 3623 775 δὲ
3662 723 3748 777 τοῦ

2183 811 2392 881 Κυρίου
2427 809 2590 878 λόγον
2640 808 3006 879 ἀδιάστροφον
3040 810 3313 878 σώζομεν,
3366 809 3491 863 οὔτε
3536 812 3747 883 ἄψυχον,

2183 898 2307 953 οὔτε
2333 896 2578 968 ἄνουν,,ῆ
2618 898 2783 967 ἀτελῆ
2815 898 2912 968 τὴν
2941 897 3044 968 τῆς
3079 898 3282 968 σαρκὸς
3312 899 3625 969 οἰκονομίαν
3653 920 3749 954 πα-

2186 990 2543 1060 ραδεχόμενοι
2569 1005 2584 1020 ο
2625 988 2746 1043 ὅλον
2776 989 2833 1042 δὲ
2885 989 3088 1052 είδότες
3121 990 3331 1042 τέλειον
3372 991 3473 1061 μὲν
3498 992 3602 1060 πρὸ
3630 994 3750 1046 altit-

2184 1100 2291 1136 νωθ
2338 1082 2470 1138 ὄντα
2533 1082 2668 1143 Θεὸν
2723 1082 2934 1150 Λόγον,
2983 1082 3196 1137 τέλειον
3238 1083 3294 1136 δέ
3341 1085 3628 1155 ἄνθρωπον
3672 1085 3751 1138 ἐπ’

2185 1173 2415 1242 ἐσχάτου
2448 1171 2557 1226 τῶν
2593 1172 2820 1244 ἡμερῶν
2877 1173 2966 1226 διὰ
3019 1173 3120 1243 τὴν
3170 1174 3455 1245 ἡμετέραν
3489 1175 3751 1246 σωτηρίαν

2183 1266 2502 1333 γενόμενον.
2542 1263 2623 1317 Τὰ
2658 1263 2759 1337 μὲν
2813 1259 2904 1317 οὖν
2936 1265 3080 1318 κατὰ
3136 1266 3236 1336 τὴν
3277 1265 3469 1319 πίστιν
3508 1266 3607 1323 τὴν
3636 1266 3751 1335 παρ’

2184 1356 2345 1428 ἡμῶν
2372 1355 2763 1417 ἀνυποστόλως
2801 1357 3241 1427 κηρυττομὲνην,
3272 1358 3350 1422 ὡς
3386 1359 3446 1410 ὲν
3491 1360 3753 1429 κεφαλαῖῳ

2184 1446 2443 1501 τοιαῦταο
2486 1447 2617 1516 περὶ
2668 1438 2745 1501 ὧν
2791 1447 2885 1499 καὶ
2928 1445 3022 1499 ἐπὶ
3057 1446 3241 1501 πλεῖον
3293 1448 3751 1521 ψυχαγωηοῆναι

2183 1537 2501 1609 δυνήσεσθε,
2533 1538 2612 1606 τῷ
2639 1555 2699 1591 τε
2728 1540 2787 1591 ἐν
2831 1538 3137 1609 Ἀντιοχείᾳ
3165 1539 3319 1611 τὸμῳ
3348 1546 3500 1611 παρά
3527 1543 3623 1608 τῆς
3652 1545 3753 1595 ἐκξί

2186 1614 2546 1699 συνελθούσης
2580 1630 2798 1684 συνόδου
2830 1632 3186 1702 γεγενημένῳ
3217 1634 3658 1699 καταξιώσαντες
3680 1637 3753 1688 ἐνν

2187 1724 2389 1792 τυχεῖν,
2428 1721 2523 1775 καὶ
2546 1720 2624 1793 τῷ
2654 1724 2887 1796 πέρυσιν
2914 1724 2970 1774 ἐν
3003 1723 3584 1779 Κωνσταντινουπὸλει
3615 1727 3752 1796 παρὰ

2188 1815 2285 1884 τῆς
2314 1813 2702 1885 οίκουμενικῆς
2734 1794 3011 1869 ἐκτεθέντι
3046 1816 3272 1871 συνόδου
3297 1834 3310 1846 ·
3355 1820 3413 1871 ἐν
3445 1812 3529 1881 οἷς
3568 1794 3753 1872 πλατύ-

2191 1925 2344 1978 τερον
2374 1907 2473 1978 τὴν
2517 1908 2704 1961 πίστιν
2759 1907 3221 1979 ὡμολογήσαμεν,
3258 1911 3354 1965 καὶ
3403 1911 3510 1965 τῶν
3544 1910 3750 1980 ἔναγχος

2192 2001 2695 2070 καινοτομηθεισῶν
2750 2001 3016 2072 αἱρέσεων
3071 2003 3523 2073 ἀναθεματισμὺν
3570 2003 3751 2072 ἔγγρα-

2191 2111 2291 2162 φον
2316 2084 2719 2164 πεποιήκαμεν.
2751 2096 2884 2166 Περὶ
2907 2095 2963 2148 δὲ
2988 2093 3096 2149 τῶν
3124 2095 3451 2167 οἰκονομιῶν
3478 2095 3582 2150 τῶν
3616 2096 3743 2149 κατὰ

2196 2186 2357 2255 μέρος
2393 2187 2448 2238 ἐν
2476 2188 2594 2249 ταῖς
2644 2186 2966 2256 Ξκκλησίαις
2999 2187 3251 2251 παλαιὸς,
3297 2189 3373 2251 ὡς
3403 2190 3540 2253 ῐστε,
3566 2187 3750 2256 θεσμὸς

2191 2279 2528 2349 κεκράτηκε,
2552 2279 2650 2332 καὶ
2678 2278 2791 2331 τῶν
2813 2280 2867 2331 ἐν
2890 2279 3100 2352 Νικαίιξ⁸
3127 2280 3303 2348 ἁγίων
3337 2280 3593 2350 Πατέρων
3610 2280 3748 2349 ὅρος·

2192 2368 2313 2421 καθ’
2338 2369 2579 2440 ἐκάστην
2609 2370 2881 2441 ἐπαρχίαν
2912 2371 3037 2434 τοὺς
3065 2372 3162 2442 τῆς
3190 2373 3465 2442 ἐπαρχίας
3493 2372 3584 2425 καὶ
3609 2371 3751 2439 εἴπερ

2193 2462 2392 2514 ἐκεῖνοι
2425 2460 2730 2532 βούλοιντο,
2765 2462 2862 2515 σὺν
2891 2462 3074 2525 αὐτοῖς
3108 2463 3234 2525 τοὺς
3281 2464 3518 2533 ὁμόρους
3544 2462 3671 2533 πρὸς
3697 2459 3751 2514 τὸ

2195 2552 2477 2625 συμφέρον
2499 2553 2773 2607 ποιεῖσθαι
2794 2555 2891 2617 τάς
2917 2554 3254 2626 χειροτονίας
3275 2570 3290 2583 ’
3330 2550 3410 2617 οἷς
3438 2554 3747 2617 ἀκολούθως,

2190 2640 2291 2704 τάς
2321 2658 2377 2693 τε
2428 2638 2624 2703 λοιπὰς
2659 2640 2956 2712 ἐκκλησίας
3011 2642 3143 2713 παρ’
3176 2644 3314 2713 ἡμῖν
3360 2642 3747 2715 οἰκονομεῖσθαι

2193 2731 2493 2801 γινώσκετε
2516 2749 2529 2763 ⁸
2560 2735 2656 2786 καὶ
2702 2734 2812 2788 τῶν
2841 2735 3264 2806 ἐπισημοτάτων
3295 2737 3605 2806 ἐκκλησιῶν
3633 2736 3747 2788 ἀνσ-

2193 2824 2464 2896 δεδεϊχθαι
2488 2827 2614 2889 τοὺς
2642 2826 2841 2898 ἱερεῖς·
2890 2826 3016 2880 ὅθεν
3052 2827 3151 2897 τῆς
3194 2827 3295 2899 μὲν
3337 2830 3396 2882 ἐν
3427 2829 3748 2883 Κωνσταντι-

2194 2918 2798 2987 νουπόλεινεοπαγοῦς,
2848 2919 2922 2983 ὡς
2967 2919 3035 2974 ἂν
3079 2921 3224 2974 εἴποι
3280 2938 3389 2986 τις,
3447 2919 3743 2991 ἐκκλησίας,

2194 3013 2261 3081 ἣν
2300 3010 2493 3082 ὥσπερ
2520 3012 2585 3064 ἐκ
2639 3011 2908 3081 στόματος
2963 3010 3177 3076 λέοντος
3204 3013 3307 3084 τῆς
3338 3014 3448 3067 τῶν
3477 3008 3747 3083 αίρετικῶν

2196 3103 2551 3174 βλασφημίας
2581 3103 2842 3172 ὑπόγυιον
2876 3103 3272 3176 ἐξηρπάσαμεν
3315 3106 3403 3160 διὰ
3426 3104 3533 3158 τῶν
3561 3107 3749 3171 οἰκτιρ-

512 3196 782 3267 ejusmodi
814 3200 1295 3269 constitutionem,
1328 3221 1453 3260 cum
1488 3206 1623 3260 alias
1667 3209 1808 3278 apud
1863 3224 1962 3263 nos
2008 3224 2091 3262 ee-

2204 3196 2324 3267 μῶν
2352 3194 2446 3248 τοῦ
2477 3194 2637 3262 Θεοῦ,
2674 3195 2768 3249 τὸν
2803 3195 3231 3266 αἰδεσιμώτατον
3284 3201 3384 3253 καὶ
3424 3196 3746 3266 θεοφιλέστα-

513 3286 710 3343 clesias
744 3291 992 3345 ordinari
1031 3303 1197 3363 atque
1245 3297 1624 3353 administrari
1652 3340 1666 3362 ,
1709 3310 1823 3353 tum
1860 3301 1915 3354 in
1945 3301 2093 3357 cele-

516 3380 774 3436 berrimis
831 3384 1147 3456 quibusque
1215 3388 1488 3446 antistites
1543 3393 1892 3448 renuntiatos
1947 3410 2089 3460 esse,

514 3472 735 3528 scitote.
768 3476 1008 3532 Proinde
1050 3479 1101 3533 in
1133 3496 1326 3536 recens
1377 3482 1627 3551 fundata,
1675 3495 1734 3540 ut
1778 3487 1848 3541 ita
1896 3488 2095 3557 aliquis

516 3564 687 3627 dicat,
729 3564 1342 3639 Constantinopolitana
1398 3575 1666 3639 ecclesia,
1710 3592 1872 3646 quam
1922 3594 2096 3647 nuper

519 3663 778 3727 tanquam
817 3675 882 3714 ex
916 3677 1011 3718 ore
1032 3663 1228 3725 leonis.
1262 3667 1342 3722 sic
1378 3683 1443 3722 ex
1469 3667 1806 3739 blasphemia
1838 3680 1894 3723 et
1923 3670 2096 3725 male-

518 3751 755 3807 dicentia
786 3752 1170 3811 haereticorum
1207 3758 1515 3827 eripuimus
1540 3802 1554 3826 ,
1588 3774 1687 3830 per
1716 3760 2096 3815 miserationes

519 3843 638 3906 Dei,
679 3842 735 3898 in
791 3847 1086 3902 universali
1147 3851 1376 3922 synodo,
1428 3853 1709 3907 communi
1769 3862 1825 3907 et
1858 3854 2096 3924 'pnblico

518 3953 793 3995 consensu
847 3942 901 3996 in
955 3942 1130 4009 ipsius
1185 3945 1280 3998 Dei
1331 3945 1696 4002 amantissimi
1747 3946 2098 4016 imperatoris

519 4030 815 4090 Theodosii
847 4050 1168 4107 conspectu,
1201 4038 1351 4094 clero
1380 4041 1527 4094 omni
1561 4051 1613 4095 et
1647 4042 1869 4095 civitate
1900 4052 2097 4096 cuneta

518 4129 875 4201 suffragante,
905 4134 1427 4189 reverendissimum
1454 4143 1511 4190 et
1543 4134 1636 4191 Dei
1656 4134 2097 4191 amantissimum

518 4224 834 4281 Nectarium
894 4226 1215 4297 episcopum
1279 4226 1534 4298 legimus.
1599 4226 1657 4282 In
1720 4225 2096 4282 vetustissima

519 4332 671 4382 vero,
731 4318 1076 4388 proindeque
1141 4318 1442 4389 apostolica
1488 4318 1725 4373 ecclesia
1792 4316 2100 4372 Antiochim

519 4409 660 4477 apud
695 4408 884 4480 Syros,
917 4409 973 4463 in
1005 4396 1112 4479 qua
1139 4409 1316 4480 prima
1349 4413 1724 4464 venerandum
1757 4408 2096 4465 Christiano-

520 4517 643 4555 rum
668 4516 867 4555 nomen
898 4501 1130 4568 exstitit,
1161 4501 1527 4571 provinciales
1559 4511 1615 4557 et
1642 4500 1938 4557 Orientalis
1963 4501 2100 4556 dia}-

2194 3305 2287 3341 τον
2312 3288 2622 3359 Νεκτάριον
2648 3289 2947 3342 ἐπίσκοπον
2980 3291 3519 3361 κεχειροτονήκαμεν
3541 3289 3625 3340 ἐπὶ
3660 3283 3745 3353 τῆς

2196 3379 2583 3448 οἰκουμενικῆς
2646 3378 2867 3432 συνόδου
2910 3374 3067 3448 ¹μετά
3120 3377 3313 3449 κοινῆς
3370 3380 3618 3451 ὁμονοίας
3663 3374 3747 3427 ὐπ’

2195 3470 2352 3539 ὄψεσι
2383 3472 2479 3524 καὶ
2531 3471 2627 3524 τοῦ
2666 3470 3087 3540 θεοφιλεστάτου
3146 3473 3418 3541 βασιλέως
3464 3467 3747 3526 Θεοδοσίου,

2198 3564 2401 3627 παντός
2431 3580 2490 3617 τε
2540 3563 2634 3615 τοῦ
2680 3562 2885 3635 κλήρου
2923 3564 3017 3616 καὶ
3067 3565 3245 3635 πάσης
3294 3562 3750 3635 ἐπιψηφιζομένης

2195 3656 2296 3725 τῆς
2322 3655 2550 3719 πόλεως.
2597 3654 2713 3726 Τῆς
2744 3655 2801 3708 δὲ
2837 3656 3222 3727 πρεσσυτάτης
3256 3658 3354 3709 καὶ
3412 3655 3582 3716 οὕτως
3624 3653 3747 3704 ἀπο-

2200 3747 2456 3817 στολικῆς
2494 3747 2825 3817 Ἔκκλησίας
2856 3749 2955 3818 τῆς
2985 3750 3043 3801 ἐν
3081 3748 3391 3819 Ἀντιοχείᾳ.
3416 3747 3515 3816 τῆς
3544 3742 3744 3814 Συρίας,

2199 3844 2258 3894 ὲν
2360 3842 2554 3914 πρώτῃ
2580 3843 2640 3897 τὸ
2660 3843 2842 3912 τίμιον
2872 3840 2981 3895 τῶν
3012 3842 3364 3914 Χριστιανῶν
3400 3837 3746 3914 ἐχρημάτισεν

2198 3933 2392 4003 δνθμα.
2424 3933 2517 3987 τὸν
2541 3934 2974 4007 αἰδεσιμῶτατον
2995 3935 3090 3988 καλ⁸
3117 3933 3532 4006 θεοφιλέστατον
3552 3928 3748 3986 ἐπίσκοα

2200 4042 2302 4081 πον
2329 4027 2634 4083 Φλαὸιανδν
2660 4029 2793 4083 οἵτε
2819 4029 2921 4097 τῆς
2969 4029 3241 4101 ἐπαρχίας
3270 4030 3370 4083 καὶ
3396 4029 3494 4099 τῆς
3526 4020 3749 4080 ἀνατολι-

2201 4121 2303 4190 κῆς
2351 4121 2677 4192 διοικήσεως
2724 4121 3126 4195 συνδραμόντες
3157 4122 3463 4184 κανονικῶς
3507 4109 3748 4187 ἐχειροτό-

2200 4233 2393 4286 νησανο
2421 4215 2604 4287 πάρης
2635 4214 2934 4286 συμψήφου
2968 4215 3067 4282 τῆς
3107 4214 3453 4283 Ἔκκλησίας,
3477 4211 3652 4275 ὥσπερ
3672 4199 3746 4254 διὰ

2205 4309 2335 4378 μιᾶς
2361 4296 2568 4379 φωνῆς,
2596 4308 2688 4361 τὸν
2714 4307 2883 4379 ἄνδρα
2912 4306 3227 4376 τιμησάσης
3248 4319 3263 4335 ο
3297 4307 3478 4377 ἥνπερ
3511 4299 3745 4361 ἔνθεσμον

2201 4404 2543 4477 χειροτονίαν
2574 4404 2815 4471 ἐδέξατο,
2849 4402 2945 4457 καὶ
2974 4402 3034 4457 τὸ
3061 4403 3163 4473 τῆς
3188 4401 3407 4455 συνόδ’.υ
3439 4394 3627 4452 κοιπόν.
3646 4386 3745 4454 Τῆς

2202 4497 2257 4550 δέ
2293 4514 2358 4566 γε
2391 4497 2598 4568 μητρὸς
2628 4495 2857 4550 ἀπασῶν
2886 4494 2996 4548 τῶν
3029 4492 3337 4565 ἐκκλησιῶν
3380 4491 3479 4560 τῆς
3509 4489 3563 4540 ἐν
3596 4483 3745 4568 ’Ῑερφ

520 4594 663 4651 cesis
694 4594 940 4664 episc0pi
965 4602 1239 4649 conventu
1271 4602 1416 4659 acto,
1460 4596 1729 4651 canonice
1766 4604 1821 4650 et
1850 4595 2091 4665 legitime

2205 4587 2458 4659 σολύμοις
2487 4588 2582 4640 τὸν
2620 4585 3050 4656 αἰδεσιμώτατον
3082 4584 3179 4638 καὶ
3217 4574 3631 4665 θεοφιλέστατοῇ
3644 4571 3743 4622 Κύ-

520 4684 1042 4742 reverendissimum
1071 4693 1126 4738 et
1168 4685 1267 4739 Dei
1301 4687 1740 4742 amantissimum
1776 4686 2094 4742 Flavianum

519 4779 825 4834 antistitem
860 4785 1144 4843 creat-unt,
1181 4779 1413 4833 ecclesia
1464 4788 1573 4833 tota
1611 4763 2015 4853 consentiente.
2043 4786 2098 4833 et

520 4871 678 4942 quasi
726 4885 860 4925 voce
908 4886 1011 4924 una
1054 4871 1231 4925 virum
1282 4888 1407 4927 cum
1467 4875 1882 4927 cohonestantc.
1934 4872 2099 4943 254

520 4963 692 5028 Quam
731 4962 1199 5016 consecrationem
1234 4973 1294 5017 ut
1316 4964 1648 5019 ordinariam
1683 4974 1740 5020 et
1772 4965 2096 5034 legitimam,

522 5051 717 5120 synodi
756 5053 920 5106 etiam
949 5055 1319 5109 communitas
1349 5058 1751 5126 comprobavit.
1790 5057 1848 5109 ln
1875 5070 1936 5109 ea
1969 5070 2099 5110 vero

524 5145 762 5200 ecclesia
787 5185 802 5210 ,
852 5162 972 5216 quze
1006 5148 1240 5203 aliarum
1283 5151 1529 5204 omnium
1576 5159 1750 5204 mater
1771 5144 1879 5216 est,
1909 5148 2102 5204 Hiero-

524 5237 772 5311 solymis.
847 5242 1366 5297 reverendissimum
1419 5253 1475 5297 et
1524 5242 1621 5297 Dei
1656 5241 2099 5296 amantissimum

522 5329 783 5401 Cyrillum
818 5334 1138 5404 episcopum
1166 5350 1287 5390 esse
1322 5334 1550 5399 scimus,
1586 5333 1689 5388 rite
1710 5332 2036 5405 jamdudum
2072 5347 2100 5384 ιι

523 5424 954 5495 provincialibus
974 5427 1247 5497 episcopis
1282 5426 1658 5496 electuni,qui
1694 5418 1827 5481 sane
1866 5424 2103 5479 diversis

526 5515 581 5570 in
613 5516 748 5572 locis
764 5518 1063 5588 plurimum
1083 5519 1350 5574 adversus
1366 5519 1600 5573 Arianos
1627 5517 2104 5585 decertavit..Qu:e

524 5624 650 5665 cum
686 5611 927 5683 legitime
948 5622 1005 5667 et
1026 5612 1293 5667 canonice
1318 5611 1463 5682 apud
1506 5626 1609 5666 nos
1639 5619 1761 5666 acta
1793 5609 2104 5674 obtineant,

529 5710 590 5754 ut
620 5702 675 5755 in
702 5702 785 5756 eis
831 5703 1006 5772 pietas
1034 5703 1202 5758 etiam
1237 5711 1417 5755 vestra
1465 5701 1584 5755 Izeta
1616 5712 1669 5754 et
1702 5699 2102 5772 gratulabunda

531 5795 868 5860 acquiescat,
919 5795 1227 5858 hortamur,
1265 5795 1534 5864 spiritu-ali
1582 5794 1792 5849 scilicet
1836 5794 2106 5849 charitatc

534 5881 929 5949 intercedente,
970 5893 1023 5939 et
1055 5884 1263 5938 homini
1298 5884 1492 5937 timore
1539 5884 1778 5941 favorem
1820 5884 2104 5939 hominum

2203 4677 2382 4748 ριλλον
2423 4676 2724 4730 ἐπίσκοπον
2770 4671 2913 4729 εἶναι
2970 4673 3337 4745 γνωρίζομεν,
3379 4661 3666 4724 κανονικῶς
3693 4669 3743 4748 τέ

2199 4747 2355 4839 τιαρά
2387 4770 2495 4822 τῶν
2529 4771 2627 4838 τῆς
2655 4770 2926 4840 ἐπαρχίας
2964 4767 3410 4840 χειροτονηθέντα
3460 4759 3635 4817 πάλαι,
3663 4747 3741 4801 καὶ

2200 4862 2264 4914 πὶ
2279 4865 2435 4915 εῖστα.
2481 4861 2620 4930 πρὸς
2657 4863 2780 4924 τοὺς
2825 4860 3139 4932 ’Δρειανοὺς
3168 4861 3228 4912 ἐν
3268 4858 3547 4926 διαφόροις
3576 4846 3742 4948 trimus

2201 4954 2551 5027 ἀθλήσαντα·
2579 4950 2662 5019 οἷς
2711 4956 2787 5019 ὡς
2839 4955 3115 5024 ἐνθέσμως
3159 4956 3252 5007 καὶ
3283 4943 3575 5007 κανονικῶς
3623 4947 3724 5002 παρ

2201 5050 2334 5118 ἡμῖν
2383 5052 2777 5120 κεκρατηκόσι,
2839 5050 2935 5102 καὶ
2987 5048 3085 5119 τὴν
3134 5046 3407 5117 ὑμετέραν
3450 5029 3740 5105 συγχαίρειν

2203 5141 2635 5210 παρακαλοῦμεν
2687 5140 3002 5205 εὐλάϐειαν,
3036 5140 3137 5206 τῆς
3192 5130 3558 5207 πνευματικῆς
3604 5132 3739 5192 με³ί”

2201 5235 2469 5307 τευούσης
2497 5235 2742 5303 ἀγάπης,
2771 5232 2869 5287 καὶ
2909 5232 3006 5286 τοῦ
3057 5230 3336 5302 Κυριακοῦ
3380 5224 3539 5298 φόϐου
3581 5215 3741 5316 πᾶσαν

2207 5326 2308 5394 μὲν
2342 5325 2801 5387 καταστέλλοντος
2854 5323 3211 5396 ἀνθρωπίνην
3235 5317 3619 5396 προσπάθειαν,
3653 5313 3739 5403 ξῆν

2204 5418 2261 5469 δὲ
2295 5418 2402 5471 τῶν
2426 5415 2739 5489 ἐκκλησιῶν
2781 5418 3078 5488 οἰκοδομὴν
3109 5413 3508 5488 προτιμοτέραν
3552 5408 3741 5505 “ﬁt”

2206 5529 2295 5573 τος
2308 5511 2407 5582 τῆς
2438 5512 2574 5583 πρὸς
2592 5512 2683 5566 τὶν
2716 5496 2836 5565 καθ’
2857 5511 2953 5565 ἐνα
2981 5511 3272 5583 συνηθείας
3304 5510 3336 5578 ἦ
3365 5494 3739 5583 χάριτοςΩὖτίίξ

2206 5571 2318 5673 γὰρ
2353 5571 2446 5656 τοῦ
2480 5571 2672 5674 τεντῆς
2702 5604 2941 5666 πίστεως
2972 5571 3621 5689 συμιρωνηθέδίτξςνλόῖθίῦ
3658 5571 3738 5689 ξφ

2206 5698 2308 5766 τῆς
2360 5696 2756 5767 Χριστιανικῆς
2802 5695 3147 5768 κυρωθείσης
3200 5696 3259 5747 ἐν
3316 5692 3444 5762 ἡμῖν
3509 5685 3734 5745 ἀτίτηλα

2213 5790 2534 5860 παυσόμεθα
2562 5790 2816 5859 λέγοντες
2843 5788 2905 5842 τὸ
2930 5790 3079 5859 παρὰ
3108 5788 3218 5842 τῶν
3246 5780 3543 5842 ἁςεοστὸὶων

2210 5853 2488 5954 νωςμένον
2504 5899 2518 5914 ·
2539 5883 2685 5953 Ἐγὼ
2700 5881 2816 5952 μέν
2841 5882 2953 5953 εἶμι
2980 5881 3245 5948 Παύλου,
3270 5877 3379 5948 ἐγὼ
3401 5871 3461 5927 δὲ
3481 5853 3736 5921 ’Λπολλωι
