4062 6494
420 424 525 488 79¹7

1342 433 1940 496 ECllLESlASTICE
1978 434 2368 497 HISTORI£
2403 435 2546 496 LIB.
2579 435 2718 498 ΧΠ.

3563 436 3671 496 79η

418 540 528 610 ἐγὼ
562 539 633 594 δὲ
661 540 860 611 Κηφᾶ.
894 543 1101 608 Πάντες
1146 543 1203 598 δὲ
1238 545 1478 619 Χριστοῦ
1512 548 1798 615 φανέντες,
1839 547 1900 611 ὃς
1939 548 1987 600 ὲν

2102 562 2322 603 omnem
2378 555 2434 602 et
2487 544 2797 602 aﬁ‘ectionis
2850 545 2904 600 in
2966 545 3205 615 aliquem
3259 543 3673 600 inclinationem

420 631 549 699 ἡμῖν
599 632 661 684 οὑ
702 634 1066 702 μεμέρισται,
1098 634 1235 688 Θεοῦ
1293 638 1679 702 καταξιοῦντος
1734 637 1993 707 ἄσχιστον

417 724 474 774 τὸ
506 723 665 791 σῶμα
687 726 784 793 τῆς
824 726 1155 795 Ἐκκλησίας
1192 730 1528 799 τηρήσομεν,
1559 730 1652 783 καὶ
1682 728 1761 799 τῷ
1785 729 1991 800 βήματι

414 813 508 864 τοῦ
574 814 782 882 Κυρίου
844 815 984 882 μετὰ
1033 817 1348 887 παρρησίας
1422 818 1908 890 παραστησόμεθα.
1966 838 1985 871 ι

417 902 605 957 Ταῦτα
656 905 798 959 κατά
826 923 886 959 τε
920 908 1020 977 τῆς
1063 908 1278 975 Ἀρείου
1333 912 1426 963 καὶ
1461 911 1669 964 Ἀετίου
1710 912 1805 966 καὶ
1826 910 1992 964 Εὑνο-

417 994 541 1062 μίσυ
580 995 805 1063 μανίας,
854 997 948 1050 καὶ
998 998 1185 1067 μέντοι
1231 1001 1327 1053 καὶ
1362 1001 1503 1056 κατὰ
1551 1002 1847 1056 Σαϐελλίου
1893 1003 1989 1057 καὶ⁵

410 1086 706 1152 Φωτεινοῦ,
737 1089 1064 1158 Μαρκέλλου
1095 1109 1157 1145 τε
1188 1095 1283 1146 καὶ
1325 1095 1543 1146 Παύλου
1593 1095 1689 1147 τοῦ
1740 1097 1990 1163 Σαμοσα-

410 1177 575 1243 τέως,
602 1179 694 1232 καὶ
729 1180 1069 1235 Μακεδονίου
1092 1186 1464 1254 γεγράφασιν.
1507 1186 1782 1248 Ὡσαύτως
1807 1186 1863 1239 δὲ
1891 1185 1988 1237 καὶ

410 1272 513 1339 τὴν
574 1272 986 1345 Ἀπολλιναρίου
1035 1278 1392 1345 καινοτομίαν
1435 1278 1730 1349 προφανῶς
1776 1279 1990 1348 ἀπεκή-

415 1360 606 1428 ρυξαν,
634 1364 926 1433 εἰρηκότες
950 1381 965 1397 ι
1005 1384 1023 1416 ι
1060 1367 1167 1418 Καὶ
1213 1368 1307 1419 τὸν
1357 1368 1457 1438 τῆς
1512 1369 1989 1438 ὲνανθρωπήσεως

412 1452 471 1504 δὲ
502 1451 596 1505 τοῦ
649 1454 858 1523 Κυρίου
913 1457 1072 1524 λόγον
1117 1458 1484 1530 ἁδιάστροφον
1535 1461 1807 1528 σώζομεν,
1863 1458 1989 1512 οὔτε

412 1543 641 1615 ἄψυχον,
664 1545 788 1600 οὔτε
828 1548 994 1602 ἄνουν
1018 1548 1052 1618 ἢ
1083 1548 1249 1620 ἀτελῆ
1273 1551 1373 1621 τὴν
1416 1553 1516 1621 τῆς
1547 1550 1751 1622 σαρκὸς
1780 1550 1991 1605 οἰκονο-

417 1636 545 1704 μίαν
573 1638 1035 1709 παραδεχόμενοι.

2094 639 2477 705 contrahente,
2511 640 2980 708 ecclesiarumque
3005 637 3423 692 aedificationem
3443 647 3500 692 et
3522 651 3677 691 com-

2096 728 2320 784 modum
2377 730 2762 785 consuetudini
2804 739 2860 785 et
2902 730 3089 799 gratiae
3135 729 3371 799 alicujus
3404 726 3679 796 singulari

2094 820 2442 889 praeferente.
2475 820 2567 876 Sic
2596 837 2834 891 namque
2868 820 2995 874 ﬁdei
3042 821 3211 876 verbo
3244 820 3311 875 ad
3341 834 3676 875 consensum

2092 920 2147 966 et
2176 913 2531 973 concordiam
2557 915 2801 979 redacto,
2827 921 2884 968 et
2911 913 3222 968 Christiana
3251 912 3519 967 charitate
3542 925 3677 966 con-

2092 1003 2331 1067 ﬁrmata,
2360 1003 2494 1058 illud
2524 1019 2812 1073 usurpare,
2846 1004 2993 1074 quod
3016 1006 3085 1059 ab
3110 1003 3378 1072 apostolis
3408 1012 3495 1057 est
3524 1002 3676 1056 dam-

2092 1102 2283 1149 natum
2312 1134 2327 1159 ,
2381 1093 2745 1150 desinemus:
2789 1094 2903 1165 Ego
2947 1095 3155 1163 quidem
3199 1111 3316 1148 sum
3360 1092 3537 1157 Pauli,
3580 1109 3675 1163 ego

2092 1195 2269 1241 autem
2317 1186 2531 1255 Apollo,
2561 1201 2654 1256 ego
2688 1201 2809 1241 vero
2853 1184 3103 1256 Cepfiw’.
3158 1186 3264 1242 Sed
3309 1202 3432 1240 eum
3482 1201 3675 1255 omnes

2093 1292 2198 1334 nos
2240 1278 2446 1333 Christi
2495 1294 2617 1334 esse
2646 1279 2979 1342 constiterit,
3035 1279 3127 1348 qui
3160 1280 3214 1333 in
3253 1279 3412 1333 nobis
3466 1278 3676 1332 divisus

2092 1386 2204 1425 non
2231 1379 2338 1434 est,
2362 1371 2475 1425 Deo
2519 1371 2659 1426 bene
2683 1370 2934 1440 juvante,
2983 1370 3254 1440 integrqu
3287 1380 3451 1439 atque
3478 1369 3678 1425 indivi-

2093 1478 2216 1518 sum
2240 1461 2501 1519 Ecclesiae
2523 1477 2726 1532 corpus
2754 1461 3229 1521 conservabimus.
3253 1469 3310 1515 et
3331 1461 3398 1515 ad
3433 1460 3674 1515 tribunal

2093 1555 2313 1611 Domini
2348 1570 2473 1609 cum
2505 1553 2703 1610 ﬁducia
2723 1562 2780 1608 et
2799 1554 3057 1609 libertate
3081 1553 3474 1608 consistemus.
3505 1570 3523 1603 ι
3548 1551 3677 1606 llaec

2096 1647 2176 1702 illi
2201 1655 2393 1702 contra
2434 1646 2627 1701 Arium
2656 1654 2713 1702 et
2756 1646 2976 1701 Aetium
3016 1655 3071 1700 et
3099 1644 3456 1711 Eunomium,
3512 1653 3676 1713 atque

412 1725 676 1783 adversus
730 1730 939 1784 rabiem
997 1742 1053 1788 et
1111 1732 1375 1788 insaniam
1433 1732 1681 1799 Sabellii,
1734 1732 1979 1801 Photini,
2020 1735 2284 1801 Marcelli,
2319 1736 2475 1792 Pauli
2545 1736 2916 1799 Samosateni,
2948 1745 3008 1792 et
3041 1736 3367 1801 Macedonii,
3436 1737 3676 1804 scripse-

410 1828 562 1874 runt.
611 1821 788 1890 Atque
842 1825 1031 1879 itidem
1065 1826 1401 1896 Apollinaris
1440 1842 1663 1897 quoque
1694 1842 1782 1881 res
1816 1842 1986 1883 novas
2023 1829 2305 1898 propalam
2371 1830 2797 1891 damnaverunt,
2823 1829 3098 1884 dicentes:
3159 1827 3678 1884 «Inhumanationis

411 1926 631 1981 quoque
660 1912 880 1969 Domini
928 1916 1196 1971 rationem
1245 1919 1475 1974 minime
1545 1934 1859 1989 perversam
1920 1919 2247 1989 retinemus,
2298 1936 2478 1991 neque
2543 1923 2632 1979 vel
2669 1923 2851 1977 anima
2895 1922 2981 1978 vcl
3049 1930 3230 1979 mente
3264 1929 3539 1978 carentem
3581 1914 3676 1975 au!-

409 2004 784 2076 imperfectam
817 2010 1000 2064 earnis
1042 2009 1505 2081 dispensationem
1545 2013 1853 2068 credentes.
1890 2031 1910 2066 ι

998 2147 1248 2203 ΚΕΦΔΛ.
1295 2146 1393 2203 1Ζ’.

461 2255 799 2333 Συνοδικὸν
828 2259 1111 2328 Δαμάσου
1140 2262 1485 2333 ἐπισκόπου
1527 2262 1764 2333 Ῥώμης
1795 2263 1946 2318 κατὰ

597 2330 1056 2397 Ἄπολλιναρίου
1092 2332 1192 2384 καὶ
1232 2332 1512 2402 Τιμοθέου
1559 2330 1806 2403 γραφέν.

479 2442 591 2494 Καὶ
615 2443 874 2511 Δάμασος
903 2444 960 2496 δὲ
984 2446 1012 2497 6
1035 2444 1286 2516 πανεύφη
1297 2464 1397 2515 μσς
1422 2447 1627 2519 ταύτην
1652 2448 1841 2519 μαθὼν
1861 2452 1994 2504 ἀνα-

405 2534 636 2602 φυείσαν
667 2534 763 2607 τὴν
792 2535 1025 2605 αΓρεσιν,
1062 2538 1164 2590 οὑκ
1193 2537 1609 2610 Ἀπολλινάριον
1642 2540 1825 2609 μόνον,
1858 2541 1994 2596 ἀλλὰ

405 2626 503 2679 καὶ
522 2625 790 2697 Τιμόθεον
816 2627 910 2681 τὸν
934 2628 1147 2682 ἐκείνου
1179 2646 1241 2698 γε
1278 2631 1542 2700 φοιτητὴν
1575 2631 1821 2685 καθελὼν
1855 2633 1994 2685 ἀπε-

408 2717 639 2788 κήρυξε.
673 2719 785 2772 Καὶ
815 2719 975 2772 τοῦτο
998 2722 1110 2784 τοῖς
1143 2719 1430 2792 τὴνἝῴαν
1462 2721 1734 2779 ίθύνουσιν
1763 2725 1994 2780 ἐπισκό-

403 2827 531 2874 ποις
577 2812 667 2865 διὰ
696 2813 1042 2883 γραμμάτων
1083 2813 1419 2883 δεδήλωκεν
1466 2815 1611 2885 ἅπερ
1650 2817 1883 2889 ἐνθεῖναι
1922 2821 1988 2890 τῇ

406 2907 700 2973 συγγραφῇ
727 2903 990 2973 νενόμικα
1019 2905 1551 2976 χρήσιμον.Ἒχουσι
1577 2909 1633 2962 δὲ
1663 2909 1758 2962 ἐπὶ
1796 2910 1993 2976 λέξεως

400 2994 571 3058 οὕτως
599 3010 615 3027 ⁸
653 2995 813 3049 (Ὅτι
835 2999 900 3067 τῇ
932 2997 1260 3069 ἀποστολικῇ
1292 2999 1534 3072 καθέδρᾳ
1570 3000 1671 3072 τὴν
1702 3001 1992 3072 ὀφειλομέ-

401 3106 505 3160 νην
535 3090 667 3142 σί.δῶ
689 3091 721 3160 ἠ
742 3090 933 3159 ἀγάπη
958 3090 1115 3159 ὑμῶν
1134 3091 1301 3144 ἁπονέ
1309 3109 1420 3161 μει,
1449 3093 1647 3163 ἑαυτῆς
1667 3093 1727 3146 τὸ
1742 3094 1992 3149 πλεῖστον

400 3182 738 3253 παρέχεσθε,
772 3183 877 3236 υἱοὶ
903 3183 1249 3252 τιμιώτατοι,
1281 3185 1375 3237 καὶ
1392 3184 1459 3237 τὰ
1485 3186 1724 3254 μάλιστα
1753 3190 1818 3258 τῇ
1857 3187 1991 3258 ἁγία

399 3274 716 3347 Ἐκκλησία,
747 3276 806 3329 ὲν
898 3278 927 3329 6
948 3276 1101 3346 ἅγιος
1127 3275 1452 3341 Ἀπόστολος
1472 3278 1808 3347 καθεζόμενο
1828 3303 1858 3346 ο,
1884 3281 1993 3334 ἐδί-

398 3367 529 3432 δαξε
582 3367 699 3430 πῶς
743 3370 1014 3439 προσήκει
1058 3371 1206 3440 ἡμᾶς
1243 3370 1370 3434 τοὺς
1403 3373 1597 3435 οἴακας
1649 3372 1852 3426 ἰθύνειν
1895 3371 1988 3436 οὒς

398 3460 994 3566 ἀμεδεξάμεθαῖομως
1026 3460 1402 3532 ὁμολογοῦμεν
1433 3464 1667 3528 ἑαυτοὺς
1696 3464 1987 3527 ἐλάττονας
2012 3501 2058 3566 c

399 3548 546 3605 εἶναι
582 3552 682 3623 τῆς
713 3553 898 3623 τιμῆς.
947 3552 1108 3606 Ἀλλὰ
1130 3553 1216 3607 διὰ
1244 3553 1402 3609 τοῦτο
1426 3556 1522 3627 οἴῳ
1546 3558 1610 3627 δή
1644 3574 1774 3610 ποτε
1797 3557 1987 3628 τρόπῳ

401 3645 802 3716 σπουδάζομεν,
833 3646 885 3699 εἴ
900 3646 1288 3719 πωίδυνηθείη
1299 3666 1396 3719 μεν
1422 3649 1557 3720 πρὸς
1579 3650 1677 3721 τὴν
1703 3650 1862 3716 δόξαν
1891 3651 1988 3721 τῆς

403 3739 807 3808 μακαριότητος
828 3739 997 3809 αὑτῆς
1020 3741 1443 3811 παραγενέσθαι.
1474 3741 1781 3797 Γινώσκετε
1806 3744 1987 3796 τοίνυν

398 3832 483 3884 ὅτι
514 3830 608 3884 τδν
661 3829 831 3883 πάλαι
879 3830 1148 3901 Τιμόθεον
1178 3832 1269 3886 τὸν
1309 3831 1559 3904 βέὸηλον,
1593 3833 1683 3888 τὸν
1735 3834 1988 3905 μαθητὴν

397 3926 496 3979 τοῦ
546 3924 956 3996 Ἀπολλιναρίου
1004 3928 1100 3980 τοῦ
1129 3927 1411 3997 αίρετικοῦ
1444 3932 1582 4000 μετὰ
1619 3928 1714 3983 τοῦ
1755 3928 1989 3992 ἀσεϐοῦς

399 4016 570 4071 αὑτοῦ
602 4017 872 4087 δόγματος
909 4018 1240 4089 καθείλομεν
1261 4035 1277 4050 ·
1318 4020 1415 4074 καὶ
1448 4021 1699 4091 οὐδαμῶς
1734 4021 1988 4075 πιστεύο-

408 4126 512 4178 μεν
543 4108 708 4164 αὑτοῦ
739 4113 807 4164 τὰ
834 4110 1063 4180 λείψανα
1092 4111 1237 4183 λόγῳ
1270 4113 1378 4166 τινί⁵
1406 4112 1501 4167 τοῦ
1531 4112 1720 4167 λοιποῦ
1751 4112 1985 4183 ίσχύειν.

402 4202 469 4254 Ei
492 4200 538 4253 δ’
568 4201 649 4255 ἔτι
676 4203 885 4266 ἐκεῖνος
913 4205 942 4257 6
976 4203 1099 4272 ὄφις
1124 4204 1153 4258 6
1182 4205 1409 4269 παλαιδς
1440 4205 1590 4271 ἅπαξ
1620 4208 1712 4260 καὶ
1734 4207 1989 4280 δεύτερον

401 4291 763 4363 καταδηχθεὶς
787 4293 920 4361 πρὸς
956 4294 1092 4348 ἰδίαν
1125 4297 1399 4365 τιμωρίαν
1425 4295 1621 4367 ἀναξῇ,
1651 4296 1803 4362 ὅστις
1830 4299 1988 4362 ἐκτὸς

396 4382 498 4445 τῆς
540 4380 865 4449 Ἐκκλησίας
895 4382 1153 4452 ὑπάρχει,
1183 4383 1242 4447 ὃς
1274 4383 1480 4455 σφῆλαι
1514 4387 1623 4448 τοῖς
1646 4384 1845 4440 ἑαυτοῦ
1886 4386 1987 4440 Θα-

396 4472 728 4542 νατηφόροις
766 4474 1082 4543 φαρμάκοις
1122 4475 1276 4539 τινὰς
1316 4474 1581 4539 ἀπίστους
1618 4475 1988 4548 διαπειράζων

395 4562 457 4615 ού
489 4562 743 4628 παύεται,
793 4563 1000 4635 ταύτην
1035 4564 1226 4635 ὥσπερ
1258 4564 1463 4637 φθοράν
1511 4585 1634 4622 τινα
1675 4569 1985 4623 ἐκκλίνατε.

399 4655 591 4724 Ὅμως
614 4655 777 4724 ὑμεῖς
826 4657 1172 4726 μεμνημένοι
1199 4660 1297 4728 τῆς
1339 4660 1708 4729 ἁποστολικῆς
1749 4661 1987 4726 πίστεως

391 4747 622 4818 ταύτης,
658 4747 895 4819 μάλιστα
921 4750 1043 4820 ἦτις
1075 4752 1134 4803 ὲν
1165 4750 1369 4821 Νικαίᾳ
1400 4752 1552 4825 παρὰ
1592 4752 1701 4808 τῶν
1726 4753 1985 4824 Πατέρων

2663 2148 2890 2207 CAPUT
2937 2149 3102 2205 XVII.

2095 2265 2379 2336 Synodalis
2402 2264 2623 2335 epistola
2661 2265 2885 2336 Damasi
2925 2264 3151 2333 episcopi
3187 2256 3455 2336 Romani,
3487 2270 3673 2317 contra

2377 2334 2741 2407 Apollinarem
2774 2344 2821 2388 et
2846 2334 3167 2388 Timotheum
3200 2334 3420 2403 scripta.

2165 2449 2270 2506 Sed
2303 2450 2451 2505 enim
2489 2448 2777 2514 Damasus,
2822 2447 2908 2501 vir
2935 2446 3357 2513 celeberrimus,
3391 2445 3483 2500 ubi
3522 2445 3667 2499 hanc

2094 2557 2312 2613 quoque
2345 2543 2595 2596 haeresim
2618 2549 2864 2594 exortam
2894 2554 3015 2594 esse
3055 2539 3330 2611 cognovit,
3368 2554 3474 2592 non
3508 2537 3675 2608 Apol-

2093 2633 2325 2689 linarem
2382 2632 2570 2696 modo,
2594 2632 2689 2687 sed
2722 2642 2776 2685 et
2807 2630 3159 2686 Timotheum
3192 2640 3521 2686 sectatorem
3553 2630 3679 2699 ejus

2094 2733 2510 2780 exauctoratum
2528 2724 2694 2779 semel
2713 2734 2877 2793 atque
2904 2722 3103 2776 iterum
3125 2720 3470 2792 proscripsit.
3493 2719 3672 2789 Atque

2098 2817 2149 2872 id
2175 2817 2449 2888 episcopis
2472 2816 2846 2872 Orientalibus
2862 2831 2958 2886 per
2987 2814 3275 2884 epistolam
3307 2812 3668 2884 signiﬁcavit:

2094 2926 2256 2981 quam
2295 2921 2353 2964 ut
2385 2911 2631 2965 historiae
2665 2910 3039 2966 adnecteri-m.
3073 2923 3139 2961 ex
3175 2923 3273 2962 usu
3302 2921 3424 2961 esse
3457 2903 3675 2975 putavi.

2094 3001 2170 3055 Ea
2205 3000 2273 3054 dc
2295 3002 2464 3056 verbo
2497 3000 2563 3053 ad
2592 3000 2816 3053 verbum
2849 2999 2929 3061 sic
2960 2998 3122 3053 habet
3152 3013 3166 3050 :
3214 3015 3231 3047 ι
3252 2988 3407 3065 Quod
3444 3005 3667 3066 aposto-

2092 3093 2214 3147 licae
2268 3091 2385 3147 sedi
2428 3090 2587 3162 255
2621 3091 2859 3146 Charitas
2914 3103 3095 3145 vestra
3153 3089 3390 3145 debitam
3447 3088 3670 3144 exhibet

2093 3182 2521 3246 observantiam,
2558 3182 2713 3238 vobis
2758 3182 2891 3251 ipsis
2946 3183 3268 3252 plurimum,
3325 3189 3380 3235 et
3436 3181 3671 3235 maxime

2093 3276 2355 3332 Ecclesiae
2402 3283 2605 3330 sancta:
2633 3290 2699 3330 eo
2736 3276 2950 3329 honore
2982 3274 3245 3338 tribuitis,
3282 3273 3375 3327 ﬁlii
3406 3287 3668 3327 reveren-

2093 3368 2333 3434 dissimi,
2360 3369 2412 3422 in
2432 3384 2537 3438 qua
2567 3368 2861 3422 considens
2888 3375 3112 3422 sanctus
3136 3366 3429 3435 Apostolus
3454 3364 3666 3426 docuit,

2092 3457 2369 3528 quomodo
2400 3472 2498 3512 nos
2531 3472 2652 3526 quae
2688 3457 3034 3524 suscepimus
3065 3455 3435 3526 gubernacula
3472 3470 3666 3524 regem

2092 3547 2404 3604 conveniat.
2443 3551 2517 3601 Ac
2544 3563 2644 3602 nos
2675 3548 2901 3618 quidem
2939 3546 3148 3617 judicio
3188 3556 3397 3613 nostro,
3458 3546 3669 3599 honore

2094 3649 2246 3694 tanto
2265 3637 2560 3693 inferiores
2594 3653 2787 3693 sumus
2819 3655 2833 3691 :
2865 3653 3056 3692 verum
3093 3646 3270 3690 tamen
3293 3626 3356 3690 ea
3390 3637 3456 3690 de
3481 3650 3665 3699 causa,

2090 3747 2424 3803 quocunque
2461 3746 2753 3802 possumus
2786 3731 3215 3800 modo,operam
3245 3729 3461 3792 damus,
3501 3729 3544 3783 si
3564 3729 3665 3783 ali-

2090 3843 2197 3898 qua
2230 3842 2297 3881 ex
2331 3837 2485 3897 parte
2515 3826 2582 3880 ad
2609 3824 2838 3896 gloriam
2867 3822 3227 3878 beatitudinis
3260 3822 3379 3894 ejus
3403 3821 3668 3875 accedere

2092 3920 2390 3992 possimus.
2444 3916 2655 3972 Scitote
2710 3917 2900 3988 igitur,
2968 3915 3324 3970 Timotheum
3370 3916 3480 3987 jam
3534 3914 3667 3968 olim

2082 4014 2376 4085 impurum
2415 4027 2478 4066 ac
2509 4009 2799 4080 profanum
2827 4009 3160 4080 Apollinaris
3212 4007 3459 4063 haeretici
3497 4007 3663 4062 disci-

2092 4106 2304 4176 pulum,
2347 4117 2454 4159 una
2485 4116 2612 4156 cum
2642 4101 2812 4169 impio
2839 4099 2959 4165 ejus
3008 4097 3282 4167 dogmate,
3306 4111 3335 4148 a
3364 4094 3522 4148 nobis
3571 4110 3670 4147 ex-

2090 4202 2462 4259 auctoratum,
2496 4192 2929 4259 damnatumque
2969 4204 3110 4243 esse.
3143 4188 3211 4242 Et
3243 4187 3665 4256 haudquaquam

2090 4287 2395 4347 credimus,
2433 4281 2700 4351 reliquias
2733 4281 2852 4351 ejus
2881 4279 3095 4332 ratione
3113 4277 3293 4346 aliqua
3324 4278 3378 4330 in
3414 4277 3661 4329 futurum

2092 4377 2263 4433 robur
2298 4384 2647 4444 accepturas.
2674 4371 2771 4427 Sin
2807 4385 2940 4426 vero
2965 4385 3191 4440 serpens
3229 4368 3319 4423 ille
3379 4370 3661 4436 antiquus,

2089 4469 2183 4540 qui
2205 4478 2356 4522 extra
2376 4464 2678 4521 Ecclesium
2709 4472 2814 4529 est,
2844 4462 3012 4517 semel
3043 4471 3208 4526 atque
3243 4454 3443 4516 iteruni
3474 4476 3661 4512 morsu

2090 4567 2342 4624 enectus,
2376 4557 2443 4611 ad
2478 4571 2634 4611 suam
2668 4556 2845 4625 ipsius
2877 4568 3092 4624 pinnam
3155 4552 3464 4618 reviviscat,
3497 4563 3552 4605 et
3604 4562 3664 4604 ut

2089 4650 2377 4703 mortifero
2398 4661 2613 4702 veneno
2637 4661 2737 4700 suo
2755 4644 3006 4699 inﬁdeles
3037 4642 3302 4713 quosdam
3323 4642 3661 4712 pessnmdct,

2094 4749 2305 4795 tentare
2328 4752 2437 4792 non
2467 4736 2704 4800 desinat,
2730 4748 2857 4788 eum
2889 4735 3117 4804 perinde
3143 4743 3661 4804 atque'pmsentem

394 4840 684 4910 ἐγγράφως
727 4839 967 4911 ἐξετέθη,
996 4839 1200 4912 βεϐαίῳ
1225 4839 1420 4913 βαθμῷ
1440 4844 1675 4915 ἰσχυρῶς
1706 4846 1768 4915 τῇ
1801 4846 1982 4899 πίστει

2092 4829 2645 4907 pestemdeclinate.
2698 4827 2766 4881 Et
2817 4827 2980 4880 simul
3035 4827 3301 4880 memoria
3358 4825 3661 4878 retinentes

393 4931 785 5001 ἀμετακίνητοι
830 4931 1142 4999 διαμείνατε
1166 4947 1180 4963 ·
1216 4935 1310 4985 καὶ
1349 4932 1423 5005 μὴ
1466 4934 1854 5005 ματαιολογίας
1885 4938 1983 4989 καὶ

393 5024 775 5092 ἡφανισμένας
797 5023 1055 5094 ζητήσεις
1079 5023 1385 5094 μετὰτοῦτο
1405 5025 1737 5095 ὑπομείνητε
1763 5026 1980 5082 ἀκούειν

391 5114 518 5176 τοὺς
552 5115 848 5186 κληρικοὶς
871 5115 900 5187 ἦ
931 5115 1056 5180 τοὺς
1084 5116 1305 5180 λαῖκοὺς
1349 5118 1671 5188 ὑμῶν.’ίιδη
1698 5118 1806 5189 γὰρ
1832 5118 1979 5186 ἅπαξ

391 5207 563 5260 τύπον
590 5208 893 5278 ἐδώκαμεν,
928 5209 1016 5262 ἵνα
1046 5211 1074 5262 ὁ
1108 5209 1395 5277 γινώσκων
1420 5209 1615 5264 ἑαυτὸν
1648 5211 1977 5280 Χριστιανὸν

395 5302 569 5353 ἐκεῖνο
593 5301 853 5370 φυλάττοι
875 5301 1010 5372 ὅπερ
1033 5302 1187 5371 παρὰ
1211 5300 1316 5353 τῶν
1339 5304 1655 5356 ἀποστόλων
1675 5304 1974 5373 παρεδὲθη,

391 5391 642 5457 λέγοντος
689 5391 783 5445 τοῦ
833 5393 986 5460 ἁγίου
1023 5394 1255 5453 Παύλου,
1291 5394 1364 5448 El
1398 5412 1485 5461 τις
1530 5396 1684 5464 ὑμᾶς
1727 5399 1974 5465 εὐαγγε-

388 5480 605 5540 λίζεται
637 5484 773 5549 παρ’
800 5481 832 5535 6
855 5483 1239 5551 παρελάϐετε,
1267 5484 1535 5556 ἀνάθεμα
1558 5488 1733 5541 ἔστω.
1775 5489 1835 5541 Ὀ
1863 5490 1973 5559 γὰρ

389 5573 625 5635 Χίιστὸς
655 5576 684 5627 6
716 5574 842 5637 Υἱὸς
882 5575 975 5627 τοῦ
1012 5575 1146 5628 Θεοῦ
1181 5579 1209 5630 6
1263 5577 1468 5647 Κύριος
1501 5578 1671 5649 ἡμιῖν,
1707 5578 1783 5649 τῷ
1828 5580 1974 5648 γένει

386 5665 497 5715 τῶν
556 5665 859 5736 ἀνθρώπων
890 5666 987 5734 {ait
1029 5666 1122 5720 τοῦ
1177 5667 1308 5721 ίίίευ
1346 5670 1549 5735 πάθους
1589 5672 1973 5740 πληρεστάτην

388 5757 638 5811 ἀπέδωκε
663 5759 761 5829 τὴν
796 5760 1092 5830 σωτηρίαν,
1130 5762 1213 5815 ἵνα
1239 5761 1358 5815 ὅλκν
1386 5763 1476 5817 τὸν
1510 5764 1816 5834 ἅν¹“ρωπον,
1851 5765 1973 5828 ταῖς

469 5880 483 5909 ¹
529 5876 698 5932 [Cum
731 5893 767 5943 1,
817 5874 897 5929 12.

2088 4924 2248 4978 fidem
2305 4920 2698 4988 Apostolicam,
2727 4933 2959 4988 eamque
2989 4919 3042 4972 in
3077 4917 3267 4988 primis
3318 4933 3440 4987 quae
3470 4919 3661 4972 Nicaea:

2086 5032 2114 5071 a
2149 5015 2403 5071 Patribus
2442 5014 2496 5069 in
2526 5011 2791 5082 scriptum
2826 5020 2912 5067 est
2963 5013 3157 5074 relata,
3221 5014 3275 5065 in
3334 5012 3438 5066 fide
3487 5013 3658 5082 gradu

2088 5114 2244 5165 ﬁrmo
2303 5107 2615 5163 immobiles
2702 5106 2923 5160 fortiter
3017 5114 3182 5175 atque
3235 5117 3661 5175 perseveranter

2087 5201 2393 5259 consistite.
2425 5200 2495 5255 Et
2550 5198 2780 5269 posthac
2813 5196 3046 5252 clericos
3074 5204 3169 5250 aut
3215 5196 3385 5252 laieos
3426 5212 3657 5261 vestros,

2083 5311 2254 5351 vanas
2309 5293 2760 5363 disceptationes,
2832 5299 2890 5345 et
2941 5292 3236 5362 abrogatas
3297 5293 3656 5360 quaestiones,

2080 5387 2271 5442 audire
2330 5399 2437 5437 non
2496 5381 2770 5454 patimini.
2826 5380 2946 5436 Jam
2979 5382 3127 5436 enim
3174 5383 3344 5436 semel
3376 5393 3562 5452 typum
3603 5392 3658 5437 et

2081 5485 2312 5539 fortnam
2338 5482 2742 5552 proposuimus,
2763 5481 3151 5550 utquicnnque
3195 5494 3254 5534 se
3284 5479 3656 5534 Christianum

2079 5592 2206 5633 esse
2235 5573 2506 5647 agnoscit,
2540 5572 2674 5626 illud
2736 5586 2920 5626 servet
2954 5571 3102 5641 quod
3159 5571 3229 5626 ab
3277 5572 3544 5642 apostolis
3571 5583 3658 5627 est

2046 5675 2051 5681 '
2082 5671 2341 5725 traditum
2369 5686 2383 5725 :
2414 5675 2606 5722 sancto
2634 5664 2807 5720 Paulo
2844 5665 2953 5718 vida
2974 5666 3106 5719 licet
3140 5665 3397 5733 dicente:
3446 5666 3509 5720 Si
3535 5669 3655 5736 qu‘s

2080 5763 2219 5818 vobis
2259 5760 2695 5833 erangefizarerit
2779 5768 2973 5827 prtvler
3029 5757 3083 5812 id
3133 5760 3270 5830 quod
3336 5760 3655 5829 accepistis,
