  <div class='ocr_page' id='page_1' title='image "/cluster/home/n/w/nwhite01/storage/ocr_20150623/146:no.2/coo.31924054870518/407.png"; bbox 0 0 4062 6466; ppageno 0'>
   <div class='ocr_carea' id='block_1_1' title="bbox 417 404 527 466">
    <p class='ocr_par' dir='ltr' id='par_1_1' title="bbox 417 404 527 466">
     <span class='ocr_line' id='line_1_1' title="bbox 417 404 527 466; baseline 0.009 -1"><span class='ocrx_word' id='word_1_1' title='bbox 417 404 527 466; x_wconf 81' lang='lat'><strong>799</strong></span> 
     </span>
    </p>
   </div>
   <div class='ocr_carea' id='block_1_2' title="bbox 1650 388 2449 467">
    <p class='ocr_par' dir='ltr' id='par_1_2' title="bbox 1650 388 2449 467">
     <span class='ocr_line' id='line_1_2' title="bbox 1650 388 2449 467; baseline -0.013 -10"><span class='ocrx_word' id='word_1_2' title='bbox 1650 397 1831 467; x_wconf 82' lang='lat' dir='ltr'><strong>NICE</strong></span> <span class='ocrx_word' id='word_1_3' title='bbox 1841 393 2073 454; x_wconf 78' lang='lat' dir='ltr'><strong>PHORI</strong></span> <span class='ocrx_word' id='word_1_4' title='bbox 2104 388 2449 451; x_wconf 81' lang='lat' dir='ltr'><strong>GALLISTI</strong></span> 
     </span>
    </p>
   </div>
   <div class='ocr_carea' id='block_1_3' title="bbox 3580 383 3686 455">
    <p class='ocr_par' dir='ltr' id='par_1_3' title="bbox 3580 383 3686 455">
     <span class='ocr_line' id='line_1_3' title="bbox 3580 383 3686 455; baseline 0 -10"><span class='ocrx_word' id='word_1_5' title='bbox 3580 383 3686 455; x_wconf 82' lang='lat'><strong>800</strong></span> 
     </span>
    </p>
   </div>
   <div class='ocr_carea' id='block_1_4' title="bbox 422 497 2004 583">
    <p class='ocr_par' dir='ltr' id='par_1_4' title="bbox 422 505 1998 583">
     <span class='ocr_line' id='line_1_4' title="bbox 422 505 1998 583; baseline -0.004 -15"><span class='ocrx_word' id='word_1_6' title='bbox 422 516 708 568; x_wconf 82' lang='lat' dir='ltr'><strong>anathema</strong></span> <span class='ocrx_word' id='word_1_7' title='bbox 740 513 834 568; x_wconf 75' lang='lat' dir='ltr'><strong>sit.</strong></span> <span class='ocrx_word' id='word_1_8' title='bbox 878 512 1163 583; x_wconf 80' lang='lat' dir='ltr'><strong>Siquidem</strong></span> <span class='ocrx_word' id='word_1_9' title='bbox 1187 510 1444 568; x_wconf 77' lang='lat' dir='ltr'><strong>Christus</strong></span> <span class='ocrx_word' id='word_1_10' title='bbox 1464 510 1640 566; x_wconf 86' lang='lat' dir='ltr'><strong>Filius</strong></span> <span class='ocrx_word' id='word_1_11' title='bbox 1664 508 1783 575; x_wconf 88' lang='lat' dir='ltr'><strong>Dei,</strong></span> <span class='ocrx_word' id='word_1_12' title='bbox 1810 505 1998 563; x_wconf 83' lang='lat' dir='ltr'><strong>Domi-</strong></span> 
     </span>
    </p>
   </div>
   <div class='ocr_carea' id='block_1_5' title="bbox 2112 497 3683 583">
    <p class='ocr_par' dir='ltr' id='par_1_5' title="bbox 2112 497 3683 570">
     <span class='ocr_line' id='line_1_5' title="bbox 2112 497 3683 570; baseline -0.002 -16"><span class='ocrx_word' id='word_1_13' title='bbox 2112 500 2404 568; x_wconf 61' lang='grc' dir='ltr'>ἁμαρτίαις</span> <span class='ocrx_word' id='word_1_14' title='bbox 2435 498 2777 569; x_wconf 69' lang='grc' dir='ltr'>ἐνεχόμενον,</span> <span class='ocrx_word' id='word_1_15' title='bbox 2803 498 2983 569; x_wconf 84' lang='grc' dir='ltr'>πάσης</span> <span class='ocrx_word' id='word_1_16' title='bbox 3021 497 3299 569; x_wconf 76' lang='grc' dir='ltr'>ἁμαρτίας</span> <span class='ocrx_word' id='word_1_17' title='bbox 3321 497 3683 570; x_wconf 70' lang='grc' dir='ltr'><strong>ἐλευθερώσῃ.</strong></span> 
     </span>
    </p>
   </div>
   <div class='ocr_carea' id='block_1_6' title="bbox 422 602 1996 675">
    <p class='ocr_par' dir='ltr' id='par_1_6' title="bbox 422 602 1996 675">
     <span class='ocr_line' id='line_1_6' title="bbox 422 602 1996 675; baseline -0.005 -15"><span class='ocrx_word' id='word_1_18' title='bbox 422 620 527 660; x_wconf 89' lang='lat' dir='ltr'><strong>nus</strong></span> <span class='ocrx_word' id='word_1_19' title='bbox 549 613 759 670; x_wconf 82' lang='lat' dir='ltr'><strong>noster,</strong></span> <span class='ocrx_word' id='word_1_20' title='bbox 784 604 1073 659; x_wconf 85' lang='lat' dir='ltr'><strong>hominum</strong></span> <span class='ocrx_word' id='word_1_21' title='bbox 1100 603 1288 675; x_wconf 78' lang='lat' dir='ltr'><strong>generi</strong></span> <span class='ocrx_word' id='word_1_22' title='bbox 1313 618 1415 674; x_wconf 88' lang='lat' dir='ltr'><strong>per</strong></span> <span class='ocrx_word' id='word_1_23' title='bbox 1464 602 1782 672; x_wconf 80' lang='lat' dir='ltr'><strong>passionem</strong></span> <span class='ocrx_word' id='word_1_24' title='bbox 1838 612 1996 653; x_wconf 90' lang='lat' dir='ltr'><strong>suam</strong></span> 
     </span>
    </p>
   </div>
   <div class='ocr_carea' id='block_1_7' title="bbox 2101 589 3685 666">
    <p class='ocr_par' dir='ltr' id='par_1_7' title="bbox 2101 589 3685 666">
     <span class='ocr_line' id='line_1_7' title="bbox 2101 589 3685 666; baseline -0.001 -19"><span class='ocrx_word' id='word_1_25' title='bbox 2101 592 2325 658; x_wconf 90' lang='grc' dir='ltr'>Τοῦτον,</span> <span class='ocrx_word' id='word_1_26' title='bbox 2354 591 2408 645; x_wconf 83' lang='grc' dir='ltr'><strong>εί</strong></span> <span class='ocrx_word' id='word_1_27' title='bbox 2441 607 2526 655; x_wconf 86' lang='grc' dir='ltr'><strong>τις</strong></span> <span class='ocrx_word' id='word_1_28' title='bbox 2555 591 2676 662; x_wconf 74' lang='grc' dir='ltr'>ἦτοι</span> <span class='ocrx_word' id='word_1_29' title='bbox 2703 591 3171 666; x_wconf 84' lang='grc' dir='ltr'>ἀνθρωπότητοςῆ</span> <span class='ocrx_word' id='word_1_30' title='bbox 3198 589 3448 660; x_wconf 82' lang='grc' dir='ltr'><strong>θεότητος</strong></span> <span class='ocrx_word' id='word_1_31' title='bbox 3466 589 3685 646; x_wconf 69' lang='grc' dir='ltr'>ἔλαττον</span> 
     </span>
    </p>
   </div>
   <div class='ocr_carea' id='block_1_8' title="bbox 419 682 2004 770">
    <p class='ocr_par' dir='ltr' id='par_1_8' title="bbox 419 692 1999 770">
     <span class='ocr_line' id='line_1_8' title="bbox 419 692 1999 770; baseline -0.006 -17"><span class='ocrx_word' id='word_1_32' title='bbox 419 699 796 770; x_wconf 87' lang='lat' dir='ltr'><strong>plenissimam</strong></span> <span class='ocrx_word' id='word_1_33' title='bbox 821 698 1057 753; x_wconf 89' lang='lat' dir='ltr'><strong>contulit</strong></span> <span class='ocrx_word' id='word_1_34' title='bbox 1078 696 1338 761; x_wconf 83' lang='lat' dir='ltr'><strong>salutem,</strong></span> <span class='ocrx_word' id='word_1_35' title='bbox 1370 706 1434 750; x_wconf 91' lang='lat' dir='ltr'><strong>ut</strong></span> <span class='ocrx_word' id='word_1_36' title='bbox 1461 694 1743 749; x_wconf 81' lang='lat' dir='ltr'><strong>hominem</strong></span> <span class='ocrx_word' id='word_1_37' title='bbox 1774 692 1999 746; x_wconf 83' lang='lat' dir='ltr'><strong>univer-</strong></span> 
     </span>
    </p>
   </div>
   <div class='ocr_carea' id='block_1_9' title="bbox 2112 682 3683 770">
    <p class='ocr_par' dir='ltr' id='par_1_9' title="bbox 2112 682 3683 756">
     <span class='ocr_line' id='line_1_9' title="bbox 2112 682 3683 756; baseline -0.002 -18"><span class='ocrx_word' id='word_1_38' title='bbox 2112 684 2398 756; x_wconf 64' lang='grc' dir='ltr'>ἐσχηκέναι</span> <span class='ocrx_word' id='word_1_39' title='bbox 2416 684 2584 749; x_wconf 76' lang='grc' dir='ltr'>εἴποι,</span> <span class='ocrx_word' id='word_1_40' title='bbox 2608 684 2918 754; x_wconf 82' lang='grc' dir='ltr'>πνεύματος</span> <span class='ocrx_word' id='word_1_41' title='bbox 2948 682 3201 736; x_wconf 75' lang='grc' dir='ltr'>διαϐόλου</span> <span class='ocrx_word' id='word_1_42' title='bbox 3231 682 3683 751; x_wconf 76' lang='grc' dir='ltr'><strong>πεπληρωμένος,</strong></span> 
     </span>
    </p>
   </div>
   <div class='ocr_carea' id='block_1_10' title="bbox 425 784 1998 863">
    <p class='ocr_par' dir='ltr' id='par_1_10' title="bbox 425 784 1998 863">
     <span class='ocr_line' id='line_1_10' title="bbox 425 784 1998 863; baseline -0.007 -17"><span class='ocrx_word' id='word_1_43' title='bbox 425 807 548 847; x_wconf 88' lang='lat' dir='ltr'><strong>sum</strong></span> <span class='ocrx_word' id='word_1_44' title='bbox 588 791 832 863; x_wconf 84' lang='lat' dir='ltr'><strong>peccatis</strong></span> <span class='ocrx_word' id='word_1_45' title='bbox 858 790 1157 846; x_wconf 78' lang='lat' dir='ltr'><strong>obnoxium</strong></span> <span class='ocrx_word' id='word_1_46' title='bbox 1188 804 1219 844; x_wconf 89' lang='lat' dir='ltr'><strong>a</strong></span> <span class='ocrx_word' id='word_1_47' title='bbox 1247 796 1477 859; x_wconf 89' lang='lat' dir='ltr'><strong>peccato</strong></span> <span class='ocrx_word' id='word_1_48' title='bbox 1526 785 1679 842; x_wconf 90' lang='lat' dir='ltr'><strong>omni</strong></span> <span class='ocrx_word' id='word_1_49' title='bbox 1707 784 1998 840; x_wconf 87' lang='lat' dir='ltr'><strong>liberaret.</strong></span> 
     </span>
    </p>
   </div>
   <div class='ocr_carea' id='block_1_11' title="bbox 422 873 2000 954">
    <p class='ocr_par' dir='ltr' id='par_1_11' title="bbox 422 873 2000 954">
     <span class='ocr_line' id='line_1_11' title="bbox 422 873 2000 954; baseline -0.007 -17"><span class='ocrx_word' id='word_1_50' title='bbox 422 884 582 939; x_wconf 87' lang='lat' dir='ltr'><strong>Ilunc</strong></span> <span class='ocrx_word' id='word_1_51' title='bbox 623 885 667 940; x_wconf 88' lang='lat' dir='ltr'><strong>si</strong></span> <span class='ocrx_word' id='word_1_52' title='bbox 694 883 831 954; x_wconf 88' lang='lat' dir='ltr'><strong>quis</strong></span> <span class='ocrx_word' id='word_1_53' title='bbox 854 883 973 939; x_wconf 86' lang='lat' dir='ltr'><strong>sive</strong></span> <span class='ocrx_word' id='word_1_54' title='bbox 1004 883 1059 937; x_wconf 90' lang='lat' dir='ltr'><strong>in</strong></span> <span class='ocrx_word' id='word_1_55' title='bbox 1092 881 1459 945; x_wconf 85' lang='lat' dir='ltr'><strong>humanitate,</strong></span> <span class='ocrx_word' id='word_1_56' title='bbox 1492 894 1591 935; x_wconf 87' lang='lat' dir='ltr'><strong>seu</strong></span> <span class='ocrx_word' id='word_1_57' title='bbox 1616 878 1674 935; x_wconf 89' lang='lat' dir='ltr'><strong>in</strong></span> <span class='ocrx_word' id='word_1_58' title='bbox 1705 873 2000 938; x_wconf 81' lang='lat' dir='ltr'><strong>divinitate</strong></span> 
     </span>
    </p>
   </div>
   <div class='ocr_carea' id='block_1_12' title="bbox 421 965 1999 1045">
    <p class='ocr_par' dir='ltr' id='par_1_12' title="bbox 421 965 1999 1045">
     <span class='ocr_line' id='line_1_12' title="bbox 421 965 1999 1045; baseline -0.006 -15"><span class='ocrx_word' id='word_1_59' title='bbox 421 977 692 1032; x_wconf 83' lang='lat' dir='ltr'><strong>derectum</strong></span> <span class='ocrx_word' id='word_1_60' title='bbox 725 975 966 1045; x_wconf 85' lang='lat' dir='ltr'><strong>aliquem</strong></span> <span class='ocrx_word' id='word_1_61' title='bbox 995 974 1257 1030; x_wconf 88' lang='lat' dir='ltr'><strong>habuisse</strong></span> <span class='ocrx_word' id='word_1_62' title='bbox 1284 973 1452 1035; x_wconf 81' lang='lat' dir='ltr'><strong>dicat.</strong></span> <span class='ocrx_word' id='word_1_63' title='bbox 1486 968 1750 1026; x_wconf 88' lang='lat' dir='ltr'><strong>diabolici</strong></span> <span class='ocrx_word' id='word_1_64' title='bbox 1801 969 1849 1023; x_wconf 89' lang='lat' dir='ltr'><strong>is</strong></span> <span class='ocrx_word' id='word_1_65' title='bbox 1883 965 1999 1035; x_wconf 86' lang='lat' dir='ltr'><strong>spi-</strong></span> 
     </span>
    </p>
   </div>
   <div class='ocr_carea' id='block_1_13' title="bbox 420 1058 2000 1140">
    <p class='ocr_par' dir='ltr' id='par_1_13' title="bbox 420 1058 2000 1140">
     <span class='ocr_line' id='line_1_13' title="bbox 420 1058 2000 1140; baseline -0.006 -18"><span class='ocrx_word' id='word_1_66' title='bbox 420 1072 562 1124; x_wconf 89' lang='lat' dir='ltr'><strong>ritus</strong></span> <span class='ocrx_word' id='word_1_67' title='bbox 586 1068 804 1139; x_wconf 90' lang='lat' dir='ltr'><strong>plenus.</strong></span> <span class='ocrx_word' id='word_1_68' title='bbox 834 1068 1103 1140; x_wconf 63' lang='lat' dir='ltr'><strong>gehennae</strong></span> <span class='ocrx_word' id='word_1_69' title='bbox 1125 1083 1184 1123; x_wconf 87' lang='lat' dir='ltr'><strong>se</strong></span> <span class='ocrx_word' id='word_1_70' title='bbox 1212 1067 1385 1123; x_wconf 85' lang='lat' dir='ltr'><strong>lilium</strong></span> <span class='ocrx_word' id='word_1_71' title='bbox 1403 1079 1529 1121; x_wconf 84' lang='lat' dir='ltr'><strong>esse</strong></span> <span class='ocrx_word' id='word_1_72' title='bbox 1563 1060 1831 1120; x_wconf 84' lang='lat' dir='ltr'><strong>ostendit.</strong></span> <span class='ocrx_word' id='word_1_73' title='bbox 1856 1058 2000 1125; x_wconf 82' lang='lat' dir='ltr'><strong>Quid</strong></span> 
     </span>
    </p>
   </div>
   <div class='ocr_carea' id='block_1_14' title="bbox 419 1154 2003 1229">
    <p class='ocr_par' dir='ltr' id='par_1_14' title="bbox 419 1154 2003 1229">
     <span class='ocr_line' id='line_1_14' title="bbox 419 1154 2003 1229; baseline -0.006 -15"><span class='ocrx_word' id='word_1_74' title='bbox 419 1160 591 1229; x_wconf 82' lang='lat' dir='ltr'><strong>igitur</strong></span> <span class='ocrx_word' id='word_1_75' title='bbox 627 1160 813 1215; x_wconf 90' lang='lat' dir='ltr'><strong>denuo</strong></span> <span class='ocrx_word' id='word_1_76' title='bbox 845 1174 876 1213; x_wconf 90' lang='lat' dir='ltr'><strong>a</strong></span> <span class='ocrx_word' id='word_1_77' title='bbox 900 1175 988 1214; x_wconf 90' lang='lat' dir='ltr'><strong>me</strong></span> <span class='ocrx_word' id='word_1_78' title='bbox 1024 1157 1305 1214; x_wconf 85' lang='lat' dir='ltr'><strong>Timothei</strong></span> <span class='ocrx_word' id='word_1_79' title='bbox 1355 1154 1874 1214; x_wconf 87' lang='lat' dir='ltr'><strong>condemnationem</strong></span> <span class='ocrx_word' id='word_1_80' title='bbox 1906 1165 2003 1222; x_wconf 87' lang='lat' dir='ltr'><strong>pe-</strong></span> 
     </span>
    </p>
   </div>
   <div class='ocr_carea' id='block_1_15' title="bbox 419 1248 2004 1323">
    <p class='ocr_par' dir='ltr' id='par_1_15' title="bbox 419 1248 2004 1323">
     <span class='ocr_line' id='line_1_15' title="bbox 419 1248 2004 1323; baseline -0.005 -17"><span class='ocrx_word' id='word_1_81' title='bbox 419 1252 539 1307; x_wconf 89' lang='lat' dir='ltr'><strong>titis</strong></span> <span class='ocrx_word' id='word_1_82' title='bbox 560 1292 575 1315; x_wconf 86' lang='lat'><strong>,</strong></span> <span class='ocrx_word' id='word_1_83' title='bbox 603 1252 700 1323; x_wconf 89' lang='lat' dir='ltr'><strong>qui</strong></span> <span class='ocrx_word' id='word_1_84' title='bbox 733 1263 790 1307; x_wconf 89' lang='lat' dir='ltr'><strong>et</strong></span> <span class='ocrx_word' id='word_1_85' title='bbox 817 1252 909 1308; x_wconf 89' lang='lat' dir='ltr'><strong>hic</strong></span> <span class='ocrx_word' id='word_1_86' title='bbox 942 1252 1263 1322; x_wconf 62' lang='lat' dir='ltr'><strong>apostolicae</strong></span> <span class='ocrx_word' id='word_1_87' title='bbox 1294 1250 1445 1306; x_wconf 85' lang='lat' dir='ltr'><strong>sedis</strong></span> <span class='ocrx_word' id='word_1_88' title='bbox 1469 1248 1699 1322; x_wconf 89' lang='lat' dir='ltr'><strong>judicio,</strong></span> <span class='ocrx_word' id='word_1_89' title='bbox 1734 1251 2004 1316; x_wconf 70' lang='lat' dir='ltr'><strong>praesente</strong></span> 
     </span>
    </p>
   </div>
   <div class='ocr_carea' id='block_1_16' title="bbox 417 1336 2007 1411">
    <p class='ocr_par' dir='ltr' id='par_1_16' title="bbox 417 1336 2007 1411">
     <span class='ocr_line' id='line_1_16' title="bbox 417 1336 2007 1411; baseline -0.004 -18"><span class='ocrx_word' id='word_1_90' title='bbox 417 1340 587 1395; x_wconf 86' lang='lat' dir='ltr'><strong>etiam</strong></span> <span class='ocrx_word' id='word_1_91' title='bbox 619 1339 1007 1397; x_wconf 68' lang='lat' dir='ltr'><strong>Alexandrinae</strong></span> <span class='ocrx_word' id='word_1_92' title='bbox 1036 1340 1191 1397; x_wconf 86' lang='lat' dir='ltr'><strong>urbis</strong></span> <span class='ocrx_word' id='word_1_93' title='bbox 1219 1339 1486 1411; x_wconf 90' lang='lat' dir='ltr'><strong>episcopo</strong></span> <span class='ocrx_word' id='word_1_94' title='bbox 1517 1337 1679 1393; x_wconf 87' lang='lat' dir='ltr'><strong>Petro</strong></span> <span class='ocrx_word' id='word_1_95' title='bbox 1708 1336 2007 1390; x_wconf 88' lang='lat' dir='ltr'><strong>damnatus</strong></span> 
     </span>
    </p>
   </div>
   <div class='ocr_carea' id='block_1_17' title="bbox 418 1424 2002 1501">
    <p class='ocr_par' dir='ltr' id='par_1_17' title="bbox 418 1424 2002 1501">
     <span class='ocr_line' id='line_1_17' title="bbox 418 1424 2002 1501; baseline -0.004 -19"><span class='ocrx_word' id='word_1_96' title='bbox 418 1437 526 1492; x_wconf 84' lang='lat' dir='ltr'><strong>est,</strong></span> <span class='ocrx_word' id='word_1_97' title='bbox 552 1444 663 1484; x_wconf 83' lang='lat' dir='ltr'><strong>una</strong></span> <span class='ocrx_word' id='word_1_98' title='bbox 692 1444 817 1485; x_wconf 89' lang='lat' dir='ltr'><strong>cum</strong></span> <span class='ocrx_word' id='word_1_99' title='bbox 856 1429 1121 1501; x_wconf 82' lang='lat' dir='ltr'><strong>magistro</strong></span> <span class='ocrx_word' id='word_1_100' title='bbox 1163 1444 1267 1485; x_wconf 91' lang='lat' dir='ltr'><strong>suo</strong></span> <span class='ocrx_word' id='word_1_101' title='bbox 1296 1427 1637 1498; x_wconf 81' lang='lat' dir='ltr'><strong>Apollinari?</strong></span> <span class='ocrx_word' id='word_1_102' title='bbox 1669 1424 1772 1491; x_wconf 85' lang='lat' dir='ltr'><strong>Qui</strong></span> <span class='ocrx_word' id='word_1_103' title='bbox 1832 1424 2002 1481; x_wconf 89' lang='lat' dir='ltr'><strong>etiam</strong></span> 
     </span>
    </p>
   </div>
   <div class='ocr_carea' id='block_1_18' title="bbox 422 1515 2007 1591">
    <p class='ocr_par' dir='ltr' id='par_1_18' title="bbox 422 1515 2007 1591">
     <span class='ocr_line' id='line_1_18' title="bbox 422 1515 2007 1591; baseline -0.004 -17"><span class='ocrx_word' id='word_1_104' title='bbox 422 1521 480 1575; x_wconf 88' lang='lat' dir='ltr'><strong>in</strong></span> <span class='ocrx_word' id='word_1_105' title='bbox 508 1519 709 1591; x_wconf 74' lang='lat' dir='ltr'><strong>iudicii</strong></span> <span class='ocrx_word' id='word_1_106' title='bbox 737 1521 829 1577; x_wconf 89' lang='lat' dir='ltr'><strong>die</strong></span> <span class='ocrx_word' id='word_1_107' title='bbox 883 1521 1103 1577; x_wconf 87' lang='lat' dir='ltr'><strong>debitas</strong></span> <span class='ocrx_word' id='word_1_108' title='bbox 1129 1536 1322 1591; x_wconf 72' lang='lat' dir='ltr'><strong>pmnas</strong></span> <span class='ocrx_word' id='word_1_109' title='bbox 1354 1531 1409 1576; x_wconf 87' lang='lat' dir='ltr'><strong>et</strong></span> <span class='ocrx_word' id='word_1_110' title='bbox 1458 1519 1737 1575; x_wconf 78' lang='lat' dir='ltr'><strong>cruciatus</strong></span> <span class='ocrx_word' id='word_1_111' title='bbox 1765 1515 2007 1572; x_wconf 90' lang='lat' dir='ltr'><strong>sustine-</strong></span> 
     </span>
    </p>
   </div>
   <div class='ocr_carea' id='block_1_19' title="bbox 420 1607 2004 1685">
    <p class='ocr_par' dir='ltr' id='par_1_19' title="bbox 420 1607 2004 1685">
     <span class='ocr_line' id='line_1_19' title="bbox 420 1607 2004 1685; baseline -0.002 -18"><span class='ocrx_word' id='word_1_112' title='bbox 420 1613 527 1668; x_wconf 86' lang='lat' dir='ltr'><strong>bit.</strong></span> <span class='ocrx_word' id='word_1_113' title='bbox 587 1614 686 1670; x_wconf 89' lang='lat' dir='ltr'><strong>Sin</strong></span> <span class='ocrx_word' id='word_1_114' title='bbox 743 1614 984 1671; x_wconf 76' lang='lat' dir='ltr'><strong>leviores</strong></span> <span class='ocrx_word' id='word_1_115' title='bbox 1012 1614 1285 1685; x_wconf 86' lang='lat' dir='ltr'><strong>quosdam</strong></span> <span class='ocrx_word' id='word_1_116' title='bbox 1314 1613 1590 1679; x_wconf 88' lang='lat' dir='ltr'><strong>homines,</strong></span> <span class='ocrx_word' id='word_1_117' title='bbox 1637 1611 1735 1667; x_wconf 89' lang='lat' dir='ltr'><strong>ille</strong></span> <span class='ocrx_word' id='word_1_118' title='bbox 1770 1607 2004 1681; x_wconf 82' lang='lat' dir='ltr'><strong>perinde</strong></span> 
     </span>
    </p>
   </div>
   <div class='ocr_carea' id='block_1_20' title="bbox 424 1702 2003 1778">
    <p class='ocr_par' dir='ltr' id='par_1_20' title="bbox 424 1702 2003 1778">
     <span class='ocr_line' id='line_1_20' title="bbox 424 1702 2003 1778; baseline -0.002 -20"><span class='ocrx_word' id='word_1_119' title='bbox 424 1715 594 1775; x_wconf 88' lang='lat' dir='ltr'><strong>atque</strong></span> <span class='ocrx_word' id='word_1_120' title='bbox 610 1720 764 1777; x_wconf 88' lang='lat' dir='ltr'><strong>spem</strong></span> <span class='ocrx_word' id='word_1_121' title='bbox 787 1707 1030 1777; x_wconf 87' lang='lat' dir='ltr'><strong>aliquam</strong></span> <span class='ocrx_word' id='word_1_122' title='bbox 1056 1708 1289 1774; x_wconf 84' lang='lat' dir='ltr'><strong>habens,</strong></span> <span class='ocrx_word' id='word_1_123' title='bbox 1315 1704 1676 1778; x_wconf 89' lang='lat' dir='ltr'><strong>persuasione</strong></span> <span class='ocrx_word' id='word_1_124' title='bbox 1695 1716 1795 1759; x_wconf 89' lang='lat' dir='ltr'><strong>sua</strong></span> <span class='ocrx_word' id='word_1_125' title='bbox 1822 1702 2003 1769; x_wconf 85' lang='lat' dir='ltr'><strong>ducit,</strong></span> 
     </span>
    </p>
   </div>
   <div class='ocr_carea' id='block_1_21' title="bbox 424 1794 2004 1870">
    <p class='ocr_par' dir='ltr' id='par_1_21' title="bbox 424 1794 2004 1870">
     <span class='ocr_line' id='line_1_21' title="bbox 424 1794 2004 1870; baseline -0.002 -19"><span class='ocrx_word' id='word_1_126' title='bbox 424 1799 750 1870; x_wconf 79' lang='lat' dir='ltr'><strong>quicunque</strong></span> <span class='ocrx_word' id='word_1_127' title='bbox 806 1815 995 1855; x_wconf 83' lang='lat' dir='ltr'><strong>veram</strong></span> <span class='ocrx_word' id='word_1_128' title='bbox 1030 1801 1087 1855; x_wconf 92' lang='lat' dir='ltr'><strong>in</strong></span> <span class='ocrx_word' id='word_1_129' title='bbox 1134 1798 1418 1856; x_wconf 85' lang='lat' dir='ltr'><strong>Christum</strong></span> <span class='ocrx_word' id='word_1_130' title='bbox 1460 1811 1614 1869; x_wconf 90' lang='lat' dir='ltr'><strong>spem</strong></span> <span class='ocrx_word' id='word_1_131' title='bbox 1654 1794 2004 1866; x_wconf 79' lang='lat' dir='ltr'><strong>professione</strong></span> 
     </span>
    </p>
   </div>
   <div class='ocr_carea' id='block_1_22' title="bbox 2099 775 3686 848">
    <p class='ocr_par' dir='ltr' id='par_1_22' title="bbox 2099 775 3686 848">
     <span class='ocr_line' id='line_1_22' title="bbox 2099 775 3686 848; baseline -0.004 -16"><span class='ocrx_word' id='word_1_132' title='bbox 2099 779 2199 847; x_wconf 86' lang='grc' dir='ltr'>τῆς</span> <span class='ocrx_word' id='word_1_133' title='bbox 2232 777 2454 848; x_wconf 78' lang='grc' dir='ltr'>γεέννης</span> <span class='ocrx_word' id='word_1_134' title='bbox 2473 777 2587 829; x_wconf 81' lang='grc' dir='ltr'>υἱὸν</span> <span class='ocrx_word' id='word_1_135' title='bbox 2612 777 2808 830; x_wconf 77' lang='grc' dir='ltr'>ἑαυτὸν</span> <span class='ocrx_word' id='word_1_136' title='bbox 2834 776 3203 829; x_wconf 75' lang='grc' dir='ltr'>ἀποδείκνυσι.</span> <span class='ocrx_word' id='word_1_137' title='bbox 3223 775 3289 827; x_wconf 88' lang='grc' dir='ltr'>Τί</span> <span class='ocrx_word' id='word_1_138' title='bbox 3315 775 3495 828; x_wconf 81' lang='grc' dir='ltr'>τοίνυν</span> <span class='ocrx_word' id='word_1_139' title='bbox 3523 775 3686 829; x_wconf 83' lang='grc' dir='ltr'>πάλιν</span> 
     </span>
    </p>
   </div>
   <div class='ocr_carea' id='block_1_23' title="bbox 2103 866 3688 941">
    <p class='ocr_par' dir='ltr' id='par_1_23' title="bbox 2103 866 3688 941">
     <span class='ocr_line' id='line_1_23' title="bbox 2103 866 3688 941; baseline -0.003 -18"><span class='ocrx_word' id='word_1_140' title='bbox 2103 868 2234 941; x_wconf 81' lang='grc' dir='ltr'>παρ’</span> <span class='ocrx_word' id='word_1_141' title='bbox 2272 868 2406 940; x_wconf 79' lang='grc' dir='ltr'>ἐμοῦ</span> <span class='ocrx_word' id='word_1_142' title='bbox 2441 868 2652 940; x_wconf 72' lang='grc' dir='ltr'>ζητεῖτε</span> <span class='ocrx_word' id='word_1_143' title='bbox 2688 870 2787 939; x_wconf 86' lang='grc' dir='ltr'>τὴν</span> <span class='ocrx_word' id='word_1_144' title='bbox 2826 867 3149 938; x_wconf 74' lang='grc' dir='ltr'>καθαίρεσιν</span> <span class='ocrx_word' id='word_1_145' title='bbox 3180 867 3473 937; x_wconf 80' lang='grc' dir='ltr'><strong>Τιμοθέου,</strong></span> <span class='ocrx_word' id='word_1_146' title='bbox 3504 866 3561 931; x_wconf 78' lang='grc' dir='ltr'><strong>δς</strong></span> <span class='ocrx_word' id='word_1_147' title='bbox 3592 866 3688 921; x_wconf 79' lang='grc' dir='ltr'>καὶ</span> 
     </span>
    </p>
   </div>
   <div class='ocr_carea' id='block_1_24' title="bbox 2102 958 3688 1033">
    <p class='ocr_par' dir='ltr' id='par_1_24' title="bbox 2102 958 3688 1033">
     <span class='ocr_line' id='line_1_24' title="bbox 2102 958 3688 1033; baseline -0.003 -18"><span class='ocrx_word' id='word_1_148' title='bbox 2102 961 2340 1018; x_wconf 72' lang='grc' dir='ltr'>ἐνταῦθα</span> <span class='ocrx_word' id='word_1_149' title='bbox 2372 960 2553 1031; x_wconf 87' lang='grc' dir='ltr'>κρίσει</span> <span class='ocrx_word' id='word_1_150' title='bbox 2581 962 2681 1033; x_wconf 82' lang='grc' dir='ltr'>τῆς</span> <span class='ocrx_word' id='word_1_151' title='bbox 2708 960 3077 1029; x_wconf 79' lang='grc' dir='ltr'>ἀποστολικῆς</span> <span class='ocrx_word' id='word_1_152' title='bbox 3102 958 3393 1028; x_wconf 77' lang='grc' dir='ltr'><strong>καθέδρας,</strong></span> <span class='ocrx_word' id='word_1_153' title='bbox 3422 959 3688 1028; x_wconf 80' lang='grc' dir='ltr'><strong>παρόντος</strong></span> 
     </span>
    </p>
   </div>
   <div class='ocr_carea' id='block_1_25' title="bbox 2103 1049 3684 1124">
    <p class='ocr_par' dir='ltr' id='par_1_25' title="bbox 2103 1049 3684 1124">
     <span class='ocr_line' id='line_1_25' title="bbox 2103 1049 3684 1124; baseline -0.004 -16"><span class='ocrx_word' id='word_1_154' title='bbox 2103 1054 2200 1108; x_wconf 72' lang='grc' dir='ltr'>καὶ</span> <span class='ocrx_word' id='word_1_155' title='bbox 2231 1054 2442 1124; x_wconf 79' lang='grc' dir='ltr'>Πέτρου</span> <span class='ocrx_word' id='word_1_156' title='bbox 2469 1052 2564 1106; x_wconf 91' lang='grc' dir='ltr'><strong>τοῦ</strong></span> <span class='ocrx_word' id='word_1_157' title='bbox 2595 1052 2899 1107; x_wconf 75' lang='grc' dir='ltr'>ἐπισκόπου</span> <span class='ocrx_word' id='word_1_158' title='bbox 2921 1050 3022 1119; x_wconf 88' lang='grc' dir='ltr'>τῆς</span> <span class='ocrx_word' id='word_1_159' title='bbox 3037 1049 3430 1118; x_wconf 78' lang='grc' dir='ltr'>Ἀλεξανδρέων</span> <span class='ocrx_word' id='word_1_160' title='bbox 3455 1049 3684 1113; x_wconf 82' lang='grc' dir='ltr'>πόλεως,</span> 
     </span>
    </p>
   </div>
   <div class='ocr_carea' id='block_1_26' title="bbox 2102 1139 3683 1218">
    <p class='ocr_par' dir='ltr' id='par_1_26' title="bbox 2102 1139 3683 1218">
     <span class='ocr_line' id='line_1_26' title="bbox 2102 1139 3683 1218; baseline -0.008 -17"><span class='ocrx_word' id='word_1_161' title='bbox 2102 1146 2385 1218; x_wconf 76' lang='grc' dir='ltr'>καθῃρέθη</span> <span class='ocrx_word' id='word_1_162' title='bbox 2426 1146 2546 1216; x_wconf 76' lang='grc' dir='ltr'>ἆμα</span> <span class='ocrx_word' id='word_1_163' title='bbox 2575 1146 2655 1215; x_wconf 86' lang='grc' dir='ltr'>τῷ</span> <span class='ocrx_word' id='word_1_164' title='bbox 2694 1145 3001 1215; x_wconf 79' lang='grc' dir='ltr'>διδασκάλῳ</span> <span class='ocrx_word' id='word_1_165' title='bbox 3033 1139 3205 1199; x_wconf 80' lang='grc' dir='ltr'>αὐτοῦ’</span> <span class='ocrx_word' id='word_1_166' title='bbox 3251 1141 3683 1213; x_wconf 79' lang='grc' dir='ltr'>’Δπολλιναρίῳ;</span> 
     </span>
    </p>
   </div>
   <div class='ocr_carea' id='block_1_27' title="bbox 2109 1236 3687 1315">
    <p class='ocr_par' dir='ltr' id='par_1_27' title="bbox 2109 1236 3687 1315">
     <span class='ocr_line' id='line_1_27' title="bbox 2109 1236 3687 1315; baseline -0.006 -19"><span class='ocrx_word' id='word_1_167' title='bbox 2109 1244 2207 1306; x_wconf 86' lang='grc' dir='ltr'>Ὃς</span> <span class='ocrx_word' id='word_1_168' title='bbox 2237 1242 2333 1296; x_wconf 79' lang='grc' dir='ltr'>καὶ</span> <span class='ocrx_word' id='word_1_169' title='bbox 2362 1242 2422 1294; x_wconf 78' lang='grc' dir='ltr'>ὲν</span> <span class='ocrx_word' id='word_1_170' title='bbox 2452 1241 2640 1315; x_wconf 68' lang='grc' dir='ltr'>ἡμέρᾳ</span> <span class='ocrx_word' id='word_1_171' title='bbox 2667 1242 2764 1313; x_wconf 87' lang='grc' dir='ltr'>τῆς</span> <span class='ocrx_word' id='word_1_172' title='bbox 2806 1241 3042 1311; x_wconf 82' lang='grc' dir='ltr'>κρίσεως</span> <span class='ocrx_word' id='word_1_173' title='bbox 3081 1238 3179 1302; x_wconf 75' lang='grc' dir='ltr'><strong>τὰς</strong></span> <span class='ocrx_word' id='word_1_174' title='bbox 3206 1236 3563 1307; x_wconf 78' lang='grc' dir='ltr'><strong>ὀφειλομένας</strong></span> <span class='ocrx_word' id='word_1_175' title='bbox 3603 1252 3687 1288; x_wconf 80' lang='grc' dir='ltr'>τι·</span> 
     </span>
    </p>
   </div>
   <div class='ocr_carea' id='block_1_28' title="bbox 2107 1330 3688 1405">
    <p class='ocr_par' dir='ltr' id='par_1_28' title="bbox 2107 1330 3688 1405">
     <span class='ocr_line' id='line_1_28' title="bbox 2107 1330 3688 1405; baseline -0.004 -17"><span class='ocrx_word' id='word_1_176' title='bbox 2107 1333 2322 1405; x_wconf 79' lang='grc' dir='ltr'>μωρίας</span> <span class='ocrx_word' id='word_1_177' title='bbox 2352 1335 2447 1387; x_wconf 68' lang='grc' dir='ltr'>καὶ</span> <span class='ocrx_word' id='word_1_178' title='bbox 2477 1333 2747 1404; x_wconf 80' lang='grc' dir='ltr'>βασάνους</span> <span class='ocrx_word' id='word_1_179' title='bbox 2778 1333 3060 1403; x_wconf 77' lang='grc' dir='ltr'>ὑπομενεῖ.</span> <span class='ocrx_word' id='word_1_180' title='bbox 3098 1332 3160 1386; x_wconf 83' lang='lat' dir='ltr'><strong>El</strong></span> <span class='ocrx_word' id='word_1_181' title='bbox 3200 1330 3258 1384; x_wconf 84' lang='grc' dir='ltr'>δέ</span> <span class='ocrx_word' id='word_1_182' title='bbox 3285 1347 3441 1392; x_wconf 89' lang='grc' dir='ltr'>τινας</span> <span class='ocrx_word' id='word_1_183' title='bbox 3490 1345 3688 1398; x_wconf 81' lang='grc' dir='ltr'>κουφο-</span> 
     </span>
    </p>
   </div>
   <div class='ocr_carea' id='block_1_29' title="bbox 2104 1422 3690 1497">
    <p class='ocr_par' dir='ltr' id='par_1_29' title="bbox 2104 1422 3690 1497">
     <span class='ocr_line' id='line_1_29' title="bbox 2104 1422 3690 1497; baseline -0.004 -19"><span class='ocrx_word' id='word_1_184' title='bbox 2104 1427 2299 1497; x_wconf 85' lang='grc' dir='ltr'>τέρους</span> <span class='ocrx_word' id='word_1_185' title='bbox 2344 1427 2522 1481; x_wconf 86' lang='grc' dir='ltr'>πείθει</span> <span class='ocrx_word' id='word_1_186' title='bbox 2555 1429 2765 1491; x_wconf 68' lang='grc' dir='ltr'>ὶκεϊνος</span> <span class='ocrx_word' id='word_1_187' title='bbox 2808 1426 2886 1489; x_wconf 81' lang='grc' dir='ltr'>ὣς</span> <span class='ocrx_word' id='word_1_188' title='bbox 2918 1443 3042 1480; x_wconf 87' lang='grc' dir='ltr'>τινα</span> <span class='ocrx_word' id='word_1_189' title='bbox 3085 1425 3279 1478; x_wconf 69' lang='grc' dir='ltr'>ἐλπίδα</span> <span class='ocrx_word' id='word_1_190' title='bbox 3328 1424 3491 1493; x_wconf 68' lang='grc' dir='ltr'>ἔχων,</span> <span class='ocrx_word' id='word_1_191' title='bbox 3541 1422 3690 1485; x_wconf 88' lang='grc' dir='ltr'>ὅστις</span> 
     </span>
    </p>
   </div>
   <div class='ocr_carea' id='block_1_30' title="bbox 2102 1513 3741 1591">
    <p class='ocr_par' dir='ltr' id='par_1_30' title="bbox 2102 1513 3741 1591">
     <span class='ocr_line' id='line_1_30' title="bbox 2102 1513 3741 1591; baseline -0.008 -18"><span class='ocrx_word' id='word_1_192' title='bbox 2102 1520 2202 1587; x_wconf 80' lang='grc' dir='ltr'>τὴν</span> <span class='ocrx_word' id='word_1_193' title='bbox 2234 1519 2409 1591; x_wconf 76' lang='grc' dir='ltr'>ἀληθῆ</span> <span class='ocrx_word' id='word_1_194' title='bbox 2440 1520 2634 1575; x_wconf 76' lang='grc' dir='ltr'>ἐλπίδα</span> <span class='ocrx_word' id='word_1_195' title='bbox 2658 1519 2756 1589; x_wconf 84' lang='grc' dir='ltr'>τὴν</span> <span class='ocrx_word' id='word_1_196' title='bbox 2787 1518 2870 1583; x_wconf 88' lang='grc' dir='ltr'><strong>είς</strong></span> <span class='ocrx_word' id='word_1_197' title='bbox 2900 1517 3137 1588; x_wconf 72' lang='grc' dir='ltr'>Χριστὸν</span> <span class='ocrx_word' id='word_1_198' title='bbox 3165 1517 3230 1587; x_wconf 73' lang='grc' dir='ltr'><strong>τῇ</strong></span> <span class='ocrx_word' id='word_1_199' title='bbox 3264 1513 3530 1584; x_wconf 79' lang='grc' dir='ltr'>ὁμολογίᾳ</span> <span class='ocrx_word' id='word_1_200' title='bbox 3562 1527 3691 1580; x_wconf 86' lang='grc' dir='ltr'>μετ-</span> <span class='ocrx_word' id='word_1_201' title='bbox 3736 1548 3741 1551; x_wconf 92' lang='grc'><strong>-</strong></span> 
     </span>
    </p>
   </div>
   <div class='ocr_carea' id='block_1_31' title="bbox 2103 1601 3690 1681">
    <p class='ocr_par' dir='ltr' id='par_1_31' title="bbox 2103 1601 3690 1681">
     <span class='ocr_line' id='line_1_31' title="bbox 2103 1601 3690 1681; baseline -0.004 -20"><span class='ocrx_word' id='word_1_202' title='bbox 2103 1609 2290 1676; x_wconf 76' lang='grc' dir='ltr'>έὸαλε,</span> <span class='ocrx_word' id='word_1_203' title='bbox 2318 1612 2457 1681; x_wconf 83' lang='grc' dir='ltr'>μετὰ</span> <span class='ocrx_word' id='word_1_204' title='bbox 2483 1611 2677 1666; x_wconf 82' lang='grc' dir='ltr'>τούτου</span> <span class='ocrx_word' id='word_1_205' title='bbox 2707 1610 2911 1681; x_wconf 86' lang='grc' dir='ltr'>ὁμοίως</span> <span class='ocrx_word' id='word_1_206' title='bbox 2936 1608 3247 1673; x_wconf 80' lang='grc' dir='ltr'>ἀπολεῖται,</span> <span class='ocrx_word' id='word_1_207' title='bbox 3270 1607 3351 1677; x_wconf 81' lang='grc' dir='ltr'>τῷ</span> <span class='ocrx_word' id='word_1_208' title='bbox 3382 1605 3569 1658; x_wconf 88' lang='grc' dir='ltr'>κανόνι</span> <span class='ocrx_word' id='word_1_209' title='bbox 3591 1601 3690 1671; x_wconf 81' lang='grc' dir='ltr'>τῆς</span> 
     </span>
    </p>
   </div>
   <div class='ocr_carea' id='block_1_32' title="bbox 2117 1693 3693 1774">
    <p class='ocr_par' dir='ltr' id='par_1_32' title="bbox 2117 1693 3693 1774">
     <span class='ocr_line' id='line_1_32' title="bbox 2117 1693 3693 1774; baseline -0.004 -20"><span class='ocrx_word' id='word_1_210' title='bbox 2117 1702 2450 1774; x_wconf 80' lang='grc' dir='ltr'>Ἐκκλησίας</span> <span class='ocrx_word' id='word_1_211' title='bbox 2501 1702 2922 1765; x_wconf 83' lang='grc' dir='ltr'>ἀντιπαλαίσας.</span> <span class='ocrx_word' id='word_1_212' title='bbox 2972 1700 3033 1754; x_wconf 85' lang='lat'><strong>&#39;0</strong></span> <span class='ocrx_word' id='word_1_213' title='bbox 3064 1700 3200 1761; x_wconf 74' lang='grc' dir='ltr'>Θεὸς</span> <span class='ocrx_word' id='word_1_214' title='bbox 3235 1699 3377 1770; x_wconf 74' lang='grc' dir='ltr'>ὑμᾶς</span> <span class='ocrx_word' id='word_1_215' title='bbox 3424 1693 3693 1766; x_wconf 77' lang='grc' dir='ltr'>ὑγιαίνονο</span> 
     </span>
    </p>
   </div>
   <div class='ocr_carea' id='block_1_33' title="bbox 2108 1794 3200 1867">
    <p class='ocr_par' dir='ltr' id='par_1_33' title="bbox 2108 1794 3200 1867">
     <span class='ocr_line' id='line_1_33' title="bbox 2108 1794 3200 1867; baseline -0.005 -16"><span class='ocrx_word' id='word_1_216' title='bbox 2108 1815 2208 1861; x_wconf 85' lang='grc' dir='ltr'><strong>τας</strong></span> <span class='ocrx_word' id='word_1_217' title='bbox 2237 1798 2613 1867; x_wconf 76' lang='grc' dir='ltr'>διαφυλάττοι,</span> <span class='ocrx_word' id='word_1_218' title='bbox 2653 1799 2759 1853; x_wconf 73' lang='grc' dir='ltr'><strong>υἱοὶ</strong></span> <span class='ocrx_word' id='word_1_219' title='bbox 2785 1794 3136 1866; x_wconf 83' lang='grc' dir='ltr'>τιμιώτατοι.</span> <span class='ocrx_word' id='word_1_220' title='bbox 3181 1812 3200 1846; x_wconf 73' lang='grc' dir='ltr'>ι</span> 
     </span>
    </p>
   </div>
   <div class='ocr_carea' id='block_1_34' title="bbox 423 1889 3693 1967">
    <p class='ocr_par' dir='ltr' id='par_1_34' title="bbox 423 1889 3693 1967">
     <span class='ocr_line' id='line_1_34' title="bbox 423 1889 3693 1967; baseline -0.002 -20"><span class='ocrx_word' id='word_1_221' title='bbox 423 1894 763 1961; x_wconf 83' lang='lat' dir='ltr'><strong>Apollinaris</strong></span> <span class='ocrx_word' id='word_1_222' title='bbox 806 1895 1063 1959; x_wconf 86' lang='lat' dir='ltr'><strong>mutavit,</strong></span> <span class='ocrx_word' id='word_1_223' title='bbox 1094 1894 1260 1967; x_wconf 61' lang='grc' dir='ltr'><strong>εδδ</strong></span> <span class='ocrx_word' id='word_1_224' title='bbox 1288 1894 1487 1949; x_wconf 88' lang='lat' dir='ltr'><strong>itidem</strong></span> <span class='ocrx_word' id='word_1_225' title='bbox 1544 1902 1606 1949; x_wconf 92' lang='lat' dir='ltr'><strong>ut</strong></span> <span class='ocrx_word' id='word_1_226' title='bbox 1678 1892 1773 1948; x_wconf 89' lang='lat' dir='ltr'><strong>illc</strong></span> <span class='ocrx_word' id='word_1_227' title='bbox 1811 1891 2039 1960; x_wconf 75' lang='lat' dir='ltr'><strong>peribit,</strong></span> <span class='ocrx_word' id='word_1_228' title='bbox 2079 1892 2340 1951; x_wconf 65' lang='lat' dir='ltr'><strong>Ecclesiae</strong></span> <span class='ocrx_word' id='word_1_229' title='bbox 2367 1896 2565 1952; x_wconf 90' lang='lat' dir='ltr'><strong>canoni</strong></span> <span class='ocrx_word' id='word_1_230' title='bbox 2591 1896 2895 1952; x_wconf 85' lang='lat' dir='ltr'><strong>reluctans.</strong></span> <span class='ocrx_word' id='word_1_231' title='bbox 2942 1896 3090 1951; x_wconf 88' lang='lat' dir='ltr'><strong>Deus</strong></span> <span class='ocrx_word' id='word_1_232' title='bbox 3112 1905 3212 1947; x_wconf 81' lang='lat' dir='ltr'><strong>vos</strong></span> <span class='ocrx_word' id='word_1_233' title='bbox 3273 1889 3370 1945; x_wconf 84' lang='lat' dir='ltr'><strong>lilii</strong></span> <span class='ocrx_word' id='word_1_234' title='bbox 3437 1898 3693 1944; x_wconf 81' lang='lat' dir='ltr'><strong>reveren-</strong></span> 
     </span>
    </p>
   </div>
   <div class='ocr_carea' id='block_1_35' title="bbox 422 1986 1360 2053">
    <p class='ocr_par' dir='ltr' id='par_1_35' title="bbox 422 1986 1360 2053">
     <span class='ocr_line' id='line_1_35' title="bbox 422 1986 1360 2053; baseline -0.002 -12"><span class='ocrx_word' id='word_1_235' title='bbox 422 1986 660 2053; x_wconf 88' lang='lat' dir='ltr'><strong>dissimi,</strong></span> <span class='ocrx_word' id='word_1_236' title='bbox 680 1996 965 2045; x_wconf 80' lang='lat' dir='ltr'><strong>conservet</strong></span> <span class='ocrx_word' id='word_1_237' title='bbox 998 1987 1325 2043; x_wconf 86' lang='lat' dir='ltr'><strong>incolumes.</strong></span> <span class='ocrx_word' id='word_1_238' title='bbox 1339 2004 1360 2039; x_wconf 70' lang='grc' dir='ltr'><strong>ι</strong></span> 
     </span>
    </p>
   </div>
   <div class='ocr_carea' id='block_1_36' title="bbox 987 2096 1468 2155">
    <p class='ocr_par' dir='ltr' id='par_1_36' title="bbox 987 2096 1468 2155">
     <span class='ocr_line' id='line_1_36' title="bbox 987 2096 1468 2155; baseline 0 -2"><span class='ocrx_word' id='word_1_239' title='bbox 987 2097 1219 2155; x_wconf 85' lang='lat' dir='ltr'><strong>CAPUT</strong></span> <span class='ocrx_word' id='word_1_240' title='bbox 1278 2096 1468 2155; x_wconf 76' lang='lat' dir='ltr'><strong>XVIII.</strong></span> 
     </span>
    </p>
   </div>
   <div class='ocr_carea' id='block_1_37' title="bbox 419 2188 2006 2260">
    <p class='ocr_par' dir='ltr' id='par_1_37' title="bbox 419 2188 2006 2260">
     <span class='ocr_line' id='line_1_37' title="bbox 419 2188 2006 2260; baseline -0.003 -13"><span class='ocrx_word' id='word_1_241' title='bbox 419 2189 579 2247; x_wconf 79' lang='lat' dir='ltr'><strong>Aliud</strong></span> <span class='ocrx_word' id='word_1_242' title='bbox 599 2189 855 2260; x_wconf 75' lang='lat' dir='ltr'><strong>synodale</strong></span> <span class='ocrx_word' id='word_1_243' title='bbox 869 2189 1106 2260; x_wconf 80' lang='lat' dir='ltr'><strong>ejusdem</strong></span> <span class='ocrx_word' id='word_1_244' title='bbox 1125 2189 1373 2253; x_wconf 81' lang='lat' dir='ltr'><strong>edictum,</strong></span> <span class='ocrx_word' id='word_1_245' title='bbox 1389 2196 1573 2244; x_wconf 80' lang='lat' dir='ltr'><strong>contra</strong></span> <span class='ocrx_word' id='word_1_246' title='bbox 1591 2188 1768 2244; x_wconf 78' lang='lat' dir='ltr'><strong>varias</strong></span> <span class='ocrx_word' id='word_1_247' title='bbox 1784 2188 2006 2244; x_wconf 73' lang='lat' dir='ltr'><strong>Iucreses</strong></span> 
     </span>
    </p>
   </div>
   <div class='ocr_carea' id='block_1_38' title="bbox 1046 2263 1413 2330">
    <p class='ocr_par' dir='ltr' id='par_1_38' title="bbox 1046 2263 1413 2330">
     <span class='ocr_line' id='line_1_38' title="bbox 1046 2263 1413 2330; baseline 0.003 -16"><span class='ocrx_word' id='word_1_248' title='bbox 1046 2263 1413 2330; x_wconf 79' lang='lat' dir='ltr'><strong>compositum.</strong></span> 
     </span>
    </p>
   </div>
   <div class='ocr_carea' id='block_1_39' title="bbox 491 2370 2006 2445">
    <p class='ocr_par' dir='ltr' id='par_1_39' title="bbox 491 2370 2006 2445">
     <span class='ocr_line' id='line_1_39' title="bbox 491 2370 2006 2445; baseline -0.003 -15"><span class='ocrx_word' id='word_1_249' title='bbox 491 2374 789 2431; x_wconf 83' lang='lat' dir='ltr'><strong>Enimvero</strong></span> <span class='ocrx_word' id='word_1_250' title='bbox 813 2374 1067 2445; x_wconf 67' lang='lat' dir='ltr'><strong>quaedam</strong></span> <span class='ocrx_word' id='word_1_251' title='bbox 1086 2376 1254 2430; x_wconf 88' lang='lat' dir='ltr'><strong>etiam</strong></span> <span class='ocrx_word' id='word_1_252' title='bbox 1276 2375 1406 2438; x_wconf 87' lang='lat' dir='ltr'><strong>alia,</strong></span> <span class='ocrx_word' id='word_1_253' title='bbox 1431 2375 1526 2445; x_wconf 87' lang='lat' dir='ltr'><strong>qui</strong></span> <span class='ocrx_word' id='word_1_254' title='bbox 1551 2374 1606 2429; x_wconf 93' lang='lat' dir='ltr'><strong>in</strong></span> <span class='ocrx_word' id='word_1_255' title='bbox 1640 2389 1838 2444; x_wconf 83' lang='lat' dir='ltr'><strong>magna</strong></span> <span class='ocrx_word' id='word_1_256' title='bbox 1866 2370 2006 2428; x_wconf 85' lang='lat' dir='ltr'><strong>urbe</strong></span> 
     </span>
    </p>
   </div>
   <div class='ocr_carea' id='block_1_40' title="bbox 429 2466 1977 2539">
    <p class='ocr_par' dir='ltr' id='par_1_40' title="bbox 429 2466 1977 2539">
     <span class='ocr_line' id='line_1_40' title="bbox 429 2466 1977 2539; baseline -0.001 -16"><span class='ocrx_word' id='word_1_257' title='bbox 429 2467 606 2523; x_wconf 79' lang='lat' dir='ltr'><strong>Roma</strong></span> <span class='ocrx_word' id='word_1_258' title='bbox 652 2468 968 2539; x_wconf 76' lang='lat' dir='ltr'><strong>congregati</strong></span> <span class='ocrx_word' id='word_1_259' title='bbox 1025 2478 1202 2533; x_wconf 85' lang='lat' dir='ltr'><strong>erant,</strong></span> <span class='ocrx_word' id='word_1_260' title='bbox 1256 2468 1521 2523; x_wconf 89' lang='lat' dir='ltr'><strong>adversus</strong></span> <span class='ocrx_word' id='word_1_261' title='bbox 1560 2466 1742 2525; x_wconf 89' lang='lat' dir='ltr'><strong>varias</strong></span> <span class='ocrx_word' id='word_1_262' title='bbox 1767 2466 1977 2521; x_wconf 70' lang='lat' dir='ltr'><strong>bzerese</strong></span> 
     </span>
    </p>
   </div>
   <div class='ocr_carea' id='block_1_41' title="bbox 419 2557 1997 2630">
    <p class='ocr_par' dir='ltr' id='par_1_41' title="bbox 419 2557 1997 2630">
     <span class='ocr_line' id='line_1_41' title="bbox 419 2557 1997 2630; baseline -0.001 -16"><span class='ocrx_word' id='word_1_263' title='bbox 419 2558 717 2628; x_wconf 89' lang='lat' dir='ltr'><strong>scripsere.</strong></span> <span class='ocrx_word' id='word_1_264' title='bbox 769 2558 844 2613; x_wconf 85' lang='lat' dir='ltr'><strong>Ea</strong></span> <span class='ocrx_word' id='word_1_265' title='bbox 878 2559 1194 2615; x_wconf 86' lang='lat' dir='ltr'><strong>necessario</strong></span> <span class='ocrx_word' id='word_1_266' title='bbox 1248 2561 1402 2630; x_wconf 86' lang='lat' dir='ltr'><strong>operi</strong></span> <span class='ocrx_word' id='word_1_267' title='bbox 1455 2568 1649 2615; x_wconf 75' lang='lat' dir='ltr'><strong>noStro</strong></span> <span class='ocrx_word' id='word_1_268' title='bbox 1701 2557 1997 2614; x_wconf 81' lang='lat' dir='ltr'><strong>inferenda</strong></span> 
     </span>
    </p>
   </div>
   <div class='ocr_carea' id='block_1_42' title="bbox 419 2647 2008 2722">
    <p class='ocr_par' dir='ltr' id='par_1_42' title="bbox 419 2647 2008 2722">
     <span class='ocr_line' id='line_1_42' title="bbox 419 2647 2008 2722; baseline 0.001 -17"><span class='ocrx_word' id='word_1_269' title='bbox 419 2664 545 2705; x_wconf 88' lang='lat' dir='ltr'><strong>esse</strong></span> <span class='ocrx_word' id='word_1_270' title='bbox 575 2647 728 2703; x_wconf 84' lang='lat' dir='ltr'><strong>duxi.</strong></span> <span class='ocrx_word' id='word_1_271' title='bbox 782 2649 851 2705; x_wconf 90' lang='lat' dir='ltr'><strong>Et</strong></span> <span class='ocrx_word' id='word_1_272' title='bbox 899 2650 1138 2722; x_wconf 82' lang='lat' dir='ltr'><strong>primum</strong></span> <span class='ocrx_word' id='word_1_273' title='bbox 1176 2652 1509 2707; x_wconf 86' lang='lat' dir='ltr'><strong>universalis</strong></span> <span class='ocrx_word' id='word_1_274' title='bbox 1546 2651 1671 2707; x_wconf 70' lang='lat' dir='ltr'><strong>fidei</strong></span> <span class='ocrx_word' id='word_1_275' title='bbox 1710 2649 2008 2722; x_wconf 82' lang='lat' dir='ltr'><strong>professio-</strong></span> 
     </span>
    </p>
   </div>
   <div class='ocr_carea' id='block_1_43' title="bbox 420 2741 2005 2815">
    <p class='ocr_par' dir='ltr' id='par_1_43' title="bbox 420 2741 2005 2815">
     <span class='ocr_line' id='line_1_43' title="bbox 420 2741 2005 2815; baseline 0.003 -20"><span class='ocrx_word' id='word_1_276' title='bbox 420 2756 548 2795; x_wconf 85' lang='lat' dir='ltr'><strong>nem</strong></span> <span class='ocrx_word' id='word_1_277' title='bbox 618 2741 896 2796; x_wconf 86' lang='lat' dir='ltr'><strong>Damasus</strong></span> <span class='ocrx_word' id='word_1_278' title='bbox 946 2757 1086 2815; x_wconf 86' lang='lat' dir='ltr'><strong>papa</strong></span> <span class='ocrx_word' id='word_1_279' title='bbox 1135 2743 1202 2797; x_wconf 90' lang='lat' dir='ltr'><strong>ad</strong></span> <span class='ocrx_word' id='word_1_280' title='bbox 1259 2742 1550 2798; x_wconf 88' lang='lat' dir='ltr'><strong>Paulinum</strong></span> <span class='ocrx_word' id='word_1_281' title='bbox 1581 2744 1637 2799; x_wconf 91' lang='lat' dir='ltr'><strong>in</strong></span> <span class='ocrx_word' id='word_1_282' title='bbox 1685 2742 2005 2799; x_wconf 83' lang='lat' dir='ltr'><strong>Macedonia</strong></span> 
     </span>
    </p>
   </div>
   <div class='ocr_carea' id='block_1_44' title="bbox 416 2834 2001 2909">
    <p class='ocr_par' dir='ltr' id='par_1_44' title="bbox 416 2834 2001 2909">
     <span class='ocr_line' id='line_1_44' title="bbox 416 2834 2001 2909; baseline 0.003 -22"><span class='ocrx_word' id='word_1_283' title='bbox 416 2835 766 2904; x_wconf 75' lang='lat' dir='ltr'><strong>episcopum,</strong></span> <span class='ocrx_word' id='word_1_284' title='bbox 786 2835 881 2905; x_wconf 83' lang='lat' dir='ltr'><strong>qui</strong></span> <span class='ocrx_word' id='word_1_285' title='bbox 905 2838 1071 2891; x_wconf 89' lang='lat' dir='ltr'><strong>etiam</strong></span> <span class='ocrx_word' id='word_1_286' title='bbox 1087 2834 1493 2892; x_wconf 64' lang='lat' dir='ltr'><strong>Thessalonicae</strong></span> <span class='ocrx_word' id='word_1_287' title='bbox 1514 2836 1538 2891; x_wconf 76' lang='grc' dir='ltr'><strong><em>Ι</em></strong></span> <span class='ocrx_word' id='word_1_288' title='bbox 1541 2847 1715 2903; x_wconf 86' lang='lat' dir='ltr'><strong>uerat,</strong></span> <span class='ocrx_word' id='word_1_289' title='bbox 1730 2837 1887 2892; x_wconf 82' lang='lat' dir='ltr'><strong>misit</strong></span> <span class='ocrx_word' id='word_1_290' title='bbox 1902 2838 2001 2909; x_wconf 91' lang='lat' dir='ltr'><strong>(l).</strong></span> 
     </span>
    </p>
   </div>
   <div class='ocr_carea' id='block_1_45' title="bbox 340 2928 2002 3000">
    <p class='ocr_par' dir='ltr' id='par_1_45' title="bbox 340 2928 2002 3000">
     <span class='ocr_line' id='line_1_45' title="bbox 340 2928 2002 3000; baseline 0.004 -22"><span class='ocrx_word' id='word_1_291' title='bbox 340 2967 348 2978; x_wconf 96' lang='lat'><strong>.</strong></span> <span class='ocrx_word' id='word_1_292' title='bbox 419 2928 603 2997; x_wconf 80' lang='lat' dir='ltr'><strong>Atque</strong></span> <span class='ocrx_word' id='word_1_293' title='bbox 648 2929 793 2982; x_wconf 92' lang='lat' dir='ltr'><strong>inter</strong></span> <span class='ocrx_word' id='word_1_294' title='bbox 826 2928 929 2983; x_wconf 91' lang='lat' dir='ltr'><strong>alia</strong></span> <span class='ocrx_word' id='word_1_295' title='bbox 994 2929 1086 2985; x_wconf 85' lang='lat' dir='ltr'><strong>ille</strong></span> <span class='ocrx_word' id='word_1_296' title='bbox 1142 2929 1257 2984; x_wconf 68' lang='lat' dir='ltr'><strong>haec</strong></span> <span class='ocrx_word' id='word_1_297' title='bbox 1287 2944 1510 3000; x_wconf 87' lang='lat' dir='ltr'><strong>quoque</strong></span> <span class='ocrx_word' id='word_1_298' title='bbox 1565 2938 2002 2984; x_wconf 89' lang='lat' dir='ltr'><strong>commemorat:</strong></span> 
     </span>
    </p>
   </div>
   <div class='ocr_carea' id='block_1_46' title="bbox 429 3017 2003 3096">
    <p class='ocr_par' dir='ltr' id='par_1_46' title="bbox 429 3017 2003 3096">
     <span class='ocr_line' id='line_1_46' title="bbox 429 3017 2003 3096; baseline 0.006 -26"><span class='ocrx_word' id='word_1_299' title='bbox 429 3017 918 3090; x_wconf 63' lang='lat' dir='ltr'><strong>«Quandoquidem</strong></span> <span class='ocrx_word' id='word_1_300' title='bbox 946 3029 1069 3096; x_wconf 82' lang='lat' dir='ltr'><strong>post</strong></span> <span class='ocrx_word' id='word_1_301' title='bbox 1089 3021 1383 3077; x_wconf 88' lang='lat' dir='ltr'><strong>concilium</strong></span> <span class='ocrx_word' id='word_1_302' title='bbox 1404 3021 1859 3079; x_wconf 66' lang='lat' dir='ltr'><strong>Nicatnumerror</strong></span> <span class='ocrx_word' id='word_1_303' title='bbox 1896 3025 2003 3080; x_wconf 91' lang='lat' dir='ltr'><strong>iste</strong></span> 
     </span>
    </p>
   </div>
   <div class='ocr_carea' id='block_1_47' title="bbox 421 3110 2002 3185">
    <p class='ocr_par' dir='ltr' id='par_1_47' title="bbox 421 3110 2002 3185">
     <span class='ocr_line' id='line_1_47' title="bbox 421 3110 2002 3185; baseline 0.004 -21"><span class='ocrx_word' id='word_1_304' title='bbox 421 3110 669 3178; x_wconf 79' lang='lat' dir='ltr'><strong>emersit,</strong></span> <span class='ocrx_word' id='word_1_305' title='bbox 731 3120 790 3166; x_wconf 91' lang='lat' dir='ltr'><strong>ut</strong></span> <span class='ocrx_word' id='word_1_306' title='bbox 818 3112 1044 3184; x_wconf 89' lang='lat' dir='ltr'><strong>quidam</strong></span> <span class='ocrx_word' id='word_1_307' title='bbox 1100 3112 1320 3183; x_wconf 89' lang='lat' dir='ltr'><strong>impuro</strong></span> <span class='ocrx_word' id='word_1_308' title='bbox 1387 3129 1488 3169; x_wconf 91' lang='lat' dir='ltr'><strong>ore</strong></span> <span class='ocrx_word' id='word_1_309' title='bbox 1534 3116 1725 3172; x_wconf 90' lang='lat' dir='ltr'><strong>dicere</strong></span> <span class='ocrx_word' id='word_1_310' title='bbox 1778 3116 2002 3185; x_wconf 85' lang='lat' dir='ltr'><strong>audeat,</strong></span> 
     </span>
    </p>
   </div>
   <div class='ocr_carea' id='block_1_48' title="bbox 424 3201 2003 3273">
    <p class='ocr_par' dir='ltr' id='par_1_48' title="bbox 424 3201 2003 3273">
     <span class='ocr_line' id='line_1_48' title="bbox 424 3201 2003 3273; baseline 0.007 -18"><span class='ocrx_word' id='word_1_311' title='bbox 424 3201 693 3273; x_wconf 84' lang='lat' dir='ltr'><strong>Spiritum</strong></span> <span class='ocrx_word' id='word_1_312' title='bbox 738 3215 990 3261; x_wconf 87' lang='lat' dir='ltr'><strong>sanctum</strong></span> <span class='ocrx_word' id='word_1_313' title='bbox 1020 3220 1121 3271; x_wconf 90' lang='lat' dir='ltr'><strong>per</strong></span> <span class='ocrx_word' id='word_1_314' title='bbox 1166 3205 1367 3261; x_wconf 91' lang='lat' dir='ltr'><strong>Filium</strong></span> <span class='ocrx_word' id='word_1_315' title='bbox 1438 3222 1593 3264; x_wconf 88' lang='lat' dir='ltr'><strong>esse:</strong></span> <span class='ocrx_word' id='word_1_316' title='bbox 1648 3210 2003 3266; x_wconf 84' lang='lat' dir='ltr'><strong>anathemate</strong></span> 
     </span>
    </p>
   </div>
   <div class='ocr_carea' id='block_1_49' title="bbox 422 3294 1997 3367">
    <p class='ocr_par' dir='ltr' id='par_1_49' title="bbox 422 3294 1997 3367">
     <span class='ocr_line' id='line_1_49' title="bbox 422 3294 1997 3367; baseline 0.006 -20"><span class='ocrx_word' id='word_1_317' title='bbox 422 3309 519 3347; x_wconf 80' lang='lat' dir='ltr'><strong>eos</strong></span> <span class='ocrx_word' id='word_1_318' title='bbox 543 3294 794 3362; x_wconf 79' lang='lat' dir='ltr'><strong>ferimus,</strong></span> <span class='ocrx_word' id='word_1_319' title='bbox 825 3295 921 3366; x_wconf 88' lang='lat' dir='ltr'><strong>qui</strong></span> <span class='ocrx_word' id='word_1_320' title='bbox 958 3311 1063 3350; x_wconf 92' lang='lat' dir='ltr'><strong>non</strong></span> <span class='ocrx_word' id='word_1_321' title='bbox 1091 3311 1219 3352; x_wconf 87' lang='lat' dir='ltr'><strong>eum</strong></span> <span class='ocrx_word' id='word_1_322' title='bbox 1245 3296 1503 3354; x_wconf 87' lang='lat' dir='ltr'><strong>libertate</strong></span> <span class='ocrx_word' id='word_1_323' title='bbox 1532 3300 1707 3367; x_wconf 89' lang='lat' dir='ltr'><strong>omni,</strong></span> <span class='ocrx_word' id='word_1_324' title='bbox 1742 3316 1849 3356; x_wconf 88' lang='lat' dir='ltr'><strong>una</strong></span> <span class='ocrx_word' id='word_1_325' title='bbox 1871 3315 1997 3356; x_wconf 91' lang='lat' dir='ltr'><strong>cum</strong></span> 
     </span>
    </p>
   </div>
   <div class='ocr_carea' id='block_1_50' title="bbox 2043 2095 2093 2157">
    <p class='ocr_par' dir='ltr' id='par_1_50' title="bbox 2043 2095 2093 2157">
     <span class='ocr_line' id='line_1_50' title="bbox 2043 2095 2093 2157; baseline 0 0"><span class='ocrx_word' id='word_1_326' title='bbox 2043 2095 2093 2157; x_wconf 90' lang='lat' dir='ltr'><strong>B</strong></span> 
     </span>
    </p>
   </div>
   <div class='ocr_carea' id='block_1_51' title="bbox 2703 2094 3112 2152">
    <p class='ocr_par' dir='ltr' id='par_1_51' title="bbox 2703 2094 3112 2152">
     <span class='ocr_line' id='line_1_51' title="bbox 2703 2094 3112 2152; baseline -0.005 0"><span class='ocrx_word' id='word_1_327' title='bbox 2703 2096 2953 2152; x_wconf 78' lang='grc' dir='ltr'><strong>ΚΕΦΑΛ.</strong></span> <span class='ocrx_word' id='word_1_328' title='bbox 3009 2094 3112 2150; x_wconf 84' lang='grc' dir='ltr'><strong>ΙΒ¹.</strong></span> 
     </span>
    </p>
   </div>
   <div class='ocr_carea' id='block_1_52' title="bbox 2118 2184 3695 2255">
    <p class='ocr_par' dir='ltr' id='par_1_52' title="bbox 2118 2184 3695 2255">
     <span class='ocr_line' id='line_1_52' title="bbox 2118 2184 3695 2255; baseline 0.001 -17"><span class='ocrx_word' id='word_1_329' title='bbox 2118 2185 2363 2255; x_wconf 82' lang='grc' dir='ltr'>Ἕτερον</span> <span class='ocrx_word' id='word_1_330' title='bbox 2391 2186 2727 2242; x_wconf 81' lang='grc' dir='ltr'>συνοὸικὸν</span> <span class='ocrx_word' id='word_1_331' title='bbox 2767 2186 2875 2241; x_wconf 85' lang='grc' dir='ltr'><strong>τοῦ</strong></span> <span class='ocrx_word' id='word_1_332' title='bbox 2904 2186 3115 2250; x_wconf 72' lang='grc' dir='ltr'>αὑτοῦ,</span> <span class='ocrx_word' id='word_1_333' title='bbox 3146 2185 3512 2255; x_wconf 71' lang='grc' dir='ltr'>σχεδιασθέν</span> <span class='ocrx_word' id='word_1_334' title='bbox 3547 2184 3695 2241; x_wconf 84' lang='grc' dir='ltr'>κατὰ</span> 
     </span>
    </p>
   </div>
   <div class='ocr_carea' id='block_1_53' title="bbox 2575 2256 3239 2326">
    <p class='ocr_par' dir='ltr' id='par_1_53' title="bbox 2575 2256 3239 2326">
     <span class='ocr_line' id='line_1_53' title="bbox 2575 2256 3239 2326; baseline 0 -16"><span class='ocrx_word' id='word_1_335' title='bbox 2575 2256 2879 2326; x_wconf 70' lang='grc' dir='ltr'>διαφόρων</span> <span class='ocrx_word' id='word_1_336' title='bbox 2930 2259 3239 2325; x_wconf 79' lang='grc' dir='ltr'>αιρέσεων.</span> 
     </span>
    </p>
   </div>
   <div class='ocr_carea' id='block_1_54' title="bbox 2186 2370 3694 2443">
    <p class='ocr_par' dir='ltr' id='par_1_54' title="bbox 2186 2370 3694 2443">
     <span class='ocr_line' id='line_1_54' title="bbox 2186 2370 3694 2443; baseline -0.001 -18"><span class='ocrx_word' id='word_1_337' title='bbox 2186 2371 2299 2426; x_wconf 82' lang='grc' dir='ltr'><strong>Καὶ</strong></span> <span class='ocrx_word' id='word_1_338' title='bbox 2326 2371 2462 2425; x_wconf 69' lang='grc' dir='ltr'>ἄλλα</span> <span class='ocrx_word' id='word_1_339' title='bbox 2493 2372 2551 2426; x_wconf 82' lang='grc' dir='ltr'>δέ</span> <span class='ocrx_word' id='word_1_340' title='bbox 2583 2391 2705 2427; x_wconf 89' lang='grc' dir='ltr'>τινα</span> <span class='ocrx_word' id='word_1_341' title='bbox 2756 2372 3241 2443; x_wconf 76' lang='grc' dir='ltr'>συναθροισθέντες</span> <span class='ocrx_word' id='word_1_342' title='bbox 3278 2374 3337 2427; x_wconf 77' lang='grc' dir='ltr'>ὲν</span> <span class='ocrx_word' id='word_1_343' title='bbox 3384 2373 3448 2443; x_wconf 80' lang='grc' dir='ltr'><strong>τῇ</strong></span> <span class='ocrx_word' id='word_1_344' title='bbox 3486 2370 3694 2441; x_wconf 78' lang='grc' dir='ltr'>μεγάλῃ</span> 
     </span>
    </p>
   </div>
   <div class='ocr_carea' id='block_1_55' title="bbox 2126 2464 3695 2539">
    <p class='ocr_par' dir='ltr' id='par_1_55' title="bbox 2126 2464 3695 2539">
     <span class='ocr_line' id='line_1_55' title="bbox 2126 2464 3695 2539; baseline -0.002 -19"><span class='ocrx_word' id='word_1_345' title='bbox 2126 2464 2314 2539; x_wconf 82' lang='grc' dir='ltr'><strong>Ῥώμῃ</strong></span> <span class='ocrx_word' id='word_1_346' title='bbox 2367 2466 2681 2537; x_wconf 77' lang='grc' dir='ltr'>γεγράφασι</span> <span class='ocrx_word' id='word_1_347' title='bbox 2731 2485 2871 2523; x_wconf 82' lang='grc' dir='ltr'>κατα</span> <span class='ocrx_word' id='word_1_348' title='bbox 2915 2466 3190 2539; x_wconf 86' lang='grc' dir='ltr'>διαφόρων</span> <span class='ocrx_word' id='word_1_349' title='bbox 3220 2467 3509 2536; x_wconf 80' lang='grc' dir='ltr'>αἱρέσεων,</span> <span class='ocrx_word' id='word_1_350' title='bbox 3554 2465 3695 2534; x_wconf 76' lang='grc' dir='ltr'>άπερ</span> 
     </span>
    </p>
   </div>
   <div class='ocr_carea' id='block_1_56' title="bbox 2113 2555 3696 2631">
    <p class='ocr_par' dir='ltr' id='par_1_56' title="bbox 2113 2555 3696 2631">
     <span class='ocr_line' id='line_1_56' title="bbox 2113 2555 3696 2631; baseline 0 -22"><span class='ocrx_word' id='word_1_351' title='bbox 2113 2557 2410 2627; x_wconf 83' lang='grc' dir='ltr'>ἀναγκαῖον</span> <span class='ocrx_word' id='word_1_352' title='bbox 2440 2558 2628 2631; x_wconf 71' lang='grc' dir='ltr'>ᾠήθην</span> <span class='ocrx_word' id='word_1_353' title='bbox 2663 2560 2894 2614; x_wconf 78' lang='grc' dir='ltr'>ἐντεῖναι</span> <span class='ocrx_word' id='word_1_354' title='bbox 2920 2560 2987 2630; x_wconf 74' lang='grc' dir='ltr'>τῇ</span> <span class='ocrx_word' id='word_1_355' title='bbox 3021 2561 3341 2629; x_wconf 82' lang='grc' dir='ltr'>συγγραφῇ·</span> <span class='ocrx_word' id='word_1_356' title='bbox 3359 2558 3453 2612; x_wconf 74' lang='grc' dir='ltr'>καὶ</span> <span class='ocrx_word' id='word_1_357' title='bbox 3483 2555 3696 2628; x_wconf 85' lang='grc' dir='ltr'>πρῶτον</span> 
     </span>
    </p>
   </div>
   <div class='ocr_carea' id='block_1_57' title="bbox 2111 2648 3696 2723">
    <p class='ocr_par' dir='ltr' id='par_1_57' title="bbox 2111 2648 3696 2723">
     <span class='ocr_line' id='line_1_57' title="bbox 2111 2648 3696 2723; baseline 0.002 -23"><span class='ocrx_word' id='word_1_358' title='bbox 2111 2648 2213 2718; x_wconf 82' lang='grc' dir='ltr'>τὴν</span> <span class='ocrx_word' id='word_1_359' title='bbox 2240 2649 2531 2720; x_wconf 83' lang='grc' dir='ltr'>ὁμολογίαν</span> <span class='ocrx_word' id='word_1_360' title='bbox 2559 2652 2660 2722; x_wconf 81' lang='grc' dir='ltr'>τῆς</span> <span class='ocrx_word' id='word_1_361' title='bbox 2687 2652 2987 2723; x_wconf 83' lang='grc' dir='ltr'>καθολικῆς</span> <span class='ocrx_word' id='word_1_362' title='bbox 3020 2652 3280 2716; x_wconf 82' lang='grc' dir='ltr'>πίστεως,</span> <span class='ocrx_word' id='word_1_363' title='bbox 3310 2651 3378 2722; x_wconf 73' lang='grc' dir='ltr'>ἢν</span> <span class='ocrx_word' id='word_1_364' title='bbox 3409 2653 3437 2705; x_wconf 89' lang='grc' dir='ltr'><strong>ό</strong></span> <span class='ocrx_word' id='word_1_365' title='bbox 3468 2656 3696 2712; x_wconf 82' lang='grc' dir='ltr'>πάππας</span> 
     </span>
    </p>
   </div>
   <div class='ocr_carea' id='block_1_58' title="bbox 2112 2739 3697 2813">
    <p class='ocr_par' dir='ltr' id='par_1_58' title="bbox 2112 2739 3697 2813">
     <span class='ocr_line' id='line_1_58' title="bbox 2112 2739 3697 2813; baseline -0.001 -22"><span class='ocrx_word' id='word_1_366' title='bbox 2112 2739 2364 2809; x_wconf 71' lang='grc' dir='ltr'>Δάμασος</span> <span class='ocrx_word' id='word_1_367' title='bbox 2406 2743 2542 2813; x_wconf 63' lang='grc' dir='ltr'>πρὶς</span> <span class='ocrx_word' id='word_1_368' title='bbox 2570 2741 2662 2796; x_wconf 76' lang='grc' dir='ltr'><strong>τὸν</strong></span> <span class='ocrx_word' id='word_1_369' title='bbox 2712 2741 3015 2796; x_wconf 78' lang='grc' dir='ltr'>ἐπίσκοπον</span> <span class='ocrx_word' id='word_1_370' title='bbox 3058 2742 3325 2795; x_wconf 81' lang='grc' dir='ltr'>Παυλῖνον</span> <span class='ocrx_word' id='word_1_371' title='bbox 3357 2743 3415 2796; x_wconf 80' lang='grc' dir='ltr'>ἐν</span> <span class='ocrx_word' id='word_1_372' title='bbox 3456 2739 3697 2795; x_wconf 71' lang='grc' dir='ltr'>Μακεδοο</span> 
     </span>
    </p>
   </div>
   <div class='ocr_carea' id='block_1_59' title="bbox 2113 2822 3696 2904">
    <p class='ocr_par' dir='ltr' id='par_1_59' title="bbox 2113 2822 3696 2904">
     <span class='ocr_line' id='line_1_59' title="bbox 2113 2822 3696 2904; baseline -0.003 -16"><span class='ocrx_word' id='word_1_373' title='bbox 2113 2832 2202 2904; x_wconf 80' lang='grc' dir='ltr'><strong>νίᾳ</strong></span> <span class='ocrx_word' id='word_1_374' title='bbox 2248 2834 2591 2902; x_wconf 70' lang='grc' dir='ltr'>ἀπέστειλεν,</span> <span class='ocrx_word' id='word_1_375' title='bbox 2622 2834 2680 2898; x_wconf 77' lang='grc' dir='ltr'>ὃς</span> <span class='ocrx_word' id='word_1_376' title='bbox 2709 2835 2770 2889; x_wconf 84' lang='grc' dir='ltr'>ὲν</span> <span class='ocrx_word' id='word_1_377' title='bbox 2819 2822 3193 2904; x_wconf 75' lang='grc' dir='ltr'>Θεσσαλονίκῃ</span> <span class='ocrx_word' id='word_1_378' title='bbox 3226 2833 3477 2903; x_wconf 72' lang='grc' dir='ltr'>ἐγένετο·</span> <span class='ocrx_word' id='word_1_379' title='bbox 3520 2833 3579 2884; x_wconf 81' lang='grc' dir='ltr'>ὲν</span> <span class='ocrx_word' id='word_1_380' title='bbox 3615 2825 3696 2894; x_wconf 75' lang='grc' dir='ltr'>οἷς</span> 
     </span>
    </p>
   </div>
   <div class='ocr_carea' id='block_1_60' title="bbox 2111 2923 3691 2998">
    <p class='ocr_par' dir='ltr' id='par_1_60' title="bbox 2111 2923 3691 2998">
     <span class='ocr_line' id='line_1_60' title="bbox 2111 2923 3691 2998; baseline -0.001 -20"><span class='ocrx_word' id='word_1_381' title='bbox 2111 2930 2204 2978; x_wconf 77' lang='grc' dir='ltr'>καὶ</span> <span class='ocrx_word' id='word_1_382' title='bbox 2231 2926 2354 2980; x_wconf 73' lang='grc' dir='ltr'>τάδε</span> <span class='ocrx_word' id='word_1_383' title='bbox 2395 2927 2810 2997; x_wconf 79' lang='grc' dir='ltr'>διαγορεὺουσιν</span> <span class='ocrx_word' id='word_1_384' title='bbox 2835 2945 2849 2959; x_wconf 88' lang='grc'><strong>·</strong></span> <span class='ocrx_word' id='word_1_385' title='bbox 2886 2946 2905 2980; x_wconf 73' lang='grc' dir='ltr'>ς</span> <span class='ocrx_word' id='word_1_386' title='bbox 2941 2926 3165 2998; x_wconf 73' lang='grc' dir='ltr'>Ἐπειδὴ</span> <span class='ocrx_word' id='word_1_387' title='bbox 3200 2926 3338 2997; x_wconf 78' lang='grc' dir='ltr'>μετὰ</span> <span class='ocrx_word' id='word_1_388' title='bbox 3371 2926 3468 2996; x_wconf 77' lang='grc' dir='ltr'>τὴν</span> <span class='ocrx_word' id='word_1_389' title='bbox 3500 2928 3556 2979; x_wconf 86' lang='grc' dir='ltr'>ὲν</span> <span class='ocrx_word' id='word_1_390' title='bbox 3589 2923 3691 2977; x_wconf 86' lang='grc' dir='ltr'><strong>Νι-</strong></span> 
     </span>
    </p>
   </div>
   <div class='ocr_carea' id='block_1_61' title="bbox 2113 3016 3697 3090">
    <p class='ocr_par' dir='ltr' id='par_1_61' title="bbox 2113 3016 3697 3090">
     <span class='ocr_line' id='line_1_61' title="bbox 2113 3016 3697 3090; baseline -0.001 -20"><span class='ocrx_word' id='word_1_391' title='bbox 2113 3017 2244 3088; x_wconf 82' lang='grc' dir='ltr'>καίᾳ</span> <span class='ocrx_word' id='word_1_392' title='bbox 2275 3016 2494 3071; x_wconf 76' lang='grc' dir='ltr'>σύνοδον</span> <span class='ocrx_word' id='word_1_393' title='bbox 2520 3016 2658 3088; x_wconf 83' lang='grc' dir='ltr'>αῦτη</span> <span class='ocrx_word' id='word_1_394' title='bbox 2692 3019 2726 3088; x_wconf 78' lang='grc' dir='ltr'>ἡ</span> <span class='ocrx_word' id='word_1_395' title='bbox 2760 3019 2936 3090; x_wconf 85' lang='grc' dir='ltr'>πλάνη</span> <span class='ocrx_word' id='word_1_396' title='bbox 2977 3018 3248 3088; x_wconf 74' lang='grc' dir='ltr'>ἀνέκυψεν</span> <span class='ocrx_word' id='word_1_397' title='bbox 3274 3059 3289 3086; x_wconf 97' lang='grc'><strong>,</strong></span> <span class='ocrx_word' id='word_1_398' title='bbox 3325 3017 3467 3072; x_wconf 79' lang='grc' dir='ltr'>ὥστε</span> <span class='ocrx_word' id='word_1_399' title='bbox 3495 3016 3697 3086; x_wconf 68' lang='grc' dir='ltr'>τολμᾷν</span> 
     </span>
    </p>
   </div>
   <div class='ocr_carea' id='block_1_62' title="bbox 2110 3109 3698 3182">
    <p class='ocr_par' dir='ltr' id='par_1_62' title="bbox 2110 3109 3698 3182">
     <span class='ocr_line' id='line_1_62' title="bbox 2110 3109 3698 3182; baseline -0.001 -19"><span class='ocrx_word' id='word_1_400' title='bbox 2110 3126 2235 3164; x_wconf 89' lang='grc' dir='ltr'>τινα</span> <span class='ocrx_word' id='word_1_401' title='bbox 2266 3109 2479 3181; x_wconf 80' lang='grc' dir='ltr'>βεϐήλῳ</span> <span class='ocrx_word' id='word_1_402' title='bbox 2516 3114 2743 3180; x_wconf 87' lang='grc' dir='ltr'>στόματι</span> <span class='ocrx_word' id='word_1_403' title='bbox 2772 3113 2945 3165; x_wconf 85' lang='grc' dir='ltr'>εἰπεῖν</span> <span class='ocrx_word' id='word_1_404' title='bbox 2977 3113 3037 3165; x_wconf 76' lang='grc' dir='ltr'><strong>τὸ</strong></span> <span class='ocrx_word' id='word_1_405' title='bbox 3069 3112 3293 3182; x_wconf 86' lang='grc' dir='ltr'>Πνεῦμα</span> <span class='ocrx_word' id='word_1_406' title='bbox 3335 3111 3396 3163; x_wconf 76' lang='grc' dir='ltr'>τὸ</span> <span class='ocrx_word' id='word_1_407' title='bbox 3426 3109 3581 3177; x_wconf 77' lang='grc' dir='ltr'>ἅγιον</span> <span class='ocrx_word' id='word_1_408' title='bbox 3608 3123 3698 3175; x_wconf 76' lang='grc' dir='ltr'>γεο</span> 
     </span>
    </p>
   </div>
   <div class='ocr_carea' id='block_1_63' title="bbox 2111 3200 3699 3275">
    <p class='ocr_par' dir='ltr' id='par_1_63' title="bbox 2111 3200 3699 3275">
     <span class='ocr_line' id='line_1_63' title="bbox 2111 3200 3699 3275; baseline -0.001 -19"><span class='ocrx_word' id='word_1_409' title='bbox 2111 3203 2373 3274; x_wconf 82' lang='grc' dir='ltr'>γενῆσθαι</span> <span class='ocrx_word' id='word_1_410' title='bbox 2402 3205 2490 3258; x_wconf 84' lang='grc' dir='ltr'><strong>διὰ</strong></span> <span class='ocrx_word' id='word_1_411' title='bbox 2514 3205 2607 3258; x_wconf 88' lang='grc' dir='ltr'><strong>τοῦ</strong></span> <span class='ocrx_word' id='word_1_412' title='bbox 2630 3204 2783 3270; x_wconf 88' lang='grc' dir='ltr'>Υίοῦ,</span> <span class='ocrx_word' id='word_1_413' title='bbox 2816 3203 3293 3275; x_wconf 76' lang='grc' dir='ltr'>ἀναθεματίξομεν</span> <span class='ocrx_word' id='word_1_414' title='bbox 3310 3205 3435 3266; x_wconf 80' lang='grc' dir='ltr'>τοὺς</span> <span class='ocrx_word' id='word_1_415' title='bbox 3460 3203 3536 3273; x_wconf 83' lang='grc' dir='ltr'>μὴ</span> <span class='ocrx_word' id='word_1_416' title='bbox 3562 3200 3699 3275; x_wconf 60' lang='grc' dir='ltr'>μετα</span> 
     </span>
    </p>
   </div>
   <div class='ocr_carea' id='block_1_64' title="bbox 2113 3272 3701 3369">
    <p class='ocr_par' dir='ltr' id='par_1_64' title="bbox 2113 3272 3701 3369">
     <span class='ocr_line' id='line_1_64' title="bbox 2113 3272 3701 3369; baseline -0.001 -19"><span class='ocrx_word' id='word_1_417' title='bbox 2113 3272 2294 3366; x_wconf 76' lang='grc' dir='ltr'>πάσης</span> <span class='ocrx_word' id='word_1_418' title='bbox 2349 3296 2663 3368; x_wconf 77' lang='grc' dir='ltr'>ἐλευθερίας</span> <span class='ocrx_word' id='word_1_419' title='bbox 2705 3272 3079 3369; x_wconf 78' lang='grc' dir='ltr'>κηρύττοντας</span> <span class='ocrx_word' id='word_1_420' title='bbox 3133 3298 3231 3351; x_wconf 82' lang='grc' dir='ltr'>σὺν</span> <span class='ocrx_word' id='word_1_421' title='bbox 3268 3295 3346 3367; x_wconf 85' lang='grc' dir='ltr'>τῷ</span> <span class='ocrx_word' id='word_1_422' title='bbox 3395 3272 3568 3366; x_wconf 74' lang='grc' dir='ltr'>Πατρὶ</span> <span class='ocrx_word' id='word_1_423' title='bbox 3609 3272 3701 3348; x_wconf 76' lang='grc' dir='ltr'><strong>καὶ</strong></span> 
     </span>
    </p>
   </div>
   <div class='ocr_carea' id='block_1_65' title="bbox 423 3385 2004 3463">
    <p class='ocr_par' dir='ltr' id='par_1_65' title="bbox 423 3385 2000 3463">
     <span class='ocr_line' id='line_1_65' title="bbox 423 3385 2000 3463; baseline 0.003 -22"><span class='ocrx_word' id='word_1_424' title='bbox 423 3385 586 3441; x_wconf 78' lang='lat' dir='ltr'><strong>P..tre</strong></span> <span class='ocrx_word' id='word_1_425' title='bbox 628 3398 684 3441; x_wconf 85' lang='lat' dir='ltr'><strong>et</strong></span> <span class='ocrx_word' id='word_1_426' title='bbox 714 3386 855 3442; x_wconf 85' lang='lat' dir='ltr'><strong>Filio</strong></span> <span class='ocrx_word' id='word_1_427' title='bbox 897 3388 1059 3445; x_wconf 90' lang='lat' dir='ltr'><strong>unius</strong></span> <span class='ocrx_word' id='word_1_428' title='bbox 1089 3396 1146 3444; x_wconf 89' lang='lat' dir='ltr'><strong>et</strong></span> <span class='ocrx_word' id='word_1_429' title='bbox 1185 3388 1433 3458; x_wconf 85' lang='lat' dir='ltr'><strong>ejusdem</strong></span> <span class='ocrx_word' id='word_1_430' title='bbox 1460 3391 1786 3447; x_wconf 66' lang='lat' dir='ltr'><strong>substantiae</strong></span> <span class='ocrx_word' id='word_1_431' title='bbox 1814 3403 1871 3448; x_wconf 92' lang='lat' dir='ltr'><strong>et</strong></span> <span class='ocrx_word' id='word_1_432' title='bbox 1900 3408 2000 3463; x_wconf 74' lang='lat' dir='ltr'><strong>po-</strong></span> 
     </span>
    </p>
   </div>
   <div class='ocr_carea' id='block_1_66' title="bbox 2112 3385 3704 3463">
    <p class='ocr_par' dir='ltr' id='par_1_66' title="bbox 2112 3387 3704 3462">
     <span class='ocr_line' id='line_1_66' title="bbox 2112 3387 3704 3462; baseline -0.001 -18"><span class='ocrx_word' id='word_1_433' title='bbox 2112 3390 2228 3462; x_wconf 81' lang='grc' dir='ltr'><strong>Υίῷ</strong></span> <span class='ocrx_word' id='word_1_434' title='bbox 2261 3390 2360 3461; x_wconf 80' lang='grc' dir='ltr'>τῆς</span> <span class='ocrx_word' id='word_1_435' title='bbox 2394 3392 2526 3462; x_wconf 80' lang='grc' dir='ltr'>μιᾶς</span> <span class='ocrx_word' id='word_1_436' title='bbox 2553 3393 2649 3445; x_wconf 73' lang='grc' dir='ltr'>καὶ</span> <span class='ocrx_word' id='word_1_437' title='bbox 2676 3392 2776 3462; x_wconf 81' lang='grc' dir='ltr'>τῆς</span> <span class='ocrx_word' id='word_1_438' title='bbox 2804 3393 2973 3461; x_wconf 78' lang='grc' dir='ltr'>αὐτῆς</span> <span class='ocrx_word' id='word_1_439' title='bbox 3005 3393 3193 3454; x_wconf 80' lang='grc' dir='ltr'>οὐσίας</span> <span class='ocrx_word' id='word_1_440' title='bbox 3241 3408 3300 3444; x_wconf 90' lang='grc' dir='ltr'><strong>τε</strong></span> <span class='ocrx_word' id='word_1_441' title='bbox 3330 3390 3427 3443; x_wconf 76' lang='grc' dir='ltr'>καὶ</span> <span class='ocrx_word' id='word_1_442' title='bbox 3458 3387 3704 3455; x_wconf 74' lang='grc' dir='ltr'>ἐξουσίας</span> 
     </span>
    </p>
   </div>
   <div class='ocr_carea' id='block_1_67' title="bbox 427 3453 2004 3556">
    <p class='ocr_par' dir='ltr' id='par_1_67' title="bbox 427 3476 2004 3554">
     <span class='ocr_line' id='line_1_67' title="bbox 427 3476 2004 3554; baseline 0.006 -23"><span class='ocrx_word' id='word_1_443' title='bbox 427 3476 643 3532; x_wconf 86' lang='lat' dir='ltr'><strong>Iestatis</strong></span> <span class='ocrx_word' id='word_1_444' title='bbox 664 3478 931 3534; x_wconf 83' lang='lat' dir='ltr'><strong>exsistere</strong></span> <span class='ocrx_word' id='word_1_445' title='bbox 955 3478 1223 3550; x_wconf 90' lang='lat' dir='ltr'><strong>Spiritum</strong></span> <span class='ocrx_word' id='word_1_446' title='bbox 1241 3493 1495 3537; x_wconf 90' lang='lat' dir='ltr'><strong>sanctum</strong></span> <span class='ocrx_word' id='word_1_447' title='bbox 1516 3483 1838 3554; x_wconf 68' lang='lat' dir='ltr'><strong>praedicant.</strong></span> <span class='ocrx_word' id='word_1_448' title='bbox 1864 3485 2004 3540; x_wconf 83' lang='lat' dir='ltr'><strong>Ana-</strong></span> 
     </span>
    </p>
   </div>
   <div class='ocr_carea' id='block_1_68' title="bbox 2112 3453 3701 3556">
    <p class='ocr_par' dir='ltr' id='par_1_68' title="bbox 2114 3453 3701 3556">
     <span class='ocr_line' id='line_1_68' title="bbox 2114 3453 3701 3556; baseline -0.004 -18"><span class='ocrx_word' id='word_1_449' title='bbox 2114 3453 2474 3556; x_wconf 46' lang='lat' dir='ltr'><strong>ﬁﬂépxs&#39;tv&#39;tb</strong></span> <span class='ocrx_word' id='word_1_450' title='bbox 2502 3453 2657 3554; x_wconf 59' lang='grc' dir='ltr'>αγιον</span> <span class='ocrx_word' id='word_1_451' title='bbox 2687 3453 3187 3555; x_wconf 37' lang='grc' dir='ltr'>Πνεῦμαξζομοίως</span> <span class='ocrx_word' id='word_1_452' title='bbox 3211 3483 3269 3537; x_wconf 81' lang='grc' dir='ltr'>δὲ</span> <span class='ocrx_word' id='word_1_453' title='bbox 3300 3453 3701 3552; x_wconf 75' lang='grc' dir='ltr'>ἀναθεματίζο-</span> 
     </span>
    </p>
   </div>
   <div class='ocr_carea' id='block_1_69' title="bbox 428 3573 2008 3646">
    <p class='ocr_par' dir='ltr' id='par_1_69' title="bbox 428 3573 2008 3646">
     <span class='ocr_line' id='line_1_69' title="bbox 428 3573 2008 3646; baseline 0.007 -21"><span class='ocrx_word' id='word_1_454' title='bbox 428 3573 658 3628; x_wconf 87' lang='lat' dir='ltr'><strong>themati</strong></span> <span class='ocrx_word' id='word_1_455' title='bbox 694 3573 883 3629; x_wconf 89' lang='lat' dir='ltr'><strong>itidem</strong></span> <span class='ocrx_word' id='word_1_456' title='bbox 917 3575 1245 3646; x_wconf 87' lang='lat' dir='ltr'><strong>subjicimus</strong></span> <span class='ocrx_word' id='word_1_457' title='bbox 1272 3575 1498 3634; x_wconf 86' lang='lat' dir='ltr'><strong>Sabellii</strong></span> <span class='ocrx_word' id='word_1_458' title='bbox 1524 3579 1736 3635; x_wconf 88' lang='lat' dir='ltr'><strong>erroris</strong></span> <span class='ocrx_word' id='word_1_459' title='bbox 1772 3590 2008 3636; x_wconf 81' lang='lat' dir='ltr'><strong>sectato-</strong></span> 
     </span>
    </p>
   </div>
   <div class='ocr_carea' id='block_1_70' title="bbox 428 3664 2009 3750">
    <p class='ocr_par' dir='ltr' id='par_1_70' title="bbox 428 3664 2009 3750">
     <span class='ocr_line' id='line_1_70' title="bbox 428 3664 2009 3750; baseline 0.007 -32"><span class='ocrx_word' id='word_1_460' title='bbox 428 3680 539 3729; x_wconf 85' lang='lat' dir='ltr'><strong>res,</strong></span> <span class='ocrx_word' id='word_1_461' title='bbox 560 3666 653 3735; x_wconf 90' lang='lat' dir='ltr'><strong>qui</strong></span> <span class='ocrx_word' id='word_1_462' title='bbox 683 3664 904 3750; x_wconf 82' lang='lat' dir='ltr'><strong>Patrem</strong></span> <span class='ocrx_word' id='word_1_463' title='bbox 929 3675 986 3721; x_wconf 90' lang='lat' dir='ltr'><strong>et</strong></span> <span class='ocrx_word' id='word_1_464' title='bbox 1006 3667 1206 3722; x_wconf 89' lang='lat' dir='ltr'><strong>Filium</strong></span> <span class='ocrx_word' id='word_1_465' title='bbox 1233 3669 1491 3725; x_wconf 84' lang='lat' dir='ltr'><strong>eumdem</strong></span> <span class='ocrx_word' id='word_1_466' title='bbox 1524 3684 1646 3727; x_wconf 89' lang='lat' dir='ltr'><strong>esse</strong></span> <span class='ocrx_word' id='word_1_467' title='bbox 1675 3669 1830 3728; x_wconf 90' lang='lat' dir='ltr'><strong>dicit.</strong></span> <span class='ocrx_word' id='word_1_468' title='bbox 1863 3673 2009 3729; x_wconf 83' lang='lat' dir='ltr'><strong>Ana-</strong></span> 
     </span>
    </p>
   </div>
   <div class='ocr_carea' id='block_1_71' title="bbox 429 3758 2009 3837">
    <p class='ocr_par' dir='ltr' id='par_1_71' title="bbox 429 3758 2009 3837">
     <span class='ocr_line' id='line_1_71' title="bbox 429 3758 2009 3837; baseline 0.004 -24"><span class='ocrx_word' id='word_1_469' title='bbox 429 3762 670 3815; x_wconf 72' lang='lat' dir='ltr'><strong>tliemate</strong></span> <span class='ocrx_word' id='word_1_470' title='bbox 727 3759 1043 3829; x_wconf 84' lang='lat' dir='ltr'><strong>jugulamus</strong></span> <span class='ocrx_word' id='word_1_471' title='bbox 1108 3758 1302 3816; x_wconf 82' lang='lat' dir='ltr'><strong>Ariqu</strong></span> <span class='ocrx_word' id='word_1_472' title='bbox 1379 3772 1438 3818; x_wconf 90' lang='lat' dir='ltr'><strong>et</strong></span> <span class='ocrx_word' id='word_1_473' title='bbox 1496 3761 1855 3831; x_wconf 86' lang='lat' dir='ltr'><strong>Eunomium,</strong></span> <span class='ocrx_word' id='word_1_474' title='bbox 1917 3765 2009 3837; x_wconf 90' lang='lat' dir='ltr'><strong>qui</strong></span> 
     </span>
    </p>
   </div>
   <div class='ocr_carea' id='block_1_72' title="bbox 429 3852 2010 3928">
    <p class='ocr_par' dir='ltr' id='par_1_72' title="bbox 429 3852 2010 3928">
     <span class='ocr_line' id='line_1_72' title="bbox 429 3852 2010 3928; baseline 0.004 -22"><span class='ocrx_word' id='word_1_475' title='bbox 429 3853 646 3908; x_wconf 79' lang='lat' dir='ltr'><strong>tametsi</strong></span> <span class='ocrx_word' id='word_1_476' title='bbox 698 3852 939 3909; x_wconf 87' lang='lat' dir='ltr'><strong>diversis</strong></span> <span class='ocrx_word' id='word_1_477' title='bbox 1005 3855 1213 3922; x_wconf 88' lang='lat' dir='ltr'><strong>verbis,</strong></span> <span class='ocrx_word' id='word_1_478' title='bbox 1271 3856 1391 3927; x_wconf 86' lang='lat' dir='ltr'><strong>pari</strong></span> <span class='ocrx_word' id='word_1_479' title='bbox 1462 3865 1645 3913; x_wconf 89' lang='lat' dir='ltr'><strong>tamen</strong></span> <span class='ocrx_word' id='word_1_480' title='bbox 1708 3857 2010 3928; x_wconf 86' lang='lat' dir='ltr'><strong>impietate,</strong></span> 
     </span>
    </p>
   </div>
   <div class='ocr_carea' id='block_1_73' title="bbox 429 3929 2009 4018">
    <p class='ocr_par' dir='ltr' id='par_1_73' title="bbox 429 3929 2009 4018">
     <span class='ocr_line' id='line_1_73' title="bbox 429 3929 2009 4018; baseline 0.003 -18"><span class='ocrx_word' id='word_1_481' title='bbox 429 3945 628 4001; x_wconf 87' lang='lat' dir='ltr'><strong>Filium</strong></span> <span class='ocrx_word' id='word_1_482' title='bbox 645 3956 702 4002; x_wconf 91' lang='lat' dir='ltr'><strong>et</strong></span> <span class='ocrx_word' id='word_1_483' title='bbox 728 3946 991 4018; x_wconf 84' lang='lat' dir='ltr'><strong>Spiritum</strong></span> <span class='ocrx_word' id='word_1_484' title='bbox 1011 3957 1261 4004; x_wconf 89' lang='lat' dir='ltr'><strong>sanctum</strong></span> <span class='ocrx_word' id='word_1_485' title='bbox 1280 3962 1449 4003; x_wconf 91' lang='lat' dir='ltr'><strong>unum</strong></span> <span class='ocrx_word' id='word_1_486' title='bbox 1463 3929 1598 4005; x_wconf 49' lang='lat' dir='ltr'><strong>.esse</strong></span> <span class='ocrx_word' id='word_1_487' title='bbox 1631 3947 2009 4005; x_wconf 72' lang='lat' dir='ltr'><strong>confirmavit.</strong></span> 
     </span>
    </p>
   </div>
   <div class='ocr_carea' id='block_1_74' title="bbox 428 4037 2014 4110">
    <p class='ocr_par' dir='ltr' id='par_1_74' title="bbox 428 4037 2014 4110">
     <span class='ocr_line' id='line_1_74' title="bbox 428 4037 2014 4110; baseline 0.003 -18"><span class='ocrx_word' id='word_1_488' title='bbox 428 4039 566 4093; x_wconf 87' lang='lat' dir='ltr'><strong>Item</strong></span> <span class='ocrx_word' id='word_1_489' title='bbox 597 4037 1041 4108; x_wconf 79' lang='lat' dir='ltr'><strong>Macedonianos,</strong></span> <span class='ocrx_word' id='word_1_490' title='bbox 1068 4039 1163 4110; x_wconf 90' lang='lat' dir='ltr'><strong>qui</strong></span> <span class='ocrx_word' id='word_1_491' title='bbox 1198 4056 1264 4097; x_wconf 70' lang='lat' dir='ltr'><strong>ex</strong></span> <span class='ocrx_word' id='word_1_492' title='bbox 1284 4041 1399 4096; x_wconf 80' lang='lat' dir='ltr'><strong>Arii</strong></span> <span class='ocrx_word' id='word_1_493' title='bbox 1434 4042 1623 4098; x_wconf 86' lang='lat' dir='ltr'><strong>radice</strong></span> <span class='ocrx_word' id='word_1_494' title='bbox 1655 4055 2014 4098; x_wconf 84' lang='lat' dir='ltr'><strong>succrescen-</strong></span> 
     </span>
    </p>
   </div>
   <div class='ocr_carea' id='block_1_75' title="bbox 432 4131 2013 4203">
    <p class='ocr_par' dir='ltr' id='par_1_75' title="bbox 432 4131 2013 4203">
     <span class='ocr_line' id='line_1_75' title="bbox 432 4131 2013 4203; baseline 0.004 -20"><span class='ocrx_word' id='word_1_495' title='bbox 432 4140 535 4196; x_wconf 88' lang='lat' dir='ltr'><strong>tes,</strong></span> <span class='ocrx_word' id='word_1_496' title='bbox 568 4144 678 4184; x_wconf 90' lang='lat' dir='ltr'><strong>non</strong></span> <span class='ocrx_word' id='word_1_497' title='bbox 719 4131 1086 4200; x_wconf 85' lang='lat' dir='ltr'><strong>impietatem,</strong></span> <span class='ocrx_word' id='word_1_498' title='bbox 1124 4131 1220 4187; x_wconf 90' lang='lat' dir='ltr'><strong>sed</strong></span> <span class='ocrx_word' id='word_1_499' title='bbox 1262 4148 1571 4203; x_wconf 82' lang='lat' dir='ltr'><strong>cognomen</strong></span> <span class='ocrx_word' id='word_1_500' title='bbox 1617 4141 1831 4189; x_wconf 85' lang='lat' dir='ltr'><strong>tantum</strong></span> <span class='ocrx_word' id='word_1_501' title='bbox 1891 4150 2013 4190; x_wconf 84' lang='lat' dir='ltr'><strong>mu-</strong></span> 
     </span>
    </p>
   </div>
   <div class='ocr_carea' id='block_1_76' title="bbox 2115 3573 3703 3649">
    <p class='ocr_par' dir='ltr' id='par_1_76' title="bbox 2115 3573 3703 3649">
     <span class='ocr_line' id='line_1_76' title="bbox 2115 3573 3703 3649; baseline -0.003 -19"><span class='ocrx_word' id='word_1_502' title='bbox 2115 3594 2216 3648; x_wconf 86' lang='grc' dir='ltr'><strong>μεν</strong></span> <span class='ocrx_word' id='word_1_503' title='bbox 2261 3577 2355 3632; x_wconf 72' lang='grc' dir='ltr'>καὶ</span> <span class='ocrx_word' id='word_1_504' title='bbox 2410 3579 2538 3640; x_wconf 76' lang='grc' dir='ltr'>τοὺς</span> <span class='ocrx_word' id='word_1_505' title='bbox 2586 3579 2653 3649; x_wconf 75' lang='grc' dir='ltr'><strong>τῇ</strong></span> <span class='ocrx_word' id='word_1_506' title='bbox 2693 3577 2985 3631; x_wconf 74' lang='grc' dir='ltr'>Σαϐελλίου</span> <span class='ocrx_word' id='word_1_507' title='bbox 3019 3574 3450 3639; x_wconf 86' lang='grc' dir='ltr'>ἀκολουθοῦντας</span> <span class='ocrx_word' id='word_1_508' title='bbox 3484 3573 3659 3643; x_wconf 77' lang='grc' dir='ltr'>πλάνη</span> <span class='ocrx_word' id='word_1_509' title='bbox 3686 3590 3703 3615; x_wconf 75' lang='grc' dir='ltr'><strong>ο</strong></span> 
     </span>
    </p>
   </div>
   <div class='ocr_carea' id='block_1_77' title="bbox 2111 3665 3704 3740">
    <p class='ocr_par' dir='ltr' id='par_1_77' title="bbox 2111 3665 3704 3740">
     <span class='ocr_line' id='line_1_77' title="bbox 2111 3665 3704 3740; baseline -0.004 -18"><span class='ocrx_word' id='word_1_510' title='bbox 2111 3669 2204 3723; x_wconf 75' lang='grc' dir='ltr'><strong>τὸν</strong></span> <span class='ocrx_word' id='word_1_511' title='bbox 2236 3670 2401 3725; x_wconf 78' lang='grc' dir='ltr'>αὐτὸν</span> <span class='ocrx_word' id='word_1_512' title='bbox 2424 3671 2686 3740; x_wconf 79' lang='grc' dir='ltr'>λέγοντας</span> <span class='ocrx_word' id='word_1_513' title='bbox 2715 3671 2810 3725; x_wconf 78' lang='grc' dir='ltr'>καὶ</span> <span class='ocrx_word' id='word_1_514' title='bbox 2843 3670 3067 3740; x_wconf 69' lang='grc' dir='ltr'>Πατέρα</span> <span class='ocrx_word' id='word_1_515' title='bbox 3097 3672 3194 3723; x_wconf 85' lang='grc' dir='ltr'>καὶ</span> <span class='ocrx_word' id='word_1_516' title='bbox 3226 3665 3704 3733; x_wconf 77' lang='grc' dir='ltr'>Υίόν.⁶Αναθεμα-</span> 
     </span>
    </p>
   </div>
   <div class='ocr_carea' id='block_1_78' title="bbox 2113 3756 3701 3835">
    <p class='ocr_par' dir='ltr' id='par_1_78' title="bbox 2113 3756 3701 3835">
     <span class='ocr_line' id='line_1_78' title="bbox 2113 3756 3701 3835; baseline -0.005 -19"><span class='ocrx_word' id='word_1_517' title='bbox 2113 3761 2340 3831; x_wconf 83' lang='grc' dir='ltr'>τίζομεν</span> <span class='ocrx_word' id='word_1_518' title='bbox 2388 3764 2610 3835; x_wconf 77' lang='grc' dir='ltr'>Ἀρειον</span> <span class='ocrx_word' id='word_1_519' title='bbox 2633 3763 2730 3816; x_wconf 76' lang='grc' dir='ltr'>καὶ</span> <span class='ocrx_word' id='word_1_520' title='bbox 2756 3762 3044 3832; x_wconf 78' lang='grc' dir='ltr'>Εὐνόμιον,</span> <span class='ocrx_word' id='word_1_521' title='bbox 3064 3760 3114 3815; x_wconf 75' lang='grc' dir='ltr'><strong>οἳ</strong></span> <span class='ocrx_word' id='word_1_522' title='bbox 3147 3761 3215 3832; x_wconf 73' lang='grc' dir='ltr'>τῇ</span> <span class='ocrx_word' id='word_1_523' title='bbox 3268 3760 3364 3832; x_wconf 65' lang='lat' dir='ltr'><strong>Ion</strong></span> <span class='ocrx_word' id='word_1_524' title='bbox 3391 3756 3701 3827; x_wconf 70' lang='grc' dir='ltr'>δυσσεϐείᾳ,</span> 
     </span>
    </p>
   </div>
   <div class='ocr_carea' id='block_1_79' title="bbox 2115 3848 3702 3927">
    <p class='ocr_par' dir='ltr' id='par_1_79' title="bbox 2115 3848 3702 3927">
     <span class='ocr_line' id='line_1_79' title="bbox 2115 3848 3702 3927; baseline -0.004 -20"><span class='ocrx_word' id='word_1_525' title='bbox 2115 3857 2164 3909; x_wconf 88' lang='grc' dir='ltr'>εἰ</span> <span class='ocrx_word' id='word_1_526' title='bbox 2195 3857 2290 3910; x_wconf 72' lang='grc' dir='ltr'>καὶ</span> <span class='ocrx_word' id='word_1_527' title='bbox 2336 3856 2451 3918; x_wconf 80' lang='grc' dir='ltr'>τοῖς</span> <span class='ocrx_word' id='word_1_528' title='bbox 2501 3856 2713 3927; x_wconf 74' lang='grc' dir='ltr'>ῥήμασι</span> <span class='ocrx_word' id='word_1_529' title='bbox 2761 3854 3136 3923; x_wconf 84' lang='grc' dir='ltr'>διαφέρονται,</span> <span class='ocrx_word' id='word_1_530' title='bbox 3189 3852 3284 3907; x_wconf 81' lang='grc' dir='ltr'><strong>τὸν</strong></span> <span class='ocrx_word' id='word_1_531' title='bbox 3328 3851 3458 3906; x_wconf 80' lang='grc' dir='ltr'>Υίδν</span> <span class='ocrx_word' id='word_1_532' title='bbox 3505 3850 3600 3904; x_wconf 75' lang='grc' dir='ltr'>καὶ</span> <span class='ocrx_word' id='word_1_533' title='bbox 3643 3848 3702 3901; x_wconf 78' lang='grc' dir='ltr'>τὸ</span> 
     </span>
    </p>
   </div>
   <div class='ocr_carea' id='block_1_80' title="bbox 2117 3942 3701 4019">
    <p class='ocr_par' dir='ltr' id='par_1_80' title="bbox 2117 3942 3701 4019">
     <span class='ocr_line' id='line_1_80' title="bbox 2117 3942 3701 4019; baseline -0.003 -19"><span class='ocrx_word' id='word_1_534' title='bbox 2117 3948 2283 4015; x_wconf 67' lang='grc' dir='ltr'><strong>ἅγιον¹</strong></span> <span class='ocrx_word' id='word_1_535' title='bbox 2323 3946 2553 4017; x_wconf 80' lang='grc' dir='ltr'>Πνεῦμα</span> <span class='ocrx_word' id='word_1_536' title='bbox 2579 3946 2639 4002; x_wconf 74' lang='grc' dir='ltr'>ἓν</span> <span class='ocrx_word' id='word_1_537' title='bbox 2671 3942 2811 4002; x_wconf 77' lang='grc' dir='ltr'>εῖναι</span> <span class='ocrx_word' id='word_1_538' title='bbox 2854 3947 3308 4019; x_wconf 81' lang='grc' dir='ltr'>διισχυρίζονται.</span> <span class='ocrx_word' id='word_1_539' title='bbox 3349 3942 3701 4014; x_wconf 81' lang='grc' dir='ltr'>’Λναθεματί-</span> 
     </span>
    </p>
   </div>
   <div class='ocr_carea' id='block_1_81' title="bbox 2117 4038 3701 4111">
    <p class='ocr_par' dir='ltr' id='par_1_81' title="bbox 2117 4038 3701 4111">
     <span class='ocr_line' id='line_1_81' title="bbox 2117 4038 3701 4111; baseline -0.003 -17"><span class='ocrx_word' id='word_1_540' title='bbox 2117 4041 2285 4111; x_wconf 82' lang='grc' dir='ltr'>ζομεν</span> <span class='ocrx_word' id='word_1_541' title='bbox 2328 4042 2457 4105; x_wconf 78' lang='grc' dir='ltr'>τοὺς</span> <span class='ocrx_word' id='word_1_542' title='bbox 2502 4041 2966 4108; x_wconf 78' lang='grc' dir='ltr'>Μακεδονιανοὺς,</span> <span class='ocrx_word' id='word_1_543' title='bbox 3007 4042 3205 4105; x_wconf 79' lang='grc' dir='ltr'>οἵτινες</span> <span class='ocrx_word' id='word_1_544' title='bbox 3245 4041 3311 4094; x_wconf 76' lang='grc' dir='ltr'>ἐκ</span> <span class='ocrx_word' id='word_1_545' title='bbox 3345 4038 3443 4110; x_wconf 82' lang='grc' dir='ltr'>τῆς</span> <span class='ocrx_word' id='word_1_546' title='bbox 3494 4038 3701 4108; x_wconf 78' lang='grc' dir='ltr'>Ἀρείου</span> 
     </span>
    </p>
   </div>
   <div class='ocr_carea' id='block_1_82' title="bbox 2122 4128 3704 4206">
    <p class='ocr_par' dir='ltr' id='par_1_82' title="bbox 2122 4128 3704 4206">
     <span class='ocr_line' id='line_1_82' title="bbox 2122 4128 3704 4206; baseline -0.006 -16"><span class='ocrx_word' id='word_1_547' title='bbox 2122 4134 2280 4206; x_wconf 75' lang='grc' dir='ltr'>ῥίζης</span> <span class='ocrx_word' id='word_1_548' title='bbox 2329 4135 2727 4204; x_wconf 86' lang='grc' dir='ltr'>καταγόμενοι,</span> <span class='ocrx_word' id='word_1_549' title='bbox 2780 4134 2905 4205; x_wconf 68' lang='grc' dir='ltr'>οὐχὶ</span> <span class='ocrx_word' id='word_1_550' title='bbox 2948 4133 3049 4205; x_wconf 79' lang='grc' dir='ltr'>τὴν</span> <span class='ocrx_word' id='word_1_551' title='bbox 3101 4132 3380 4197; x_wconf 71' lang='grc' dir='ltr'>ἀσέϐειαν,</span> <span class='ocrx_word' id='word_1_552' title='bbox 3431 4130 3566 4185; x_wconf 79' lang='grc' dir='ltr'>ἀλλὰ</span> <span class='ocrx_word' id='word_1_553' title='bbox 3607 4128 3704 4197; x_wconf 85' lang='grc' dir='ltr'>τὴν</span> 
     </span>
    </p>
   </div>
   <div class='ocr_carea' id='block_1_83' title="bbox 432 4221 2004 4299">
    <p class='ocr_par' dir='ltr' id='par_1_83' title="bbox 432 4222 2004 4295">
     <span class='ocr_line' id='line_1_83' title="bbox 432 4222 2004 4295; baseline 0.004 -19"><span class='ocrx_word' id='word_1_554' title='bbox 432 4233 638 4277; x_wconf 84' lang='lat' dir='ltr'><strong>tarunt.</strong></span> <span class='ocrx_word' id='word_1_555' title='bbox 726 4222 861 4277; x_wconf 89' lang='lat' dir='ltr'><strong>Item</strong></span> <span class='ocrx_word' id='word_1_556' title='bbox 924 4223 1245 4289; x_wconf 83' lang='lat' dir='ltr'><strong>Photinum,</strong></span> <span class='ocrx_word' id='word_1_557' title='bbox 1308 4226 1405 4295; x_wconf 90' lang='lat' dir='ltr'><strong>qui</strong></span> <span class='ocrx_word' id='word_1_558' title='bbox 1458 4226 1683 4282; x_wconf 86' lang='lat' dir='ltr'><strong>Ebionis</strong></span> <span class='ocrx_word' id='word_1_559' title='bbox 1764 4227 2004 4284; x_wconf 72' lang='lat' dir='ltr'><strong>haeresim</strong></span> 
     </span>
    </p>
   </div>
   <div class='ocr_carea' id='block_1_84' title="bbox 2112 4221 3706 4299">
    <p class='ocr_par' dir='ltr' id='par_1_84' title="bbox 2120 4221 3706 4299">
     <span class='ocr_line' id='line_1_84' title="bbox 2120 4221 3706 4299; baseline -0.003 -20"><span class='ocrx_word' id='word_1_560' title='bbox 2120 4228 2498 4299; x_wconf 79' lang='grc' dir='ltr'>προσηγορίαν</span> <span class='ocrx_word' id='word_1_561' title='bbox 2527 4228 2849 4299; x_wconf 79' lang='grc' dir='ltr'>ὲνήλλαξαν.</span> <span class='ocrx_word' id='word_1_562' title='bbox 2896 4224 3397 4297; x_wconf 80' lang='grc' dir='ltr'>Ἀναθεματίζομεν</span> <span class='ocrx_word' id='word_1_563' title='bbox 3422 4221 3706 4288; x_wconf 79' lang='grc' dir='ltr'>Φωτεινδν,</span> 
     </span>
    </p>
   </div>
   <div class='ocr_carea' id='block_1_85' title="bbox 430 4315 2004 4392">
    <p class='ocr_par' dir='ltr' id='par_1_85' title="bbox 430 4315 2004 4379">
     <span class='ocr_line' id='line_1_85' title="bbox 430 4315 2004 4379; baseline 0.007 -13"><span class='ocrx_word' id='word_1_564' title='bbox 430 4330 723 4379; x_wconf 87' lang='lat' dir='ltr'><strong>renovans,</strong></span> <span class='ocrx_word' id='word_1_565' title='bbox 753 4315 1046 4370; x_wconf 90' lang='lat' dir='ltr'><strong>Dominum</strong></span> <span class='ocrx_word' id='word_1_566' title='bbox 1104 4328 1350 4372; x_wconf 89' lang='lat' dir='ltr'><strong>nostrum</strong></span> <span class='ocrx_word' id='word_1_567' title='bbox 1378 4317 1565 4374; x_wconf 76' lang='lat' dir='ltr'><strong>Iesum</strong></span> <span class='ocrx_word' id='word_1_568' title='bbox 1610 4319 1891 4376; x_wconf 87' lang='lat' dir='ltr'><strong>Christum</strong></span> <span class='ocrx_word' id='word_1_569' title='bbox 1949 4337 2004 4377; x_wconf 73' lang='lat' dir='ltr'><strong>ex</strong></span> 
     </span>
    </p>
   </div>
   <div class='ocr_carea' id='block_1_86' title="bbox 2112 4315 3707 4392">
    <p class='ocr_par' dir='ltr' id='par_1_86' title="bbox 2118 4316 3707 4392">
     <span class='ocr_line' id='line_1_86' title="bbox 2118 4316 3707 4392; baseline -0.004 -18"><span class='ocrx_word' id='word_1_570' title='bbox 2118 4320 2175 4383; x_wconf 79' lang='grc' dir='ltr'>ὃς</span> <span class='ocrx_word' id='word_1_571' title='bbox 2204 4323 2303 4392; x_wconf 81' lang='grc' dir='ltr'>τὴν</span> <span class='ocrx_word' id='word_1_572' title='bbox 2328 4320 2424 4374; x_wconf 88' lang='grc' dir='ltr'><strong>τοῦ</strong></span> <span class='ocrx_word' id='word_1_573' title='bbox 2465 4321 2719 4385; x_wconf 78' lang='grc' dir='ltr'>Ἐὁίωνος</span> <span class='ocrx_word' id='word_1_574' title='bbox 2747 4321 2964 4392; x_wconf 74' lang='grc' dir='ltr'>αἰρεσιν</span> <span class='ocrx_word' id='word_1_575' title='bbox 2988 4319 3374 4383; x_wconf 79' lang='grc' dir='ltr'>ἀνακαινίζων,</span> <span class='ocrx_word' id='word_1_576' title='bbox 3395 4316 3486 4371; x_wconf 75' lang='grc' dir='ltr'>τὸν</span> <span class='ocrx_word' id='word_1_577' title='bbox 3507 4316 3707 4386; x_wconf 78' lang='grc' dir='ltr'>Κύριον</span> 
     </span>
    </p>
   </div>
   <div class='ocr_carea' id='block_1_87' title="bbox 428 4406 2004 4486">
    <p class='ocr_par' dir='ltr' id='par_1_87' title="bbox 428 4406 2004 4482">
     <span class='ocr_line' id='line_1_87' title="bbox 428 4406 2004 4482; baseline 0.007 -22"><span class='ocrx_word' id='word_1_578' title='bbox 428 4406 599 4462; x_wconf 77' lang='lat' dir='ltr'><strong>Maria</strong></span> <span class='ocrx_word' id='word_1_579' title='bbox 641 4416 850 4462; x_wconf 89' lang='lat' dir='ltr'><strong>tantum</strong></span> <span class='ocrx_word' id='word_1_580' title='bbox 880 4408 1190 4479; x_wconf 83' lang='lat' dir='ltr'><strong>proﬁtetur.</strong></span> <span class='ocrx_word' id='word_1_581' title='bbox 1231 4410 1367 4465; x_wconf 89' lang='lat' dir='ltr'><strong>Item</strong></span> <span class='ocrx_word' id='word_1_582' title='bbox 1428 4426 1525 4467; x_wconf 87' lang='lat' dir='ltr'><strong>eos</strong></span> <span class='ocrx_word' id='word_1_583' title='bbox 1557 4413 1647 4482; x_wconf 90' lang='lat' dir='ltr'><strong>qui</strong></span> <span class='ocrx_word' id='word_1_584' title='bbox 1701 4413 1843 4469; x_wconf 87' lang='lat' dir='ltr'><strong>duos</strong></span> <span class='ocrx_word' id='word_1_585' title='bbox 1894 4429 2004 4471; x_wconf 70' lang='lat' dir='ltr'><strong>esse</strong></span> 
     </span>
    </p>
   </div>
   <div class='ocr_carea' id='block_1_88' title="bbox 2112 4406 3709 4486">
    <p class='ocr_par' dir='ltr' id='par_1_88' title="bbox 2119 4410 3709 4486">
     <span class='ocr_line' id='line_1_88' title="bbox 2119 4410 3709 4486; baseline -0.004 -18"><span class='ocrx_word' id='word_1_586' title='bbox 2119 4415 2281 4485; x_wconf 79' lang='grc' dir='ltr'>ἡμῶν</span> <span class='ocrx_word' id='word_1_587' title='bbox 2329 4414 2536 4484; x_wconf 87' lang='grc' dir='ltr'>Ἰησοῦν</span> <span class='ocrx_word' id='word_1_588' title='bbox 2572 4414 2807 4486; x_wconf 76' lang='grc' dir='ltr'>Χριστὸν</span> <span class='ocrx_word' id='word_1_589' title='bbox 2836 4415 3000 4485; x_wconf 89' lang='grc' dir='ltr'>μόνον</span> <span class='ocrx_word' id='word_1_590' title='bbox 3039 4415 3104 4467; x_wconf 78' lang='grc' dir='ltr'>ὲκ</span> <span class='ocrx_word' id='word_1_591' title='bbox 3133 4411 3232 4482; x_wconf 81' lang='grc' dir='ltr'>τῆς</span> <span class='ocrx_word' id='word_1_592' title='bbox 3266 4410 3486 4483; x_wconf 86' lang='grc' dir='ltr'>Μαρίας</span> <span class='ocrx_word' id='word_1_593' title='bbox 3522 4411 3709 4479; x_wconf 68' lang='grc' dir='ltr'>ὁμολοσ</span> 
     </span>
    </p>
   </div>
   <div class='ocr_carea' id='block_1_89' title="bbox 431 4493 2004 4579">
    <p class='ocr_par' dir='ltr' id='par_1_89' title="bbox 431 4493 2004 4577">
     <span class='ocr_line' id='line_1_89' title="bbox 431 4493 2004 4577; baseline 0.004 -25"><span class='ocrx_word' id='word_1_594' title='bbox 431 4498 606 4554; x_wconf 77' lang='lat' dir='ltr'><strong>Filios</strong></span> <span class='ocrx_word' id='word_1_595' title='bbox 637 4498 934 4565; x_wconf 83' lang='lat' dir='ltr'><strong>allirmant,</strong></span> <span class='ocrx_word' id='word_1_596' title='bbox 964 4500 1194 4556; x_wconf 79' lang='lat' dir='ltr'><strong>alterum</strong></span> <span class='ocrx_word' id='word_1_597' title='bbox 1225 4512 1351 4557; x_wconf 88' lang='lat' dir='ltr'><strong>ante</strong></span> <span class='ocrx_word' id='word_1_598' title='bbox 1380 4493 1603 4570; x_wconf 80' lang='lat' dir='ltr'><strong>saecula,</strong></span> <span class='ocrx_word' id='word_1_599' title='bbox 1634 4506 1867 4561; x_wconf 89' lang='lat' dir='ltr'><strong>alterum</strong></span> <span class='ocrx_word' id='word_1_600' title='bbox 1895 4519 2004 4577; x_wconf 65' lang='lat' dir='ltr'><strong>posn</strong></span> 
     </span>
    </p>
   </div>
   <div class='ocr_carea' id='block_1_90' title="bbox 2112 4493 3707 4579">
    <p class='ocr_par' dir='ltr' id='par_1_90' title="bbox 2122 4501 3707 4579">
     <span class='ocr_line' id='line_1_90' title="bbox 2122 4501 3707 4579; baseline -0.003 -19"><span class='ocrx_word' id='word_1_601' title='bbox 2122 4510 2231 4577; x_wconf 82' lang='grc' dir='ltr'>γεῖ.</span> <span class='ocrx_word' id='word_1_602' title='bbox 2279 4508 2783 4579; x_wconf 80' lang='grc' dir='ltr'>’Δναθεματίζομεν</span> <span class='ocrx_word' id='word_1_603' title='bbox 2823 4509 2919 4561; x_wconf 73' lang='grc' dir='ltr'>καὶ</span> <span class='ocrx_word' id='word_1_604' title='bbox 2954 4507 3079 4569; x_wconf 79' lang='grc' dir='ltr'>τοὺς</span> <span class='ocrx_word' id='word_1_605' title='bbox 3117 4505 3213 4561; x_wconf 82' lang='grc' dir='ltr'>δύο</span> <span class='ocrx_word' id='word_1_606' title='bbox 3247 4506 3412 4570; x_wconf 82' lang='grc' dir='ltr'>Υίοὺς</span> <span class='ocrx_word' id='word_1_607' title='bbox 3441 4501 3580 4559; x_wconf 72' lang='grc' dir='ltr'>εῖναι</span> <span class='ocrx_word' id='word_1_608' title='bbox 3609 4503 3707 4557; x_wconf 81' lang='grc' dir='ltr'>διι-</span> 
     </span>
    </p>
   </div>
   <div class='ocr_carea' id='block_1_91' title="bbox 429 4594 2004 4677">
    <p class='ocr_par' dir='ltr' id='par_1_91' title="bbox 429 4594 2004 4668">
     <span class='ocr_line' id='line_1_91' title="bbox 429 4594 2004 4668; baseline 0.006 -27"><span class='ocrx_word' id='word_1_609' title='bbox 429 4602 655 4643; x_wconf 80' lang='lat' dir='ltr'><strong>earnem</strong></span> <span class='ocrx_word' id='word_1_610' title='bbox 703 4604 771 4644; x_wconf 85' lang='lat' dir='ltr'><strong>ex</strong></span> <span class='ocrx_word' id='word_1_611' title='bbox 838 4601 1103 4660; x_wconf 86' lang='lat' dir='ltr'><strong>perpetua</strong></span> <span class='ocrx_word' id='word_1_612' title='bbox 1177 4594 1390 4662; x_wconf 78' lang='lat' dir='ltr'><strong>virgine</strong></span> <span class='ocrx_word' id='word_1_613' title='bbox 1436 4594 1608 4650; x_wconf 84' lang='lat' dir='ltr'><strong>Maria</strong></span> <span class='ocrx_word' id='word_1_614' title='bbox 1654 4607 2004 4668; x_wconf 38' lang='lat' dir='ltr'><strong>assumptam.</strong></span> 
     </span>
    </p>
   </div>
   <div class='ocr_carea' id='block_1_92' title="bbox 2112 4594 3709 4677">
    <p class='ocr_par' dir='ltr' id='par_1_92' title="bbox 2124 4596 3709 4677">
     <span class='ocr_line' id='line_1_92' title="bbox 2124 4596 3709 4677; baseline -0.002 -25"><span class='ocrx_word' id='word_1_615' title='bbox 2124 4598 2550 4671; x_wconf 77' lang='grc' dir='ltr'>σχυριζομένους</span> <span class='ocrx_word' id='word_1_616' title='bbox 2571 4616 2585 4631; x_wconf 81' lang='lat'><strong><em>°</em></strong></span> <span class='ocrx_word' id='word_1_617' title='bbox 2610 4601 2704 4654; x_wconf 75' lang='grc' dir='ltr'>ἕνα</span> <span class='ocrx_word' id='word_1_618' title='bbox 2736 4600 2846 4670; x_wconf 81' lang='grc' dir='ltr'>πρὸ</span> <span class='ocrx_word' id='word_1_619' title='bbox 2874 4598 2984 4653; x_wconf 85' lang='grc' dir='ltr'><strong>τῶν</strong></span> <span class='ocrx_word' id='word_1_620' title='bbox 3000 4598 3239 4677; x_wconf 77' lang='grc' dir='ltr'>αἰώνων,</span> <span class='ocrx_word' id='word_1_621' title='bbox 3273 4599 3369 4653; x_wconf 77' lang='grc' dir='ltr'>καὶ</span> <span class='ocrx_word' id='word_1_622' title='bbox 3399 4598 3555 4654; x_wconf 78' lang='grc' dir='ltr'>ἄλλον</span> <span class='ocrx_word' id='word_1_623' title='bbox 3574 4596 3709 4667; x_wconf 84' lang='grc' dir='ltr'>μετὰ</span> 
     </span>
    </p>
   </div>
   <div class='ocr_carea' id='block_1_93' title="bbox 428 4679 2004 4765">
    <p class='ocr_par' dir='ltr' id='par_1_93' title="bbox 428 4679 2004 4758">
     <span class='ocr_line' id='line_1_93' title="bbox 428 4679 2004 4758; baseline 0.005 -25"><span class='ocrx_word' id='word_1_624' title='bbox 428 4679 796 4739; x_wconf 84' lang='lat' dir='ltr'><strong>Anathemate</strong></span> <span class='ocrx_word' id='word_1_625' title='bbox 882 4692 1148 4752; x_wconf 65' lang='lat' dir='ltr'><strong>praatcrea</strong></span> <span class='ocrx_word' id='word_1_626' title='bbox 1201 4695 1505 4740; x_wconf 89' lang='lat' dir='ltr'><strong>mactamus</strong></span> <span class='ocrx_word' id='word_1_627' title='bbox 1561 4685 1708 4753; x_wconf 90' lang='lat' dir='ltr'><strong>illos,</strong></span> <span class='ocrx_word' id='word_1_628' title='bbox 1765 4692 1859 4758; x_wconf 92' lang='lat' dir='ltr'><strong>qui</strong></span> <span class='ocrx_word' id='word_1_629' title='bbox 1921 4689 2004 4744; x_wconf 74' lang='lat' dir='ltr'><strong>Dei</strong></span> 
     </span>
    </p>
   </div>
   <div class='ocr_carea' id='block_1_94' title="bbox 2112 4679 3710 4765">
    <p class='ocr_par' dir='ltr' id='par_1_94' title="bbox 2122 4691 3710 4765">
     <span class='ocr_line' id='line_1_94' title="bbox 2122 4691 3710 4765; baseline -0.009 -7"><span class='ocrx_word' id='word_1_630' title='bbox 2122 4695 2223 4764; x_wconf 70' lang='grc' dir='ltr'><strong>τὴν</strong></span> <span class='ocrx_word' id='word_1_631' title='bbox 2255 4694 2356 4763; x_wconf 80' lang='grc' dir='ltr'><strong>τῆς</strong></span> <span class='ocrx_word' id='word_1_632' title='bbox 2384 4694 2587 4764; x_wconf 75' lang='grc' dir='ltr'>σαρκὸς</span> <span class='ocrx_word' id='word_1_633' title='bbox 2625 4695 2687 4747; x_wconf 83' lang='grc' dir='ltr'>ὲκ</span> <span class='ocrx_word' id='word_1_634' title='bbox 2718 4697 2813 4765; x_wconf 85' lang='grc' dir='ltr'>τῆς</span> <span class='ocrx_word' id='word_1_635' title='bbox 2846 4692 3210 4765; x_wconf 82' lang='grc' dir='ltr'>ἁειπαρθένου</span> <span class='ocrx_word' id='word_1_636' title='bbox 3259 4692 3482 4762; x_wconf 81' lang='grc' dir='ltr'>Μαρίας</span> <span class='ocrx_word' id='word_1_637' title='bbox 3513 4691 3710 4760; x_wconf 87' lang='grc' dir='ltr'>ἀνάλη-</span> 
     </span>
    </p>
   </div>
   <div class='ocr_carea' id='block_1_95' title="bbox 429 4770 2004 4859">
    <p class='ocr_par' dir='ltr' id='par_1_95' title="bbox 429 4770 2004 4841">
     <span class='ocr_line' id='line_1_95' title="bbox 429 4770 2004 4841; baseline 0.006 -16"><span class='ocrx_word' id='word_1_638' title='bbox 429 4770 675 4825; x_wconf 79' lang='lat' dir='ltr'><strong>Verbum</strong></span> <span class='ocrx_word' id='word_1_639' title='bbox 706 4787 807 4841; x_wconf 88' lang='lat' dir='ltr'><strong>pro</strong></span> <span class='ocrx_word' id='word_1_640' title='bbox 831 4772 1084 4827; x_wconf 88' lang='lat' dir='ltr'><strong>rationali</strong></span> <span class='ocrx_word' id='word_1_641' title='bbox 1125 4774 1305 4829; x_wconf 86' lang='lat' dir='ltr'><strong>anima</strong></span> <span class='ocrx_word' id='word_1_642' title='bbox 1336 4775 1390 4830; x_wconf 92' lang='lat' dir='ltr'><strong>in</strong></span> <span class='ocrx_word' id='word_1_643' title='bbox 1418 4791 1587 4833; x_wconf 89' lang='lat' dir='ltr'><strong>carne</strong></span> <span class='ocrx_word' id='word_1_644' title='bbox 1613 4781 1854 4834; x_wconf 89' lang='lat' dir='ltr'><strong>humana</strong></span> <span class='ocrx_word' id='word_1_645' title='bbox 1883 4795 2004 4834; x_wconf 86' lang='lat' dir='ltr'><strong>ver-</strong></span> 
     </span>
    </p>
   </div>
   <div class='ocr_carea' id='block_1_96' title="bbox 2112 4770 3710 4859">
    <p class='ocr_par' dir='ltr' id='par_1_96' title="bbox 2120 4785 3710 4859">
     <span class='ocr_line' id='line_1_96' title="bbox 2120 4785 3710 4859; baseline 0 -20"><span class='ocrx_word' id='word_1_646' title='bbox 2120 4787 2236 4856; x_wconf 72' lang='grc' dir='ltr'>ψιν.</span> <span class='ocrx_word' id='word_1_647' title='bbox 2283 4785 2788 4859; x_wconf 80' lang='grc' dir='ltr'>’Δναθεματίζομεν</span> <span class='ocrx_word' id='word_1_648' title='bbox 2822 4787 3133 4852; x_wconf 84' lang='grc' dir='ltr'>κάκείνους,</span> <span class='ocrx_word' id='word_1_649' title='bbox 3160 4788 3373 4852; x_wconf 80' lang='grc' dir='ltr'>οἵτινες.</span> <span class='ocrx_word' id='word_1_650' title='bbox 3395 4787 3517 4840; x_wconf 68' lang='grc' dir='ltr'>ἀντὶ</span> <span class='ocrx_word' id='word_1_651' title='bbox 3563 4785 3710 4855; x_wconf 88' lang='grc' dir='ltr'>λογι-</span> 
     </span>
    </p>
   </div>
   <div class='ocr_carea' id='block_1_97' title="bbox 428 4866 2004 4950">
    <p class='ocr_par' dir='ltr' id='par_1_97' title="bbox 428 4866 2004 4942">
     <span class='ocr_line' id='line_1_97' title="bbox 428 4866 2004 4942; baseline 0.006 -26"><span class='ocrx_word' id='word_1_652' title='bbox 428 4870 606 4917; x_wconf 85' lang='lat' dir='ltr'><strong>satum</strong></span> <span class='ocrx_word' id='word_1_653' title='bbox 647 4877 769 4917; x_wconf 89' lang='lat' dir='ltr'><strong>esse</strong></span> <span class='ocrx_word' id='word_1_654' title='bbox 816 4866 1181 4920; x_wconf 81' lang='lat' dir='ltr'><strong>contendunt.</strong></span> <span class='ocrx_word' id='word_1_655' title='bbox 1249 4867 1363 4925; x_wconf 87' lang='lat' dir='ltr'><strong>lloc</strong></span> <span class='ocrx_word' id='word_1_656' title='bbox 1395 4868 1576 4939; x_wconf 91' lang='lat' dir='ltr'><strong>ipsum</strong></span> <span class='ocrx_word' id='word_1_657' title='bbox 1618 4886 1862 4942; x_wconf 91' lang='lat' dir='ltr'><strong>namque</strong></span> <span class='ocrx_word' id='word_1_658' title='bbox 1912 4871 2004 4928; x_wconf 86' lang='lat' dir='ltr'><strong>Dei</strong></span> 
     </span>
    </p>
   </div>
   <div class='ocr_carea' id='block_1_98' title="bbox 2112 4866 3710 4950">
    <p class='ocr_par' dir='ltr' id='par_1_98' title="bbox 2120 4875 3710 4950">
     <span class='ocr_line' id='line_1_98' title="bbox 2120 4875 3710 4950; baseline 0 -20"><span class='ocrx_word' id='word_1_659' title='bbox 2120 4879 2225 4947; x_wconf 83' lang='grc' dir='ltr'>κῆς</span> <span class='ocrx_word' id='word_1_660' title='bbox 2271 4876 2450 4948; x_wconf 68' lang='grc' dir='ltr'>ψυχῆς</span> <span class='ocrx_word' id='word_1_661' title='bbox 2507 4877 2957 4950; x_wconf 79' lang='grc' dir='ltr'>διισχυρίζονται,</span> <span class='ocrx_word' id='word_1_662' title='bbox 3010 4879 3090 4932; x_wconf 82' lang='grc' dir='ltr'>ὅτι</span> <span class='ocrx_word' id='word_1_663' title='bbox 3138 4880 3167 4934; x_wconf 86' lang='grc' dir='ltr'><strong>ό</strong></span> <span class='ocrx_word' id='word_1_664' title='bbox 3217 4878 3309 4933; x_wconf 92' lang='grc' dir='ltr'><strong>τοῦ</strong></span> <span class='ocrx_word' id='word_1_665' title='bbox 3348 4875 3484 4932; x_wconf 89' lang='grc' dir='ltr'>Θεοῦ</span> <span class='ocrx_word' id='word_1_666' title='bbox 3543 4879 3710 4947; x_wconf 85' lang='grc' dir='ltr'>Λόγος</span> 
     </span>
    </p>
   </div>
   <div class='ocr_carea' id='block_1_99' title="bbox 432 4955 2004 5044">
    <p class='ocr_par' dir='ltr' id='par_1_99' title="bbox 432 4955 2004 5025">
     <span class='ocr_line' id='line_1_99' title="bbox 432 4955 2004 5025; baseline 0.006 -15"><span class='ocrx_word' id='word_1_667' title='bbox 432 4955 701 5022; x_wconf 79' lang='lat' dir='ltr'><strong>Verbum,</strong></span> <span class='ocrx_word' id='word_1_668' title='bbox 733 4972 843 5011; x_wconf 91' lang='lat' dir='ltr'><strong>non</strong></span> <span class='ocrx_word' id='word_1_669' title='bbox 884 4973 986 5025; x_wconf 88' lang='lat' dir='ltr'><strong>pro</strong></span> <span class='ocrx_word' id='word_1_670' title='bbox 1022 4959 1275 5014; x_wconf 90' lang='lat' dir='ltr'><strong>rationali</strong></span> <span class='ocrx_word' id='word_1_671' title='bbox 1304 4970 1362 5016; x_wconf 92' lang='lat' dir='ltr'><strong>et</strong></span> <span class='ocrx_word' id='word_1_672' title='bbox 1416 4961 1777 5018; x_wconf 85' lang='lat' dir='ltr'><strong>intellectuali</strong></span> <span class='ocrx_word' id='word_1_673' title='bbox 1828 4964 2004 5020; x_wconf 80' lang='lat' dir='ltr'><strong>anima</strong></span> 
     </span>
    </p>
   </div>
   <div class='ocr_carea' id='block_1_100' title="bbox 2112 4955 3710 5044">
    <p class='ocr_par' dir='ltr' id='par_1_100' title="bbox 2120 4965 3710 5044">
     <span class='ocr_line' id='line_1_100' title="bbox 2120 4965 3710 5044; baseline -0.002 -21"><span class='ocrx_word' id='word_1_674' title='bbox 2120 4970 2369 5040; x_wconf 75' lang='grc' dir='ltr'>ἐστράφη</span> <span class='ocrx_word' id='word_1_675' title='bbox 2398 4972 2456 5023; x_wconf 84' lang='grc' dir='ltr'>ὲν</span> <span class='ocrx_word' id='word_1_676' title='bbox 2497 4971 2562 5042; x_wconf 77' lang='grc' dir='ltr'><strong>τῇ</strong></span> <span class='ocrx_word' id='word_1_677' title='bbox 2596 4971 2920 5043; x_wconf 75' lang='grc' dir='ltr'>ἀνθρωπίνῃ</span> <span class='ocrx_word' id='word_1_678' title='bbox 2958 4971 3145 5043; x_wconf 78' lang='grc' dir='ltr'>σαρκί.</span> <span class='ocrx_word' id='word_1_679' title='bbox 3173 4970 3346 5034; x_wconf 79' lang='grc' dir='ltr'>Αὐτὸς</span> <span class='ocrx_word' id='word_1_680' title='bbox 3367 4972 3475 5044; x_wconf 84' lang='grc' dir='ltr'>γὰρ</span> <span class='ocrx_word' id='word_1_681' title='bbox 3502 4965 3710 5032; x_wconf 74' lang='grc' dir='ltr'>οῦτοςό</span> 
     </span>
    </p>
   </div>
   <div class='ocr_carea' id='block_1_101' title="bbox 429 5049 2004 5137">
    <p class='ocr_par' dir='ltr' id='par_1_101' title="bbox 429 5049 2004 5122">
     <span class='ocr_line' id='line_1_101' title="bbox 429 5049 2004 5122; baseline 0.007 -20"><span class='ocrx_word' id='word_1_682' title='bbox 429 5051 484 5102; x_wconf 91' lang='lat' dir='ltr'><strong>in</strong></span> <span class='ocrx_word' id='word_1_683' title='bbox 515 5064 615 5103; x_wconf 90' lang='lat' dir='ltr'><strong>suo</strong></span> <span class='ocrx_word' id='word_1_684' title='bbox 647 5049 821 5119; x_wconf 87' lang='lat' dir='ltr'><strong>ipsius</strong></span> <span class='ocrx_word' id='word_1_685' title='bbox 864 5066 1096 5122; x_wconf 89' lang='lat' dir='ltr'><strong>corpore</strong></span> <span class='ocrx_word' id='word_1_686' title='bbox 1134 5052 1269 5107; x_wconf 81' lang='lat' dir='ltr'><strong>fuit:</strong></span> <span class='ocrx_word' id='word_1_687' title='bbox 1306 5053 1403 5109; x_wconf 87' lang='lat' dir='ltr'><strong>sed</strong></span> <span class='ocrx_word' id='word_1_688' title='bbox 1466 5064 1734 5122; x_wconf 87' lang='lat' dir='ltr'><strong>nostram,</strong></span> <span class='ocrx_word' id='word_1_689' title='bbox 1781 5056 1889 5112; x_wconf 91' lang='lat' dir='ltr'><strong>hoc</strong></span> <span class='ocrx_word' id='word_1_690' title='bbox 1933 5067 2004 5113; x_wconf 81' lang='lat' dir='ltr'><strong>est</strong></span> 
     </span>
    </p>
   </div>
   <div class='ocr_carea' id='block_1_102' title="bbox 2112 5049 3710 5137">
    <p class='ocr_par' dir='ltr' id='par_1_102' title="bbox 2118 5062 3710 5137">
     <span class='ocr_line' id='line_1_102' title="bbox 2118 5062 3710 5137; baseline -0.001 -21"><span class='ocrx_word' id='word_1_691' title='bbox 2118 5062 2215 5116; x_wconf 86' lang='grc' dir='ltr'><strong>τοῦ</strong></span> <span class='ocrx_word' id='word_1_692' title='bbox 2241 5064 2376 5117; x_wconf 84' lang='grc' dir='ltr'>Θεοῦ</span> <span class='ocrx_word' id='word_1_693' title='bbox 2403 5065 2577 5132; x_wconf 85' lang='grc' dir='ltr'>Λόγος</span> <span class='ocrx_word' id='word_1_694' title='bbox 2604 5064 2727 5135; x_wconf 76' lang='grc' dir='ltr'>οὐχὶ</span> <span class='ocrx_word' id='word_1_695' title='bbox 2755 5065 2876 5118; x_wconf 78' lang='grc' dir='ltr'>ἀντὶ</span> <span class='ocrx_word' id='word_1_696' title='bbox 2902 5064 3001 5135; x_wconf 87' lang='grc' dir='ltr'>τῆς</span> <span class='ocrx_word' id='word_1_697' title='bbox 3024 5063 3252 5135; x_wconf 83' lang='grc' dir='ltr'>λογικῆς</span> <span class='ocrx_word' id='word_1_698' title='bbox 3284 5066 3376 5121; x_wconf 81' lang='grc' dir='ltr'>καὶ</span> <span class='ocrx_word' id='word_1_699' title='bbox 3407 5062 3710 5137; x_wconf 74' lang='grc' dir='ltr'>νοερᾶςψυ-</span> 
     </span>
    </p>
   </div>
   <div class='ocr_carea' id='block_1_103' title="bbox 408 5144 2004 5230">
    <p class='ocr_par' dir='ltr' id='par_1_103' title="bbox 408 5144 2004 5219">
     <span class='ocr_line' id='line_1_103' title="bbox 408 5144 2004 5219; baseline 0.004 -21"><span class='ocrx_word' id='word_1_700' title='bbox 408 5144 756 5199; x_wconf 64' lang='grc' dir='ltr'>ταιίοιιιιιοιιι</span> <span class='ocrx_word' id='word_1_701' title='bbox 784 5156 840 5201; x_wconf 89' lang='lat' dir='ltr'><strong>et</strong></span> <span class='ocrx_word' id='word_1_702' title='bbox 864 5147 1297 5203; x_wconf 81' lang='lat' dir='ltr'><strong>intellectualem</strong></span> <span class='ocrx_word' id='word_1_703' title='bbox 1335 5150 1454 5204; x_wconf 89' lang='lat' dir='ltr'><strong>sine</strong></span> <span class='ocrx_word' id='word_1_704' title='bbox 1511 5161 1738 5219; x_wconf 88' lang='lat' dir='ltr'><strong>peccato</strong></span> <span class='ocrx_word' id='word_1_705' title='bbox 1770 5150 2004 5205; x_wconf 83' lang='lat' dir='ltr'><strong>animam</strong></span> 
     </span>
    </p>
   </div>
   <div class='ocr_carea' id='block_1_104' title="bbox 2112 5144 3711 5230">
    <p class='ocr_par' dir='ltr' id='par_1_104' title="bbox 2119 5156 3711 5230">
     <span class='ocr_line' id='line_1_104' title="bbox 2119 5156 3711 5230; baseline -0.002 -19"><span class='ocrx_word' id='word_1_706' title='bbox 2119 5159 2223 5230; x_wconf 79' lang='grc' dir='ltr'>χῆς</span> <span class='ocrx_word' id='word_1_707' title='bbox 2255 5161 2310 5211; x_wconf 81' lang='grc' dir='ltr'>ὲν</span> <span class='ocrx_word' id='word_1_708' title='bbox 2341 5158 2419 5229; x_wconf 83' lang='grc' dir='ltr'>τῷ</span> <span class='ocrx_word' id='word_1_709' title='bbox 2448 5157 2642 5212; x_wconf 76' lang='grc' dir='ltr'>ἑαυτοῦ</span> <span class='ocrx_word' id='word_1_710' title='bbox 2676 5157 2889 5228; x_wconf 86' lang='grc' dir='ltr'>σώματι</span> <span class='ocrx_word' id='word_1_711' title='bbox 2915 5158 3142 5228; x_wconf 82' lang='grc' dir='ltr'>γέγονεν</span> <span class='ocrx_word' id='word_1_712' title='bbox 3162 5174 3176 5189; x_wconf 88' lang='grc'><strong>·</strong></span> <span class='ocrx_word' id='word_1_713' title='bbox 3209 5158 3347 5212; x_wconf 82' lang='grc' dir='ltr'>ἀλλὰ</span> <span class='ocrx_word' id='word_1_714' title='bbox 3384 5158 3483 5229; x_wconf 81' lang='grc' dir='ltr'>τὴν</span> <span class='ocrx_word' id='word_1_715' title='bbox 3511 5156 3711 5228; x_wconf 72' lang='grc' dir='ltr'>ἡμετέ-</span> 
     </span>
    </p>
   </div>
   <div class='ocr_carea' id='block_1_105' title="bbox 429 5236 2004 5322">
    <p class='ocr_par' dir='ltr' id='par_1_105' title="bbox 429 5236 2004 5313">
     <span class='ocr_line' id='line_1_105' title="bbox 429 5236 2004 5313; baseline 0.006 -23"><span class='ocrx_word' id='word_1_716' title='bbox 429 5236 674 5306; x_wconf 90' lang='lat' dir='ltr'><strong>suscepit</strong></span> <span class='ocrx_word' id='word_1_717' title='bbox 696 5246 751 5291; x_wconf 90' lang='lat' dir='ltr'><strong>et</strong></span> <span class='ocrx_word' id='word_1_718' title='bbox 785 5239 1048 5295; x_wconf 87' lang='lat' dir='ltr'><strong>servavit.</strong></span> <span class='ocrx_word' id='word_1_719' title='bbox 1082 5238 1202 5295; x_wconf 83' lang='lat' dir='ltr'><strong>Non</strong></span> <span class='ocrx_word' id='word_1_720' title='bbox 1222 5239 1406 5296; x_wconf 91' lang='lat' dir='ltr'><strong>minus</strong></span> <span class='ocrx_word' id='word_1_721' title='bbox 1436 5241 1791 5297; x_wconf 81' lang='lat' dir='ltr'><strong>anathemate</strong></span> <span class='ocrx_word' id='word_1_722' title='bbox 1821 5258 2004 5313; x_wconf 85' lang='lat' dir='ltr'><strong>perse-</strong></span> 
     </span>
    </p>
   </div>
   <div class='ocr_carea' id='block_1_106' title="bbox 2112 5236 3711 5322">
    <p class='ocr_par' dir='ltr' id='par_1_106' title="bbox 2124 5249 3711 5322">
     <span class='ocr_line' id='line_1_106' title="bbox 2124 5249 3711 5322; baseline 0.001 -19"><span class='ocrx_word' id='word_1_723' title='bbox 2124 5268 2244 5321; x_wconf 86' lang='grc' dir='ltr'>ραν,</span> <span class='ocrx_word' id='word_1_724' title='bbox 2280 5253 2533 5305; x_wconf 82' lang='grc' dir='ltr'>τουτέστι</span> <span class='ocrx_word' id='word_1_725' title='bbox 2554 5251 2779 5319; x_wconf 79' lang='grc' dir='ltr'>λογικὴν</span> <span class='ocrx_word' id='word_1_726' title='bbox 2802 5251 2896 5303; x_wconf 76' lang='grc' dir='ltr'>καὶ</span> <span class='ocrx_word' id='word_1_727' title='bbox 2930 5250 3143 5322; x_wconf 73' lang='grc' dir='ltr'>γοερὰν,</span> <span class='ocrx_word' id='word_1_728' title='bbox 3163 5250 3292 5305; x_wconf 76' lang='grc' dir='ltr'>ἄνευ</span> <span class='ocrx_word' id='word_1_729' title='bbox 3314 5249 3410 5320; x_wconf 84' lang='grc' dir='ltr'>τῆς</span> <span class='ocrx_word' id='word_1_730' title='bbox 3440 5251 3711 5321; x_wconf 83' lang='grc' dir='ltr'>ἁμαρτίας</span> 
     </span>
    </p>
   </div>
   <div class='ocr_carea' id='block_1_107' title="bbox 428 5330 2004 5414">
    <p class='ocr_par' dir='ltr' id='par_1_107' title="bbox 428 5330 2004 5401">
     <span class='ocr_line' id='line_1_107' title="bbox 428 5330 2004 5401; baseline 0.006 -19"><span class='ocrx_word' id='word_1_731' title='bbox 428 5330 657 5400; x_wconf 88' lang='lat' dir='ltr'><strong>qnimur</strong></span> <span class='ocrx_word' id='word_1_732' title='bbox 682 5345 778 5385; x_wconf 90' lang='lat' dir='ltr'><strong>eos</strong></span> <span class='ocrx_word' id='word_1_733' title='bbox 806 5332 899 5401; x_wconf 92' lang='lat' dir='ltr'><strong>qui</strong></span> <span class='ocrx_word' id='word_1_734' title='bbox 929 5331 1141 5395; x_wconf 89' lang='lat' dir='ltr'><strong>dicunt,</strong></span> <span class='ocrx_word' id='word_1_735' title='bbox 1168 5332 1408 5387; x_wconf 82' lang='lat' dir='ltr'><strong>Verbum</strong></span> <span class='ocrx_word' id='word_1_736' title='bbox 1441 5333 1539 5388; x_wconf 89' lang='lat' dir='ltr'><strong>Dei</strong></span> <span class='ocrx_word' id='word_1_737' title='bbox 1571 5349 1601 5388; x_wconf 85' lang='lat' dir='ltr'><strong>a</strong></span> <span class='ocrx_word' id='word_1_738' title='bbox 1626 5334 1788 5390; x_wconf 84' lang='lat' dir='ltr'><strong>Patre</strong></span> <span class='ocrx_word' id='word_1_739' title='bbox 1823 5345 2004 5391; x_wconf 82' lang='lat' dir='ltr'><strong>exten-</strong></span> 
     </span>
    </p>
   </div>
   <div class='ocr_carea' id='block_1_108' title="bbox 2112 5330 3712 5414">
    <p class='ocr_par' dir='ltr' id='par_1_108' title="bbox 2123 5342 3712 5414">
     <span class='ocr_line' id='line_1_108' title="bbox 2123 5342 3712 5414; baseline -0.001 -19"><span class='ocrx_word' id='word_1_740' title='bbox 2123 5343 2300 5414; x_wconf 74' lang='grc' dir='ltr'>ψυχὴν</span> <span class='ocrx_word' id='word_1_741' title='bbox 2354 5344 2585 5397; x_wconf 79' lang='grc' dir='ltr'>ἀνέλαϐε</span> <span class='ocrx_word' id='word_1_742' title='bbox 2634 5344 2729 5397; x_wconf 73' lang='grc' dir='ltr'>καὶ</span> <span class='ocrx_word' id='word_1_743' title='bbox 2771 5344 3001 5400; x_wconf 76' lang='grc' dir='ltr'>ἔσωσεν.</span> <span class='ocrx_word' id='word_1_744' title='bbox 3058 5342 3561 5413; x_wconf 83' lang='grc' dir='ltr'>Ἀναθεματίζομεν</span> <span class='ocrx_word' id='word_1_745' title='bbox 3618 5343 3712 5396; x_wconf 76' lang='grc' dir='ltr'>καὶ</span> 
     </span>
    </p>
   </div>
   <div class='ocr_carea' id='block_1_109' title="bbox 431 5424 2017 5495">
    <p class='ocr_par' dir='ltr' id='par_1_109' title="bbox 431 5424 2017 5495">
     <span class='ocr_line' id='line_1_109' title="bbox 431 5424 2017 5495; baseline 0.006 -18"><span class='ocrx_word' id='word_1_746' title='bbox 431 5424 590 5478; x_wconf 72' lang='lat' dir='ltr'><strong>sione</strong></span> <span class='ocrx_word' id='word_1_747' title='bbox 614 5435 671 5477; x_wconf 88' lang='lat' dir='ltr'><strong>et</strong></span> <span class='ocrx_word' id='word_1_748' title='bbox 690 5424 1073 5480; x_wconf 86' lang='lat' dir='ltr'><strong>contractione</strong></span> <span class='ocrx_word' id='word_1_749' title='bbox 1091 5432 1441 5495; x_wconf 80' lang='lat' dir='ltr'><strong>segregatum</strong></span> <span class='ocrx_word' id='word_1_750' title='bbox 1475 5440 1618 5492; x_wconf 86' lang='lat' dir='ltr'><strong>esse,</strong></span> <span class='ocrx_word' id='word_1_751' title='bbox 1639 5440 1693 5484; x_wconf 89' lang='lat' dir='ltr'><strong>et</strong></span> <span class='ocrx_word' id='word_1_752' title='bbox 1709 5430 2017 5487; x_wconf 87' lang='lat' dir='ltr'><strong>subsistere</strong></span> 
     </span>
    </p>
   </div>
   <div class='ocr_carea' id='block_1_110' title="bbox 433 5516 2017 5588">
    <p class='ocr_par' dir='ltr' id='par_1_110' title="bbox 433 5516 2017 5588">
     <span class='ocr_line' id='line_1_110' title="bbox 433 5516 2017 5588; baseline 0.004 -17"><span class='ocrx_word' id='word_1_753' title='bbox 433 5516 490 5571; x_wconf 82' lang='lat' dir='ltr'><strong>id</strong></span> <span class='ocrx_word' id='word_1_754' title='bbox 524 5532 629 5572; x_wconf 89' lang='lat' dir='ltr'><strong>non</strong></span> <span class='ocrx_word' id='word_1_755' title='bbox 656 5532 864 5588; x_wconf 86' lang='lat' dir='ltr'><strong>posse;</strong></span> <span class='ocrx_word' id='word_1_756' title='bbox 897 5525 993 5572; x_wconf 89' lang='lat' dir='ltr'><strong>aut</strong></span> <span class='ocrx_word' id='word_1_757' title='bbox 1021 5517 1117 5587; x_wconf 88' lang='lat' dir='ltr'><strong>qui</strong></span> <span class='ocrx_word' id='word_1_758' title='bbox 1154 5516 1317 5575; x_wconf 82' lang='lat' dir='ltr'><strong>linem</strong></span> <span class='ocrx_word' id='word_1_759' title='bbox 1382 5518 1437 5574; x_wconf 87' lang='lat' dir='ltr'><strong>id</strong></span> <span class='ocrx_word' id='word_1_760' title='bbox 1489 5534 1651 5575; x_wconf 90' lang='lat' dir='ltr'><strong>suum</strong></span> <span class='ocrx_word' id='word_1_761' title='bbox 1696 5521 2017 5578; x_wconf 87' lang='lat' dir='ltr'><strong>habiturum</strong></span> 
     </span>
    </p>
   </div>
   <div class='ocr_carea' id='block_1_111' title="bbox 410 5609 2018 5682">
    <p class='ocr_par' dir='ltr' id='par_1_111' title="bbox 410 5609 2018 5682">
     <span class='ocr_line' id='line_1_111' title="bbox 410 5609 2018 5682; baseline 0.002 -16"><span class='ocrx_word' id='word_1_762' title='bbox 410 5626 555 5680; x_wconf 77' lang='lat' dir='ltr'><strong>esse</strong></span> <span class='ocrx_word' id='word_1_763' title='bbox 585 5610 999 5680; x_wconf 85' lang='lat' dir='ltr'><strong>blasphemant.</strong></span> <span class='ocrx_word' id='word_1_764' title='bbox 1063 5609 1170 5664; x_wconf 84' lang='lat' dir='ltr'><strong>Eos</strong></span> <span class='ocrx_word' id='word_1_765' title='bbox 1217 5625 1385 5681; x_wconf 90' lang='lat' dir='ltr'><strong>porro</strong></span> <span class='ocrx_word' id='word_1_766' title='bbox 1427 5612 1522 5682; x_wconf 92' lang='lat' dir='ltr'><strong>qui</strong></span> <span class='ocrx_word' id='word_1_767' title='bbox 1556 5629 1620 5667; x_wconf 84' lang='lat' dir='ltr'><strong>ex</strong></span> <span class='ocrx_word' id='word_1_768' title='bbox 1676 5615 1929 5671; x_wconf 89' lang='lat' dir='ltr'><strong>ccclesiis</strong></span> <span class='ocrx_word' id='word_1_769' title='bbox 1960 5616 2018 5670; x_wconf 92' lang='lat' dir='ltr'><strong>in</strong></span> 
     </span>
    </p>
   </div>
   <div class='ocr_carea' id='block_1_112' title="bbox 435 5702 2020 5780">
    <p class='ocr_par' dir='ltr' id='par_1_112' title="bbox 435 5702 2020 5780">
     <span class='ocr_line' id='line_1_112' title="bbox 435 5702 2020 5780; baseline 0.004 -21"><span class='ocrx_word' id='word_1_770' title='bbox 435 5704 571 5760; x_wconf 77' lang='lat' dir='ltr'><strong>alias</strong></span> <span class='ocrx_word' id='word_1_771' title='bbox 605 5712 894 5759; x_wconf 84' lang='lat' dir='ltr'><strong>transeunt</strong></span> <span class='ocrx_word' id='word_1_772' title='bbox 921 5702 1226 5759; x_wconf 85' lang='lat' dir='ltr'><strong>ecclesias:</strong></span> <span class='ocrx_word' id='word_1_773' title='bbox 1291 5703 1453 5777; x_wconf 76' lang='lat'><strong>257</strong></span> <span class='ocrx_word' id='word_1_774' title='bbox 1485 5707 1750 5780; x_wconf 82' lang='lat' dir='ltr'><strong>tantisper</strong></span> <span class='ocrx_word' id='word_1_775' title='bbox 1806 5709 2020 5764; x_wconf 86' lang='lat' dir='ltr'><strong>alienos</strong></span> 
     </span>
    </p>
   </div>
   <div class='ocr_carea' id='block_1_113' title="bbox 2124 5435 3713 5506">
    <p class='ocr_par' dir='ltr' id='par_1_113' title="bbox 2124 5435 3713 5506">
     <span class='ocr_line' id='line_1_113' title="bbox 2124 5435 3713 5506; baseline -0.002 -18"><span class='ocrx_word' id='word_1_776' title='bbox 2124 5437 2251 5499; x_wconf 69' lang='grc' dir='ltr'>τοὺς</span> <span class='ocrx_word' id='word_1_777' title='bbox 2287 5437 2548 5502; x_wconf 81' lang='grc' dir='ltr'>λέγοντας</span> <span class='ocrx_word' id='word_1_778' title='bbox 2573 5437 2664 5489; x_wconf 82' lang='grc' dir='ltr'>τὸν</span> <span class='ocrx_word' id='word_1_779' title='bbox 2696 5438 2868 5505; x_wconf 89' lang='grc' dir='ltr'>Λόγον</span> <span class='ocrx_word' id='word_1_780' title='bbox 2894 5435 2987 5489; x_wconf 87' lang='grc' dir='ltr'><strong>τοῦ</strong></span> <span class='ocrx_word' id='word_1_781' title='bbox 3015 5435 3151 5489; x_wconf 77' lang='grc' dir='ltr'>Θεοῦ</span> <span class='ocrx_word' id='word_1_782' title='bbox 3182 5438 3245 5506; x_wconf 81' lang='grc' dir='ltr'>τῇ</span> <span class='ocrx_word' id='word_1_783' title='bbox 3270 5435 3492 5488; x_wconf 75' lang='grc' dir='ltr'>ἐκτάσει</span> <span class='ocrx_word' id='word_1_784' title='bbox 3525 5436 3617 5487; x_wconf 71' lang='grc' dir='ltr'>καὶ</span> <span class='ocrx_word' id='word_1_785' title='bbox 3647 5435 3713 5505; x_wconf 76' lang='grc' dir='ltr'>τῇ</span> 
     </span>
    </p>
   </div>
   <div class='ocr_carea' id='block_1_114' title="bbox 2126 5526 3717 5600">
    <p class='ocr_par' dir='ltr' id='par_1_114' title="bbox 2126 5526 3717 5600">
     <span class='ocr_line' id='line_1_114' title="bbox 2126 5526 3717 5600; baseline -0.003 -18"><span class='ocrx_word' id='word_1_786' title='bbox 2126 5529 2361 5600; x_wconf 79' lang='grc' dir='ltr'>συστολῇ</span> <span class='ocrx_word' id='word_1_787' title='bbox 2414 5528 2523 5583; x_wconf 85' lang='grc' dir='ltr'>ἀπὸ</span> <span class='ocrx_word' id='word_1_788' title='bbox 2549 5526 2644 5582; x_wconf 89' lang='grc' dir='ltr'><strong>τοῦ</strong></span> <span class='ocrx_word' id='word_1_789' title='bbox 2660 5528 2875 5600; x_wconf 71' lang='grc' dir='ltr'>Πατρδς</span> <span class='ocrx_word' id='word_1_790' title='bbox 2899 5527 3259 5599; x_wconf 83' lang='grc' dir='ltr'>κεχωρίσθαι,</span> <span class='ocrx_word' id='word_1_791' title='bbox 3291 5527 3385 5581; x_wconf 75' lang='grc' dir='ltr'>καὶ</span> <span class='ocrx_word' id='word_1_792' title='bbox 3411 5528 3717 5581; x_wconf 78' lang='grc' dir='ltr'>ἀνυπόστα-</span> 
     </span>
    </p>
   </div>
   <div class='ocr_carea' id='block_1_115' title="bbox 2124 5613 3715 5691">
    <p class='ocr_par' dir='ltr' id='par_1_115' title="bbox 2124 5613 3715 5691">
     <span class='ocr_line' id='line_1_115' title="bbox 2124 5613 3715 5691; baseline 0.001 -22"><span class='ocrx_word' id='word_1_793' title='bbox 2124 5634 2218 5669; x_wconf 84' lang='grc' dir='ltr'><strong>τον</strong></span> <span class='ocrx_word' id='word_1_794' title='bbox 2240 5618 2403 5671; x_wconf 80' lang='grc' dir='ltr'>αὑτὸν</span> <span class='ocrx_word' id='word_1_795' title='bbox 2430 5613 2595 5684; x_wconf 82' lang='grc' dir='ltr'>εἶναι,</span> <span class='ocrx_word' id='word_1_796' title='bbox 2626 5617 2657 5689; x_wconf 77' lang='grc' dir='ltr'>ἢ</span> <span class='ocrx_word' id='word_1_797' title='bbox 2690 5617 2907 5689; x_wconf 78' lang='grc' dir='ltr'>μέλλειν</span> <span class='ocrx_word' id='word_1_798' title='bbox 2932 5619 3194 5690; x_wconf 82' lang='grc' dir='ltr'>τελευτᾷν</span> <span class='ocrx_word' id='word_1_799' title='bbox 3231 5617 3715 5691; x_wconf 71' lang='grc' dir='ltr'>βλασφημοῦντας.</span> 
     </span>
    </p>
   </div>
   <div class='ocr_carea' id='block_1_116' title="bbox 2124 5708 3715 5782">
    <p class='ocr_par' dir='ltr' id='par_1_116' title="bbox 2124 5708 3715 5782">
     <span class='ocr_line' id='line_1_116' title="bbox 2124 5708 3715 5782; baseline 0 -20"><span class='ocrx_word' id='word_1_800' title='bbox 2124 5710 2265 5774; x_wconf 74' lang='grc' dir='ltr'>Τοὺς</span> <span class='ocrx_word' id='word_1_801' title='bbox 2315 5708 2372 5762; x_wconf 81' lang='grc' dir='ltr'>δὲ</span> <span class='ocrx_word' id='word_1_802' title='bbox 2403 5708 2510 5764; x_wconf 76' lang='grc' dir='ltr'><strong>ἀπὸ</strong></span> <span class='ocrx_word' id='word_1_803' title='bbox 2539 5709 2848 5782; x_wconf 74' lang='grc' dir='ltr'>ἐκκλησιῶν</span> <span class='ocrx_word' id='word_1_804' title='bbox 2881 5712 2962 5776; x_wconf 85' lang='grc' dir='ltr'><strong>είς</strong></span> <span class='ocrx_word' id='word_1_805' title='bbox 3008 5712 3202 5782; x_wconf 79' lang='grc' dir='ltr'>ἑτέρας</span> <span class='ocrx_word' id='word_1_806' title='bbox 3252 5710 3556 5782; x_wconf 79' lang='grc' dir='ltr'>ἐκκλησίας</span> <span class='ocrx_word' id='word_1_807' title='bbox 3587 5726 3715 5782; x_wconf 86' lang='grc' dir='ltr'>μετ-</span> 
     </span>
    </p>
   </div>
   <div class='ocr_carea' id='block_1_117' title="bbox 513 5887 3308 5964">
    <p class='ocr_par' dir='ltr' id='par_1_117' title="bbox 513 5887 3308 5964">
     <span class='ocr_line' id='line_1_117' title="bbox 513 5887 3308 5964; baseline 0.001 -21"><span class='ocrx_word' id='word_1_808' title='bbox 513 5887 587 5955; x_wconf 74' lang='grc' dir='ltr'>ιι)</span> <span class='ocrx_word' id='word_1_809' title='bbox 618 5888 672 5941; x_wconf 87' lang='lat' dir='ltr'><strong>In</strong></span> <span class='ocrx_word' id='word_1_810' title='bbox 714 5903 779 5944; x_wconf 88' lang='lat' dir='ltr'><strong>co</strong></span> <span class='ocrx_word' id='word_1_811' title='bbox 811 5888 951 5946; x_wconf 78' lang='lat' dir='ltr'><strong>forte</strong></span> <span class='ocrx_word' id='word_1_812' title='bbox 985 5901 1281 5961; x_wconf 87' lang='lat' dir='ltr'><strong>conventu,</strong></span> <span class='ocrx_word' id='word_1_813' title='bbox 1324 5892 1387 5949; x_wconf 86' lang='lat' dir='ltr'><strong>de</strong></span> <span class='ocrx_word' id='word_1_814' title='bbox 1434 5907 1544 5964; x_wconf 82' lang='lat' dir='ltr'><strong>quo</strong></span> <span class='ocrx_word' id='word_1_815' title='bbox 1569 5906 1733 5963; x_wconf 81' lang='lat' dir='ltr'><strong>supra</strong></span> <span class='ocrx_word' id='word_1_816' title='bbox 1771 5909 1889 5964; x_wconf 78' lang='lat' dir='ltr'><strong>cap.</strong></span> <span class='ocrx_word' id='word_1_817' title='bbox 1933 5894 2015 5951; x_wconf 89' lang='lat' dir='ltr'><strong>l0.</strong></span> <span class='ocrx_word' id='word_1_818' title='bbox 2057 5894 2164 5952; x_wconf 83' lang='lat' dir='ltr'><strong>Sed</strong></span> <span class='ocrx_word' id='word_1_819' title='bbox 2196 5894 2239 5950; x_wconf 91' lang='lat' dir='ltr'><strong>is</strong></span> <span class='ocrx_word' id='word_1_820' title='bbox 2296 5904 2604 5952; x_wconf 82' lang='lat' dir='ltr'><strong>conventus</strong></span> <span class='ocrx_word' id='word_1_821' title='bbox 2629 5891 3102 5963; x_wconf 84' lang='lat' dir='ltr'><strong>Constantinopoli</strong></span> <span class='ocrx_word' id='word_1_822' title='bbox 3132 5901 3308 5947; x_wconf 83' lang='lat' dir='ltr'><strong>actus.</strong></span> 
     </span>
    </p>
   </div>
  </div>
