  <div class='ocr_page' id='page_1' title='image "/cluster/home/n/w/nwhite01/storage/ocr_20150623/146:no.2/coo.31924054870518/408.png"; bbox 0 0 4062 6436; ppageno 0'>
   <div class='ocr_carea' id='block_1_1' title="bbox 333 404 435 469">
    <p class='ocr_par' dir='ltr' id='par_1_1' title="bbox 333 404 435 469">
     <span class='ocr_line' id='line_1_1' title="bbox 333 404 435 469; baseline 0 0"><span class='ocrx_word' id='word_1_1' title='bbox 333 404 435 469; x_wconf 85' lang='grc'><strong>801</strong></span> 
     </span>
    </p>
   </div>
   <div class='ocr_carea' id='block_1_2' title="bbox 1261 393 2684 463">
    <p class='ocr_par' dir='ltr' id='par_1_2' title="bbox 1261 393 2684 463">
     <span class='ocr_line' id='line_1_2' title="bbox 1261 393 2684 463; baseline -0.006 0"><span class='ocrx_word' id='word_1_2' title='bbox 1261 401 1871 463; x_wconf 67' lang='lat' dir='ltr'><strong>ECCLESIASTICIE</strong></span> <span class='ocrx_word' id='word_1_3' title='bbox 1918 398 2312 459; x_wconf 55' lang='lat' dir='ltr'><strong>HISTORIA;</strong></span> <span class='ocrx_word' id='word_1_4' title='bbox 2350 397 2503 458; x_wconf 89' lang='lat' dir='ltr'><strong>LIB.</strong></span> <span class='ocrx_word' id='word_1_5' title='bbox 2546 393 2684 456; x_wconf 79' lang='lat' dir='ltr'><strong>XII.</strong></span> 
     </span>
    </p>
   </div>
   <div class='ocr_carea' id='block_1_3' title="bbox 3516 387 3626 459">
    <p class='ocr_par' dir='ltr' id='par_1_3' title="bbox 3516 387 3626 459">
     <span class='ocr_line' id='line_1_3' title="bbox 3516 387 3626 459; baseline -0.009 0"><span class='ocrx_word' id='word_1_6' title='bbox 3516 387 3626 459; x_wconf 76' lang='grc' dir='ltr'><strong>8θὲ</strong></span> 
     </span>
    </p>
   </div>
   <div class='ocr_carea' id='block_1_4' title="bbox 333 503 1945 588">
    <p class='ocr_par' dir='ltr' id='par_1_4' title="bbox 333 513 1928 588">
     <span class='ocr_line' id='line_1_4' title="bbox 333 513 1928 588; baseline -0.004 -16"><span class='ocrx_word' id='word_1_7' title='bbox 333 517 589 579; x_wconf 83' lang='grc' dir='ltr'>ελθόντας</span> <span class='ocrx_word' id='word_1_8' title='bbox 616 516 745 588; x_wconf 79' lang='grc' dir='ltr'>ἄχρι</span> <span class='ocrx_word' id='word_1_9' title='bbox 769 513 1032 570; x_wconf 78' lang='grc' dir='ltr'><strong>τοσούτου</strong></span> <span class='ocrx_word' id='word_1_10' title='bbox 1063 513 1172 568; x_wconf 88' lang='grc' dir='ltr'><strong>ἀπὸ</strong></span> <span class='ocrx_word' id='word_1_11' title='bbox 1209 513 1310 585; x_wconf 81' lang='grc' dir='ltr'>τῆς</span> <span class='ocrx_word' id='word_1_12' title='bbox 1331 515 1612 586; x_wconf 80' lang='grc' dir='ltr'>ἡμετέρας</span> <span class='ocrx_word' id='word_1_13' title='bbox 1638 515 1928 577; x_wconf 78' lang='grc' dir='ltr'>κοινωνίας</span> 
     </span>
    </p>
   </div>
   <div class='ocr_carea' id='block_1_5' title="bbox 2050 503 3625 588">
    <p class='ocr_par' dir='ltr' id='par_1_5' title="bbox 2050 503 3625 569">
     <span class='ocr_line' id='line_1_5' title="bbox 2050 503 3625 569; baseline -0.007 -2"><span class='ocrx_word' id='word_1_14' title='bbox 2050 513 2472 567; x_wconf 79' lang='lat' dir='ltr'><strong>tcommunione</strong></span> <span class='ocrx_word' id='word_1_15' title='bbox 2498 519 2685 565; x_wconf 86' lang='lat' dir='ltr'><strong>nostra</strong></span> <span class='ocrx_word' id='word_1_16' title='bbox 2707 505 3118 569; x_wconf 83' lang='lat' dir='ltr'><strong>esseducimus,</strong></span> <span class='ocrx_word' id='word_1_17' title='bbox 3145 505 3275 560; x_wconf 89' lang='lat' dir='ltr'><strong>dum</strong></span> <span class='ocrx_word' id='word_1_18' title='bbox 3294 503 3360 560; x_wconf 90' lang='lat' dir='ltr'><strong>ad</strong></span> <span class='ocrx_word' id='word_1_19' title='bbox 3381 505 3625 562; x_wconf 81' lang='lat' dir='ltr'><strong>easdem.</strong></span> 
     </span>
    </p>
   </div>
   <div class='ocr_carea' id='block_1_6' title="bbox 332 602 1920 683">
    <p class='ocr_par' dir='ltr' id='par_1_6' title="bbox 332 602 1920 683">
     <span class='ocr_line' id='line_1_6' title="bbox 332 602 1920 683; baseline -0.004 -18"><span class='ocrx_word' id='word_1_20' title='bbox 332 611 654 683; x_wconf 82' lang='grc' dir='ltr'>ἀλλοτρίους</span> <span class='ocrx_word' id='word_1_21' title='bbox 693 611 912 680; x_wconf 75' lang='grc' dir='ltr'>ἔχομεν,</span> <span class='ocrx_word' id='word_1_22' title='bbox 939 609 1100 679; x_wconf 84' lang='grc' dir='ltr'>άχρις</span> <span class='ocrx_word' id='word_1_23' title='bbox 1121 602 1182 660; x_wconf 80' lang='grc' dir='ltr'>οὗ</span> <span class='ocrx_word' id='word_1_24' title='bbox 1211 608 1347 679; x_wconf 86' lang='grc' dir='ltr'>πρὸς</span> <span class='ocrx_word' id='word_1_25' title='bbox 1376 608 1546 671; x_wconf 75' lang='grc' dir='ltr'>αὑτὰς</span> <span class='ocrx_word' id='word_1_26' title='bbox 1577 607 1920 662; x_wconf 81' lang='grc' dir='ltr'>ὲπανέλθωσι</span> 
     </span>
    </p>
   </div>
   <div class='ocr_carea' id='block_1_7' title="bbox 332 698 1923 774">
    <p class='ocr_par' dir='ltr' id='par_1_7' title="bbox 332 698 1923 774">
     <span class='ocr_line' id='line_1_7' title="bbox 332 698 1923 774; baseline -0.004 -16"><span class='ocrx_word' id='word_1_27' title='bbox 332 707 433 769; x_wconf 85' lang='grc' dir='ltr'><strong>τάς</strong></span> <span class='ocrx_word' id='word_1_28' title='bbox 467 705 690 768; x_wconf 79' lang='grc' dir='ltr'>πόλεις,</span> <span class='ocrx_word' id='word_1_29' title='bbox 740 705 798 757; x_wconf 79' lang='grc' dir='ltr'>ὲν</span> <span class='ocrx_word' id='word_1_30' title='bbox 834 698 922 767; x_wconf 80' lang='grc' dir='ltr'>αἷς</span> <span class='ocrx_word' id='word_1_31' title='bbox 972 701 1191 774; x_wconf 85' lang='grc' dir='ltr'>πρῶτον</span> <span class='ocrx_word' id='word_1_32' title='bbox 1237 701 1743 773; x_wconf 78' lang='grc' dir='ltr'>ἐχειροτονήθησαν.</span> <span class='ocrx_word' id='word_1_33' title='bbox 1796 699 1923 752; x_wconf 70' lang='grc' dir='ltr'><strong>Ἐάν</strong></span> 
     </span>
    </p>
   </div>
   <div class='ocr_carea' id='block_1_8' title="bbox 333 793 1924 864">
    <p class='ocr_par' dir='ltr' id='par_1_8' title="bbox 333 793 1924 864">
     <span class='ocr_line' id='line_1_8' title="bbox 333 793 1924 864; baseline -0.003 -14"><span class='ocrx_word' id='word_1_34' title='bbox 333 798 388 850; x_wconf 83' lang='grc' dir='ltr'><strong>δέ</strong></span> <span class='ocrx_word' id='word_1_35' title='bbox 430 814 541 862; x_wconf 84' lang='grc' dir='ltr'>τις,</span> <span class='ocrx_word' id='word_1_36' title='bbox 575 797 738 851; x_wconf 82' lang='grc' dir='ltr'>ἄλλου</span> <span class='ocrx_word' id='word_1_37' title='bbox 769 797 878 850; x_wconf 85' lang='grc' dir='ltr'><strong>ἀπὸ</strong></span> <span class='ocrx_word' id='word_1_38' title='bbox 923 795 1091 849; x_wconf 85' lang='grc' dir='ltr'>τόπου</span> <span class='ocrx_word' id='word_1_39' title='bbox 1120 797 1202 859; x_wconf 75' lang='grc' dir='ltr'>εἰς</span> <span class='ocrx_word' id='word_1_40' title='bbox 1243 795 1412 849; x_wconf 81' lang='grc' dir='ltr'>τόπον</span> <span class='ocrx_word' id='word_1_41' title='bbox 1458 793 1831 864; x_wconf 87' lang='grc' dir='ltr'>μετελθόντος,</span> <span class='ocrx_word' id='word_1_42' title='bbox 1865 794 1924 846; x_wconf 79' lang='grc' dir='ltr'><strong>έν</strong></span> 
     </span>
    </p>
   </div>
   <div class='ocr_carea' id='block_1_9' title="bbox 333 886 1925 961">
    <p class='ocr_par' dir='ltr' id='par_1_9' title="bbox 333 886 1925 961">
     <span class='ocr_line' id='line_1_9' title="bbox 333 886 1925 961; baseline -0.004 -17"><span class='ocrx_word' id='word_1_43' title='bbox 333 891 485 959; x_wconf 84' lang='grc' dir='ltr'>τόπῳ</span> <span class='ocrx_word' id='word_1_44' title='bbox 513 890 607 944; x_wconf 85' lang='grc' dir='ltr'><strong>τοῦ</strong></span> <span class='ocrx_word' id='word_1_45' title='bbox 639 891 840 954; x_wconf 81' lang='grc' dir='ltr'>ζῶντος</span> <span class='ocrx_word' id='word_1_46' title='bbox 883 889 1291 961; x_wconf 70' lang='grc' dir='ltr'><strong>ἐχειροτονήθη,</strong></span> <span class='ocrx_word' id='word_1_47' title='bbox 1329 889 1460 960; x_wconf 77' lang='grc' dir='ltr'>ἄχρι</span> <span class='ocrx_word' id='word_1_48' title='bbox 1500 886 1761 940; x_wconf 75' lang='grc' dir='ltr'>τοσούτου</span> <span class='ocrx_word' id='word_1_49' title='bbox 1801 904 1925 956; x_wconf 86' lang='grc' dir='ltr'>σχο-</span> 
     </span>
    </p>
   </div>
   <div class='ocr_carea' id='block_1_10' title="bbox 333 979 1925 1054">
    <p class='ocr_par' dir='ltr' id='par_1_10' title="bbox 333 979 1925 1054">
     <span class='ocr_line' id='line_1_10' title="bbox 333 979 1925 1054; baseline -0.003 -18"><span class='ocrx_word' id='word_1_50' title='bbox 333 984 488 1037; x_wconf 89' lang='grc' dir='ltr'>λάσει</span> <span class='ocrx_word' id='word_1_51' title='bbox 539 983 646 1036; x_wconf 85' lang='grc' dir='ltr'><strong>ἀπὸ</strong></span> <span class='ocrx_word' id='word_1_52' title='bbox 674 982 769 1036; x_wconf 89' lang='grc' dir='ltr'><strong>τοῦ</strong></span> <span class='ocrx_word' id='word_1_53' title='bbox 803 981 1196 1054; x_wconf 87' lang='grc' dir='ltr'>ἀρχιερατικοῦ</span> <span class='ocrx_word' id='word_1_54' title='bbox 1227 981 1540 1052; x_wconf 81' lang='grc' dir='ltr'>ἀξιώματος</span> <span class='ocrx_word' id='word_1_55' title='bbox 1591 982 1619 1034; x_wconf 86' lang='grc' dir='ltr'><strong>ό</strong></span> <span class='ocrx_word' id='word_1_56' title='bbox 1653 979 1751 1052; x_wconf 76' lang='grc' dir='ltr'>τὴν</span> <span class='ocrx_word' id='word_1_57' title='bbox 1790 979 1925 1034; x_wconf 87' lang='grc' dir='ltr'>ῑδίαν</span> 
     </span>
    </p>
   </div>
   <div class='ocr_carea' id='block_1_11' title="bbox 334 1068 1928 1146">
    <p class='ocr_par' dir='ltr' id='par_1_11' title="bbox 334 1068 1928 1146">
     <span class='ocr_line' id='line_1_11' title="bbox 334 1068 1928 1146; baseline -0.003 -18"><span class='ocrx_word' id='word_1_58' title='bbox 334 1078 490 1129; x_wconf 78' lang='grc' dir='ltr'>πόλιν</span> <span class='ocrx_word' id='word_1_59' title='bbox 529 1075 893 1144; x_wconf 74' lang='grc' dir='ltr'>καταλείψας,</span> <span class='ocrx_word' id='word_1_60' title='bbox 945 1075 1104 1146; x_wconf 78' lang='grc' dir='ltr'>ἄχρις</span> <span class='ocrx_word' id='word_1_61' title='bbox 1150 1068 1212 1128; x_wconf 83' lang='grc' dir='ltr'><strong>οῦ</strong></span> <span class='ocrx_word' id='word_1_62' title='bbox 1249 1077 1278 1128; x_wconf 87' lang='grc' dir='ltr'><strong>ό</strong></span> <span class='ocrx_word' id='word_1_63' title='bbox 1319 1072 1706 1143; x_wconf 79' lang='grc' dir='ltr'>διαδεξάμενος</span> <span class='ocrx_word' id='word_1_64' title='bbox 1765 1072 1928 1126; x_wconf 82' lang='grc' dir='ltr'>αὐτὸν</span> 
     </span>
    </p>
   </div>
   <div class='ocr_carea' id='block_1_12' title="bbox 335 1160 1930 1239">
    <p class='ocr_par' dir='ltr' id='par_1_12' title="bbox 335 1160 1930 1239">
     <span class='ocr_line' id='line_1_12' title="bbox 335 1160 1930 1239; baseline -0.004 -17"><span class='ocrx_word' id='word_1_65' title='bbox 335 1167 726 1238; x_wconf 85' lang='grc' dir='ltr'>ἀναπαύσηται</span> <span class='ocrx_word' id='word_1_66' title='bbox 760 1169 816 1220; x_wconf 82' lang='grc' dir='ltr'>ὲν</span> <span class='ocrx_word' id='word_1_67' title='bbox 849 1160 1060 1239; x_wconf 79' lang='grc' dir='ltr'>Κυρίῳ.</span> <span class='ocrx_word' id='word_1_68' title='bbox 1100 1167 1165 1220; x_wconf 84' lang='grc' dir='ltr'>Εἴ</span> <span class='ocrx_word' id='word_1_69' title='bbox 1193 1185 1277 1230; x_wconf 88' lang='grc' dir='ltr'><strong>τις</strong></span> <span class='ocrx_word' id='word_1_70' title='bbox 1319 1167 1393 1237; x_wconf 84' lang='grc' dir='ltr'>μὴ</span> <span class='ocrx_word' id='word_1_71' title='bbox 1429 1165 1558 1236; x_wconf 79' lang='grc' dir='ltr'>εἴπῃ</span> <span class='ocrx_word' id='word_1_72' title='bbox 1589 1165 1683 1219; x_wconf 73' lang='grc' dir='ltr'><strong>ἀεὶ</strong></span> <span class='ocrx_word' id='word_1_73' title='bbox 1710 1167 1800 1218; x_wconf 71' lang='grc' dir='ltr'><strong>τὸν</strong></span> <span class='ocrx_word' id='word_1_74' title='bbox 1821 1165 1930 1217; x_wconf 90' lang='grc' dir='ltr'>Πα-</span> 
     </span>
    </p>
   </div>
   <div class='ocr_carea' id='block_1_13' title="bbox 334 1251 1930 1324">
    <p class='ocr_par' dir='ltr' id='par_1_13' title="bbox 334 1251 1930 1324">
     <span class='ocr_line' id='line_1_13' title="bbox 334 1251 1930 1324; baseline -0.001 -17"><span class='ocrx_word' id='word_1_75' title='bbox 334 1256 469 1324; x_wconf 85' lang='grc' dir='ltr'>τέρα</span> <span class='ocrx_word' id='word_1_76' title='bbox 511 1255 604 1309; x_wconf 73' lang='grc' dir='ltr'><strong>καὶ</strong></span> <span class='ocrx_word' id='word_1_77' title='bbox 633 1254 723 1308; x_wconf 77' lang='grc' dir='ltr'><strong>ἀεὶ</strong></span> <span class='ocrx_word' id='word_1_78' title='bbox 768 1253 860 1306; x_wconf 86' lang='grc' dir='ltr'><strong>τὸν</strong></span> <span class='ocrx_word' id='word_1_79' title='bbox 892 1255 1021 1306; x_wconf 78' lang='grc' dir='ltr'>Υἱὸν</span> <span class='ocrx_word' id='word_1_80' title='bbox 1057 1255 1151 1308; x_wconf 71' lang='grc' dir='ltr'>καὶ</span> <span class='ocrx_word' id='word_1_81' title='bbox 1181 1253 1272 1307; x_wconf 78' lang='grc' dir='ltr'>ἀεὶ</span> <span class='ocrx_word' id='word_1_82' title='bbox 1311 1254 1371 1307; x_wconf 89' lang='grc' dir='ltr'><strong>τὸ</strong></span> <span class='ocrx_word' id='word_1_83' title='bbox 1410 1251 1639 1322; x_wconf 83' lang='grc' dir='ltr'>Πνεῦμα</span> <span class='ocrx_word' id='word_1_84' title='bbox 1682 1251 1742 1306; x_wconf 81' lang='grc' dir='ltr'><strong>τὸ</strong></span> <span class='ocrx_word' id='word_1_85' title='bbox 1771 1251 1930 1322; x_wconf 78' lang='grc' dir='ltr'>ἅγιον</span> 
     </span>
    </p>
   </div>
   <div class='ocr_carea' id='block_1_14' title="bbox 335 1338 1931 1418">
    <p class='ocr_par' dir='ltr' id='par_1_14' title="bbox 335 1338 1931 1418">
     <span class='ocr_line' id='line_1_14' title="bbox 335 1338 1931 1418; baseline -0.001 -23"><span class='ocrx_word' id='word_1_86' title='bbox 335 1338 503 1414; x_wconf 72' lang='grc' dir='ltr'>εἶναι,</span> <span class='ocrx_word' id='word_1_87' title='bbox 537 1343 786 1412; x_wconf 75' lang='grc' dir='ltr'>ἀνάθεμα</span> <span class='ocrx_word' id='word_1_88' title='bbox 837 1343 998 1399; x_wconf 79' lang='grc' dir='ltr'>ἔστω.</span> <span class='ocrx_word' id='word_1_89' title='bbox 1031 1343 1097 1398; x_wconf 85' lang='grc' dir='ltr'>Εἴ</span> <span class='ocrx_word' id='word_1_90' title='bbox 1128 1362 1212 1406; x_wconf 88' lang='grc' dir='ltr'><strong>τις</strong></span> <span class='ocrx_word' id='word_1_91' title='bbox 1250 1342 1325 1413; x_wconf 78' lang='grc' dir='ltr'>μὴ</span> <span class='ocrx_word' id='word_1_92' title='bbox 1349 1343 1478 1416; x_wconf 87' lang='grc' dir='ltr'>εἴπῃ</span> <span class='ocrx_word' id='word_1_93' title='bbox 1502 1341 1758 1413; x_wconf 85' lang='grc' dir='ltr'>ἀληθινὸν</span> <span class='ocrx_word' id='word_1_94' title='bbox 1795 1342 1931 1418; x_wconf 74' lang='grc' dir='ltr'>Θεὸν</span> 
     </span>
    </p>
   </div>
   <div class='ocr_carea' id='block_1_15' title="bbox 335 1429 1930 1502">
    <p class='ocr_par' dir='ltr' id='par_1_15' title="bbox 335 1429 1930 1502">
     <span class='ocr_line' id='line_1_15' title="bbox 335 1429 1930 1502; baseline -0.002 -17"><span class='ocrx_word' id='word_1_95' title='bbox 335 1433 430 1485; x_wconf 82' lang='grc' dir='ltr'><strong>τὸν</strong></span> <span class='ocrx_word' id='word_1_96' title='bbox 469 1431 595 1484; x_wconf 80' lang='grc' dir='ltr'>Υίὸν</span> <span class='ocrx_word' id='word_1_97' title='bbox 629 1430 725 1484; x_wconf 87' lang='grc' dir='ltr'><strong>τοῦ</strong></span> <span class='ocrx_word' id='word_1_98' title='bbox 757 1431 919 1496; x_wconf 82' lang='grc' dir='ltr'>Θεοῦ,</span> <span class='ocrx_word' id='word_1_99' title='bbox 953 1432 1028 1495; x_wconf 83' lang='grc' dir='ltr'>ὡς</span> <span class='ocrx_word' id='word_1_100' title='bbox 1067 1431 1325 1502; x_wconf 86' lang='grc' dir='ltr'>ἀληθινὸν</span> <span class='ocrx_word' id='word_1_101' title='bbox 1357 1432 1451 1486; x_wconf 84' lang='grc' dir='ltr'><strong>τὸν</strong></span> <span class='ocrx_word' id='word_1_102' title='bbox 1485 1432 1706 1502; x_wconf 84' lang='grc' dir='ltr'>Πατέρα</span> <span class='ocrx_word' id='word_1_103' title='bbox 1736 1429 1930 1495; x_wconf 74' lang='grc' dir='ltr'>αὐτοῦ,</span> 
     </span>
    </p>
   </div>
   <div class='ocr_carea' id='block_1_16' title="bbox 338 1522 1936 1593">
    <p class='ocr_par' dir='ltr' id='par_1_16' title="bbox 338 1522 1936 1593">
     <span class='ocr_line' id='line_1_16' title="bbox 338 1522 1936 1593; baseline -0.002 -13"><span class='ocrx_word' id='word_1_104' title='bbox 338 1527 430 1580; x_wconf 69' lang='grc' dir='ltr'><strong>καὶ</strong></span> <span class='ocrx_word' id='word_1_105' title='bbox 461 1526 640 1580; x_wconf 84' lang='grc' dir='ltr'>πάντα</span> <span class='ocrx_word' id='word_1_106' title='bbox 671 1524 958 1587; x_wconf 83' lang='grc' dir='ltr'>δύνασθαι,</span> <span class='ocrx_word' id='word_1_107' title='bbox 990 1525 1082 1576; x_wconf 80' lang='grc' dir='ltr'>καὶ</span> <span class='ocrx_word' id='word_1_108' title='bbox 1118 1524 1298 1577; x_wconf 86' lang='grc' dir='ltr'>πάντα</span> <span class='ocrx_word' id='word_1_109' title='bbox 1331 1525 1553 1591; x_wconf 79' lang='grc' dir='ltr'>εἰδέναι,</span> <span class='ocrx_word' id='word_1_110' title='bbox 1578 1523 1675 1578; x_wconf 74' lang='grc' dir='ltr'><strong>καὶ</strong></span> <span class='ocrx_word' id='word_1_111' title='bbox 1703 1522 1785 1593; x_wconf 82' lang='grc' dir='ltr'>τῷ</span> <span class='ocrx_word' id='word_1_112' title='bbox 1821 1523 1936 1577; x_wconf 83' lang='grc' dir='ltr'>Πα-</span> 
     </span>
    </p>
   </div>
   <div class='ocr_carea' id='block_1_17' title="bbox 335 1613 1937 1689">
    <p class='ocr_par' dir='ltr' id='par_1_17' title="bbox 335 1613 1937 1689">
     <span class='ocr_line' id='line_1_17' title="bbox 335 1613 1937 1689; baseline -0.001 -18"><span class='ocrx_word' id='word_1_113' title='bbox 335 1617 427 1687; x_wconf 73' lang='grc' dir='ltr'>τρὶ</span> <span class='ocrx_word' id='word_1_114' title='bbox 461 1617 598 1685; x_wconf 84' lang='grc' dir='ltr'>ἴσον,</span> <span class='ocrx_word' id='word_1_115' title='bbox 652 1617 902 1687; x_wconf 82' lang='grc' dir='ltr'>ἀνάθεμα</span> <span class='ocrx_word' id='word_1_116' title='bbox 937 1615 1101 1671; x_wconf 77' lang='grc' dir='ltr'>ἔστω.</span> <span class='ocrx_word' id='word_1_117' title='bbox 1137 1613 1205 1670; x_wconf 87' lang='grc' dir='ltr'>Εἴ</span> <span class='ocrx_word' id='word_1_118' title='bbox 1235 1633 1320 1681; x_wconf 89' lang='grc' dir='ltr'><strong>τις</strong></span> <span class='ocrx_word' id='word_1_119' title='bbox 1367 1617 1495 1689; x_wconf 88' lang='grc' dir='ltr'>εἴπῃ</span> <span class='ocrx_word' id='word_1_120' title='bbox 1551 1617 1632 1670; x_wconf 82' lang='grc' dir='ltr'><strong>ὄτι</strong></span> <span class='ocrx_word' id='word_1_121' title='bbox 1663 1617 1722 1669; x_wconf 69' lang='grc' dir='ltr'>ιν</span> <span class='ocrx_word' id='word_1_122' title='bbox 1769 1617 1937 1686; x_wconf 76' lang='grc' dir='ltr'>σαρκὶ</span> 
     </span>
    </p>
   </div>
   <div class='ocr_carea' id='block_1_18' title="bbox 335 1703 1934 1780">
    <p class='ocr_par' dir='ltr' id='par_1_18' title="bbox 335 1703 1934 1780">
     <span class='ocr_line' id='line_1_18' title="bbox 335 1703 1934 1780; baseline 0 -18"><span class='ocrx_word' id='word_1_123' title='bbox 335 1710 540 1776; x_wconf 84' lang='grc' dir='ltr'>διάγων</span> <span class='ocrx_word' id='word_1_124' title='bbox 571 1710 599 1762; x_wconf 83' lang='grc' dir='ltr'><em>ὁ</em></span> <span class='ocrx_word' id='word_1_125' title='bbox 621 1708 748 1770; x_wconf 84' lang='grc' dir='ltr'>Υἱὸς</span> <span class='ocrx_word' id='word_1_126' title='bbox 776 1707 871 1760; x_wconf 92' lang='grc' dir='ltr'><strong>τοῦ</strong></span> <span class='ocrx_word' id='word_1_127' title='bbox 898 1707 1032 1761; x_wconf 88' lang='grc' dir='ltr'>Θεοῦ</span> <span class='ocrx_word' id='word_1_128' title='bbox 1065 1708 1154 1762; x_wconf 85' lang='grc' dir='ltr'>ὅτε</span> <span class='ocrx_word' id='word_1_129' title='bbox 1185 1703 1253 1780; x_wconf 75' lang='grc' dir='ltr'>ἦν</span> <span class='ocrx_word' id='word_1_130' title='bbox 1291 1711 1350 1761; x_wconf 84' lang='grc' dir='ltr'>ὲν</span> <span class='ocrx_word' id='word_1_131' title='bbox 1381 1712 1446 1780; x_wconf 83' lang='grc' dir='ltr'><strong>τῇ</strong></span> <span class='ocrx_word' id='word_1_132' title='bbox 1482 1712 1576 1775; x_wconf 77' lang='grc' dir='ltr'>γῇ,</span> <span class='ocrx_word' id='word_1_133' title='bbox 1612 1710 1668 1761; x_wconf 81' lang='grc' dir='ltr'>ὲν</span> <span class='ocrx_word' id='word_1_134' title='bbox 1699 1709 1812 1772; x_wconf 73' lang='grc' dir='ltr'>τοῖς</span> <span class='ocrx_word' id='word_1_135' title='bbox 1839 1710 1934 1762; x_wconf 84' lang='grc' dir='ltr'>οὐ·</span> 
     </span>
    </p>
   </div>
   <div class='ocr_carea' id='block_1_19' title="bbox 339 1795 1938 1872">
    <p class='ocr_par' dir='ltr' id='par_1_19' title="bbox 339 1795 1938 1872">
     <span class='ocr_line' id='line_1_19' title="bbox 339 1795 1938 1872; baseline 0.001 -21"><span class='ocrx_word' id='word_1_136' title='bbox 339 1800 526 1869; x_wconf 79' lang='grc' dir='ltr'>ρανοτς</span> <span class='ocrx_word' id='word_1_137' title='bbox 569 1799 667 1852; x_wconf 73' lang='grc' dir='ltr'><strong>καὶ</strong></span> <span class='ocrx_word' id='word_1_138' title='bbox 697 1799 795 1852; x_wconf 79' lang='grc' dir='ltr'><strong>σῦν</strong></span> <span class='ocrx_word' id='word_1_139' title='bbox 822 1797 899 1868; x_wconf 82' lang='grc' dir='ltr'>τῷ</span> <span class='ocrx_word' id='word_1_140' title='bbox 928 1801 1104 1869; x_wconf 73' lang='grc' dir='ltr'>Πατρὶ</span> <span class='ocrx_word' id='word_1_141' title='bbox 1134 1801 1234 1853; x_wconf 83' lang='grc' dir='ltr'>οὐκ</span> <span class='ocrx_word' id='word_1_142' title='bbox 1269 1795 1357 1872; x_wconf 85' lang='grc' dir='ltr'>ἦν,</span> <span class='ocrx_word' id='word_1_143' title='bbox 1395 1799 1646 1870; x_wconf 83' lang='grc' dir='ltr'>ἀνάθεμα</span> <span class='ocrx_word' id='word_1_144' title='bbox 1680 1800 1840 1855; x_wconf 78' lang='grc' dir='ltr'>ἔστω.</span> <span class='ocrx_word' id='word_1_145' title='bbox 1871 1800 1938 1864; x_wconf 77' lang='lat' dir='ltr'><strong>Et;</strong></span> 
     </span>
    </p>
   </div>
   <div class='ocr_carea' id='block_1_20' title="bbox 341 1881 2016 1963">
    <p class='ocr_par' dir='ltr' id='par_1_20' title="bbox 341 1881 2016 1963">
     <span class='ocr_line' id='line_1_20' title="bbox 341 1881 2016 1963; baseline -0.001 -19"><span class='ocrx_word' id='word_1_146' title='bbox 341 1908 426 1953; x_wconf 87' lang='grc' dir='ltr'><strong>τις</strong></span> <span class='ocrx_word' id='word_1_147' title='bbox 471 1889 604 1962; x_wconf 83' lang='grc' dir='ltr'>εἴπῃ</span> <span class='ocrx_word' id='word_1_148' title='bbox 623 1891 708 1944; x_wconf 82' lang='grc' dir='ltr'>ὅτι</span> <span class='ocrx_word' id='word_1_149' title='bbox 754 1892 813 1943; x_wconf 81' lang='grc' dir='ltr'>ὲν</span> <span class='ocrx_word' id='word_1_150' title='bbox 843 1890 921 1960; x_wconf 83' lang='grc' dir='ltr'>τῷ</span> <span class='ocrx_word' id='word_1_151' title='bbox 955 1891 1120 1944; x_wconf 80' lang='grc' dir='ltr'>πάθει</span> <span class='ocrx_word' id='word_1_152' title='bbox 1150 1891 1248 1944; x_wconf 90' lang='grc' dir='ltr'><strong>τοῦ</strong></span> <span class='ocrx_word' id='word_1_153' title='bbox 1298 1890 1542 1963; x_wconf 89' lang='grc' dir='ltr'>σταυροῦ</span> <span class='ocrx_word' id='word_1_154' title='bbox 1593 1891 1694 1962; x_wconf 78' lang='grc' dir='ltr'>τὴν</span> <span class='ocrx_word' id='word_1_155' title='bbox 1745 1890 1942 1962; x_wconf 81' lang='grc' dir='ltr'><strong>ὀδύνην</strong></span> <span class='ocrx_word' id='word_1_156' title='bbox 1976 1881 2016 1934; x_wconf 83' lang='grc' dir='ltr'><strong>Β</strong></span> 
     </span>
    </p>
   </div>
   <div class='ocr_carea' id='block_1_21' title="bbox 344 1983 1943 2055">
    <p class='ocr_par' dir='ltr' id='par_1_21' title="bbox 344 1983 1943 2055">
     <span class='ocr_line' id='line_1_21' title="bbox 344 1983 1943 2055; baseline 0.001 -19"><span class='ocrx_word' id='word_1_157' title='bbox 344 1984 636 2052; x_wconf 83' lang='grc' dir='ltr'>ὑπέμεινεν</span> <span class='ocrx_word' id='word_1_158' title='bbox 667 1986 695 2038; x_wconf 89' lang='grc' dir='ltr'><strong>ό</strong></span> <span class='ocrx_word' id='word_1_159' title='bbox 730 1983 862 2047; x_wconf 74' lang='grc' dir='ltr'>Υἱὸς</span> <span class='ocrx_word' id='word_1_160' title='bbox 887 1983 983 2038; x_wconf 90' lang='grc' dir='ltr'><strong>τοῦ</strong></span> <span class='ocrx_word' id='word_1_161' title='bbox 1017 1983 1152 2037; x_wconf 88' lang='grc' dir='ltr'>Θεοῦ</span> <span class='ocrx_word' id='word_1_162' title='bbox 1186 1985 1282 2038; x_wconf 72' lang='grc' dir='ltr'><strong>καὶ</strong></span> <span class='ocrx_word' id='word_1_163' title='bbox 1314 1983 1446 2048; x_wconf 83' lang='grc' dir='ltr'>Θεὸς</span> <span class='ocrx_word' id='word_1_164' title='bbox 1473 1985 1669 2053; x_wconf 86' lang='grc' dir='ltr'>Λόγος,</span> <span class='ocrx_word' id='word_1_165' title='bbox 1696 1986 1796 2040; x_wconf 76' lang='grc' dir='ltr'><strong>καὶ</strong></span> <span class='ocrx_word' id='word_1_166' title='bbox 1819 1985 1943 2055; x_wconf 77' lang='grc' dir='ltr'>οὐχὶ</span> 
     </span>
    </p>
   </div>
   <div class='ocr_carea' id='block_1_22' title="bbox 342 2073 1943 2147">
    <p class='ocr_par' dir='ltr' id='par_1_22' title="bbox 342 2073 1943 2147">
     <span class='ocr_line' id='line_1_22' title="bbox 342 2073 1943 2147; baseline 0.002 -20"><span class='ocrx_word' id='word_1_167' title='bbox 342 2075 376 2144; x_wconf 78' lang='grc' dir='ltr'>ἡ</span> <span class='ocrx_word' id='word_1_168' title='bbox 413 2074 548 2143; x_wconf 81' lang='grc' dir='ltr'><strong>σάρξ</strong></span> <span class='ocrx_word' id='word_1_169' title='bbox 581 2073 680 2128; x_wconf 83' lang='grc' dir='ltr'><strong>σὺν</strong></span> <span class='ocrx_word' id='word_1_170' title='bbox 714 2077 778 2144; x_wconf 80' lang='grc' dir='ltr'>τῇ</span> <span class='ocrx_word' id='word_1_171' title='bbox 807 2074 953 2146; x_wconf 70' lang='grc' dir='ltr'>ψυχῇ</span> <span class='ocrx_word' id='word_1_172' title='bbox 979 2075 1156 2147; x_wconf 72' lang='grc' dir='ltr'>ἥνπερ</span> <span class='ocrx_word' id='word_1_173' title='bbox 1189 2075 1500 2140; x_wconf 65' lang='grc' dir='ltr'>ἐνεδύσατο,</span> <span class='ocrx_word' id='word_1_174' title='bbox 1535 2075 1570 2146; x_wconf 79' lang='grc' dir='ltr'>ἢ</span> <span class='ocrx_word' id='word_1_175' title='bbox 1599 2074 1787 2146; x_wconf 77' lang='grc' dir='ltr'>μορφὴ</span> <span class='ocrx_word' id='word_1_176' title='bbox 1818 2076 1943 2130; x_wconf 86' lang='grc' dir='ltr'>δού-</span> 
     </span>
    </p>
   </div>
   <div class='ocr_carea' id='block_1_23' title="bbox 339 2164 1939 2238">
    <p class='ocr_par' dir='ltr' id='par_1_23' title="bbox 339 2164 1939 2238">
     <span class='ocr_line' id='line_1_23' title="bbox 339 2164 1939 2238; baseline 0.004 -20"><span class='ocrx_word' id='word_1_177' title='bbox 339 2166 431 2218; x_wconf 84' lang='grc' dir='ltr'><strong>λου</strong></span> <span class='ocrx_word' id='word_1_178' title='bbox 453 2166 631 2236; x_wconf 72' lang='grc' dir='ltr'>ἥνπερ</span> <span class='ocrx_word' id='word_1_179' title='bbox 659 2166 840 2237; x_wconf 77' lang='grc' dir='ltr'>ἑαυτῷ</span> <span class='ocrx_word' id='word_1_180' title='bbox 862 2165 1148 2233; x_wconf 76' lang='grc' dir='ltr'>ἀνέλαϐεν,</span> <span class='ocrx_word' id='word_1_181' title='bbox 1177 2164 1252 2228; x_wconf 82' lang='grc' dir='ltr'>ὡς</span> <span class='ocrx_word' id='word_1_182' title='bbox 1265 2167 1489 2237; x_wconf 88' lang='grc' dir='ltr'>εἴρηκεν</span> <span class='ocrx_word' id='word_1_183' title='bbox 1515 2167 1546 2236; x_wconf 83' lang='grc' dir='ltr'>ἠ</span> <span class='ocrx_word' id='word_1_184' title='bbox 1569 2165 1698 2230; x_wconf 87' lang='grc' dir='ltr'>ἀγία</span> <span class='ocrx_word' id='word_1_185' title='bbox 1723 2166 1939 2238; x_wconf 68' lang='grc' dir='ltr'>Γραφὴν</span> 
     </span>
    </p>
   </div>
   <div class='ocr_carea' id='block_1_24' title="bbox 342 2257 1944 2332">
    <p class='ocr_par' dir='ltr' id='par_1_24' title="bbox 342 2257 1944 2332">
     <span class='ocr_line' id='line_1_24' title="bbox 342 2257 1944 2332; baseline -0.001 -19"><span class='ocrx_word' id='word_1_186' title='bbox 342 2260 594 2330; x_wconf 83' lang='grc' dir='ltr'>ἀνάθεμα</span> <span class='ocrx_word' id='word_1_187' title='bbox 627 2257 792 2312; x_wconf 76' lang='grc' dir='ltr'>ἔστω.</span> <span class='ocrx_word' id='word_1_188' title='bbox 827 2260 890 2312; x_wconf 83' lang='grc' dir='ltr'>Εἴ</span> <span class='ocrx_word' id='word_1_189' title='bbox 918 2276 1003 2323; x_wconf 90' lang='grc' dir='ltr'><strong>τις</strong></span> <span class='ocrx_word' id='word_1_190' title='bbox 1041 2257 1115 2330; x_wconf 83' lang='grc' dir='ltr'>μὴ</span> <span class='ocrx_word' id='word_1_191' title='bbox 1143 2259 1275 2332; x_wconf 78' lang='grc' dir='ltr'>εἴπῃ</span> <span class='ocrx_word' id='word_1_192' title='bbox 1303 2261 1397 2312; x_wconf 85' lang='grc' dir='ltr'><strong>τὸν</strong></span> <span class='ocrx_word' id='word_1_193' title='bbox 1425 2257 1561 2312; x_wconf 82' lang='grc' dir='ltr'>Θεοῦ</span> <span class='ocrx_word' id='word_1_194' title='bbox 1595 2259 1768 2326; x_wconf 89' lang='grc' dir='ltr'>Λόγον</span> <span class='ocrx_word' id='word_1_195' title='bbox 1834 2277 1944 2312; x_wconf 85' lang='grc' dir='ltr'>πα-</span> 
     </span>
    </p>
   </div>
   <div class='ocr_carea' id='block_1_25' title="bbox 344 2347 1941 2420">
    <p class='ocr_par' dir='ltr' id='par_1_25' title="bbox 344 2347 1941 2420">
     <span class='ocr_line' id='line_1_25' title="bbox 344 2347 1941 2420; baseline 0.001 -19"><span class='ocrx_word' id='word_1_196' title='bbox 344 2347 511 2402; x_wconf 72' lang='grc' dir='ltr'>θὸντα</span> <span class='ocrx_word' id='word_1_197' title='bbox 544 2347 709 2420; x_wconf 74' lang='grc' dir='ltr'>σαρκὶ</span> <span class='ocrx_word' id='word_1_198' title='bbox 751 2347 850 2402; x_wconf 71' lang='grc' dir='ltr'>καὶ</span> <span class='ocrx_word' id='word_1_199' title='bbox 889 2349 1311 2420; x_wconf 75' lang='grc' dir='ltr'>ἐσταυρωμένον</span> <span class='ocrx_word' id='word_1_200' title='bbox 1361 2353 1548 2420; x_wconf 84' lang='grc' dir='ltr'>σαρκὶ,</span> <span class='ocrx_word' id='word_1_201' title='bbox 1590 2350 1686 2403; x_wconf 75' lang='grc' dir='ltr'>καὶ</span> <span class='ocrx_word' id='word_1_202' title='bbox 1708 2349 1941 2404; x_wconf 88' lang='grc' dir='ltr'>θανάτου</span> 
     </span>
    </p>
   </div>
   <div class='ocr_carea' id='block_1_26' title="bbox 342 2441 1942 2515">
    <p class='ocr_par' dir='ltr' id='par_1_26' title="bbox 342 2441 1942 2515">
     <span class='ocr_line' id='line_1_26' title="bbox 342 2441 1942 2515; baseline 0.001 -20"><span class='ocrx_word' id='word_1_203' title='bbox 342 2443 688 2512; x_wconf 83' lang='grc' dir='ltr'>γευσάμενον</span> <span class='ocrx_word' id='word_1_204' title='bbox 723 2443 908 2512; x_wconf 66' lang='grc' dir='ltr'>σαρκὶ,</span> <span class='ocrx_word' id='word_1_205' title='bbox 943 2441 1210 2511; x_wconf 82' lang='grc' dir='ltr'>γεγονότα</span> <span class='ocrx_word' id='word_1_206' title='bbox 1244 2460 1303 2496; x_wconf 86' lang='grc' dir='ltr'><strong>τε</strong></span> <span class='ocrx_word' id='word_1_207' title='bbox 1339 2445 1687 2515; x_wconf 83' lang='grc' dir='ltr'>πρωτότοκον</span> <span class='ocrx_word' id='word_1_208' title='bbox 1734 2444 1799 2497; x_wconf 77' lang='grc' dir='ltr'>ἐκ</span> <span class='ocrx_word' id='word_1_209' title='bbox 1830 2444 1942 2497; x_wconf 85' lang='grc' dir='ltr'>τῶν</span> 
     </span>
    </p>
   </div>
   <div class='ocr_carea' id='block_1_27' title="bbox 345 2533 1943 2604">
    <p class='ocr_par' dir='ltr' id='par_1_27' title="bbox 345 2533 1943 2604">
     <span class='ocr_line' id='line_1_27' title="bbox 345 2533 1943 2604; baseline 0.002 -17"><span class='ocrx_word' id='word_1_210' title='bbox 345 2535 557 2604; x_wconf 84' lang='grc' dir='ltr'>νεκρῶν</span> <span class='ocrx_word' id='word_1_211' title='bbox 592 2533 730 2587; x_wconf 84' lang='grc' dir='ltr'>καθὸ</span> <span class='ocrx_word' id='word_1_212' title='bbox 753 2533 868 2604; x_wconf 76' lang='grc' dir='ltr'><strong>ζωή</strong></span> <span class='ocrx_word' id='word_1_213' title='bbox 907 2535 1026 2588; x_wconf 76' lang='grc' dir='ltr'>ἐστι</span> <span class='ocrx_word' id='word_1_214' title='bbox 1054 2537 1149 2588; x_wconf 73' lang='grc' dir='ltr'><strong>καὶ</strong></span> <span class='ocrx_word' id='word_1_215' title='bbox 1176 2535 1468 2602; x_wconf 77' lang='grc' dir='ltr'>ζωοποιὸς,</span> <span class='ocrx_word' id='word_1_216' title='bbox 1509 2536 1586 2600; x_wconf 86' lang='grc' dir='ltr'>ὡς</span> <span class='ocrx_word' id='word_1_217' title='bbox 1616 2537 1773 2602; x_wconf 84' lang='grc' dir='ltr'>Θεὸς,</span> <span class='ocrx_word' id='word_1_218' title='bbox 1813 2537 1943 2590; x_wconf 87' lang='grc' dir='ltr'>ἀνά-</span> 
     </span>
    </p>
   </div>
   <div class='ocr_carea' id='block_1_28' title="bbox 347 2622 1940 2696">
    <p class='ocr_par' dir='ltr' id='par_1_28' title="bbox 347 2622 1940 2696">
     <span class='ocr_line' id='line_1_28' title="bbox 347 2622 1940 2696; baseline 0.002 -19"><span class='ocrx_word' id='word_1_219' title='bbox 347 2624 492 2694; x_wconf 87' lang='grc' dir='ltr'>θεμα</span> <span class='ocrx_word' id='word_1_220' title='bbox 526 2622 691 2677; x_wconf 74' lang='grc' dir='ltr'>ἔστω.</span> <span class='ocrx_word' id='word_1_221' title='bbox 729 2622 795 2676; x_wconf 80' lang='grc' dir='ltr'>Εἴ</span> <span class='ocrx_word' id='word_1_222' title='bbox 820 2640 906 2686; x_wconf 86' lang='grc' dir='ltr'><strong>τις</strong></span> <span class='ocrx_word' id='word_1_223' title='bbox 943 2624 1017 2693; x_wconf 79' lang='grc' dir='ltr'>μὴ</span> <span class='ocrx_word' id='word_1_224' title='bbox 1062 2625 1191 2695; x_wconf 88' lang='grc' dir='ltr'>εἴπῃ</span> <span class='ocrx_word' id='word_1_225' title='bbox 1219 2625 1300 2678; x_wconf 80' lang='grc' dir='ltr'><strong>ὅτι</strong></span> <span class='ocrx_word' id='word_1_226' title='bbox 1337 2625 1395 2678; x_wconf 79' lang='grc' dir='ltr'>ὲν</span> <span class='ocrx_word' id='word_1_227' title='bbox 1420 2629 1485 2696; x_wconf 77' lang='grc' dir='ltr'>τῇ</span> <span class='ocrx_word' id='word_1_228' title='bbox 1517 2628 1685 2696; x_wconf 74' lang='grc' dir='ltr'>σαρκὶ</span> <span class='ocrx_word' id='word_1_229' title='bbox 1717 2627 1784 2695; x_wconf 77' lang='grc' dir='ltr'>ἣν</span> <span class='ocrx_word' id='word_1_230' title='bbox 1813 2629 1940 2680; x_wconf 82' lang='grc' dir='ltr'>ἀνέ-</span> 
     </span>
    </p>
   </div>
   <div class='ocr_carea' id='block_1_29' title="bbox 346 2713 1944 2794">
    <p class='ocr_par' dir='ltr' id='par_1_29' title="bbox 346 2713 1944 2794">
     <span class='ocr_line' id='line_1_29' title="bbox 346 2713 1944 2794; baseline 0.003 -24"><span class='ocrx_word' id='word_1_231' title='bbox 346 2717 502 2783; x_wconf 74' lang='grc' dir='ltr'>λαϐε,</span> <span class='ocrx_word' id='word_1_232' title='bbox 531 2717 823 2781; x_wconf 76' lang='grc' dir='ltr'>καθέζεται</span> <span class='ocrx_word' id='word_1_233' title='bbox 854 2719 912 2771; x_wconf 78' lang='grc' dir='ltr'>ἐν</span> <span class='ocrx_word' id='word_1_234' title='bbox 939 2717 1089 2784; x_wconf 77' lang='grc' dir='ltr'>δεξιᾷ</span> <span class='ocrx_word' id='word_1_235' title='bbox 1113 2717 1209 2770; x_wconf 91' lang='grc' dir='ltr'><strong>τοῦ</strong></span> <span class='ocrx_word' id='word_1_236' title='bbox 1239 2717 1472 2789; x_wconf 87' lang='grc' dir='ltr'>Πατρὸς,</span> <span class='ocrx_word' id='word_1_237' title='bbox 1507 2720 1564 2772; x_wconf 82' lang='grc' dir='ltr'>ὲν</span> <span class='ocrx_word' id='word_1_238' title='bbox 1669 2723 1764 2776; x_wconf 70' lang='grc' dir='ltr'><strong>καὶ</strong></span> <span class='ocrx_word' id='word_1_239' title='bbox 1791 2720 1944 2774; x_wconf 78' lang='grc' dir='ltr'>ἐλεύ-</span> 
     </span>
    </p>
   </div>
   <div class='ocr_carea' id='block_1_30' title="bbox 351 2812 1946 2884">
    <p class='ocr_par' dir='ltr' id='par_1_30' title="bbox 351 2812 1946 2884">
     <span class='ocr_line' id='line_1_30' title="bbox 351 2812 1946 2884; baseline 0.001 -17"><span class='ocrx_word' id='word_1_240' title='bbox 351 2831 502 2867; x_wconf 86' lang='grc' dir='ltr'>σεται</span> <span class='ocrx_word' id='word_1_241' title='bbox 538 2815 722 2884; x_wconf 89' lang='grc' dir='ltr'>κρῖναι</span> <span class='ocrx_word' id='word_1_242' title='bbox 758 2813 968 2876; x_wconf 78' lang='grc' dir='ltr'>ζῶντας</span> <span class='ocrx_word' id='word_1_243' title='bbox 997 2815 1091 2866; x_wconf 73' lang='grc' dir='ltr'><strong>καὶ</strong></span> <span class='ocrx_word' id='word_1_244' title='bbox 1117 2812 1368 2881; x_wconf 82' lang='grc' dir='ltr'>νεκροὺς,</span> <span class='ocrx_word' id='word_1_245' title='bbox 1407 2812 1660 2882; x_wconf 85' lang='grc' dir='ltr'>ἀνάθεμα</span> <span class='ocrx_word' id='word_1_246' title='bbox 1685 2814 1847 2868; x_wconf 75' lang='grc' dir='ltr'>ἔστω.</span> <span class='ocrx_word' id='word_1_247' title='bbox 1878 2815 1946 2869; x_wconf 77' lang='grc' dir='ltr'>Εἴ</span> 
     </span>
    </p>
   </div>
   <div class='ocr_carea' id='block_1_31' title="bbox 349 2901 1940 2979">
    <p class='ocr_par' dir='ltr' id='par_1_31' title="bbox 349 2901 1940 2979">
     <span class='ocr_line' id='line_1_31' title="bbox 349 2901 1940 2979; baseline -0.001 -18"><span class='ocrx_word' id='word_1_248' title='bbox 349 2926 434 2972; x_wconf 84' lang='grc' dir='ltr'><strong>τις</strong></span> <span class='ocrx_word' id='word_1_249' title='bbox 466 2908 542 2979; x_wconf 83' lang='grc' dir='ltr'>μὴ</span> <span class='ocrx_word' id='word_1_250' title='bbox 577 2906 706 2979; x_wconf 75' lang='grc' dir='ltr'>εἴπῃ</span> <span class='ocrx_word' id='word_1_251' title='bbox 747 2905 808 2960; x_wconf 86' lang='grc' dir='ltr'><strong>τὸ</strong></span> <span class='ocrx_word' id='word_1_252' title='bbox 873 2903 1101 2975; x_wconf 86' lang='grc' dir='ltr'>Πνεῦμα</span> <span class='ocrx_word' id='word_1_253' title='bbox 1130 2906 1186 2957; x_wconf 68' lang='grc' dir='ltr'><strong>τὸ</strong></span> <span class='ocrx_word' id='word_1_254' title='bbox 1213 2903 1370 2973; x_wconf 70' lang='grc' dir='ltr'>ἅγιον</span> <span class='ocrx_word' id='word_1_255' title='bbox 1394 2909 1454 2957; x_wconf 81' lang='grc' dir='ltr'>ὲκ</span> <span class='ocrx_word' id='word_1_256' title='bbox 1482 2904 1576 2959; x_wconf 90' lang='grc' dir='ltr'><strong>τοῦ</strong></span> <span class='ocrx_word' id='word_1_257' title='bbox 1609 2906 1824 2976; x_wconf 87' lang='grc' dir='ltr'>Πατρὸς</span> <span class='ocrx_word' id='word_1_258' title='bbox 1857 2901 1940 2959; x_wconf 78' lang='grc' dir='ltr'>εἴ·</span> 
     </span>
    </p>
   </div>
   <div class='ocr_carea' id='block_1_32' title="bbox 350 2995 1943 3068">
    <p class='ocr_par' dir='ltr' id='par_1_32' title="bbox 350 2995 1943 3068">
     <span class='ocr_line' id='line_1_32' title="bbox 350 2995 1943 3068; baseline -0.001 -17"><span class='ocrx_word' id='word_1_259' title='bbox 350 3018 438 3053; x_wconf 84' lang='grc' dir='ltr'><strong>ναι</strong></span> <span class='ocrx_word' id='word_1_260' title='bbox 464 2999 680 3068; x_wconf 79' lang='grc' dir='ltr'>ἀληθῶς</span> <span class='ocrx_word' id='word_1_261' title='bbox 709 2997 806 3050; x_wconf 73' lang='grc' dir='ltr'>καὶ</span> <span class='ocrx_word' id='word_1_262' title='bbox 826 2996 1054 3065; x_wconf 90' lang='grc' dir='ltr'>κυρίως,</span> <span class='ocrx_word' id='word_1_263' title='bbox 1086 2995 1162 3060; x_wconf 85' lang='grc' dir='ltr'>ὡς</span> <span class='ocrx_word' id='word_1_264' title='bbox 1190 2996 1285 3064; x_wconf 70' lang='grc' dir='ltr'>κα).</span> <span class='ocrx_word' id='word_1_265' title='bbox 1316 2995 1406 3048; x_wconf 84' lang='grc' dir='ltr'><strong>τὸν</strong></span> <span class='ocrx_word' id='word_1_266' title='bbox 1430 2997 1558 3050; x_wconf 84' lang='grc' dir='ltr'>Υίὸν</span> <span class='ocrx_word' id='word_1_267' title='bbox 1580 2999 1644 3067; x_wconf 62' lang='grc' dir='ltr'>ἐκ</span> <span class='ocrx_word' id='word_1_268' title='bbox 1668 3001 1766 3066; x_wconf 81' lang='grc' dir='ltr'>τῆς</span> <span class='ocrx_word' id='word_1_269' title='bbox 1789 2997 1943 3061; x_wconf 82' lang='grc' dir='ltr'>θείας</span> 
     </span>
    </p>
   </div>
   <div class='ocr_carea' id='block_1_33' title="bbox 349 3087 1942 3157">
    <p class='ocr_par' dir='ltr' id='par_1_33' title="bbox 349 3087 1942 3157">
     <span class='ocr_line' id='line_1_33' title="bbox 349 3087 1942 3157; baseline -0.004 -12"><span class='ocrx_word' id='word_1_270' title='bbox 349 3089 538 3154; x_wconf 80' lang='grc' dir='ltr'>οὐσίας</span> <span class='ocrx_word' id='word_1_271' title='bbox 567 3091 664 3143; x_wconf 74' lang='grc' dir='ltr'><strong>καὶ</strong></span> <span class='ocrx_word' id='word_1_272' title='bbox 693 3089 829 3142; x_wconf 87' lang='grc' dir='ltr'>Θεὸν</span> <span class='ocrx_word' id='word_1_273' title='bbox 878 3087 1013 3140; x_wconf 85' lang='grc' dir='ltr'>Θεοῦ</span> <span class='ocrx_word' id='word_1_274' title='bbox 1055 3087 1250 3156; x_wconf 81' lang='grc' dir='ltr'>Λόγον,</span> <span class='ocrx_word' id='word_1_275' title='bbox 1285 3087 1537 3157; x_wconf 82' lang='grc' dir='ltr'>ἀνάθεμα</span> <span class='ocrx_word' id='word_1_276' title='bbox 1564 3087 1726 3141; x_wconf 82' lang='grc' dir='ltr'>ἔστω.</span> <span class='ocrx_word' id='word_1_277' title='bbox 1753 3087 1824 3141; x_wconf 85' lang='grc' dir='ltr'><strong>Εἴ</strong></span> <span class='ocrx_word' id='word_1_278' title='bbox 1855 3107 1942 3151; x_wconf 83' lang='grc' dir='ltr'><strong>τις</strong></span> 
     </span>
    </p>
   </div>
   <div class='ocr_carea' id='block_1_34' title="bbox 353 3179 1944 3254">
    <p class='ocr_par' dir='ltr' id='par_1_34' title="bbox 353 3179 1944 3254">
     <span class='ocr_line' id='line_1_34' title="bbox 353 3179 1944 3254; baseline -0.007 -16"><span class='ocrx_word' id='word_1_279' title='bbox 353 3184 428 3254; x_wconf 80' lang='grc' dir='ltr'>μὴ</span> <span class='ocrx_word' id='word_1_280' title='bbox 467 3183 598 3254; x_wconf 84' lang='grc' dir='ltr'>εἴπῃ</span> <span class='ocrx_word' id='word_1_281' title='bbox 643 3183 822 3235; x_wconf 87' lang='grc' dir='ltr'>πάντα</span> <span class='ocrx_word' id='word_1_282' title='bbox 863 3180 1125 3235; x_wconf 87' lang='grc' dir='ltr'>δύνασθαι</span> <span class='ocrx_word' id='word_1_283' title='bbox 1149 3180 1209 3234; x_wconf 79' lang='grc' dir='ltr'><strong>τὸ</strong></span> <span class='ocrx_word' id='word_1_284' title='bbox 1244 3179 1470 3250; x_wconf 78' lang='grc' dir='ltr'>Πνεῦμα</span> <span class='ocrx_word' id='word_1_285' title='bbox 1520 3180 1580 3232; x_wconf 86' lang='grc' dir='ltr'><strong>τὸ</strong></span> <span class='ocrx_word' id='word_1_286' title='bbox 1629 3181 1805 3250; x_wconf 76' lang='grc' dir='ltr'>ἅγιον,</span> <span class='ocrx_word' id='word_1_287' title='bbox 1851 3185 1944 3235; x_wconf 74' lang='grc' dir='ltr'><strong>καὶ</strong></span> 
     </span>
    </p>
   </div>
   <div class='ocr_carea' id='block_1_35' title="bbox 353 3272 1944 3344">
    <p class='ocr_par' dir='ltr' id='par_1_35' title="bbox 353 3272 1944 3344">
     <span class='ocr_line' id='line_1_35' title="bbox 353 3272 1944 3344; baseline -0.003 -13"><span class='ocrx_word' id='word_1_288' title='bbox 353 3277 532 3331; x_wconf 88' lang='grc' dir='ltr'>πάντα</span> <span class='ocrx_word' id='word_1_289' title='bbox 577 3275 798 3340; x_wconf 66' lang='grc' dir='ltr'>εἰδέναι,</span> <span class='ocrx_word' id='word_1_290' title='bbox 827 3275 926 3327; x_wconf 69' lang='grc' dir='ltr'><strong>καὶ</strong></span> <span class='ocrx_word' id='word_1_291' title='bbox 954 3272 1233 3342; x_wconf 85' lang='grc' dir='ltr'>πανταχοῦ</span> <span class='ocrx_word' id='word_1_292' title='bbox 1275 3276 1557 3344; x_wconf 81' lang='grc' dir='ltr'>παρεῖναι,</span> <span class='ocrx_word' id='word_1_293' title='bbox 1601 3273 1680 3337; x_wconf 82' lang='grc' dir='ltr'>ὡς</span> <span class='ocrx_word' id='word_1_294' title='bbox 1721 3276 1814 3327; x_wconf 73' lang='grc' dir='ltr'><strong>καὶ</strong></span> <span class='ocrx_word' id='word_1_295' title='bbox 1852 3275 1944 3326; x_wconf 77' lang='grc' dir='ltr'><strong>τὸν</strong></span> 
     </span>
    </p>
   </div>
   <div class='ocr_carea' id='block_1_36' title="bbox 349 3368 1945 3440">
    <p class='ocr_par' dir='ltr' id='par_1_36' title="bbox 349 3368 1945 3440">
     <span class='ocr_line' id='line_1_36' title="bbox 349 3368 1945 3440; baseline -0.003 -14"><span class='ocrx_word' id='word_1_296' title='bbox 349 3371 480 3426; x_wconf 82' lang='grc' dir='ltr'>Υίὸν</span> <span class='ocrx_word' id='word_1_297' title='bbox 508 3371 603 3425; x_wconf 77' lang='grc' dir='ltr'><strong>καὶ</strong></span> <span class='ocrx_word' id='word_1_298' title='bbox 633 3369 727 3424; x_wconf 83' lang='grc' dir='ltr'><strong>τὸν</strong></span> <span class='ocrx_word' id='word_1_299' title='bbox 759 3369 1004 3440; x_wconf 80' lang='grc' dir='ltr'>Πατέρα,</span> <span class='ocrx_word' id='word_1_300' title='bbox 1039 3368 1294 3438; x_wconf 76' lang='grc' dir='ltr'>ἀνάθεμα</span> <span class='ocrx_word' id='word_1_301' title='bbox 1321 3368 1482 3424; x_wconf 69' lang='grc' dir='ltr'>ἔστω.</span> <span class='ocrx_word' id='word_1_302' title='bbox 1505 3368 1570 3421; x_wconf 84' lang='grc' dir='ltr'>Εἴ</span> <span class='ocrx_word' id='word_1_303' title='bbox 1594 3386 1678 3434; x_wconf 87' lang='grc' dir='ltr'><strong>τις</strong></span> <span class='ocrx_word' id='word_1_304' title='bbox 1711 3371 1854 3424; x_wconf 87' lang='grc' dir='ltr'>εἴποι</span> <span class='ocrx_word' id='word_1_305' title='bbox 1883 3369 1945 3422; x_wconf 87' lang='grc' dir='ltr'><strong>τὸ</strong></span> 
     </span>
    </p>
   </div>
   <div class='ocr_carea' id='block_1_37' title="bbox 352 3462 1941 3538">
    <p class='ocr_par' dir='ltr' id='par_1_37' title="bbox 352 3462 1941 3538">
     <span class='ocr_line' id='line_1_37' title="bbox 352 3462 1941 3538; baseline -0.003 -17"><span class='ocrx_word' id='word_1_306' title='bbox 352 3467 582 3538; x_wconf 88' lang='grc' dir='ltr'>Πνεῦμα</span> <span class='ocrx_word' id='word_1_307' title='bbox 603 3466 663 3520; x_wconf 86' lang='grc' dir='ltr'><strong>τὸ</strong></span> <span class='ocrx_word' id='word_1_308' title='bbox 691 3465 848 3534; x_wconf 76' lang='grc' dir='ltr'>ἅγιον</span> <span class='ocrx_word' id='word_1_309' title='bbox 868 3466 1104 3535; x_wconf 86' lang='grc' dir='ltr'>ποίημα,</span> <span class='ocrx_word' id='word_1_310' title='bbox 1135 3463 1168 3534; x_wconf 81' lang='grc' dir='ltr'>ἢ</span> <span class='ocrx_word' id='word_1_311' title='bbox 1194 3463 1284 3516; x_wconf 75' lang='grc' dir='ltr'>διὰ</span> <span class='ocrx_word' id='word_1_312' title='bbox 1305 3462 1398 3518; x_wconf 88' lang='grc' dir='ltr'><strong>τοῦ</strong></span> <span class='ocrx_word' id='word_1_313' title='bbox 1426 3463 1556 3517; x_wconf 84' lang='grc' dir='ltr'>Υίοῦ</span> <span class='ocrx_word' id='word_1_314' title='bbox 1588 3464 1941 3533; x_wconf 84' lang='grc' dir='ltr'>γεγενῆσθαι,</span> 
     </span>
    </p>
   </div>
   <div class='ocr_carea' id='block_1_38' title="bbox 351 3556 1942 3630">
    <p class='ocr_par' dir='ltr' id='par_1_38' title="bbox 351 3556 1942 3630">
     <span class='ocr_line' id='line_1_38' title="bbox 351 3556 1942 3630; baseline -0.003 -16"><span class='ocrx_word' id='word_1_315' title='bbox 351 3561 602 3630; x_wconf 83' lang='grc' dir='ltr'>ἀνάθεμα</span> <span class='ocrx_word' id='word_1_316' title='bbox 631 3559 793 3615; x_wconf 78' lang='grc' dir='ltr'>ἔστω.</span> <span class='ocrx_word' id='word_1_317' title='bbox 829 3559 894 3612; x_wconf 81' lang='grc' dir='ltr'>Εἴ</span> <span class='ocrx_word' id='word_1_318' title='bbox 939 3575 1022 3622; x_wconf 89' lang='grc' dir='ltr'><strong>τις</strong></span> <span class='ocrx_word' id='word_1_319' title='bbox 1072 3558 1149 3628; x_wconf 82' lang='grc' dir='ltr'><strong>μὴ</strong></span> <span class='ocrx_word' id='word_1_320' title='bbox 1182 3557 1313 3629; x_wconf 86' lang='grc' dir='ltr'>εἴπῃ</span> <span class='ocrx_word' id='word_1_321' title='bbox 1351 3558 1527 3611; x_wconf 86' lang='grc' dir='ltr'>πάντα</span> <span class='ocrx_word' id='word_1_322' title='bbox 1555 3557 1644 3612; x_wconf 76' lang='grc' dir='ltr'>διὰ</span> <span class='ocrx_word' id='word_1_323' title='bbox 1675 3556 1769 3610; x_wconf 89' lang='grc' dir='ltr'><strong>τοῦ</strong></span> <span class='ocrx_word' id='word_1_324' title='bbox 1804 3557 1942 3610; x_wconf 85' lang='grc' dir='ltr'>Υἱοῦ</span> 
     </span>
    </p>
   </div>
   <div class='ocr_carea' id='block_1_39' title="bbox 353 3650 1941 3722">
    <p class='ocr_par' dir='ltr' id='par_1_39' title="bbox 353 3650 1941 3722">
     <span class='ocr_line' id='line_1_39' title="bbox 353 3650 1941 3722; baseline -0.002 -15"><span class='ocrx_word' id='word_1_325' title='bbox 353 3654 452 3707; x_wconf 80' lang='grc' dir='ltr'>καὶ</span> <span class='ocrx_word' id='word_1_326' title='bbox 480 3653 576 3706; x_wconf 90' lang='grc' dir='ltr'><strong>τοῦ</strong></span> <span class='ocrx_word' id='word_1_327' title='bbox 609 3653 766 3722; x_wconf 81' lang='grc' dir='ltr'>ἁγίου</span> <span class='ocrx_word' id='word_1_328' title='bbox 808 3650 1133 3722; x_wconf 87' lang='grc' dir='ltr'>Πνεύματος</span> <span class='ocrx_word' id='word_1_329' title='bbox 1162 3652 1253 3705; x_wconf 83' lang='grc' dir='ltr'><strong>τόν</strong></span> <span class='ocrx_word' id='word_1_330' title='bbox 1300 3651 1522 3721; x_wconf 80' lang='grc' dir='ltr'>Πατέρα</span> <span class='ocrx_word' id='word_1_331' title='bbox 1558 3651 1941 3717; x_wconf 83' lang='grc' dir='ltr'>πεποιηκέναι,</span> 
     </span>
    </p>
   </div>
   <div class='ocr_carea' id='block_1_40' title="bbox 350 3742 1952 3814">
    <p class='ocr_par' dir='ltr' id='par_1_40' title="bbox 350 3742 1952 3814">
     <span class='ocr_line' id='line_1_40' title="bbox 350 3742 1952 3814; baseline -0.001 -16"><span class='ocrx_word' id='word_1_332' title='bbox 350 3746 607 3800; x_wconf 85' lang='grc' dir='ltr'>τουτέστι</span> <span class='ocrx_word' id='word_1_333' title='bbox 636 3745 706 3798; x_wconf 87' lang='grc' dir='ltr'><strong>τά</strong></span> <span class='ocrx_word' id='word_1_334' title='bbox 740 3745 911 3814; x_wconf 78' lang='grc' dir='ltr'>ὀρατά</span> <span class='ocrx_word' id='word_1_335' title='bbox 945 3745 1041 3797; x_wconf 76' lang='grc' dir='ltr'>καὶ</span> <span class='ocrx_word' id='word_1_336' title='bbox 1065 3746 1132 3800; x_wconf 86' lang='grc' dir='ltr'><strong>τά</strong></span> <span class='ocrx_word' id='word_1_337' title='bbox 1154 3744 1385 3813; x_wconf 81' lang='grc' dir='ltr'>ἀόρατα,</span> <span class='ocrx_word' id='word_1_338' title='bbox 1417 3743 1667 3814; x_wconf 82' lang='grc' dir='ltr'>ἀνάθεμα</span> <span class='ocrx_word' id='word_1_339' title='bbox 1691 3742 1851 3797; x_wconf 80' lang='grc' dir='ltr'>ἔστω.</span> <span class='ocrx_word' id='word_1_340' title='bbox 1885 3744 1952 3796; x_wconf 78' lang='grc' dir='ltr'>Εἴ</span> 
     </span>
    </p>
   </div>
   <div class='ocr_carea' id='block_1_41' title="bbox 353 3834 1946 3912">
    <p class='ocr_par' dir='ltr' id='par_1_41' title="bbox 353 3834 1946 3912">
     <span class='ocr_line' id='line_1_41' title="bbox 353 3834 1946 3912; baseline -0.004 -18"><span class='ocrx_word' id='word_1_341' title='bbox 353 3857 439 3903; x_wconf 87' lang='grc' dir='ltr'><strong>τις</strong></span> <span class='ocrx_word' id='word_1_342' title='bbox 466 3839 541 3912; x_wconf 80' lang='grc' dir='ltr'>μὴ</span> <span class='ocrx_word' id='word_1_343' title='bbox 571 3840 705 3910; x_wconf 82' lang='grc' dir='ltr'>εἴπῃ</span> <span class='ocrx_word' id='word_1_344' title='bbox 734 3837 830 3894; x_wconf 80' lang='grc' dir='ltr'><strong>τοῦ</strong></span> <span class='ocrx_word' id='word_1_345' title='bbox 867 3837 1081 3906; x_wconf 87' lang='grc' dir='ltr'>Πατρὸς</span> <span class='ocrx_word' id='word_1_346' title='bbox 1113 3835 1207 3889; x_wconf 76' lang='grc' dir='ltr'><strong>καὶ</strong></span> <span class='ocrx_word' id='word_1_347' title='bbox 1243 3834 1338 3888; x_wconf 92' lang='grc' dir='ltr'><strong>τοῦ</strong></span> <span class='ocrx_word' id='word_1_348' title='bbox 1380 3835 1512 3889; x_wconf 69' lang='lat' dir='ltr'><strong>nos</strong></span> <span class='ocrx_word' id='word_1_349' title='bbox 1542 3836 1747 3890; x_wconf 73' lang='grc' dir='ltr'>καὶτοῦ</span> <span class='ocrx_word' id='word_1_350' title='bbox 1787 3836 1946 3904; x_wconf 83' lang='grc' dir='ltr'>ἁγίου</span> 
     </span>
    </p>
   </div>
   <div class='ocr_carea' id='block_1_42' title="bbox 352 3928 1948 4002">
    <p class='ocr_par' dir='ltr' id='par_1_42' title="bbox 352 3928 1948 4002">
     <span class='ocr_line' id='line_1_42' title="bbox 352 3928 1948 4002; baseline -0.002 -16"><span class='ocrx_word' id='word_1_351' title='bbox 352 3933 668 4002; x_wconf 81' lang='grc' dir='ltr'>Πνεύμντος</span> <span class='ocrx_word' id='word_1_352' title='bbox 705 3933 837 4001; x_wconf 77' lang='grc' dir='ltr'>μίαν</span> <span class='ocrx_word' id='word_1_353' title='bbox 871 3929 1103 3999; x_wconf 78' lang='grc' dir='ltr'>θεότητα</span> <span class='ocrx_word' id='word_1_354' title='bbox 1130 3968 1146 3995; x_wconf 96' lang='grc'><strong>,</strong></span> <span class='ocrx_word' id='word_1_355' title='bbox 1175 3928 1447 3994; x_wconf 71' lang='grc' dir='ltr'>ἐξουσίαν,</span> <span class='ocrx_word' id='word_1_356' title='bbox 1478 3929 1754 4000; x_wconf 84' lang='grc' dir='ltr'>θειότητα,</span> <span class='ocrx_word' id='word_1_357' title='bbox 1788 3929 1948 3983; x_wconf 82' lang='grc' dir='ltr'>δυνα-</span> 
     </span>
    </p>
   </div>
   <div class='ocr_carea' id='block_1_43' title="bbox 355 4023 1947 4095">
    <p class='ocr_par' dir='ltr' id='par_1_43' title="bbox 355 4023 1947 4095">
     <span class='ocr_line' id='line_1_43' title="bbox 355 4023 1947 4095; baseline -0.004 -15"><span class='ocrx_word' id='word_1_358' title='bbox 355 4027 561 4093; x_wconf 86' lang='grc' dir='ltr'>στείαν,</span> <span class='ocrx_word' id='word_1_359' title='bbox 593 4025 724 4095; x_wconf 89' lang='grc' dir='ltr'>μίαν</span> <span class='ocrx_word' id='word_1_360' title='bbox 754 4024 939 4088; x_wconf 79' lang='grc' dir='ltr'>δόξαν,</span> <span class='ocrx_word' id='word_1_361' title='bbox 968 4027 1288 4094; x_wconf 78' lang='grc' dir='ltr'>κυριότητα,</span> <span class='ocrx_word' id='word_1_362' title='bbox 1316 4024 1446 4094; x_wconf 85' lang='grc' dir='ltr'>μίαν</span> <span class='ocrx_word' id='word_1_363' title='bbox 1483 4023 1785 4093; x_wconf 82' lang='grc' dir='ltr'>βασιλείαν,</span> <span class='ocrx_word' id='word_1_364' title='bbox 1818 4025 1947 4092; x_wconf 83' lang='grc' dir='ltr'>μίαν</span> 
     </span>
    </p>
   </div>
   <div class='ocr_carea' id='block_1_44' title="bbox 353 4113 1950 4190">
    <p class='ocr_par' dir='ltr' id='par_1_44' title="bbox 353 4113 1950 4190">
     <span class='ocr_line' id='line_1_44' title="bbox 353 4113 1950 4190; baseline -0.003 -18"><span class='ocrx_word' id='word_1_365' title='bbox 353 4118 596 4190; x_wconf 83' lang='grc' dir='ltr'>θέλησιν,</span> <span class='ocrx_word' id='word_1_366' title='bbox 633 4118 728 4172; x_wconf 74' lang='grc' dir='ltr'><strong>καὶ</strong></span> <span class='ocrx_word' id='word_1_367' title='bbox 780 4115 1064 4188; x_wconf 84' lang='grc' dir='ltr'>ἀλήθειαν,</span> <span class='ocrx_word' id='word_1_368' title='bbox 1115 4114 1370 4184; x_wconf 86' lang='grc' dir='ltr'>ἀνάθεμα</span> <span class='ocrx_word' id='word_1_369' title='bbox 1404 4114 1563 4168; x_wconf 76' lang='grc' dir='ltr'>ἔστω.</span> <span class='ocrx_word' id='word_1_370' title='bbox 1618 4113 1688 4168; x_wconf 78' lang='grc' dir='ltr'>Εἴ</span> <span class='ocrx_word' id='word_1_371' title='bbox 1706 4131 1793 4178; x_wconf 86' lang='grc' dir='ltr'><strong>τις</strong></span> <span class='ocrx_word' id='word_1_372' title='bbox 1820 4115 1950 4184; x_wconf 89' lang='grc' dir='ltr'>τρία</span> 
     </span>
    </p>
   </div>
   <div class='ocr_carea' id='block_1_45' title="bbox 353 4204 1950 4281">
    <p class='ocr_par' dir='ltr' id='par_1_45' title="bbox 353 4204 1950 4281">
     <span class='ocr_line' id='line_1_45' title="bbox 353 4204 1950 4281; baseline -0.003 -17"><span class='ocrx_word' id='word_1_373' title='bbox 353 4211 629 4280; x_wconf 85' lang='grc' dir='ltr'>πρόσωπα</span> <span class='ocrx_word' id='word_1_374' title='bbox 664 4209 739 4281; x_wconf 85' lang='grc' dir='ltr'>μὴ</span> <span class='ocrx_word' id='word_1_375' title='bbox 770 4208 902 4281; x_wconf 83' lang='grc' dir='ltr'>εἴπῃ</span> <span class='ocrx_word' id='word_1_376' title='bbox 937 4207 1168 4279; x_wconf 84' lang='grc' dir='ltr'>ἀληθινά</span> <span class='ocrx_word' id='word_1_377' title='bbox 1195 4207 1289 4260; x_wconf 91' lang='grc' dir='ltr'><strong>τοῦ</strong></span> <span class='ocrx_word' id='word_1_378' title='bbox 1319 4207 1534 4278; x_wconf 85' lang='grc' dir='ltr'>Πατρὸς</span> <span class='ocrx_word' id='word_1_379' title='bbox 1565 4206 1660 4258; x_wconf 76' lang='grc' dir='ltr'>καὶ</span> <span class='ocrx_word' id='word_1_380' title='bbox 1690 4204 1785 4259; x_wconf 89' lang='grc' dir='ltr'><strong>τοῦ</strong></span> <span class='ocrx_word' id='word_1_381' title='bbox 1816 4206 1950 4260; x_wconf 87' lang='grc' dir='ltr'>Υίοῦ</span> 
     </span>
    </p>
   </div>
   <div class='ocr_carea' id='block_1_46' title="bbox 355 4295 1950 4370">
    <p class='ocr_par' dir='ltr' id='par_1_46' title="bbox 355 4295 1950 4370">
     <span class='ocr_line' id='line_1_46' title="bbox 355 4295 1950 4370; baseline -0.003 -14"><span class='ocrx_word' id='word_1_382' title='bbox 355 4304 454 4356; x_wconf 71' lang='grc' dir='ltr'><strong>καὶ</strong></span> <span class='ocrx_word' id='word_1_383' title='bbox 483 4301 579 4356; x_wconf 89' lang='grc' dir='ltr'><strong>τοῦ</strong></span> <span class='ocrx_word' id='word_1_384' title='bbox 618 4301 780 4369; x_wconf 85' lang='grc' dir='ltr'>ἁγίου</span> <span class='ocrx_word' id='word_1_385' title='bbox 817 4300 1158 4370; x_wconf 83' lang='grc' dir='ltr'>Πνεύματος,</span> <span class='ocrx_word' id='word_1_386' title='bbox 1179 4295 1306 4363; x_wconf 80' lang='grc' dir='ltr'>ἴσα,</span> <span class='ocrx_word' id='word_1_387' title='bbox 1337 4297 1426 4350; x_wconf 70' lang='grc' dir='ltr'><strong>ἀεὶ</strong></span> <span class='ocrx_word' id='word_1_388' title='bbox 1459 4298 1659 4362; x_wconf 83' lang='grc' dir='ltr'>ζῶντα,</span> <span class='ocrx_word' id='word_1_389' title='bbox 1682 4298 1750 4352; x_wconf 89' lang='grc' dir='ltr'><strong>τά</strong></span> <span class='ocrx_word' id='word_1_390' title='bbox 1772 4300 1950 4354; x_wconf 88' lang='grc' dir='ltr'>πάντα</span> 
     </span>
    </p>
   </div>
   <div class='ocr_carea' id='block_1_47' title="bbox 357 4391 1949 4465">
    <p class='ocr_par' dir='ltr' id='par_1_47' title="bbox 357 4391 1949 4465">
     <span class='ocr_line' id='line_1_47' title="bbox 357 4391 1949 4465; baseline -0.003 -17"><span class='ocrx_word' id='word_1_391' title='bbox 357 4397 658 4465; x_wconf 81' lang='grc' dir='ltr'>κατέχοντα</span> <span class='ocrx_word' id='word_1_392' title='bbox 693 4393 757 4445; x_wconf 86' lang='grc' dir='ltr'><strong>τά</strong></span> <span class='ocrx_word' id='word_1_393' title='bbox 791 4392 964 4463; x_wconf 82' lang='grc' dir='ltr'>ὀρατά</span> <span class='ocrx_word' id='word_1_394' title='bbox 992 4391 1170 4445; x_wconf 77' lang='grc' dir='ltr'>καὶτὰ</span> <span class='ocrx_word' id='word_1_395' title='bbox 1197 4391 1430 4460; x_wconf 84' lang='grc' dir='ltr'>ἀόρατα,</span> <span class='ocrx_word' id='word_1_396' title='bbox 1458 4392 1635 4445; x_wconf 90' lang='grc' dir='ltr'>πάντα</span> <span class='ocrx_word' id='word_1_397' title='bbox 1652 4391 1949 4462; x_wconf 86' lang='grc' dir='ltr'>δυνάμενα,</span> 
     </span>
    </p>
   </div>
   <div class='ocr_carea' id='block_1_48' title="bbox 355 4478 1955 4552">
    <p class='ocr_par' dir='ltr' id='par_1_48' title="bbox 355 4478 1955 4552">
     <span class='ocr_line' id='line_1_48' title="bbox 355 4478 1955 4552; baseline -0.001 -16"><span class='ocrx_word' id='word_1_398' title='bbox 355 4485 541 4538; x_wconf 82' lang='grc' dir='ltr'>πάντα</span> <span class='ocrx_word' id='word_1_399' title='bbox 563 4483 841 4552; x_wconf 87' lang='grc' dir='ltr'>κρίνοντα,</span> <span class='ocrx_word' id='word_1_400' title='bbox 859 4481 1037 4535; x_wconf 85' lang='grc' dir='ltr'>πάντα</span> <span class='ocrx_word' id='word_1_401' title='bbox 1066 4478 1464 4544; x_wconf 85' lang='grc' dir='ltr'>ζωοποιοῦντα,</span> <span class='ocrx_word' id='word_1_402' title='bbox 1491 4482 1671 4535; x_wconf 89' lang='grc' dir='ltr'>πάντα</span> <span class='ocrx_word' id='word_1_403' title='bbox 1690 4481 1955 4551; x_wconf 75' lang='grc' dir='ltr'>δημιουρ·</span> 
     </span>
    </p>
   </div>
   <div class='ocr_carea' id='block_1_49' title="bbox 2029 599 3626 674">
    <p class='ocr_par' dir='ltr' id='par_1_49' title="bbox 2029 599 3626 674">
     <span class='ocr_line' id='line_1_49' title="bbox 2029 599 3626 674; baseline -0.003 -16"><span class='ocrx_word' id='word_1_404' title='bbox 2029 604 2084 658; x_wconf 89' lang='lat' dir='ltr'><strong>in</strong></span> <span class='ocrx_word' id='word_1_405' title='bbox 2111 603 2319 674; x_wconf 88' lang='lat' dir='ltr'><strong>quibus</strong></span> <span class='ocrx_word' id='word_1_406' title='bbox 2346 603 2585 674; x_wconf 90' lang='lat' dir='ltr'><strong>primum</strong></span> <span class='ocrx_word' id='word_1_407' title='bbox 2608 599 2848 656; x_wconf 73' lang='lat' dir='ltr'><strong>ordinati</strong></span> <span class='ocrx_word' id='word_1_408' title='bbox 2871 608 3021 663; x_wconf 88' lang='lat' dir='ltr'><strong>sunt,</strong></span> <span class='ocrx_word' id='word_1_409' title='bbox 3053 599 3221 654; x_wconf 88' lang='lat' dir='ltr'><strong>urbes</strong></span> <span class='ocrx_word' id='word_1_410' title='bbox 3245 607 3626 654; x_wconf 79' lang='lat' dir='ltr'><strong>revertantur.</strong></span> 
     </span>
    </p>
   </div>
   <div class='ocr_carea' id='block_1_50' title="bbox 2029 689 3627 766">
    <p class='ocr_par' dir='ltr' id='par_1_50' title="bbox 2029 689 3627 766">
     <span class='ocr_line' id='line_1_50' title="bbox 2029 689 3627 766; baseline -0.004 -15"><span class='ocrx_word' id='word_1_411' title='bbox 2029 695 2086 751; x_wconf 91' lang='lat' dir='ltr'><strong>Si</strong></span> <span class='ocrx_word' id='word_1_412' title='bbox 2104 698 2229 766; x_wconf 86' lang='lat' dir='ltr'><strong>quis</strong></span> <span class='ocrx_word' id='word_1_413' title='bbox 2243 710 2396 761; x_wconf 89' lang='lat' dir='ltr'><strong>vero,</strong></span> <span class='ocrx_word' id='word_1_414' title='bbox 2415 697 2544 762; x_wconf 88' lang='lat' dir='ltr'><strong>alio,</strong></span> <span class='ocrx_word' id='word_1_415' title='bbox 2564 709 2630 748; x_wconf 79' lang='lat' dir='ltr'><strong>ex</strong></span> <span class='ocrx_word' id='word_1_416' title='bbox 2647 709 2762 748; x_wconf 91' lang='lat' dir='ltr'><strong>uno</strong></span> <span class='ocrx_word' id='word_1_417' title='bbox 2787 693 2910 747; x_wconf 91' lang='lat' dir='ltr'><strong>loco</strong></span> <span class='ocrx_word' id='word_1_418' title='bbox 2933 689 3182 757; x_wconf 66' lang='lat' dir='ltr'><strong>infalium</strong></span> <span class='ocrx_word' id='word_1_419' title='bbox 3207 697 3555 753; x_wconf 92' lang='lat' dir='ltr'><strong>transeunte,</strong></span> <span class='ocrx_word' id='word_1_420' title='bbox 3574 692 3627 744; x_wconf 89' lang='lat' dir='ltr'><strong>in</strong></span> 
     </span>
    </p>
   </div>
   <div class='ocr_carea' id='block_1_51' title="bbox 2048 782 3633 854">
    <p class='ocr_par' dir='ltr' id='par_1_51' title="bbox 2048 782 3633 854">
     <span class='ocr_line' id='line_1_51' title="bbox 2048 782 3633 854; baseline -0.004 -11"><span class='ocrx_word' id='word_1_421' title='bbox 2048 789 2196 844; x_wconf 91' lang='lat' dir='ltr'><strong>illius</strong></span> <span class='ocrx_word' id='word_1_422' title='bbox 2212 787 2395 842; x_wconf 88' lang='lat' dir='ltr'><strong>adhuc</strong></span> <span class='ocrx_word' id='word_1_423' title='bbox 2415 786 2649 842; x_wconf 75' lang='lat' dir='ltr'><strong>viventis</strong></span> <span class='ocrx_word' id='word_1_424' title='bbox 2675 785 2853 840; x_wconf 89' lang='lat' dir='ltr'><strong>locum</strong></span> <span class='ocrx_word' id='word_1_425' title='bbox 2872 785 2943 839; x_wconf 87' lang='lat' dir='ltr'><strong>sit</strong></span> <span class='ocrx_word' id='word_1_426' title='bbox 2970 799 3064 854; x_wconf 90' lang='lat' dir='ltr'><strong>per</strong></span> <span class='ocrx_word' id='word_1_427' title='bbox 3085 782 3488 837; x_wconf 89' lang='lat' dir='ltr'><strong>ordinationem</strong></span> <span class='ocrx_word' id='word_1_428' title='bbox 3507 799 3633 838; x_wconf 89' lang='lat' dir='ltr'><strong>sur-</strong></span> 
     </span>
    </p>
   </div>
   <div class='ocr_carea' id='block_1_52' title="bbox 2031 875 3631 951">
    <p class='ocr_par' dir='ltr' id='par_1_52' title="bbox 2031 875 3631 951">
     <span class='ocr_line' id='line_1_52' title="bbox 2031 875 3631 951; baseline -0.005 -16"><span class='ocrx_word' id='word_1_429' title='bbox 2031 891 2278 951; x_wconf 79' lang='lat' dir='ltr'><strong>rogatus,</strong></span> <span class='ocrx_word' id='word_1_430' title='bbox 2297 879 2505 933; x_wconf 83' lang='lat' dir='ltr'><strong>tamdiu</strong></span> <span class='ocrx_word' id='word_1_431' title='bbox 2527 878 2616 932; x_wconf 90' lang='lat' dir='ltr'><strong>ille</strong></span> <span class='ocrx_word' id='word_1_432' title='bbox 2641 879 2736 948; x_wconf 87' lang='lat' dir='ltr'><strong>qui</strong></span> <span class='ocrx_word' id='word_1_433' title='bbox 2759 878 2950 931; x_wconf 85' lang='lat' dir='ltr'><strong>urbem</strong></span> <span class='ocrx_word' id='word_1_434' title='bbox 2971 890 3125 930; x_wconf 90' lang='lat' dir='ltr'><strong>suam</strong></span> <span class='ocrx_word' id='word_1_435' title='bbox 3147 875 3395 944; x_wconf 87' lang='lat' dir='ltr'><strong>reliquit,</strong></span> <span class='ocrx_word' id='word_1_436' title='bbox 3412 877 3631 942; x_wconf 85' lang='lat' dir='ltr'><strong>episco-</strong></span> 
     </span>
    </p>
   </div>
   <div class='ocr_carea' id='block_1_53' title="bbox 2032 967 3630 1043">
    <p class='ocr_par' dir='ltr' id='par_1_53' title="bbox 2032 967 3630 1043">
     <span class='ocr_line' id='line_1_53' title="bbox 2032 967 3630 1043; baseline -0.004 -16"><span class='ocrx_word' id='word_1_437' title='bbox 2032 972 2138 1043; x_wconf 92' lang='lat' dir='ltr'><strong>pali</strong></span> <span class='ocrx_word' id='word_1_438' title='bbox 2157 972 2420 1040; x_wconf 81' lang='lat' dir='ltr'><strong>dignitate</strong></span> <span class='ocrx_word' id='word_1_439' title='bbox 2439 972 2667 1034; x_wconf 85' lang='lat' dir='ltr'><strong>carebit,</strong></span> <span class='ocrx_word' id='word_1_440' title='bbox 2681 969 2857 1023; x_wconf 85' lang='lat' dir='ltr'><strong>donec</strong></span> <span class='ocrx_word' id='word_1_441' title='bbox 2876 983 3164 1023; x_wconf 87' lang='lat' dir='ltr'><strong>successor</strong></span> <span class='ocrx_word' id='word_1_442' title='bbox 3188 968 3307 1039; x_wconf 87' lang='lat' dir='ltr'><strong>ejus</strong></span> <span class='ocrx_word' id='word_1_443' title='bbox 3323 967 3375 1020; x_wconf 90' lang='lat' dir='ltr'><strong>in</strong></span> <span class='ocrx_word' id='word_1_444' title='bbox 3397 967 3630 1021; x_wconf 90' lang='lat' dir='ltr'><strong>Domino</strong></span> 
     </span>
    </p>
   </div>
   <div class='ocr_carea' id='block_1_54' title="bbox 2045 1059 3630 1131">
    <p class='ocr_par' dir='ltr' id='par_1_54' title="bbox 2045 1059 3630 1131">
     <span class='ocr_line' id='line_1_54' title="bbox 2045 1059 3630 1131; baseline -0.004 -10"><span class='ocrx_word' id='word_1_445' title='bbox 2045 1064 2426 1121; x_wconf 89' lang='lat' dir='ltr'><strong>obdormierit.</strong></span> <span class='ocrx_word' id='word_1_446' title='bbox 2447 1062 2504 1117; x_wconf 89' lang='lat' dir='ltr'><strong>Si</strong></span> <span class='ocrx_word' id='word_1_447' title='bbox 2523 1062 2646 1131; x_wconf 86' lang='lat' dir='ltr'><strong>quis</strong></span> <span class='ocrx_word' id='word_1_448' title='bbox 2665 1077 2774 1116; x_wconf 90' lang='lat' dir='ltr'><strong>non</strong></span> <span class='ocrx_word' id='word_1_449' title='bbox 2793 1073 3057 1130; x_wconf 88' lang='lat' dir='ltr'><strong>perpetuo</strong></span> <span class='ocrx_word' id='word_1_450' title='bbox 3092 1059 3311 1115; x_wconf 84' lang='lat' dir='ltr'><strong>Patrem</strong></span> <span class='ocrx_word' id='word_1_451' title='bbox 3345 1066 3401 1114; x_wconf 89' lang='lat' dir='ltr'><strong>et</strong></span> <span class='ocrx_word' id='word_1_452' title='bbox 3429 1075 3630 1130; x_wconf 86' lang='lat' dir='ltr'><strong>perpe-</strong></span> 
     </span>
    </p>
   </div>
   <div class='ocr_carea' id='block_1_55' title="bbox 2036 1156 3628 1228">
    <p class='ocr_par' dir='ltr' id='par_1_55' title="bbox 2036 1156 3628 1228">
     <span class='ocr_line' id='line_1_55' title="bbox 2036 1156 3628 1228; baseline -0.005 -12"><span class='ocrx_word' id='word_1_453' title='bbox 2036 1170 2132 1216; x_wconf 89' lang='lat' dir='ltr'><strong>tuo</strong></span> <span class='ocrx_word' id='word_1_454' title='bbox 2185 1157 2410 1225; x_wconf 89' lang='lat' dir='ltr'><strong>Filium,</strong></span> <span class='ocrx_word' id='word_1_455' title='bbox 2470 1165 2526 1213; x_wconf 90' lang='lat' dir='ltr'><strong>et</strong></span> <span class='ocrx_word' id='word_1_456' title='bbox 2589 1166 2856 1228; x_wconf 88' lang='lat' dir='ltr'><strong>perpetuo</strong></span> <span class='ocrx_word' id='word_1_457' title='bbox 2919 1156 3186 1227; x_wconf 88' lang='lat' dir='ltr'><strong>Spiritum</strong></span> <span class='ocrx_word' id='word_1_458' title='bbox 3219 1163 3472 1211; x_wconf 86' lang='lat' dir='ltr'><strong>sanctum</strong></span> <span class='ocrx_word' id='word_1_459' title='bbox 3506 1170 3628 1210; x_wconf 86' lang='lat' dir='ltr'><strong>esse</strong></span> 
     </span>
    </p>
   </div>
   <div class='ocr_carea' id='block_1_56' title="bbox 2037 1246 3630 1320">
    <p class='ocr_par' dir='ltr' id='par_1_56' title="bbox 2037 1246 3630 1320">
     <span class='ocr_line' id='line_1_56' title="bbox 2037 1246 3630 1320; baseline -0.008 -9"><span class='ocrx_word' id='word_1_460' title='bbox 2037 1255 2204 1320; x_wconf 86' lang='lat' dir='ltr'><strong>dicat,</strong></span> <span class='ocrx_word' id='word_1_461' title='bbox 2260 1253 2549 1308; x_wconf 85' lang='lat' dir='ltr'><strong>anathema</strong></span> <span class='ocrx_word' id='word_1_462' title='bbox 2589 1251 2684 1305; x_wconf 91' lang='lat' dir='ltr'><strong>sit.</strong></span> <span class='ocrx_word' id='word_1_463' title='bbox 2715 1249 2775 1303; x_wconf 90' lang='lat' dir='ltr'><strong>Si</strong></span> <span class='ocrx_word' id='word_1_464' title='bbox 2802 1248 2928 1318; x_wconf 84' lang='lat' dir='ltr'><strong>quis</strong></span> <span class='ocrx_word' id='word_1_465' title='bbox 2969 1263 3076 1301; x_wconf 91' lang='lat' dir='ltr'><strong>non</strong></span> <span class='ocrx_word' id='word_1_466' title='bbox 3114 1247 3283 1312; x_wconf 87' lang='lat' dir='ltr'><strong>dicat,</strong></span> <span class='ocrx_word' id='word_1_467' title='bbox 3303 1246 3500 1301; x_wconf 85' lang='lat' dir='ltr'><strong>Filium</strong></span> <span class='ocrx_word' id='word_1_468' title='bbox 3534 1261 3630 1316; x_wconf 78' lang='lat' dir='ltr'><strong>ge—</strong></span> 
     </span>
    </p>
   </div>
   <div class='ocr_carea' id='block_1_57' title="bbox 2039 1339 3628 1410">
    <p class='ocr_par' dir='ltr' id='par_1_57' title="bbox 2039 1339 3628 1410">
     <span class='ocr_line' id='line_1_57' title="bbox 2039 1339 3628 1410; baseline -0.008 -7"><span class='ocrx_word' id='word_1_469' title='bbox 2039 1348 2300 1403; x_wconf 77' lang='lat' dir='ltr'><strong>nitumex</strong></span> <span class='ocrx_word' id='word_1_470' title='bbox 2337 1345 2518 1410; x_wconf 85' lang='lat' dir='ltr'><strong>Patre,</strong></span> <span class='ocrx_word' id='word_1_471' title='bbox 2543 1343 2651 1398; x_wconf 91' lang='lat' dir='ltr'><strong>hoc</strong></span> <span class='ocrx_word' id='word_1_472' title='bbox 2684 1351 2786 1404; x_wconf 81' lang='lat' dir='ltr'><strong>est,</strong></span> <span class='ocrx_word' id='word_1_473' title='bbox 2812 1356 2880 1396; x_wconf 85' lang='lat' dir='ltr'><strong>ex</strong></span> <span class='ocrx_word' id='word_1_474' title='bbox 2915 1339 3228 1395; x_wconf 88' lang='lat' dir='ltr'><strong>substantia</strong></span> <span class='ocrx_word' id='word_1_475' title='bbox 3253 1339 3375 1408; x_wconf 84' lang='lat' dir='ltr'><strong>ejus</strong></span> <span class='ocrx_word' id='word_1_476' title='bbox 3418 1339 3628 1401; x_wconf 86' lang='lat' dir='ltr'><strong>divina,</strong></span> 
     </span>
    </p>
   </div>
   <div class='ocr_carea' id='block_1_58' title="bbox 2040 1431 3632 1512">
    <p class='ocr_par' dir='ltr' id='par_1_58' title="bbox 2040 1431 3632 1512">
     <span class='ocr_line' id='line_1_58' title="bbox 2040 1431 3632 1512; baseline -0.008 -18"><span class='ocrx_word' id='word_1_477' title='bbox 2040 1439 2332 1512; x_wconf 79' lang='lat' dir='ltr'><strong>anathema</strong></span> <span class='ocrx_word' id='word_1_478' title='bbox 2362 1437 2454 1492; x_wconf 91' lang='lat' dir='ltr'><strong>sit.</strong></span> <span class='ocrx_word' id='word_1_479' title='bbox 2482 1435 2539 1491; x_wconf 91' lang='lat' dir='ltr'><strong>Si</strong></span> <span class='ocrx_word' id='word_1_480' title='bbox 2579 1435 2706 1505; x_wconf 91' lang='lat' dir='ltr'><strong>quis</strong></span> <span class='ocrx_word' id='word_1_481' title='bbox 2729 1449 2843 1488; x_wconf 90' lang='lat' dir='ltr'><strong>non</strong></span> <span class='ocrx_word' id='word_1_482' title='bbox 2880 1432 3053 1497; x_wconf 85' lang='lat' dir='ltr'><strong>dicat,</strong></span> <span class='ocrx_word' id='word_1_483' title='bbox 3095 1446 3286 1486; x_wconf 88' lang='lat' dir='ltr'><strong>verum</strong></span> <span class='ocrx_word' id='word_1_484' title='bbox 3306 1431 3476 1485; x_wconf 91' lang='lat' dir='ltr'><strong>Deum</strong></span> <span class='ocrx_word' id='word_1_485' title='bbox 3512 1445 3632 1486; x_wconf 72' lang='lat' dir='ltr'><strong>esse</strong></span> 
     </span>
    </p>
   </div>
   <div class='ocr_carea' id='block_1_59' title="bbox 2039 1521 3632 1591">
    <p class='ocr_par' dir='ltr' id='par_1_59' title="bbox 2039 1521 3632 1591">
     <span class='ocr_line' id='line_1_59' title="bbox 2039 1521 3632 1591; baseline -0.008 -7"><span class='ocrx_word' id='word_1_486' title='bbox 2039 1529 2138 1584; x_wconf 89' lang='lat' dir='ltr'><strong>Dei</strong></span> <span class='ocrx_word' id='word_1_487' title='bbox 2162 1527 2384 1591; x_wconf 85' lang='lat' dir='ltr'><strong>Filium,</strong></span> <span class='ocrx_word' id='word_1_488' title='bbox 2436 1526 2516 1582; x_wconf 91' lang='lat' dir='ltr'><strong>sic</strong></span> <span class='ocrx_word' id='word_1_489' title='bbox 2546 1527 2626 1581; x_wconf 87' lang='lat' dir='ltr'><strong>uti</strong></span> <span class='ocrx_word' id='word_1_490' title='bbox 2662 1539 2856 1579; x_wconf 83' lang='lat' dir='ltr'><strong>verum</strong></span> <span class='ocrx_word' id='word_1_491' title='bbox 2906 1523 3079 1577; x_wconf 90' lang='lat' dir='ltr'><strong>Deum</strong></span> <span class='ocrx_word' id='word_1_492' title='bbox 3126 1521 3346 1576; x_wconf 83' lang='lat' dir='ltr'><strong>Patrem</strong></span> <span class='ocrx_word' id='word_1_493' title='bbox 3378 1521 3523 1590; x_wconf 83' lang='lat' dir='ltr'><strong>ejus,</strong></span> <span class='ocrx_word' id='word_1_494' title='bbox 3577 1529 3632 1572; x_wconf 84' lang='lat' dir='ltr'><strong>et</strong></span> 
     </span>
    </p>
   </div>
   <div class='ocr_carea' id='block_1_60' title="bbox 2041 1612 3632 1688">
    <p class='ocr_par' dir='ltr' id='par_1_60' title="bbox 2041 1612 3632 1688">
     <span class='ocr_line' id='line_1_60' title="bbox 2041 1612 3632 1688; baseline -0.006 -14"><span class='ocrx_word' id='word_1_495' title='bbox 2041 1621 2196 1676; x_wconf 90' lang='lat' dir='ltr'><strong>illum</strong></span> <span class='ocrx_word' id='word_1_496' title='bbox 2226 1618 2410 1673; x_wconf 88' lang='lat' dir='ltr'><strong>omnia</strong></span> <span class='ocrx_word' id='word_1_497' title='bbox 2444 1633 2625 1688; x_wconf 88' lang='lat' dir='ltr'><strong>posse,</strong></span> <span class='ocrx_word' id='word_1_498' title='bbox 2660 1624 2717 1672; x_wconf 90' lang='lat' dir='ltr'><strong>et</strong></span> <span class='ocrx_word' id='word_1_499' title='bbox 2746 1615 2932 1670; x_wconf 91' lang='lat' dir='ltr'><strong>omnia</strong></span> <span class='ocrx_word' id='word_1_500' title='bbox 2963 1629 3149 1681; x_wconf 90' lang='lat' dir='ltr'><strong>nosse,</strong></span> <span class='ocrx_word' id='word_1_501' title='bbox 3188 1612 3452 1683; x_wconf 83' lang='lat' dir='ltr'><strong>Patrique</strong></span> <span class='ocrx_word' id='word_1_502' title='bbox 3480 1613 3632 1666; x_wconf 82' lang='lat' dir='ltr'><strong>simi-</strong></span> 
     </span>
    </p>
   </div>
   <div class='ocr_carea' id='block_1_61' title="bbox 2041 1700 3631 1774">
    <p class='ocr_par' dir='ltr' id='par_1_61' title="bbox 2041 1700 3631 1774">
     <span class='ocr_line' id='line_1_61' title="bbox 2041 1700 3631 1774; baseline -0.008 -9"><span class='ocrx_word' id='word_1_503' title='bbox 2041 1711 2148 1765; x_wconf 85' lang='lat' dir='ltr'><strong>lem</strong></span> <span class='ocrx_word' id='word_1_504' title='bbox 2180 1725 2322 1773; x_wconf 89' lang='lat' dir='ltr'><strong>esse,</strong></span> <span class='ocrx_word' id='word_1_505' title='bbox 2348 1713 2695 1763; x_wconf 87' lang='lat' dir='ltr'><strong>anathemata</strong></span> <span class='ocrx_word' id='word_1_506' title='bbox 2754 1709 2847 1761; x_wconf 92' lang='lat' dir='ltr'><strong>sit.</strong></span> <span class='ocrx_word' id='word_1_507' title='bbox 2888 1705 2944 1759; x_wconf 91' lang='lat' dir='ltr'><strong>Si</strong></span> <span class='ocrx_word' id='word_1_508' title='bbox 3003 1706 3130 1774; x_wconf 89' lang='lat' dir='ltr'><strong>quis</strong></span> <span class='ocrx_word' id='word_1_509' title='bbox 3175 1703 3345 1769; x_wconf 88' lang='lat' dir='ltr'><strong>dicat,</strong></span> <span class='ocrx_word' id='word_1_510' title='bbox 3403 1700 3529 1758; x_wconf 84' lang='lat' dir='ltr'><strong>cum</strong></span> <span class='ocrx_word' id='word_1_511' title='bbox 3578 1702 3631 1754; x_wconf 91' lang='lat' dir='ltr'><strong>in</strong></span> 
     </span>
    </p>
   </div>
   <div class='ocr_carea' id='block_1_62' title="bbox 2046 1794 3630 1872">
    <p class='ocr_par' dir='ltr' id='par_1_62' title="bbox 2046 1794 3630 1872">
     <span class='ocr_line' id='line_1_62' title="bbox 2046 1794 3630 1872; baseline -0.007 -15"><span class='ocrx_word' id='word_1_512' title='bbox 2046 1817 2213 1857; x_wconf 90' lang='lat' dir='ltr'><strong>carne</strong></span> <span class='ocrx_word' id='word_1_513' title='bbox 2249 1803 2454 1872; x_wconf 78' lang='lat' dir='ltr'><strong>degens</strong></span> <span class='ocrx_word' id='word_1_514' title='bbox 2481 1800 2654 1855; x_wconf 86' lang='lat' dir='ltr'><strong>Filius</strong></span> <span class='ocrx_word' id='word_1_515' title='bbox 2707 1797 2802 1852; x_wconf 91' lang='lat' dir='ltr'><strong>Dei</strong></span> <span class='ocrx_word' id='word_1_516' title='bbox 2838 1798 2892 1852; x_wconf 92' lang='lat' dir='ltr'><strong>in</strong></span> <span class='ocrx_word' id='word_1_517' title='bbox 2929 1798 3092 1854; x_wconf 85' lang='lat' dir='ltr'><strong>terris</strong></span> <span class='ocrx_word' id='word_1_518' title='bbox 3136 1797 3261 1862; x_wconf 76' lang='lat' dir='ltr'><strong>fuit,</strong></span> <span class='ocrx_word' id='word_1_519' title='bbox 3293 1794 3550 1852; x_wconf 89' lang='lat' dir='ltr'><strong>eumdem</strong></span> <span class='ocrx_word' id='word_1_520' title='bbox 3578 1795 3630 1848; x_wconf 89' lang='lat' dir='ltr'><strong>in</strong></span> 
     </span>
    </p>
   </div>
   <div class='ocr_carea' id='block_1_63' title="bbox 2047 1888 3630 1955">
    <p class='ocr_par' dir='ltr' id='par_1_63' title="bbox 2047 1888 3630 1955">
     <span class='ocr_line' id='line_1_63' title="bbox 2047 1888 3630 1955; baseline -0.005 -5"><span class='ocrx_word' id='word_1_521' title='bbox 2047 1895 2204 1951; x_wconf 74' lang='lat' dir='ltr'><strong>ctelis</strong></span> <span class='ocrx_word' id='word_1_522' title='bbox 2225 1904 2281 1950; x_wconf 90' lang='lat' dir='ltr'><strong>et</strong></span> <span class='ocrx_word' id='word_1_523' title='bbox 2317 1908 2441 1949; x_wconf 90' lang='lat' dir='ltr'><strong>cum</strong></span> <span class='ocrx_word' id='word_1_524' title='bbox 2470 1892 2632 1948; x_wconf 87' lang='lat' dir='ltr'><strong>Patre</strong></span> <span class='ocrx_word' id='word_1_525' title='bbox 2690 1909 2798 1946; x_wconf 91' lang='lat' dir='ltr'><strong>non</strong></span> <span class='ocrx_word' id='word_1_526' title='bbox 2853 1889 3042 1955; x_wconf 79' lang='lat' dir='ltr'><strong>fuisse,</strong></span> <span class='ocrx_word' id='word_1_527' title='bbox 3102 1891 3399 1945; x_wconf 89' lang='lat' dir='ltr'><strong>anathema</strong></span> <span class='ocrx_word' id='word_1_528' title='bbox 3433 1889 3526 1944; x_wconf 89' lang='lat' dir='ltr'><strong>sit.</strong></span> <span class='ocrx_word' id='word_1_529' title='bbox 3575 1888 3630 1942; x_wconf 82' lang='lat' dir='ltr'><strong>Si</strong></span> 
     </span>
    </p>
   </div>
   <div class='ocr_carea' id='block_1_64' title="bbox 2047 1981 3630 2057">
    <p class='ocr_par' dir='ltr' id='par_1_64' title="bbox 2047 1981 3630 2057">
     <span class='ocr_line' id='line_1_64' title="bbox 2047 1981 3630 2057; baseline -0.004 -16"><span class='ocrx_word' id='word_1_530' title='bbox 2047 1986 2172 2057; x_wconf 91' lang='lat' dir='ltr'><strong>quis</strong></span> <span class='ocrx_word' id='word_1_531' title='bbox 2197 1985 2366 2051; x_wconf 88' lang='lat' dir='ltr'><strong>dicat,</strong></span> <span class='ocrx_word' id='word_1_532' title='bbox 2393 1986 2446 2040; x_wconf 92' lang='lat' dir='ltr'><strong>in</strong></span> <span class='ocrx_word' id='word_1_533' title='bbox 2471 1984 2726 2055; x_wconf 88' lang='lat' dir='ltr'><strong>passione</strong></span> <span class='ocrx_word' id='word_1_534' title='bbox 2757 1983 2942 2039; x_wconf 88' lang='lat' dir='ltr'><strong>crucis</strong></span> <span class='ocrx_word' id='word_1_535' title='bbox 2978 1983 3176 2040; x_wconf 83' lang='lat' dir='ltr'><strong>Filium</strong></span> <span class='ocrx_word' id='word_1_536' title='bbox 3223 1983 3322 2038; x_wconf 91' lang='lat' dir='ltr'><strong>Dei</strong></span> <span class='ocrx_word' id='word_1_537' title='bbox 3375 1992 3430 2036; x_wconf 91' lang='lat' dir='ltr'><strong>et</strong></span> <span class='ocrx_word' id='word_1_538' title='bbox 3460 1981 3630 2036; x_wconf 87' lang='lat' dir='ltr'><strong>Deum</strong></span> 
     </span>
    </p>
   </div>
   <div class='ocr_carea' id='block_1_65' title="bbox 2049 2075 3629 2145">
    <p class='ocr_par' dir='ltr' id='par_1_65' title="bbox 2049 2075 3629 2145">
     <span class='ocr_line' id='line_1_65' title="bbox 2049 2075 3629 2145; baseline -0.005 -12"><span class='ocrx_word' id='word_1_539' title='bbox 2049 2078 2317 2145; x_wconf 81' lang='lat' dir='ltr'><strong>Verbum,</strong></span> <span class='ocrx_word' id='word_1_540' title='bbox 2351 2077 2662 2142; x_wconf 84' lang='lat' dir='ltr'><strong>divinitate,</strong></span> <span class='ocrx_word' id='word_1_541' title='bbox 2685 2087 2742 2133; x_wconf 89' lang='lat' dir='ltr'><strong>et</strong></span> <span class='ocrx_word' id='word_1_542' title='bbox 2772 2091 2882 2131; x_wconf 90' lang='lat' dir='ltr'><strong>non</strong></span> <span class='ocrx_word' id='word_1_543' title='bbox 2914 2091 3080 2131; x_wconf 90' lang='lat' dir='ltr'><strong>carne</strong></span> <span class='ocrx_word' id='word_1_544' title='bbox 3111 2091 3218 2130; x_wconf 89' lang='lat' dir='ltr'><strong>una</strong></span> <span class='ocrx_word' id='word_1_545' title='bbox 3258 2091 3383 2130; x_wconf 93' lang='lat' dir='ltr'><strong>cum</strong></span> <span class='ocrx_word' id='word_1_546' title='bbox 3422 2075 3629 2138; x_wconf 89' lang='lat' dir='ltr'><strong>anima,</strong></span> 
     </span>
    </p>
   </div>
   <div class='ocr_carea' id='block_1_66' title="bbox 2047 2166 3635 2242">
    <p class='ocr_par' dir='ltr' id='par_1_66' title="bbox 2047 2166 3635 2242">
     <span class='ocr_line' id='line_1_66' title="bbox 2047 2166 3635 2242; baseline -0.005 -16"><span class='ocrx_word' id='word_1_547' title='bbox 2047 2187 2211 2242; x_wconf 89' lang='lat' dir='ltr'><strong>quam</strong></span> <span class='ocrx_word' id='word_1_548' title='bbox 2239 2171 2294 2225; x_wconf 90' lang='lat' dir='ltr'><strong>in</strong></span> <span class='ocrx_word' id='word_1_549' title='bbox 2325 2170 2468 2227; x_wconf 91' lang='lat' dir='ltr'><strong>servi</strong></span> <span class='ocrx_word' id='word_1_550' title='bbox 2497 2169 2603 2225; x_wconf 87' lang='lat' dir='ltr'><strong>sibi</strong></span> <span class='ocrx_word' id='word_1_551' title='bbox 2622 2178 2904 2238; x_wconf 89' lang='lat' dir='ltr'><strong>assumpta</strong></span> <span class='ocrx_word' id='word_1_552' title='bbox 2941 2169 3142 2233; x_wconf 81' lang='lat' dir='ltr'><strong>forma,</strong></span> <span class='ocrx_word' id='word_1_553' title='bbox 3178 2177 3236 2222; x_wconf 92' lang='lat' dir='ltr'><strong>ut</strong></span> <span class='ocrx_word' id='word_1_554' title='bbox 3265 2175 3454 2222; x_wconf 89' lang='lat' dir='ltr'><strong>sancta</strong></span> <span class='ocrx_word' id='word_1_555' title='bbox 3483 2166 3635 2220; x_wconf 86' lang='lat' dir='ltr'><strong>Scri-</strong></span> 
     </span>
    </p>
   </div>
   <div class='ocr_carea' id='block_1_67' title="bbox 2048 2257 3633 2336">
    <p class='ocr_par' dir='ltr' id='par_1_67' title="bbox 2048 2257 3633 2336">
     <span class='ocr_line' id='line_1_67' title="bbox 2048 2257 3633 2336; baseline -0.006 -17"><span class='ocrx_word' id='word_1_556' title='bbox 2048 2275 2211 2336; x_wconf 90' lang='lat' dir='ltr'><strong>ptura</strong></span> <span class='ocrx_word' id='word_1_557' title='bbox 2247 2263 2406 2328; x_wconf 87' lang='lat' dir='ltr'><strong>dixit,</strong></span> <span class='ocrx_word' id='word_1_558' title='bbox 2438 2261 2638 2326; x_wconf 92' lang='lat' dir='ltr'><strong>induit,</strong></span> <span class='ocrx_word' id='word_1_559' title='bbox 2658 2260 2908 2317; x_wconf 88' lang='lat' dir='ltr'><strong>dolorem</strong></span> <span class='ocrx_word' id='word_1_560' title='bbox 2968 2258 3283 2330; x_wconf 88' lang='lat' dir='ltr'><strong>pertulisse,</strong></span> <span class='ocrx_word' id='word_1_561' title='bbox 3339 2257 3633 2312; x_wconf 82' lang='lat' dir='ltr'><strong>anathema</strong></span> 
     </span>
    </p>
   </div>
   <div class='ocr_carea' id='block_1_68' title="bbox 2046 2351 3638 2425">
    <p class='ocr_par' dir='ltr' id='par_1_68' title="bbox 2046 2351 3638 2425">
     <span class='ocr_line' id='line_1_68' title="bbox 2046 2351 3638 2425; baseline -0.006 -15"><span class='ocrx_word' id='word_1_562' title='bbox 2046 2357 2139 2410; x_wconf 90' lang='lat' dir='ltr'><strong>sit.</strong></span> <span class='ocrx_word' id='word_1_563' title='bbox 2172 2354 2231 2410; x_wconf 90' lang='lat' dir='ltr'><strong>Si</strong></span> <span class='ocrx_word' id='word_1_564' title='bbox 2263 2355 2391 2425; x_wconf 87' lang='lat' dir='ltr'><strong>quis</strong></span> <span class='ocrx_word' id='word_1_565' title='bbox 2422 2368 2532 2408; x_wconf 92' lang='lat' dir='ltr'><strong>non</strong></span> <span class='ocrx_word' id='word_1_566' title='bbox 2556 2353 2703 2409; x_wconf 88' lang='lat' dir='ltr'><strong>dicat</strong></span> <span class='ocrx_word' id='word_1_567' title='bbox 2733 2352 2830 2406; x_wconf 88' lang='lat' dir='ltr'><strong>Dei</strong></span> <span class='ocrx_word' id='word_1_568' title='bbox 2861 2351 3100 2406; x_wconf 82' lang='lat' dir='ltr'><strong>Verbum</strong></span> <span class='ocrx_word' id='word_1_569' title='bbox 3124 2365 3291 2422; x_wconf 81' lang='lat' dir='ltr'><strong>carne</strong></span> <span class='ocrx_word' id='word_1_570' title='bbox 3320 2357 3638 2418; x_wconf 78' lang='lat' dir='ltr'><strong>passum,et</strong></span> 
     </span>
    </p>
   </div>
   <div class='ocr_carea' id='block_1_69' title="bbox 2047 2447 3636 2512">
    <p class='ocr_par' dir='ltr' id='par_1_69' title="bbox 2047 2447 3636 2512">
     <span class='ocr_line' id='line_1_69' title="bbox 2047 2447 3636 2512; baseline -0.007 -9"><span class='ocrx_word' id='word_1_571' title='bbox 2047 2463 2217 2503; x_wconf 88' lang='lat' dir='ltr'><strong>carne</strong></span> <span class='ocrx_word' id='word_1_572' title='bbox 2245 2447 2602 2512; x_wconf 75' lang='lat' dir='ltr'><strong>cruciﬁxum,</strong></span> <span class='ocrx_word' id='word_1_573' title='bbox 2633 2457 2691 2502; x_wconf 90' lang='lat' dir='ltr'><strong>et</strong></span> <span class='ocrx_word' id='word_1_574' title='bbox 2721 2461 2888 2500; x_wconf 84' lang='lat' dir='ltr'><strong>carne</strong></span> <span class='ocrx_word' id='word_1_575' title='bbox 2924 2455 3157 2500; x_wconf 88' lang='lat' dir='ltr'><strong>mortem</strong></span> <span class='ocrx_word' id='word_1_576' title='bbox 3206 2452 3476 2512; x_wconf 76' lang='lat' dir='ltr'><strong>gustasse,</strong></span> <span class='ocrx_word' id='word_1_577' title='bbox 3519 2454 3636 2509; x_wconf 82' lang='lat' dir='ltr'><strong>pn-</strong></span> 
     </span>
    </p>
   </div>
   <div class='ocr_carea' id='block_1_70' title="bbox 2048 2530 3635 2608">
    <p class='ocr_par' dir='ltr' id='par_1_70' title="bbox 2048 2530 3635 2608">
     <span class='ocr_line' id='line_1_70' title="bbox 2048 2530 3635 2608; baseline -0.006 -16"><span class='ocrx_word' id='word_1_578' title='bbox 2048 2537 2388 2608; x_wconf 82' lang='lat' dir='ltr'><strong>mogenitum</strong></span> <span class='ocrx_word' id='word_1_579' title='bbox 2425 2536 2713 2590; x_wconf 77' lang='lat' dir='ltr'><strong>factumex</strong></span> <span class='ocrx_word' id='word_1_580' title='bbox 2752 2537 3011 2600; x_wconf 89' lang='lat' dir='ltr'><strong>mortuis,</strong></span> <span class='ocrx_word' id='word_1_581' title='bbox 3045 2550 3144 2604; x_wconf 89' lang='lat' dir='ltr'><strong>pro</strong></span> <span class='ocrx_word' id='word_1_582' title='bbox 3204 2549 3272 2587; x_wconf 91' lang='lat' dir='ltr'><strong>eo</strong></span> <span class='ocrx_word' id='word_1_583' title='bbox 3310 2541 3478 2600; x_wconf 87' lang='lat' dir='ltr'><strong>atque</strong></span> <span class='ocrx_word' id='word_1_584' title='bbox 3526 2530 3635 2585; x_wconf 90' lang='lat' dir='ltr'><strong>vita</strong></span> 
     </span>
    </p>
   </div>
   <div class='ocr_carea' id='block_1_71' title="bbox 2046 2625 3634 2698">
    <p class='ocr_par' dir='ltr' id='par_1_71' title="bbox 2046 2625 3634 2698">
     <span class='ocr_line' id='line_1_71' title="bbox 2046 2625 3634 2698; baseline -0.007 -12"><span class='ocrx_word' id='word_1_585' title='bbox 2046 2641 2130 2686; x_wconf 85' lang='lat' dir='ltr'><strong>est</strong></span> <span class='ocrx_word' id='word_1_586' title='bbox 2163 2640 2219 2686; x_wconf 91' lang='lat' dir='ltr'><strong>et</strong></span> <span class='ocrx_word' id='word_1_587' title='bbox 2265 2627 2570 2692; x_wconf 82' lang='lat' dir='ltr'><strong>viviﬁcans,</strong></span> <span class='ocrx_word' id='word_1_588' title='bbox 2627 2629 2834 2698; x_wconf 88' lang='lat' dir='ltr'><strong>quippe</strong></span> <span class='ocrx_word' id='word_1_589' title='bbox 2863 2629 3034 2691; x_wconf 90' lang='lat' dir='ltr'><strong>Deus,</strong></span> <span class='ocrx_word' id='word_1_590' title='bbox 3101 2629 3400 2682; x_wconf 84' lang='lat' dir='ltr'><strong>anathema</strong></span> <span class='ocrx_word' id='word_1_591' title='bbox 3431 2629 3523 2680; x_wconf 89' lang='lat' dir='ltr'><strong>sit.</strong></span> <span class='ocrx_word' id='word_1_592' title='bbox 3577 2625 3634 2677; x_wconf 86' lang='lat' dir='ltr'><strong>Si</strong></span> 
     </span>
    </p>
   </div>
   <div class='ocr_carea' id='block_1_72' title="bbox 2047 2716 3637 2793">
    <p class='ocr_par' dir='ltr' id='par_1_72' title="bbox 2047 2716 3637 2793">
     <span class='ocr_line' id='line_1_72' title="bbox 2047 2716 3637 2793; baseline -0.006 -16"><span class='ocrx_word' id='word_1_593' title='bbox 2047 2725 2172 2793; x_wconf 91' lang='lat' dir='ltr'><strong>quis</strong></span> <span class='ocrx_word' id='word_1_594' title='bbox 2205 2738 2311 2776; x_wconf 92' lang='lat' dir='ltr'><strong>non</strong></span> <span class='ocrx_word' id='word_1_595' title='bbox 2349 2722 2519 2784; x_wconf 79' lang='lat' dir='ltr'><strong>dicat,</strong></span> <span class='ocrx_word' id='word_1_596' title='bbox 2557 2737 2682 2774; x_wconf 90' lang='lat' dir='ltr'><strong>eum</strong></span> <span class='ocrx_word' id='word_1_597' title='bbox 2717 2722 2769 2774; x_wconf 92' lang='lat' dir='ltr'><strong>in</strong></span> <span class='ocrx_word' id='word_1_598' title='bbox 2805 2735 2972 2775; x_wconf 88' lang='lat' dir='ltr'><strong>carne</strong></span> <span class='ocrx_word' id='word_1_599' title='bbox 3001 2734 3167 2790; x_wconf 89' lang='lat' dir='ltr'><strong>quam</strong></span> <span class='ocrx_word' id='word_1_600' title='bbox 3202 2717 3524 2786; x_wconf 84' lang='lat' dir='ltr'><strong>assumpsit.</strong></span> <span class='ocrx_word' id='word_1_601' title='bbox 3566 2716 3637 2769; x_wconf 87' lang='lat' dir='ltr'><strong>ad</strong></span> 
     </span>
    </p>
   </div>
   <div class='ocr_carea' id='block_1_73' title="bbox 2048 2795 3642 2882">
    <p class='ocr_par' dir='ltr' id='par_1_73' title="bbox 2048 2795 3642 2882">
     <span class='ocr_line' id='line_1_73' title="bbox 2048 2795 3642 2882; baseline -0.005 -12"><span class='ocrx_word' id='word_1_602' title='bbox 2048 2795 2298 2870; x_wconf 75' lang='lat' dir='ltr'><strong>dextram</strong></span> <span class='ocrx_word' id='word_1_603' title='bbox 2328 2815 2510 2869; x_wconf 85' lang='lat' dir='ltr'><strong>Patris</strong></span> <span class='ocrx_word' id='word_1_604' title='bbox 2538 2813 2755 2880; x_wconf 86' lang='lat' dir='ltr'><strong>sedere,</strong></span> <span class='ocrx_word' id='word_1_605' title='bbox 2790 2813 2844 2866; x_wconf 93' lang='lat' dir='ltr'><strong>in</strong></span> <span class='ocrx_word' id='word_1_606' title='bbox 2876 2829 2985 2882; x_wconf 90' lang='lat' dir='ltr'><strong>qua</strong></span> <span class='ocrx_word' id='word_1_607' title='bbox 3018 2813 3184 2868; x_wconf 84' lang='lat' dir='ltr'><strong>etiam</strong></span> <span class='ocrx_word' id='word_1_608' title='bbox 3221 2811 3473 2867; x_wconf 86' lang='lat' dir='ltr'><strong>adveniet</strong></span> <span class='ocrx_word' id='word_1_609' title='bbox 3501 2811 3642 2875; x_wconf 86' lang='lat' dir='ltr'><strong>iudi-</strong></span> 
     </span>
    </p>
   </div>
   <div class='ocr_carea' id='block_1_74' title="bbox 2046 2904 3638 2974">
    <p class='ocr_par' dir='ltr' id='par_1_74' title="bbox 2046 2904 3638 2974">
     <span class='ocr_line' id='line_1_74' title="bbox 2046 2904 3638 2974; baseline -0.004 -12"><span class='ocrx_word' id='word_1_610' title='bbox 2046 2917 2274 2963; x_wconf 86' lang='lat' dir='ltr'><strong>caturus</strong></span> <span class='ocrx_word' id='word_1_611' title='bbox 2300 2906 2450 2959; x_wconf 86' lang='lat' dir='ltr'><strong>vivos</strong></span> <span class='ocrx_word' id='word_1_612' title='bbox 2469 2915 2526 2960; x_wconf 90' lang='lat' dir='ltr'><strong>et</strong></span> <span class='ocrx_word' id='word_1_613' title='bbox 2553 2916 2824 2972; x_wconf 90' lang='lat' dir='ltr'><strong>mortuos,</strong></span> <span class='ocrx_word' id='word_1_614' title='bbox 2849 2905 3140 2960; x_wconf 89' lang='lat' dir='ltr'><strong>anathema</strong></span> <span class='ocrx_word' id='word_1_615' title='bbox 3173 2905 3267 2958; x_wconf 90' lang='lat' dir='ltr'><strong>sit.</strong></span> <span class='ocrx_word' id='word_1_616' title='bbox 3294 2905 3348 2959; x_wconf 87' lang='lat' dir='ltr'><strong>Si</strong></span> <span class='ocrx_word' id='word_1_617' title='bbox 3376 2904 3502 2974; x_wconf 90' lang='lat' dir='ltr'><strong>quis</strong></span> <span class='ocrx_word' id='word_1_618' title='bbox 3531 2918 3638 2957; x_wconf 86' lang='lat' dir='ltr'><strong>non</strong></span> 
     </span>
    </p>
   </div>
   <div class='ocr_carea' id='block_1_75' title="bbox 2047 2997 3644 3070">
    <p class='ocr_par' dir='ltr' id='par_1_75' title="bbox 2047 2997 3644 3070">
     <span class='ocr_line' id='line_1_75' title="bbox 2047 2997 3644 3070; baseline -0.003 -15"><span class='ocrx_word' id='word_1_619' title='bbox 2047 3001 2219 3066; x_wconf 89' lang='lat' dir='ltr'><strong>dicat,</strong></span> <span class='ocrx_word' id='word_1_620' title='bbox 2269 3000 2533 3070; x_wconf 86' lang='lat' dir='ltr'><strong>Spiritum</strong></span> <span class='ocrx_word' id='word_1_621' title='bbox 2564 3008 2812 3053; x_wconf 90' lang='lat' dir='ltr'><strong>sanctum</strong></span> <span class='ocrx_word' id='word_1_622' title='bbox 2842 3013 2970 3053; x_wconf 89' lang='lat' dir='ltr'><strong>vere</strong></span> <span class='ocrx_word' id='word_1_623' title='bbox 3001 3009 3056 3052; x_wconf 92' lang='lat' dir='ltr'><strong>et</strong></span> <span class='ocrx_word' id='word_1_624' title='bbox 3091 2997 3315 3068; x_wconf 90' lang='lat' dir='ltr'><strong>proprie</strong></span> <span class='ocrx_word' id='word_1_625' title='bbox 3377 3013 3442 3051; x_wconf 76' lang='lat' dir='ltr'><strong>ex</strong></span> <span class='ocrx_word' id='word_1_626' title='bbox 3481 2997 3644 3051; x_wconf 87' lang='lat' dir='ltr'><strong>Patre</strong></span> 
     </span>
    </p>
   </div>
   <div class='ocr_carea' id='block_1_76' title="bbox 2047 3089 3640 3164">
    <p class='ocr_par' dir='ltr' id='par_1_76' title="bbox 2047 3089 3640 3164">
     <span class='ocr_line' id='line_1_76' title="bbox 2047 3089 3640 3164; baseline -0.003 -17"><span class='ocrx_word' id='word_1_627' title='bbox 2047 3107 2192 3155; x_wconf 86' lang='lat' dir='ltr'><strong>esse,</strong></span> <span class='ocrx_word' id='word_1_628' title='bbox 2228 3091 2694 3161; x_wconf 89' lang='lat' dir='ltr'><strong>quemadmodum</strong></span> <span class='ocrx_word' id='word_1_629' title='bbox 2727 3099 2781 3164; x_wconf 82' lang='lat' dir='ltr'><strong>et</strong></span> <span class='ocrx_word' id='word_1_630' title='bbox 2810 3089 3034 3156; x_wconf 88' lang='lat' dir='ltr'><strong>Filium,</strong></span> <span class='ocrx_word' id='word_1_631' title='bbox 3066 3090 3434 3158; x_wconf 86' lang='lat' dir='ltr'><strong>eumdemque</strong></span> <span class='ocrx_word' id='word_1_632' title='bbox 3467 3089 3640 3143; x_wconf 90' lang='lat' dir='ltr'><strong>Deum</strong></span> 
     </span>
    </p>
   </div>
   <div class='ocr_carea' id='block_1_77' title="bbox 1973 3184 3642 3274">
    <p class='ocr_par' dir='ltr' id='par_1_77' title="bbox 1973 3184 3642 3274">
     <span class='ocr_line' id='line_1_77' title="bbox 1973 3184 3642 3274; baseline -0.001 -34"><span class='ocrx_word' id='word_1_633' title='bbox 1973 3218 2016 3274; x_wconf 65' lang='grc' dir='ltr'><em>ε</em></span> <span class='ocrx_word' id='word_1_634' title='bbox 2053 3185 2150 3240; x_wconf 92' lang='lat' dir='ltr'><strong>Dei</strong></span> <span class='ocrx_word' id='word_1_635' title='bbox 2184 3185 2456 3248; x_wconf 76' lang='lat' dir='ltr'><strong>Verbum,</strong></span> <span class='ocrx_word' id='word_1_636' title='bbox 2499 3201 2565 3239; x_wconf 86' lang='lat' dir='ltr'><strong>ex</strong></span> <span class='ocrx_word' id='word_1_637' title='bbox 2608 3184 2795 3240; x_wconf 76' lang='lat' dir='ltr'><strong>divina</strong></span> <span class='ocrx_word' id='word_1_638' title='bbox 2840 3184 3175 3250; x_wconf 86' lang='lat' dir='ltr'><strong>substantia,</strong></span> <span class='ocrx_word' id='word_1_639' title='bbox 3207 3185 3500 3239; x_wconf 88' lang='lat' dir='ltr'><strong>anathema</strong></span> <span class='ocrx_word' id='word_1_640' title='bbox 3545 3186 3642 3241; x_wconf 87' lang='lat' dir='ltr'><strong>sit.</strong></span> 
     </span>
    </p>
   </div>
   <div class='ocr_carea' id='block_1_78' title="bbox 2055 3277 3646 3348">
    <p class='ocr_par' dir='ltr' id='par_1_78' title="bbox 2055 3277 3646 3348">
     <span class='ocr_line' id='line_1_78' title="bbox 2055 3277 3646 3348; baseline -0.003 -14"><span class='ocrx_word' id='word_1_641' title='bbox 2055 3278 2114 3334; x_wconf 92' lang='lat' dir='ltr'><strong>Si</strong></span> <span class='ocrx_word' id='word_1_642' title='bbox 2146 3277 2272 3348; x_wconf 90' lang='lat' dir='ltr'><strong>quis</strong></span> <span class='ocrx_word' id='word_1_643' title='bbox 2299 3277 2472 3342; x_wconf 92' lang='lat' dir='ltr'><strong>dicat,</strong></span> <span class='ocrx_word' id='word_1_644' title='bbox 2506 3277 2774 3348; x_wconf 90' lang='lat' dir='ltr'><strong>Spiritum</strong></span> <span class='ocrx_word' id='word_1_645' title='bbox 2809 3287 3062 3333; x_wconf 91' lang='lat' dir='ltr'><strong>sanctum</strong></span> <span class='ocrx_word' id='word_1_646' title='bbox 3096 3293 3208 3332; x_wconf 93' lang='lat' dir='ltr'><strong>non</strong></span> <span class='ocrx_word' id='word_1_647' title='bbox 3240 3278 3472 3346; x_wconf 87' lang='lat' dir='ltr'><strong>perinde</strong></span> <span class='ocrx_word' id='word_1_648' title='bbox 3525 3293 3646 3332; x_wconf 87' lang='lat' dir='ltr'><strong>om-</strong></span> 
     </span>
    </p>
   </div>
   <div class='ocr_carea' id='block_1_79' title="bbox 2053 3369 3642 3440">
    <p class='ocr_par' dir='ltr' id='par_1_79' title="bbox 2053 3369 3642 3440">
     <span class='ocr_line' id='line_1_79' title="bbox 2053 3369 3642 3440; baseline 0.001 -18"><span class='ocrx_word' id='word_1_649' title='bbox 2053 3369 2144 3423; x_wconf 80' lang='lat' dir='ltr'><strong>nia</strong></span> <span class='ocrx_word' id='word_1_650' title='bbox 2177 3383 2366 3440; x_wconf 89' lang='lat' dir='ltr'><strong>posse,</strong></span> <span class='ocrx_word' id='word_1_651' title='bbox 2397 3369 2584 3425; x_wconf 87' lang='lat' dir='ltr'><strong>omnia</strong></span> <span class='ocrx_word' id='word_1_652' title='bbox 2614 3370 2780 3435; x_wconf 89' lang='lat' dir='ltr'><strong>scire,</strong></span> <span class='ocrx_word' id='word_1_653' title='bbox 2815 3379 2872 3425; x_wconf 91' lang='lat' dir='ltr'><strong>et</strong></span> <span class='ocrx_word' id='word_1_654' title='bbox 2903 3369 3110 3439; x_wconf 89' lang='lat' dir='ltr'><strong>ubique</strong></span> <span class='ocrx_word' id='word_1_655' title='bbox 3134 3379 3406 3424; x_wconf 91' lang='lat' dir='ltr'><strong>terrarum</strong></span> <span class='ocrx_word' id='word_1_656' title='bbox 3431 3370 3642 3435; x_wconf 87' lang='lat' dir='ltr'><strong>adesse,</strong></span> 
     </span>
    </p>
   </div>
   <div class='ocr_carea' id='block_1_80' title="bbox 2055 3459 3645 3530">
    <p class='ocr_par' dir='ltr' id='par_1_80' title="bbox 2055 3459 3645 3530">
     <span class='ocr_line' id='line_1_80' title="bbox 2055 3459 3645 3530; baseline 0.001 -16"><span class='ocrx_word' id='word_1_657' title='bbox 2055 3469 2118 3514; x_wconf 88' lang='lat' dir='ltr'><strong>ut</strong></span> <span class='ocrx_word' id='word_1_658' title='bbox 2146 3461 2363 3516; x_wconf 88' lang='lat' dir='ltr'><strong>Patrem</strong></span> <span class='ocrx_word' id='word_1_659' title='bbox 2398 3472 2455 3516; x_wconf 90' lang='lat' dir='ltr'><strong>et</strong></span> <span class='ocrx_word' id='word_1_660' title='bbox 2482 3461 2704 3527; x_wconf 85' lang='lat' dir='ltr'><strong>Filium,</strong></span> <span class='ocrx_word' id='word_1_661' title='bbox 2734 3461 3027 3516; x_wconf 86' lang='lat' dir='ltr'><strong>anathema</strong></span> <span class='ocrx_word' id='word_1_662' title='bbox 3062 3461 3152 3516; x_wconf 88' lang='lat' dir='ltr'><strong>sit.</strong></span> <span class='ocrx_word' id='word_1_663' title='bbox 3191 3459 3247 3516; x_wconf 88' lang='lat' dir='ltr'><strong>Si</strong></span> <span class='ocrx_word' id='word_1_664' title='bbox 3317 3459 3442 3530; x_wconf 88' lang='lat' dir='ltr'><strong>quis</strong></span> <span class='ocrx_word' id='word_1_665' title='bbox 3476 3461 3645 3525; x_wconf 87' lang='lat' dir='ltr'><strong>dicat,</strong></span> 
     </span>
    </p>
   </div>
   <div class='ocr_carea' id='block_1_81' title="bbox 2055 3551 3649 3624">
    <p class='ocr_par' dir='ltr' id='par_1_81' title="bbox 2055 3551 3649 3624">
     <span class='ocr_line' id='line_1_81' title="bbox 2055 3551 3649 3624; baseline -0.002 -16"><span class='ocrx_word' id='word_1_666' title='bbox 2055 3551 2321 3624; x_wconf 89' lang='lat' dir='ltr'><strong>Spiritum</strong></span> <span class='ocrx_word' id='word_1_667' title='bbox 2341 3563 2591 3608; x_wconf 86' lang='lat' dir='ltr'><strong>sanctum</strong></span> <span class='ocrx_word' id='word_1_668' title='bbox 2621 3562 2956 3620; x_wconf 88' lang='lat' dir='ltr'><strong>creaturam,</strong></span> <span class='ocrx_word' id='word_1_669' title='bbox 2989 3562 3196 3624; x_wconf 87' lang='lat' dir='ltr'><strong>autper</strong></span> <span class='ocrx_word' id='word_1_670' title='bbox 3218 3552 3414 3607; x_wconf 86' lang='lat' dir='ltr'><strong>Filium</strong></span> <span class='ocrx_word' id='word_1_671' title='bbox 3443 3552 3649 3607; x_wconf 79' lang='lat' dir='ltr'><strong>factum</strong></span> 
     </span>
    </p>
   </div>
   <div class='ocr_carea' id='block_1_82' title="bbox 2057 3645 3647 3716">
    <p class='ocr_par' dir='ltr' id='par_1_82' title="bbox 2057 3645 3647 3716">
     <span class='ocr_line' id='line_1_82' title="bbox 2057 3645 3647 3716; baseline -0.001 -16"><span class='ocrx_word' id='word_1_672' title='bbox 2057 3660 2204 3712; x_wconf 88' lang='lat' dir='ltr'><strong>esse,</strong></span> <span class='ocrx_word' id='word_1_673' title='bbox 2232 3646 2526 3702; x_wconf 87' lang='lat' dir='ltr'><strong>anathema</strong></span> <span class='ocrx_word' id='word_1_674' title='bbox 2561 3647 2653 3700; x_wconf 89' lang='lat' dir='ltr'><strong>sit.</strong></span> <span class='ocrx_word' id='word_1_675' title='bbox 2694 3645 2750 3700; x_wconf 91' lang='lat' dir='ltr'><strong>Si</strong></span> <span class='ocrx_word' id='word_1_676' title='bbox 2782 3648 2908 3716; x_wconf 90' lang='lat' dir='ltr'><strong>quis</strong></span> <span class='ocrx_word' id='word_1_677' title='bbox 2937 3660 3050 3700; x_wconf 92' lang='lat' dir='ltr'><strong>non</strong></span> <span class='ocrx_word' id='word_1_678' title='bbox 3087 3647 3260 3712; x_wconf 90' lang='lat' dir='ltr'><strong>dicat,</strong></span> <span class='ocrx_word' id='word_1_679' title='bbox 3298 3646 3513 3700; x_wconf 88' lang='lat' dir='ltr'><strong>Patrem</strong></span> <span class='ocrx_word' id='word_1_680' title='bbox 3546 3661 3647 3714; x_wconf 87' lang='lat' dir='ltr'><strong>per</strong></span> 
     </span>
    </p>
   </div>
   <div class='ocr_carea' id='block_1_83' title="bbox 2058 3738 3648 3810">
    <p class='ocr_par' dir='ltr' id='par_1_83' title="bbox 2058 3738 3648 3810">
     <span class='ocr_line' id='line_1_83' title="bbox 2058 3738 3648 3810; baseline -0.001 -17"><span class='ocrx_word' id='word_1_681' title='bbox 2058 3738 2264 3793; x_wconf 85' lang='lat' dir='ltr'><strong>Filium</strong></span> <span class='ocrx_word' id='word_1_682' title='bbox 2313 3749 2505 3808; x_wconf 87' lang='lat' dir='ltr'><strong>postea</strong></span> <span class='ocrx_word' id='word_1_683' title='bbox 2554 3739 2902 3794; x_wconf 88' lang='lat' dir='ltr'><strong>incarnatum</strong></span> <span class='ocrx_word' id='word_1_684' title='bbox 2959 3749 3017 3795; x_wconf 80' lang='lat' dir='ltr'><strong>et</strong></span> <span class='ocrx_word' id='word_1_685' title='bbox 3073 3740 3340 3810; x_wconf 87' lang='lat' dir='ltr'><strong>Spiritum</strong></span> <span class='ocrx_word' id='word_1_686' title='bbox 3394 3748 3648 3794; x_wconf 86' lang='lat' dir='ltr'><strong>sanctum</strong></span> 
     </span>
    </p>
   </div>
   <div class='ocr_carea' id='block_1_84' title="bbox 2056 3833 3655 3899">
    <p class='ocr_par' dir='ltr' id='par_1_84' title="bbox 2056 3833 3655 3899">
     <span class='ocr_line' id='line_1_84' title="bbox 2056 3833 3655 3899; baseline 0.001 -12"><span class='ocrx_word' id='word_1_687' title='bbox 2056 3847 2276 3887; x_wconf 88' lang='lat' dir='ltr'><strong>creasse</strong></span> <span class='ocrx_word' id='word_1_688' title='bbox 2295 3833 2503 3897; x_wconf 89' lang='lat' dir='ltr'><strong>omnia,</strong></span> <span class='ocrx_word' id='word_1_689' title='bbox 2524 3833 2767 3888; x_wconf 85' lang='lat' dir='ltr'><strong>visibilia</strong></span> <span class='ocrx_word' id='word_1_690' title='bbox 2792 3833 3070 3899; x_wconf 85' lang='lat' dir='ltr'><strong>videlicet,</strong></span> <span class='ocrx_word' id='word_1_691' title='bbox 3097 3844 3153 3889; x_wconf 93' lang='lat' dir='ltr'><strong>et</strong></span> <span class='ocrx_word' id='word_1_692' title='bbox 3176 3833 3500 3892; x_wconf 81' lang='lat' dir='ltr'><strong>invisibilia.</strong></span> <span class='ocrx_word' id='word_1_693' title='bbox 3523 3851 3655 3889; x_wconf 89' lang='lat' dir='ltr'><strong>ana-</strong></span> 
     </span>
    </p>
   </div>
   <div class='ocr_carea' id='block_1_85' title="bbox 2059 3922 3654 3996">
    <p class='ocr_par' dir='ltr' id='par_1_85' title="bbox 2059 3922 3654 3996">
     <span class='ocr_line' id='line_1_85' title="bbox 2059 3922 3654 3996; baseline 0.003 -20"><span class='ocrx_word' id='word_1_694' title='bbox 2059 3924 2241 3978; x_wconf 84' lang='lat' dir='ltr'><strong>thema</strong></span> <span class='ocrx_word' id='word_1_695' title='bbox 2261 3923 2353 3978; x_wconf 91' lang='lat' dir='ltr'><strong>sit.</strong></span> <span class='ocrx_word' id='word_1_696' title='bbox 2377 3922 2431 3978; x_wconf 90' lang='lat' dir='ltr'><strong>Si</strong></span> <span class='ocrx_word' id='word_1_697' title='bbox 2449 3923 2576 3993; x_wconf 90' lang='lat' dir='ltr'><strong>quis</strong></span> <span class='ocrx_word' id='word_1_698' title='bbox 2593 3941 2703 3979; x_wconf 92' lang='lat' dir='ltr'><strong>non</strong></span> <span class='ocrx_word' id='word_1_699' title='bbox 2728 3925 2899 3992; x_wconf 88' lang='lat' dir='ltr'><strong>dicat,</strong></span> <span class='ocrx_word' id='word_1_700' title='bbox 2919 3927 3101 3980; x_wconf 86' lang='lat' dir='ltr'><strong>Patris</strong></span> <span class='ocrx_word' id='word_1_701' title='bbox 3117 3935 3169 3980; x_wconf 87' lang='lat' dir='ltr'><strong>et</strong></span> <span class='ocrx_word' id='word_1_702' title='bbox 3193 3926 3310 3980; x_wconf 84' lang='lat' dir='ltr'><strong>Filii</strong></span> <span class='ocrx_word' id='word_1_703' title='bbox 3332 3935 3388 3980; x_wconf 89' lang='lat' dir='ltr'><strong>et</strong></span> <span class='ocrx_word' id='word_1_704' title='bbox 3411 3927 3654 3996; x_wconf 87' lang='lat' dir='ltr'><strong>Spiritus</strong></span> 
     </span>
    </p>
   </div>
   <div class='ocr_carea' id='block_1_86' title="bbox 2057 4014 3652 4088">
    <p class='ocr_par' dir='ltr' id='par_1_86' title="bbox 2057 4014 3652 4088">
     <span class='ocr_line' id='line_1_86' title="bbox 2057 4014 3652 4088; baseline 0.004 -20"><span class='ocrx_word' id='word_1_705' title='bbox 2057 4014 2233 4068; x_wconf 89' lang='lat' dir='ltr'><strong>sancti</strong></span> <span class='ocrx_word' id='word_1_706' title='bbox 2271 4029 2436 4069; x_wconf 89' lang='lat' dir='ltr'><strong>unam</strong></span> <span class='ocrx_word' id='word_1_707' title='bbox 2463 4015 2742 4077; x_wconf 80' lang='lat' dir='ltr'><strong>deitatem,</strong></span> <span class='ocrx_word' id='word_1_708' title='bbox 2780 4026 3130 4086; x_wconf 89' lang='lat' dir='ltr'><strong>potestatem,</strong></span> <span class='ocrx_word' id='word_1_709' title='bbox 3162 4019 3528 4084; x_wconf 88' lang='lat' dir='ltr'><strong>divinitatem,</strong></span> <span class='ocrx_word' id='word_1_710' title='bbox 3554 4035 3652 4088; x_wconf 85' lang='lat' dir='ltr'><strong>po-</strong></span> 
     </span>
    </p>
   </div>
   <div class='ocr_carea' id='block_1_87' title="bbox 2059 4106 3650 4183">
    <p class='ocr_par' dir='ltr' id='par_1_87' title="bbox 2059 4106 3650 4183">
     <span class='ocr_line' id='line_1_87' title="bbox 2059 4106 3650 4183; baseline 0.004 -23"><span class='ocrx_word' id='word_1_711' title='bbox 2059 4106 2306 4175; x_wconf 86' lang='lat' dir='ltr'><strong>tentiam,</strong></span> <span class='ocrx_word' id='word_1_712' title='bbox 2347 4123 2511 4161; x_wconf 87' lang='lat' dir='ltr'><strong>unam</strong></span> <span class='ocrx_word' id='word_1_713' title='bbox 2542 4111 2798 4180; x_wconf 81' lang='lat' dir='ltr'><strong>gloriam,</strong></span> <span class='ocrx_word' id='word_1_714' title='bbox 2831 4127 2996 4165; x_wconf 89' lang='lat' dir='ltr'><strong>unam</strong></span> <span class='ocrx_word' id='word_1_715' title='bbox 3031 4113 3443 4183; x_wconf 81' lang='lat' dir='ltr'><strong>proprietatem,</strong></span> <span class='ocrx_word' id='word_1_716' title='bbox 3479 4130 3650 4167; x_wconf 90' lang='lat' dir='ltr'><strong>unum</strong></span> 
     </span>
    </p>
   </div>
   <div class='ocr_carea' id='block_1_88' title="bbox 2059 4204 3654 4270">
    <p class='ocr_par' dir='ltr' id='par_1_88' title="bbox 2059 4204 3654 4270">
     <span class='ocr_line' id='line_1_88' title="bbox 2059 4204 3654 4270; baseline 0.008 -18"><span class='ocrx_word' id='word_1_717' title='bbox 2059 4213 2314 4270; x_wconf 78' lang='lat' dir='ltr'><strong>regnum,</strong></span> <span class='ocrx_word' id='word_1_718' title='bbox 2346 4217 2510 4255; x_wconf 87' lang='lat' dir='ltr'><strong>unam</strong></span> <span class='ocrx_word' id='word_1_719' title='bbox 2550 4204 2893 4259; x_wconf 78' lang='lat' dir='ltr'><strong>voluntatem</strong></span> <span class='ocrx_word' id='word_1_720' title='bbox 2918 4214 2973 4260; x_wconf 88' lang='lat' dir='ltr'><strong>et</strong></span> <span class='ocrx_word' id='word_1_721' title='bbox 3015 4206 3327 4268; x_wconf 91' lang='lat' dir='ltr'><strong>veritatem,</strong></span> <span class='ocrx_word' id='word_1_722' title='bbox 3358 4207 3654 4264; x_wconf 85' lang='lat' dir='ltr'><strong>anathema</strong></span> 
     </span>
    </p>
   </div>
   <div class='ocr_carea' id='block_1_89' title="bbox 2060 4291 3655 4367">
    <p class='ocr_par' dir='ltr' id='par_1_89' title="bbox 2060 4291 3655 4367">
     <span class='ocr_line' id='line_1_89' title="bbox 2060 4291 3655 4367; baseline 0.006 -21"><span class='ocrx_word' id='word_1_723' title='bbox 2060 4294 2152 4346; x_wconf 88' lang='lat' dir='ltr'><strong>sit.</strong></span> <span class='ocrx_word' id='word_1_724' title='bbox 2175 4291 2230 4346; x_wconf 90' lang='lat' dir='ltr'><strong>Si</strong></span> <span class='ocrx_word' id='word_1_725' title='bbox 2255 4293 2378 4362; x_wconf 90' lang='lat' dir='ltr'><strong>quis</strong></span> <span class='ocrx_word' id='word_1_726' title='bbox 2396 4300 2505 4348; x_wconf 87' lang='lat' dir='ltr'><strong>non</strong></span> <span class='ocrx_word' id='word_1_727' title='bbox 2531 4295 2700 4357; x_wconf 89' lang='lat' dir='ltr'><strong>dicat,</strong></span> <span class='ocrx_word' id='word_1_728' title='bbox 2727 4306 2838 4351; x_wconf 90' lang='lat' dir='ltr'><strong>tres</strong></span> <span class='ocrx_word' id='word_1_729' title='bbox 2860 4313 2984 4352; x_wconf 89' lang='lat' dir='ltr'><strong>esse</strong></span> <span class='ocrx_word' id='word_1_730' title='bbox 3011 4313 3168 4352; x_wconf 90' lang='lat' dir='ltr'><strong>veras</strong></span> <span class='ocrx_word' id='word_1_731' title='bbox 3191 4313 3455 4367; x_wconf 86' lang='lat' dir='ltr'><strong>personas</strong></span> <span class='ocrx_word' id='word_1_732' title='bbox 3477 4298 3655 4356; x_wconf 87' lang='lat' dir='ltr'><strong>Patris</strong></span> 
     </span>
    </p>
   </div>
   <div class='ocr_carea' id='block_1_90' title="bbox 2060 4383 3651 4462">
    <p class='ocr_par' dir='ltr' id='par_1_90' title="bbox 2060 4383 3651 4462">
     <span class='ocr_line' id='line_1_90' title="bbox 2060 4383 3651 4462; baseline 0.006 -25"><span class='ocrx_word' id='word_1_733' title='bbox 2060 4383 2255 4439; x_wconf 89' lang='lat' dir='ltr'><strong>etFilii</strong></span> <span class='ocrx_word' id='word_1_734' title='bbox 2287 4394 2343 4439; x_wconf 89' lang='lat' dir='ltr'><strong>et</strong></span> <span class='ocrx_word' id='word_1_735' title='bbox 2365 4384 2605 4455; x_wconf 87' lang='lat' dir='ltr'><strong>Spiritus</strong></span> <span class='ocrx_word' id='word_1_736' title='bbox 2633 4388 2832 4451; x_wconf 80' lang='lat' dir='ltr'><strong>sancti,</strong></span> <span class='ocrx_word' id='word_1_737' title='bbox 2852 4389 3113 4458; x_wconf 85' lang='lat' dir='ltr'><strong>aequales,</strong></span> <span class='ocrx_word' id='word_1_738' title='bbox 3132 4406 3352 4459; x_wconf 88' lang='lat' dir='ltr'><strong>semper</strong></span> <span class='ocrx_word' id='word_1_739' title='bbox 3381 4392 3651 4462; x_wconf 83' lang='lat' dir='ltr'><strong>viventes,</strong></span> 
     </span>
    </p>
   </div>
   <div class='ocr_carea' id='block_1_91' title="bbox 2060 4478 3655 4546">
    <p class='ocr_par' dir='ltr' id='par_1_91' title="bbox 2060 4478 3655 4546">
     <span class='ocr_line' id='line_1_91' title="bbox 2060 4478 3655 4546; baseline 0.007 -16"><span class='ocrx_word' id='word_1_740' title='bbox 2060 4478 2245 4532; x_wconf 91' lang='lat' dir='ltr'><strong>omnia</strong></span> <span class='ocrx_word' id='word_1_741' title='bbox 2275 4489 2331 4534; x_wconf 89' lang='lat' dir='ltr'><strong>et</strong></span> <span class='ocrx_word' id='word_1_742' title='bbox 2358 4480 2600 4534; x_wconf 88' lang='lat' dir='ltr'><strong>visibilia</strong></span> <span class='ocrx_word' id='word_1_743' title='bbox 2631 4491 2687 4535; x_wconf 92' lang='lat' dir='ltr'><strong>et</strong></span> <span class='ocrx_word' id='word_1_744' title='bbox 2710 4483 3010 4536; x_wconf 85' lang='lat' dir='ltr'><strong>invisibilia</strong></span> <span class='ocrx_word' id='word_1_745' title='bbox 3062 4485 3434 4546; x_wconf 86' lang='lat' dir='ltr'><strong>continentes.</strong></span> <span class='ocrx_word' id='word_1_746' title='bbox 3468 4487 3655 4542; x_wconf 89' lang='lat' dir='ltr'><strong>omnia</strong></span> 
     </span>
    </p>
   </div>
   <div class='ocr_carea' id='block_1_92' title="bbox 355 4571 1945 4645">
    <p class='ocr_par' dir='ltr' id='par_1_92' title="bbox 355 4571 1945 4645">
     <span class='ocr_line' id='line_1_92' title="bbox 355 4571 1945 4645; baseline -0.004 -15"><span class='ocrx_word' id='word_1_747' title='bbox 355 4575 585 4645; x_wconf 82' lang='grc' dir='ltr'>γοῦντα,</span> <span class='ocrx_word' id='word_1_748' title='bbox 615 4576 794 4628; x_wconf 89' lang='grc' dir='ltr'>πάντα</span> <span class='ocrx_word' id='word_1_749' title='bbox 843 4571 1110 4638; x_wconf 79' lang='grc' dir='ltr'>σώζοντα,</span> <span class='ocrx_word' id='word_1_750' title='bbox 1159 4571 1410 4642; x_wconf 88' lang='grc' dir='ltr'>ἀνάθεμα</span> <span class='ocrx_word' id='word_1_751' title='bbox 1453 4571 1615 4626; x_wconf 73' lang='grc' dir='ltr'>ἔστω.</span> <span class='ocrx_word' id='word_1_752' title='bbox 1653 4573 1723 4628; x_wconf 76' lang='grc' dir='ltr'>Εἴ</span> <span class='ocrx_word' id='word_1_753' title='bbox 1754 4589 1838 4636; x_wconf 88' lang='grc' dir='ltr'><strong>τις</strong></span> <span class='ocrx_word' id='word_1_754' title='bbox 1876 4574 1945 4644; x_wconf 76' lang='grc' dir='ltr'>μὴ</span> 
     </span>
    </p>
   </div>
   <div class='ocr_carea' id='block_1_93' title="bbox 2050 4571 3654 4645">
    <p class='ocr_par' dir='ltr' id='par_1_93' title="bbox 2062 4571 3654 4645">
     <span class='ocr_line' id='line_1_93' title="bbox 2062 4571 3654 4645; baseline 0.009 -26"><span class='ocrx_word' id='word_1_755' title='bbox 2062 4575 2342 4637; x_wconf 89' lang='lat' dir='ltr'><strong>potentes,</strong></span> <span class='ocrx_word' id='word_1_756' title='bbox 2399 4571 2584 4626; x_wconf 91' lang='lat' dir='ltr'><strong>omnia</strong></span> <span class='ocrx_word' id='word_1_757' title='bbox 2654 4571 2994 4642; x_wconf 87' lang='lat' dir='ltr'><strong>judicantes,</strong></span> <span class='ocrx_word' id='word_1_758' title='bbox 3048 4576 3234 4630; x_wconf 92' lang='lat' dir='ltr'><strong>omnia</strong></span> <span class='ocrx_word' id='word_1_759' title='bbox 3286 4578 3654 4645; x_wconf 83' lang='lat' dir='ltr'><strong>viviticantes,</strong></span> 
     </span>
    </p>
   </div>
   <div class='ocr_carea' id='block_1_94' title="bbox 356 4664 1958 4739">
    <p class='ocr_par' dir='ltr' id='par_1_94' title="bbox 356 4664 1958 4739">
     <span class='ocr_line' id='line_1_94' title="bbox 356 4664 1958 4739; baseline -0.001 -21"><span class='ocrx_word' id='word_1_760' title='bbox 356 4667 491 4739; x_wconf 81' lang='grc' dir='ltr'>εἴπῃ</span> <span class='ocrx_word' id='word_1_761' title='bbox 530 4667 910 4738; x_wconf 82' lang='grc' dir='ltr'>προσκυνητὸν</span> <span class='ocrx_word' id='word_1_762' title='bbox 945 4664 1007 4718; x_wconf 83' lang='grc' dir='ltr'><strong>τὸ</strong></span> <span class='ocrx_word' id='word_1_763' title='bbox 1047 4664 1276 4734; x_wconf 89' lang='grc' dir='ltr'>Πνεῦμα</span> <span class='ocrx_word' id='word_1_764' title='bbox 1307 4665 1366 4718; x_wconf 90' lang='grc' dir='ltr'><strong>τὸ</strong></span> <span class='ocrx_word' id='word_1_765' title='bbox 1399 4664 1558 4732; x_wconf 77' lang='grc' dir='ltr'>ἅγιον</span> <span class='ocrx_word' id='word_1_766' title='bbox 1590 4665 1743 4736; x_wconf 83' lang='grc' dir='ltr'>παρὰ</span> <span class='ocrx_word' id='word_1_767' title='bbox 1776 4665 1958 4733; x_wconf 81' lang='grc' dir='ltr'>πάσης</span> 
     </span>
    </p>
   </div>
   <div class='ocr_carea' id='block_1_95' title="bbox 355 4755 1956 4828">
    <p class='ocr_par' dir='ltr' id='par_1_95' title="bbox 355 4755 1956 4828">
     <span class='ocr_line' id='line_1_95' title="bbox 355 4755 1956 4828; baseline -0.003 -14"><span class='ocrx_word' id='word_1_768' title='bbox 355 4761 460 4828; x_wconf 85' lang='grc' dir='ltr'><strong>τῆς</strong></span> <span class='ocrx_word' id='word_1_769' title='bbox 489 4761 747 4823; x_wconf 79' lang='grc' dir='ltr'>κτίσεως,</span> <span class='ocrx_word' id='word_1_770' title='bbox 776 4757 852 4822; x_wconf 84' lang='grc' dir='ltr'>ὡς</span> <span class='ocrx_word' id='word_1_771' title='bbox 886 4757 980 4812; x_wconf 76' lang='grc' dir='ltr'><strong>καὶ</strong></span> <span class='ocrx_word' id='word_1_772' title='bbox 1010 4757 1102 4812; x_wconf 88' lang='grc' dir='ltr'><strong>τὸν</strong></span> <span class='ocrx_word' id='word_1_773' title='bbox 1141 4755 1261 4812; x_wconf 77' lang='grc' dir='ltr'>Υἱὸν</span> <span class='ocrx_word' id='word_1_774' title='bbox 1295 4755 1511 4810; x_wconf 78' lang='grc' dir='ltr'>καὶτὸν</span> <span class='ocrx_word' id='word_1_775' title='bbox 1545 4758 1790 4826; x_wconf 78' lang='grc' dir='ltr'>Πατέρα,</span> <span class='ocrx_word' id='word_1_776' title='bbox 1823 4758 1956 4811; x_wconf 88' lang='grc' dir='ltr'>ἀνά-</span> 
     </span>
    </p>
   </div>
   <div class='ocr_carea' id='block_1_96' title="bbox 359 4847 1960 4922">
    <p class='ocr_par' dir='ltr' id='par_1_96' title="bbox 359 4847 1960 4922">
     <span class='ocr_line' id='line_1_96' title="bbox 359 4847 1960 4922; baseline -0.003 -15"><span class='ocrx_word' id='word_1_777' title='bbox 359 4855 503 4922; x_wconf 86' lang='grc' dir='ltr'>θεμα</span> <span class='ocrx_word' id='word_1_778' title='bbox 533 4853 695 4907; x_wconf 82' lang='grc' dir='ltr'>ἔστω.</span> <span class='ocrx_word' id='word_1_779' title='bbox 725 4851 792 4905; x_wconf 85' lang='grc' dir='ltr'>Εἴ</span> <span class='ocrx_word' id='word_1_780' title='bbox 815 4869 900 4915; x_wconf 86' lang='grc' dir='ltr'><strong>τις</strong></span> <span class='ocrx_word' id='word_1_781' title='bbox 929 4851 1061 4922; x_wconf 74' lang='grc' dir='ltr'>περὶ</span> <span class='ocrx_word' id='word_1_782' title='bbox 1090 4849 1184 4903; x_wconf 93' lang='grc' dir='ltr'><strong>τοῦ</strong></span> <span class='ocrx_word' id='word_1_783' title='bbox 1203 4847 1422 4920; x_wconf 83' lang='grc' dir='ltr'>Πατρὸς</span> <span class='ocrx_word' id='word_1_784' title='bbox 1446 4848 1543 4902; x_wconf 70' lang='grc' dir='ltr'>καὶ</span> <span class='ocrx_word' id='word_1_785' title='bbox 1564 4847 1661 4901; x_wconf 89' lang='grc' dir='ltr'><strong>τοῦ</strong></span> <span class='ocrx_word' id='word_1_786' title='bbox 1699 4849 1832 4902; x_wconf 82' lang='grc' dir='ltr'>Υἱοῦ</span> <span class='ocrx_word' id='word_1_787' title='bbox 1859 4866 1960 4902; x_wconf 79' lang='grc' dir='ltr'>κα-</span> 
     </span>
    </p>
   </div>
   <div class='ocr_carea' id='block_1_97' title="bbox 358 4938 1960 5015">
    <p class='ocr_par' dir='ltr' id='par_1_97' title="bbox 358 4938 1960 5015">
     <span class='ocr_line' id='line_1_97' title="bbox 358 4938 1960 5015; baseline -0.004 -19"><span class='ocrx_word' id='word_1_788' title='bbox 358 4945 470 5007; x_wconf 70' lang='grc' dir='ltr'>λτῖις</span> <span class='ocrx_word' id='word_1_789' title='bbox 497 4947 766 5015; x_wconf 77' lang='grc' dir='ltr'>φρονήσῃ,</span> <span class='ocrx_word' id='word_1_790' title='bbox 810 4943 940 5012; x_wconf 72' lang='grc' dir='ltr'>περὶ</span> <span class='ocrx_word' id='word_1_791' title='bbox 967 4943 1024 4995; x_wconf 85' lang='grc' dir='ltr'>δὲ</span> <span class='ocrx_word' id='word_1_792' title='bbox 1053 4941 1148 4994; x_wconf 88' lang='grc' dir='ltr'><strong>τοῦ</strong></span> <span class='ocrx_word' id='word_1_793' title='bbox 1180 4939 1339 5009; x_wconf 84' lang='grc' dir='ltr'>ἁγίου</span> <span class='ocrx_word' id='word_1_794' title='bbox 1380 4939 1702 5010; x_wconf 87' lang='grc' dir='ltr'>Πνεύματος</span> <span class='ocrx_word' id='word_1_795' title='bbox 1737 4938 1838 4991; x_wconf 88' lang='grc' dir='ltr'><strong>οὐκ</strong></span> <span class='ocrx_word' id='word_1_796' title='bbox 1869 4940 1960 5008; x_wconf 79' lang='grc' dir='ltr'><strong>ὁρ-</strong></span> 
     </span>
    </p>
   </div>
   <div class='ocr_carea' id='block_1_98' title="bbox 361 5031 1956 5107">
    <p class='ocr_par' dir='ltr' id='par_1_98' title="bbox 361 5031 1956 5107">
     <span class='ocr_line' id='line_1_98' title="bbox 361 5031 1956 5107; baseline -0.004 -18"><span class='ocrx_word' id='word_1_797' title='bbox 361 5037 469 5099; x_wconf 79' lang='grc' dir='ltr'><strong>θῶς</strong></span> <span class='ocrx_word' id='word_1_798' title='bbox 503 5037 617 5107; x_wconf 79' lang='grc' dir='ltr'>ἔχει</span> <span class='ocrx_word' id='word_1_799' title='bbox 639 5076 653 5100; x_wconf 87' lang='grc'><strong>,</strong></span> <span class='ocrx_word' id='word_1_800' title='bbox 692 5035 972 5106; x_wconf 86' lang='grc' dir='ltr'>αἱρετικός</span> <span class='ocrx_word' id='word_1_801' title='bbox 1008 5036 1124 5087; x_wconf 77' lang='grc' dir='ltr'>ἐστι</span> <span class='ocrx_word' id='word_1_802' title='bbox 1149 5051 1162 5065; x_wconf 88' lang='grc'><strong>·</strong></span> <span class='ocrx_word' id='word_1_803' title='bbox 1193 5033 1278 5086; x_wconf 81' lang='grc' dir='ltr'><strong>ὅτι</strong></span> <span class='ocrx_word' id='word_1_804' title='bbox 1329 5032 1531 5094; x_wconf 85' lang='grc' dir='ltr'>πάντες</span> <span class='ocrx_word' id='word_1_805' title='bbox 1582 5032 1633 5085; x_wconf 78' lang='grc' dir='ltr'>οἱ</span> <span class='ocrx_word' id='word_1_806' title='bbox 1666 5031 1956 5102; x_wconf 70' lang='grc' dir='ltr'>αἴρετικοὶ,</span> 
     </span>
    </p>
   </div>
   <div class='ocr_carea' id='block_1_99' title="bbox 361 5122 1961 5200">
    <p class='ocr_par' dir='ltr' id='par_1_99' title="bbox 361 5122 1961 5200">
     <span class='ocr_line' id='line_1_99' title="bbox 361 5122 1961 5200; baseline -0.003 -18"><span class='ocrx_word' id='word_1_807' title='bbox 361 5130 492 5200; x_wconf 73' lang='grc' dir='ltr'>περὶ</span> <span class='ocrx_word' id='word_1_808' title='bbox 519 5129 613 5183; x_wconf 86' lang='grc' dir='ltr'><strong>τοῦ</strong></span> <span class='ocrx_word' id='word_1_809' title='bbox 641 5129 775 5183; x_wconf 83' lang='grc' dir='ltr'>Υἰοῦ</span> <span class='ocrx_word' id='word_1_810' title='bbox 810 5129 905 5180; x_wconf 91' lang='grc' dir='ltr'><strong>τοῦ</strong></span> <span class='ocrx_word' id='word_1_811' title='bbox 924 5125 1059 5180; x_wconf 85' lang='grc' dir='ltr'>Θεοῦ</span> <span class='ocrx_word' id='word_1_812' title='bbox 1092 5126 1186 5179; x_wconf 79' lang='grc' dir='ltr'>καὶ</span> <span class='ocrx_word' id='word_1_813' title='bbox 1215 5123 1348 5198; x_wconf 78' lang='grc' dir='ltr'>περὶ</span> <span class='ocrx_word' id='word_1_814' title='bbox 1374 5123 1470 5178; x_wconf 89' lang='grc' dir='ltr'><strong>τοῦ</strong></span> <span class='ocrx_word' id='word_1_815' title='bbox 1504 5123 1664 5191; x_wconf 81' lang='grc' dir='ltr'>άγὶου</span> <span class='ocrx_word' id='word_1_816' title='bbox 1704 5122 1961 5193; x_wconf 75' lang='grc' dir='ltr'>Πνεύμαο</span> 
     </span>
    </p>
   </div>
   <div class='ocr_carea' id='block_1_100' title="bbox 360 5214 1958 5290">
    <p class='ocr_par' dir='ltr' id='par_1_100' title="bbox 360 5214 1958 5290">
     <span class='ocr_line' id='line_1_100' title="bbox 360 5214 1958 5290; baseline -0.005 -16"><span class='ocrx_word' id='word_1_817' title='bbox 360 5239 451 5284; x_wconf 85' lang='grc' dir='ltr'><strong>τος</strong></span> <span class='ocrx_word' id='word_1_818' title='bbox 481 5221 662 5284; x_wconf 82' lang='grc' dir='ltr'>κακῶς</span> <span class='ocrx_word' id='word_1_819' title='bbox 700 5217 1051 5290; x_wconf 77' lang='grc' dir='ltr'>φρονοῦντες,</span> <span class='ocrx_word' id='word_1_820' title='bbox 1082 5218 1140 5270; x_wconf 83' lang='grc' dir='ltr'>ὲν</span> <span class='ocrx_word' id='word_1_821' title='bbox 1175 5217 1240 5288; x_wconf 86' lang='grc' dir='ltr'>τῇ</span> <span class='ocrx_word' id='word_1_822' title='bbox 1293 5215 1402 5268; x_wconf 86' lang='grc' dir='ltr'><strong>τῶν</strong></span> <span class='ocrx_word' id='word_1_823' title='bbox 1441 5214 1709 5268; x_wconf 81' lang='grc' dir='ltr'>Ἰουδαίων</span> <span class='ocrx_word' id='word_1_824' title='bbox 1757 5215 1852 5268; x_wconf 74' lang='grc' dir='ltr'>καὶ</span> <span class='ocrx_word' id='word_1_825' title='bbox 1889 5218 1958 5285; x_wconf 78' lang='grc' dir='ltr'>τῇ</span> 
     </span>
    </p>
   </div>
   <div class='ocr_carea' id='block_1_101' title="bbox 359 5307 1958 5382">
    <p class='ocr_par' dir='ltr' id='par_1_101' title="bbox 359 5307 1958 5382">
     <span class='ocr_line' id='line_1_101' title="bbox 359 5307 1958 5382; baseline -0.005 -14"><span class='ocrx_word' id='word_1_826' title='bbox 359 5315 471 5368; x_wconf 83' lang='grc' dir='ltr'>τῶν</span> <span class='ocrx_word' id='word_1_827' title='bbox 503 5313 733 5367; x_wconf 66' lang='grc' dir='ltr'>ἐθνικῶν</span> <span class='ocrx_word' id='word_1_828' title='bbox 790 5311 1024 5382; x_wconf 78' lang='grc' dir='ltr'>ἀπιστίᾳ</span> <span class='ocrx_word' id='word_1_829' title='bbox 1059 5310 1352 5380; x_wconf 86' lang='grc' dir='ltr'>τυγχάνειν</span> <span class='ocrx_word' id='word_1_830' title='bbox 1392 5308 1727 5378; x_wconf 74' lang='grc' dir='ltr'>ἐλέγχονται.</span> <span class='ocrx_word' id='word_1_831' title='bbox 1784 5307 1852 5361; x_wconf 85' lang='grc' dir='ltr'>Εἴ</span> <span class='ocrx_word' id='word_1_832' title='bbox 1877 5325 1958 5372; x_wconf 88' lang='grc' dir='ltr'><strong>τις</strong></span> 
     </span>
    </p>
   </div>
   <div class='ocr_carea' id='block_1_102' title="bbox 260 5397 1961 5477">
    <p class='ocr_par' dir='ltr' id='par_1_102' title="bbox 260 5397 1961 5477">
     <span class='ocr_line' id='line_1_102' title="bbox 260 5397 1961 5477; baseline -0.002 -20"><span class='ocrx_word' id='word_1_833' title='bbox 260 5403 264 5405; x_wconf 17' lang='grc' dir='ltr'><em>Α</em></span> <span class='ocrx_word' id='word_1_834' title='bbox 360 5407 418 5459; x_wconf 79' lang='grc' dir='ltr'><strong>δὲ</strong></span> <span class='ocrx_word' id='word_1_835' title='bbox 452 5406 654 5477; x_wconf 85' lang='grc' dir='ltr'>μερὶσῃ</span> <span class='ocrx_word' id='word_1_836' title='bbox 695 5401 948 5472; x_wconf 85' lang='grc' dir='ltr'>θεότητα,</span> <span class='ocrx_word' id='word_1_837' title='bbox 973 5401 1108 5453; x_wconf 83' lang='grc' dir='ltr'>Θεὸν</span> <span class='ocrx_word' id='word_1_838' title='bbox 1140 5401 1232 5452; x_wconf 84' lang='grc' dir='ltr'><strong>τὸν</strong></span> <span class='ocrx_word' id='word_1_839' title='bbox 1265 5397 1487 5469; x_wconf 84' lang='grc' dir='ltr'>Πατέρα</span> <span class='ocrx_word' id='word_1_840' title='bbox 1516 5397 1693 5466; x_wconf 86' lang='grc' dir='ltr'>λέγων</span> <span class='ocrx_word' id='word_1_841' title='bbox 1725 5399 1830 5453; x_wconf 85' lang='grc' dir='ltr'><strong>ἀνά</strong></span> <span class='ocrx_word' id='word_1_842' title='bbox 1867 5400 1961 5468; x_wconf 83' lang='grc' dir='ltr'>μέ·</span> 
     </span>
    </p>
   </div>
   <div class='ocr_carea' id='block_1_103' title="bbox 367 5487 1962 5570">
    <p class='ocr_par' dir='ltr' id='par_1_103' title="bbox 367 5487 1962 5570">
     <span class='ocr_line' id='line_1_103' title="bbox 367 5487 1962 5570; baseline -0.005 -19"><span class='ocrx_word' id='word_1_843' title='bbox 367 5516 483 5570; x_wconf 85' lang='grc' dir='ltr'>ρος,</span> <span class='ocrx_word' id='word_1_844' title='bbox 525 5497 620 5549; x_wconf 65' lang='grc' dir='ltr'><strong>καλ⁸</strong></span> <span class='ocrx_word' id='word_1_845' title='bbox 670 5495 805 5548; x_wconf 85' lang='grc' dir='ltr'>Θεὸν</span> <span class='ocrx_word' id='word_1_846' title='bbox 858 5491 949 5546; x_wconf 89' lang='grc' dir='ltr'><strong>τὸν</strong></span> <span class='ocrx_word' id='word_1_847' title='bbox 1001 5492 1149 5552; x_wconf 83' lang='grc' dir='ltr'>Υἱὸν,</span> <span class='ocrx_word' id='word_1_848' title='bbox 1205 5492 1303 5545; x_wconf 77' lang='grc' dir='ltr'><strong>καὶ</strong></span> <span class='ocrx_word' id='word_1_849' title='bbox 1355 5490 1490 5544; x_wconf 85' lang='grc' dir='ltr'>Θεὸν</span> <span class='ocrx_word' id='word_1_850' title='bbox 1517 5490 1577 5543; x_wconf 86' lang='grc' dir='ltr'><strong>τὸ</strong></span> <span class='ocrx_word' id='word_1_851' title='bbox 1615 5487 1841 5559; x_wconf 89' lang='grc' dir='ltr'>Πνεῦμα</span> <span class='ocrx_word' id='word_1_852' title='bbox 1901 5491 1962 5544; x_wconf 86' lang='grc' dir='ltr'><strong>τὸ</strong></span> 
     </span>
    </p>
   </div>
   <div class='ocr_carea' id='block_1_104' title="bbox 363 5582 1962 5671">
    <p class='ocr_par' dir='ltr' id='par_1_104' title="bbox 363 5582 1962 5671">
     <span class='ocr_line' id='line_1_104' title="bbox 363 5582 1962 5671; baseline -0.006 -26"><span class='ocrx_word' id='word_1_853' title='bbox 363 5594 544 5658; x_wconf 77' lang='grc' dir='ltr'>ἆγιον,</span> <span class='ocrx_word' id='word_1_854' title='bbox 594 5585 1073 5671; x_wconf 80' lang='grc' dir='ltr'>διισχυριζόμενος</span> <span class='ocrx_word' id='word_1_855' title='bbox 1127 5587 1277 5654; x_wconf 85' lang='grc' dir='ltr'>τρεῖς</span> <span class='ocrx_word' id='word_1_856' title='bbox 1335 5583 1504 5646; x_wconf 85' lang='grc' dir='ltr'>Θεοὺς</span> <span class='ocrx_word' id='word_1_857' title='bbox 1551 5582 1835 5651; x_wconf 88' lang='grc' dir='ltr'>λέγεσθαι,</span> <span class='ocrx_word' id='word_1_858' title='bbox 1864 5586 1962 5636; x_wconf 77' lang='grc' dir='ltr'><strong>καὶ</strong></span> 
     </span>
    </p>
   </div>
   <div class='ocr_carea' id='block_1_105' title="bbox 361 5677 1962 5754">
    <p class='ocr_par' dir='ltr' id='par_1_105' title="bbox 361 5677 1962 5754">
     <span class='ocr_line' id='line_1_105' title="bbox 361 5677 1962 5754; baseline -0.005 -17"><span class='ocrx_word' id='word_1_859' title='bbox 361 5685 490 5754; x_wconf 72' lang='grc' dir='ltr'>οὐχὶ</span> <span class='ocrx_word' id='word_1_860' title='bbox 537 5681 667 5753; x_wconf 84' lang='grc' dir='ltr'>μίαν</span> <span class='ocrx_word' id='word_1_861' title='bbox 714 5679 946 5750; x_wconf 77' lang='grc' dir='ltr'>θεότητα</span> <span class='ocrx_word' id='word_1_862' title='bbox 981 5680 1039 5731; x_wconf 78' lang='grc' dir='ltr'>ὲν</span> <span class='ocrx_word' id='word_1_863' title='bbox 1071 5679 1254 5748; x_wconf 78' lang='grc' dir='ltr'>τρισὶν</span> <span class='ocrx_word' id='word_1_864' title='bbox 1290 5678 1647 5741; x_wconf 80' lang='grc' dir='ltr'>ὑποστάσεσι,</span> <span class='ocrx_word' id='word_1_865' title='bbox 1700 5677 1794 5728; x_wconf 74' lang='grc' dir='ltr'><strong>καὶ</strong></span> <span class='ocrx_word' id='word_1_866' title='bbox 1830 5677 1962 5746; x_wconf 83' lang='grc' dir='ltr'>μίαν</span> 
     </span>
    </p>
   </div>
   <div class='ocr_carea' id='block_1_106' title="bbox 438 5857 1739 5935">
    <p class='ocr_par' dir='ltr' id='par_1_106' title="bbox 438 5857 1739 5935">
     <span class='ocr_line' id='line_1_106' title="bbox 438 5857 1739 5935; baseline -0.004 -19"><span class='ocrx_word' id='word_1_867' title='bbox 438 5864 515 5935; x_wconf 74' lang='lat'><strong>(‘2)</strong></span> <span class='ocrx_word' id='word_1_868' title='bbox 548 5860 808 5929; x_wconf 59' lang='lat' dir='ltr'><strong>Quadam</strong></span> <span class='ocrx_word' id='word_1_869' title='bbox 839 5858 1174 5926; x_wconf 78' lang='lat' dir='ltr'><strong>exemplaria</strong></span> <span class='ocrx_word' id='word_1_870' title='bbox 1210 5873 1319 5913; x_wconf 88' lang='lat' dir='ltr'><strong>non</strong></span> <span class='ocrx_word' id='word_1_871' title='bbox 1351 5857 1580 5924; x_wconf 84' lang='lat' dir='ltr'><strong>habent,</strong></span> <span class='ocrx_word' id='word_1_872' title='bbox 1613 5864 1739 5911; x_wconf 78' lang='lat' dir='ltr'><strong>tres.</strong></span> 
     </span>
    </p>
   </div>
   <div class='ocr_carea' id='block_1_107' title="bbox 2063 4661 3651 4734">
    <p class='ocr_par' dir='ltr' id='par_1_107' title="bbox 2063 4661 3651 4734">
     <span class='ocr_line' id='line_1_107' title="bbox 2063 4661 3651 4734; baseline 0.008 -21"><span class='ocrx_word' id='word_1_873' title='bbox 2063 4661 2250 4715; x_wconf 89' lang='lat' dir='ltr'><strong>omnia</strong></span> <span class='ocrx_word' id='word_1_874' title='bbox 2292 4671 2572 4732; x_wconf 89' lang='lat' dir='ltr'><strong>creantes,</strong></span> <span class='ocrx_word' id='word_1_875' title='bbox 2602 4667 2786 4720; x_wconf 88' lang='lat' dir='ltr'><strong>omnia</strong></span> <span class='ocrx_word' id='word_1_876' title='bbox 2842 4676 3152 4734; x_wconf 83' lang='lat' dir='ltr'><strong>servantes,</strong></span> <span class='ocrx_word' id='word_1_877' title='bbox 3210 4671 3502 4726; x_wconf 88' lang='lat' dir='ltr'><strong>anathema</strong></span> <span class='ocrx_word' id='word_1_878' title='bbox 3560 4674 3651 4726; x_wconf 90' lang='lat' dir='ltr'><strong>sit.</strong></span> 
     </span>
    </p>
   </div>
   <div class='ocr_carea' id='block_1_108' title="bbox 2061 4753 3659 4834">
    <p class='ocr_par' dir='ltr' id='par_1_108' title="bbox 2061 4753 3659 4834">
     <span class='ocr_line' id='line_1_108' title="bbox 2061 4753 3659 4834; baseline 0.008 -27"><span class='ocrx_word' id='word_1_879' title='bbox 2061 4753 2228 4824; x_wconf 82' lang='lat'><strong>258</strong></span> <span class='ocrx_word' id='word_1_880' title='bbox 2258 4753 2315 4809; x_wconf 89' lang='lat' dir='ltr'><strong>Si</strong></span> <span class='ocrx_word' id='word_1_881' title='bbox 2351 4759 2476 4825; x_wconf 87' lang='lat' dir='ltr'><strong>quis</strong></span> <span class='ocrx_word' id='word_1_882' title='bbox 2525 4775 2636 4812; x_wconf 90' lang='lat' dir='ltr'><strong>non</strong></span> <span class='ocrx_word' id='word_1_883' title='bbox 2662 4759 2811 4814; x_wconf 89' lang='lat' dir='ltr'><strong>dicat</strong></span> <span class='ocrx_word' id='word_1_884' title='bbox 2838 4759 3103 4828; x_wconf 84' lang='lat' dir='ltr'><strong>Spiritum</strong></span> <span class='ocrx_word' id='word_1_885' title='bbox 3139 4774 3392 4818; x_wconf 82' lang='lat' dir='ltr'><strong>sanctum</strong></span> <span class='ocrx_word' id='word_1_886' title='bbox 3430 4767 3659 4834; x_wconf 87' lang='lat' dir='ltr'><strong>perinde</strong></span> 
     </span>
    </p>
   </div>
   <div class='ocr_carea' id='block_1_109' title="bbox 2063 4848 3660 4917">
    <p class='ocr_par' dir='ltr' id='par_1_109' title="bbox 2063 4848 3660 4917">
     <span class='ocr_line' id='line_1_109' title="bbox 2063 4848 3660 4917; baseline 0.008 -17"><span class='ocrx_word' id='word_1_887' title='bbox 2063 4855 2230 4917; x_wconf 90' lang='lat' dir='ltr'><strong>atque</strong></span> <span class='ocrx_word' id='word_1_888' title='bbox 2256 4848 2455 4904; x_wconf 88' lang='lat' dir='ltr'><strong>Filium</strong></span> <span class='ocrx_word' id='word_1_889' title='bbox 2480 4859 2535 4906; x_wconf 89' lang='lat' dir='ltr'><strong>et</strong></span> <span class='ocrx_word' id='word_1_890' title='bbox 2582 4851 2803 4907; x_wconf 89' lang='lat' dir='ltr'><strong>Patrem</strong></span> <span class='ocrx_word' id='word_1_891' title='bbox 2829 4855 2899 4910; x_wconf 85' lang='lat' dir='ltr'><strong>ab</strong></span> <span class='ocrx_word' id='word_1_892' title='bbox 2931 4855 3083 4909; x_wconf 89' lang='lat' dir='ltr'><strong>omni</strong></span> <span class='ocrx_word' id='word_1_893' title='bbox 3133 4867 3390 4912; x_wconf 86' lang='lat' dir='ltr'><strong>creatura</strong></span> <span class='ocrx_word' id='word_1_894' title='bbox 3421 4858 3660 4913; x_wconf 87' lang='lat' dir='ltr'><strong>adoran-</strong></span> 
     </span>
    </p>
   </div>
   <div class='ocr_carea' id='block_1_110' title="bbox 2064 4937 3661 5016">
    <p class='ocr_par' dir='ltr' id='par_1_110' title="bbox 2064 4937 3661 5016">
     <span class='ocr_line' id='line_1_110' title="bbox 2064 4937 3661 5016; baseline 0.009 -26"><span class='ocrx_word' id='word_1_895' title='bbox 2064 4937 2194 4991; x_wconf 92' lang='lat' dir='ltr'><strong>dum</strong></span> <span class='ocrx_word' id='word_1_896' title='bbox 2231 4954 2378 5002; x_wconf 88' lang='lat' dir='ltr'><strong>esse,</strong></span> <span class='ocrx_word' id='word_1_897' title='bbox 2407 4943 2702 4997; x_wconf 87' lang='lat' dir='ltr'><strong>anathema</strong></span> <span class='ocrx_word' id='word_1_898' title='bbox 2747 4946 2839 5000; x_wconf 90' lang='lat' dir='ltr'><strong>sit.</strong></span> <span class='ocrx_word' id='word_1_899' title='bbox 2868 4947 2922 5000; x_wconf 90' lang='lat' dir='ltr'><strong>Si</strong></span> <span class='ocrx_word' id='word_1_900' title='bbox 2962 4947 3088 5016; x_wconf 89' lang='lat' dir='ltr'><strong>quis</strong></span> <span class='ocrx_word' id='word_1_901' title='bbox 3120 4948 3188 5003; x_wconf 93' lang='lat' dir='ltr'><strong>de</strong></span> <span class='ocrx_word' id='word_1_902' title='bbox 3240 4949 3402 5004; x_wconf 82' lang='lat' dir='ltr'><strong>Patre</strong></span> <span class='ocrx_word' id='word_1_903' title='bbox 3431 4960 3488 5004; x_wconf 89' lang='lat' dir='ltr'><strong>et</strong></span> <span class='ocrx_word' id='word_1_904' title='bbox 3523 4952 3661 5006; x_wconf 85' lang='lat' dir='ltr'><strong>Filio</strong></span> 
     </span>
    </p>
   </div>
   <div class='ocr_carea' id='block_1_111' title="bbox 2073 5033 3658 5108">
    <p class='ocr_par' dir='ltr' id='par_1_111' title="bbox 2073 5033 3658 5108">
     <span class='ocr_line' id='line_1_111' title="bbox 2073 5033 3658 5108; baseline 0.008 -26"><span class='ocrx_word' id='word_1_905' title='bbox 2073 5037 2224 5085; x_wconf 83' lang='lat' dir='ltr'><strong>recte</strong></span> <span class='ocrx_word' id='word_1_906' title='bbox 2258 5033 2486 5099; x_wconf 84' lang='lat' dir='ltr'><strong>sentiat,</strong></span> <span class='ocrx_word' id='word_1_907' title='bbox 2513 5035 2581 5089; x_wconf 92' lang='lat' dir='ltr'><strong>de</strong></span> <span class='ocrx_word' id='word_1_908' title='bbox 2612 5035 2820 5106; x_wconf 86' lang='lat' dir='ltr'><strong>Spiritu</strong></span> <span class='ocrx_word' id='word_1_909' title='bbox 2847 5053 2979 5092; x_wconf 84' lang='lat' dir='ltr'><strong>vero</strong></span> <span class='ocrx_word' id='word_1_910' title='bbox 3015 5049 3210 5094; x_wconf 88' lang='lat' dir='ltr'><strong>sancto</strong></span> <span class='ocrx_word' id='word_1_911' title='bbox 3265 5040 3658 5108; x_wconf 85' lang='lat' dir='ltr'><strong>hatlucinetur,</strong></span> 
     </span>
    </p>
   </div>
   <div class='ocr_carea' id='block_1_112' title="bbox 2067 5123 3663 5199">
    <p class='ocr_par' dir='ltr' id='par_1_112' title="bbox 2067 5123 3663 5199">
     <span class='ocr_line' id='line_1_112' title="bbox 2067 5123 3663 5199; baseline 0.008 -23"><span class='ocrx_word' id='word_1_912' title='bbox 2067 5123 2364 5178; x_wconf 55' lang='lat' dir='ltr'><strong>haereticus</strong></span> <span class='ocrx_word' id='word_1_913' title='bbox 2397 5136 2503 5182; x_wconf 90' lang='lat' dir='ltr'><strong>est.</strong></span> <span class='ocrx_word' id='word_1_914' title='bbox 2536 5128 2807 5195; x_wconf 85' lang='lat' dir='ltr'><strong>Quoniam</strong></span> <span class='ocrx_word' id='word_1_915' title='bbox 2838 5145 3031 5188; x_wconf 90' lang='lat' dir='ltr'><strong>omnes</strong></span> <span class='ocrx_word' id='word_1_916' title='bbox 3057 5134 3371 5199; x_wconf 78' lang='lat' dir='ltr'><strong>haereticos,</strong></span> <span class='ocrx_word' id='word_1_917' title='bbox 3414 5133 3483 5188; x_wconf 91' lang='lat' dir='ltr'><strong>de</strong></span> <span class='ocrx_word' id='word_1_918' title='bbox 3525 5135 3663 5189; x_wconf 88' lang='lat' dir='ltr'><strong>Filio</strong></span> 
     </span>
    </p>
   </div>
   <div class='ocr_carea' id='block_1_113' title="bbox 2067 5214 3663 5294">
    <p class='ocr_par' dir='ltr' id='par_1_113' title="bbox 2067 5214 3663 5294">
     <span class='ocr_line' id='line_1_113' title="bbox 2067 5214 3663 5294; baseline 0.008 -27"><span class='ocrx_word' id='word_1_919' title='bbox 2067 5214 2184 5279; x_wconf 89' lang='lat' dir='ltr'><strong>Dei,</strong></span> <span class='ocrx_word' id='word_1_920' title='bbox 2221 5225 2279 5271; x_wconf 92' lang='lat' dir='ltr'><strong>et</strong></span> <span class='ocrx_word' id='word_1_921' title='bbox 2313 5218 2380 5272; x_wconf 92' lang='lat' dir='ltr'><strong>de</strong></span> <span class='ocrx_word' id='word_1_922' title='bbox 2407 5218 2619 5288; x_wconf 79' lang='lat' dir='ltr'><strong>Spiritu</strong></span> <span class='ocrx_word' id='word_1_923' title='bbox 2658 5231 2852 5276; x_wconf 89' lang='lat' dir='ltr'><strong>sancto</strong></span> <span class='ocrx_word' id='word_1_924' title='bbox 2877 5239 3166 5294; x_wconf 87' lang='lat' dir='ltr'><strong>perperam</strong></span> <span class='ocrx_word' id='word_1_925' title='bbox 3219 5227 3551 5292; x_wconf 84' lang='lat' dir='ltr'><strong>sentientes,</strong></span> <span class='ocrx_word' id='word_1_926' title='bbox 3608 5226 3663 5280; x_wconf 86' lang='lat' dir='ltr'><strong>in</strong></span> 
     </span>
    </p>
   </div>
   <div class='ocr_carea' id='block_1_114' title="bbox 2065 5304 3664 5374">
    <p class='ocr_par' dir='ltr' id='par_1_114' title="bbox 2065 5304 3664 5374">
     <span class='ocr_line' id='line_1_114' title="bbox 2065 5304 3664 5374; baseline 0.007 -13"><span class='ocrx_word' id='word_1_927' title='bbox 2065 5304 2378 5363; x_wconf 63' lang='lat' dir='ltr'><strong>Judaenrum</strong></span> <span class='ocrx_word' id='word_1_928' title='bbox 2396 5312 2820 5369; x_wconf 85' lang='lat' dir='ltr'><strong>etethnicorum</strong></span> <span class='ocrx_word' id='word_1_929' title='bbox 2845 5315 3170 5372; x_wconf 82' lang='lat' dir='ltr'><strong>inﬁdelitate</strong></span> <span class='ocrx_word' id='word_1_930' title='bbox 3198 5320 3406 5374; x_wconf 75' lang='lat' dir='ltr'><strong>haerere</strong></span> <span class='ocrx_word' id='word_1_931' title='bbox 3427 5328 3664 5373; x_wconf 85' lang='lat' dir='ltr'><strong>constat.</strong></span> 
     </span>
    </p>
   </div>
   <div class='ocr_carea' id='block_1_115' title="bbox 2067 5396 3668 5480">
    <p class='ocr_par' dir='ltr' id='par_1_115' title="bbox 2067 5396 3668 5480">
     <span class='ocr_line' id='line_1_115' title="bbox 2067 5396 3668 5480; baseline 0.008 -29"><span class='ocrx_word' id='word_1_932' title='bbox 2067 5396 2123 5452; x_wconf 91' lang='lat' dir='ltr'><strong>Si</strong></span> <span class='ocrx_word' id='word_1_933' title='bbox 2147 5399 2636 5467; x_wconf 90' lang='lat' dir='ltr'><strong>quisdivinitatem</strong></span> <span class='ocrx_word' id='word_1_934' title='bbox 2692 5405 2933 5473; x_wconf 86' lang='lat' dir='ltr'><strong>dividat,</strong></span> <span class='ocrx_word' id='word_1_935' title='bbox 2992 5411 3276 5480; x_wconf 80' lang='lat' dir='ltr'><strong>sigillatim</strong></span> <span class='ocrx_word' id='word_1_936' title='bbox 3343 5411 3517 5466; x_wconf 89' lang='lat' dir='ltr'><strong>Deum</strong></span> <span class='ocrx_word' id='word_1_937' title='bbox 3568 5411 3668 5464; x_wconf 87' lang='lat' dir='ltr'><strong>Pa-</strong></span> 
     </span>
    </p>
   </div>
   <div class='ocr_carea' id='block_1_116' title="bbox 2067 5492 3666 5576">
    <p class='ocr_par' dir='ltr' id='par_1_116' title="bbox 2067 5492 3666 5576">
     <span class='ocr_line' id='line_1_116' title="bbox 2067 5492 3666 5576; baseline 0.008 -31"><span class='ocrx_word' id='word_1_938' title='bbox 2067 5498 2206 5546; x_wconf 89' lang='lat' dir='ltr'><strong>trem</strong></span> <span class='ocrx_word' id='word_1_939' title='bbox 2248 5492 2463 5559; x_wconf 85' lang='lat' dir='ltr'><strong>diccns.</strong></span> <span class='ocrx_word' id='word_1_940' title='bbox 2508 5506 2563 5554; x_wconf 89' lang='lat' dir='ltr'><strong>et</strong></span> <span class='ocrx_word' id='word_1_941' title='bbox 2597 5499 2767 5556; x_wconf 86' lang='lat' dir='ltr'><strong>Deum</strong></span> <span class='ocrx_word' id='word_1_942' title='bbox 2819 5503 3039 5569; x_wconf 91' lang='lat' dir='ltr'><strong>Filium,</strong></span> <span class='ocrx_word' id='word_1_943' title='bbox 3071 5514 3128 5559; x_wconf 87' lang='lat' dir='ltr'><strong>et</strong></span> <span class='ocrx_word' id='word_1_944' title='bbox 3160 5505 3329 5558; x_wconf 88' lang='lat' dir='ltr'><strong>Deum</strong></span> <span class='ocrx_word' id='word_1_945' title='bbox 3398 5505 3666 5576; x_wconf 84' lang='lat' dir='ltr'><strong>Spiritum</strong></span> 
     </span>
    </p>
   </div>
   <div class='ocr_carea' id='block_1_117' title="bbox 2065 5597 3672 5671">
    <p class='ocr_par' dir='ltr' id='par_1_117' title="bbox 2065 5597 3672 5671">
     <span class='ocr_line' id='line_1_117' title="bbox 2065 5597 3672 5671; baseline 0.006 -28"><span class='ocrx_word' id='word_1_946' title='bbox 2065 5599 2336 5658; x_wconf 90' lang='lat' dir='ltr'><strong>sanctum,</strong></span> <span class='ocrx_word' id='word_1_947' title='bbox 2367 5604 2423 5649; x_wconf 89' lang='lat' dir='ltr'><strong>et</strong></span> <span class='ocrx_word' id='word_1_948' title='bbox 2449 5597 2747 5652; x_wconf 89' lang='lat' dir='ltr'><strong>contendat</strong></span> <span class='ocrx_word' id='word_1_949' title='bbox 2776 5600 2979 5671; x_wconf 85' lang='lat' dir='ltr'><strong>tres(l)</strong></span> <span class='ocrx_word' id='word_1_950' title='bbox 3013 5599 3145 5654; x_wconf 91' lang='lat' dir='ltr'><strong>deos</strong></span> <span class='ocrx_word' id='word_1_951' title='bbox 3168 5600 3432 5654; x_wconf 90' lang='lat' dir='ltr'><strong>dicendos</strong></span> <span class='ocrx_word' id='word_1_952' title='bbox 3452 5614 3596 5664; x_wconf 88' lang='lat' dir='ltr'><strong>esse,</strong></span> <span class='ocrx_word' id='word_1_953' title='bbox 3615 5604 3672 5652; x_wconf 86' lang='lat' dir='ltr'><strong>et</strong></span> 
     </span>
    </p>
   </div>
   <div class='ocr_carea' id='block_1_118' title="bbox 2063 5687 3673 5764">
    <p class='ocr_par' dir='ltr' id='par_1_118' title="bbox 2063 5687 3673 5764">
     <span class='ocr_line' id='line_1_118' title="bbox 2063 5687 3673 5764; baseline 0.005 -27"><span class='ocrx_word' id='word_1_954' title='bbox 2063 5697 2175 5738; x_wconf 90' lang='lat' dir='ltr'><strong>non</strong></span> <span class='ocrx_word' id='word_1_955' title='bbox 2208 5701 2378 5740; x_wconf 79' lang='lat' dir='ltr'><strong>unum</strong></span> <span class='ocrx_word' id='word_1_956' title='bbox 2404 5687 2574 5744; x_wconf 88' lang='lat' dir='ltr'><strong>Deum</strong></span> <span class='ocrx_word' id='word_1_957' title='bbox 2604 5702 2833 5764; x_wconf 87' lang='lat' dir='ltr'><strong>propter</strong></span> <span class='ocrx_word' id='word_1_958' title='bbox 2852 5707 3013 5748; x_wconf 89' lang='lat' dir='ltr'><strong>unam</strong></span> <span class='ocrx_word' id='word_1_959' title='bbox 3035 5692 3386 5748; x_wconf 78' lang='lat' dir='ltr'><strong>divinitatem</strong></span> <span class='ocrx_word' id='word_1_960' title='bbox 3409 5692 3461 5746; x_wconf 83' lang='lat' dir='ltr'><strong>in</strong></span> <span class='ocrx_word' id='word_1_961' title='bbox 3491 5691 3673 5747; x_wconf 80' lang='lat' dir='ltr'><strong>tribus</strong></span> 
     </span>
    </p>
   </div>
  </div>
