4062 6436
454 363 562 425 803

1679 368 1724 428 N
1736 367 2103 429 lCEPHORI
2146 369 2460 430 CALLIST
2466 371 2491 428 Ι

3609 367 3714 430 8οί

453 475 850 544 subsistentiis,
870 491 1148 547 unamque
1164 483 1514 546 potestatem,
1529 491 1692 547 quam
1711 493 1835 533 esse
1853 476 2025 532 credi-

2149 481 2489 546 δυναστείαν,
2530 480 2704 550 ἥνπερ
2736 473 2874 531 εἶναι
2901 474 3226 545 πιστεύομεν
3256 476 3351 530 καὶ
3375 475 3594 548 οἴδαμεν
3623 477 3712 529 τοῦ

456 583 582 623 mus
603 569 915 648 et'seimus,
949 569 1126 622 Patris
1143 578 1198 621 et
1217 568 1340 622 Filii
1368 577 1425 623 et
1454 567 1882 639 Spiritussancti
1906 585 1920 632 ;
1940 578 2036 623 aut

451 673 484 713 e
509 658 730 713 diverso
760 657 1093 714 subtrahens
1153 659 1347 712 Filium
1383 659 1719 729 etSpiritum
1755 669 2031 722 sanctum,

454 751 730 805 existimet
759 749 935 804 solum
965 749 1183 804 Patrem
1216 750 1390 805 Deum
1411 751 1728 816 dicendum,
1748 753 1834 806 vel
1859 747 2032 806 unum

455 842 632 910 ipsum
668 843 836 896 Deum
891 843 1228 896 credendum
1262 859 1402 906 esse,
1434 844 1723 898 anathema
1753 844 1842 898 sit.
1894 844 2031 898 Nam

453 950 652 989 nomen
684 936 913 989 deorum
941 945 996 990 et
1044 937 1272 1005 angelis,
1304 947 1358 990 et
1405 937 1663 990 omnibus
1718 937 1946 1001 sanctis,
2001 954 2030 991 a

454 1028 566 1081 Deo
625 1044 722 1096 per
748 1029 979 1095 gratiam
1031 1030 1352 1099 impositum
1392 1039 1558 1100 atque
1601 1033 1871 1086 tributum
1921 1039 2027 1085 est.

452 1119 527 1170 De
561 1119 719 1174 Patre
761 1129 946 1173 autem
977 1128 1032 1174 et
1061 1119 1200 1174 Filio
1226 1133 1282 1175 et
1307 1122 1515 1191 Spiritu
1549 1132 1760 1188 sancto,
1803 1133 2030 1191 propter

454 1226 616 1262 unatn
635 1220 692 1263 et
713 1213 977 1280 mqualem
1000 1213 1368 1276 divinitatem,
1397 1231 1505 1267 non
1531 1215 1759 1268 deorum
1781 1213 2026 1276 nomina,

451 1304 546 1356 sed
610 1303 705 1357 Dei
778 1304 955 1357 nostri
1019 1321 1219 1358 nomen
1294 1306 1634 1374 signiﬁcatur
1690 1305 2028 1359 etdeclara-

452 1404 560 1448 tur.
595 1395 665 1450 Ut
694 1395 1013 1464 credamus,
1045 1411 1146 1449 nos
1176 1396 1228 1450 in
1259 1397 1471 1451 Patrem
1504 1407 1558 1453 et
1587 1398 1783 1452 Filium
1812 1407 1866 1452 et
1905 1397 2026 1466 Spi-

452 1487 618 1538 ritum
649 1495 901 1540 sanctum
931 1487 1303 1556 'baptizari,et
1339 1505 1443 1543 non
1477 1490 1530 1542 in
1564 1490 2022 1559 archangelorum

450 1589 546 1632 aut
575 1580 890 1648 angelorum
932 1581 1199 1637 nomina:
1235 1582 1396 1637 sicuti
1435 1583 1744 1646 haereticos,
1797 1594 1891 1637 aut
1922 1585 2020 1638 Ju-

449 1671 616 1734 da-os,
648 1681 742 1724 aut
765 1672 1016 1728 ethnicos
1038 1673 1284 1728 insanos.
1315 1674 1435 1740 ipsa
1486 1674 1654 1744 igitur
1713 1675 1829 1728 lucc
1866 1677 2024 1729 Chri-

449 1766 754 1819 SLianorum
797 1778 878 1819 est
902 1767 1073 1832 salus,
1137 1777 1196 1822 ut
1221 1768 1377 1824 [idem
1416 1771 1683 1826 habentes
1741 1771 2020 1834 Trinitati,

447 1854 552 1922 ipsi
595 1854 742 1910 Patri
797 1864 853 1910 et
883 1856 1023 1912 Filio
1055 1867 1113 1913 et
1139 1860 1366 1930 Spiritui
1403 1873 1620 1926 Sancto,
1658 1872 1716 1918 et
1761 1863 2022 1933 baptizati

451 1950 506 2003 in
568 1951 765 2020 ipsam,
799 1968 961 2006 unam
1015 1955 1230 2009 scilicet
1272 1956 1540 2010 Deitatem
1595 1970 1651 2011 et
1701 1967 2024 2026 potestatem

446 2050 502 2095 et
561 2041 905 2098 divinitatem
966 2055 1019 2100 ct
1073 2047 1465 2112 substantiam,
1521 2049 1572 2102 in
1609 2049 1785 2118 ipsum
1852 2050 2024 2106 Deum

450 2134 764 2188 credamus.
792 2153 811 2185 ι

1039 2271 1264 2328 CAPUT
1297 2272 1434 2327 XIX.

443 2377 522 2432 De
563 2379 840 2433 rebellione
883 2379 1123 2434 Maximi.
1159 2381 1224 2434 Et
1255 2391 1310 2434 ut
1345 2383 1558 2439 Iustina
1594 2395 1762 2440 mater
1791 2387 2026 2440 Valenti-

517 2451 686 2524 niani,
730 2452 994 2524 negotium
1021 2453 1293 2524 facesserit
1342 2454 1619 2507 Ambrosio
1649 2458 1894 2524 episcopo
1922 2457 2027 2509 Me-

515 2521 836 2592 diolunettsi,
901 2531 949 2572 et
1001 2523 1224 2592 populus
1272 2534 1486 2592 prepter
1537 2521 2028 2581 eum'seditioncm

518 2590 776 2652 moverit;
812 2601 856 2642 et
894 2591 957 2642 de
994 2589 1244 2645 Cleobula
1268 2589 1596 2648 subnotariu.

517 2789 644 2845 llaec
698 2790 922 2860 quidem
982 2790 1248 2846 Gratiano
1299 2792 1482 2847 adhuc
1545 2796 1846 2864 superstite
1884 2807 2023 2851 aeta.

443 2883 579 2937 Cum
620 2893 804 2936 autem
837 2883 1057 2954 synodi,
1110 2898 1248 2954 quas
1283 2885 1546 2949 diximus,
1589 2887 2024 2954 celebrarentur,

443 2985 498 3028 ct
522 2974 818 3030 Gratianus
849 2977 992 3030 bello
1014 2977 1338 3031 Alemanico
1372 2989 1677 3047 occupatus
1718 2991 1888 3046 esset,
1915 2982 2027 3036 Ma-

444 3067 633 3121 ximus
681 3067 905 3136 quidam
963 3083 1028 3122 ex
1102 3069 1400 3124 Britannia
1470 3071 1722 3140 partibus
1771 3082 2018 3138 coortus,

2143 573 2356 643 Πατρὸς
2404 576 2500 626 καὶ
2537 572 2634 626 τοῦ
2683 571 2813 624 Υἰοῦ
2844 573 2938 624 καὶ
2973 570 3068 622 τοῦ
3101 570 3259 638 ἁγίου
3293 570 3605 636 Πνεύματος
3631 587 3644 600 ·
3679 571 3711 638 ἦ

2143 666 2306 720 πάλιν
2333 665 2723 732 ὑπεξελόμενος
2745 664 2835 716 τὸν
2859 663 2988 715 Υἱὸν
3010 662 3103 714 καὶ
3123 662 3182 714 τὸ
3202 661 3428 729 Πνεῦμα
3450 660 3509 714 τδ
3539 661 3712 727 ἅγιον⁹

2141 759 2215 820 ὡς
2251 758 2414 826 μόνον
2443 756 2720 826 ὑπονοήσῃ
2745 756 2836 808 τὸν
2871 755 3094 822 Πατέρα
3117 754 3248 807 Θεὸν
3281 753 3535 821 λέγεσθαι
3563 753 3596 823 ἢ
3630 771 3716 806 πι-

2141 849 2426 902 στεύεσθαι
2474 849 2571 902 ἕνα
2613 849 2770 913 Θεὸν,
2803 847 3052 915 ἀνάθεμα
3084 846 3244 900 ἔστω.
3295 845 3369 899 Τὸ
3402 844 3513 916 γὰρ
3545 843 3715 915 ὄνομα

2138 941 2248 992 τῶν
2292 939 2442 992 Θεῶν
2473 938 2568 991 καὶ
2618 941 2729 1002 τοῖς
2760 938 3015 1005 ἀγγέλοις
3061 937 3154 989 καὶ
3187 937 3298 996 τοῖς
3331 937 3494 988 πᾶσιν
3543 935 3713 1000 ἁγίοις

2138 1032 2292 1099 παρὰ
2319 1032 2411 1084 τοῦ
2442 1031 2577 1084 Θεοῦ
2613 1031 2771 1099 ἐτέθη
2799 1032 2892 1084 καὶ
2921 1031 3208 1100 ἐχαρίσθη.
3237 1029 3369 1099 Περὶ
3397 1028 3450 1080 δὲ
3480 1027 3571 1080 τοῦ
3604 1029 3714 1080 Πα-

2138 1125 2264 1192 τρος
2304 1122 2398 1176 καὶ
2426 1121 2518 1175 τοῦ
2553 1123 2682 1176 Υἰοῦ
2721 1131 2814 1176 και
2840 1123 2933 1175 τοῦ
2968 1122 3124 1188 ἁγίου
3160 1121 3474 1188 Πνεύματος
3507 1119 3592 1174 διὰ
3617 1119 3713 1188 τὴν

2139 1214 2273 1284 μίαν
2328 1215 2425 1268 καὶ
2467 1214 2588 1287 ῐσην
2640 1213 2872 1284 θεότητα
2928 1214 3050 1283 οὐχὶ
3101 1213 3207 1266 τῶν
3257 1211 3405 1265 Θεῶν
3453 1211 3708 1282 ὀνόματα,

2135 1307 2270 1361 ἀλλά
2298 1306 2392 1360 τοῦ
2417 1308 2552 1361 Θεοῦ
2573 1306 2730 1376 ήμῶν
2755 1306 3119 1371 ἐνδείκνυται,
3145 1306 3240 1358 καὶ
3266 1305 3609 1373 σημαίνεται,
3626 1303 3712 1355 ἵνα

2135 1398 2506 1468 πιστεύωμεν,
2560 1399 2644 1452 ὅτι
2693 1399 2770 1460 εἰς
2826 1398 3046 1465 Πατέρα
3094 1397 3187 1448 καὶ
3240 1395 3366 1448 Υίὸν
3409 1395 3503 1446 καὶ
3557 1394 3711 1460 ἆγιον

2134 1491 2360 1560 Πνεῦμα.
2394 1491 2554 1560 μόνον
2581 1490 2981 1560 βαπτιζόμεοα,
3013 1489 3109 1542 καὶ
3141 1489 3262 1559 οὐχὶ
3289 1491 3369 1551 εἰς
3389 1488 3458 1541 τὰ
3491 1487 3598 1540 τῶν
3617 1491 3712 1557 ἀρ-

2133 1585 2416 1655 χαγγέλων
2448 1585 2709 1654 ὀνόματα,
2741 1585 2817 1648 ὡς
2844 1585 2892 1636 οι
2923 1586 3218 1653 αἱρετικοὶ,
3252 1582 3282 1652 ἦ
3311 1581 3384 1645 ὡς
3433 1580 3702 1643 Ἰουδαῖοι,

2131 1677 2166 1747 ἢ
2198 1678 2402 1730 ἐθνικοὶ
2432 1676 2932 1748 παραφρονοῦντες.
2971 1675 3123 1744 Αὕτη
3153 1674 3334 1728 τοίνυν
3365 1676 3396 1745 ή
3436 1674 3541 1726 τῶν
3571 1674 3710 1742 Χρι-

2134 1768 2368 1820 στιανῶν
2393 1770 2638 1838 σωτηρία
2665 1769 2834 1834 ἐστὶν,
2863 1765 3004 1831 ὥστε
3027 1767 3374 1828 πιστεύοντες
3403 1769 3468 1836 τῇ
3494 1765 3706 1835 Τριάδι,

2061 1847 2100 1900 Β
2131 1859 2208 1931 τῷ
2239 1861 2415 1931 Πατρὶ
2438 1865 2533 1916 καὶ
2557 1861 2632 1930 τῷ
2657 1860 2772 1930 Υἱῷ
2799 1863 2890 1914 καὶ
2915 1860 2992 1930 τῷ
3013 1861 3154 1930 ἁγίῳ
3175 1858 3474 1928 Πνεύματι,
3499 1859 3591 1912 καὶ
3615 1857 3712 1928 βα-

2136 1954 2452 2025 πτιζόμενοι
2484 1957 2564 2019 εἰς
2599 1956 2787 2026 αὐτὴν,
2827 1957 2956 2024 μίαν
2988 1954 3243 2022 θειότητα
3275 1955 3369 2006 καὶ
3396 1951 3710 2006 δυναστείαν

2129 2047 2228 2101 καῖ⁵
2273 2047 2506 2114 Θεότητα
2558 2053 2656 2102 καὶ
2684 2049 2893 2113 οὐσίαν,
2945 2049 3025 2106 εις
3059 2046 3220 2099 αὑτὸν
3266 2044 3626 2112 πιστεύωμεν.
3678 2061 3696 2093 ι

2129 2139 2317 2194 Ταῦτα
2355 2135 2456 2210 μὲν
2489 2139 2571 2193 ἔτι
2601 2137 2900 2210 Γρατιανοῦ
2933 2138 3214 2207 περιόντος
3255 2135 3508 2204 ἐγένετο,

2721 2277 2969 2330 ΚΕΦΔΛ.
3007 2275 3110 2328 ιθο.

2131 2388 2268 2456 Περὶ
2293 2386 2403 2454 τῆς
2425 2387 2820 2453 ἀναστάσεως
2838 2386 3112 2455 Μαξίμου
3135 2401 3148 2418 ⁶
3181 2385 3279 2440 καὶ
3300 2385 3380 2450 ὠς
3403 2384 3704 2456 Ἰουσζίνα

2201 2453 2238 2525 ἦ
2271 2453 2468 2526 μήτηρ
2501 2453 3024 2518 Οὑαλεντιγιανοῦ,
3059 2455 3372 2526 πράγματα
3424 2453 3701 2526 παρεῖχεν

2211 2524 2532 2596 Ἄμϐροοίῳ
2561 2528 2640 2590 τῷ
2668 2529 2982 2592 ἐπισκόπφ
3023 2524 3403 2580 Μεδιολάνων
3422 2540 3436 2554 ’
3470 2525 3587 2596 οιαὶ
3619 2524 3698 2588 ὡς

2198 2594 2534 2651 ἐστασίασε
2593 2597 2668 2650 δι’
2727 2597 2914 2650 αὑτὸν
2949 2599 2981 2650 ό
3011 2597 3180 2662 λαός.
3210 2597 3320 2649 Καὶ
3351 2594 3485 2663 περὶ
3515 2597 3695 2648 Klse-

2200 2669 2421 2722 ϐούλου
2451 2668 2556 2720 τοῦ
2579 2665 3103 2737 ὑπογραμματέως.

2213 2781 2483 2852 Ὀτπινῐκα
2513 2781 2568 2834 δὲ
2593 2783 2661 2834 τὰ
2674 2779 2779 2832 τῶν
2804 2780 3115 2850 εἰρημένων
3144 2780 3377 2834 συνόδων
3407 2778 3701 2846 ξυνέσαινε,

2129 2873 2417 2944 Γρατιανῷ
2467 2872 2603 2942 πρὸς
2646 2873 2736 2926 τὸν
2783 2873 2907 2926 κατ’
2952 2874 3290 2941 Ἀλαμανοὺς
3342 2873 3577 2939 πόλεμον
3605 2871 3702 2925 κά-

2132 2984 2340 3037 μνοντι,
2363 2964 2612 3034 Μάξιμός
2639 2982 2721 3026 τις
2741 2967 2803 3017 ὲκ
2819 2963 2928 3018 τῶν
2958 2963 3100 3017 κατὰ
3134 2965 3494 3033 Βρετταννίαν
3527 2961 3704 3033 μερῶν

2128 3059 2414 3131 ὁρμηθεὶς,
2447 3057 2713 3128 τύραννος
2749 3057 2915 3127 ηρῧη.
2957 3055 3079 3124 Ὑφ’
3119 3053 3314 3108 ἑαυτὸν
3362 3055 3418 3106 δὲ
3449 3054 3543 3124 τὴν
3572 3055 3700 3123 ἠγε-

443 3167 710 3229 tyrannus
745 3159 978 3212 exstitit.
1027 3159 1094 3213 Et
1127 3159 1254 3228 quia
1296 3160 1612 3214 universum
1652 3163 2022 3218 Romanorum

2137 3152 2329 3221 μονίαν
2371 3151 2660 3222 Ῥωμαίων
2689 3151 2908 3205 ἃπασαν
2939 3149 3113 3205 θεῖναι
3144 3148 3542 3218 διανοούμενος,
3565 3148 3705 3218 πρῶο

445 3250 738 3319 imperium
769 3250 875 3303 sibi
901 3249 1175 3319 subjicere
1209 3250 1263 3304 in
1305 3251 1490 3305 animo
1539 3252 1752 3306 habuit.
1784 3253 2026 3308 Valenti-

446 3343 672 3396 nianum
706 3343 946 3412 primum
1001 3358 1290 3411 aggressus
1333 3353 1442 3408 est,
1473 3345 1782 3399 etiamnum
1836 3347 2028 3402 adole-

446 3433 786 3496 scentulum,
825 3433 879 3486 in
912 3433 1068 3487 Italia
1103 3433 1426 3503 degentem:
1468 3435 1632 3506 259
1655 3451 1776 3491 cum
1806 3437 2029 3508 quidem

443 3528 648 3591 Probo,
674 3528 764 3598 qui
789 3528 1136 3582 consularem
1163 3530 1450 3587 obtinebat
1471 3541 1820 3601 potestatem,
1844 3549 2028 3589 rerum

445 3622 519 3674 ibi
543 3621 1111 3674 administrandarum
1145 3638 1360 3677 summa
1389 3624 1686 3678 commissa
1712 3634 1880 3679 esset.
1911 3626 2030 3691 Quo

447 3723 692 3781 tempore
715 3713 928 3766 Justina
961 3712 1125 3766 etiam
1164 3715 1345 3784 magni
1378 3715 1602 3783 quidem
1657 3716 2028 3770 Valentiniani

445 3806 664 3874 conjux,
685 3805 922 3872 junioris
947 3815 1126 3859 autem
1149 3815 1340 3872 mater,
1373 3807 1571 3860 Ariana
1595 3807 1800 3862 dudum
1829 3809 2028 3864 infecta

444 3897 590 3960 labe,
614 3897 1186 3951 eummaritoh-ivente
1211 3897 1278 3951 de
1321 3913 1384 3951 ea
1400 3898 1680 3967 propalam
1731 3915 1838 3953 non
1873 3900 2030 3969 quid-

445 4005 802 4059 quamagere,
817 4005 1100 4059 nequccos
1118 3989 1458 4060 amigerequi
1473 3992 1786 4058 ὁμοουσίου,
1802 3992 2034 4046 consub-

445 4081 744 4144 stantialis,
769 4080 926 4134 ﬁdem
959 4080 1377 4150 proﬁtebantur,
1401 4096 1531 4135 ausa
1565 4081 1776 4142 fuisset,
1799 4083 2028 4153 juvenili

451 4171 754 4226 admodum
794 4172 889 4225 lilii
921 4181 1078 4226 astate
1109 4182 1220 4226 tum
1243 4171 1468 4234 conﬁsa,
1500 4171 1942 4244 Mediolani,quo
1970 4193 2028 4231 se

451 4270 759 4330 receperat,
791 4260 1070 4329 negotium
1108 4259 1398 4313 Ambrosio
1422 4274 1641 4327 magno,
1680 4261 1837 4328 cujus
1862 4277 2024 4331 supra

445 4368 665 4422 quoque
692 4351 1069 4414 meminimus,
1104 4348 1376 4410 exhibuit,
1404 4356 1460 4402 et
1511 4349 1773 4404 ecclesias
1804 4351 1877 4404 ibi
1911 4362 2025 4405 tur—

445 4447 622 4510 barit,
662 4459 835 4498 noras
875 4442 1146 4495 adversus
1193 4454 1382 4494 verum
1435 4440 1630 4509 dogma
1673 4458 1759 4495 res
1818 4419 2047 4498 nolita.’

2133 3261 2224 3296 τον
2263 3244 2360 3313 μὲν
2389 3241 2822 3310 Ούαλεντινιανῷ
2854 3242 3052 3311 κομιδῆ
3084 3241 3187 3312 νέῳ
3218 3242 3296 3295 ἔτι
3322 3241 3702 3308 καθεστηκότι,

2135 3338 2229 3390 καὶ
2260 3335 2402 3389 κατά
2430 3337 2528 3405 τὴν
2565 3333 2795 3387 Ἰταλίαν
2822 3332 2919 3403 τὴν
2934 3333 3220 3403 διατριϐὴν
3244 3333 3441 3402 ἔχοντι,
3472 3331 3705 3384 ἐπιτιθε-

2134 3444 2241 3491 ται,
2281 3427 2492 3496 Πρόὸου
2526 3426 2621 3496 τὴν
2676 3426 2784 3478 τῶν
2816 3427 2999 3478 ἐκεῖσε
3050 3425 3391 3495 πραγμάτων
3441 3424 3703 3492 διοίκησιν

2133 3518 2632 3588 ἐπιτετραμμένου,
2681 3517 2740 3581 ὃς
2768 3518 2867 3586 τὴν
2911 3516 3118 3572 ῦπατον
3150 3515 3323 3586 ἀρχὴν
3345 3515 3662 3585 διεχείριζεν
3685 3531 3701 3546 ·

2133 3611 2220 3662 ὅτε
2268 3612 2360 3662 καὶ
2391 3609 2492 3662 ’1ου
2507 3610 2659 3663 στίνα
2709 3611 2740 3680 ἠ
2770 3609 2905 3679 γυνὴ
2942 3611 3041 3679 μὲν
3086 3609 3181 3663 τοῦ
3208 3610 3442 3680 μεγάλου
3475 3609 3704 3662 Οὐαλεν-

2132 3701 2396 3766 τινιανοῦ,
2449 3702 2543 3754 τοῦ
2589 3702 2646 3754 δὲ
2683 3703 2804 3755 νέου
2857 3703 3063 3772 μήτηρ,
3091 3703 3189 3771 τὴν
3237 3701 3528 3772 Ἀρειανῶν
3556 3699 3704 3751 νότον

2134 3795 2301 3848 πάλαι
2321 3793 2726 3863 εἰσδεδεγμένη,
2758 3793 2962 3856 ζῶντος
2985 3794 3084 3864 μὲν
3115 3793 3208 3846 τοῦ
3238 3793 3448 3862 ἀνδρὸς,
3477 3793 3572 3846 οὐκ
3596 3787 3702 3861 εῐχε

2132 3885 2336 3953 ταύτην
2390 3885 2884 3958 παρρησιάζεσθαι,
2917 3887 3037 3939 ούδέ
3085 3903 3138 3937 τι
3189 3884 3320 3953 γοῦν
3349 3885 3627 3952 βλάπτειν,
3652 3882 3702 3935 οἳ

2132 3979 2394 4048 ἐφρόνουν
2442 3980 2500 4031 τὸ
2529 3978 2812 4046 όμοούσιον
2837 3996 2851 4009 ο
2904 3977 2980 4048 τῷ
3003 3977 3058 4030 δὲ
3109 3979 3304 4048 κομιδῆ
3335 3979 3436 4046 νέῳ
3481 3978 3578 4044 τῆς
3610 3976 3698 4028 τοῦ

2133 4074 2322 4136 παιδὸς
2355 4073 2574 4143 ἡλικίας
2605 4074 2726 4142 ἄρτι
2747 4072 3046 4143 Θαρῤοῦσα,
3067 4069 3453 4124 καταλαϐοῦσα
3481 4069 3575 4139 τὴν
3598 4070 3703 4122 Ma-

2130 4166 2396 4230 διόλανον,
2448 4166 2748 4235 πράγματα
2789 4167 3051 4234 παρεῖχεν
3093 4162 3399 4233 Ἀμόροσὶῳ
3427 4163 3501 4232 τῷ
3539 4164 3698 4226 πάνυ,

2128 4256 2190 4310 οῦ
2239 4258 2426 4326 μνείαν
2459 4256 2552 4308 καὶ
2592 4262 2648 4308 εν
2679 4257 2786 4317 τοῖς
2835 4255 3025 4306 ἀνόπιν
3057 4253 3439 4322 ἐποιησάμην
3482 4253 3572 4307 καὶ
3606 4258 3699 4314 τὰς

2131 4351 2310 4402 ἐκεῖσε
2337 4348 2631 4416 ἐκκλησίας
2657 4349 2974 4416 ἐτάραττεν,
2994 4345 3346 4416 ἐπιχειροῦσα
3365 4345 3700 4414 νεωτερίζειν

2132 4439 2274 4492 κατὰ
2326 4440 2418 4491 τοῦ
2454 4437 2685 4507 ἀληθοῦς
2727 4437 3028 4505 δόγματοςο
3069 4435 3196 4505 περὶ
3241 4435 3434 4487 πολλοῦ
3466 4436 3568 4505 γὰρ
3604 4451 3698 4485 πε-

443 4538 773 4606 Μιιειιοροισο
798 4547 1054 4600 namque,
1076 4541 1136 4584 ut
1157 4530 1524 4586 Ariminensis
1550 4531 1685 4588 ﬁdes
1721 4534 2017 4597 obtineret,

2130 4535 2317 4602 ποίητο
2349 4535 2448 4602 την
2505 4536 2560 4585 ἐν
2591 4531 2857 4601 Ἀριμξνῳ
2889 4530 3070 4581 πίστιν
3101 4530 3301 4602 μᾶλλον
3329 4529 3580 4598 κρατεῖν
3608 4527 3697 4579 καὶ

443 4626 748 4682 contendit.
785 4625 853 4678 Et
889 4634 1097 4676 natura:
1134 4621 1404 4676 iilecebris
1465 4636 1630 4690 atque
1671 4625 2016 4679 inescatiozzi-

443 4719 550 4772 bus
578 4718 740 4780 freta,
782 4715 1004 4767 hamum
1041 4713 1278 4782 primum
1329 4714 1466 4778 tilio,
1501 4731 1665 4784 quem
1726 4717 1814 4769 ille
1867 4725 2022 4770 tener

442 4810 647 4869 adhuc,
696 4805 1010 4874 nequedum
1042 4805 1341 4859 discrimen
1379 4805 1506 4860 boni
1544 4816 1598 4861 et
1626 4807 1752 4860 ntali
1788 4808 2019 4869 habens,

444 4902 752 4959 devoraret,
782 4898 1035 4966 prmbuit.
1072 4897 1279 4952 Conata
1310 4915 1440 4952 vero
1474 4901 1641 4953 etiam
1675 4909 1759 4954 est
1782 4900 2019 4954 Ambro-

445 4994 587 5047 sium
615 4992 666 5045 in
698 4999 1021 5058 potestatem
1050 5006 1204 5044 suam
1249 4990 1538 5058 redigere:
1597 4991 1758 5044 facile
1805 5007 1864 5046 se
1905 5009 2019 5046 rem

444 5100 609 5153 quam
637 5083 855 5136 volebat
883 5082 1260 5136 coniecturam
1301 5097 1421 5136 esse
1475 5083 1758 5142 arbitrata,
1792 5081 1835 5136 si
1868 5083 2020 5136 illum

444 5185 834 5247 expugnasset.
871 5175 1168 5244 Postquam
1202 5191 1333 5228 vero
1371 5175 1460 5228 ille
1492 5175 1662 5245 magis
1685 5175 1850 5228 ctiant
1885 5192 2015 5230 eon«

447 5268 615 5320 traria
651 5253 859 5331 docuit,
917 5277 978 5320 et
1007 5265 1152 5318 illam
1178 5265 1402 5334 quidem
1427 5271 1486 5315 ut
1519 5280 1546 5316 a
1577 5273 1761 5333 coepto
1785 5264 2021 5321 desiste-

445 5367 529 5412 ret
563 5359 890 5412 cohortatus
915 5365 1040 5420 est;
1079 5355 1192 5408 ﬁlio
1239 5356 1380 5424 ejus,
1432 5362 1799 5422 utpaternam
1857 5354 2020 5409 simul

440 5460 495 5504 et
525 5450 844 5519 religionem
881 5455 937 5500 et
969 5446 1342 5498 [nereditatem
1403 5445 1669 5513 integram
1737 5446 2020 5511 retineret,

441 5541 767 5594 admonito:
821 5541 1143 5592 anit‘lalt“ll|
1211 5552 1432 5606 quoque
1483 5538 1820 5608 dogmatnm,
1875 5539 2023 5608 quod

442 5630 699 5702 videlicet
721 5646 782 5683 ea
806 5643 967 5698 quam
992 5640 1166 5682 mater
1191 5629 1479 5682 induceret
1504 5632 1772 5685 sententia
1795 5647 2022 5701 prorsus

444 5737 568 5774 cum
593 5721 799 5777 Christi
828 5721 1077 5776 doctrina
1121 5731 1174 5776 et
1208 5721 1584 5789 apostolorum
1627 5725 2021 5793 praedicatione

449 5823 730 5882 pugnaret,
769 5813 1180 5883 preposuisset;
1213 5814 1451 5884 graviter
1479 5815 1530 5869 id
1559 5815 1740 5872 ferens
1776 5815 2018 5878 Justina.

2123 4626 2200 4694 τῷ
2257 4626 2353 4692 τῆς
2385 4624 2598 4692 φύσεως
2629 4624 2906 4694 θαρροῦσα
2930 4622 3143 4674 δελέατι
3189 4626 3478 4672 καταπιεῖν
3514 4622 3568 4672 τὸ
3604 4620 3697 4686 τῆς

2125 4717 2389 4779 αἱρέσεως
2419 4717 2734 4784 ἄγκιστρον,
2763 4714 2976 4782 πρῶτον
3005 4711 3080 4782 τῷ
3115 4712 3262 4764 παιδὶ
3306 4716 3577 4781 παρεῖχεν,
3608 4711 3695 4761 ire

2124 4810 2187 4878 δὴ
2212 4809 2404 4876 ἁπαλῷ
2433 4808 2542 4860 όντι
2572 4809 2662 4860 καὶ
2699 4806 2972 4876 μηδεμίαν
3001 4807 3273 4874 διάκρισιν
3302 4804 3380 4856 ἔτι
3413 4803 3506 4856 τοῦ
3535 4799 3695 4854 καὶ(ιῦ

2125 4903 2220 4955 καὶ
2263 4900 2356 4952 τοῦ
2387 4901 2630 4969 χείρονος
2670 4897 2869 4967 ἔχοντι.
2916 4896 3224 4966 Ἐπεχείρει
3257 4895 3313 4947 δὲ
3346 4897 3435 4946 καὶ
3464 4894 3697 4962 Ἀμϐρό-

2128 5008 2240 5043 σιον
2265 4991 2395 5044 εἴσω
2425 4990 2637 5053 Θέσθαι,
2668 4989 2948 5059 ἡγουμένη
2973 4989 3046 5051 ὡς
3069 4987 3116 5039 εἰ
3145 4988 3333 5039 τούτου
3371 4987 3694 5056 περιέσοιτο,

2128 5085 2323 5138 οᾶετον
2348 5086 2571 5138 ἀνύσειν
2595 5084 2654 5137 τὸ
2681 5083 3141 5149 σπουδαζόμενον.
3163 5081 3246 5142 Ὠς
3273 5081 3315 5132 δ’
3345 5082 3552 5142 ἐκεῖνος
3585 5079 3700 5130 τού-

2127 5175 2337 5227 ναντίον
2398 5173 2598 5243 μᾶλλον
2637 5171 2850 5240 εἰσῆγε,
2896 5172 3162 5238 κάκείνην
3204 5170 3304 5239 μὲν
3343 5169 3434 5222 τοῦ
3480 5169 3698 5222 τοιαῦτα

2126 5268 2424 5336 ἐπιχειρεῖν
2460 5264 2690 5335 παρῄνει
2726 5263 3018 5322 παύεσθαι,
3056 5262 3132 5332 τῷ
3171 5262 3226 5313 δὲ
3268 5262 3419 5314 παιδὶ
3455 5263 3552 5332 τὴν
3595 5277 3698 5312 πα.-

2125 5360 2308 5430 τρῲαν
2343 5359 2525 5409 πίστιν
2551 5359 2643 5409 καὶ
2671 5356 2762 5408 τὸν
2787 5355 2985 5424 κλῆρον
3002 5354 3197 5407 ἄσυλον
3222 5353 3496 5423 διατηρεῖν
3514 5349 3696 5404 ὑπετί-

2129 5451 2232 5510 Οει,
2282 5448 2375 5500 καὶ
2401 5447 2458 5500 τδ
2487 5447 2595 5500 τῶν
2625 5446 2912 5517 δογμάτων
2951 5444 3228 5515 διὰξορον,
3259 5444 3332 5508 ὡς
3359 5445 3427 5498 τὰ
3465 5447 3562 5512 μὲν
3585 5445 3697 5495 εἰσ-

2127 5540 2409 5610 ηγούμενα
2449 5543 2513 5610 τῇ
2549 5543 2714 5609 μητρὶ
2746 5539 3007 5606 ἄντικρυς
3039 5543 3102 5608 τῇ
3147 5538 3240 5591 τοῦ
3287 5537 3526 5608 Χριστοῦ
3559 5536 3696 5587 διδα-

2129 5633 2330 5703 σκαλίᾳ.
2381 5632 2472 5683 καὶ
2499 5633 2610 5693 τοῖς
2647 5630 2754 5682 τῶν
2781 5629 3093 5682 ἀποστόλων
3124 5627 3446 5698 κηρύγμασι
3477 5627 3564 5679 διὰ
3598 5626 3696 5694 μά-

2126 5743 2227 5796 χης
2277 5725 2420 5776 εἰσίν
2453 5723 2806 5792 χαλεπή·.ασα
2836 5722 3124 5785 Ἰουστίνα,
3163 5723 3348 5791 ἀπάτῃ
3398 5721 3488 5772 τὸν
3533 5719 3696 5771 παῖδα

2131 5820 2458 5880 μετήογετο·
2499 5816 2594 5870 καὶ
2645 5815 2718 5878 ὠς
2764 5818 2855 5869 ᾰτε
2887 5815 2950 5884 δὴ
2987 5815 3440 5885 περτυερ.σμένη,
3488 5811 3690 5867 διέὸαλε
