4062 6428
487 369 591 428 ΗΠ

1704 351 2129 416 NICEPHORI
2177 349 2526 412 CALLlSTl

3646 349 3748 408 813

490 477 790 534 interfecit.
819 475 975 546 26],
1011 473 1115 540 Qui
1148 471 1314 527 urbes
1357 483 1485 525 suas
1513 466 1792 522 moderate
1819 473 1874 520 et
1925 465 2071 534 iuste

2178 459 2474 529 σωφρόνως
2507 456 2600 510 καὶ
2630 457 2852 520 δικαίως
2907 456 3004 512 τάς
3057 456 3241 518 πόλεις
3284 456 3501 523 ίθύνων,
3531 458 3624 512 καὶ
3651 461 3749 529 τὴν

491 568 908 631 administrans,
937 574 995 618 et
1031 570 1317 634 paternam
1356 559 1481 614 fidei
1516 557 1834 628 opinionem
1894 552 2069 606 adau-

491 678 646 732 gens,
686 661 758 715 ita
780 659 944 714 vitam
963 658 1082 712 sine
1106 653 1300 711 liberis
1319 652 1480 715 finiit,
1513 649 1709 720 viginti
1745 656 1801 702 et
1833 652 2073 716 quatuor

493 771 666 809 annos
723 765 882 808 natus
935 769 949 806 :
1005 765 1129 806 cum
1195 747 1355 802 annis
1407 743 1722 816 quindecim
1780 755 1888 794 una
1945 752 2070 792 cum

494 845 828 908 Theodosio,
864 842 1014 896 solus
1039 848 1220 894 autem
1251 853 1395 893 anno
1425 850 1534 890 uno
1563 842 1621 888 et
1653 831 1937 886 mensibus
1979 843 2073 882 sex

494 942 842 1008 imperasset.
905 935 978 988 Ea
1016 935 1168 988 clade
1198 931 1538 992 renuntiata,
1572 927 1787 983 Justina
1819 926 1954 977 iram
1978 922 2073 976 ad-

487 1046 680 1085 versus
713 1027 1062 1083 Ambrosium
1093 1039 1252 1080 suam
1287 1022 1522 1077 remisit.
1589 1019 1762 1073 Porro
1809 1015 2075 1069 Maximus

492 1123 700 1193 ingenti
733 1130 897 1188 atque
923 1118 1050 1174 forti
1085 1115 1334 1170 exercitu
1379 1114 1456 1183 (Ι)
1492 1127 1558 1165 ex
1591 1109 1890 1168 Britannis.
1926 1122 1982 1162 et
2013 1107 2075 1160 fi-

489 1213 701 1268 nitimis
729 1226 922 1267 eorum
947 1209 1116 1263 Gallis
1143 1217 1200 1261 et
1223 1204 1414 1266 Celtis,
1440 1202 1672 1272 aliisque
1699 1201 1815 1255 loca
1834 1215 1895 1254 ea
1927 1200 2078 1253 inco-

489 1305 742 1361 lentibus
777 1302 998 1374 populis
1024 1310 1238 1363 coacto,
1264 1299 1318 1353 in
1347 1298 1556 1352 Italiam
1587 1296 1842 1356 ducebat,
1878 1292 2076 1348 Valen-

493 1397 689 1451 tiniani
719 1397 886 1450 etiam
913 1392 1150 1463 iunioris
1202 1389 1494 1458 imperium
1528 1386 1602 1441 ibi
1661 1386 1713 1438 in
1748 1393 2074 1454 potestatem

492 1504 646 1544 suam
686 1495 1090 1557 perventurum
1152 1497 1274 1538 esse
1331 1480 1656 1535 arbitratus.
1708 1477 1829 1533 Jam
1898 1477 2072 1539 enim,

495 1579 644 1649 quod
675 1577 977 1634 Gratianus
999 1575 1288 1637 habuerat,
1327 1569 1634 1626 obtinebat.
1661 1566 1866 1636 Copias
1889 1577 2075 1620 autem

495 1687 588 1726 eas
623 1671 883 1734 ducebat,
912 1669 1008 1722 illo
1038 1665 1262 1736 quidem
1294 1663 1396 1718 sub
1449 1669 1739 1732 prtetextu,
1768 1669 1828 1714 ut
1855 1675 1922 1714 ne
1942 1657 2076 1728 quid

496 1765 565 1819 de
597 1762 792 1833 patriis
816 1759 1167 1830 dogmatibus
1193 1773 1289 1828 per
1323 1771 1413 1810 res
1447 1769 1616 1809 novas
1664 1754 2074 1813 immntaretur,

2175 549 2439 620 πατρῴαν
2463 546 2626 613 δόξαν
2646 549 2745 616 τῆς
2779 547 3014 610 πίστεως
3036 546 3234 612 αὔξων,
3258 546 3428 610 οὕτως
3449 549 3614 611 ἄπαις
3638 551 3749 602 ἐτε-

2172 641 2340 695 λεύτα
2361 641 2454 694 τὸν
2479 641 2594 712 βίον
2619 657 2636 674 ο
2669 643 2814 712 ἀμφὶ
2840 641 3014 695 εἴκοσι
3042 641 3137 695 καὶ
3165 642 3406 712 τέσσαρα
3426 643 3754 710 διαγεγονὼ;

2173 733 2296 805 ἐτη,
2325 734 2722 788 πεντεκαίδεκα
2767 734 2815 787 δ’
2845 735 2910 787 ὲκ
2941 734 3148 786 τούτων
3181 733 3601 804 βεϐασιλευκὼς.
3643 735 3754 803 Τῆς

2174 827 2229 879 δὲ
2277 827 2547 895 τοσαύτης
2599 829 2886 897 συμφορᾶς
2926 827 3306 897 ἀγγελθείσης,
3359 828 3454 880 καὶ
3499 827 3758 882 Ἰουστίνα

2172 919 2274 987 τῆς
2303 919 2445 971 κατά
2485 919 2815 988 ’Δμϐροσίου
2850 919 3022 988 ὀργῆς
3064 918 3282 988 ἔληγεν.
3329 921 3389 974 ’0
3415 921 3471 972 δὲ
3505 921 3754 989 Μάξιμος

2175 1010 2380 1080 πολλήν
2404 1027 2526 1062 τινα
2551 1010 2645 1063 καὶ
2667 1011 2768 1062 οὐκ
2789 1011 2990 1077 ἀγεννῆ
3024 1011 3286 1080 στρατιὰν
3315 1009 3587 1081 ἠθροικὼς
3613 1011 3676 1062 ἐκ
3695 1027 3756 1062 τε

2176 1104 2527 1174 Βρετταννῶν
2573 1104 2667 1158 καὶ
2702 1103 2806 1155 τῶν
2839 1103 3060 1174 ὁμόρων
3091 1103 3272 1163 αὐτοῖς
3309 1103 3568 1155 Γαλατῶν
3616 1104 3756 1156 Κελ-

2175 1197 2288 1250 τῶν
2325 1213 2386 1249 τε
2438 1196 2532 1250 καὶ
2583 1197 2692 1250 τῶν
2723 1197 2897 1258 ἄλλως
2933 1181 3386 1266 προσοικούντων)
3406 1196 3532 1264 τῇδε
3567 1196 3756 1260 ἐθνῶν,

2175 1290 2270 1344 hri.
2300 1290 2369 1344 τὰ
2400 1290 2536 1360 πρὸς
2566 1290 2802 1344 Ἰταλίαν
2835 1289 2946 1360 ᾔει,
2999 1288 3132 1342 εῐσω
3182 1287 3370 1341 θέσθαι
3402 1290 3496 1341 καὶ
3535 1287 3633 1357 τὴν
3661 1290 3756 1342 τοῦ

2163 1375 2300 1436 ’νέου
2326 1381 2500 1453 ἀρχὴν
2531 1379 2977 1435 Οὐαλεντινιανοῦ
3013 1381 3349 1450 δοκιμάζων,
3386 1383 3487 1450 ἤδη
3521 1382 3627 1450 γὰρ
3661 1382 3761 1452 τὴν

2178 1476 2480 1546 Γρατιανοῦ
2505 1475 2862 1546 ἐχειρώσατο.
2889 1475 2998 1527 Καὶ
3022 1473 3193 1526 ικίνει
3217 1473 3314 1543 τὴν
3343 1472 3594 1541 δύναμιν,
3626 1488 3762 1542 πρε-

2180 1565 2343 1633 φάσει
2385 1568 2506 1634 μὲν,
2556 1567 2632 1630 ὡς
2684 1570 2756 1637 μή
2797 1583 2848 1619 τι
2895 1566 3056 1634 δῆθεν
3110 1564 3494 1635 νεωτερισθείη
3536 1564 3664 1632 περὶ
3692 1564 3761 1612 τὰ

2181 1660 2389 1730 πάτρια
2417 1661 2664 1730 δόγματα
2696 1660 2788 1713 καὶ
2824 1660 2924 1730 τὴν
2945 1662 3045 1726 τῆς
3065 1660 3363 1727 ὲκκλησίας
3390 1658 3720 1710 κατάστασιν
3743 1673 3757 1687 ·

2182 1753 2278 1804 καὶ
2305 1753 2415 1822 γὰρ
2455 1752 2596 1820 ἔγνω
2633 1753 2701 1806 τὰ
2731 1753 2808 1823 τῷ
2849 1751 3160 1822 Ἀμϐροσίῳ
3191 1752 3248 1818 ἐξ
3303 1751 3592 1820 Ἰουστίνης
3623 1741 3760 1817 συμ-

499 1867 552 1910 et
587 1864 646 1908 ut
678 1853 969 1909 ecclesiam
1006 1851 1373 1905 constitueret
1400 1856 1560 1916 atque
1589 1845 1899 1900 ordinaret:
1962 1860 2070 1898 non

2180 1845 2351 1897 ϐάντα
2375 1860 2390 1874 °
2437 1845 2497 1897 τὸ
2530 1844 2578 1898 δ’
2621 1844 2840 1915 ἀληθὲς,
2887 1843 2948 1897 τὸ
2979 1843 3242 1913 τύραννος
3271 1839 3408 1896 εἶναι
3437 1843 3593 1908 δῆθεν
3627 1843 3762 1894 ἁπο-

495 1949 668 2012 enim,
701 1961 821 2014 qua:
851 1944 1145 1999 Ambrosio
1173 1959 1202 1996 a
1231 1940 1450 1996 Justina
1481 1938 1820 2000 acciderant,
1850 1937 2070 2006 ignora-

495 2041 628 2096 bat:
664 2053 855 2094 revera
884 2049 1064 2090 autem
1097 2049 1341 2097 omnem,
1380 2031 1525 2102 quod
1557 2031 1782 2096 dicitur,
1824 2030 2067 2100 lapidem

497 2146 748 2193 movens,
785 2127 915 2183 illud
949 2125 1166 2191 agebat,
1220 2131 1282 2178 ut
1311 2119 1528 2194 tyranni
1585 2119 1902 2190 opinionem
1951 2134 1980 2172 a
2012 2132 2071 2174 se

493 2223 837 2283 amoliretur,
873 2229 930 2276 et
959 2219 1337 2273 Romanorum
1392 2211 1684 2282 imperium
1719 2225 1826 2264 non
1855 2217 1961 2264 tam
2016 2209 2068 2263 vi

493 2329 658 2384 quam
691 2313 906 2383 legibus
936 2309 1040 2364 sibi
1069 2320 1291 2377 parasse
1314 2303 1618 2358 videretur.
1648 2301 1836 2371 Itaque
1865 2301 1932 2354 ad
1967 2300 2073 2356 Va-

495 2404 861 2462 lentinianum
887 2401 1156 2461 scribens,
1183 2398 1572 2466 imperatorem
1598 2408 1658 2448 se
1688 2393 2065 2447 renuntiatum

494 2512 618 2553 esse
687 2493 1058 2564 significavit:
1097 2501 1153 2545 et
1179 2505 1305 2544 eum
1347 2487 1535 2550 simul,
1584 2494 1645 2539 ut
1691 2484 1896 2540 bellum
1944 2499 2070 2538 cum

497 2602 627 2641 vera
662 2585 867 2655 pietate
894 2597 1084 2653 gerere
1117 2579 1522 2649 supersederet,
1557 2587 1953 2647 paternamque
1982 2589 2070 2629 re-

494 2679 758 2749 ligionem
794 2677 1066 2744 integram
1099 2682 1265 2740 atque
1300 2669 1522 2724 illm-sam
1574 2677 1952 2730 conservaret,
1981 2681 2076 2722 co-

502 2773 759 2826 hortatus
793 2777 916 2822 est:
953 2765 1156 2820 litteris
1181 2763 1263 2818 eis
1293 2762 1483 2821 etiam,
1513 2759 1618 2813 nisi
1645 2758 2071 2821 obsecundaret,

497 2861 662 2916 minis
683 2859 908 2914 additis.
947 2857 1018 2909 Ea
1055 2869 1220 2925 porro
1251 2851 1415 2907 verba
1451 2851 1613 2906 factis
1647 2850 1783 2919 ipsis
1817 2863 2074 2920 compro-

496 2954 670 3007 bavit.
708 2951 842 3006 Cum
874 2949 1123 3005 exercitu
1155 2950 1326 3012 enim,
1354 2962 1518 3016 quem
1567 2960 1761 3002 secum
1812 2943 2070 3009 habebat,

496 3045 866 3102 Mediolanum
905 3058 1119 3106 versus,
1151 3043 1240 3096 ubi
1279 3041 1370 3096 ille
1396 3049 1539 3106 erat,
1591 3053 1914 3110 progressus
1963 3047 2068 3093 est.

2179 1935 2482 2004 σειόμενος,
2509 1937 2688 1990 πάντα
2714 1937 2892 1988 κάλων
2915 1935 3081 1988 ἐκίνει
3101 1934 3640 2005 πραγματευόμενος,
3660 1935 3758 2003 τὴν

2182 2027 2464 2096 βασιλείαν
2502 2025 2796 2096 Ῥωμαίων
2819 2028 2968 2098 νόμῳ
2985 2028 3080 2080 καὶ
3103 2028 3165 2080 ού
3183 2026 3274 2098 βίᾳ
3301 2025 3758 2097 περιποιήσασθαι

2178 2119 2382 2190 ἑαυτῷ.
2412 2120 2522 2174 Καὶ
2553 2119 2618 2190 δὴ
2647 2121 2878 2191 γράφων
2901 2119 3358 2188 Οὐαλεντινιανῷ,
3395 2120 3491 2189 τὴν
3520 2118 3758 2188 ἀνάρρη-

2181 2229 2265 2264 σιν
2297 2212 2507 2281 ἐδήλου·
2561 2212 2862 2282 παρηγγύα
2889 2229 2948 2264 τε
2979 2212 3102 2280 ἅμα
3131 2211 3346 2266 καὶτὸν
3381 2211 3524 2265 κατὰ
3552 2211 3645 2281 τῆς
3668 2209 3756 2264 εύο

2179 2303 2398 2366 σεϐείας
2425 2303 2667 2373 πόλεμον
2717 2302 2982 2359 διαλύειν.
3017 2304 3142 2357 Ἔτι
3178 2303 3236 2356 δὲ
3265 2305 3498 2375 παρῄνει
3524 2303 3620 2374 τὴν
3651 2321 3756 2356 τια⁴

2180 2392 2363 2462 τρῴαν
2388 2393 2676 2447 εὐσέϐειαν
2701 2393 3089 2462 διαφυλάττειν
3109 2393 3208 2446 άλύ
3218 2410 3420 2462 μαντον
3440 2411 3453 2424 ·
3485 2395 3580 2447 καὶ
3609 2397 3756 2446 ἀπει-

2179 2481 2276 2552 λὴν
2298 2481 2354 2534 δὲ
2389 2482 2700 2552 προσετίθει
2726 2486 2838 2546 τοῖς
2865 2483 3210 2554 γράμμασιν,
3238 2483 3371 2551 εἴγε
3397 2483 3471 2549 μὴ
3505 2483 3751 2536 πείθοιτο.

2177 2575 2401 2644 Ἀμέλει
2427 2575 2522 2628 καὶ
2555 2576 2668 2634 τοῖς
2697 2575 2879 2644 λόγοις
2909 2575 3150 2630 ἐπετίθει
3178 2577 3238 2630 τὸ
3259 2575 3440 2643 ἔργον.
3500 2577 3609 2646 Τὴν
3647 2579 3749 2646 γὰρ

2179 2670 2308 2740 περὶ
2355 2668 2520 2724 αὑτὸν
2565 2670 2800 2740 δύναμιν
2827 2670 3124 2742 ἡθροικὼς,
3181 2671 3274 2723 ἐπὶ
3297 2671 3398 2734 τὴν
3433 2669 3754 2723 Μεδιόλανον

2177 2767 2459 2837 ὥρμησεν,
2489 2766 2615 2820 ἔνθα
2645 2770 2895 2832 κάκεῖνος
2920 2763 3008 2839 ἦν.
3047 2766 3104 2820 Ὁ
3132 2766 3192 2821 δὲ
3227 2767 3416 2835 μαθὼν
3442 2765 3533 2820 τοῦ
3566 2766 3752 2836 τυράν-

2177 2875 2270 2911 νου
2294 2858 2392 2928 τὴν
2420 2857 2627 2928 ἔφοδον,
2659 2858 2843 2921 δείσας
2872 2861 2945 2929 μή
2971 2875 3020 2911 τι
3055 2861 3216 2913 πάθοι
3240 2859 3350 2910 τῶν
3373 2857 3654 2928 ἀπρεπῶν,
3678 2860 3755 2916 εἰς

2181 2941 2472 3022 Ἰλλυριοὺς
2513 2949 2690 3021 ᾤχετο
2719 2949 2939 3020 φεύγων
2961 2966 2974 2981 °
3009 2951 3219 3004 ἐκεῖθεν
3242 2949 3299 3002 δὲ
3335 2951 3415 3013 είς
3434 2949 3754 3002 Θεσσαλονί-

2180 3058 2284 3112 κην
2323 3035 2448 3112 ἧκε,
2482 3043 2648 3113 πείρᾳ
2682 3041 2897 3112 μαθὼν,
2924 3043 3085 3095 τίνων
3132 3042 3195 3095 ὲκ
3225 3041 3325 3110 τῆς
3356 3041 3622 3111 μητρικῆς
3653 3042 3756 3094 άπ-

496 3137 911 3192 Valentinianus
964 3144 1150 3188 autem
1203 3131 1552 3201 expeditione
1605 3140 1768 3199 atque
1831 3128 2072 3183 adventu

2183 3133 2358 3188 ώνατο
2411 3135 2746 3204 συμϐουλῆς.
2779 3130 2924 3188 Ἧκε
2955 3135 3011 3188 δὲ
3062 3134 3211 3204 αύτῷ
3243 3135 3336 3187 καὶ
3367 3136 3398 3206 ἠ
3439 3135 3641 3204 μήτηρ,
3666 3134 3756 3186 καὶ

499 3229 717 3302 tyranni
767 3229 1007 3298 cognito,
1040 3241 1109 3279 ne
1145 3224 1275 3294 quid
1318 3239 1375 3276 se
1431 3221 1715 3292 indignum
1772 3229 2074 3291 pateretur,

489 3321 703 3376 veritus
725 3319 779 3374 in
813 3319 1094 3388 Illyricum
1124 3315 1385 3387 profugit.
1443 3316 1624 3383 Atque
1676 3314 1804 3369 inde
1837 3316 2078 3371 Thessa-

493 3413 736 3468 lonicam
773 3410 926 3466 venit
955 3425 968 3463 :
1000 3406 1341 3478 experientia
1379 3404 1635 3470 edoctus,
1669 3419 1833 3473 quem
1868 3412 2074 3458 mater-

494 3520 696 3560 norum
731 3503 1095 3559 consiliorum
1133 3498 1447 3570 perceperit
1472 3496 1732 3552 fructum.
1766 3497 1892 3551 Fuit
1945 3512 2072 3553 cum

2187 3226 2398 3296 Πρόϐος
2452 3229 2480 3280 ὀ
2515 3227 2782 3298 ὕπαρχος.
2822 3225 2902 3297 Τῇ
2953 3228 3010 3281 δὲ
3037 3227 3132 3281 τοῦ
3175 3226 3366 3295 καιροῦ
3401 3226 3612 3297 ἀνάγκῃ
3641 3243 3757 3278 πει-

2189 3321 2337 3383 σθεὶς
2360 3321 2831 3386 Οὐαλεντινιανὸς,
2862 3323 2930 3374 τὰ
2955 3322 3056 3390 τῆς
3086 3319 3364 3390 βασιλείας
3390 3319 3641 3388 Μαξίμου
3667 3321 3758 3370 καὶ

2184 3413 2334 3468 ἄκων
2391 3414 2649 3484 προσίετο
2707 3413 2976 3484 σύμϐολα,
3019 3413 3305 3484 πρέσϐεων
3367 3411 3576 3465 ἐκεῖθεν
3605 3410 3759 3480 ἠκόν-

2184 3518 2314 3558 των.

497 3615 567 3655 eo
608 3599 683 3654 ibi
721 3607 777 3652 et
813 3606 991 3651 mater
1019 3603 1076 3649 et
1106 3592 1397 3664 praefectus
1434 3589 1666 3646 Probus.
1699 3590 2116 3649 Valentinianus
2155 3597 2322 3650 etiam
2356 3607 2664 3668 temporum
2711 3597 3041 3654 necessitate
3105 3596 3394 3662 adductus,
3447 3598 3531 3653 vel
3560 3597 3763 3651 invitus

495 3694 799 3767 imperialia
821 3691 1061 3756 Maximi,
1093 3705 1123 3744 a
1149 3702 1260 3759 quo
1293 3687 1360 3741 ad
1407 3701 1534 3740 eum
1583 3685 1746 3754 legati
1777 3699 2063 3753 venerant,
2109 3691 2345 3764 insignia
2389 3695 2630 3750 admisit.

977 3828 1137 3898 232
1177 3821 1404 3881 CAPUT
1447 3821 1591 3877 xxr.

499 3928 560 3982 Ut
628 3926 944 3999 Theodosius
989 3924 1111 3999 sine
1158 3927 1423 3999 pugnae:
1452 3922 2073 3999 .sangttine__tyramtum

565 4000 768 4061 vicerit,
806 4007 854 4049 et
885 3996 946 4048 de
979 3994 1124 4062 fama
1160 3992 1224 4044 ab
1273 3991 1489 4062 Arionis
1517 3997 1700 4044 contra
1730 3991 2075 4047 Theodosium

562 4057 790 4138 sparsa:
827 4077 872 4120 et
902 4066 964 4118 tle
979 4057 1302 4136 Symmacho
1331 4057 1656 4128 philosopho,
1681 4071 1730 4116 et
1759 4073 1814 4116 ut
1844 4063 2077 4118 Theodo-

564 4144 672 4193 sius
708 4138 857 4192 venia
883 4143 949 4190 sit
980 4139 1250 4205 dignatus.

564 4250 1010 4308 Laudatissimus
1051 4249 1355 4318 imperator
1398 4247 1764 4314 Theodosius,
1802 4249 1894 4303 ubi
1941 4247 2078 4302 vidit

2778 3837 3034 3890 ΚΕΦΑΛ.
3062 3833 3187 3889 KA'.

2194 3929 2280 3994 Ὠς
2308 3929 2627 3994 Θεοδόσιος
2650 3929 2864 3996 ἀμαχεί
2901 3926 3009 3980 τοῦ
3035 3925 3335 3994 τυράννου
3361 3928 3753 3996 περιεγένετο·

2256 4001 2352 4050 καὶ
2389 4001 2521 4068 περὶ
2562 3994 2912 4067 τῆςγρήμης
2945 3996 3067 4068 τῶν
3117 3994 3468 4068 Ἀρειανῶνί·
3497 3994 3591 4052 καί
3627 4000 3756 4066 περὶ

2252 4071 2582 4206 ῗὲἷιμάχου
2661 4069 2768 4124 τοῦ
2843 4067 3190 4137 φιλοσόφου
3251 4067 3332 4130 ὠς
3385 4072 3753 4136 συμπαθείας

2359 4157 2492 4194 ωτο.
3160 4183 3168 4189 .

2251 4253 2530 4318 Θεοδόσιος
2559 4254 2616 4307 δὲ
2649 4256 2677 4307 ὀ
2720 4253 3077 4322 πανεύφημος
3125 4253 3400 4324 βασιλεὺς,
3439 4253 3621 4323 μαθὼν
3656 4254 3753 4306 ὅσα

494 4362 618 4418 qua:
673 4337 944 4399 adversus
998 4341 1391 4406 Ambrosium,
1444 4357 1632 4396 rerum
1686 4340 2073 4395 novandarum

2178 4361 2236 4398 τε
2267 4345 2630 4417 ἐνεωτερίσθη
2661 4345 2999 4416 Ἀμϐροςίῳ,
3030 4346 3124 4398 καὶ
3152 4345 3220 4397 τὰ
3255 4347 3342 4398 ἐπ’
3373 4345 3568 4412 ἐκείνῳ
3596 4361 3755 4412 γεγεο

495 4439 680 4496 studio
712 4438 929 4506 incepta
965 4444 1130 4503 atque
1165 4443 1482 4504 perpetrata
1515 4433 1740 4488 fuerant
1769 4471 1786 4497 ,
1818 4440 1876 4487 et
1907 4434 2073 4488 simul

2179 4439 2412 4508 νημένα,
2446 4437 2526 4490 ἔτι
2549 4437 2606 4490 δὲ
2640 4439 2733 4490 καὶ
2753 4437 2850 4507 τὴν
2888 4435 2982 4488 τοῦ
3013 4437 3282 4507 τυράννου
3321 4435 3638 4504 πρεσϐείαν,
3664 4437 3756 4487 καὶ

390 4525 394 4529 ’
494 4534 563 4588 de
596 4528 816 4602 tyranni
853 4527 1150 4591 legatione,
1180 4534 1235 4579 et
1266 4535 1528 4594 praeterea
1566 4540 1688 4594 qua:
1722 4525 1924 4580 litteris
1955 4526 2072 4580 suis

2178 4527 2277 4581 ὅσα
2309 4531 2416 4592 τοῖς
2449 4531 2741 4600 γράμμασι
2767 4529 3118 4598 διελάμϐανε,
3147 4529 3225 4597 τῷ
3261 4527 3503 4599 δραπέτῃ
3533 4527 3624 4580 καὶ
3655 4527 3754 4595 νέῳ

495 4622 923 4694 significaverat,
957 4617 1182 4688 scripsit
1211 4618 1444 4688 profugo
1472 4618 1679 4689 juniori
1711 4618 2070 4688 imperatori,

496 4731 606 4770 non
649 4712 965 4768 mirandum
1005 4726 1150 4774 esse,
1186 4711 1333 4781 quod
1372 4713 1424 4766 in
1461 4721 1612 4766 tanto
1648 4721 1797 4767 metu
1835 4712 2075 4779 impera-

496 4820 583 4861 tor
628 4810 676 4861 is
723 4815 906 4870 esset;
966 4812 1201 4875 tyranno
1248 4815 1432 4861 autem
1485 4815 1695 4860 tantum
1745 4802 2077 4874 suppetierit

496 4899 723 4960 virium,
771 4905 831 4950 ut
871 4895 1262 4966 imperatorem
1303 4897 1359 4952 in
1396 4896 1580 4968 fugam
1622 4897 1873 4952 verterit.
1922 4913 1941 4946 ι
1981 4896 2076 4950 llle

494 4989 686 5048 enim,
755 4987 971 5055 inquit,
1033 4996 1199 5042 recta:
1263 4987 1389 5042 fidei
1451 4989 1702 5057 Opinioni
1761 4986 2076 5041 subsidium

495 5079 658 5134 fert:
713 5079 1013 5148 imperator
1064 5095 1228 5145 vero,
1284 5081 1416 5134 dum
1478 5089 1683 5134 rectam
1744 5079 2075 5134 sententiam

495 5181 795 5240 Oppugnat,
835 5182 1029 5224 contra
1064 5171 1229 5226 Deum
1268 5172 1472 5226 bellum
1509 5180 1715 5226 movet.
1754 5171 1819 5225 Et
1860 5180 1917 5224 tu
1949 5170 2077 5239 qui-

496 5264 621 5317 dem
684 5265 897 5318 cmlcsti
952 5275 1231 5320 armatura
1285 5265 1558 5328 nudatus,
1616 5264 1757 5334 fuga:
1812 5272 1864 5317 te
1923 5278 2077 5318 com-

499 5357 700 5412 misisti
741 5373 753 5409 :
793 5357 883 5410 illc
927 5367 1114 5411 autem
1169 5368 1316 5412 recta
1371 5357 1634 5426 opinione
1683 5357 1949 5422 munitus,
1985 5372 2080 5412 su-

567 5515 642 5584 (Il
665 5515 742 5569 De
771 5523 921 5568 motu
952 5512 1281 5568 Germanico
1312 5513 1438 5565 anni
1467 5511 1607 5566 l5£6
1629 5511 1886 5566 versiculi
1917 5527 1932 5566 :

635 5607 867 5662 Causam
895 5605 1128 5660 consiliis
1152 5605 1330 5657 'texitis
1362 5604 1635 5675 improbis,

637 5677 858 5741 Qualem
887 5676 1184 5745 perdomita
1207 5675 1328 5742 jam
1366 5692 1527 5744 prope
1558 5675 1742 5728 Gallia

635 5749 812 5817 ani,
836 5763 951 5817 eam
977 5753 1179 5817 peteret
1205 5745 1378 5817 Marte
1420 5749 1694 5817 tyrannica

641 5815 799 5872 Urbes
837 5813 1102 5869 Maximus
1119 5813 1312 5881 Italas,

2177 4621 2385 4690 ἔγραφε
2413 4621 2644 4692 βασιλεῖ,
2672 4623 2748 4693 μὴ
2773 4623 2977 4692 χρῆναι
2998 4622 3324 4690 θαυμάζειν,
3359 4621 3406 4672 εί
3435 4621 3510 4687 τῷ
3539 4619 3635 4688 μὲν
3663 4617 3757 4688 βα-

2180 4713 2320 4766 σιλεί
2345 4714 2603 4768 τοσοῦτον
2629 4715 2823 4769 ὕπεστι
2847 4717 2967 4779 δέος
2991 4734 3004 4746 ·
3034 4718 3060 4768 ὀ
3085 4711 3140 4769 δὲ
3164 4715 3426 4784 τύραννος
3456 4713 3595 4765 οὕτω
3622 4728 3754 4781 κρα’

2177 4809 2282 4870 τεῐ,
2308 4805 2385 4868 ὡς
2417 4810 2512 4862 καὶ
2545 4807 2762 4875 φυγάδα
2801 4807 3022 4877 βασιλέα
3056 4809 3229 4859 ποιεῖν
3256 4821 3269 4836 ·
3305 4824 3324 4856 ‹
3383 4807 3616 4868 Ἐκεῖνος
3659 4803 3754 4872 μὲν

2178 4896 2309 4966 γὰρ,
2340 4897 2494 4967 φησὶ,
2535 4900 2601 4968 τῇ
2654 4898 2788 4968 ὀρθῇ
2818 4899 2944 4968 δόξῃ
2983 4900 3302 4966 ἐπικουρεῖ·
3347 4899 3372 4950 ὁ
3408 4897 3464 4948 δὲ
3500 4895 3750 4964 βασιλεὺς

2178 4987 2298 5057 Θεῷ
2346 4989 2434 5041 διὰ
2483 4990 2581 5060 τῆς
2609 4989 2776 5060 ὀρθῆς
2817 4991 3168 5060 πεπολέμηκε
3207 4988 3385 5057 δόξης,
3420 4990 3550 5058 αὐτῇ
3604 4987 3748 5040 άνθι-

2181 5081 2470 5151 στάμενος.
2499 5085 2609 5136 Καὶ
2639 5085 2702 5136 σὺ
2725 5083 2825 5153 μὲν
2848 5085 2945 5154 τῆς
2975 5083 3182 5138 ἀνωθεν
3205 5082 3506 5143 πανοπλίας
3535 5095 3745 5148 γυμνω-

2181 5174 2316 5238 θεὶς,
2353 5177 2592 5244 ἀπέδρας
2617 5193 2632 5210 ο
2669 5179 2874 5240 ἐκεῖνος
2904 5177 2961 5230 δὲ
3009 5179 3076 5247 τῇ
3108 5175 3243 5245 ὀρθῇ
3277 5175 3402 5244 δὸξῃ
3447 5172 3747 5242 φραττόμεο

2179 5285 2288 5330 νος,
2325 5270 2669 5336 περιγίνεται
2702 5270 2795 5322 καὶ
2837 5269 2933 5321 τοῦ
2972 5270 3234 5321 δεσπότου
3285 5267 3511 5337 κρατεῖ’
3548 5267 3610 5334 τῇ
3645 5264 3748 5332 γὰρ

2180 5359 2434 5430 εὐσεϐείᾳ
2464 5361 2681 5424 πάντως
2712 5363 2810 5415 καὶ
2836 5365 2862 5414 ὀ
2891 5361 3096 5432 ταύτης
3129 5358 3427 5430 νομοθέτης
3453 5357 3745 5428 συμπαρεῖ-

2323 5514 2608 5568 Sacrorum
2632 5515 2784 5568 titulo
2813 5514 3016 5583 perﬁda
3048 5513 3160 5579 ﬁlio

2321 5584 2548 5640 Iustina:
2581 5602 2734 5640 arma
2771 5586 2918 5654 {er-0.1:
2942 5586 3117 5636 acrius
3141 5583 3368 5654 inferens
3387 5595 3405 5632 :

2334 5654 2508 5709 Victus
2536 5653 2808 5710 succubuit
2834 5657 2924 5725 qui
2961 5656 3073 5707 sine
3097 5653 3305 5722 prtt'lio,

2324 5733 2388 5779 At
2415 5728 2589 5781 divum
2627 5743 2729 5781 non
2760 5729 2874 5781 sine
2896 5726 3132 5780 numine.
