4062 6466
372 380 482 450 809

1299 366 1908 448 ECCLESIAS'TICJ;
1948 360 2345 448 nisronma
2386 362 2530 448 LIB.
2576 366 2723 447 Xll.

3540 372 3646 451 ἐκ)

371 518 463 556 ναι
489 500 685 570 φιλεῖ.»
723 497 910 553 Ταῦτα
941 496 1041 568 μὲν
1070 490 1293 562 οὗν,καὶ
1328 501 1518 572 πόρρω
1549 501 1627 553 ὢν
1658 501 1955 555 ἀπέστελλε

2066 499 2249 569 perior
2296 496 2403 563 est,
2441 510 2498 553 et
2550 500 2746 554 herum
2788 513 2949 554 suum
3000 494 3193 554 vincit.
3229 497 3462 555 Prorsus
3495 497 3644 558 enim

370 595 649 656 Θεοδόσιος
668 609 682 625 ·
715 592 775 646 οὐ
794 590 973 661 πολλῷ
992 591 1037 643 δ’
1061 591 1292 662 ὕστερον
1314 595 1410 648 καὶ
1439 596 1700 665 στρατιὰν
1725 592 1957 664 ealega-

365 704 462 758 χον
492 685 783 756 ἠθροικὼς,
824 687 917 738 καὶ
941 676 1094 747 οὗτος
1125 684 1305 739 ἔπεισι
1336 685 1415 756 τῷ
1445 688 1694 758 τυράννῳ
1717 706 1733 724 ο
1768 688 1956 742 ἐδεδίει

328 776 333 781 ’
366 783 479 850 γὰρ
514 779 589 849 μὴ
623 779 719 832 καὶ
755 777 884 847 περὶ
912 777 1001 830 τὸν
1025 777 1292 848 νεώτερον
1321 778 1546 849 βασιλέα
1575 798 1626 833 τι
1652 780 1957 849 διαπράξη-

367 889 460 924 ται
490 872 746 940 Μάξιμος
772 885 786 899 ·
843 867 1138 923 κάντεῐθεν
1175 872 1564 939 κραταιωθεῖς,
1606 875 1699 927 καὶ
1729 873 1829 945 τὴν
1857 875 1956 943 τῆς

371 964 488 1017 Ἕω
521 965 701 1018 πᾶσαν
731 963 908 1033 ἀρχὴν
944 963 1039 1016 ὑπ’
1070 963 1232 1016 αὑτὸν
1261 965 1403 1035 Οείη.
1443 965 1536 1020 Ἐν
1564 967 1749 1038 ταυτῷ
1772 967 1829 1022 δὲ
1862 969 1957 1022 καὶ

371 1056 640 1126 πρεσϐεία
672 1056 899 1126 Περσῶν
931 1051 1068 1127 ἧκεν
1097 1058 1330 1127 εἰρήνην
1362 1056 1747 1135 ἐξαιτουμένη.
1780 1062 1957 1128 Προσ-

369 1148 581 1218 γίνεται
604 1147 651 1203 δ’
679 1148 830 1218 αὑτῷ
850 1149 1159 1218 τηνικαῦτα
1197 1150 1291 1204 καὶ
1331 1152 1462 1214 παῖς
1485 1146 1676 1221 ἔτερος
1709 1154 1773 1207 ἐκ
1805 1153 1954 1207 Πλα-

369 1241 559 1312 κίλλης
607 1240 755 1312 αὐτῷ
802 1241 1084 1312 γεννηθεὶς
1118 1244 1184 1314 τῇ
1239 1243 1403 1315 ἐνάτῃ
1436 1243 1532 1299 τοῦ
1577 1247 1954 1317 Σεπτεμϐρίου

372 1336 558 1405 μηνὸς,
619 1334 678 1387 ὃν
724 1334 984 1403 Ὁνώριον
1029 1336 1413 1407 κατωνόμασε.
1463 1338 1749 1410 Λαμπρῶς
1776 1341 1833 1393 δὲ
1884 1340 1956 1394 τὰ

366 1433 509 1485 κατὰ
532 1431 630 1499 τὴν
665 1432 926 1501 στρατιὰν
959 1429 1268 1500 ὲξαρτίσας,
1305 1434 1396 1486 τὸν
1432 1432 1545 1487 υἱὸν
1569 1433 1858 1506 Ἀρκάδων
1883 1432 1951 1510 τῇ

370 1525 789 1578 Κωνσταντίνου
828 1525 1170 1590 καταλιπὼν,
1204 1527 1368 1590 αὐτὸς
1407 1526 1505 1597 τὴν
1540 1528 1951 1600 θεσσαλονίκην

276 1617 282 1623 ’
367 1617 679 1685 κατέφθανε
704 1635 719 1650 ο
746 1617 840 1671 καὶ
867 1618 1301 1686 Οὐαλεντινιανῷ
1322 1620 1739 1689 συγγενόμενος,
1759 1622 1953 1692 πρῶτα

372 1709 473 1778 μὲν
497 1707 597 1777 τὴν
622 1707 804 1779 ψυχὴν
822 1707 973 1777 αὐτῷ
990 1709 1311 1778 ἐθεράπευε,
1331 1710 1431 1779 τὴν
1467 1711 1733 1781 πατρῴαν
1765 1714 1953 1766 πίστιν
1982 1730 1985 1733 ‘

367 1799 815 1867 ἀνασωσάμενος,
848 1803 942 1853 καὶ
972 1800 1071 1871 τὴν
1099 1801 1166 1853 ἐκ
1200 1799 1407 1869 μητρὸς
1445 1798 1832 1868 ἐπεισρυεῑσαν
1863 1802 1953 1853 νό-

369 1909 462 1946 σον
485 1892 777 1960 ἐξήλαυνεν
799 1908 811 1922 ’
847 1892 1040 1947 ἔπειτα
1068 1892 1124 1945 δὲ
1158 1893 1381 1962 θαρρεἴν
1414 1895 1737 1964 παρηγγύα,
1768 1895 1955 1966 καὶμὴ

367 1973 461 2037 ὲπλ⁵
492 1986 559 2054 τῇ
596 1980 739 2055 ἀρχῇ
776 1983 1028 2037 δεδιέναι.
1063 1982 1174 2037 Καὶ
1212 1984 1340 2045 τοὺς
1382 1986 1482 2052 μὲν
1510 1983 1661 2054 παρὰ
1695 1982 1953 2052 Μαξίμου

365 2077 600 2148 ἥκοντας
629 2076 892 2147 πρέσϐεις
916 2074 1030 2129 οὔτ’
1060 2076 1352 2130 ἀπεσείετο
1390 2075 1651 2145 πάμπαν,
1686 2076 1804 2128 ἀλλ’
1831 2075 1955 2129 οὐδὲ

368 2170 627 2240 προσίετο
654 2170 712 2230 ἐς
738 2169 799 2220 τὸ
824 2169 1082 2238 φανερόν.
1113 2163 1225 2231 Τὰς
1261 2168 1317 2222 δὲ
1341 2168 1606 2237 δυνάμεις
1638 2167 1950 2233 ἀναλαϐὼν,

367 2267 448 2328 εἰς
480 2265 580 2335 τὴν
635 2262 876 2331 ἑσπέραν
926 2263 1066 2332 πρδς
1092 2264 1191 2332 τὴν
1236 2261 1469 2316 Ἰταλίαν
1511 2261 1729 2333 ἐχώρει.
1766 2262 1954 2330 Φῆμαι

367 2340 413 2410 δ’
443 2355 653 2410 ἐκεῖθεν
697 2356 836 2422 πρὸς
871 2356 929 2408 τὸ
980 2354 1200 2423 ἑκάστῳ
1237 2353 1431 2409 δοκοῦν
1480 2353 1827 2423 ἀφικνοῦντο.
1863 2355 1959 2408 Φι-

368 2448 522 2503 λοῦσι
548 2447 659 2518 γὰρ
688 2448 738 2500 οἱ
768 2448 1052 2518 ἄνθρωποι
1087 2449 1186 2502 καὶ
1216 2448 1348 2517 περὶ⁵
1377 2441 1453 2503 ὧν
1478 2448 1664 2520 ἥκιστ’
1696 2449 1956 2502 ἐπίσταν-

368 2557 483 2602 ται,
516 2539 710 2608 λόγους
739 2540 998 2593 πλάττειν
1025 2555 1039 2570 ·
1069 2540 1164 2593 καὶ
1195 2539 1431 2609 μάλιστα
1463 2541 1511 2592 εἰ
1542 2538 1636 2592 καί
1668 2556 1780 2593 τισι
1819 2556 1955 2610 προσ

369 2633 602 2702 φάσεσιν
632 2631 952 2700 εἰλημμένοι
982 2630 1137 2693 ὄντες
1178 2631 1535 2700 τυγχάνουσι,
1584 2629 1682 2693 τὰς
1725 2634 1852 2701 περὶ
1883 2626 1957 2685 ὧν

373 2716 738 2782 σπουδάζουσι
768 2720 956 2787 φήμας
973 2718 1250 2786 ἐξάπτειν,
1282 2720 1375 2772 ἆτε
1403 2720 1467 2788 δὴ
1499 2720 1780 2789 νεωτέρων
1814 2733 1956 2790 πρα-

372 2813 603 2881 γμάτιον
633 2813 723 2862 ἀεὶ
749 2810 1133 2880 ὀριγνώμενοι.
1171 2812 1236 2862 ’0
1271 2811 1334 2881 δὴ
1383 2813 1477 2864 καὶ
1504 2811 1811 2882 τηνικαῦτα
1843 2816 1957 2875 τοῖς

373 2901 478 2955 ἀνὰ
505 2902 605 2972 τὴν
631 2900 1052 2953 Κωντταντίνου
1077 2899 1384 2954 συνέϐαινε.
1418 2902 1554 2970 Περὶ
1594 2902 1702 2971 γὰρ
1739 2902 1833 2955 τοῦ
1855 2920 1957 2955 πο-

372 2995 536 3064 λέμοτ
587 2994 746 3055 ἄλλος
780 2992 909 3046 ἄλλο
951 3011 1004 3047 τι
1040 2992 1288 3064 ὲθρύλλει
1322 2995 1576 3048 πλάττων
1600 3034 1616 3060 ,
1663 2995 1863 3057 πάντες
1900 2994 1957 3047 δὲ

372 3089 442 3143 τὰ
490 3088 660 3158 χείρω
692 3086 898 3156 μᾶλλον
944 3086 1193 3155 ὲπῆγον,
1223 3087 1427 3157 καίπερ
1470 3088 1701 3157 μηδενὶς
1745 3089 1823 3159 τῷ
1864 3106 1959 3142 πσ-

371 3184 524 3253 λέμῳ
558 3180 955 3251 γεγενημένου,
990 3179 1143 3232 αὐτοὶ
1183 3178 1389 3233 ὡσανεὶ
1417 3181 1688 3250 παρόντες
1715 3183 1829 3245 τοῖς
1862 3198 1963 3233 πε·

376 3274 714 3346 πραγμένοις
762 3272 831 3326 τὰ
866 3270 1233 3339 συμϐαίνοντα
1281 3272 1445 3342 δῆθεν
1484 3273 1752 3344 ἱστόρουν.
1796 3276 1859 3328 Ol
1906 3274 1967 3327 δ’

395 3366 647 3436 Αρειανοὶ
695 3359 1239 3432 θυμομαχοῦντεςὼς
1265 3362 1373 3413 τῶν
1409 3361 1718 3431 ἐκκλησιῶν
1753 3363 1963 3435 ἀπεληο

374 3456 623 3526 λαμένοι,
673 3451 1028 3521 ἐλογοποίουν
1046 3452 1124 3516 ὡς
1148 3455 1176 3506 ὁ
1193 3453 1458 3523 τύραννος
1492 3454 1697 3521 μᾶλλον
1726 3456 1960 3527 ἐπικρα-

373 3547 631 3615 τέστερος
663 3542 755 3597 τοῦ
788 3543 1053 3613 βασιλέως
1084 3543 1326 3611 ἐγένετο,
1367 3546 1458 3596 καὶ
1488 3546 1637 3598 τόσοι
1674 3548 1769 3599 καὶ
1815 3547 1962 3601 τόσοι

374 3641 484 3691 τῶν
515 3637 807 3708 ἡμετέρων
843 3636 1171 3690 πεπτώκασι
1198 3650 1221 3668 "
1248 3641 1342 3690 καὶ
1382 3639 1465 3691 ὅτι
1502 3641 1626 3693 ὅσον
1658 3640 1833 3708 οὔπω,
1869 3643 1964 3696 καὶ

376 3731 538 3795 abre;
562 3733 588 3784 ό
624 3733 843 3801 κρατῶν
863 3730 968 3782 ὑπὸ
996 3728 1153 3800 χεῖρα
1174 3730 1252 3800 τῷ
1276 3733 1525 3800 τυράννῳ
1554 3737 1821 3789 πεσεῖται.
1854 3737 1964 3790 Καὶ

374 3825 554 3879 ἄλλιω
583 3825 640 3877 δέ
661 3842 824 3877 τινων
854 3825 1281 3892 ἐπιγενομένων,
1317 3825 1385 3877 τὰ
1415 3826 1547 3895 παρ’
1574 3827 1758 3890 αὐτοῖς
1796 3827 1965 3881 πλατ-

373 3920 580 3986 τόμενα
604 3917 678 3979 ὡς
710 3915 890 3986 ἀληθῆ
915 3933 977 3984 γε
1006 3913 1148 3969 εἶναι
1175 3914 1365 3985 ᾤοντο,
1398 3919 1494 3971 καὶ
1528 3920 1960 3991 ὁμολογούμενα.

388 4012 671 4064 Ἐιοτεῦοεν
723 4009 904 4063 τοίνυν
967 4008 1267 4080 παραλόγῳ
1331 4010 1480 4081 ῥύμῃ
1545 4012 1960 4083 θαρρήσαντες,

291 4147 303 4155 .
375 4104 573 4176 ἁθρόον
621 4102 1030 4172 εἰσδραμόντες,
1070 4103 1208 4156 κατᾶ
1260 4106 1353 4174 τῆς
1379 4104 1475 4158 τοῦ
1508 4106 1807 4159 ἐπισκόπου
1855 4107 1961 4159 Νε-

375 4190 608 4265 κταρίου
658 4193 836 4254 οἰκίας
867 4191 981 4263 πῦρ
1037 4193 1295 4256 ἐνιέντες,
1351 4197 1560 4263 ταύτην
1607 4197 1961 4266 ἐνέπρησαν·

374 4293 569 4358 ὅτιπερ
611 4286 719 4340 τῶν
772 4286 1080 4356 ἐκκλησιῶν
1134 4287 1297 4350 αὐτὸς
1346 4289 1622 4359 ἐγκρατὴς
1659 4286 1747 4360 ἦν.
1794 4293 1966 4345 Τοῦτο

381 4380 481 4449 μὲν
500 4376 740 4430 τοιοῦτον
763 4378 981 4444 ἐγένετο
1003 4392 1014 4402 ·
1056 4375 1134 4445 τῷ
1159 4376 1214 4427 δὲ
1241 4376 1454 4441 βασιλεῖ
1480 4379 1747 4450 Θεοδοσίῳ
1777 4380 1846 4434 τὰ
1869 4381 1963 4434 τοῦ

380 4468 621 4537 πολέμου
638 4460 799 4519 ίκατὰ
847 4463 1079 4534 γνώμην
1111 4464 1331 4536 ἐχώρει.
1366 4464 1430 4520 Oi
1466 4469 1576 4539 γὰρ
1618 4469 1726 4524 ὑπὸ
1750 4470 1843 4524 τὸν
1871 4470 1967 4526 τύ-

2062 590 2207 649 γοται
2266 594 2456 664 pietati
2495 606 2691 649 auctor
2740 602 2795 649 et
2846 593 3132 666 legislator
3170 596 3289 666 ejus
3323 595 3518 651 adesse
3559 606 3651 653 so-

2064 685 2160 738 let.
2197 704 2214 737 ι
2256 687 2437 755 Atque
2473 687 2591 741 hate
2621 687 2871 757 quidem,
2904 703 3029 742 cum
3073 687 3236 759 longe
3270 688 3456 742 adhuc
3489 689 3651 744 abes-

2064 784 2171 838 set,
2213 774 2564 831 Theodosius
2597 778 2661 830 ad
2693 778 3141 833 Valentinianum
3194 779 3438 850 scripsit.
3488 779 3649 836 Brevi

2063 878 2194 919 vero
2246 876 2388 934 post,
2440 865 2689 922 exercitu
2738 874 2981 924 strenuo'
3020 871 3273 936 collecto,
3314 881 3505 927 contra
3560 872 3645 944 ty-

2062 969 2299 1008 rannmn
2348 955 2527 1009 duxit.
2582 955 2861 1011 Metuebat
2905 973 3168 1028 namque,
3203 974 3273 1014 ne
3320 956 3513 1017 contra
3555 963 3648 1033 ju-

2062 1046 2281 1101 niorem
2335 1046 2727 1115 imperatorem
2778 1048 3050 1106 Maximus
3103 1066 3221 1106 rem
3271 1046 3440 1108 etiam
3494 1066 3645 1110 recte

2062 1146 2303 1208 gereret,
2358 1149 2526 1208 atque
2557 1138 2687 1194 inde
2714 1139 3022 1210 majoribus
3051 1147 3383 1215 comparatis
3412 1136 3645 1209 viribus.

2064 1227 2312 1284 Orientis
2345 1228 2511 1283 etiam
2547 1229 2840 1298 imperium
2874 1230 2979 1287 sibi
3016 1233 3339 1302 subiiceret.
3375 1220 3502 1291 Fuit
3534 1249 3649 1294 tum

2060 1320 2354 1375 Persarum
2397 1322 2544 1391 apud
2584 1339 2711 1377 eum
2747 1315 2971 1392 legatio,
3002 1340 3194 1395 pacem
3230 1337 3445 1396 petens.
3480 1332 3653 1385 Filius

2059 1427 2283 1483 quoque
2357 1413 2499 1468 alter
2557 1429 2624 1468 ex
2688 1414 2912 1469 Placilla
2973 1416 3027 1470 ei
3091 1432 3242 1473 nono
3305 1412 3652 1489 Septembris

2059 1507 2270 1561 mensis
2301 1506 2393 1561 die
2438 1515 2603 1563 natus
2646 1516 2750 1573 est,
2779 1523 2945 1579 quem
2979 1509 3285 1566 Honorium
3323 1513 3651 1570 nominavit.

2061 1599 2321 1655 Sedcnim
2372 1603 2620 1658 exercitu
2674 1604 2843 1659 rebus
2893 1605 3156 1660 omnibus
3213 1607 3504 1674 magniﬁce
3570 1610 3655 1664 in-

2058 1701 2307 1759 structo,
2349 1705 2407 1751 et
2450 1690 2691 1750 Arcadio
2737 1695 2851 1750 ﬁlio
2896 1697 3380 1769 Constantinopoli
3423 1703 3651 1765 r'eli'ct‘o,

2060 1781 2513 1841 Thessalonicam
2563 1776 2853 1858 profectus
2900 1799 3010 1860 est,
3056 1792 3148 1848 ubi
3201 1791 3651 1849 Valentinianum

2065 1877 2350 1933 convenit.
2401 1878 2472 1933 Et
2514 1880 2753 1948 primum
2797 1882 3038 1936 animam
3080 1885 3223 1954 ejus,
3267 1886 3372 1941 ﬁde
3415 1888 3650 1957 patei'na

2064 1968 2359 2034 restituta,
2401 1979 2457 2022 et
2509 1970 2705 2024 morbo
2754 1981 3006 2027 materno
3053 1973 3324 2045 depulso,
3375 1971 3592 2034 curavit
3632 1986 3650 2035 ἑ

2063 2057 2267 2114 deinde
2300 2058 2449 2114 bono
2488 2059 2657 2114 etiam
2700 2062 2885 2116 animo
2923 2060 3065 2128 esse,
3103 2063 3281 2136 neque
3316 2064 3384 2123 di:
3421 2060 3653 2138 imperio

2063 2156 2317 2205 metuere
2349 2165 2478 2206 eum
2508 2151 2695 2222 jussit.
2729 2155 2961 2224 Legatos
3002 2166 3186 2211 autem
3226 2159 3319 2227 qui
3355 2176 3383 2214 a
3416 2144 3652 2216 Maximo
3702 2188 3713 2205 ι

2064 2254 2361 2308 venerant,
2401 2262 2583 2316 neque
2630 2248 2825 2321 rejecit
2863 2264 3111 2319 prorsus.
3146 2256 3329 2322 neque
3369 2254 3650 2324 propalam

2064 2335 2314 2391 admisit.
2364 2337 2669 2408 Copiisque
2723 2341 2999 2411 receptis.
3054 2340 3122 2397 ad
3184 2336 3540 2400 Occidentem
3595 2349 3648 2401 in

2065 2426 2278 2484 Italiam
2320 2430 2627 2484 contendit.
2673 2426 2834 2485 Fama
2875 2436 3008 2487 vero
3049 2432 3201 2501 inde,
3238 2447 3339 2504 pro
3376 2435 3445 2491 εδ
3485 2434 3652 2505 atque

2064 2519 2268 2589 cuique
2294 2520 2474 2576 visum
2500 2533 2641 2587 erat,
2666 2521 3023 2579 all‘erebatur.
3045 2524 3465 2582 Consueverunt
3500 2532 3650 2584 enim

2067 2611 2323 2668 homines
2347 2614 2513 2667 etiam
2544 2614 2611 2668 de
2639 2615 2810 2671 rebus
2851 2632 2990 2685 quas
3039 2617 3326 2687 ignorant,
3369 2619 3653 2677 sermones

2066 2702 2408 2771 contingere,
2456 2710 2511 2757 et
2546 2705 2780 2776 majores
2814 2720 3057 2776 quoque,
3089 2704 3367 2779 prazcipue
3398 2711 3445 2765 si
3479 2729 3645 2782 quam

2068 2788 2276 2845 habent
2326 2806 2547 2848 causam
2599 2805 2653 2849 et
2701 2804 3050 2864 praetextum,
3085 2801 3151 2855 de
3197 2803 3280 2857 eis
3320 2804 3528 2873 quibus
3575 2805 3659 2859 fa-

2067 2892 2223 2950 vent,
2255 2884 2511 2939 rumores
2548 2885 2813 2951 excitare,
2849 2896 2908 2942 ut
2941 2890 3031 2958 qui
3070 2907 3258 2947 rerum
3291 2909 3513 2966 semper
3552 2914 3656 2954 no-I

2067 2991 2262 3032 varum
2297 2978 2483 3046 cupidi
2523 2987 2675 3033 sunt.
2716 2981 2878 3051 283
2911 2983 3066 3049 Quod
3106 2994 3219 3040 tum
3256 3000 3476 3059 quoque
3509 2992 3657 3048 Con-

2069 3069 2430 3138 stantinopoli
2489 3071 2714 3125 accidit.
2780 3073 2854 3125 De
2912 3076 3057 3130 bello
3109 3080 3256 3132 enim
3310 3082 3453 3138 alius
3504 3085 3652 3140 aliud

2072 3172 2445 3227 commentus,
2481 3162 2537 3216 in
2586 3164 2782 3233 vulgus
2828 3165 2880 3219 id
2923 3171 3252 3239 Spargebat,
3298 3189 3491 3231 omnes
3523 3194 3655 3233 vero

2023 3252 2044 3266 '
2076 3253 2596 3326 deteriora/magis
2654 3259 3013 3316 nuntiabant.
3069 3263 3138 3317 Et
3189 3266 3440 3334 quamvis
3487 3286 3654 3326 nemo

2072 3344 2220 3400 bello
2256 3344 2620 3414 interfuisset,
2653 3349 2885 3419 perinde
2919 3362 3100 3408 tamen
3132 3364 3296 3424 atque
3332 3358 3386 3412 in
3425 3376 3483 3415 re
3514 3378 3656 3432 pra»-

2072 3441 2216 3495 senti
2265 3441 2472 3495 bellum
2520 3443 2637 3513 geri
2685 3444 2972 3508 vidissent,
3007 3462 3131 3517 quae
3180 3449 3252 3503 ibi
3298 3453 3652 3520 accidissent,

2072 3534 2398 3591 narrabant.
2450 3536 2624 3591 Porro
2661 3537 2871 3599 Ariani.
2912 3541 3006 3609 qui
3056 3542 3125 3597 ab
3160 3544 3413 3601 ecclesiis
3448 3551 3653 3620 repulsi

2077 3626 2317 3691 lucrant,
2351 3629 2406 3681 in
2456 3629 2660 3684 animis
2694 3630 2798 3700 ipsi
2835 3633 2951 3684 suis
2984 3631 3190 3687 bellum
3236 3636 3527 3705 agitantes,
3567 3658 3659 3696 ru-

2074 3734 2258 3774 mores
2310 3721 2592 3789 serebant,
2636 3723 3026 3793 imperatorem
3078 3727 3293 3783 scilicet
3326 3740 3369 3784 ‘a
3422 3742 3658 3803 tyranno

2074 3813 2305 3877 victum,
2346 3822 2404 3869 et
2455 3824 2533 3869 tot
2581 3827 2748 3885 atque
2792 3825 2871 3871 tot
2900 3828 3228 3879 nostrorum
3273 3835 3444 3878 caesos
3491 3840 3657 3893 esse;

2074 3908 2256 3974 primo
2286 3921 2509 3977 quoque
2549 3909 2715 3963 etiam
2760 3918 3004 3976 tempore
3047 3910 3438 3981 imperatorem
3476 3916 3654 3987 ipsum

2075 3999 2129 4052 in
2163 3999 2383 4070 tyranni
2415 4015 2635 4053 manum
2667 4013 3089 4069 perventurum.
3119 4003 3186 4059 Et
3216 4020 3341 4060 cum
3372 4008 3479 4063 alia
3509 4026 3659 4080 qua:-

2075 4092 2198 4144 dam
2250 4091 2480 4161 insuper
2528 4091 2908 4160 vulgarentur,
2945 4109 3069 4163 quae
3113 4093 3182 4148 ab
3224 4095 3307 4151 eis
3349 4101 3655 4171 excogitata

2075 4180 2331 4242 fuerant,
2385 4197 2488 4250 pro
2535 4182 2682 4237 veris
2736 4184 3014 4254 certisque
3068 4186 3233 4242 rebus
3281 4188 3654 4247 habebantur.

2076 4273 2315 4329 Proinde
2335 4291 2607 4330 concursu
2629 4275 2836 4346 ingenti
2861 4277 3028 4346 facto,
3062 4281 3283 4334 vecordi
3316 4284 3654 4343 conﬁdentia

2071 4377 2127 4420 et
2142 4368 2372 4436 impetu,
2388 4367 2442 4422 in
2459 4368 2703 4438 episcopi
2719 4369 2958 4424 Nectarii
2975 4374 3117 4427 aedes
3131 4374 3308 4445 ignem
3328 4377 3654 4449 injeeerunt.

2072 4475 2274 4530 easque
2297 4460 2696 4528 incenderunt,
2721 4473 3010 4532 propterea
3029 4467 3174 4536 quod
3191 4468 3453 4525 ecclesias
3472 4472 3518 4527 is
3540 4490 3657 4531 mo-

380 4577 575 4631 ραννρν
622 4557 954 4625 στρατιῶται
1004 4556 1065 4608 τὸ
1115 4555 1213 4624 τῆς
1272 4559 1634 4630 παρασκευῆς
1681 4561 1962 4616 Θεοδοσίου

2073 4553 2382 4608 deraretur.
2419 4552 2599 4625 Atque
2624 4555 2742 4610 hac
2759 4556 2984 4626 quidem
3008 4559 3088 4613 sic
3109 4561 3442 4630 agebantur.
3475 4564 3657 4637 Impe—

374 4652 677 4721 ἁξιόμαχον
705 4648 1003 4715 δείσαντες,
1047 4649 1143 4701 καὶ
1188 4652 1252 4717 τῇ
1286 4650 1452 4722 φήμῃ
1495 4653 1964 4721 καταπλαγέντες,

376 4746 472 4798 τὸν
502 4745 766 4814 τύραννον
803 4741 1216 4809 συλλαϐόμενοι,
1259 4742 1363 4795 ὑπὸ
1393 4746 1521 4807 τοὺς
1559 4746 1724 4809 πόδας
1756 4747 1834 4817 τῷ
1868 4746 1968 4817 βα-

379 4838 520 4891 σιλεί
542 4838 826 4909 ῥίπτουσιν
847 4850 861 4866 ⁸
880 4834 939 4888 ὃν
969 4836 1203 4897 ἐκεῖνος,
1233 4837 1440 4889 ἀδικεῖν
1465 4839 1694 4907 νομίσας
1716 4839 1814 4902 τὰς
1829 4842 1968 4911 πρὸς

378 4932 420 4984 Γ
430 4932 683 5001 ρατιανὸν
712 4928 1012 4998 συνθήκας,
1043 4929 1092 4981 εἰ
1127 4927 1203 4997 μὴ
1238 4929 1436 4999 ποινὴν
1473 4931 1836 5001 εἰσπράξαιτο
1869 4936 1970 5002 τῆς

380 5021 595 5074 ἐκείνου
626 5020 869 5090 σφαγῆς,
896 5019 1059 5080 εὐθὺς
1083 5019 1244 5071 αὐτόν
1273 5021 1509 5090 ἀναιρεῖ.
1529 5020 1587 5075 Ὀ
1623 5022 1679 5075 δὲ
1711 5023 1800 5076 τὸν
1828 5024 1972 5093 Γρα-

379 5116 566 5168 τιανὸν
597 5116 734 5186 δόλῳ
763 5114 968 5168 ἀνελὼν
1017 5115 1429 5183 Ἀνδραγὰοιος,
1464 5119 1529 5170 τὰ
1567 5119 1708 5171 κατὰ
1734 5119 1826 5174 τὸν
1851 5121 1971 5175 Μά-

382 5209 542 5278 ξιμον
570 5209 852 5275 διαγνοὺς,
893 5210 989 5261 σὺν
1032 5208 1216 5270 αὐτοῖς
1241 5208 1428 5273 ὅπλοις
1457 5212 1537 5274 είς
1568 5211 1658 5264 τὸν
1685 5215 1972 5284 παραρρέ-

380 5319 514 5356 οντα
545 5303 792 5370 ποταμδν
832 5300 1024 5373 ἥλατο,
1069 5302 1163 5354 καὶ¹
1193 5303 1473 5373 ἀπεπνίγη
1506 5303 1775 5373 φθαρείς,
1802 5305 1864 5359 'll
1912 5308 1971 5360 δὲ

381 5394 528 5463 ἀρχὴ
564 5394 638 5462 τῷ
663 5394 766 5464 νέῳ
806 5393 1237 5460 Οὐαλεντινιανῷ
1271 5395 1780 5451 ἅπασα-σέσωσται.
1811 5398 1969 5453 Οὕτω
2024 5395 2030 5400 ’

382 5488 442 5541 δὲ
488 5487 580 5540 τὸν
615 5488 852 5556 πόλεμον
889 5485 1208 5555 διαθέμενος
1244 5487 1560 5552 Θεοδόσιος,
1605 5491 1702 5545 σὺν
1730 5490 1811 5561 τῷ
1842 5509 1970 5545 νεω-

461 5639 808 5709 (l)Conferat
833 5640 993 5701 mihi,
1021 5654 1226 5713 quaeso,
1246 5640 1371 5707 pius
1392 5640 1748 5713 prudensquc
1772 5644 1965 5711 lecmr,

383 5728 511 5766 cum
540 5713 823 5781 tyrannide
855 5711 1077 5763 Maximi
1122 5710 1279 5763 istius
1305 5752 1318 5768 .
1372 5729 1467 5780 per
1517 5710 1969 5770 circumstantias

383 5794 602 5848 omnes,
659 5784 986 5836 seditionem
1039 5791 1095 5831 et
1144 5781 1499 5835 rebellionem
1556 5784 1965 5850 Germanicam,

381 5855 614 5925 ejusque
651 5855 879 5917 exitum,
911 5865 1074 5921 quem
1115 5865 1203 5903 an.
1241 5852 1376 5905 1546
1410 5865 1465 5906 et
1495 5853 1648 5921 1547,
1684 5856 1922 5909 vidimus
1952 5875 1966 5923 ;

630 5955 909 6015 'PATROL.
949 5952 1064 6014 GR.
1130 5949 1353 6010 CXLVI

2071 4656 2223 4701 ralor
2255 4656 2437 4701 autem
2462 4647 2809 4703 Theodosius
2834 4648 3043 4704 bellum
3072 4667 3140 4706 ex
3166 4657 3440 4711 sententia
3461 4662 3654 4729 gessit.

2070 4737 2275 4795 Milites
2308 4754 2544 4811 namque
2599 4756 2741 4811 quos
2776 4753 3039 4814 tyrannus
3096 4745 3370 4816 habebat,
3426 4765 3658 4821 appara-

2072 4841 2188 4887 tum
2242 4833 2500 4889 bellicum
2545 4845 2600 4888 et
2635 4839 2882 4905 ingentes
2912 4835 3209 4893 Theodosii
3243 4841 3433 4911 copias
3467 4846 3656 4907 veriti,

2073 4925 2300 4996 ipsaque
2346 4927 2485 4981 adeo
2524 4927 2667 4981 fama
2708 4943 2899 4984 eorum
2961 4930 3141 4985 territi
3212 4941 3505 5005 tyrannum
3568 4953 3658 4992 ca-

2072 5027 2227 5087 ptum
2260 5018 2329 5073 ad
2363 5018 2711 5090 imperatoris
2749 5020 2920 5090 pedes
2956 5023 3208 5093 abiecere
3240 5027 3340 5097 (Ι).
3374 5027 3439 5081 Et
3471 5029 3656 5085 Theu-

2037 5108 2285 5175 ’dosius,
2322 5112 2469 5180 quod
2500 5128 2559 5168 se
2599 5114 2883 5178 Gratiano,
2939 5133 3181 5185 quocum
3227 5119 3409 5176 fmdus
3438 5124 3656 5191 pepigcv

2074 5212 2180 5265 rat,
2221 5202 2502 5273 injuriam,
2544 5207 2589 5260 si
2646 5217 2875 5277 tyranno
2928 5221 3202 5278 parceret,
3244 5228 3424 5283 neque
3472 5215 3541 5269 ab
3588 5232 3657 5270 co

2073 5297 2239 5352 aedis
2267 5308 2491 5367 patranc
2519 5314 2711 5368 pmnas
2738 5312 3002 5365 sumeret,
3026 5303 3300 5360 facturum
3345 5322 3467 5361 esse
3501 5317 3661 5376 puta;

2076 5401 2179 5455 ret,
2215 5391 2505 5447 confestim
2561 5395 2713 5446 illum
2774 5397 2959 5451 necari
3006 5397 3190 5469 jussit.
3242 5398 3656 5469 Andragathius

2077 5500 2229 5549 vero,
2266 5488 2358 5554 qui
2391 5486 2716 5542 Gratianum
2748 5489 2941 5545 fraude
2968 5491 3408 5546 circumventum
3438 5493 3657 5548 occide-

2074 5655 2129 5700 et
2174 5663 2286 5700 rem
2333 5663 2562 5716 prorsus
2610 5649 2860 5703 eamdem
2895 5649 3159 5704 inveniet.
3199 5648 3376 5707 Mores
3405 5651 3673 5713 rediisse;

2075 5719 2167 5789 qui
2201 5716 2496 5772 Theodosii
2533 5721 2683 5772 luere
2718 5732 2965 5789 tempore
2993 5720 3166 5788 jurcs,
3204 5722 3493 5789 pessimus,
3529 5739 3660 5776 cum

2077 5788 2351 5841 Maximus
2383 5790 2524 5843 bello
2561 5792 2767 5857 periret
2804 5788 3021 5857 imperii
3055 5793 3224 5846 sociis
3252 5795 3505 5849 ‘rcbcliis.

3220 5955 3302 6016 26

2532 6036 2585 6044 σε..
