4062 6432
432 322 527 383 δει
1658 310 2084 375 ΝΗΣΙΕΡΠΟΙΠ
2129 312 2483 376 CALLISTI

3598 312 3704 374 812

430 444 534 500 rat,
586 440 675 490 ubi
730 435 862 505 quid
914 434 1147 489 Maximo
1197 432 1508 497 accidisset,
1564 434 1848 501 cognovit.
1891 449 2015 486 cum

2130 436 2267 503 τέρῳ
2324 434 2539 503 βασιλεῖ
2578 432 2675 502 τὴν
2717 431 2938 503 Ῥώμην
2970 433 3043 496 ὡς
3082 433 3380 504 ν.κηφόρος
3419 431 3705 499 κατέλαϐε,

435 533 567 600 ipsis
616 531 780 585 annis
841 529 894 582 iu
957 526 1419 597 p'rasterﬂucutcm
1482 539 1700 578 amnem
1760 525 2013 586 insiluit,

432 637 596 695 atque
637 624 710 677 ibi
761 619 991 676 interiit.
1029 619 1107 673 Ita
1151 617 1541 674 Valentiniano
1586 617 1797 688 juniori
1838 618 2013 685 impe-

360 691 391 789 ξζ
433 721 573 773 rium
627 733 786 772 omne
836 713 1157 769 restitutum
1205 719 1309 767 est.
1363 711 1428 765 Et
1473 708 1820 764 Theodosius
1873 709 2016 763 bcl'o

383 844 390 861 .
431 813 667 867 feliciter
696 809 970 872 confecto,
1006 822 1131 860 CIIIII
1165 806 1501 875 imperatore
1525 804 1749 872 juniore
1782 802 2013 857 Romam
2056 802 2061 803 ⁷

392 908 613 973 _victor
665 904 964 971 ingressus,
1017 897 1389 953 ciarissimuru
1442 896 1604 950 Imtus
1650 893 1762 965 egit
1816 894 2013 948 trimu-

392 976 626 1068 ‘phum.
688 996 857 1049 Recte
910 992 1076 1047 ctiam
1134 990 1181 1043 is
1238 991 1291 1043 in
1345 988 1501 1043 Italia
1549 986 2015 1043 Mediolanensem

430 1091 724 1146 constituit
773 1098 938 1157 atque
991 1084 1274 1140 ordinavit
1305 1082 1636 1148 Ecclesiam,
1673 1097 1797 1135 cum
1836 1096 1867 1136 e
1909 1081 2017 1136 vita

429 1182 781 1237 commodum
820 1178 1035 1234 Iustina
1078 1176 1430 1230 excessisset.
1482 1172 1855 1237 Theodosius,
1890 1189 2017 1228 cum

430 1278 615 1332 adhuc
659 1276 848 1334 Itonia:
898 1282 1080 1331 esset,
1129 1283 1159 1324 c
1208 1267 1689 1336 Constantinopoli
1738 1282 1805 1321 eo
1847 1266 1913 1319 ad
1961 1282 2019 1320 se

434 1372 607 1425 ﬁlium
649 1354 976 1427 Honorium,
1015 1363 1169 1417 valde
1204 1358 1387 1415 adhuc
1428 1370 1700 1421 tenerum.
1733 1358 2019 1414 adducen-

431 1466 566 1518 dum
596 1462 832 1516 curavit.
863 1458 927 1510 Et
958 1471 1082 1510 cum
1112 1454 1299 1509 Roma:
1330 1452 1574 1507 victoria:
1599 1468 1756 1509 sacra
1784 1452 2017 1522 peregit,

436 1567 551 1609 tum
610 1552 961 1607 clementiam
1018 1546 1563 1617 placabilitatemque
1618 1559 1774 1600 suam
1836 1545 2019 1599 mani-

434 1651 578 1705 festo
625 1643 927 1700 declaravit
962 1658 975 1694 :
1012 1639 1360 1710 potissimum
1401 1652 1537 1692 vero
1584 1637 1641 1691 in
1689 1635 2020 1707 Symmacho

435 1738 760 1797 exconsule.
821 1732 920 1788 llic
979 1730 1146 1803 264,
1204 1744 1442 1799 namque
1501 1738 1729 1785 senatus
1785 1727 2018 1783 Romani

2126 529 2220 579 καὶ
2275 527 2543 581 ὶπινίκιον
2597 528 2884 595 κατήγαγε
2935 527 3202 598 θρίαμϐον
3257 526 3703 597 εὐφραινόμενος.

2126 619 2320 684 Καλῶς
2359 620 2418 674 δὲ
2446 620 2556 691 ἄρα
2586 620 2682 674 καὶ
2712 620 2781 674 τά
2813 621 2957 675 κατὰ
2996 621 3096 690 τὴν
3138 622 3195 673 ὲν
3236 621 3440 691 Ἰταλία
3482 617 3711 688 Ἐκκλη-

2129 712 2250 766 σίαν
2300 712 2520 781 διέθηκε
2555 712 2924 767 Μεδιόλανονο
2962 712 3107 765 τέλει
3155 712 3265 782 γὰρ
3310 710 3428 782 βίου
3456 711 3552 764 καὶ
3579 708 3712 764 Ἰου-

2127 805 2281 858 στίνα
2318 806 2613 876 ἐχρήσατο.
2653 806 2777 860 Ἔτι
2801 804 2844 859 δ’
2875 806 2935 858 ὲν
2958 807 3025 874 τῇ
3077 803 3267 876 Ῥώμῃ
3295 802 3372 856 ὣν
3405 801 3707 865 Θεοδόσιος.

2125 895 2190 950 ἐκ
2216 897 2316 967 τῆς
2353 896 2987 960 Κωνσταντινουπόλεως
3008 896 3206 967 κομιδῆ
3239 897 3436 965 νήπιον
3463 894 3593 949 ὄντα
3621 896 3711 947 τὶν

2127 989 2240 1043 υἱὸν
2283 988 2568 1059 ’Δρκάδιον
2603 989 3014 1060 μετεστέλλετο.
3062 987 3202 1052 Τοὺς
3231 987 3276 1043 δ’
3306 988 3600 1049 ἐπινικίους
3630 1004 3715 1039 τε·

2127 1082 2234 1136 λῶν
2263 1084 2322 1136 ἐν
2364 1081 2571 1154 Ῥώμῃ,
2602 1084 2695 1135 καὶ
2734 1082 2832 1152 τὴν
2866 1082 3136 1151 σφετέραν
3167 1081 3521 1145 ἀνεξικακίαν
3547 1080 3712 1151 δήλην

2127 1176 2302 1229 ἐποίει
2329 1193 2344 1207 ο
2382 1179 2475 1228 καὶ
2507 1174 2744 1245 μάλιστα
2771 1176 2866 1227 ἐπὶ
2896 1175 3181 1245 Συμμάχῳ
3214 1173 3293 1244 τῷ
3329 1172 3434 1226 ἀπὸ
3468 1173 3711 1228 ὑπάτων.

2130 1260 2299 1331 Οὗτος
2328 1268 2437 1336 γὰρ
2464 1267 2680 1336 πρῶτος
2711 1265 2787 1320 ὢν
2808 1266 2910 1334 τῆς
2933 1267 2991 1318 ἐν
3034 1265 3226 1336 Ῥώμῃ
3254 1264 3559 1334 συγκλήτου
3594 1263 3713 1333 βου-

2128 1346 2248 1429 λῆς,
2282 1358 2370 1413 διά
2394 1360 2671 1429 θαύματος
2698 1354 2765 1430 ἦν
2790 1360 2906 1421 τοῖς
2938 1357 3239 1428 προσοῦσιν
3271 1356 3421 1425 αὐτῷ
3448 1356 3672 1425 ἀγαθοῖς
3691 1393 3709 1422 ,

2132 1453 2368 1525 μάλιστα
2387 1451 2432 1507 δ’
2452 1454 2713 1525 ἐπῃνεῖτο
2734 1452 2825 1505 ἐπὶ
2848 1451 3131 1505 παιδεύσει
3149 1449 3325 1519 λόγων
3343 1448 3668 1520 Ῥωμαῖκών
3691 1452 3707 1477 δ

2130 1546 2362 1608 πολλοὺς
2395 1546 2505 1616 γάρ
2558 1544 2649 1599 καὶ
2677 1546 2819 1612 ἀγαν
2853 1545 3111 1615 ἀρίστους
3144 1544 3342 1612 λόγους
3371 1546 3438 1614 τῇ
3474 1544 3714 1612 σφετέρα

2128 1639 2354 1710 γλώσσῃ
2389 1636 2616 1701 ἐξέδοτο.
2648 1636 2901 1706 Γέγραφε
2937 1635 2994 1688 δὲ
3046 1635 3140 1688 καὶ
3172 1634 3307 1706 πρὸς
3337 1633 3432 1686 τὸν
3456 1634 3714 1703 τύραννον

2130 1732 2382 1802 Μάξιμον
2404 1732 2485 1789 ἔτι
2508 1731 2771 1803 περιόντα
2789 1748 2804 1763 ·
2837 1725 2898 1786 οὗ
2924 1732 3085 1803 χάριν
3121 1729 3305 1801 ἔνοχος
3326 1730 3402 1801 τῷ
3433 1731 3530 1800 τῆς
3558 1729 3717 1783 καθοδ

437 1833 718 1905 princeps,
757 1828 812 1882 in
865 1839 1083 1897 magna,
1133 1831 1359 1892 propter
1406 1820 1626 1892 egregia
1672 1835 1797 1891 qua:
1848 1818 1904 1873 in
1951 1834 2021 1875 eo

2130 1823 2369 1887 σιώσεως
2414 1823 2661 1891 ἐγεγόνει
2691 1822 3033 1895 ἐγκλήματι.
3061 1824 3256 1887 Δείσας
3285 1823 3464 1877 τοίνυν
3488 1823 3588 1895 τὴν
3616 1840 3716 1877 κ;-

401 1895 599 1980 ιξιιτιηι
656 1895 1012 1982 ornamenta,
1066 1915 1175 1970 fuit
1225 1913 1627 1978 admiratione,
1678 1913 2025 1983 maximeque

442 2026 668 2088 propter
713 2010 1088 2085 eloquentiam
1128 1994 1186 2063 et
1231 2007 1489 2077 peritiam
1525 2004 1705 2060 Latini
1752 2007 2026 2061 sermonis

439 2108 697 2165 laudatus
738 2112 853 2158 este
883 2100 1084 2155 Multas
1112 2097 1284 2163 enim,
1313 2105 1369 2152 et
1400 2095 1699 2152 admodum
1735 2095 2027 2166 pra-claras

443 2207 686 2258 ltomaua
718 2198 905 2267 lingua
937 2192 1111 2249 edidit
1143 2190 1444 2247 orationes.
1486 2188 1724 2259 Scripsit
1754 2187 1923 2242 etiam
1956 2187 2027 2242 ad

442 2296 739 2353 Maximum
774 2301 1070 2362 tyrannum
1105 2284 1288 2339 adhuc
1328 2283 1705 2353 superstitem.
1745 2281 1918 2349 Quam
1953 2282 2025 2337 ob

444 2402 669 2445 causam
715 2383 966 2441 criminis
1003 2376 1403 2449 perduellionis
1442 2385 1498 2431 et
1542 2375 1683 2431 laesa:
1724 2374 2028 2447 majeStatis

444 2499 575 2539 rcus
612 2483 807 2539 factus.
838 2474 988 2547 quod
1017 2488 1077 2529 se
1116 2472 1439 2528 damnatum
1479 2469 1544 2523 iri
1577 2476 1872 2534 metueret,
1903 2476 2026 2523 tan.

443 2593 608 2647 quam
633 2574 700 2628 ad
724 2570 933 2642 asylum
962 2568 1017 2621 in
1045 2564 1338 2620 ecclesiam
1365 2560 1636 2631 confugit.
1663 2561 1815 2616 Adeo
1839 2571 2025 2617 autem

445 2676 749 2740 imperator
783 2666 885 2718 iste
917 2658 1178 2730 religiose
1210 2654 1702 2719 Christianismum
1748 2654 1944 2718 coluit,
1971 2664 2028 2709 et

441 2768 580 2817 adeo
618 2756 880 2815 Ecclesia:
913 2750 1016 2807 fu'it
1047 2748 1337 2809 obedieus,
1374 2755 1433 2801 ut
1468 2762 1580 2799 non
1613 2760 1708 2799 eos
1739 2745 1902 2800 modo
1931 2746 2025 2815 qui

439 2856 689 2927 ejusdem
725 2868 851 2908 cum
889 2864 956 2905 eo
996 2854 1195 2921 essent
1222 2842 1371 2904 ﬁdei,
1406 2855 1740 2911 magnopere
1787 2840 2025 2894 honora-

439 2954 530 3015 rit,
564 2957 619 3004 ct
650 2946 969 3018 praeclaram
1002 2941 1110 2994 illis
1135 2938 1455 3008 opinionem
1475 2934 1771 2990 conciliare
1793 2932 2027 2988 studue-

447 3044 545 3103 rit.
603 3054 799 3094 verum
830 3036 999 3090 etiam
1029 3029 1387 3093 Novatiauos,
1417 3028 1564 3083 idem
1599 3025 1887 3081 uobiscum
1920 3041 2027 3080 una

445 3151 502 3190 te
530 3141 755 3202 excepta
784 3127 1113 3190 sentientes,
1138 3122 1378 3179 civiliter
1403 3132 1455 3175 et
1480 3119 1692 3190 placide
1716 3119 2023 3174 admiserit.

438 3231 631 3298 Itaque
683 3223 949 3279 Leontius
1000 3216 1435 3273 Novatianorum
1492 3214 1746 3270 ecclesia:
1799 3222 1912 3268 tum
1970 3214 2025 3267 in

443 3318 691 3371 Itomana
738 3310 879 3365 urbe
928 3308 1181 3371 antistes,
1218 3306 1312 3376 qui
1356 3306 1682 3375 deprecator
1716 3303 1861 3375 apud
1897 3319 2023 3358 eum

2127 1914 2374 1986 ταδίκην,
2409 1914 2485 1974 ὡς
2512 1915 2590 1979 εις
2614 1914 3000 1985 κρησφύγετον
3043 1915 3144 1983 τὴν
3174 1914 3508 1984 Ἐκκλησίαν
3549 1919 3715 1969 κατέά

2127 2008 2362 2079 δραμεν.
2418 2006 2576 2063 Οὕτω
2606 2008 2651 2063 δ’
2696 2005 2766 2081 ἦν
2802 2011 2832 2063 ό
2865 2008 3122 2082 βασιλεὺς
3161 2007 3408 2074 εὐλαϐῶς
3458 2009 3587 2081 περὶ
3622 2013 3714 2063 τὸν

2128 2100 2562 2171 Χριστιανισμδν
2589 2099 2751 2173 ἔχων,
2776 2090 2957 2172 καϊτῇ
2989 2099 3084 2155 τοῦ
3104 2100 3239 2155 Θεοῦ
3284 2102 3578 2174 Ἐκκλησία
3598 2120 3715 2156 πει-

2130 2193 2337 2264 θηνιος,
2369 2193 2447 2257 ὡς
2503 2195 2669 2265 μήτοι
2698 2210 2764 2263 γε
2784 2193 2919 2263 ¹τοὺς
2953 2194 3053 2265 τῆς
3100 2179 3229 2265 ίσης
3270 2194 3421 2265 αὐτῷ
3480 2196 3713 2258 πίστεως

2129 2288 2444 2359 ὑπερτιμᾷν
2463 2304 2546 2352 τε,
2570 2287 2666 2341 καὶ
2709 2286 2771 2340 τδ
2796 2286 2956 2353 δόξαν
2976 2290 3204 2352 ἐκείνοις
3225 2289 3495 2359 αἱρεῖσθαι
3519 2293 3712 2343 ποιεῖν’

2128 2379 2269 2433 ἀλλὰ
2322 2382 2429 2450 γάρ
2491 2381 2586 2433 καὶ
2645 2379 3028 2443 Νιυατιανοὺς
3091 2380 3160 2434 τά
3236 2383 3596 2454 παραπλήσια
3646 2387 3712 2453 τῇ

2130 2471 2401 2544 θρησκείᾳ
2431 2471 2571 2542 πλὴν
2597 2472 2717 2535 ἐνὸς
2747 2471 3071 2538 δοξάζοντας
3098 2472 3321 2545 ἡμέρως
3360 2475 3458 2529 καὶ
3484 2475 3712 2537 ἀστείοις

2133 2564 2280 2635 μάλα
2304 2564 2651 2636 προσίεσθαι.
2699 2564 2875 2635 ’Υπὲρ
2905 2565 3089 2618 τοίνυν
3131 2566 3434 2637 Συμμάχου
3467 2568 3712 2629 Λεόντιος

2130 2657 2473 2728 πρεσϐεύων,
2537 2658 2599 2723 ὃς
2659 2658 2761 2727 τῆς
2820 2661 2878 2713 ἐν
2949 2658 3137 2732 Ῥώμῃ
3191 2659 3301 2712 τῶν
3361 2660 3713 2714 Ναυατιανιῖιν

2130 2748 2464 2816 Ἐκκλησίας
2496 2755 2801 2820 τηνικαῦτα
2855 2753 3064 2821 ἠγεῖτο,
3101 2753 3201 2805 οὐκ
3239 2751 3584 2824 ἀπετύγχανε
3619 2752 3712 2805 τοῦ

2130 2839 2336 2894 σκοποῦ
2363 2857 2376 2870 ·
2424 2841 2618 2912 ἐκείνῳ
2650 2842 2756 2933 γὰρ
2799 2843 2899 2912 τὴν
2926 2844 3088 2913 χάριν
3117 2845 3535 2915 ἀφοσιούμενος,
3566 2861 3712 2898 συνεο

2129 2934 2300 3004 χώρει
2325 2933 2402 3005 τῷ
2433 2936 2721 3005 Συμμάχῳ
2746 2935 2808 2989 τὸ
2837 2936 3095 3007 ἔγκλημα
3119 2953 3132 2966 ·
3156 2937 3214 3002 ὃς
3243 2939 3308 3009 δὴ
3341 2941 3433 2993 καὶ
3462 2939 3561 3009 τῆς
3588 2942 3711 3004 συγ-

2130 3026 2357 3097 γνώμης
2379 3028 2654 3095 ἀξιωθεὶς,
2694 3029 2780 3083 τὸν
2810 3030 3209 3101 ἀπολογητικὸν
3235 3033 3311 3104 τῷ
3334 3033 3547 3106 βασιλεῖ
3564 3039 3711 3105 ἐσχει

2129 3118 2408 3185 δίαζεν.’0
2444 3122 2543 3190 μὲν
2569 3118 2663 3175 οὖν
2692 3122 2815 3176 καθ’
2846 3123 3089 3193 ἑσπέραν
3118 3125 3354 3196 πόλεμος
3384 3127 3589 3181 τοιάνδε
3615 3133 3709 3198 τὴν

2132 3212 2309 3283 ἀρχὴν
2356 3214 2632 3285 ἐσχηκὼς,
2661 3215 2903 3269 τοιοῦτον
2928 3217 3105 3270 αἴσιον
3145 3219 3237 3270 καί⁵
3267 3218 3327 3271 τὸ
3357 3220 3519 3289 τέρας
3543 3221 3709 3290 ὲλάμ·

2136 3306 2269 3360 ϐανε
2301 3307 2439 3361 Θεοῦ
2477 3310 2935 3379 πρυτανεύοντος.

444 3432 546 3483 pro
584 3406 920 3481 Symmacho
967 3404 1092 3468 fuit,
1129 3418 1227 3471 spe
1279 3417 1376 3456 sua
1428 3400 1736 3456 frustratus
1776 3416 1888 3454 non
1934 3410 2047 3455 cst.
2105 3400 2241 3457 Nam
2292 3404 2342 3458 ei
2393 3405 2737 3475 gratiﬁcatus
2779 3407 3103 3477 imperator,
3174 3421 3458 3480 peccatum
3504 3419 3707 3466 tantum

444 3503 779 3579 Syunnacho
827 3497 1064 3553 remisit.
1113 3496 1218 3567 Qui
1262 3493 1480 3549 veniam
1555 3503 1910 3557 consecutus,
1949 3492 2255 3549 orationem
2299 3512 2408 3564 qua
2446 3511 2506 3552 se
2540 3496 2811 3559 defendit.
2846 3498 2912 3552 ad
2939 3497 3327 3569 imperatorem
3368 3504 3706 3573 conscripsit.

442 3606 512 3661 Et
567 3602 772 3658 bellum
814 3597 1037 3668 quidem
1092 3591 1448 3649 Occidentalc
1507 3590 1600 3643 tali
1668 3589 1826 3644 initio
1876 3600 2160 3659 emptum,
2214 3601 2489 3662 optatum,
2542 3594 2657 3652 Deo
2710 3594 2852 3651 bene
2908 3593 3239 3667 adjuvante,
3296 3596 3489 3651 habuit
3529 3599 3685 3652 tinem

750 3710 797 3729 "’
1027 3710 1253 3768 CAPUT
1296 3710 1461 3765 XXII.

446 3816 522 3869 De
556 3804 1211 3883 [cedis“consuetudinibus
1245 3804 1593 3883 etmorilgusr
1631 3818 1763 3883 quos
1794 3819 1858 3857 ea:
1902 3809 2029 3857 urbe

711 3880 876 3933 Roma
906 3877 1055 3945 ejccit
1086 3876 1377 3943 imperator
1419 3870 1755 3926 Theodosius.

515 3991 865 4050 Theodosius
897 3988 1224 4057 imperator,
1253 3999 1379 4038 cum
1417 3983 1470 4036 iu
1506 3981 1656 4037 Italia
1691 3992 2023 4050 moraretur,

444 4093 745 4162 plurimum
785 4077 1147 4139 emolumenti
1200 4078 1255 4132 Itt
1302 4076 1605 4131 Romanam
1646 4074 1883 4127 contulit
1925 4089 2024 4127 ur-

448 4190 592 4248 bem,
629 4196 754 4236 cum
794 4193 862 4231 ea
904 4189 1028 4246 quae
1076 4182 1239 4227 antea
1289 4185 1399 4223 non
1451 4167 1688 4222 habebat
1722 4166 2028 4221 liberaliter

445 4276 768 4338 tribuendo,
802 4283 916 4326 tum
965 4268 1232 4338 pleraque
1273 4276 1395 4331 qua:
1431 4260 1739 4328 antiquitus
1774 4258 1825 4314 ei
1868 4269 2027 4314 erant

444 4350 600 4425 t'teda‘
628 4364 795 4436 atque
839 4360 1091 4433 pudenda
1131 4355 1445 4410 adimendo.
1487 4352 1613 4406 Fuit
1654 4351 1808 4406 enim
1837 4351 2026 4406 Roma:

443 4463 708 4533 probrum
749 4454 1032 4526 quoddam
1077 4450 1187 4505 tale
1223 4462 1238 4503 :
1276 4446 1450 4500 Erant
1482 4445 1555 4498 ibi
1589 4444 1819 4499 mdilicia
1851 4446 2027 4497 maxi-

2707 3712 2962 3767 ΚΕΦΑΛ.
3024 3713 3154 3766 KB’.

2135 3806 2273 3875 Περὶ
2304 3807 2424 3861 τῶν
2456 3807 2743 3877 Ῠαίσχρῶν
2788 3808 3146 3871 συνιιθειῶν,
3195 3806 3267 3874 ἀς
3303 3796 3561 3877 περιεῖλε
3606 3806 3710 3876 τῆς

2428 3876 2653 3947 Ῥώμης
2684 3881 2716 3931 ό
2739 3878 3044 3944 ,βασιλεὺς
3075 3876 3396 3946 Θεοδόσιος

2205 3992 2468 4056 Βασιλεὺς
2517 3992 2576 4045 δὲ
2622 3990 2917 4059 διατρίϐων
2966 3992 3022 4044 ὲν
3085 3991 3305 4063 Ἰταλίᾳ,
3341 3994 3567 4045 πλεῖστα
3614 3990 3708 4061 τὴν

2146 4084 2434 4154 Ῥωμαίων
2454 4083 2632 4155 ὢνησε
2663 4086 2841 4151 πόλιν,
2865 4083 2943 4154 τῷ
2968 4085 3067 4153 μὲν
3097 4083 3173 4153 τῷ
3201 4084 3384 4138 δοῦναι
3412 4085 3706 4155 φιλοτίμως

2129 4177 2167 4232 ἃ
2198 4178 2274 4248 μὴ
2309 4177 2575 4247 πρότερον
2620 4169 2758 4245 εἶχε,
2791 4176 2883 4228 καὶ
2915 4174 2993 4244 τῷ
3028 4172 3302 4243 περιελεῖν
3331 4178 3397 4228 τὰ
3441 4176 3705 4246 προσόντα

2129 4269 2314 4341 ἐκείνῃ
2359 4267 2609 4339 μοχθηρά
2647 4270 2712 4321 ὲκ
2765 4265 2999 4337 μακροῦ,
3042 4268 3139 4319 καὶ
3190 4266 3454 4337 αίσχύνης
3491 4266 3705 4337 ἐμπλεω

2130 4363 2496 4418 καθιστῶντα.
2533 4362 2649 4415 Μία
2679 4360 2725 4415 δ’
2756 4357 2825 4432 ἦν
2870 4362 3007 4432 αὐτῇ
3044 4358 3278 4431 αἰσχύνη
3304 4360 3530 4428 τοιαύτη
3550 4375 3565 4391 ο
3599 4360 3706 4413 Μέ-

2130 4472 2310 4524 γιστοι
2339 4454 2493 4525 δόμοι
2524 4454 2668 4508 κατά
2699 4452 2799 4523 τὴν
2845 4451 3067 4522 Ῥώμην
3101 4448 3263 4522 ἦσαν,
3291 4448 3372 4514 οἷς
3400 4454 3428 4505 ό
3457 4454 3520 4523 τῇ
3560 4451 3705 4503 πόλει

445 4574 554 4623 ma,
585 4557 639 4609 in
667 4553 871 4622 quibus
899 4562 1116 4601 annona
1140 4544 1294 4599 urbis
1316 4540 1723 4597 asservabatur.
1753 4539 1856 4606 Qui
1890 4556 2023 4594 vero

2131 4545 2537 4618 χορηγούμενος
2567 4546 2713 4607 σῖτος
2742 4544 2952 4597 ἐτίθετο
2981 4562 2994 4575 °
3021 4536 3070 4596 οἳ
3091 4542 3155 4614 δὴ
3182 4543 3292 4596 τῶν
3310 4544 3485 4596 ὀἴκων
3508 4543 3706 4595 τούτων

447 4648 687 4717 pra’lccti
719 4644 803 4697 eis
831 4653 1010 4703 erant,
1043 4637 1291 4691 Romana
1332 4633 1519 4703 lingua
1557 4632 1839 4700 mancipes
1866 4631 2021 4694 dicti,

445 4738 712 4807 temporis
769 4745 1032 4804 processu
1090 4726 1414 4797 praedonum
1474 4723 1756 4777 domicilia
1820 4721 2024 4775 effece-

445 4842 572 4886 raut
608 4832 706 4898 (I).
757 4827 893 4881 Cum
945 4824 1093 4879 enim
1140 4821 1205 4875 ad
1264 4822 1407 4874 latus
1462 4819 1730 4889 cujusque
1781 4815 2023 4878 aedilicii,

440 4927 597 4993 juxta
627 4921 730 4976 loci
763 4921 954 4981 situm,
981 4918 1037 4971 in
1067 4926 1225 4986 parte
1254 4913 1502 4969 inferiori
1530 4911 1823 4982 pistrinum
1851 4920 2024 4974 esset,

444 5017 539 5087 qui
589 5015 638 5067 ei
689 5012 983 5083 prtctuere,
1028 5008 1291 5062 tabernis
1320 5004 1679 5069 constructis,
1718 5003 1773 5056 in
1819 5001 2026 5070 quibus

442 5110 613 5161 etiam
646 5103 963 5158 meretrices
990 5101 1056 5154 ad
1088 5109 1359 5169 quaestum
1393 5097 1744 5166 prostabant,
1774 5108 1873 5163 per
1907 5093 2027 5147 illas

444 5200 673 5254 insidias
719 5199 800 5251 eis
845 5195 1175 5258 tendebaut,
1220 5192 1315 5260 qui
1359 5203 1593 5242 annonae
1640 5186 2027 5254 comparanda:

442 5294 619 5365 gratia
661 5291 727 5345 ad
773 5293 967 5343 domos
1002 5300 1096 5340 eas
1129 5284 1442 5339 veniebant.
1476 5280 1637 5351 265
1671 5280 1842 5333 Erant
1871 5293 2024 5343 vero,

444 5389 538 5454 qui
597 5401 716 5437 cam
780 5391 990 5435 tantum
1044 5378 1115 5431 ob
1162 5391 1384 5430 causam
1437 5383 1498 5425 ut
1549 5375 1706 5427 tanta:
1755 5370 2026 5440 voluptati

446 5481 806 5540 inservirent,
838 5492 905 5528 eo
938 5472 1294 5527 accedebant.
1330 5468 1577 5523 Machina
1610 5468 1755 5521 enim
1788 5467 2023 5537 quadam

444 5585 509 5620 ex
550 5566 857 5635 prostibulo
902 5565 957 5616 in
1008 5560 1303 5631 pistrinum
1341 5557 1757 5613 deferebantur.
1794 5558 2025 5612 Potissi—

448 5677 594 5712 mum
639 5676 768 5712 τοι-ι)
814 5670 1040 5725 peregre
1090 5651 1515 5706 advenientibus
1561 5660 1613 5705 et
1654 5650 1884 5704 advenis
1920 5651 2024 5704 itoc

426 5769 431 5775 ⁸
521 5797 595 5853 (ι)
631 5796 781 5845 Socr.
822 5792 915 5844 lib.
944 5808 996 5853 v,
1029 5807 1150 5856 Cap.
1188 5790 1270 5843 lS.

2132 4641 2232 4710 τὴν
2272 4642 2450 4710 ἀρχὴν
2497 4639 2734 4710 ἔχοντες,
2765 4637 2859 4701 οὒς
2908 4638 3198 4707 Ῥωμαίων
3242 4637 3394 4707 φωνὴ
3428 4636 3704 4706 μάγκιπας

2133 4731 2416 4802 ὀνομάζει,
2442 4731 2522 4802 τῷ
2537 4731 2717 4802 χρόνῳ
2743 4732 3041 4799 προήκοντι
3078 4730 3350 4801 λῃστήρια
3381 4724 3504 4791 τούς
3527 4732 3704 4792 οίκους

2134 4825 2485 4892 εἰργάσαντο.
2538 4824 2694 4877 Ἐπεὶ
2727 4823 2833 4892 γάρ
2866 4823 2916 4875 oi
2966 4822 3213 4893 μυλῶνες
3248 4821 3345 4891 τῆς
3390 4822 3499 4874 τῶν
3529 4823 3706 4873 τόπων

2136 4916 2342 4977 θέσεως
2403 4915 2549 4968 οὕτω
2607 4916 2859 4985 διδούσης
2921 4916 3065 4968 κατά
3123 4912 3322 4983 βάθους
3381 4908 3524 4985 ἦσαν
3577 4913 3705 4981 πρὸς

2136 5006 2379 5077 πλευρὰν
2414 5007 2630 5075 ἑκάστῳ
2660 5009 2947 5077 οἰκήματι,
2994 5008 3042 5058 οἱ
3082 5005 3289 5058 τούτων
3326 5008 3705 5075 προϊστάμενοι

2136 5101 2409 5168 καπηλεῖα
2466 5101 2957 5163 κατεσκευακότες,
3011 5101 3106 5152 καὶ
3162 5100 3369 5168 πόρνας
3423 5100 3479 5150 ὲν
3530 5099 3706 5156 αύτοῖς

2138 5192 2604 5261 προστησάμενοι,
2666 5189 2757 5243 διὰ
2817 5189 3021 5251 τούτων
3085 5188 3279 5259 ὥσπερ
3339 5188 3494 5257 λόχον
3550 5184 3705 5237 καθί-

2131 5296 2273 5333 στων
2306 5274 2417 5343 τοῖς
2456 5283 2618 5353 χρεία
2661 5281 2879 5352 τροφῶν
2926 5283 3040 5342 τοῖς
3078 5283 3248 5343 οἴκοις
3304 5280 3632 5348 ἐπερχομένη
3658 5292 3703 5336 ς.

2128 5368 2310 5425 Ἶίσαν
2338 5372 2394 5425 δὲ
2428 5373 2477 5425 οἳ
2517 5375 2611 5426 καὶ
2640 5373 2718 5440 τῷ
2770 5373 2975 5443 αἰσχρᾷ
3014 5372 3176 5442 ἡδονῇ
3204 5371 3478 5423 δουλεύειν
3505 5370 3706 5421 ἐθέλειν

2134 5468 2271 5537 μόνῃ
2294 5468 2476 5519 ἐκεῖσε
2510 5470 2776 5533 ἐγίνοντοο
2812 5468 3028 5535 μηχανῇ
3062 5464 3169 5531 γάρ
3202 5481 3309 5516 τινι
3335 5464 3422 5515 δια
3453 5461 3546 5514 τοῦ
3576 5476 3705 5528 πορθ

2131 5559 2273 5611 νείου
2311 5560 2386 5627 τῷ
2422 5559 2627 5627 μυλῶνι
2673 5560 2967 5611 ἐνέπιπτον
2992 5575 3004 5587 ·
3038 5558 3272 5628 μάλιστα
3301 5556 3356 5608 δὲ
3394 5557 3548 5607 τοῦτο
3597 5556 3703 5615 τοῖς

2131 5656 2401 5725 ἑνδημοῦσ
2447 5656 2554 5708 τῶν
2589 5657 2752 5720 ξένων
2782 5657 3163 5710 ἑπιιτννέϐαινε
3190 5671 3203 5685 ·
3228 5655 3321 5707 καὶ
3341 5656 3387 5706 οἱ
3418 5652 3587 5713 οὕτως
3618 5653 3707 5704 ta-
