4062 6452
462 288 566 356 813

1378 292 1980 358 ECCLESIAS’l‘lCzE
2017 264 2404 357 uisionis;
2447 266 2592 355 LIB.
2633 260 2774 352 XII.

3596 282 3701 345 8H

435 408 694 473 )wxdte;,
716 407 961 477 ἀνάγκης
980 407 1356 477 ἐπικειμένης,
1392 410 1542 463 ἀλεῖν
1569 411 1656 463 διὰ
1688 411 1804 480 βίου
1832 411 2013 464 κατεί-

2138 408 2424 465 Iccidebat.
2467 406 2570 476 Qui
2620 406 2842 471 deinde
2873 404 2940 459 ‘ad
2990 419 3117 458 eum
3171 400 3392 474 modum
3442 405 3611 475 capti,
3646 415 3700 458 ct

436 517 618 570 χοντο,
656 500 732 570 μὴ
761 500 859 571 τὴν
887 492 1101 553 ἐκεῖθεν
1131 500 1285 553 λύσιν
1316 501 1494 564 ποσῶς
1531 503 1976 572 συγχωρούμενοι
1997 520 2009 532 ο

436 576 511 655 ὧς
543 592 639 645 καὶ
680 596 792 654 τοῖς
825 591 1048 653 οἰκείοις
1090 592 1469 662 παρεσχῆσθαι
1511 592 1690 659 δόξαν,
1720 593 1801 645 ὅτι
1847 593 2015 645 πάλαι

435 684 729 754 τεθνήκασι
765 683 938 754 ταύτῃ
992 686 1058 755 τῇ
1109 684 1278 755 ἄγρᾳ.
1326 685 1433 737 Καί
1474 703 1555 748 τις
1606 685 1717 736 τῶν
1748 684 2016 752 Θεοδοσίῳ

439 776 925 846 στρατευσαμένων
951 774 1229 831 ἐνέπεσεν.
1250 774 1338 838 Ὡς
1368 774 1411 826 δ’
1448 774 1650 844 ἥκιστα
1680 775 1856 842 τούτῳ
1896 791 2019 826 συν⁴

438 868 756 938 εχωρεῖτοή
804 866 1004 931 ἔξοδος,
1037 867 1182 922 καθά
1217 867 1280 939 δὴ
1313 868 1378 920 τὰ
1410 869 1504 920 καὶ
1540 869 1654 931 τοῖς
1688 868 1920 932 λοιποῖς,
1961 866 2020 918 τὸ

438 964 591 1030 παρὰ
643 959 752 1010 τῶν
809 959 1003 1030 μηρῶν
1061 960 1383 1030 ᾐωρημένον
1438 958 1590 1028 ξίφος
1645 960 2016 1029 σπασάμενος,

437 1048 563 1113 τοὺς
602 1051 899 1121 ἐπέχοντας
931 1051 1279 1123 διεχρήσατο.
1310 1054 1372 1106 Oi
1401 1052 1445 1106 δ’
1479 1054 1649 1119 ἄλλοι,
1682 1055 1791 1131 δέει
1820 1051 1915 1105 τοῦ
1944 1052 2020 1120 μὴ

437 1140 504 1196 τὰ
552 1143 644 1196 ἴσα
680 1144 893 1206 παθεῖν,
932 1138 1278 1215 συνεχώρουν
1323 1145 1520 1215 ἐκείνῳ
1568 1147 1668 1213 τὴν
1702 1144 1904 1209 ἔξοδον.
1954 1147 2021 1196 "A

436 1234 576 1305 δῆτα
631 1236 833 1305 μαθὼν
867 1237 1173 1302 Θεοδόσιος,
1205 1240 1330 1299 τοὺς
1383 1232 1482 1306 μὲν
1534 1230 1756 1291 κολάσει
1799 1238 2017 1314 ὑπῆγε·

435 1324 565 1392 τοὺς
594 1329 650 1381 δέ
692 1329 1020 1399 λῃστρικοὺς
1052 1329 1295 1383 ἐκείνους
1335 1320 1520 1393 οἴκους
1562 1331 1659 1382 καὶ
1688 1320 1757 1383 τά
1793 1320 2021 1399 πορνεῖα

437 1426 502 1477 ἐκ
542 1423 757 1493 βάθρων
809 1419 1101 1493 ἀνέτρεπε.
1147 1422 1365 1492 Ταύτην
1419 1411 1552 1492 μίαν
1610 1420 1875 1492 αἰσχύνην
1922 1422 2023 1489 τῆς

440 1502 837 1586 βασιλευούσης
887 1516 997 1570 τῶν
1045 1515 1255 1568 πόλεων
1314 1512 1592 1586 περιεῖλεν
1631 1499 1659 1568 δ
1696 1514 1978 1576 Θεοδόσιος
2009 1529 2024 1543 ·

440 1607 634 1676 ἐτέραν
652 1607 708 1660 δὲ
728 1607 884 1677 τήνδε
906 1623 919 1636 ο
954 1605 1022 1659 Εἴ
1048 1624 1175 1659 ποτε
1198 1607 1445 1677 μοιχείας
1479 1608 1643 1662 πάθει
1664 1607 1802 1677 γυνὴ
1823 1606 2024 1689 ἁλοῦσα

439 1692 654 1768 ἔτυχεν,
686 1699 785 1751 οὐκ
818 1700 1028 1769 ἐκκοπῇ
1071 1700 1169 1769 τῆς
1200 1700 1534 1770 ἁμαρτάδος,
1566 1699 1704 1754 ἀλλὰ
1731 1700 2023 1771 προσθήκῃ

2118 502 2452 557 necessitate
2487 500 2877 567 circumventi,
2910 498 3118 554 molere
3148 514 3247 568 per
3278 497 3444 565 vitam
3477 513 3700 553 omnem

2117 592 2482 657 cogebantur,
2520 606 2696 661 usque
2748 590 2888 645 adeo
2942 590 3200 646 libertate
3252 597 3306 645 et
3341 590 3529 659 aliquo
3576 589 3705 643 inde

2124 684 2301 738 reditu
2356 694 2576 756 negato,
2611 692 2673 739 ut
2719 684 3019 739 necessarii
3060 693 3116 739 et
3161 682 3461 753 propinqui
3508 695 3702 756 eorum

2119 773 2441 843 jamdudum
2496 790 2596 830 eos
2645 774 2774 829 fatis
2826 777 3166 831 concessisse
3200 776 3597 848 ‘opinarcntur.
3643 775 3703 832 in

2124 865 2266 920 banc
2321 865 2632 936 decipulam
2687 866 2910 936 quidam
2965 869 3147 923 etiam
3187 868 3490 925 TheodOsii
3547 869 3707 924 miles

2124 956 2347 1012 incidit.
2380 955 2561 1025 Atque
2595 958 2687 1012 ubi
2737 958 2816 1012 illi
2852 974 3094 1029 quoque,
3128 959 3295 1029 sicuti
3344 969 3401 1015 et
3450 961 3707 1031 reliquis.

2123 1049 2277 1104 abire
2327 1049 2455 1104 inde
2511 1065 2622 1104 non
2673 1051 3115 1120 permitteretur;
3171 1053 3368 1108 stricto
3422 1068 3589 1123 quem
3640 1054 3709 1109 ad

2126 1134 2308 1190 femur
2341 1152 2672 1206 suspensum
2706 1139 2933 1209 gerebat
2963 1155 3120 1206 ense,
3157 1157 3255 1196 eos
3285 1142 3381 1212 qui
3409 1157 3468 1197 se
3503 1142 3711 1198 retine-

2127 1227 2283 1295 bant,
2315 1228 2617 1283 interemit.
2650 1229 2720 1285 Et
2750 1225 2868 1295 alii,
2902 1247 2971 1287 ne
3003 1232 3148 1288 idem
3179 1242 3524 1303 paterentur,
3563 1245 3709 1291 metu

2126 1318 2439 1386 conterriti,
2475 1318 2631 1375 abire
2678 1336 2807 1375 eum
2852 1330 2981 1376 sunt
3018 1324 3190 1392 passi.
3227 1324 3362 1395 Eam
3402 1339 3518 1379 rem
3563 1336 3713 1396 post-

2126 1424 2291 1479 quam
2327 1408 2678 1466 Theodosius
2709 1415 2991 1491 cognovit,
3031 1431 3266 1492 nequam
3303 1416 3429 1473 illos
3461 1406 3713 1491 homines

2129 1496 2421 1571 suppliciis
2452 1503 2724 1563 subdidit,
2758 1505 3193 1576 praedonumque
3225 1509 3470 1566 latebras
3506 1511 3628 1565 illas
3660 1521 3713 1565 et

2128 1588 2418 1662 lupanaria
2477 1611 2545 1650 ex
2582 1597 2983 1673 fundamentis
3044 1601 3182 1669 ipsis
3245 1603 3465 1659 evertit;
3532 1605 3715 1673 'Atquc

2132 1678 2296 1739 unam
2328 1676 2550 1756 quidem
2581 1689 2724 1744 hanc
2754 1689 3058 1746 fmditatem
3095 1692 3151 1747 in
3184 1694 3435 1764 principe
3464 1695 3603 1751 urbe
3634 1698 3717 1753 sic

442 1761 649 1860 μᾶλλον
678 1791 776 1860 τῆς
800 1761 1071 1861 ἀκρασίας
1096 1761 1192 1858 την
1209 1761 2023 1862 τιμωρίανῬωμαῖοι-ἐπῆγοντ

2138 1769 2480 1835 Theodosius
2530 1765 2780 1838 sustulit.
2839 1784 3083 1839 Alteram
3144 1761 3330 1843 autem
3366 1761 3530 1844 illam
3586 1807 3603 1844 :
3656 1792 3713 1844 Si

442 1882 765 1953 βραχυτάτῳ
792 1883 900 1954 γὰρ
935 1876 1165 1952 οίκίσκῳ
1191 1884 1289 1951 τὴν
1320 1879 1721 1953 ἀμαρτήσασαν
1747 1898 1814 1935 πε
1826 1883 2024 1952 ρικλεί-

438 1990 616 2039 οντες,
648 1972 822 2025 ἔπειτ’
857 1971 1089 2036 ἀναιδῶς
1141 1974 1267 2025 εῖων
1295 1972 1372 2042 τῷ
1407 1966 1724 2042 βουλομένῳ
1766 1968 1864 2039 τὴν
1894 1972 2023 2025 ἀκό-

439 2066 638 2120 λαστον
669 2065 864 2134 ἡδονὴν
890 2064 1220 2135 ἐκπληροῦν.
1256 2064 1366 2118 Καὶ
1394 2066 1454 2117 τὸ
1481 2066 1545 2133 δὴ
1583 2065 1764 2136 πάσης
1794 2064 2023 2126 ἀτοπίας

442 2158 719 2221 ἐπέκεινα,
776 2156 855 2207 ὅτι
915 2155 1012 2207 καὶ
1065 2153 1321 2217 κώδωνας
1387 2155 1685 2226 ἀπῃὼρουν
1734 2154 1875 2207 κατὰ
1934 2153 2026 2206 τὸν

445 2249 640 2318 καιρὸν
657 2249 756 2318 τῆς
777 2245 1089 2315 ἀκαθάρτου
1117 2245 1495 2316 μίξεωςοῶστε
1519 2245 1836 2316 σειομένους
1853 2246 1973 2316 ἠχεῖ
1991 2266 2023 2308 ι,

445 2342 534 2395 ἵνα
568 2342 643 2411 μὴ
688 2340 827 2412 λάθῃ
862 2340 990 2400 τοὺς
1024 2340 1159 2391 ὅπου
1192 2337 1255 2409 δή
1292 2336 1424 2391 ποτε
1463 2331 1763 2409 παριόντας
1801 2338 1861 2389 τὸ
1890 2334 2030 2405 δρώ-

448 2447 628 2501 μενον,
685 2429 822 2484 ἀλλά
873 2431 939 2499 τῇ
975 2429 1082 2483 τῶν
1113 2428 1381 2483 κωδώνων
1422 2430 1528 2499 ἠχῇ
1566 2430 1598 2499 ή
1651 2428 1771 2498 μεθ’
1820 2422 2028 2500 ὓόρεὶοὲ

443 2526 685 2597 τιμωρία
732 2523 1071 2595 γνωρίζουσι).
1103 2526 1207 2578 Ἦν
1256 2525 1351 2579 καὶ
1388 2526 1596 2595 ταύτην
1651 2519 1954 2594 πυῖόμενος
2002 2526 2029 2575 ὁ

446 2620 893 2690 σωφρονέστατος
925 2619 1025 2671 οὐκ
1051 2619 1251 2687 ἤνεγκε
1287 2618 1544 2688 βασιλεύς
1567 2633 1584 2651 ο
1623 2618 1757 2671 ἀλλὰ
1789 2619 1882 2672 καλ⁵
1903 2617 2033 2671 ταύ-

448 2724 549 2780 την
612 2709 711 2780 τὴν
768 2709 960 2777 ἀναιδῆ
1019 2708 1308 2778 συνήθειαν
1355 2706 1771 2776 ἐξηφὰνιζε,τά
1806 2709 2030 2774 σεῖστρα

454 2802 805 2856 παντάπασιν
837 2801 1128 2870 ἀφανίσας.
1157 2800 1316 2853 Οὕτω
1346 2802 1455 2871 γὰρ
1486 2801 1551 2853 τὰ
1576 2794 1659 2868 ἐῲ⁹
1693 2794 1848 2870 ὕϐρει
1884 2795 2034 2870 οἰκῆ-

458 2912 605 2967 ματα
642 2896 826 2948 ἐκεῖνα
860 2893 1091 2948 ἐκάλουν
1115 2909 1130 2925 ο
1166 2895 1347 2957 ἄλλοις
1376 2893 1432 2947 δέ
1485 2896 1670 2962 νόμοις
1707 2891 2033 2948 ὑποκεῖσθλι

453 2987 550 3049 τὰς
580 2972 754 3048 οὕτως
789 2984 1028 3048 ἁλούσας
1067 2986 1399 3054 ἐνομοθέτει.
1428 2983 1550 3037 Τῶν
1581 2985 1679 3054 μὲν
1706 2985 1799 3038 δύο
1827 2985 2033 3037 τούτων

451 3066 797 3147 ἐφυϐρίστων
817 3075 1120 3144 συνηθειῶν
1137 3076 1163 3127 ὁ
1185 3073 1458 3137 θειότατος
1487 3074 1748 3143 βασιλεὺς
1769 3075 1866 3146 τὴν
1902 3076 2032 3130 Ῥωο
2062 3102 2104 3159 c

456 3170 633 3239 μαίων
692 3167 846 3222 πόλιν
892 3165 1175 3237 ἀπήλλαξε
1200 3182 1215 3197 ⁸
1256 3169 1433 3219 πάντα
1461 3165 1519 3218 δέ
1549 3169 2034 3237 καταστησάμενος

451 3262 526 3325 ὡς
572 3258 766 3332 χρεὼν,
820 3261 886 3331 τῇ
938 3260 1037 3330 μὲν
1078 3259 1270 3330 Ῥώμῃ
1299 3258 1391 3312 τὸν
1444 3259 1893 3313 Οὐαλεντινιανὸν
1937 3258 2034 3332 τὴν

456 3355 733 3425 βασιλείαν
764 3354 941 3406 ἐκεῖσε
980 3353 1185 3406 διέπειν
1236 3352 1448 3421 ἀφῆκεν
1476 3367 1487 3381 ·
1521 3352 1684 3414 αὐτὸς
1724 3350 1781 3402 δέ
1817 3350 2036 3420 σύναμα

452 3449 531 3519 τῷ
596 3449 752 3503 παιδὶ
825 3445 1070 3517 Ὀνωρίῳ
1135 3445 1216 3507 είς
1283 3445 1383 3512 τὴν
1455 3443 2037 3497 Κωνσταντινούπολιν

456 3538 612 3615 ἦλθε.

2128 1873 2351 1944 quando
2409 1875 2611 1930 mulier
2672 1877 2726 1931 in
2788 1864 3714 1955 adulterio‘comprehenderetur,

2130 1982 2238 2044 non
2279 1969 2615 2024 coercitione
2668 1970 2940 2036 criminis,
2999 1973 3098 2028 sed
3158 1960 3345 2044 potius
3383 1977 3716 2037 accensione

2129 2042 2400 2125 libidinis,
2434 2048 2664 2114 Romani
2687 2062 2741 2115 in
2765 2076 2884 2116 eam
2901 2042 3440 2137 animadvertebant.
3476 2064 3719 2121 Domuu-

2130 2148 2269 2202 cula:
2327 2148 2475 2202 enim
2532 2160 2717 2221 arctat,
2756 2166 2878 2220 quae
2933 2152 3271 2208 adulterium
3321 2156 3714 2217 commisisset.

2131 2236 2438 2304 inclusam,
2488 2224 2840 2309 impudenter
2883 2242 3084 2315 deinde
3130 2240 3490 2315 impotentem
3532 2250 3717 2320 cujus-

2135 2330 2270 2386 libet
2299 2333 2637 2403 voluptatem
2686 2344 2743 2388 et
2779 2337 3143 2405 petulantiam
3178 2340 3401 2410 explere
3431 2344 3718 2411 permitte-

2133 2422 2287 2478 bant.
2321 2423 2387 2480 Et
2419 2426 2567 2494 quod
2615 2442 2835 2482 omnem
2883 2429 3102 2484 excedit
3143 2431 3566 2495 absurditatcm.
3602 2438 3715 2491 titt-

2135 2516 2418 2570 tinnabula
2464 2518 2568 2572 sibi
2618 2519 2869 2576 homines
2916 2510 3225 2590 libidinosi,
3262 2525 3465 2595 impuri
3513 2543 3718 2584 concu-

2135 2609 2285 2664 bitus
2335 2602 2581 2681 tempore
2633 2614 3147 2682 accounnodabant,
3193 2625 3254 2689 ut
3301 2624 3575 2676 cdmmota
3627 2624 3717 2678 illa

2137 2692 2484 2769 resonarcnt,
2527 2717 2581 2760 et
2630 2704 3525 2785 pra-tercuntesquandocunque
3569 2715 3721 2784 ﬂagi-

2138 2798 2274 2850 tium
2316 2793 2527 2853 tantum
2566 2817 2673 2868 non
2719 2801 2938 2869 lateret,
2970 2804 3064 2857 scd
3104 2804 3288 2874 potius
3316 2794 3719 2863 tintinnabulo-

2139 2904 2258 2943 rum
2295 2892 2479 2945 sonitu
2522 2889 2682 2960 poena
2727 2893 2819 2947 illa
2866 2909 2991 2948 cum
3044 2895 3244 2966 injuria
3291 2906 3346 2952 et
3387 2902 3721 2957 contumelia

2138 2974 2435 3051 conjuncta
2474 2981 2836 3037 indicaretur.
2868 2982 3041 3048 Quam
3078 2993 3132 3038 et
3171 2984 3342 3055 ipsam
3381 2987 3472 3042 ubi
3519 3004 3724 3060 cogno‘

2140 3073 2239 3137 vit,
2267 3074 2660 3143 pudicissimus
2685 3090 2795 3128 non
2836 3075 2963 3129 tulit
2992 3075 3314 3146 imperator,
3350 3080 3446 3134 sed
3476 3090 3583 3135 tam
3623 3083 3726 3136 im-

2141 3158 2437 3233 pudentem
2485 3175 2541 3219 et
2599 3165 2896 3219 obscenam
2956 3170 3415 3226 consuetudinem
3461 3176 3724 3229 abolevit.

2141 3256 2272 3311 Nam
2307 3251 2363 3312 ei
2403 3259 2565 3312 sistra
2602 3258 2699 3329 (ita
2733 3260 2881 3311 enim
2927 3275 3051 3329 quae
3087 3263 3155 3315 ad
3200 3272 3405 3318 tantam
3438 3275 3724 3322 contume-

2147 3336 2277 3405 liam
2342 3363 2638 3405 cxstructtc
2714 3361 2875 3405 erant
2935 3353 3285 3410 domunculte
3349 3358 3726 3430 vocabantur)

2143 3438 2371 3499 omnino
2409 3438 2627 3507 evertit,
2657 3452 2713 3497 et
2752 3444 3033 3499 adulteras
3068 3446 3301 3500 aliarum
3343 3449 3523 3519 legum
3562 3467 3724 3505 coer-

2146 3528 2450 3593 eitiouibus
2497 3537 2899 3592 constitutione
2937 3539 3045 3592 lata
3083 3539 3162 3608 (l)
3207 3541 3464 3611 subjecit.
3504 3543 3728 3599 Duabus

462 3642 616 3696 hisce
646 3638 983 3695 contumelia
1014 3636 1194 3707 plenis
1260 3633 1764 3692 conSuet'udinibus
1797 3634 2177 3691 dirinissimus
2242 3630 2539 3704 imperator
2606 3636 2799 3690 urbem
2871 3636 3102 3690 Romam
3150 3637 3425 3693 liberavit.
3462 3638 3527 3694 Et
3564 3640 3729 3695 rebus

459 3736 718 3791 omnibus
764 3743 913 3788 recte
952 3732 1291 3798 constitutis,
1328 3731 1559 3787 Romam
1592 3735 1817 3803 quidem
1887 3743 1943 3788 et
2013 3722 2306 3804 imperium
2374 3732 2729 3787 Occidentale
2801 3733 3185 3789 Valentiniano
3228 3734 3725 3819 administrandum

461 3834 685 3904 reliquit
717 3835 885 3904 :ipse
917 3850 1049 3890 vero
1078 3851 1202 3890 cum
1238 3832 1484 3891 llonorio
1514 3833 1629 3888 lilio
1655 3830 2188 3901 Constantinopolim
2225 3840 2305 3885 est
2361 3824 2638 3884 reversus.

1041 3976 1291 4030 ΚΕΦΔΛ.
1328 3974 1452 4030 Kl".

462 4071 597 4138 Περὶ
623 4069 732 4136 τῆς
768 4070 1094 4138 ισαγγέλου
1121 4070 1427 4134 πολιτείας
1457 4069 1768 4134 Ἀρσενίου
1789 4070 1897 4124 τοῦ
1919 4075 2037 4125 Με-

531 4141 722 4227 Trito};
744 4157 756 4169 ·
782 4140 847 4205 ὃς
882 4140 1003 4193 τῶν
1027 4140 1350 4204 ,ϐασιλέων
1395 4139 1768 4204 διδάσκαλος
1824 4148 2038 4208 πρότε-

523 4228 638 4277 ρον
663 4227 762 4280 ην.

2716 3978 2943 4035 CAPUT
2986 3958 3174 4037 XXIII.

2151 4068 2225 4120 Dc
2258 4067 2495 4137 angelica
2528 4070 2731 4123 Arsnnii
2759 4071 2937 4141 Magni
2973 4075 3115 4150 rita_,
3145 4078 3235 4143 qui
3261 4087 3420 4131 antea
3445 4081 3730 4150 imperato-

2606 4154 2725 4192 rum
2756 4148 3047 4211 prwceptos
3069 4144 3261 4212 fuerat.

532 4329 693 4380 Κατά
718 4327 774 4379 δὲ
807 4324 996 4380 τοῦτον
1023 4325 1117 4377 τὸν
1154 4327 1368 4395 χρδνον,
1395 4327 1421 4378 ὁ
1455 4325 1713 4394 βασιλεὺς
1733 4325 1846 4390 τοῖς
1886 4327 2034 4379 παισῖ

2219 4308 2529 4391 286Ὲουὺ
2562 4321 2709 4375 idem
2741 4326 2980 4394 tempus.
3014 4325 3337 4395 imperator,
3374 4300 3571 4389 liberis
3609 4338 3729 4391 suis

461 4419 782 4474 διδάσκαλον
828 4419 1035 4489 ἀρετῆς
1099 4418 1396 4486 ἐπιστῆσαι
1447 4419 1703 4487 θελήσας,
1767 4419 2043 4488 ’Λρσένιον

461 4515 670 4567 ἐκεῖ.ον
692 4507 753 4567 οὗ
802 4512 864 4564 τὸ
887 4513 1039 4573 κλέος
1068 4512 1168 4579 τῆς
1221 4513 1425 4581 ἀρετῆς
1457 4515 1537 4574 είς
1573 4515 1756 4565 πᾶσαν
1785 4514 2043 4582 διέδραμε

462 4601 563 4669 τὴν
602 4600 695 4653 ὑπ’
727 4599 960 4670 οὐρανὸν
983 4599 1260 4668 εὑρηκὼς,
1290 4599 1592 4668 ἐγχειρίζει
1616 4600 1839 4660 τούτους
1873 4600 2042 4666 αὐτῷ.

469 4695 577 4747 Καὶ
613 4694 670 4756 ὃς
730 4693 857 4756 τοὺς
917 4694 1112 4755 παῖδας
1170 4691 1518 4757 καταλαϐὼν,
1551 4694 1768 4762 ἀπάσης
1799 4691 2044 4753 παιδείας

467 4785 792 4856 καθηγητὴς
864 4783 1215 4853 ἐγνωρίξετο,
1289 4783 1615 4853 ἐλευθερίως
1664 4784 1902 4848 ἀνάγων,
1951 4782 2046 4834 καὶ

468 4874 676 4944 πατρὶς
704 4874 904 4942 τρόπον
945 4875 1157 4941 ἐπέχων
1197 4874 1381 4936 αὐτοῖς
1406 4889 1420 4905 ο
1475 4874 1610 4943 μηδέ
1674 4878 1783 4941 γαρ
1817 4874 2049 4925 δεδιέναι

469 4966 529 5021 τὸ
560 4967 657 5037 τῆς
689 4968 966 5038 βασιλείας
986 4952 1120 5036 ὕψος
1142 4967 1337 5036 ἐκείνῳ
1361 4965 1660 5035 παρηγγύα
1693 4968 1721 5016 ὁ
1749 4965 2049 5028 Θεοδόσιος,

472 5058 705 5113 ἀλλ’ὃσα
739 5061 834 5113 καὶ
862 5059 1072 5122 δούλοις
1103 5060 1289 5122 αὐτοῖς
1319 5058 1577 5129 χρῆσθαι.
1616 5058 1673 5109 ὐ
1705 5058 1763 5110 δὲ
1790 5061 1853 5129 τῇ
1881 5059 2049 5125 πολλῇ

477 5152 913 5224 μετριοφροσύνῃ
972 5144 1295 5206 τούναντίον
1341 5152 1545 5222 μᾶλλον
1604 5152 1778 5203 ἐποίει
1806 5165 1818 5181 ο
1852 5151 1925 5211 ὡς
1957 5152 2052 5202 καί

475 5246 606 5296 ποτε
647 5247 738 5298 τὸν
812 5244 1060 5319 βασιλέα,
1120 5245 1381 5315 ἐξαπίνης
1447 5244 1691 5296 εἰσιόντα
1722 5243 1814 5295 τδν
1863 5243 2048 5311 δόμον,

476 5340 657 5408 εὑρεῖν
689 5340 787 5408 μὲν
811 5341 1054 5403 ἐκείνους
1088 5338 1336 5408 σοϐαρῶς
1373 5336 1856 5407 προκαθημένους.
1888 5335 1979 5386 τὸν
2008 5333 2052 5385 δ’

491 5427 765 5497 Ἀρσένιον
784 5428 1018 5491 ἐστῶτα,
1043 5432 1136 5482 καὶ
1160 5432 1257 5500 τὴν
1279 5427 1632 5482 διδασκαλίαν
1652 5442 1757 5496 προ
1768 5426 2052 5494 σφέρονταο

477 5522 857 5590 χαλεπήναντα
908 5524 952 5577 δ’
1019 5523 1116 5576 ἐπὶ
1150 5524 1329 5592 τούτῳ
1385 5521 1477 5574 τὸν
1518 5520 1769 5590 βασιλέα,
1820 5518 2057 5587 ψιλῶσαι

482 5613 581 5682 μὲν
605 5615 847 5679 ἐκείνους
878 5617 987 5669 τῶν
1023 5618 1375 5686 παρασήμων
1397 5634 1414 5648 ·
1447 5616 1510 5667 τὸ
1540 5613 1585 5665 δ’
1612 5613 1859 5680 ἀοίδιμον
1884 5612 2059 5665 ἐκεῖνο

2148 4415 2374 4467 virtutis
2425 4414 2747 4485 magistrum
2787 4416 3069 4485 prmlieere
3111 4420 3325 4486 volens,
3359 4423 3593 4480 Arsenio
3625 4429 3725 4489 illi,

2149 4505 2306 4575 cujus
2343 4503 2515 4572 gloria
2538 4514 2738 4558 terram
2767 4506 2872 4559 Sub
2899 4507 3016 4561 sole
3047 4523 3268 4563 omnem
3297 4525 3593 4583 pervagata
3617 4530 3726 4578 est,

2151 4596 2399 4657 invento,
2430 4612 2528 4650 eos
2556 4597 2832 4651 commisit
2866 4616 2881 4653 :
2916 4600 3118 4669 quibus
3148 4600 3240 4657 ille
3268 4608 3565 4674 susceptis,
3603 4624 3728 4662 eum

2150 4689 2441 4757 disciplina
2491 4689 2641 4742 omni
2683 4693 3064 4760 prmeeptoris,
3100 4702 3213 4746 tum
3264 4695 3476 4750 liberali
3526 4700 3731 4753 educa-

2155 4782 2302 4833 tione
2335 4782 2510 4849 patris
2557 4783 2664 4835 illis
2699 4784 2820 4836 loco
2861 4784 2983 4839 fuit.
3021 4786 3325 4857 imperator
3354 4802 3501 4843 Cllllll
3553 4793 3729 4850 illum.

2155 4888 2221 4927 ne
2249 4890 2411 4942 quem
2447 4890 2512 4928 ex
2548 4875 2763 4943 imperii
2790 4878 3131 4935 sublimitate
3152 4882 3471 4952 conciperet
3501 4900 3730 4945 metum.

2154 4966 2248 5019 sed
2298 4966 2407 5019 illis
2457 4967 2638 5035 potius
2686 4978 2741 5021 ut
2792 4969 2969 5022 servis
3022 4981 3294 5041 uteretur,
3345 4978 3730 5031 admonusrat.

2155 5056 2390 5108 Tantum
2431 5073 2591 5129 vero1
2638 5071 2695 5110 III
2737 5058 2788 5111 id
2825 5059 2914 5112 ille
2953 5059 3173 5126 fecerit,
3222 5066 3401 5130 abest,
3438 5078 3497 5120 ut
3530 5068 3733 5145 insigni

2158 5149 2424 5204 modestia
2453 5160 2507 5204 et
2547 5152 2928 5208 moderatione
2975 5155 3259 5210 diversum
3296 5161 3482 5228 potius
3514 5161 3731 5217 fecerit.

2157 5244 2223 5297 Et
2255 5261 2376 5298 cum
2428 5246 2727 5317 derepente
2781 5248 3129 5306 Theodosius
3169 5254 3233 5307 ad
3286 5270 3382 5308 eos
3434 5256 3737 5324 aliquando

2160 5336 2420 5400 venisset,
2451 5354 2653 5405 pueros
2684 5342 2911 5408 quidem
2938 5360 3062 5397 cum
3110 5346 3406 5415 splendore
3441 5348 3737 5417 magnifico

2159 5429 2535 5493 consulentes,
2567 5431 2864 5486 Arsenium
2897 5445 3080 5489 autem
3123 5438 3269 5492 inter
3297 5438 3611 5493 docendum
3653 5441 3736 5494 eis

2161 5531 2434 5575 astantem
2484 5525 2709 5591 reperit.
2760 5527 2875 5592 Qua
2925 5530 2994 5583 de
3045 5545 3206 5584 causa
3256 5532 3559 5602 imperator
3589 5531 3739 5586 indi-

2162 5622 2390 5683 gnatus,
2432 5629 2556 5667 cum
2588 5617 2715 5671 illos
2755 5618 3069 5690 insignibus
3110 5621 3520 5693 principalibus
3558 5623 3740 5679 nudan

559 5759 635 5829 (Ι)
676 5760 917 5827 Quatuor
949 5762 1068 5830 eius
1084 5761 1508 5818 constitutiones
1530 5765 1744 5813 exstant
1775 5755 1829 5809 in
1865 5753 1923 5809 C.
1951 5756 2054 5810 sub
2094 5758 2176 5812 tit.
2209 5758 2307 5813 Ad.
2344 5759 2443 5826 teq.
2474 5759 2585 5816 Jul.
2627 5762 2689 5814 de
2719 5761 2893 5817 adult.
