4062 6430
484 496 588 562 817

1411 503 2456 565 EtLCLEaiASTlCEJilSTORI3E
2501 507 2647 566 LIB.
2695 506 2831 567 ΧΠ.

3633 509 3742 565 ΜΒ

481 614 717 683 κριθεὶς,
756 616 963 670 ἐκεῖθεν
995 617 1145 686 ἥκων
1176 617 1473 685 προῖστατο
1508 620 1604 688 τῆς
1637 622 1926 689 αἱρέσεως.
1970 621 2057 673 Ἐν

2169 632 2448 686 przeesset,
2479 622 2694 676 electus
2728 623 2933 687 fuerat,
2966 628 3225 690 tanquam
3259 619 3353 675 illo
3399 617 3466 673 ad
3505 617 3555 672 id
3612 634 3735 671 wu-

480 707 535 760 δὲ
562 706 740 778 τούτῳ
763 710 856 762 καὶ
884 709 1151 763 Παυλίνου
1181 709 1238 762 ἐν
1274 710 1579 783 Ἀντιοχείᾳ
1603 712 2055 782 τελευτήσαντος,

479 799 528 849 οί
560 798 651 850 ὑπ’
682 799 880 868 ἐκείνῳ
910 800 1232 868 ταττόμενοι
1266 801 1373 871 ἰδία
1404 802 1567 854 πάλιν
1602 803 1698 866 τὰς
1733 803 2057 871 συναγωγὰς

486 887 790 954 ἐποιοῦντο,
815 890 905 941 τὸν
929 889 1235 944 Φλαϐιανὲν
1270 894 1688 961 ἐκτρεπόμενοι,
1723 894 1817 947 ἅτε
1844 895 1907 966 δὴ
1931 894 2054 955 τοὺς

486 978 571 1026 ἐπὶ
615 977 865 1046 Μελετίῳ
923 980 1328 1049 γεγενημένους
1380 982 1599 1051 ὅρκους.
1665 985 1741 1052 μη
1780 984 2057 1050 προσῆκον

480 1069 560 1133 δι,
594 1073 935 1139 παραϐάντα,
973 1076 1174 1146 καίπερ
1219 1077 1371 1129 οὐδὲν
1401 1094 1465 1129 πε
1480 1079 1533 1145 pi.
1574 1078 1635 1131 τὸ
1664 1079 1841 1149 δόγμα
1873 1079 2062 1147 διαφε-

484 1166 722 1227 ρμενοι.
772 1165 1041 1234 Εὖάγριον
1089 1167 1145 1220 δέ
1173 1185 1293 1221 τινα
1345 1169 1488 1235 μετά
1532 1169 1708 1223 ταῦτα
1750 1172 1818 1240 τῇ
1862 1170 2060 1223 Παυλί·

475 1270 573 1309 δον
609 1253 826 1324 διαδοχῇ
854 1256 1178 1314 καθιστῶσι.
1207 1260 1315 1313 Τοῦ
1347 1261 1404 1313 δὲ
1427 1260 1604 1332 βραχύ
1636 1280 1689 1315 τι
1724 1260 2062 1315 ὲπιϐιώσαν-

481 1363 593 1405 τθς.
632 1346 889 1415 οὐδαμῶς
918 1349 1107 1418 ἔτερος
1141 1351 1220 1413 είς
1249 1352 1340 1405 τὸν
1367 1352 1580 1406 ἐκείνου
1604 1354 1772 1407 τόπον
1795 1354 2060 1421 κατέστη,

479 1432 785 1491 Φλαϐιανοῦ
812 1442 1295 1510 ἀντιπράττοντος.
1326 1443 1486 1498 Ὅσοι
1526 1444 1585 1498 δὲ
1628 1442 1726 1515 τὴν
1753 1445 1888 1514 πρὸς
1921 1445 2061 1497 Φλαο

484 1529 669 1582 ϐιανὸν
741 1532 1032 1585 κοινωνίαν
1088 1533 1465 1601 ἐξετρέποντο,
1522 1535 1630 1603 ἰδίᾳ
1695 1536 2060 1603 συναγόμενοι

481 1622 864 1689 ἐκκλησίαζον.
912 1624 970 1677 ’0
1003 1624 1105 1692 μὲν
1130 1626 1236 1692 γὰρ
1272 1627 1533 1690 Παυλῖνος
1555 1627 1849 1697 ἐϐουλήθη,
1884 1627 2061 1680 Μελε-

481 1713 595 1763 τίου
633 1714 912 1777 θανόντος,
952 1717 1052 1785 τὴν
1085 1720 1183 1785 τῆς
1222 1719 1556 1789 Ἐκκλησίας
1595 1720 1818 1774 ἅπασαν
1851 1722 2061 1790 ἡγεμο-

480 1804 598 1857 νίαν
644 1805 864 1860 λαϐεῖν’
898 1809 1153 1877 ἀντέλεγε
1202 1812 1258 1863 δὲ
1293 1813 1321 1864 ό
1364 1812 1475 1865 τῶν
1522 1813 1718 1881 ἱερέων
1750 1814 1932 1883 χορὸς.
1986 1812 2062 1884 μὴ

483 1896 686 1967 κρῆναι
715 1898 984 1966 λεγόντων
1036 1903 1126 1954 τόν
1159 1900 1236 1972 μὴ
1270 1902 1371 1964 τὰς
1425 1902 1694 1957 Μελετίου
1747 1903 2064 1973 συμϐουλὰς

478 1988 917 2060 προσδεξάμενον
971 1994 1113 2063 μετά
1153 1994 1415 2065 τελευτὴν
1461 1995 1554 2048 τὸν
1586 1995 1802 2049 ἐκείνου
1854 1996 2062 2066 κλῆρον

477 2082 681 2148 λαϐεῖν,
720 2083 837 2136 ἀλλ’
869 2086 1078 2138 ἐκεῖνον
1109 2085 1169 2150 ὃς
1221 2087 1438 2152 πολλοῖς
1472 2088 1657 2152 πόνοις
1708 2089 1808 2158 τὴν
1847 2091 2060 2142 ἐκείνου

476 2170 770 2241 διετήρησε
801 2171 1067 2242 ποίμνην,
1099 2176 1309 2228 ἐκεῖνον
1346 2176 1444 2229 καὶ
1475 2176 1586 2229 τῶν
1608 2177 1824 2231 ἐκείνου
1854 2177 2063 2246 προϐά-

477 2279 584 2315 των
608 2263 864 2330 γενέσθαι
891 2266 1155 2335 ποιμένα.
1207 2268 1273 2320 Ὅ
1313 2268 1399 2338 δὴ.
1427 2267 1503 2331 ὡς
1542 2269 1784 2339 εἴρηται,
1840 2271 1953 2332 τοῖς
2001 2287 2060 2322 τε

492 2352 799 2429 Ἐσπερίοις
817 2359 911 2411 καὶ
938 2358 1129 2430 Ἐῴοις
1148 2360 1476 2430 δυσμένειαν
1498 2364 1849 2433 μακροτάτην
1869 2362 2059 2433 είργά-

478 2466 613 2503 σατο
632 2467 647 2483 ο
702 2449 752 2504 οἶ
803 2451 927 2505 οὐδὲ
957 2452 1102 2523 μετά
1130 2450 1223 2506 τὸν
1260 2452 1530 2507 Παυλίνου
1559 2453 1794 2508 θάνατον
1833 2455 1895 2507 τὸ
1918 2455 2060 2525 πρὸς

480 2541 691 2594 ἐκεῖνον
744 2541 1125 2611 δυσμεναίνιιιν
1168 2544 1438 2599 ἀπέθεντο
1458 2561 1473 2576 ·
1510 2546 1647 2599 ἀλλὰ
1678 2547 1772 2599 καὶ
1800 2549 1942 2618 μετά
1968 2547 2061 2599 τὸν

480 2632 751 2702 Εὐάγριον
790 2634 1077 2703 Φλαϐιανῴ
1105 2638 1535 2708 χαλεπαίνοντες
1578 2634 1743 2710 ἦσαν,
1770 2640 1864 2693 καὶ
1892 2639 2061 2694 ταῦτα

477 2722 573 2777 τοῦ
604 2724 875 2795 Εὐαγρίου
935 2727 1086 2795 παρά
1139 2727 1316 2781 πάντα
1371 2728 1825 2797 ἐκκλησιαστικὸν
1856 2730 2061 2800 προϐε-

482 2816 750 2886 ϐλημένου
808 2816 1049 2887 θεσμόν⁸
1112 2820 1142 2872 ό
1186 2818 1296 2887 γὰρ
1344 2819 1608 2883 Παυλῖνος
1665 2820 1827 2890 μόνος
1891 2823 2057 2875 αὑτὸν

488 2908 876 2978 προεϐάλλετο,
903 2908 1137 2974 πολλοὺς
1161 2910 1393 2974 κανόνας
1428 2911 1509 2974 είς
1538 2912 1736 2966 ταυτὸν
1764 2913 2056 2984 ἀθετήσας.

482 3000 623 3053 Οῦτε
653 3002 760 3072 γὰρ
813 3001 1005 3072 ἕτερον
1059 3002 1178 3071 ἀνθ’
1212 3001 1413 3056 ἑαυτοῦ
1443 3004 1534 3056 τὸν
1566 3002 1913 3058 τελευτῶντα
1939 3020 2057 3073 χει-

485 3095 720 3164 ροτονεῖν
750 3094 1052 3148 ὲνδιδόασιν
1075 3112 1090 3127 ο
1124 3096 1202 3159 είς
1230 3093 1289 3150 ἓν
1315 3095 1373 3149 δὲ
1409 3096 1650 3150 συνιέναι
1681 3097 1922 3157 καὶτοὺς
1954 3096 2055 3166 τῆς

478 3187 749 3258 ιπαρχίας
776 3186 1023 3251 ἅπαντας
1051 3188 1386 3252 ἐπισκόπους
1410 3189 1849 3260 διαγορεύουσιν.
1893 3189 2055 3244 Ἀλλά

478 3278 574 3330 καὶ
610 3278 779 3347 τριῶν
817 3277 949 3331 ἄνευ
980 3278 1298 3332 ἐπισκόπων
1325 3278 1400 3350 μὴ
1430 3278 1682 3345 γίνεσθαι
1715 3281 2057 3349 χειροτονίαν

478 3370 781 3422 ἐπισκόπου
842 3368 1185 3434 θεσπίζουσι.
1243 3369 1410 3425 Ταῦτ’
1440 3371 1564 3425 οὐδὲ
1598 3371 1835 3425 συνιδεῖν
1869 3370 2059 3443 ἐθελή-

479 3475 692 3523 σαντες,
731 3458 1002 3529 Εὺάγριον
1052 3460 1152 3529 μὲν
1185 3461 1577 3531 προσεδέχοντο
1603 3504 1618 3525 ,
1653 3461 1957 3515 Φλαϐιανὸν
2003 3462 2059 3514 δὲ

479 3551 830 3606 παντάπασιν
860 3553 1200 3619 ἀπεσείοντο,
1232 3553 1329 3606 καὶ
1367 3552 1646 3617 τοσοῦτον,
1699 3553 1777 3617 ὠς
1807 3558 1902 3606 καί
1932 3555 2055 3616 ταῖς

481 3642 784 3722 βασιλικαῖς
814 3645 1052 3714 ἐνοχλεῖν
1083 3644 1203 3698 κατ’
1236 3645 1405 3700 αὐτοῦ
1429 3648 1619 3709 ἀκοαῖς
1639 3661 1658 3675 “
1681 3646 1737 3710 ὂς
1770 3646 1858 3700 διὰ
1884 3646 2060 3700 ταῦτα

480 3737 789 3809 ἐνοχληθεὶς
824 3739 1083 3804 πολλάκις
1105 3740 1281 3811 ἤγαγέ
1313 3758 1372 3795 τε
1432 3741 1598 3794 αὐτὸν
1652 3743 1735 3799 εἰς
1769 3744 1871 3813 την
1906 3743 2061 3796 Κων-

486 3830 791 3896 στιντίνου,
827 3831 922 3885 καὶ
960 3834 1042 3895 είς
1106 3830 1331 3901 Ῥώμην
1367 3834 1671 3901 ἀφικέσθαι
1725 3833 1963 3898 ὲϐίαζεν.
2001 3836 2060 3889 '0

481 3924 538 3976 δὲ
580 3926 672 3977 τὸν
721 3923 969 3995 χειμῶνα
1003 3924 1463 3995 προϐαλλόμενος,
1495 3924 1656 3996 ἔαρος
1701 3926 2059 3997 ὑπολάμπον-

484 4033 572 4079 τος
614 4018 930 4087 ὑπισχνεῖτο
986 4018 1225 4087 περᾶναι
1278 4018 1339 4070 τὸ
1398 4017 1893 4087 προσταττόμενον.
1949 4018 2059 4072 Καὶ

485 4109 604 4165 τότε
637 4108 735 4177 μὲν
767 4108 1015 4177 ἀφεθεὶς,
1045 4109 1127 4172 εἰς
1156 4110 1258 4181 τὴν
1291 4108 1501 4163 οἰκείαν
1531 4110 1773 4179 ποίμνην
1795 4110 2024 4179 ἀφίκετο
2043 4126 2057 4142 ο

486 4202 579 4253 καὶ
609 4201 788 4254 πάντα
816 4202 987 4266 λίθον,
1020 4203 1082 4255 τὸ
1112 4203 1207 4256 τοῦ
1240 4203 1427 4272 λόγου,
1453 4203 1622 4257 ἐκίνει
1654 4202 1745 4271 ὑφ’
1776 4202 1968 4256 ἑαυτὸν
2001 4201 2059 4254 τὸ

489 4293 782 4356 στασιάζον
826 4293 1077 4364 ποιῆσαι.
1125 4296 1191 4347 ‘0
1221 4295 1285 4364 δὴ
1332 4297 1424 4348 καὶ
1456 4295 1596 4348 κατά
1643 4293 1842 4364 μικρὸν
1871 4293 2057 4363 ἴσχυσε

488 4380 912 4451 διαπράξασθαι,
967 4382 1423 4452 ἐκμειλιξάμενος
1489 4382 1750 4451 Θεόφιλον
1811 4379 1903 4434 τὸν
1960 4383 2058 4450 τῆς

499 4474 849 4543 Ἀλεξάνδρου
886 4473 1209 4535 ἐπίσκοπον,
1234 4474 1303 4526 δι’
1323 4469 1383 4528 οῦ
1410 4474 1504 4527 καὶ
1544 4473 1803 4543 Δάμασον
1837 4473 1929 4524 τὸν
1957 4472 2059 4540 τῆς

496 4563 715 4634 Ῥώμης
747 4552 1050 4619 ἐπίσκοπον
1099 4565 1337 4636 ἁρίστως
1387 4566 1718 4636 κατήλλαξε.
1752 4565 1863 4618 Καὶ
1891 4564 2059 4633 ἄμφω

2166 725 2271 765 nus
2312 711 2630 767 obeundum
2668 715 2841 784 magis
2891 712 3143 779 idoneus,
3191 709 3732 779 Constantinopolim

2165 803 2296 858 inde
2341 806 2514 868 venit,
2560 815 2615 859 et
2658 819 2820 861 sectae
2866 820 2978 860 suae
3015 805 3210 876 pra-iit.
3247 804 3460 859 Interea
3508 801 3741 857 Paulino

2162 909 2383 964 quoque
2413 896 2718 951 Antiochia:
2747 897 3033 961 defuncto,
3066 896 3159 966 qui
3192 895 3575 962 auctoritatem
3622 893 3741 959 ejus

2162 995 2216 1038 et
2249 985 2495 1055 auspicia
2533 988 2706 1042 secuti
2742 999 2922 1051 erant,
2955 1003 3086 1042 suos
3117 988 3221 1042 sibi
3258 994 3589 1048 conventus,
3619 984 3742 1038 Fla-

2164 1081 2387 1132 vianum
2417 1090 2761 1142 aversantes,
2793 1096 2976 1150 egere,
3020 1081 3191 1134 veluti
3222 1081 3316 1148 qui
3345 1077 3735 1151 jusjurandum

2167 1168 2383 1225 Meletio
2443 1170 2749 1245 prcestitum
2806 1169 2987 1227 minus
3037 1170 3300 1225 decenter
3347 1179 3407 1224 et
3459 1168 3740 1239 illegitime

2164 1261 2429 1316 violasset
2457 1279 2470 1315 :
2499 1277 2623 1315 cum
2661 1262 2883 1330 quidem
2918 1261 2994 1319 illi
3028 1261 3095 1315 de
3126 1262 3383 1332 dogmate
3411 1260 3547 1314 nihil
3576 1260 3644 1327 ab
3676 1274 3742 1313 eo

2165 1352 2520 1407 dissiderent.
2580 1353 2874 1422 Evagrium
2930 1360 3117 1407 autem
3174 1352 3470 1421 quemdam
3546 1358 3739 1421 postea

2164 1444 2394 1500 Paulino
2427 1445 2820 1514 subrogarunt.
2854 1443 3104 1514 Cumque
3140 1443 3187 1499 is
3218 1445 3282 1497 ad
3315 1445 3481 1501 breve
3524 1455 3742 1511 tempus

2164 1540 2589 1609 supervixisset,
2636 1539 2780 1597 alius
2817 1543 2873 1596 in
2916 1541 3099 1595 locum
3128 1540 3273 1609 ejus,
3306 1540 3569 1594 Flaviano
3599 1539 3741 1595 reni-

2167 1643 2338 1690 tente.
2382 1631 2721 1687 substitutus
2765 1648 2871 1685 non
2917 1641 3022 1687 est.
3068 1631 3171 1697 Qui
3225 1632 3395 1700 igitur
3429 1646 3459 1685 a
3497 1630 3741 1686 Flaviani

2165 1722 2551 1777 communione
2598 1722 3000 1787 abhorrebant,
3037 1721 3295 1786 seorsim,
3323 1721 3484 1775 sicuti
3532 1720 3741 1775 dictum

2166 1822 2272 1878 est,
2320 1823 2629 1870 conventus
2683 1815 3094 1869 ecclcs'asticos
3142 1813 3519 1869 celebrarunt.
3576 1813 3742 1885 268

2170 1903 2438 1959 Paulinus
2483 1905 2726 1974 quidem,
2768 1906 2860 1960 ubi
2909 1905 3163 1960 Meletius
3211 1906 3467 1968 decessit,
3515 1905 3739 1960 univer-

2167 2012 2280 2049 sam
2313 1997 2575 2053 Ecclesiae
2619 1997 3165 2054 administrationem
3217 1998 3508 2066 suscipere
3541 1997 3739 2052 voluit.

2166 2089 2370 2143 Verum
2416 2090 2465 2145 ei
2514 2091 2871 2145 sacerdotum
2905 2091 3105 2145 rc5titit
3140 2099 3342 2145 cattus.
3376 2087 3557 2143 Minus
3590 2089 3738 2143 enim

2163 2182 2462 2237 convenire
2504 2182 2790 2247 dicebant,
2844 2192 2904 2237 ut
2948 2184 3016 2248 is,
3066 2191 3189 2252 post
3223 2180 3428 2235 Mcletii
3480 2190 3738 2241 mortem,

2163 2273 2343 2330 locum
2380 2273 2531 2330 illius
2566 2275 2757 2331 sortiri
2791 2275 3045 2341 deberet,
3081 2274 3178 2345 qui
3206 2272 3434 2329 consilia
3488 2272 3611 2342 ejus
3655 2286 3741 2325 re-

2163 2367 2489 2434 pudiasset:
2521 2366 2618 2421 sed
2668 2375 2729 2420 ut
2763 2366 2855 2420 ille
2893 2366 3081 2436 potius
3116 2365 3302 2420 ovium
3334 2371 3524 2432 pastor
3560 2361 3737 2428 ﬁeret,

2161 2459 2256 2528 qui
2311 2458 2502 2514 labore
2554 2458 2729 2513 multo
2779 2458 2926 2513 Ovile
2977 2458 3099 2529 ejus
3141 2462 3549 2511 conservasset.
3610 2452 3742 2518 Quae

2164 2565 2298 2605 sane
2347 2565 2460 2616 res,
2490 2550 2570 2604 uti
2619 2548 2830 2604 dictum
2881 2556 2985 2613 est,
3032 2546 3371 2602 simultatem
3418 2543 3739 2600 diuturnam

2167 2644 2313 2698 inter
2341 2624 2724 2697 Occidentales
2757 2649 2812 2694 et
2839 2638 3152 2696 Orientales
3181 2635 3462 2693 excitavit.
3491 2634 3557 2688 Et.
3585 2632 3741 2689 Occi-

2163 2733 2417 2789 dentales
2465 2748 2649 2803 neque
2703 2743 2827 2803 post
2885 2730 3102 2787 Paulini
3162 2728 3377 2784 obitum
3428 2727 3740 2781 animorum

2162 2838 2394 2878 suorum
2442 2821 2715 2879 adversus
2768 2821 3095 2876 Flavianum
3153 2818 3515 2875 acerbitatem
3568 2818 3741 2888 depo-

2161 2926 2417 2983 suerunt,
2471 2925 2597 2978 post
2631 2915 2856 2986 Evagrii
2892 2915 3063 2969 etiam
3100 2922 3334 2967 mortem
3382 2911 3459 2965 illi
3508 2923 3737 2965 succen-

2160 3017 2373 3076 sentes,
2421 3009 2591 3079 idque
2641 3008 2878 3077 Evagrio
2928 3017 3122 3062 contra
3163 3003 3570 3061 ecclesiasticas
3613 3016 3740 3055 san-

2159 3098 2373 3154 ctiones
2403 3113 2597 3153 omnes
2643 3097 2909 3152 antitiste
2941 3095 3253 3164 designato.
3290 3091 3453 3147 Solus
3500 3103 3739 3158 namque

2159 3188 2430 3247 Paulinus
2474 3188 2800 3260 episcopum
2844 3203 2972 3244 eum
3006 3186 3398 3247 destinaverat,
3432 3172 3740 3238 canonibus

2081 3307 2127 3366 ε
2162 3279 2350 3333 multis
2398 3278 2758 3348 proculcatis.
2789 3278 2913 3333 Non
2947 3277 3096 3331 enim
3132 3275 3213 3329 illi
3257 3275 3533 3329 morituro
3567 3272 3735 3327 alium

2164 3371 2219 3426 in
2262 3371 2445 3426 locum
2475 3386 2635 3425 suum
2680 3371 2984 3441 subrogare
3012 3368 3338 3439 episcopum
3387 3367 3736 3437 permittunt,

2161 3463 2257 3520 sed
2289 3464 2580 3534 episcopos
2614 3462 2917 3533 provinciae
2948 3476 3143 3517 onmes
3167 3461 3236 3515 ad
3267 3459 3599 3514 electionem
3631 3456 3739 3512 sci~

2160 3556 2292 3611 licet
2320 3558 2471 3611 coire
2509 3557 2744 3627 jubent:
2778 3560 2916 3625 quin
2951 3556 3119 3609 etiam
3149 3553 3269 3608 sine
3313 3549 3492 3604 tribus
3522 3547 3740 3619 episco~

2160 3649 2246 3720 pis
2283 3648 2531 3720 episcopi
2575 3648 2983 3704 ordinationem
3034 3645 3154 3700 tieri
3207 3659 3320 3698 non
3361 3641 3567 3696 debere
3620 3648 3734 3694 sta-

2162 3750 2344 3796 tuunt.
2379 3740 2507 3795 llaec
2545 3755 2671 3795 cum
2721 3738 3033 3807 intelligere
3062 3736 3296 3801 nollent,
3331 3731 3626 3802 Evagrium
3661 3729 3734 3781 illi

2160 3829 2385 3899 quidem
2421 3838 2810 3897 susceperunt,
2862 3826 3183 3881 Flavianum
3218 3837 3351 3879 vero
3386 3835 3619 3892 prorsus
3651 3835 3735 3871 re-

2161 3922 2485 3992 pudiarunt,
2519 3937 2695 3991 usque
2740 3911 2880 3977 adeo
2912 3929 2972 3975 ut
3012 3922 3134 3990 ejus
3166 3932 3337 3973 causa
3385 3912 3738 3987 imperatoris

2159 4013 2323 4069 etiam
2372 4013 2749 4069 obtunderent
2795 4026 2979 4068 aures.
3030 4009 3137 4078 Qui
3182 4024 3307 4064 cum
3344 4005 3593 4061 molestia
3633 4003 3735 4065 hac

2161 4104 2230 4160 de
2261 4121 2325 4161 re
2355 4104 2555 4175 swpius
2588 4113 2917 4166 conventus,
2955 4119 3081 4157 cum
3109 4098 3434 4156 Flavianum
3459 4098 3734 4153 Constan-

2164 4195 2450 4265 tinopolim
2484 4195 2756 4258 evocavit,
2804 4204 2920 4249 tum
2956 4194 3186 4248 Romam
3220 4193 3387 4247 etiam
3444 4190 3598 4245 adire
3640 4204 3736 4243 co-

2158 4285 2293 4355 egit.
2324 4284 2502 4356 Atque
2529 4285 2618 4340 ille
2642 4284 2840 4339 hiemis
2872 4282 3372 4338 incommoditatcm
3405 4281 3733 4355 pranex'ens,

2161 4394 2291 4433 vere
2327 4377 2704 4440 illucescente,
2757 4377 3022 4446 imperata
3070 4390 3129 4430 se
3169 4385 3558 4429 exsecuturum
3610 4387 3734 4426 esse

2161 4467 2440 4538 pollicitus
2464 4476 2567 4521 est.
2604 4469 2681 4521 Ac
2707 4476 2819 4520 tum
2855 4465 3075 4535 quidem
3106 4465 3393 4529 dimissus,
3418 4464 3485 4518 ad
3510 4479 3730 4534 gregem

2164 4575 2324 4614 suum
2354 4558 2653 4614 Flavianus
2691 4557 2875 4622 rediit,
2912 4552 3161 4627 nihilque
3207 4572 3315 4610 non
3368 4555 3625 4621 tentavit,
3674 4566 3735 4608 ut

486 4658 594 4726 γὰρ
622 4660 676 4721 ἐς
704 4658 958 4711 πλεῖστον
1006 4659 1151 4711 κατὰ
1202 4657 1510 4713 Φλαϐιανοῦ
1566 4656 1919 4726 ἐχαλέπαινον
1946 4672 1961 4687 ·
1993 4658 2053 4708 οὐ

2162 4668 2259 4707 eos
2289 4653 2383 4722 qui
2416 4668 2514 4721 per
2558 4651 2889 4706 seditionem
2931 4655 3297 4711 secesserant,
3331 4646 3439 4702 sibi
3490 4647 3731 4717 conjuno

489 4751 651 4818 μόνον
676 4750 758 4802 ὅτι
819 4751 874 4802 ὲν
905 4749 1149 4820 δευτέρῳ
1179 4750 1308 4811 τοὺς
1363 4749 1561 4818 ὅρκους
1598 4749 1791 4813 ἐποίει,
1823 4746 1941 4800 ἀλλ’
1975 4749 2057 4800 ὅτι

488 4843 581 4891 καὶ
631 4841 818 4891 αἰτίαν
872 4841 973 4893 οὐκ
1030 4840 1325 4908 ἐλαχίστην
1381 4842 1611 4909 παρεῖχε
1668 4838 1794 4900 τοὺς
1829 4839 1891 4891 τὸ
1942 4840 2056 4890 ἴσον

484 4934 661 5000 δῦγμα
696 4933 1102 5003 πρεσϐεύοντας
1128 4932 1224 4985 ἐπὶ
1264 4932 1417 4984 τόσον
1445 4928 1802 5001 διείργεσθαι.
1848 4926 2056 5001 Βραδὺ-

485 5037 628 5073 ιοντι
651 5020 707 5073 δὲ
742 5020 840 5090 τὴν
870 5021 929 5081 ὲς
972 5020 1188 5089 Ῥώμην
1234 5017 1422 5087 ἄφιξιν
1451 5018 1528 5087 τῷ
1561 5016 1870 5088 Φλαϐιανῷ,
1909 5023 1934 5071 ό
1967 5020 2054 5072 θε-

486 5096 706 5173 σπέσιος
735 5114 1011 5181 Δάμασος,
1070 5111 1213 5165 καὶὸ
1251 5109 1369 5181 μετ’
1423 5113 1634 5164 ἐκεῖνον
1666 5111 1925 5178 Σιρίκιος,
1965 5114 2056 5164 καὶ

493 5207 846 5268 ’Λναστάσιος
868 5204 927 5268 δς
959 5206 1203 5276 Σιρίκιον
1230 5204 1521 5271 διεδέξατο,
1546 5204 1640 5258 τοῦ
1672 5205 1931 5267 εὐσεϐοῦς
1958 5206 2057 5276 βα-

485 5299 678 5362 σιλέως
742 5300 1032 5369 γράμμασι
1100 5299 1458 5370 σφοδρότερον
1487 5299 1755 5368 ἣπτοντο·
1802 5298 1927 5360 τοὺς
1960 5298 2056 5368 μὲν

486 5392 785 5460 σξετέρυυς
838 5391 1089 5465 λέγοντες
1142 5391 1337 5444 θᾶττον
1390 5390 1685 5444 καταλύειν
1752 5389 2055 5463 πολέμους,

485 5488 610 5545 τοὺς
633 5485 690 5536 δὲ
720 5486 860 5537 κατὰ
886 5481 1129 5553 Χριστοῦ
1152 5484 1619 5552 θρασυνομένους,
1651 5484 1747 5537 καὶ
1781 5483 1888 5537 τῶν
1913 5484 2057 5535 ὲκεί-

496 5564 594 5628 .ο)“
616 5577 778 5628 θείων
816 5576 1035 5644 θεσμῶν
1089 5577 1398 5644 ἀλογίστως
1444 5577 1687 5645 ἔχοντας,
1735 5574 1908 5640 οὕτως
1965 5577 2057 5629 ἐπὶ

488 5669 581 5733 τῆς
619 5667 934 5736 τυραννίδος
961 5668 1075 5738 ὲᾷν.
1125 5668 1291 5721 Ὅθεν
1318 5671 1411 5721 καὶ
1442 5669 1602 5723 πάλιν
1653 5671 1859 5721 ἐκεῖνον
1886 5686 2056 5740 μετα-

494 5780 519 5805 γ
571 5760 849 5827 λούμενος,
876 5750 998 5831 ’τὴν
1030 5762 1121 5813 ἐπὶ
1168 5759 1388 5829 Ῥώμην
1438 5762 1753 5813 στέλλεσθαι
1786 5763 2057 5829 κατηνάγ-

490 5850 653 5912 .,αζε’
714 5851 806 5907 καὶ
856 5848 991 5915 δῆτα
1047 5847 1241 5911 ἐλθὼν,
1298 5852 1362 5918 τῇ
1418 5851 1707 5919 σοφωτάτῃ
1772 5849 2058 5918 πλρῥησίᾳ

488 5941 830 6002 γρησάμενος
870 5939 1238 6004 ἀνεςθέγξττο
1261 5957 1274 5970 ·
1317 5959 1335 5991 ι
1377 5942 1436 5994 Ei
1472 5941 1589 6004 μὲν,
1617 5932 1659 5992 ὦ
1686 5940 1931 6006 βασιλεῦ,
1958 5942 2058 6005 vi};

2160 4755 2335 4817 geret.
2369 4743 2524 4809 Quod
2553 4744 2719 4799 etiam
2752 4742 3017 4813 paulatim
3054 4741 3275 4794 demum
3304 4738 3511 4802 effer-it,
3540 4738 3732 4793 conci-

2159 4835 2424 4902 liato,sibi
2464 4843 2651 4906 postea
2692 4833 3066 4888 Alexandrino
3098 4833 3358 4902 episcopo
3381 4829 3719 4898 Theophilo,

2161 4945 2259 4998 per
2293 4944 2457 4997 quem
2495 4929 2701 4997 optime
2740 4942 2957 4997 quoque
2991 4926 3209 4980 Damasi
3243 4923 3476 4978 Romani
3504 4923 3728 4985 antisti-

2165 5020 2234 5073 tis
2279 5019 2520 5073 favorem
2554 5024 2643 5073 est
2688 5026 3045 5073 consecutus.
3083 5016 3261 5070 Ambo
3295 5015 3444 5071 enim
3484 5014 3575 5076 isti
3612 5013 3731 5069 Fla-

2161 5112 2326 5164 viano
2375 5108 2676 5180 plurimum
2728 5109 2931 5164 infensi
2966 5106 3210 5174 fuerant,
3243 5107 3387 5177 quod
3421 5123 3531 5161 non
3566 5105 3730 5159 modo

2156 5203 2517 5275 jurisjurandi
2555 5213 2964 5259 sacramentum
3016 5205 3299 5264 violasset.
3338 5216 3527 5257 verum
3561 5203 3726 5256 etiam

2162 5297 2459 5365 plurimum
2516 5312 2695 5351 causa:
2749 5296 3094 5365 priehuisset,
3137 5305 3196 5350 ut
3252 5296 3523 5361 homines,
3584 5296 3727 5353 idem

2161 5391 2354 5458 dogma
2421 5390 2783 5460 proﬁtentes,
2851 5399 3137 5459 tantOpere
3203 5407 3299 5460 per
3351 5391 3726 5465 seces-imm"!

2162 5484 2306 5538 inter
2338 5499 2396 5537 se
2441 5480 2798 5536 dissiderent.
2840 5482 2942 5537 Ubi
2976 5498 3107 5535 vero
3135 5482 3364 5547 Romam
3402 5480 3557 5536 adire
3602 5481 3725 5536 Fla-

2160 5575 2358 5630 vianus
2416 5573 2656 5639 distulit,
2714 5573 2876 5629 divus
2928 5573 3215 5635 Damasus,
3283 5582 3338 5625 et
3400 5581 3519 5642 post
3579 5573 3729 5627 hum:

2162 5666 2418 5732 Siricius,
2457 5678 2622 5736 atque
2645 5666 2809 5736 hujus
2847 5675 3032 5736 postea
3068 5681 3359 5720 successor
3382 5667 3728 5729 Anastasius,

2159 5757 2362 5811 litteris
2397 5759 2512 5812 suis
2544 5758 2803 5827 pietatem
2843 5756 3194 5826 imperatoris
3236 5754 3679 5827 piarsriuxerunt
3713 5780 3726 5812 :

2161 5848 2295 5903 illud
2348 5849 2398 5902 ei
2450 5848 2804 5918 objicientes,
2836 5848 2980 5919 quod
3021 5848 3163 5902 bella
3211 5849 3309 5904 ille“
3353 5848 3574 5919 quidem
3629 5866 3727 5904 sua

2165 5941 2341 6011 primo
2384 5957 2607 6022 quoque
2656 5950 2903 6013 tempore
2937 5943 3270 6006 conficeret,
3500 5954 3595 5997 cos
3629 5958 3728 6014 an;
