  <div class='ocr_page' id='page_1' title='image "/cluster/home/n/w/nwhite01/storage/ocr_20150623/146:no.2/coo.31924054870518/422.png"; bbox 0 0 4062 6424; ppageno 0'>
   <div class='ocr_carea' id='block_1_1' title="bbox 262 517 367 581">
    <p class='ocr_par' dir='ltr' id='par_1_1' title="bbox 262 517 367 581">
     <span class='ocr_line' id='line_1_1' title="bbox 262 517 367 581; baseline 0.01 -1"><span class='ocrx_word' id='word_1_1' title='bbox 262 517 367 581; x_wconf 72' lang='lat'><strong>829</strong></span> 
     </span>
    </p>
   </div>
   <div class='ocr_carea' id='block_1_2' title="bbox 1181 519 2578 585">
    <p class='ocr_par' dir='ltr' id='par_1_2' title="bbox 1181 519 2578 585">
     <span class='ocr_line' id='line_1_2' title="bbox 1181 519 2578 585; baseline 0.004 -6"><span class='ocrx_word' id='word_1_2' title='bbox 1181 519 1781 582; x_wconf 70' lang='lat' dir='ltr'><strong>ECCI.ESIASTIC.E</strong></span> <span class='ocrx_word' id='word_1_3' title='bbox 1820 519 2207 581; x_wconf 68' lang='lat' dir='ltr'><strong>lllS&#39;l‘ORMi</strong></span> <span class='ocrx_word' id='word_1_4' title='bbox 2250 522 2392 585; x_wconf 81' lang='lat' dir='ltr'><strong>LIB.</strong></span> <span class='ocrx_word' id='word_1_5' title='bbox 2440 522 2578 585; x_wconf 85' lang='lat' dir='ltr'><strong>XII.</strong></span> 
     </span>
    </p>
   </div>
   <div class='ocr_carea' id='block_1_3' title="bbox 3429 519 3536 584">
    <p class='ocr_par' dir='ltr' id='par_1_3' title="bbox 3429 519 3536 584">
     <span class='ocr_line' id='line_1_3' title="bbox 3429 519 3536 584; baseline 0.019 -2"><span class='ocrx_word' id='word_1_6' title='bbox 3429 519 3536 584; x_wconf 87' lang='lat'><strong>830</strong></span> 
     </span>
    </p>
   </div>
   <div class='ocr_carea' id='block_1_4' title="bbox 263 629 1869 702">
    <p class='ocr_par' dir='ltr' id='par_1_4' title="bbox 263 630 1858 702">
     <span class='ocr_line' id='line_1_4' title="bbox 263 630 1858 702; baseline -0.003 -14"><span class='ocrx_word' id='word_1_7' title='bbox 263 634 593 702; x_wconf 74' lang='grc' dir='ltr'>ἀνεϐόησαν.</span> <span class='ocrx_word' id='word_1_8' title='bbox 643 633 883 693; x_wconf 79' lang='grc' dir='ltr'>Ἐκεῖνος</span> <span class='ocrx_word' id='word_1_9' title='bbox 932 631 988 686; x_wconf 78' lang='grc' dir='ltr'>δὲ</span> <span class='ocrx_word' id='word_1_10' title='bbox 1020 630 1116 702; x_wconf 78' lang='grc' dir='ltr'>τὴν</span> <span class='ocrx_word' id='word_1_11' title='bbox 1158 632 1374 702; x_wconf 82' lang='grc' dir='ltr'>πληγὴν</span> <span class='ocrx_word' id='word_1_12' title='bbox 1409 634 1594 702; x_wconf 72' lang='grc' dir='ltr'>ἡρέμα</span> <span class='ocrx_word' id='word_1_13' title='bbox 1627 633 1858 702; x_wconf 79' lang='grc' dir='ltr'>δεξάμε-</span> 
     </span>
    </p>
   </div>
   <div class='ocr_carea' id='block_1_5' title="bbox 1973 629 3542 702">
    <p class='ocr_par' dir='ltr' id='par_1_5' title="bbox 1973 629 3542 702">
     <span class='ocr_line' id='line_1_5' title="bbox 1973 629 3542 702; baseline -0.001 -17"><span class='ocrx_word' id='word_1_14' title='bbox 1973 641 2145 686; x_wconf 80' lang='lat' dir='ltr'><strong>menta</strong></span> <span class='ocrx_word' id='word_1_15' title='bbox 2171 648 2291 687; x_wconf 85' lang='lat' dir='ltr'><strong>esse</strong></span> <span class='ocrx_word' id='word_1_16' title='bbox 2315 642 2533 702; x_wconf 75' lang='lat' dir='ltr'><strong>putans,</strong></span> <span class='ocrx_word' id='word_1_17' title='bbox 2561 640 2617 686; x_wconf 90' lang='lat' dir='ltr'><strong>ct</strong></span> <span class='ocrx_word' id='word_1_18' title='bbox 2648 629 2850 687; x_wconf 85' lang='lat' dir='ltr'><strong>molem</strong></span> <span class='ocrx_word' id='word_1_19' title='bbox 2878 636 3083 685; x_wconf 87' lang='lat' dir='ltr'><strong>vastam</strong></span> <span class='ocrx_word' id='word_1_20' title='bbox 3118 634 3178 683; x_wconf 90' lang='lat' dir='ltr'><strong>ut</strong></span> <span class='ocrx_word' id='word_1_21' title='bbox 3206 641 3320 683; x_wconf 91' lang='lat' dir='ltr'><strong>rem</strong></span> <span class='ocrx_word' id='word_1_22' title='bbox 3347 643 3542 698; x_wconf 89' lang='lat' dir='ltr'><strong>quam-</strong></span> 
     </span>
    </p>
   </div>
   <div class='ocr_carea' id='block_1_6' title="bbox 263 722 1847 796">
    <p class='ocr_par' dir='ltr' id='par_1_6' title="bbox 263 722 1847 796">
     <span class='ocr_line' id='line_1_6' title="bbox 263 722 1847 796; baseline -0.001 -17"><span class='ocrx_word' id='word_1_23' title='bbox 263 744 376 790; x_wconf 87' lang='grc' dir='ltr'>νος,</span> <span class='ocrx_word' id='word_1_24' title='bbox 407 726 523 778; x_wconf 76' lang='grc' dir='ltr'>οὐτ’</span> <span class='ocrx_word' id='word_1_25' title='bbox 568 724 774 796; x_wconf 66' lang='grc' dir='ltr'>ήλγηοε</span> <span class='ocrx_word' id='word_1_26' title='bbox 829 722 1038 788; x_wconf 78' lang='grc' dir='ltr'>ξύλινος</span> <span class='ocrx_word' id='word_1_27' title='bbox 1091 723 1188 788; x_wconf 83' lang='grc' dir='ltr'>ὢν,</span> <span class='ocrx_word' id='word_1_28' title='bbox 1243 724 1358 778; x_wconf 77' lang='grc' dir='ltr'>οῦτ⁵</span> <span class='ocrx_word' id='word_1_29' title='bbox 1390 727 1570 795; x_wconf 79' lang='grc' dir='ltr'>ἀφῆκε</span> <span class='ocrx_word' id='word_1_30' title='bbox 1625 725 1847 793; x_wconf 67' lang='grc' dir='ltr'>φωνήνο</span> 
     </span>
    </p>
   </div>
   <div class='ocr_carea' id='block_1_7' title="bbox 1955 720 3541 795">
    <p class='ocr_par' dir='ltr' id='par_1_7' title="bbox 1955 720 3541 795">
     <span class='ocr_line' id='line_1_7' title="bbox 1955 720 3541 795; baseline -0.001 -19"><span class='ocrx_word' id='word_1_31' title='bbox 1955 725 2100 793; x_wconf 85' lang='lat' dir='ltr'><strong>piam</strong></span> <span class='ocrx_word' id='word_1_32' title='bbox 2165 723 2420 795; x_wconf 80' lang='lat' dir='ltr'><strong>exiguam</strong></span> <span class='ocrx_word' id='word_1_33' title='bbox 2478 720 3166 792; x_wconf 88' lang='lat' dir='ltr'><strong>despiciens,.quemdam</strong></span> <span class='ocrx_word' id='word_1_34' title='bbox 3241 720 3335 789; x_wconf 87' lang='lat' dir='ltr'><strong>qui</strong></span> <span class='ocrx_word' id='word_1_35' title='bbox 3393 734 3541 791; x_wconf 89' lang='lat' dir='ltr'><strong>pone</strong></span> 
     </span>
    </p>
   </div>
   <div class='ocr_carea' id='block_1_8' title="bbox 264 811 1869 891">
    <p class='ocr_par' dir='ltr' id='par_1_8' title="bbox 264 812 1848 891">
     <span class='ocr_line' id='line_1_8' title="bbox 264 812 1848 891; baseline -0.001 -19"><span class='ocrx_word' id='word_1_36' title='bbox 264 819 460 889; x_wconf 81' lang='grc' dir='ltr'>νεκρὸς</span> <span class='ocrx_word' id='word_1_37' title='bbox 485 820 596 891; x_wconf 68' lang='grc' dir='ltr'><strong>γᾴρ</strong></span> <span class='ocrx_word' id='word_1_38' title='bbox 647 819 994 870; x_wconf 77' lang='grc' dir='ltr'>παντάπασιν</span> <span class='ocrx_word' id='word_1_39' title='bbox 1039 812 1130 887; x_wconf 77' lang='grc' dir='ltr'><strong>ἦν.</strong></span> <span class='ocrx_word' id='word_1_40' title='bbox 1165 816 1309 872; x_wconf 81' lang='grc' dir='ltr'>Ἀλλ’</span> <span class='ocrx_word' id='word_1_41' title='bbox 1334 818 1447 871; x_wconf 80' lang='grc' dir='ltr'>οὐδ’</span> <span class='ocrx_word' id='word_1_42' title='bbox 1475 817 1706 886; x_wconf 86' lang='grc' dir='ltr'>ἀμύνειν</span> <span class='ocrx_word' id='word_1_43' title='bbox 1733 815 1848 887; x_wconf 78' lang='grc' dir='ltr'>εἶχε</span> 
     </span>
    </p>
   </div>
   <div class='ocr_carea' id='block_1_9' title="bbox 1973 811 3540 891">
    <p class='ocr_par' dir='ltr' id='par_1_9' title="bbox 1973 811 3540 880">
     <span class='ocr_line' id='line_1_9' title="bbox 1973 811 3540 880; baseline -0.001 -11"><span class='ocrx_word' id='word_1_44' title='bbox 1973 815 2154 876; x_wconf 67' lang='lat' dir='ltr'><strong>itabat,</strong></span> <span class='ocrx_word' id='word_1_45' title='bbox 2214 816 2454 870; x_wconf 83' lang='lat' dir='ltr'><strong>securim</strong></span> <span class='ocrx_word' id='word_1_46' title='bbox 2495 815 2548 869; x_wconf 92' lang='lat' dir='ltr'><strong>in</strong></span> <span class='ocrx_word' id='word_1_47' title='bbox 2605 830 2773 869; x_wconf 90' lang='lat' dir='ltr'><strong>manu</strong></span> <span class='ocrx_word' id='word_1_48' title='bbox 2827 813 3144 880; x_wconf 77' lang='lat' dir='ltr'><strong>habentem,</strong></span> <span class='ocrx_word' id='word_1_49' title='bbox 3205 812 3408 867; x_wconf 82' lang='lat' dir='ltr'><strong>vulnus</strong></span> <span class='ocrx_word' id='word_1_50' title='bbox 3434 811 3540 867; x_wconf 91' lang='lat' dir='ltr'><strong>deo</strong></span> 
     </span>
    </p>
   </div>
   <div class='ocr_carea' id='block_1_10' title="bbox 267 909 1852 981">
    <p class='ocr_par' dir='ltr' id='par_1_10' title="bbox 267 909 1852 981">
     <span class='ocr_line' id='line_1_10' title="bbox 267 909 1852 981; baseline -0.001 -16"><span class='ocrx_word' id='word_1_51' title='bbox 267 912 444 981; x_wconf 82' lang='grc' dir='ltr'><strong>μέγας</strong></span> <span class='ocrx_word' id='word_1_52' title='bbox 480 910 790 981; x_wconf 71' lang='grc' dir='ltr'>μεγαλωστὶ</span> <span class='ocrx_word' id='word_1_53' title='bbox 819 910 956 980; x_wconf 67' lang='grc' dir='ltr'>πρὸς</span> <span class='ocrx_word' id='word_1_54' title='bbox 986 910 1091 980; x_wconf 78' lang='grc' dir='ltr'>γῆν</span> <span class='ocrx_word' id='word_1_55' title='bbox 1114 909 1379 980; x_wconf 76' lang='grc' dir='ltr'>ἐνεχθείς.</span> <span class='ocrx_word' id='word_1_56' title='bbox 1414 911 1503 974; x_wconf 86' lang='grc' dir='ltr'>Ὡς</span> <span class='ocrx_word' id='word_1_57' title='bbox 1536 910 1581 962; x_wconf 83' lang='grc' dir='ltr'>δ’</span> <span class='ocrx_word' id='word_1_58' title='bbox 1602 909 1852 980; x_wconf 78' lang='grc' dir='ltr'><strong>ἀφῄρητο</strong></span> 
     </span>
    </p>
   </div>
   <div class='ocr_carea' id='block_1_11' title="bbox 264 1000 1854 1074">
    <p class='ocr_par' dir='ltr' id='par_1_11' title="bbox 264 1000 1854 1074">
     <span class='ocr_line' id='line_1_11' title="bbox 264 1000 1854 1074; baseline -0.002 -19"><span class='ocrx_word' id='word_1_59' title='bbox 264 1012 360 1058; x_wconf 76' lang='grc' dir='ltr'>καὶ</span> <span class='ocrx_word' id='word_1_60' title='bbox 399 1004 499 1074; x_wconf 82' lang='grc' dir='ltr'>τὴν</span> <span class='ocrx_word' id='word_1_61' title='bbox 552 1002 731 1073; x_wconf 84' lang='grc' dir='ltr'>δεινὴν</span> <span class='ocrx_word' id='word_1_62' title='bbox 757 1001 1023 1072; x_wconf 78' lang='grc' dir='ltr'>κεφαλὴν,</span> <span class='ocrx_word' id='word_1_63' title='bbox 1060 1002 1194 1072; x_wconf 83' lang='grc' dir='ltr'>μύες</span> <span class='ocrx_word' id='word_1_64' title='bbox 1228 1000 1492 1071; x_wconf 58' lang='grc' dir='ltr'>ἀγεληδῑν</span> <span class='ocrx_word' id='word_1_65' title='bbox 1526 1001 1736 1055; x_wconf 79' lang='grc' dir='ltr'>ἐκεῖθεν</span> <span class='ocrx_word' id='word_1_66' title='bbox 1760 1002 1854 1071; x_wconf 65' lang='grc' dir='ltr'><strong>ἐρα</strong></span> 
     </span>
    </p>
   </div>
   <div class='ocr_carea' id='block_1_12' title="bbox 266 1089 1851 1165">
    <p class='ocr_par' dir='ltr' id='par_1_12' title="bbox 266 1089 1851 1165">
     <span class='ocr_line' id='line_1_12' title="bbox 266 1089 1851 1165; baseline 0.001 -21"><span class='ocrx_word' id='word_1_67' title='bbox 266 1089 522 1163; x_wconf 77' lang='grc' dir='ltr'>ῥύησαν·</span> <span class='ocrx_word' id='word_1_68' title='bbox 580 1093 793 1162; x_wconf 83' lang='grc' dir='ltr'>μυωξία</span> <span class='ocrx_word' id='word_1_69' title='bbox 849 1093 959 1163; x_wconf 77' lang='grc' dir='ltr'>γὰρ</span> <span class='ocrx_word' id='word_1_70' title='bbox 1012 1092 1276 1165; x_wconf 85' lang='grc' dir='ltr'>ἄντικρυς</span> <span class='ocrx_word' id='word_1_71' title='bbox 1331 1094 1359 1145; x_wconf 84' lang='grc' dir='ltr'>ὁ</span> <span class='ocrx_word' id='word_1_72' title='bbox 1390 1093 1502 1146; x_wconf 84' lang='grc' dir='ltr'><strong>τῶν</strong></span> <span class='ocrx_word' id='word_1_73' title='bbox 1533 1092 1851 1161; x_wconf 75' lang='grc' dir='ltr'>Αἰγυπτίων</span> 
     </span>
    </p>
   </div>
   <div class='ocr_carea' id='block_1_13' title="bbox 266 1180 1852 1254">
    <p class='ocr_par' dir='ltr' id='par_1_13' title="bbox 266 1180 1852 1254">
     <span class='ocr_line' id='line_1_13' title="bbox 266 1180 1852 1254; baseline -0.001 -17"><span class='ocrx_word' id='word_1_74' title='bbox 266 1185 389 1249; x_wconf 85' lang='grc' dir='ltr'>θεὸς</span> <span class='ocrx_word' id='word_1_75' title='bbox 410 1184 737 1254; x_wconf 75' lang='grc' dir='ltr'>περιϐόητος</span> <span class='ocrx_word' id='word_1_76' title='bbox 756 1183 844 1254; x_wconf 82' lang='grc' dir='ltr'><strong>ἦν.</strong></span> <span class='ocrx_word' id='word_1_77' title='bbox 878 1186 972 1247; x_wconf 86' lang='grc' dir='ltr'>Είς</span> <span class='ocrx_word' id='word_1_78' title='bbox 1016 1184 1188 1238; x_wconf 72' lang='grc' dir='ltr'>λεπτὰ</span> <span class='ocrx_word' id='word_1_79' title='bbox 1225 1184 1272 1237; x_wconf 87' lang='grc' dir='ltr'>δ’</span> <span class='ocrx_word' id='word_1_80' title='bbox 1302 1180 1395 1239; x_wconf 78' lang='grc' dir='ltr'>οὖν</span> <span class='ocrx_word' id='word_1_81' title='bbox 1421 1184 1586 1237; x_wconf 70' lang='grc' dir='ltr'>αὐτὸν</span> <span class='ocrx_word' id='word_1_82' title='bbox 1632 1184 1852 1254; x_wconf 72' lang='grc' dir='ltr'>διαιρή-</span> 
     </span>
    </p>
   </div>
   <div class='ocr_carea' id='block_1_14' title="bbox 266 1269 1851 1344">
    <p class='ocr_par' dir='ltr' id='par_1_14' title="bbox 266 1269 1851 1344">
     <span class='ocr_line' id='line_1_14' title="bbox 266 1269 1851 1344; baseline -0.004 -16"><span class='ocrx_word' id='word_1_83' title='bbox 266 1292 482 1342; x_wconf 83' lang='grc' dir='ltr'>σαντες,</span> <span class='ocrx_word' id='word_1_84' title='bbox 514 1275 582 1329; x_wconf 76' lang='grc' dir='ltr'><strong>τὰ</strong></span> <span class='ocrx_word' id='word_1_85' title='bbox 641 1275 741 1343; x_wconf 83' lang='grc' dir='ltr'>μὲν</span> <span class='ocrx_word' id='word_1_86' title='bbox 789 1274 1037 1340; x_wconf 81' lang='grc' dir='ltr'><strong>δαπάνην</strong></span> <span class='ocrx_word' id='word_1_87' title='bbox 1065 1274 1288 1343; x_wconf 74' lang='grc' dir='ltr'>ἀφῆκαν</span> <span class='ocrx_word' id='word_1_88' title='bbox 1342 1272 1515 1342; x_wconf 75' lang='grc' dir='ltr'>πυρίο</span> <span class='ocrx_word' id='word_1_89' title='bbox 1555 1270 1654 1344; x_wconf 81' lang='grc' dir='ltr'><strong>τήν</strong></span> <span class='ocrx_word' id='word_1_90' title='bbox 1687 1269 1743 1324; x_wconf 81' lang='grc' dir='ltr'><strong>δέ</strong></span> <span class='ocrx_word' id='word_1_91' title='bbox 1786 1285 1851 1338; x_wconf 83' lang='grc' dir='ltr'>γε</span> 
     </span>
    </p>
   </div>
   <div class='ocr_carea' id='block_1_15' title="bbox 269 1362 1853 1436">
    <p class='ocr_par' dir='ltr' id='par_1_15' title="bbox 269 1362 1853 1436">
     <span class='ocr_line' id='line_1_15' title="bbox 269 1362 1853 1436; baseline -0.004 -16"><span class='ocrx_word' id='word_1_92' title='bbox 269 1367 478 1435; x_wconf 74' lang='grc' dir='ltr'>σεμνὴν</span> <span class='ocrx_word' id='word_1_93' title='bbox 534 1365 756 1436; x_wconf 77' lang='grc' dir='ltr'>ἐκείνην</span> <span class='ocrx_word' id='word_1_94' title='bbox 789 1365 883 1419; x_wconf 71' lang='grc' dir='ltr'>καὶ</span> <span class='ocrx_word' id='word_1_95' title='bbox 913 1365 1194 1432; x_wconf 81' lang='grc' dir='ltr'>αἰδέσιμον</span> <span class='ocrx_word' id='word_1_96' title='bbox 1223 1363 1470 1432; x_wconf 82' lang='grc' dir='ltr'>κεφαλὴν</span> <span class='ocrx_word' id='word_1_97' title='bbox 1518 1362 1608 1415; x_wconf 72' lang='grc' dir='ltr'><strong>διὰ</strong></span> <span class='ocrx_word' id='word_1_98' title='bbox 1649 1362 1853 1426; x_wconf 80' lang='grc' dir='ltr'>παντὸς</span> 
     </span>
    </p>
   </div>
   <div class='ocr_carea' id='block_1_16' title="bbox 264 1453 1854 1528">
    <p class='ocr_par' dir='ltr' id='par_1_16' title="bbox 264 1453 1854 1528">
     <span class='ocr_line' id='line_1_16' title="bbox 264 1453 1854 1528; baseline -0.003 -15"><span class='ocrx_word' id='word_1_99' title='bbox 264 1458 363 1513; x_wconf 91' lang='grc' dir='ltr'><strong>τοῦ</strong></span> <span class='ocrx_word' id='word_1_100' title='bbox 397 1460 589 1524; x_wconf 78' lang='grc' dir='ltr'><strong>ἄστεος</strong></span> <span class='ocrx_word' id='word_1_101' title='bbox 618 1453 821 1527; x_wconf 77' lang='grc' dir='ltr'>εἷλκον,</span> <span class='ocrx_word' id='word_1_102' title='bbox 852 1459 961 1514; x_wconf 84' lang='grc' dir='ltr'><strong>τῶν</strong></span> <span class='ocrx_word' id='word_1_103' title='bbox 989 1457 1197 1528; x_wconf 88' lang='grc' dir='ltr'>ταύτην</span> <span class='ocrx_word' id='word_1_104' title='bbox 1227 1458 1538 1528; x_wconf 81' lang='grc' dir='ltr'>σεόομένων</span> <span class='ocrx_word' id='word_1_105' title='bbox 1576 1457 1854 1527; x_wconf 81' lang='grc' dir='ltr'><strong>ὁρώντων,</strong></span> 
     </span>
    </p>
   </div>
   <div class='ocr_carea' id='block_1_17' title="bbox 268 1549 1854 1623">
    <p class='ocr_par' dir='ltr' id='par_1_17' title="bbox 268 1549 1854 1623">
     <span class='ocr_line' id='line_1_17' title="bbox 268 1549 1854 1623; baseline 0 -20"><span class='ocrx_word' id='word_1_106' title='bbox 268 1552 364 1604; x_wconf 80' lang='grc' dir='ltr'>καὶ</span> <span class='ocrx_word' id='word_1_107' title='bbox 395 1549 494 1604; x_wconf 82' lang='grc' dir='ltr'><strong>τοῦ</strong></span> <span class='ocrx_word' id='word_1_108' title='bbox 528 1549 661 1623; x_wconf 87' lang='grc' dir='ltr'>παρ’</span> <span class='ocrx_word' id='word_1_109' title='bbox 703 1550 886 1605; x_wconf 84' lang='grc' dir='ltr'>αὐτῶν</span> <span class='ocrx_word' id='word_1_110' title='bbox 933 1553 1253 1622; x_wconf 79' lang='grc' dir='ltr'><strong>τιμωμένου</strong></span> <span class='ocrx_word' id='word_1_111' title='bbox 1288 1551 1390 1620; x_wconf 78' lang='grc' dir='ltr'><strong>τήν</strong></span> <span class='ocrx_word' id='word_1_112' title='bbox 1415 1549 1706 1605; x_wconf 79' lang='grc' dir='ltr'>ἀσθένειαν</span> <span class='ocrx_word' id='word_1_113' title='bbox 1733 1549 1854 1603; x_wconf 84' lang='grc' dir='ltr'>δια-</span> 
     </span>
    </p>
   </div>
   <div class='ocr_carea' id='block_1_18' title="bbox 266 1642 667 1713">
    <p class='ocr_par' dir='ltr' id='par_1_18' title="bbox 266 1642 667 1713">
     <span class='ocr_line' id='line_1_18' title="bbox 266 1642 667 1713; baseline 0.002 -17"><span class='ocrx_word' id='word_1_114' title='bbox 266 1645 322 1713; x_wconf 71' lang='grc' dir='ltr'>χ)</span> <span class='ocrx_word' id='word_1_115' title='bbox 336 1642 667 1708; x_wconf 80' lang='grc' dir='ltr'>ευαζόντων.</span> 
     </span>
    </p>
   </div>
   <div class='ocr_carea' id='block_1_19' title="bbox 1956 903 3539 978">
    <p class='ocr_par' dir='ltr' id='par_1_19' title="bbox 1956 903 3539 978">
     <span class='ocr_line' id='line_1_19' title="bbox 1956 903 3539 978; baseline -0.003 -17"><span class='ocrx_word' id='word_1_116' title='bbox 1956 907 2203 977; x_wconf 81' lang='lat' dir='ltr'><strong>inﬂigere</strong></span> <span class='ocrx_word' id='word_1_117' title='bbox 2227 907 2414 978; x_wconf 91' lang='lat' dir='ltr'><strong>jussit.</strong></span> <span class='ocrx_word' id='word_1_118' title='bbox 2448 907 2627 978; x_wconf 80' lang='lat' dir='ltr'><strong>Atque</strong></span> <span class='ocrx_word' id='word_1_119' title='bbox 2652 908 2744 962; x_wconf 90' lang='lat' dir='ltr'><strong>ille</strong></span> <span class='ocrx_word' id='word_1_120' title='bbox 2779 907 2992 978; x_wconf 77' lang='lat' dir='ltr'><strong>plagam</strong></span> <span class='ocrx_word' id='word_1_121' title='bbox 3016 906 3297 977; x_wconf 73' lang='lat' dir='ltr'><strong>ingentem</strong></span> <span class='ocrx_word' id='word_1_122' title='bbox 3328 903 3382 959; x_wconf 87' lang='lat' dir='ltr'><strong>vi</strong></span> <span class='ocrx_word' id='word_1_123' title='bbox 3423 919 3539 958; x_wconf 88' lang='lat' dir='ltr'><strong>ma-</strong></span> 
     </span>
    </p>
   </div>
   <div class='ocr_carea' id='block_1_20' title="bbox 1958 980 3599 1069">
    <p class='ocr_par' dir='ltr' id='par_1_20' title="bbox 1958 980 3599 1069">
     <span class='ocr_line' id='line_1_20' title="bbox 1958 980 3599 1069; baseline -0.002 -18"><span class='ocrx_word' id='word_1_124' title='bbox 1958 1015 2062 1069; x_wconf 81' lang='lat' dir='ltr'><strong>gna</strong></span> <span class='ocrx_word' id='word_1_125' title='bbox 2096 997 2322 1053; x_wconf 90' lang='lat' dir='ltr'><strong>fortiter</strong></span> <span class='ocrx_word' id='word_1_126' title='bbox 2351 999 2558 1053; x_wconf 84' lang='lat' dir='ltr'><strong>intulit.</strong></span> <span class='ocrx_word' id='word_1_127' title='bbox 2598 998 2701 1065; x_wconf 81' lang='lat' dir='ltr'><strong>Qui</strong></span> <span class='ocrx_word' id='word_1_128' title='bbox 2741 1014 2873 1053; x_wconf 84' lang='lat' dir='ltr'><strong>vero</strong></span> <span class='ocrx_word' id='word_1_129' title='bbox 2900 999 2975 1054; x_wconf 86' lang='lat' dir='ltr'><strong>ibi</strong></span> <span class='ocrx_word' id='word_1_130' title='bbox 3008 999 3262 1061; x_wconf 88' lang='lat' dir='ltr'><strong>aderant,</strong></span> <span class='ocrx_word' id='word_1_131' title='bbox 3298 994 3352 1050; x_wconf 89' lang='lat' dir='ltr'><strong>id</strong></span> <span class='ocrx_word' id='word_1_132' title='bbox 3388 993 3540 1065; x_wconf 88' lang='lat' dir='ltr'><strong>quod</strong></span> <span class='ocrx_word' id='word_1_133' title='bbox 3588 980 3599 1025; x_wconf 61' lang='grc' dir='ltr'><strong>ί</strong></span> 
     </span>
    </p>
   </div>
   <div class='ocr_carea' id='block_1_21' title="bbox 1960 1089 3563 1162">
    <p class='ocr_par' dir='ltr' id='par_1_21' title="bbox 1960 1089 3563 1162">
     <span class='ocr_line' id='line_1_21' title="bbox 1960 1089 3563 1162; baseline -0.002 -17"><span class='ocrx_word' id='word_1_134' title='bbox 1960 1089 2168 1145; x_wconf 91' lang='lat' dir='ltr'><strong>dudum</strong></span> <span class='ocrx_word' id='word_1_135' title='bbox 2192 1089 2338 1145; x_wconf 83' lang='lat' dir='ltr'><strong>fama</strong></span> <span class='ocrx_word' id='word_1_136' title='bbox 2386 1091 2653 1162; x_wconf 90' lang='lat' dir='ltr'><strong>jactatum</strong></span> <span class='ocrx_word' id='word_1_137' title='bbox 2710 1090 2909 1158; x_wconf 84' lang='lat' dir='ltr'><strong>fuerat,</strong></span> <span class='ocrx_word' id='word_1_138' title='bbox 2956 1091 3140 1155; x_wconf 90' lang='lat' dir='ltr'><strong>veriti,</strong></span> <span class='ocrx_word' id='word_1_139' title='bbox 3204 1089 3563 1144; x_wconf 66' lang='lat' dir='ltr'><strong>immensum‘</strong></span> 
     </span>
    </p>
   </div>
   <div class='ocr_carea' id='block_1_22' title="bbox 1960 1174 3539 1251">
    <p class='ocr_par' dir='ltr' id='par_1_22' title="bbox 1960 1174 3539 1251">
     <span class='ocr_line' id='line_1_22' title="bbox 1960 1174 3539 1251; baseline -0.004 -16"><span class='ocrx_word' id='word_1_140' title='bbox 1960 1181 2221 1251; x_wconf 83' lang='lat' dir='ltr'><strong>quiddam</strong></span> <span class='ocrx_word' id='word_1_141' title='bbox 2259 1182 2663 1236; x_wconf 86' lang='lat' dir='ltr'><strong>exclamarunt.</strong></span> <span class='ocrx_word' id='word_1_142' title='bbox 2696 1184 2874 1250; x_wconf 81' lang='lat' dir='ltr'><strong>Atque</strong></span> <span class='ocrx_word' id='word_1_143' title='bbox 2928 1180 3067 1235; x_wconf 88' lang='lat' dir='ltr'><strong>deus</strong></span> <span class='ocrx_word' id='word_1_144' title='bbox 3112 1180 3268 1249; x_wconf 79' lang='lat' dir='ltr'><strong>plaga</strong></span> <span class='ocrx_word' id='word_1_145' title='bbox 3324 1174 3539 1247; x_wconf 70' lang='lat' dir='ltr'><strong>placide</strong></span> 
     </span>
    </p>
   </div>
   <div class='ocr_carea' id='block_1_23' title="bbox 1957 1267 3536 1345">
    <p class='ocr_par' dir='ltr' id='par_1_23' title="bbox 1957 1267 3536 1345">
     <span class='ocr_line' id='line_1_23' title="bbox 1957 1267 3536 1345; baseline -0.006 -16"><span class='ocrx_word' id='word_1_146' title='bbox 1957 1283 2199 1343; x_wconf 85' lang='lat' dir='ltr'><strong>accepta,</strong></span> <span class='ocrx_word' id='word_1_147' title='bbox 2230 1275 2377 1345; x_wconf 90' lang='lat' dir='ltr'><strong>quod</strong></span> <span class='ocrx_word' id='word_1_148' title='bbox 2427 1274 2644 1343; x_wconf 82' lang='lat' dir='ltr'><strong>ligneus</strong></span> <span class='ocrx_word' id='word_1_149' title='bbox 2673 1283 2845 1341; x_wconf 86' lang='lat' dir='ltr'><strong>esset,</strong></span> <span class='ocrx_word' id='word_1_150' title='bbox 2872 1288 3051 1344; x_wconf 90' lang='lat' dir='ltr'><strong>neque</strong></span> <span class='ocrx_word' id='word_1_151' title='bbox 3077 1271 3320 1325; x_wconf 91' lang='lat' dir='ltr'><strong>dolorem</strong></span> <span class='ocrx_word' id='word_1_152' title='bbox 3344 1267 3536 1330; x_wconf 78' lang='lat' dir='ltr'><strong>sensit,</strong></span> 
     </span>
    </p>
   </div>
   <div class='ocr_carea' id='block_1_24' title="bbox 1957 1363 3542 1437">
    <p class='ocr_par' dir='ltr' id='par_1_24' title="bbox 1957 1363 3542 1437">
     <span class='ocr_line' id='line_1_24' title="bbox 1957 1363 3542 1437; baseline -0.006 -16"><span class='ocrx_word' id='word_1_153' title='bbox 1957 1382 2139 1437; x_wconf 89' lang='lat' dir='ltr'><strong>neque</strong></span> <span class='ocrx_word' id='word_1_154' title='bbox 2163 1382 2354 1421; x_wconf 89' lang='lat' dir='ltr'><strong>vocem</strong></span> <span class='ocrx_word' id='word_1_155' title='bbox 2383 1364 2622 1437; x_wconf 83' lang='lat' dir='ltr'><strong>aliq‘uam</strong></span> <span class='ocrx_word' id='word_1_156' title='bbox 2648 1368 2855 1430; x_wconf 86' lang='lat' dir='ltr'><strong>emisit,</strong></span> <span class='ocrx_word' id='word_1_157' title='bbox 2895 1365 3101 1436; x_wconf 88' lang='lat' dir='ltr'><strong>quippe</strong></span> <span class='ocrx_word' id='word_1_158' title='bbox 3155 1363 3247 1431; x_wconf 90' lang='lat' dir='ltr'><strong>qui</strong></span> <span class='ocrx_word' id='word_1_159' title='bbox 3291 1369 3542 1413; x_wconf 88' lang='lat' dir='ltr'><strong>mortuus</strong></span> 
     </span>
    </p>
   </div>
   <div class='ocr_carea' id='block_1_25' title="bbox 1958 1457 3543 1529">
    <p class='ocr_par' dir='ltr' id='par_1_25' title="bbox 1958 1457 3543 1529">
     <span class='ocr_line' id='line_1_25' title="bbox 1958 1457 3543 1529; baseline -0.006 -18"><span class='ocrx_word' id='word_1_160' title='bbox 1958 1473 2186 1528; x_wconf 87' lang='lat' dir='ltr'><strong>prorsus</strong></span> <span class='ocrx_word' id='word_1_161' title='bbox 2205 1468 2353 1514; x_wconf 86' lang='lat' dir='ltr'><strong>esset</strong></span> <span class='ocrx_word' id='word_1_162' title='bbox 2381 1477 2394 1513; x_wconf 92' lang='lat'><strong>:</strong></span> <span class='ocrx_word' id='word_1_163' title='bbox 2431 1459 2740 1529; x_wconf 87' lang='lat' dir='ltr'><strong>sed&#39;neque</strong></span> <span class='ocrx_word' id='word_1_164' title='bbox 2761 1457 3059 1512; x_wconf 83' lang='lat' dir='ltr'><strong>defendere</strong></span> <span class='ocrx_word' id='word_1_165' title='bbox 3083 1471 3165 1518; x_wconf 80' lang='lat' dir='ltr'><strong>se,</strong></span> <span class='ocrx_word' id='word_1_166' title='bbox 3194 1468 3318 1507; x_wconf 89' lang='lat' dir='ltr'><strong>cum</strong></span> <span class='ocrx_word' id='word_1_167' title='bbox 3351 1459 3406 1504; x_wconf 90' lang='lat' dir='ltr'><strong>et</strong></span> <span class='ocrx_word' id='word_1_168' title='bbox 3427 1463 3543 1502; x_wconf 86' lang='lat' dir='ltr'><strong>ma-</strong></span> 
     </span>
    </p>
   </div>
   <div class='ocr_carea' id='block_1_26' title="bbox 1958 1545 3545 1621">
    <p class='ocr_par' dir='ltr' id='par_1_26' title="bbox 1958 1545 3545 1621">
     <span class='ocr_line' id='line_1_26' title="bbox 1958 1545 3545 1621; baseline -0.008 -16"><span class='ocrx_word' id='word_1_169' title='bbox 1958 1566 2098 1619; x_wconf 74' lang='lat' dir='ltr'><strong>gnus</strong></span> <span class='ocrx_word' id='word_1_170' title='bbox 2120 1557 2286 1616; x_wconf 88' lang='lat' dir='ltr'><strong>esset,</strong></span> <span class='ocrx_word' id='word_1_171' title='bbox 2308 1558 2364 1604; x_wconf 91' lang='lat' dir='ltr'><strong>et</strong></span> <span class='ocrx_word' id='word_1_172' title='bbox 2395 1565 2591 1621; x_wconf 78' lang='lat' dir='ltr'><strong>magno</strong></span> <span class='ocrx_word' id='word_1_173' title='bbox 2616 1553 2823 1619; x_wconf 81' lang='lat' dir='ltr'><strong>impetu</strong></span> <span class='ocrx_word' id='word_1_174' title='bbox 2852 1549 2907 1603; x_wconf 88' lang='lat' dir='ltr'><strong>in</strong></span> <span class='ocrx_word' id='word_1_175' title='bbox 2932 1558 3134 1602; x_wconf 84' lang='lat' dir='ltr'><strong>terram</strong></span> <span class='ocrx_word' id='word_1_176' title='bbox 3160 1545 3416 1606; x_wconf 86' lang='lat' dir='ltr'><strong>ferretur,</strong></span> <span class='ocrx_word' id='word_1_177' title='bbox 3448 1554 3545 1610; x_wconf 86' lang='lat' dir='ltr'><strong>po—</strong></span> 
     </span>
    </p>
   </div>
   <div class='ocr_carea' id='block_1_27' title="bbox 1964 1632 3544 1714">
    <p class='ocr_par' dir='ltr' id='par_1_27' title="bbox 1964 1632 3544 1714">
     <span class='ocr_line' id='line_1_27' title="bbox 1964 1632 3544 1714; baseline -0.008 -17"><span class='ocrx_word' id='word_1_178' title='bbox 1964 1642 2085 1698; x_wconf 89' lang='lat' dir='ltr'><strong>tuit.</strong></span> <span class='ocrx_word' id='word_1_179' title='bbox 2114 1640 2222 1697; x_wconf 86' lang='lat' dir='ltr'><strong>Ubi</strong></span> <span class='ocrx_word' id='word_1_180' title='bbox 2251 1659 2382 1698; x_wconf 88' lang='lat' dir='ltr'><strong>vero</strong></span> <span class='ocrx_word' id='word_1_181' title='bbox 2406 1653 2463 1700; x_wconf 90' lang='lat' dir='ltr'><strong>et</strong></span> <span class='ocrx_word' id='word_1_182' title='bbox 2500 1653 2667 1714; x_wconf 90' lang='lat' dir='ltr'><strong>caput</strong></span> <span class='ocrx_word' id='word_1_183' title='bbox 2698 1643 2747 1697; x_wconf 90' lang='lat' dir='ltr'><strong>ei</strong></span> <span class='ocrx_word' id='word_1_184' title='bbox 2780 1651 3054 1697; x_wconf 87' lang='lat' dir='ltr'><strong>resectum</strong></span> <span class='ocrx_word' id='word_1_185' title='bbox 3078 1647 3184 1702; x_wconf 89' lang='lat' dir='ltr'><strong>est,</strong></span> <span class='ocrx_word' id='word_1_186' title='bbox 3212 1649 3397 1690; x_wconf 87' lang='lat' dir='ltr'><strong>mures</strong></span> <span class='ocrx_word' id='word_1_187' title='bbox 3417 1632 3544 1686; x_wconf 90' lang='lat' dir='ltr'><strong>inde</strong></span> 
     </span>
    </p>
   </div>
   <div class='ocr_carea' id='block_1_28' title="bbox 270 1728 3541 1807">
    <p class='ocr_par' dir='ltr' id='par_1_28' title="bbox 270 1728 3541 1807">
     <span class='ocr_line' id='line_1_28' title="bbox 270 1728 3541 1807; baseline -0.005 -17"><span class='ocrx_word' id='word_1_188' title='bbox 270 1739 536 1807; x_wconf 72' lang='lat' dir='ltr'><strong>gregatim</strong></span> <span class='ocrx_word' id='word_1_189' title='bbox 599 1746 972 1793; x_wconf 86' lang='lat' dir='ltr'><strong>emerserunt.</strong></span> <span class='ocrx_word' id='word_1_190' title='bbox 1021 1736 1258 1791; x_wconf 78' lang='lat' dir='ltr'><strong>Marium</strong></span> <span class='ocrx_word' id='word_1_191' title='bbox 1316 1737 1466 1801; x_wconf 71' lang='lat' dir='ltr'><strong>enim</strong></span> <span class='ocrx_word' id='word_1_192' title='bbox 1505 1748 1743 1790; x_wconf 82' lang='lat' dir='ltr'><strong>caverna</strong></span> <span class='ocrx_word' id='word_1_193' title='bbox 1800 1743 1856 1789; x_wconf 90' lang='lat' dir='ltr'><strong>et</strong></span> <span class='ocrx_word' id='word_1_194' title='bbox 1897 1736 2302 1803; x_wconf 83' lang='lat' dir='ltr'><strong>receptaculum</strong></span> <span class='ocrx_word' id='word_1_195' title='bbox 2372 1738 2604 1793; x_wconf 85' lang='lat' dir='ltr'><strong>omnino</strong></span> <span class='ocrx_word' id='word_1_196' title='bbox 2644 1736 2972 1792; x_wconf 82' lang='lat' dir='ltr'><strong>decantatus</strong></span> <span class='ocrx_word' id='word_1_197' title='bbox 3039 1733 3129 1786; x_wconf 90' lang='lat' dir='ltr'><strong>ille</strong></span> <span class='ocrx_word' id='word_1_198' title='bbox 3162 1728 3541 1800; x_wconf 63' lang='lat' dir='ltr'><strong>[Egyptiorum</strong></span> 
     </span>
    </p>
   </div>
   <div class='ocr_carea' id='block_1_29' title="bbox 269 1822 3543 1902">
    <p class='ocr_par' dir='ltr' id='par_1_29' title="bbox 269 1822 3543 1902">
     <span class='ocr_line' id='line_1_29' title="bbox 269 1822 3543 1902; baseline -0.005 -17"><span class='ocrx_word' id='word_1_199' title='bbox 269 1830 416 1885; x_wconf 89' lang='lat' dir='ltr'><strong>deus</strong></span> <span class='ocrx_word' id='word_1_200' title='bbox 445 1831 571 1886; x_wconf 87' lang='lat' dir='ltr'><strong>fuit.</strong></span> <span class='ocrx_word' id='word_1_201' title='bbox 604 1831 768 1902; x_wconf 79' lang='lat'><strong>276</strong></span> <span class='ocrx_word' id='word_1_202' title='bbox 794 1829 1067 1886; x_wconf 72' lang='lat' dir='ltr'><strong>Caeterum</strong></span> <span class='ocrx_word' id='word_1_203' title='bbox 1097 1839 1249 1884; x_wconf 87' lang='lat' dir='ltr'><strong>vasto</strong></span> <span class='ocrx_word' id='word_1_204' title='bbox 1292 1829 1385 1884; x_wconf 92' lang='lat' dir='ltr'><strong>illo</strong></span> <span class='ocrx_word' id='word_1_205' title='bbox 1416 1829 1562 1884; x_wconf 91' lang='lat' dir='ltr'><strong>idolo</strong></span> <span class='ocrx_word' id='word_1_206' title='bbox 1590 1828 1644 1882; x_wconf 90' lang='lat' dir='ltr'><strong>in</strong></span> <span class='ocrx_word' id='word_1_207' title='bbox 1674 1836 1860 1899; x_wconf 88' lang='lat' dir='ltr'><strong>partes</strong></span> <span class='ocrx_word' id='word_1_208' title='bbox 1898 1829 2139 1885; x_wconf 89' lang='lat' dir='ltr'><strong>minutas</strong></span> <span class='ocrx_word' id='word_1_209' title='bbox 2197 1829 2459 1896; x_wconf 86' lang='lat' dir='ltr'><strong>disseeto,</strong></span> <span class='ocrx_word' id='word_1_210' title='bbox 2519 1829 2761 1900; x_wconf 83' lang='lat' dir='ltr'><strong>reliquas</strong></span> <span class='ocrx_word' id='word_1_211' title='bbox 2778 1828 3002 1898; x_wconf 89' lang='lat' dir='ltr'><strong>quidem</strong></span> <span class='ocrx_word' id='word_1_212' title='bbox 3036 1826 3144 1895; x_wconf 80' lang='lat' dir='ltr'><strong>igni</strong></span> <span class='ocrx_word' id='word_1_213' title='bbox 3175 1822 3506 1877; x_wconf 86' lang='lat' dir='ltr'><strong>mandarunt</strong></span> <span class='ocrx_word' id='word_1_214' title='bbox 3529 1856 3543 1880; x_wconf 90' lang='lat'><strong>,</strong></span> 
     </span>
    </p>
   </div>
   <div class='ocr_carea' id='block_1_30' title="bbox 268 1914 3541 1995">
    <p class='ocr_par' dir='ltr' id='par_1_30' title="bbox 268 1914 3541 1995">
     <span class='ocr_line' id='line_1_30' title="bbox 268 1914 3541 1995; baseline -0.005 -12"><span class='ocrx_word' id='word_1_215' title='bbox 268 1942 490 1983; x_wconf 82' lang='lat' dir='ltr'><strong>sacrum</strong></span> <span class='ocrx_word' id='word_1_216' title='bbox 546 1934 732 1981; x_wconf 90' lang='lat' dir='ltr'><strong>autem</strong></span> <span class='ocrx_word' id='word_1_217' title='bbox 792 1926 926 1981; x_wconf 92' lang='lat' dir='ltr'><strong>illud</strong></span> <span class='ocrx_word' id='word_1_218' title='bbox 958 1934 1016 1982; x_wconf 89' lang='lat' dir='ltr'><strong>et</strong></span> <span class='ocrx_word' id='word_1_219' title='bbox 1080 1925 1455 1981; x_wconf 86' lang='lat' dir='ltr'><strong>venerandum</strong></span> <span class='ocrx_word' id='word_1_220' title='bbox 1510 1932 1698 1994; x_wconf 91' lang='lat' dir='ltr'><strong>caput,</strong></span> <span class='ocrx_word' id='word_1_221' title='bbox 1753 1938 1852 1994; x_wconf 82' lang='lat' dir='ltr'><strong>per</strong></span> <span class='ocrx_word' id='word_1_222' title='bbox 1891 1924 2085 1979; x_wconf 84' lang='lat' dir='ltr'><strong>urbem</strong></span> <span class='ocrx_word' id='word_1_223' title='bbox 2156 1941 2397 1990; x_wconf 90' lang='lat' dir='ltr'><strong>onmem,</strong></span> <span class='ocrx_word' id='word_1_224' title='bbox 2451 1926 2535 1981; x_wconf 90' lang='lat' dir='ltr'><strong>eis</strong></span> <span class='ocrx_word' id='word_1_225' title='bbox 2564 1926 2658 1995; x_wconf 90' lang='lat' dir='ltr'><strong>qui</strong></span> <span class='ocrx_word' id='word_1_226' title='bbox 2724 1924 2775 1978; x_wconf 87' lang='lat' dir='ltr'><strong>id</strong></span> <span class='ocrx_word' id='word_1_227' title='bbox 2811 1936 3064 1992; x_wconf 86' lang='lat' dir='ltr'><strong>tanquam</strong></span> <span class='ocrx_word' id='word_1_228' title='bbox 3120 1934 3322 1972; x_wconf 85' lang='lat' dir='ltr'><strong>numen</strong></span> <span class='ocrx_word' id='word_1_229' title='bbox 3352 1914 3541 1970; x_wconf 91' lang='lat' dir='ltr'><strong>colue-</strong></span> 
     </span>
    </p>
   </div>
   <div class='ocr_carea' id='block_1_31' title="bbox 273 2018 3287 2092">
    <p class='ocr_par' dir='ltr' id='par_1_31' title="bbox 273 2018 3287 2092">
     <span class='ocr_line' id='line_1_31' title="bbox 273 2018 3287 2092; baseline -0.003 -17"><span class='ocrx_word' id='word_1_230' title='bbox 273 2028 418 2087; x_wconf 87' lang='lat' dir='ltr'><strong>rant,</strong></span> <span class='ocrx_word' id='word_1_231' title='bbox 442 2019 903 2090; x_wconf 87' lang='lat' dir='ltr'><strong>inspectantibus,</strong></span> <span class='ocrx_word' id='word_1_232' title='bbox 930 2028 984 2074; x_wconf 90' lang='lat' dir='ltr'><strong>et</strong></span> <span class='ocrx_word' id='word_1_233' title='bbox 1018 2021 1141 2092; x_wconf 85' lang='lat' dir='ltr'><strong>ejus</strong></span> <span class='ocrx_word' id='word_1_234' title='bbox 1170 2036 1332 2091; x_wconf 89' lang='lat' dir='ltr'><strong>quem</strong></span> <span class='ocrx_word' id='word_1_235' title='bbox 1362 2027 1649 2090; x_wconf 88' lang='lat' dir='ltr'><strong>tantopere</strong></span> <span class='ocrx_word' id='word_1_236' title='bbox 1696 2018 2123 2084; x_wconf 81' lang='lat' dir='ltr'><strong>bonoraverant,</strong></span> <span class='ocrx_word' id='word_1_237' title='bbox 2161 2019 2535 2077; x_wconf 85' lang='lat' dir='ltr'><strong>infirmitatem</strong></span> <span class='ocrx_word' id='word_1_238' title='bbox 2583 2020 2914 2083; x_wconf 82' lang='lat' dir='ltr'><strong>ridentibus,</strong></span> <span class='ocrx_word' id='word_1_239' title='bbox 2984 2025 3287 2087; x_wconf 81' lang='lat' dir='ltr'><strong>raptarunt.</strong></span> 
     </span>
    </p>
   </div>
   <div class='ocr_carea' id='block_1_32' title="bbox 876 2144 1298 2199">
    <p class='ocr_par' dir='ltr' id='par_1_32' title="bbox 876 2144 1298 2199">
     <span class='ocr_line' id='line_1_32' title="bbox 876 2144 1298 2199; baseline 0.007 -4"><span class='ocrx_word' id='word_1_240' title='bbox 876 2144 1134 2199; x_wconf 77' lang='grc' dir='ltr'><strong>ΚΕΦΑΛ.</strong></span> <span class='ocrx_word' id='word_1_241' title='bbox 1169 2144 1298 2198; x_wconf 82' lang='grc' dir='ltr'><strong>ΚΖ⁹.</strong></span> 
     </span>
    </p>
   </div>
   <div class='ocr_carea' id='block_1_33' title="bbox 274 2195 1860 2314">
    <p class='ocr_par' dir='ltr' id='par_1_33' title="bbox 274 2195 1860 2314">
     <span class='ocr_line' id='line_1_33' title="bbox 274 2195 1860 2314; baseline -0.001 -26"><span class='ocrx_word' id='word_1_242' title='bbox 274 2235 432 2314; x_wconf 43' lang='grc' dir='ltr'>Περὶ.</span> <span class='ocrx_word' id='word_1_243' title='bbox 444 2233 555 2314; x_wconf 73' lang='grc' dir='ltr'>τῆς</span> <span class='ocrx_word' id='word_1_244' title='bbox 583 2234 652 2314; x_wconf 56' lang='grc' dir='ltr'>έν</span> <span class='ocrx_word' id='word_1_245' title='bbox 680 2233 990 2314; x_wconf 54' lang='grc' dir='ltr'>διαφόροις</span> <span class='ocrx_word' id='word_1_246' title='bbox 1020 2235 1225 2314; x_wconf 59' lang='grc' dir='ltr'>ἔθνεσι</span> <span class='ocrx_word' id='word_1_247' title='bbox 1254 2195 1713 2314; x_wconf 39' lang='grc' dir='ltr'>σξτιζιζεωςιιξπὲρ</span> <span class='ocrx_word' id='word_1_248' title='bbox 1743 2195 1860 2314; x_wconf 56' lang='grc' dir='ltr'><strong>τῶς</strong></span> 
     </span>
    </p>
   </div>
   <div class='ocr_carea' id='block_1_34' title="bbox 344 2302 1861 2374">
    <p class='ocr_par' dir='ltr' id='par_1_34' title="bbox 344 2302 1861 2374">
     <span class='ocr_line' id='line_1_34' title="bbox 344 2302 1861 2374; baseline -0.001 -16"><span class='ocrx_word' id='word_1_249' title='bbox 344 2303 674 2359; x_wconf 68' lang='grc' dir='ltr'>είόωλικῶν</span> <span class='ocrx_word' id='word_1_250' title='bbox 724 2302 982 2374; x_wconf 66' lang='grc' dir='ltr'>,βωμῶνι</span> <span class='ocrx_word' id='word_1_251' title='bbox 1016 2308 1115 2358; x_wconf 82' lang='grc' dir='ltr'>καὶ</span> <span class='ocrx_word' id='word_1_252' title='bbox 1166 2305 1298 2373; x_wconf 76' lang='grc' dir='ltr'>περὶ</span> <span class='ocrx_word' id='word_1_253' title='bbox 1353 2302 1713 2372; x_wconf 76' lang='grc' dir='ltr'><strong>Μαρκέλλου</strong></span> <span class='ocrx_word' id='word_1_254' title='bbox 1756 2303 1861 2357; x_wconf 85' lang='grc' dir='ltr'><strong>τοῦ</strong></span> 
     </span>
    </p>
   </div>
   <div class='ocr_carea' id='block_1_35' title="bbox 345 2374 1863 2455">
    <p class='ocr_par' dir='ltr' id='par_1_35' title="bbox 345 2374 1863 2455">
     <span class='ocr_line' id='line_1_35' title="bbox 345 2374 1863 2455; baseline -0.001 -27"><span class='ocrx_word' id='word_1_255' title='bbox 345 2375 685 2455; x_wconf 54' lang='grc' dir='ltr'>ἐπισκόπου</span> <span class='ocrx_word' id='word_1_256' title='bbox 732 2374 1073 2455; x_wconf 52' lang='grc' dir='ltr'>Ἄμασείας,</span> <span class='ocrx_word' id='word_1_257' title='bbox 1113 2375 1232 2454; x_wconf 71' lang='grc' dir='ltr'><strong>ὅςῃ</strong></span> <span class='ocrx_word' id='word_1_258' title='bbox 1269 2374 1511 2455; x_wconf 63' lang='grc' dir='ltr'>σπουδῇ</span> <span class='ocrx_word' id='word_1_259' title='bbox 1558 2374 1863 2455; x_wconf 54' lang='grc' dir='ltr'>ἐχρήσατο</span> 
     </span>
    </p>
   </div>
   <div class='ocr_carea' id='block_1_36' title="bbox 349 2445 1859 2514">
    <p class='ocr_par' dir='ltr' id='par_1_36' title="bbox 349 2445 1859 2514">
     <span class='ocr_line' id='line_1_36' title="bbox 349 2445 1859 2514; baseline -0.001 -16"><span class='ocrx_word' id='word_1_260' title='bbox 349 2448 499 2498; x_wconf 84' lang='grc' dir='ltr'>κατὰ</span> <span class='ocrx_word' id='word_1_261' title='bbox 532 2445 653 2499; x_wconf 83' lang='grc' dir='ltr'><strong>τῶν</strong></span> <span class='ocrx_word' id='word_1_262' title='bbox 711 2446 1043 2498; x_wconf 71' lang='grc' dir='ltr'>είδωλικῶν</span> <span class='ocrx_word' id='word_1_263' title='bbox 1072 2445 1249 2511; x_wconf 76' lang='grc' dir='ltr'>νεῶν,</span> <span class='ocrx_word' id='word_1_264' title='bbox 1286 2445 1387 2500; x_wconf 77' lang='grc' dir='ltr'>καὶ</span> <span class='ocrx_word' id='word_1_265' title='bbox 1415 2445 1495 2512; x_wconf 85' lang='grc' dir='ltr'>ὡς</span> <span class='ocrx_word' id='word_1_266' title='bbox 1527 2445 1685 2499; x_wconf 74' lang='grc' dir='ltr'>τέλει</span> <span class='ocrx_word' id='word_1_267' title='bbox 1713 2460 1859 2514; x_wconf 78' lang='grc' dir='ltr'>μαρο</span> 
     </span>
    </p>
   </div>
   <div class='ocr_carea' id='block_1_37' title="bbox 349 2514 918 2584">
    <p class='ocr_par' dir='ltr' id='par_1_37' title="bbox 349 2514 918 2584">
     <span class='ocr_line' id='line_1_37' title="bbox 349 2514 918 2584; baseline 0.002 -16"><span class='ocrx_word' id='word_1_268' title='bbox 349 2515 556 2584; x_wconf 81' lang='grc' dir='ltr'>τυρίου</span> <span class='ocrx_word' id='word_1_269' title='bbox 592 2514 918 2584; x_wconf 75' lang='grc' dir='ltr'>ἐχρήσατο.</span> 
     </span>
    </p>
   </div>
   <div class='ocr_carea' id='block_1_38' title="bbox 363 2626 1864 2703">
    <p class='ocr_par' dir='ltr' id='par_1_38' title="bbox 363 2626 1864 2703">
     <span class='ocr_line' id='line_1_38' title="bbox 363 2626 1864 2703; baseline -0.001 -18"><span class='ocrx_word' id='word_1_270' title='bbox 363 2630 453 2685; x_wconf 82' lang='grc' dir='ltr'>Ἐν</span> <span class='ocrx_word' id='word_1_271' title='bbox 480 2629 525 2684; x_wconf 84' lang='grc' dir='ltr'>δ’</span> <span class='ocrx_word' id='word_1_272' title='bbox 563 2626 756 2702; x_wconf 62' lang='grc' dir='ltr'>ὲῖίείνῳ</span> <span class='ocrx_word' id='word_1_273' title='bbox 785 2630 865 2701; x_wconf 87' lang='grc' dir='ltr'>τῷ</span> <span class='ocrx_word' id='word_1_274' title='bbox 911 2631 1088 2703; x_wconf 80' lang='grc' dir='ltr'>χρόνῳ</span> <span class='ocrx_word' id='word_1_275' title='bbox 1123 2631 1308 2686; x_wconf 77' lang='grc' dir='ltr'>πολλοὶ</span> <span class='ocrx_word' id='word_1_276' title='bbox 1346 2630 1456 2685; x_wconf 84' lang='grc' dir='ltr'><strong>τῶν</strong></span> <span class='ocrx_word' id='word_1_277' title='bbox 1499 2630 1864 2701; x_wconf 77' lang='grc' dir='ltr'><strong>Ἑλληνιστῶν</strong></span> 
     </span>
    </p>
   </div>
   <div class='ocr_carea' id='block_1_39' title="bbox 279 2721 1865 2794">
    <p class='ocr_par' dir='ltr' id='par_1_39' title="bbox 279 2721 1865 2794">
     <span class='ocr_line' id='line_1_39' title="bbox 279 2721 1865 2794; baseline -0.002 -17"><span class='ocrx_word' id='word_1_278' title='bbox 279 2721 429 2777; x_wconf 70' lang='grc' dir='ltr'>κατὰ</span> <span class='ocrx_word' id='word_1_279' title='bbox 458 2721 644 2785; x_wconf 88' lang='grc' dir='ltr'>πόλεις</span> <span class='ocrx_word' id='word_1_280' title='bbox 681 2722 824 2794; x_wconf 82' lang='grc' dir='ltr'>ὑπὲρ</span> <span class='ocrx_word' id='word_1_281' title='bbox 850 2725 956 2776; x_wconf 84' lang='grc' dir='ltr'>τῶν</span> <span class='ocrx_word' id='word_1_282' title='bbox 999 2723 1204 2793; x_wconf 78' lang='grc' dir='ltr'>βωμῶν</span> <span class='ocrx_word' id='word_1_283' title='bbox 1255 2722 1376 2794; x_wconf 84' lang='grc' dir='ltr'>ἔριν</span> <span class='ocrx_word' id='word_1_284' title='bbox 1419 2724 1707 2788; x_wconf 81' lang='grc' dir='ltr'><strong>συνίστων,</strong></span> <span class='ocrx_word' id='word_1_285' title='bbox 1771 2724 1865 2776; x_wconf 75' lang='grc' dir='ltr'>καὶ</span> 
     </span>
    </p>
   </div>
   <div class='ocr_carea' id='block_1_40' title="bbox 285 2813 1867 2887">
    <p class='ocr_par' dir='ltr' id='par_1_40' title="bbox 285 2813 1867 2887">
     <span class='ocr_line' id='line_1_40' title="bbox 285 2813 1867 2887; baseline 0.001 -20"><span class='ocrx_word' id='word_1_286' title='bbox 285 2814 451 2885; x_wconf 82' lang='grc' dir='ltr'>μέχρι</span> <span class='ocrx_word' id='word_1_287' title='bbox 481 2816 711 2869; x_wconf 77' lang='grc' dir='ltr'>θανάτου</span> <span class='ocrx_word' id='word_1_288' title='bbox 745 2817 1173 2885; x_wconf 76' lang='grc' dir='ltr'>διηγωνίζοντο·</span> <span class='ocrx_word' id='word_1_289' title='bbox 1228 2820 1307 2871; x_wconf 65' lang='grc' dir='ltr'><strong>ἐνί</strong></span> <span class='ocrx_word' id='word_1_290' title='bbox 1342 2818 1444 2885; x_wconf 88' lang='grc' dir='ltr'>μὲν</span> <span class='ocrx_word' id='word_1_291' title='bbox 1490 2813 1584 2871; x_wconf 82' lang='grc' dir='ltr'>οὖν</span> <span class='ocrx_word' id='word_1_292' title='bbox 1632 2816 1867 2887; x_wconf 74' lang='grc' dir='ltr'>Ἀραϐίᾳ</span> 
     </span>
    </p>
   </div>
   <div class='ocr_carea' id='block_1_41' title="bbox 219 2908 1869 2983">
    <p class='ocr_par' dir='ltr' id='par_1_41' title="bbox 219 2908 1869 2983">
     <span class='ocr_line' id='line_1_41' title="bbox 219 2908 1869 2983; baseline 0.001 -23"><span class='ocrx_word' id='word_1_293' title='bbox 219 2980 223 2983; x_wconf 86' lang='lat'>_</span> <span class='ocrx_word' id='word_1_294' title='bbox 282 2909 541 2978; x_wconf 85' lang='grc' dir='ltr'>Πετραῖοι</span> <span class='ocrx_word' id='word_1_295' title='bbox 563 2910 657 2963; x_wconf 76' lang='grc' dir='ltr'><strong>καὶ</strong></span> <span class='ocrx_word' id='word_1_296' title='bbox 687 2908 1080 2980; x_wconf 77' lang='grc' dir='ltr'>’Δρεοπολίται,</span> <span class='ocrx_word' id='word_1_297' title='bbox 1114 2911 1264 2980; x_wconf 75' lang='grc' dir='ltr'>παρὰ</span> <span class='ocrx_word' id='word_1_298' title='bbox 1285 2911 1342 2963; x_wconf 83' lang='grc' dir='ltr'>δὲ</span> <span class='ocrx_word' id='word_1_299' title='bbox 1377 2910 1710 2980; x_wconf 79' lang='grc' dir='ltr'>Παλαιστίνῃ</span> <span class='ocrx_word' id='word_1_300' title='bbox 1742 2911 1869 2962; x_wconf 83' lang='grc' dir='ltr'><strong>Ῥα-</strong></span> 
     </span>
    </p>
   </div>
   <div class='ocr_carea' id='block_1_42' title="bbox 285 3001 1870 3076">
    <p class='ocr_par' dir='ltr' id='par_1_42' title="bbox 285 3001 1870 3076">
     <span class='ocr_line' id='line_1_42' title="bbox 285 3001 1870 3076; baseline 0 -22"><span class='ocrx_word' id='word_1_301' title='bbox 285 3001 488 3070; x_wconf 83' lang='grc' dir='ltr'>φιῶται</span> <span class='ocrx_word' id='word_1_302' title='bbox 519 3004 614 3057; x_wconf 75' lang='grc' dir='ltr'>καὶ</span> <span class='ocrx_word' id='word_1_303' title='bbox 642 3002 888 3068; x_wconf 80' lang='grc' dir='ltr'>Γαζαῖοι,</span> <span class='ocrx_word' id='word_1_304' title='bbox 939 3003 1093 3076; x_wconf 73' lang='grc' dir='ltr'>παρὰ</span> <span class='ocrx_word' id='word_1_305' title='bbox 1117 3004 1173 3056; x_wconf 81' lang='grc' dir='ltr'>δὲ</span> <span class='ocrx_word' id='word_1_306' title='bbox 1226 3002 1461 3068; x_wconf 79' lang='grc' dir='ltr'>Φοίνιξιν</span> <span class='ocrx_word' id='word_1_307' title='bbox 1526 3002 1870 3056; x_wconf 79' lang='grc' dir='ltr'>Ἥλιουπολῖ-</span> 
     </span>
    </p>
   </div>
   <div class='ocr_carea' id='block_1_43' title="bbox 278 3094 1869 3167">
    <p class='ocr_par' dir='ltr' id='par_1_43' title="bbox 278 3094 1869 3167">
     <span class='ocr_line' id='line_1_43' title="bbox 278 3094 1869 3167; baseline 0 -20"><span class='ocrx_word' id='word_1_308' title='bbox 278 3112 379 3149; x_wconf 81' lang='grc' dir='ltr'><strong>ται</strong></span> <span class='ocrx_word' id='word_1_309' title='bbox 401 3111 417 3128; x_wconf 87' lang='grc'>⁶</span> <span class='ocrx_word' id='word_1_310' title='bbox 456 3097 554 3151; x_wconf 79' lang='grc' dir='ltr'>καὶ</span> <span class='ocrx_word' id='word_1_311' title='bbox 595 3096 707 3149; x_wconf 86' lang='grc' dir='ltr'><strong>τών</strong></span> <span class='ocrx_word' id='word_1_312' title='bbox 738 3097 925 3167; x_wconf 86' lang='grc' dir='ltr'>Σύρων</span> <span class='ocrx_word' id='word_1_313' title='bbox 948 3096 1005 3150; x_wconf 79' lang='grc' dir='ltr'>δὲ</span> <span class='ocrx_word' id='word_1_314' title='bbox 1043 3096 1284 3165; x_wconf 82' lang='grc' dir='ltr'>μάλιστα</span> <span class='ocrx_word' id='word_1_315' title='bbox 1329 3097 1379 3149; x_wconf 79' lang='lat' dir='ltr'><strong>oi</strong></span> <span class='ocrx_word' id='word_1_316' title='bbox 1405 3096 1499 3148; x_wconf 87' lang='grc' dir='ltr'><strong>τοῦ</strong></span> <span class='ocrx_word' id='word_1_317' title='bbox 1535 3096 1664 3150; x_wconf 87' lang='grc' dir='ltr'>ναοῦ</span> <span class='ocrx_word' id='word_1_318' title='bbox 1693 3094 1869 3148; x_wconf 85' lang='grc' dir='ltr'>Ἀπα-</span> 
     </span>
    </p>
   </div>
   <div class='ocr_carea' id='block_1_44' title="bbox 286 3185 1870 3260">
    <p class='ocr_par' dir='ltr' id='par_1_44' title="bbox 286 3185 1870 3260">
     <span class='ocr_line' id='line_1_44' title="bbox 286 3185 1870 3260; baseline -0.001 -19"><span class='ocrx_word' id='word_1_319' title='bbox 286 3189 471 3260; x_wconf 87' lang='grc' dir='ltr'>μείας,</span> <span class='ocrx_word' id='word_1_320' title='bbox 502 3188 537 3260; x_wconf 83' lang='grc' dir='ltr'><strong>ή</strong></span> <span class='ocrx_word' id='word_1_321' title='bbox 568 3189 633 3259; x_wconf 84' lang='grc' dir='ltr'>δὴ</span> <span class='ocrx_word' id='word_1_322' title='bbox 682 3189 760 3259; x_wconf 86' lang='grc' dir='ltr'>τῷ</span> <span class='ocrx_word' id='word_1_323' title='bbox 790 3187 955 3257; x_wconf 81' lang='grc' dir='ltr'><strong>Ἀξίῳ</strong></span> <span class='ocrx_word' id='word_1_324' title='bbox 1014 3188 1252 3259; x_wconf 79' lang='grc' dir='ltr'>ποταμῷ</span> <span class='ocrx_word' id='word_1_325' title='bbox 1306 3185 1713 3259; x_wconf 78' lang='grc' dir='ltr'>προσπελάζει·</span> <span class='ocrx_word' id='word_1_326' title='bbox 1775 3186 1870 3250; x_wconf 84' lang='grc' dir='ltr'>οὒς</span> 
     </span>
    </p>
   </div>
   <div class='ocr_carea' id='block_1_45' title="bbox 286 3281 1867 3355">
    <p class='ocr_par' dir='ltr' id='par_1_45' title="bbox 286 3281 1867 3355">
     <span class='ocr_line' id='line_1_45' title="bbox 286 3281 1867 3355; baseline -0.001 -21"><span class='ocrx_word' id='word_1_327' title='bbox 286 3282 598 3355; x_wconf 70' lang='grc' dir='ltr'>ἱστοροῦσιν</span> <span class='ocrx_word' id='word_1_328' title='bbox 621 3284 715 3336; x_wconf 66' lang='grc' dir='ltr'><strong>ἐπὶ</strong></span> <span class='ocrx_word' id='word_1_329' title='bbox 754 3284 970 3353; x_wconf 74' lang='grc' dir='ltr'>φυλακῇ</span> <span class='ocrx_word' id='word_1_330' title='bbox 999 3282 1107 3335; x_wconf 81' lang='grc' dir='ltr'>τῶν</span> <span class='ocrx_word' id='word_1_331' title='bbox 1133 3284 1396 3336; x_wconf 76' lang='grc' dir='ltr'>τοιούτων</span> <span class='ocrx_word' id='word_1_332' title='bbox 1430 3281 1570 3336; x_wconf 83' lang='grc' dir='ltr'>νεῶν</span> <span class='ocrx_word' id='word_1_333' title='bbox 1601 3282 1694 3335; x_wconf 80' lang='grc' dir='ltr'>καὶ</span> <span class='ocrx_word' id='word_1_334' title='bbox 1727 3297 1867 3348; x_wconf 88' lang='grc' dir='ltr'>συμ-</span> 
     </span>
    </p>
   </div>
   <div class='ocr_carea' id='block_1_46' title="bbox 291 3369 1871 3444">
    <p class='ocr_par' dir='ltr' id='par_1_46' title="bbox 291 3369 1871 3444">
     <span class='ocr_line' id='line_1_46' title="bbox 291 3369 1871 3444; baseline -0.004 -17"><span class='ocrx_word' id='word_1_335' title='bbox 291 3375 503 3442; x_wconf 78' lang='grc' dir='ltr'>μάχους</span> <span class='ocrx_word' id='word_1_336' title='bbox 571 3372 1056 3444; x_wconf 81' lang='grc' dir='ltr'>μετακαλέσασθαι</span> <span class='ocrx_word' id='word_1_337' title='bbox 1113 3371 1437 3433; x_wconf 73' lang='grc' dir='ltr'>Γαλιλαίους</span> <span class='ocrx_word' id='word_1_338' title='bbox 1491 3370 1727 3441; x_wconf 80' lang='grc' dir='ltr'>ἄνδρας·</span> <span class='ocrx_word' id='word_1_339' title='bbox 1775 3369 1871 3422; x_wconf 81' lang='grc' dir='ltr'><strong>καί</strong></span> 
     </span>
    </p>
   </div>
   <div class='ocr_carea' id='block_1_47' title="bbox 2536 2139 3011 2199">
    <p class='ocr_par' dir='ltr' id='par_1_47' title="bbox 2536 2139 3011 2199">
     <span class='ocr_line' id='line_1_47' title="bbox 2536 2139 3011 2199; baseline -0.015 0"><span class='ocrx_word' id='word_1_340' title='bbox 2536 2142 2766 2199; x_wconf 63' lang='lat' dir='ltr'><strong>CAPUT</strong></span> <span class='ocrx_word' id='word_1_341' title='bbox 2804 2139 3011 2195; x_wconf 77' lang='lat' dir='ltr'><strong>XXVII.</strong></span> 
     </span>
    </p>
   </div>
   <div class='ocr_carea' id='block_1_48' title="bbox 1966 2226 3547 2306">
    <p class='ocr_par' dir='ltr' id='par_1_48' title="bbox 1966 2226 3547 2306">
     <span class='ocr_line' id='line_1_48' title="bbox 1966 2226 3547 2306; baseline -0.013 -12"><span class='ocrx_word' id='word_1_342' title='bbox 1966 2234 2040 2289; x_wconf 80' lang='lat' dir='ltr'><strong>De</strong></span> <span class='ocrx_word' id='word_1_343' title='bbox 2085 2240 2246 2293; x_wconf 78' lang='lat' dir='ltr'><strong>variis</strong></span> <span class='ocrx_word' id='word_1_344' title='bbox 2299 2239 2442 2306; x_wconf 78' lang='lat' dir='ltr'><strong>apud</strong></span> <span class='ocrx_word' id='word_1_345' title='bbox 2495 2238 2674 2292; x_wconf 78' lang='lat' dir='ltr'><strong>varias</strong></span> <span class='ocrx_word' id='word_1_346' title='bbox 2723 2243 2900 2303; x_wconf 82' lang='lat' dir='ltr'><strong>gentes</strong></span> <span class='ocrx_word' id='word_1_347' title='bbox 2935 2238 3161 2306; x_wconf 74' lang='lat' dir='ltr'><strong>propter</strong></span> <span class='ocrx_word' id='word_1_348' title='bbox 3208 2226 3547 2306; x_wconf 71' lang='lat' dir='ltr'><strong>abolitionem</strong></span> 
     </span>
    </p>
   </div>
   <div class='ocr_carea' id='block_1_49' title="bbox 2036 2297 3549 2369">
    <p class='ocr_par' dir='ltr' id='par_1_49' title="bbox 2036 2297 3549 2369">
     <span class='ocr_line' id='line_1_49' title="bbox 2036 2297 3549 2369; baseline -0.011 -6"><span class='ocrx_word' id='word_1_349' title='bbox 2036 2309 2314 2369; x_wconf 82' lang='lat' dir='ltr'><strong>altarium,</strong></span> <span class='ocrx_word' id='word_1_350' title='bbox 2335 2297 2635 2367; x_wconf 54' lang='lat' dir='ltr'><strong>&#39;idolorum,</strong></span> <span class='ocrx_word' id='word_1_351' title='bbox 2675 2297 3018 2359; x_wconf 67' lang='lat' dir='ltr'><strong>seditionibus</strong></span> <span class='ocrx_word' id='word_1_352' title='bbox 3044 2297 3105 2353; x_wconf 42' lang='lat' dir='ltr'><strong>&#39;et</strong></span> <span class='ocrx_word' id='word_1_353' title='bbox 3137 2297 3549 2369; x_wconf 64' lang='lat' dir='ltr'><strong>ltttntt!tii_)tt8._e¢</strong></span> 
     </span>
    </p>
   </div>
   <div class='ocr_carea' id='block_1_50' title="bbox 2034 2365 3550 2442">
    <p class='ocr_par' dir='ltr' id='par_1_50' title="bbox 2034 2365 3550 2442">
     <span class='ocr_line' id='line_1_50' title="bbox 2034 2365 3550 2442; baseline -0.013 -9"><span class='ocrx_word' id='word_1_354' title='bbox 2034 2379 2097 2433; x_wconf 85' lang='lat' dir='ltr'><strong>de</strong></span> <span class='ocrx_word' id='word_1_355' title='bbox 2128 2365 2382 2432; x_wconf 70' lang='lat' dir='ltr'><strong>Marcello</strong></span> <span class='ocrx_word' id='word_1_356' title='bbox 2412 2377 2450 2430; x_wconf 77' lang='grc' dir='ltr'><strong><em>Α</em></strong></span> <span class='ocrx_word' id='word_1_357' title='bbox 2465 2365 2678 2430; x_wconf 64' lang='grc' dir='ltr'>ηιαεειιο</span> <span class='ocrx_word' id='word_1_358' title='bbox 2715 2377 2974 2442; x_wconf 81' lang='lat' dir='ltr'><strong>episcopo,</strong></span> <span class='ocrx_word' id='word_1_359' title='bbox 3023 2377 3219 2440; x_wconf 86' lang='lat' dir='ltr'><strong>quanto</strong></span> <span class='ocrx_word' id='word_1_360' title='bbox 3253 2365 3424 2420; x_wconf 71' lang='lat' dir='ltr'><strong>studio</strong></span> <span class='ocrx_word' id='word_1_361' title='bbox 3459 2365 3550 2442; x_wconf 74' lang='lat' dir='ltr'><strong>de-</strong></span> 
     </span>
    </p>
   </div>
   <div class='ocr_carea' id='block_1_51' title="bbox 2039 2435 3550 2514">
    <p class='ocr_par' dir='ltr' id='par_1_51' title="bbox 2039 2435 3550 2514">
     <span class='ocr_line' id='line_1_51' title="bbox 2039 2435 3550 2514; baseline -0.012 -11"><span class='ocrx_word' id='word_1_362' title='bbox 2039 2449 2316 2503; x_wconf 82' lang='lat' dir='ltr'><strong>moliendis</strong></span> <span class='ocrx_word' id='word_1_363' title='bbox 2337 2448 2596 2501; x_wconf 82' lang='lat' dir='ltr'><strong>idolorum</strong></span> <span class='ocrx_word' id='word_1_364' title='bbox 2614 2435 2823 2514; x_wconf 71' lang='lat' dir='ltr'><strong>templis</strong></span> <span class='ocrx_word' id='word_1_365' title='bbox 2838 2435 2983 2505; x_wconf 65' lang='lat' dir='ltr'><strong>usus,</strong></span> <span class='ocrx_word' id='word_1_366' title='bbox 3009 2435 3268 2511; x_wconf 80' lang='lat' dir='ltr'><strong>postremo</strong></span> <span class='ocrx_word' id='word_1_367' title='bbox 3292 2435 3550 2505; x_wconf 81' lang='lat' dir='ltr'><strong>martyrio</strong></span> 
     </span>
    </p>
   </div>
   <div class='ocr_carea' id='block_1_52' title="bbox 2038 2520 2435 2589">
    <p class='ocr_par' dir='ltr' id='par_1_52' title="bbox 2038 2520 2435 2589">
     <span class='ocr_line' id='line_1_52' title="bbox 2038 2520 2435 2589; baseline -0.003 -16"><span class='ocrx_word' id='word_1_368' title='bbox 2038 2523 2106 2575; x_wconf 79' lang='lat' dir='ltr'><strong>sit</strong></span> <span class='ocrx_word' id='word_1_369' title='bbox 2135 2520 2435 2589; x_wconf 74' lang='lat' dir='ltr'><strong>defunﬂus.</strong></span> 
     </span>
    </p>
   </div>
   <div class='ocr_carea' id='block_1_53' title="bbox 2039 2612 3554 2701">
    <p class='ocr_par' dir='ltr' id='par_1_53' title="bbox 2039 2612 3554 2701">
     <span class='ocr_line' id='line_1_53' title="bbox 2039 2612 3554 2701; baseline -0.015 -15"><span class='ocrx_word' id='word_1_370' title='bbox 2039 2632 2244 2687; x_wconf 85' lang='lat' dir='ltr'><strong>Eodem</strong></span> <span class='ocrx_word' id='word_1_371' title='bbox 2279 2641 2528 2701; x_wconf 86' lang='lat' dir='ltr'><strong>tempore</strong></span> <span class='ocrx_word' id='word_1_372' title='bbox 2570 2628 2724 2683; x_wconf 86' lang='lat' dir='ltr'><strong>multi</strong></span> <span class='ocrx_word' id='word_1_373' title='bbox 2781 2626 2987 2681; x_wconf 39' lang='lat' dir='ltr'><strong>Graecae</strong></span> <span class='ocrx_word' id='word_1_374' title='bbox 3040 2615 3431 2690; x_wconf 70' lang='grc' dir='ltr'>ειιροι-›ιὶιξοιιὶ</span> <span class='ocrx_word' id='word_1_375' title='bbox 3459 2612 3554 2666; x_wconf 85' lang='lat' dir='ltr'><strong>ad-</strong></span> 
     </span>
    </p>
   </div>
   <div class='ocr_carea' id='block_1_54' title="bbox 1967 2709 3627 2786">
    <p class='ocr_par' dir='ltr' id='par_1_54' title="bbox 1967 2709 3627 2786">
     <span class='ocr_line' id='line_1_54' title="bbox 1967 2709 3627 2786; baseline -0.014 -5"><span class='ocrx_word' id='word_1_376' title='bbox 1967 2726 2099 2782; x_wconf 91' lang='lat' dir='ltr'><strong>dicti</strong></span> <span class='ocrx_word' id='word_1_377' title='bbox 2131 2726 2185 2780; x_wconf 89' lang='lat' dir='ltr'><strong>in</strong></span> <span class='ocrx_word' id='word_1_378' title='bbox 2218 2725 2466 2786; x_wconf 83' lang='lat' dir='ltr'><strong>urbibus,</strong></span> <span class='ocrx_word' id='word_1_379' title='bbox 2502 2723 2571 2778; x_wconf 90' lang='lat' dir='ltr'><strong>de</strong></span> <span class='ocrx_word' id='word_1_380' title='bbox 2627 2720 2740 2776; x_wconf 87' lang='lat' dir='ltr'><strong>aris</strong></span> <span class='ocrx_word' id='word_1_381' title='bbox 2775 2720 3004 2775; x_wconf 89' lang='lat' dir='ltr'><strong>deorum</strong></span> <span class='ocrx_word' id='word_1_382' title='bbox 3035 2711 3465 2768; x_wconf 79' lang='lat' dir='ltr'><strong>contenderunt,</strong></span> <span class='ocrx_word' id='word_1_383' title='bbox 3495 2713 3555 2760; x_wconf 87' lang='lat' dir='ltr'><strong>et</strong></span> <span class='ocrx_word' id='word_1_384' title='bbox 3610 2709 3627 2713; x_wconf 76' lang='grc'><em>’</em></span> 
     </span>
    </p>
   </div>
   <div class='ocr_carea' id='block_1_55' title="bbox 1968 2796 3553 2886">
    <p class='ocr_par' dir='ltr' id='par_1_55' title="bbox 1968 2796 3553 2886">
     <span class='ocr_line' id='line_1_55' title="bbox 1968 2796 3553 2886; baseline -0.015 -14"><span class='ocrx_word' id='word_1_385' title='bbox 1968 2818 2036 2873; x_wconf 88' lang='lat' dir='ltr'><strong>ad</strong></span> <span class='ocrx_word' id='word_1_386' title='bbox 2070 2828 2304 2872; x_wconf 87' lang='lat' dir='ltr'><strong>mortem</strong></span> <span class='ocrx_word' id='word_1_387' title='bbox 2363 2831 2537 2886; x_wconf 81' lang='lat' dir='ltr'><strong>usque</strong></span> <span class='ocrx_word' id='word_1_388' title='bbox 2581 2814 2964 2869; x_wconf 85' lang='lat' dir='ltr'><strong>decertarunt.</strong></span> <span class='ocrx_word' id='word_1_389' title='bbox 3027 2805 3201 2862; x_wconf 89' lang='lat' dir='ltr'><strong>Sicuti</strong></span> <span class='ocrx_word' id='word_1_390' title='bbox 3263 2802 3317 2855; x_wconf 82' lang='lat' dir='ltr'><strong>in</strong></span> <span class='ocrx_word' id='word_1_391' title='bbox 3353 2796 3553 2853; x_wconf 85' lang='lat' dir='ltr'><strong>Arabia</strong></span> 
     </span>
    </p>
   </div>
   <div class='ocr_carea' id='block_1_56' title="bbox 1970 2894 3555 2977">
    <p class='ocr_par' dir='ltr' id='par_1_56' title="bbox 1970 2894 3555 2977">
     <span class='ocr_line' id='line_1_56' title="bbox 1970 2894 3555 2977; baseline -0.013 -14"><span class='ocrx_word' id='word_1_392' title='bbox 1970 2908 2165 2964; x_wconf 69' lang='lat' dir='ltr'><strong>Petraei</strong></span> <span class='ocrx_word' id='word_1_393' title='bbox 2195 2918 2253 2963; x_wconf 90' lang='lat' dir='ltr'><strong>et</strong></span> <span class='ocrx_word' id='word_1_394' title='bbox 2280 2907 2637 2977; x_wconf 82' lang='lat' dir='ltr'><strong>Areopolitae,</strong></span> <span class='ocrx_word' id='word_1_395' title='bbox 2669 2902 2813 2975; x_wconf 90' lang='lat' dir='ltr'><strong>apud</strong></span> <span class='ocrx_word' id='word_1_396' title='bbox 2838 2900 3160 2977; x_wconf 68' lang='lat' dir='ltr'><strong>Palaestinos</strong></span> <span class='ocrx_word' id='word_1_397' title='bbox 3190 2894 3476 2963; x_wconf 79' lang='lat' dir='ltr'><strong>Raphiotae</strong></span> <span class='ocrx_word' id='word_1_398' title='bbox 3497 2896 3555 2941; x_wconf 86' lang='lat' dir='ltr'><strong>et</strong></span> 
     </span>
    </p>
   </div>
   <div class='ocr_carea' id='block_1_57' title="bbox 1970 2976 3554 3070">
    <p class='ocr_par' dir='ltr' id='par_1_57' title="bbox 1970 2976 3554 3070">
     <span class='ocr_line' id='line_1_57' title="bbox 1970 2976 3554 3070; baseline -0.016 -14"><span class='ocrx_word' id='word_1_399' title='bbox 1970 3002 2173 3067; x_wconf 63' lang='lat' dir='ltr'><strong>Gazaei,</strong></span> <span class='ocrx_word' id='word_1_400' title='bbox 2227 3002 2370 3070; x_wconf 89' lang='lat' dir='ltr'><strong>apud</strong></span> <span class='ocrx_word' id='word_1_401' title='bbox 2429 2999 2723 3055; x_wconf 69' lang='lat' dir='ltr'><strong>Phoenices</strong></span> <span class='ocrx_word' id='word_1_402' title='bbox 2784 2976 3246 3061; x_wconf 65' lang='lat' dir='ltr'><strong>lleliopolitmzet</strong></span> <span class='ocrx_word' id='word_1_403' title='bbox 3292 2985 3345 3038; x_wconf 91' lang='lat' dir='ltr'><strong>in</strong></span> <span class='ocrx_word' id='word_1_404' title='bbox 3398 2979 3554 3050; x_wconf 85' lang='lat' dir='ltr'><strong>Syria</strong></span> 
     </span>
    </p>
   </div>
   <div class='ocr_carea' id='block_1_58' title="bbox 1973 3072 3554 3162">
    <p class='ocr_par' dir='ltr' id='par_1_58' title="bbox 1973 3072 3554 3162">
     <span class='ocr_line' id='line_1_58' title="bbox 1973 3072 3554 3162; baseline -0.016 -14"><span class='ocrx_word' id='word_1_405' title='bbox 1973 3095 2207 3149; x_wconf 83' lang='lat' dir='ltr'><strong>maxime</strong></span> <span class='ocrx_word' id='word_1_406' title='bbox 2267 3094 2530 3162; x_wconf 86' lang='lat' dir='ltr'><strong>templum</strong></span> <span class='ocrx_word' id='word_1_407' title='bbox 2586 3092 3004 3162; x_wconf 80' lang='lat' dir='ltr'><strong>propugnarunt</strong></span> <span class='ocrx_word' id='word_1_408' title='bbox 3058 3077 3351 3151; x_wconf 87' lang='lat' dir='ltr'><strong>Apameni,</strong></span> <span class='ocrx_word' id='word_1_409' title='bbox 3413 3072 3554 3126; x_wconf 83' lang='lat' dir='ltr'><strong>Axio</strong></span> 
     </span>
    </p>
   </div>
   <div class='ocr_carea' id='block_1_59' title="bbox 1971 3163 3552 3257">
    <p class='ocr_par' dir='ltr' id='par_1_59' title="bbox 1971 3163 3552 3257">
     <span class='ocr_line' id='line_1_59' title="bbox 1971 3163 3552 3257; baseline -0.015 -17"><span class='ocrx_word' id='word_1_410' title='bbox 1971 3190 2115 3243; x_wconf 80' lang='lat' dir='ltr'><strong>amni</strong></span> <span class='ocrx_word' id='word_1_411' title='bbox 2153 3184 2450 3257; x_wconf 83' lang='lat' dir='ltr'><strong>propinqui</strong></span> <span class='ocrx_word' id='word_1_412' title='bbox 2478 3199 2494 3236; x_wconf 89' lang='lat'><strong>:</strong></span> <span class='ocrx_word' id='word_1_413' title='bbox 2554 3196 2693 3251; x_wconf 87' lang='lat' dir='ltr'><strong>quos</strong></span> <span class='ocrx_word' id='word_1_414' title='bbox 2721 3176 3003 3233; x_wconf 67' lang='lat' dir='ltr'><strong>memoriae</strong></span> <span class='ocrx_word' id='word_1_415' title='bbox 3038 3171 3315 3244; x_wconf 88' lang='lat' dir='ltr'><strong>proditum</strong></span> <span class='ocrx_word' id='word_1_416' title='bbox 3348 3175 3453 3229; x_wconf 80' lang='lat' dir='ltr'><strong>est,</strong></span> <span class='ocrx_word' id='word_1_417' title='bbox 3485 3163 3552 3217; x_wconf 88' lang='lat' dir='ltr'><strong>ad</strong></span> 
     </span>
    </p>
   </div>
   <div class='ocr_carea' id='block_1_60' title="bbox 1972 3258 3552 3350">
    <p class='ocr_par' dir='ltr' id='par_1_60' title="bbox 1972 3258 3552 3350">
     <span class='ocr_line' id='line_1_60' title="bbox 1972 3258 3552 3350; baseline -0.016 -15"><span class='ocrx_word' id='word_1_418' title='bbox 1972 3281 2304 3350; x_wconf 89' lang='lat' dir='ltr'><strong>templorum</strong></span> <span class='ocrx_word' id='word_1_419' title='bbox 2379 3273 2651 3347; x_wconf 86' lang='lat' dir='ltr'><strong>ejusmodi</strong></span> <span class='ocrx_word' id='word_1_420' title='bbox 2730 3269 3039 3327; x_wconf 85' lang='lat' dir='ltr'><strong>custodiam</strong></span> <span class='ocrx_word' id='word_1_421' title='bbox 3095 3275 3152 3319; x_wconf 91' lang='lat' dir='ltr'><strong>et</strong></span> <span class='ocrx_word' id='word_1_422' title='bbox 3214 3258 3552 3333; x_wconf 78' lang='lat' dir='ltr'><strong>praesidium,</strong></span> 
     </span>
    </p>
   </div>
   <div class='ocr_carea' id='block_1_61' title="bbox 1972 3350 3581 3431">
    <p class='ocr_par' dir='ltr' id='par_1_61' title="bbox 1972 3350 3581 3431">
     <span class='ocr_line' id='line_1_61' title="bbox 1972 3350 3581 3431; baseline -0.016 -1"><span class='ocrx_word' id='word_1_423' title='bbox 1972 3375 2154 3430; x_wconf 88' lang='lat' dir='ltr'><strong>socios</strong></span> <span class='ocrx_word' id='word_1_424' title='bbox 2178 3382 2235 3428; x_wconf 91' lang='lat' dir='ltr'><strong>et</strong></span> <span class='ocrx_word' id='word_1_425' title='bbox 2263 3370 2558 3426; x_wconf 84' lang='lat' dir='ltr'><strong>auxiliares</strong></span> <span class='ocrx_word' id='word_1_426' title='bbox 2587 3367 2862 3429; x_wconf 71' lang='lat' dir='ltr'><strong>Galilaeos,</strong></span> <span class='ocrx_word' id='word_1_427' title='bbox 2910 3374 2967 3417; x_wconf 92' lang='lat' dir='ltr'><strong>et</strong></span> <span class='ocrx_word' id='word_1_428' title='bbox 2992 3358 3258 3431; x_wconf 87' lang='lat' dir='ltr'><strong>quosdam</strong></span> <span class='ocrx_word' id='word_1_429' title='bbox 3306 3370 3373 3409; x_wconf 82' lang='lat' dir='ltr'><strong>ex</strong></span> <span class='ocrx_word' id='word_1_430' title='bbox 3418 3350 3581 3406; x_wconf 82' lang='lat' dir='ltr'><strong>vicis-</strong></span> 
     </span>
    </p>
   </div>
   <div class='ocr_carea' id='block_1_62' title="bbox 236 3449 1869 3544">
    <p class='ocr_par' dir='ltr' id='par_1_62' title="bbox 236 3462 1864 3535">
     <span class='ocr_line' id='line_1_62' title="bbox 236 3462 1864 3535; baseline -0.005 -12"><span class='ocrx_word' id='word_1_431' title='bbox 236 3520 239 3523; x_wconf 65' lang='lat'><strong>,</strong></span> <span class='ocrx_word' id='word_1_432' title='bbox 283 3482 443 3528; x_wconf 84' lang='grc' dir='ltr'>τινας</span> <span class='ocrx_word' id='word_1_433' title='bbox 480 3467 588 3520; x_wconf 69' lang='grc' dir='ltr'><strong>ἀπὸ</strong></span> <span class='ocrx_word' id='word_1_434' title='bbox 621 3465 732 3519; x_wconf 83' lang='grc' dir='ltr'>τῶν</span> <span class='ocrx_word' id='word_1_435' title='bbox 765 3465 969 3534; x_wconf 72' lang='grc' dir='ltr'>κωμῶν</span> <span class='ocrx_word' id='word_1_436' title='bbox 1003 3463 1058 3518; x_wconf 73' lang='grc' dir='ltr'><strong>αἶ</strong></span> <span class='ocrx_word' id='word_1_437' title='bbox 1101 3463 1448 3535; x_wconf 82' lang='grc' dir='ltr'>περιοικοῦσι</span> <span class='ocrx_word' id='word_1_438' title='bbox 1474 3462 1565 3517; x_wconf 83' lang='grc' dir='ltr'>τὸν</span> <span class='ocrx_word' id='word_1_439' title='bbox 1595 3462 1830 3535; x_wconf 76' lang='grc' dir='ltr'>Λίϐανον</span> <span class='ocrx_word' id='word_1_440' title='bbox 1851 3480 1864 3496; x_wconf 90' lang='grc'><strong>·</strong></span> 
     </span>
    </p>
   </div>
   <div class='ocr_carea' id='block_1_63' title="bbox 1973 3449 3559 3544">
    <p class='ocr_par' dir='ltr' id='par_1_63' title="bbox 1973 3449 3559 3536">
     <span class='ocr_line' id='line_1_63' title="bbox 1973 3449 3559 3536; baseline -0.02 -13"><span class='ocrx_word' id='word_1_441' title='bbox 1973 3482 2163 3523; x_wconf 91' lang='lat' dir='ltr'><strong>eorum</strong></span> <span class='ocrx_word' id='word_1_442' title='bbox 2191 3466 2285 3536; x_wconf 90' lang='lat' dir='ltr'><strong>qui</strong></span> <span class='ocrx_word' id='word_1_443' title='bbox 2317 3465 2523 3518; x_wconf 88' lang='lat' dir='ltr'><strong>circum</strong></span> <span class='ocrx_word' id='word_1_444' title='bbox 2558 3461 2824 3526; x_wconf 87' lang='lat' dir='ltr'><strong>Libanum</strong></span> <span class='ocrx_word' id='word_1_445' title='bbox 2851 3464 3091 3509; x_wconf 86' lang='lat' dir='ltr'><strong>montem</strong></span> <span class='ocrx_word' id='word_1_446' title='bbox 3120 3449 3394 3511; x_wconf 83' lang='lat' dir='ltr'><strong>habitant,</strong></span> <span class='ocrx_word' id='word_1_447' title='bbox 3427 3460 3559 3499; x_wconf 38' lang='lat' dir='ltr'><strong>evo‘</strong></span> 
     </span>
    </p>
   </div>
   <div class='ocr_carea' id='block_1_64' title="bbox 280 3554 1870 3633">
    <p class='ocr_par' dir='ltr' id='par_1_64' title="bbox 280 3554 1870 3633">
     <span class='ocr_line' id='line_1_64' title="bbox 280 3554 1870 3633; baseline -0.004 -20"><span class='ocrx_word' id='word_1_448' title='bbox 280 3558 349 3613; x_wconf 86' lang='grc' dir='ltr'>τὸ</span> <span class='ocrx_word' id='word_1_449' title='bbox 374 3558 417 3610; x_wconf 86' lang='grc' dir='ltr'>δ’</span> <span class='ocrx_word' id='word_1_450' title='bbox 450 3558 681 3614; x_wconf 78' lang='grc' dir='ltr'>ὕστατον</span> <span class='ocrx_word' id='word_1_451' title='bbox 708 3559 800 3611; x_wconf 70' lang='grc' dir='ltr'><strong>ἐπὶ</strong></span> <span class='ocrx_word' id='word_1_452' title='bbox 847 3559 1008 3611; x_wconf 87' lang='grc' dir='ltr'>τόσον</span> <span class='ocrx_word' id='word_1_453' title='bbox 1038 3557 1327 3628; x_wconf 82' lang='grc' dir='ltr'>προελθεῖν</span> <span class='ocrx_word' id='word_1_454' title='bbox 1373 3555 1634 3633; x_wconf 86' lang='grc' dir='ltr'>θράσους,</span> <span class='ocrx_word' id='word_1_455' title='bbox 1668 3554 1740 3616; x_wconf 90' lang='grc' dir='ltr'><strong>ώς</strong></span> <span class='ocrx_word' id='word_1_456' title='bbox 1773 3555 1870 3606; x_wconf 75' lang='grc' dir='ltr'>καὶ</span> 
     </span>
    </p>
   </div>
   <div class='ocr_carea' id='block_1_65' title="bbox 279 3646 1874 3722">
    <p class='ocr_par' dir='ltr' id='par_1_65' title="bbox 279 3646 1874 3722">
     <span class='ocr_line' id='line_1_65' title="bbox 279 3646 1874 3722; baseline -0.004 -16"><span class='ocrx_word' id='word_1_457' title='bbox 279 3653 380 3706; x_wconf 79' lang='grc' dir='ltr'>τὸν</span> <span class='ocrx_word' id='word_1_458' title='bbox 407 3652 755 3722; x_wconf 82' lang='grc' dir='ltr'>περιώνυμον</span> <span class='ocrx_word' id='word_1_459' title='bbox 789 3649 1107 3722; x_wconf 76' lang='grc' dir='ltr'>Μάρκελλον</span> <span class='ocrx_word' id='word_1_460' title='bbox 1134 3650 1260 3720; x_wconf 78' lang='grc' dir='ltr'>τῇδε</span> <span class='ocrx_word' id='word_1_461' title='bbox 1284 3649 1736 3718; x_wconf 86' lang='grc' dir='ltr'>ὲπισκοπήσαντα</span> <span class='ocrx_word' id='word_1_462' title='bbox 1757 3646 1874 3699; x_wconf 88' lang='grc' dir='ltr'>δια-</span> 
     </span>
    </p>
   </div>
   <div class='ocr_carea' id='block_1_66' title="bbox 285 3741 1869 3817">
    <p class='ocr_par' dir='ltr' id='par_1_66' title="bbox 285 3741 1869 3817">
     <span class='ocr_line' id='line_1_66' title="bbox 285 3741 1869 3817; baseline -0.005 -17"><span class='ocrx_word' id='word_1_463' title='bbox 285 3746 625 3817; x_wconf 74' lang='grc' dir='ltr'>χρήσασθαι,</span> <span class='ocrx_word' id='word_1_464' title='bbox 656 3748 757 3817; x_wconf 83' lang='grc' dir='ltr'><strong>τῆς</strong></span> <span class='ocrx_word' id='word_1_465' title='bbox 797 3746 1290 3816; x_wconf 70' lang='grc' dir='ltr'>ἐγκεχειρισμένης</span> <span class='ocrx_word' id='word_1_466' title='bbox 1323 3745 1536 3807; x_wconf 86' lang='grc' dir='ltr'>πόλεως</span> <span class='ocrx_word' id='word_1_467' title='bbox 1568 3744 1637 3796; x_wconf 80' lang='grc' dir='ltr'>τὰ</span> <span class='ocrx_word' id='word_1_468' title='bbox 1667 3741 1869 3812; x_wconf 81' lang='grc' dir='ltr'>τεμένη</span> 
     </span>
    </p>
   </div>
   <div class='ocr_carea' id='block_1_67' title="bbox 283 3833 1870 3909">
    <p class='ocr_par' dir='ltr' id='par_1_67' title="bbox 283 3833 1870 3909">
     <span class='ocr_line' id='line_1_67' title="bbox 283 3833 1870 3909; baseline -0.002 -19"><span class='ocrx_word' id='word_1_469' title='bbox 283 3838 716 3907; x_wconf 77' lang='grc' dir='ltr'>ἑξαφανίσαντα,</span> <span class='ocrx_word' id='word_1_470' title='bbox 756 3841 820 3909; x_wconf 83' lang='grc' dir='ltr'>τῇ</span> <span class='ocrx_word' id='word_1_471' title='bbox 855 3838 991 3906; x_wconf 81' lang='grc' dir='ltr'>πρὸς</span> <span class='ocrx_word' id='word_1_472' title='bbox 1018 3835 1152 3890; x_wconf 83' lang='grc' dir='ltr'>Θεὸν</span> <span class='ocrx_word' id='word_1_473' title='bbox 1182 3835 1463 3908; x_wconf 71' lang='grc' dir='ltr'>παρρησίᾳ</span> <span class='ocrx_word' id='word_1_474' title='bbox 1502 3833 1705 3906; x_wconf 78' lang='grc' dir='ltr'>μᾶλλον</span> <span class='ocrx_word' id='word_1_475' title='bbox 1736 3834 1770 3905; x_wconf 85' lang='grc' dir='ltr'>ἢ</span> <span class='ocrx_word' id='word_1_476' title='bbox 1803 3837 1870 3906; x_wconf 82' lang='grc' dir='ltr'>τῇ</span> 
     </span>
    </p>
   </div>
   <div class='ocr_carea' id='block_1_68' title="bbox 283 3927 1875 4003">
    <p class='ocr_par' dir='ltr' id='par_1_68' title="bbox 283 3927 1875 4003">
     <span class='ocr_line' id='line_1_68' title="bbox 283 3927 1875 4003; baseline -0.004 -17"><span class='ocrx_word' id='word_1_477' title='bbox 283 3931 614 4003; x_wconf 83' lang='grc' dir='ltr'>πολυχειρίᾳ</span> <span class='ocrx_word' id='word_1_478' title='bbox 640 3931 1008 4002; x_wconf 71' lang='grc' dir='ltr'>χρησάμενον.</span> <span class='ocrx_word' id='word_1_479' title='bbox 1049 3930 1203 3983; x_wconf 70' lang='grc' dir='ltr'>Ἐπεὶ</span> <span class='ocrx_word' id='word_1_480' title='bbox 1231 3929 1337 3999; x_wconf 85' lang='grc' dir='ltr'><strong>γὰρ</strong></span> <span class='ocrx_word' id='word_1_481' title='bbox 1378 3928 1660 3999; x_wconf 81' lang='grc' dir='ltr'>Ἰωάννης,</span> <span class='ocrx_word' id='word_1_482' title='bbox 1694 3927 1755 3981; x_wconf 83' lang='grc' dir='ltr'><strong>οῦ</strong></span> <span class='ocrx_word' id='word_1_483' title='bbox 1779 3929 1875 3980; x_wconf 76' lang='grc' dir='ltr'>καὶ</span> 
     </span>
    </p>
   </div>
   <div class='ocr_carea' id='block_1_69' title="bbox 288 4006 1875 4095">
    <p class='ocr_par' dir='ltr' id='par_1_69' title="bbox 288 4006 1875 4095">
     <span class='ocr_line' id='line_1_69' title="bbox 288 4006 1875 4095; baseline -0.002 -17"><span class='ocrx_word' id='word_1_484' title='bbox 288 4026 533 4095; x_wconf 82' lang='grc' dir='ltr'>πρόσθεν</span> <span class='ocrx_word' id='word_1_485' title='bbox 555 4023 858 4095; x_wconf 76' lang='grc' dir='ltr'>ἐμνήσθην,</span> <span class='ocrx_word' id='word_1_486' title='bbox 915 4023 1170 4076; x_wconf 73' lang='grc' dir='ltr'>ἐτελεύτα</span> <span class='ocrx_word' id='word_1_487' title='bbox 1199 4022 1290 4076; x_wconf 87' lang='grc' dir='ltr'><strong>τδν</strong></span> <span class='ocrx_word' id='word_1_488' title='bbox 1316 4006 1511 4093; x_wconf 46' lang='grc' dir='ltr'>βίονξό</span> <span class='ocrx_word' id='word_1_489' title='bbox 1542 4023 1723 4077; x_wconf 84' lang='grc' dir='ltr'>πάντα</span> <span class='ocrx_word' id='word_1_490' title='bbox 1753 4024 1875 4094; x_wconf 78' lang='grc' dir='ltr'>ἄρι-</span> 
     </span>
    </p>
   </div>
   <div class='ocr_carea' id='block_1_70' title="bbox 287 4114 1874 4187">
    <p class='ocr_par' dir='ltr' id='par_1_70' title="bbox 287 4114 1874 4187">
     <span class='ocr_line' id='line_1_70' title="bbox 287 4114 1874 4187; baseline -0.003 -16"><span class='ocrx_word' id='word_1_491' title='bbox 287 4133 415 4180; x_wconf 88' lang='grc' dir='ltr'>στος</span> <span class='ocrx_word' id='word_1_492' title='bbox 441 4117 627 4172; x_wconf 74' lang='grc' dir='ltr'>οὑτοσὶ</span> <span class='ocrx_word' id='word_1_493' title='bbox 656 4116 983 4187; x_wconf 85' lang='grc' dir='ltr'>Μάρκελλος</span> <span class='ocrx_word' id='word_1_494' title='bbox 1016 4116 1134 4170; x_wconf 80' lang='grc' dir='ltr'>ἀντ’</span> <span class='ocrx_word' id='word_1_495' title='bbox 1166 4116 1378 4169; x_wconf 70' lang='grc' dir='ltr'>ἐκείνου</span> <span class='ocrx_word' id='word_1_496' title='bbox 1431 4114 1534 4185; x_wconf 86' lang='grc' dir='ltr'>τῆς</span> <span class='ocrx_word' id='word_1_497' title='bbox 1578 4114 1874 4185; x_wconf 79' lang='grc' dir='ltr'>Ἀπαμέων</span> 
     </span>
    </p>
   </div>
   <div class='ocr_carea' id='block_1_71' title="bbox 286 4204 1873 4279">
    <p class='ocr_par' dir='ltr' id='par_1_71' title="bbox 286 4204 1873 4279">
     <span class='ocr_line' id='line_1_71' title="bbox 286 4204 1873 4279; baseline -0.001 -19"><span class='ocrx_word' id='word_1_498' title='bbox 286 4207 475 4279; x_wconf 80' lang='grc' dir='ltr'>χώρας</span> <span class='ocrx_word' id='word_1_499' title='bbox 512 4208 614 4275; x_wconf 78' lang='grc' dir='ltr'>τὴν</span> <span class='ocrx_word' id='word_1_500' title='bbox 663 4207 962 4277; x_wconf 78' lang='grc' dir='ltr'>προεδρίαν</span> <span class='ocrx_word' id='word_1_501' title='bbox 1015 4206 1256 4276; x_wconf 80' lang='grc' dir='ltr'>εἰλήφει,</span> <span class='ocrx_word' id='word_1_502' title='bbox 1287 4205 1430 4267; x_wconf 76' lang='grc' dir='ltr'>ζέων</span> <span class='ocrx_word' id='word_1_503' title='bbox 1480 4204 1559 4276; x_wconf 84' lang='grc' dir='ltr'>τῷ</span> <span class='ocrx_word' id='word_1_504' title='bbox 1598 4206 1873 4275; x_wconf 85' lang='grc' dir='ltr'>πνεύματι</span> 
     </span>
    </p>
   </div>
   <div class='ocr_carea' id='block_1_72' title="bbox 289 4296 1875 4369">
    <p class='ocr_par' dir='ltr' id='par_1_72' title="bbox 289 4296 1875 4369">
     <span class='ocr_line' id='line_1_72' title="bbox 289 4296 1875 4369; baseline -0.002 -16"><span class='ocrx_word' id='word_1_505' title='bbox 289 4301 438 4354; x_wconf 82' lang='grc' dir='ltr'>κατὰ</span> <span class='ocrx_word' id='word_1_506' title='bbox 472 4301 565 4354; x_wconf 79' lang='grc' dir='ltr'><strong>τὸν</strong></span> <span class='ocrx_word' id='word_1_507' title='bbox 588 4301 733 4354; x_wconf 82' lang='grc' dir='ltr'>θεῖον</span> <span class='ocrx_word' id='word_1_508' title='bbox 776 4298 1124 4353; x_wconf 84' lang='grc' dir='ltr'>Ἀπόστολον.</span> <span class='ocrx_word' id='word_1_509' title='bbox 1166 4299 1320 4351; x_wconf 74' lang='grc' dir='ltr'>Ἐπεὶ</span> <span class='ocrx_word' id='word_1_510' title='bbox 1359 4300 1415 4351; x_wconf 81' lang='grc' dir='ltr'>δὲ</span> <span class='ocrx_word' id='word_1_511' title='bbox 1446 4299 1542 4352; x_wconf 78' lang='grc' dir='ltr'>καὶ</span> <span class='ocrx_word' id='word_1_512' title='bbox 1570 4299 1598 4351; x_wconf 87' lang='grc' dir='ltr'><strong>ό</strong></span> <span class='ocrx_word' id='word_1_513' title='bbox 1626 4296 1875 4369; x_wconf 77' lang='grc' dir='ltr'>ὕπαρχος</span> 
     </span>
    </p>
   </div>
   <div class='ocr_carea' id='block_1_73' title="bbox 292 4391 1873 4464">
    <p class='ocr_par' dir='ltr' id='par_1_73' title="bbox 292 4391 1873 4464">
     <span class='ocr_line' id='line_1_73' title="bbox 292 4391 1873 4464; baseline -0.002 -17"><span class='ocrx_word' id='word_1_514' title='bbox 292 4395 396 4448; x_wconf 76' lang='grc' dir='ltr'>σὺν</span> <span class='ocrx_word' id='word_1_515' title='bbox 427 4394 546 4447; x_wconf 68' lang='grc' dir='ltr'>δυσὶ</span> <span class='ocrx_word' id='word_1_516' title='bbox 588 4394 898 4464; x_wconf 82' lang='grc' dir='ltr'>χιλιάρχοις</span> <span class='ocrx_word' id='word_1_517' title='bbox 929 4394 1009 4455; x_wconf 81' lang='grc' dir='ltr'><strong>είς</strong></span> <span class='ocrx_word' id='word_1_518' title='bbox 1042 4392 1142 4461; x_wconf 80' lang='grc' dir='ltr'>τὴν</span> <span class='ocrx_word' id='word_1_519' title='bbox 1175 4391 1389 4445; x_wconf 77' lang='grc' dir='ltr'>ἐκείνου</span> <span class='ocrx_word' id='word_1_520' title='bbox 1438 4391 1593 4445; x_wconf 86' lang='grc' dir='ltr'>πόλιν</span> <span class='ocrx_word' id='word_1_521' title='bbox 1616 4391 1873 4460; x_wconf 83' lang='grc' dir='ltr'>ἀφίκετο,</span> 
     </span>
    </p>
   </div>
   <div class='ocr_carea' id='block_1_74' title="bbox 290 4482 1877 4558">
    <p class='ocr_par' dir='ltr' id='par_1_74' title="bbox 290 4482 1877 4558">
     <span class='ocr_line' id='line_1_74' title="bbox 290 4482 1877 4558; baseline -0.005 -16"><span class='ocrx_word' id='word_1_522' title='bbox 290 4487 552 4557; x_wconf 75' lang='grc' dir='ltr'>πρόθεσις</span> <span class='ocrx_word' id='word_1_523' title='bbox 588 4486 633 4537; x_wconf 86' lang='grc' dir='ltr'>δ’</span> <span class='ocrx_word' id='word_1_524' title='bbox 661 4482 730 4557; x_wconf 81' lang='grc' dir='ltr'>ἦν</span> <span class='ocrx_word' id='word_1_525' title='bbox 753 4485 822 4537; x_wconf 88' lang='grc' dir='ltr'>τὰ</span> <span class='ocrx_word' id='word_1_526' title='bbox 856 4485 965 4537; x_wconf 85' lang='grc' dir='ltr'><strong>τῶν</strong></span> <span class='ocrx_word' id='word_1_527' title='bbox 989 4483 1224 4536; x_wconf 80' lang='grc' dir='ltr'>εἰδώλων</span> <span class='ocrx_word' id='word_1_528' title='bbox 1258 4482 1497 4536; x_wconf 82' lang='grc' dir='ltr'>διαλύειν</span> <span class='ocrx_word' id='word_1_529' title='bbox 1549 4483 1773 4558; x_wconf 80' lang='grc' dir='ltr'>τεμένη,</span> <span class='ocrx_word' id='word_1_530' title='bbox 1817 4482 1877 4536; x_wconf 68' lang='grc' dir='ltr'>τὸ</span> 
     </span>
    </p>
   </div>
   <div class='ocr_carea' id='block_1_75' title="bbox 296 4574 1875 4651">
    <p class='ocr_par' dir='ltr' id='par_1_75' title="bbox 296 4574 1875 4651">
     <span class='ocr_line' id='line_1_75' title="bbox 296 4574 1875 4651; baseline -0.004 -18"><span class='ocrx_word' id='word_1_531' title='bbox 296 4580 401 4651; x_wconf 84' lang='grc' dir='ltr'>μὲν</span> <span class='ocrx_word' id='word_1_532' title='bbox 432 4579 635 4649; x_wconf 81' lang='grc' dir='ltr'>πλῆθος</span> <span class='ocrx_word' id='word_1_533' title='bbox 664 4577 775 4631; x_wconf 84' lang='grc' dir='ltr'><strong>τῶν</strong></span> <span class='ocrx_word' id='word_1_534' title='bbox 826 4575 1179 4648; x_wconf 84' lang='grc' dir='ltr'>στρατιωτῶν</span> <span class='ocrx_word' id='word_1_535' title='bbox 1226 4574 1543 4644; x_wconf 79' lang='grc' dir='ltr'>ὲφησύχαζε</span> <span class='ocrx_word' id='word_1_536' title='bbox 1573 4574 1717 4628; x_wconf 76' lang='grc' dir='ltr'>δέειο</span> <span class='ocrx_word' id='word_1_537' title='bbox 1766 4576 1795 4628; x_wconf 89' lang='grc' dir='ltr'><strong>ό</strong></span> <span class='ocrx_word' id='word_1_538' title='bbox 1818 4574 1875 4628; x_wconf 83' lang='grc' dir='ltr'>δὲ</span> 
     </span>
    </p>
   </div>
   <div class='ocr_carea' id='block_1_76' title="bbox 288 4667 1872 4743">
    <p class='ocr_par' dir='ltr' id='par_1_76' title="bbox 288 4667 1872 4743">
     <span class='ocr_line' id='line_1_76' title="bbox 288 4667 1872 4743; baseline -0.004 -17"><span class='ocrx_word' id='word_1_539' title='bbox 288 4673 372 4743; x_wconf 84' lang='grc' dir='ltr'>τῷ</span> <span class='ocrx_word' id='word_1_540' title='bbox 398 4672 617 4740; x_wconf 80' lang='grc' dir='ltr'>τεμένει</span> <span class='ocrx_word' id='word_1_541' title='bbox 651 4668 953 4741; x_wconf 75' lang='grc' dir='ltr'>προσέϐαλε</span> <span class='ocrx_word' id='word_1_542' title='bbox 985 4667 1080 4722; x_wconf 86' lang='grc' dir='ltr'><strong>τοῦ</strong></span> <span class='ocrx_word' id='word_1_543' title='bbox 1109 4669 1230 4732; x_wconf 76' lang='grc' dir='ltr'>Διὸς</span> <span class='ocrx_word' id='word_1_544' title='bbox 1246 4667 1482 4722; x_wconf 85' lang='grc' dir='ltr'>διαλύειν</span> <span class='ocrx_word' id='word_1_545' title='bbox 1509 4669 1872 4739; x_wconf 83' lang='grc' dir='ltr'>πειρώμενο;’</span> 
     </span>
    </p>
   </div>
   <div class='ocr_carea' id='block_1_77' title="bbox 287 4755 1879 4835">
    <p class='ocr_par' dir='ltr' id='par_1_77' title="bbox 287 4755 1879 4835">
     <span class='ocr_line' id='line_1_77' title="bbox 287 4755 1879 4835; baseline -0.004 -17"><span class='ocrx_word' id='word_1_546' title='bbox 287 4765 318 4817; x_wconf 79' lang='grc' dir='ltr'>ὃ</span> <span class='ocrx_word' id='word_1_547' title='bbox 348 4763 413 4835; x_wconf 83' lang='grc' dir='ltr'><strong>δή</strong></span> <span class='ocrx_word' id='word_1_548' title='bbox 452 4762 712 4835; x_wconf 81' lang='grc' dir='ltr'>μέγιστόν</span> <span class='ocrx_word' id='word_1_549' title='bbox 737 4777 797 4815; x_wconf 88' lang='grc' dir='ltr'><strong>τε</strong></span> <span class='ocrx_word' id='word_1_550' title='bbox 824 4755 893 4829; x_wconf 77' lang='grc' dir='ltr'>ἦν</span> <span class='ocrx_word' id='word_1_551' title='bbox 920 4760 1011 4814; x_wconf 75' lang='grc' dir='ltr'>καὶ</span> <span class='ocrx_word' id='word_1_552' title='bbox 1037 4763 1116 4823; x_wconf 80' lang='grc' dir='ltr'><strong>εἰς</strong></span> <span class='ocrx_word' id='word_1_553' title='bbox 1155 4759 1352 4822; x_wconf 80' lang='grc' dir='ltr'>κάλλος</span> <span class='ocrx_word' id='word_1_554' title='bbox 1375 4759 1615 4826; x_wconf 75' lang='grc' dir='ltr'>ἐξαίσιον</span> <span class='ocrx_word' id='word_1_555' title='bbox 1637 4759 1879 4812; x_wconf 70' lang='grc' dir='ltr'>ὲποικίλο</span> 
     </span>
    </p>
   </div>
   <div class='ocr_carea' id='block_1_78' title="bbox 1976 3533 3556 3617">
    <p class='ocr_par' dir='ltr' id='par_1_78' title="bbox 1976 3533 3556 3617">
     <span class='ocr_line' id='line_1_78' title="bbox 1976 3533 3556 3617; baseline -0.02 0"><span class='ocrx_word' id='word_1_556' title='bbox 1976 3533 2261 3617; x_wconf 81' lang='lat' dir='ltr'><strong>casse:ad</strong></span> <span class='ocrx_word' id='word_1_557' title='bbox 2305 3564 2615 3611; x_wconf 82' lang='lat' dir='ltr'><strong>extremum</strong></span> <span class='ocrx_word' id='word_1_558' title='bbox 2657 3559 2843 3606; x_wconf 89' lang='lat' dir='ltr'><strong>autem</strong></span> <span class='ocrx_word' id='word_1_559' title='bbox 2874 3561 2941 3601; x_wconf 74' lang='lat' dir='ltr'><strong>eo</strong></span> <span class='ocrx_word' id='word_1_560' title='bbox 2991 3542 3233 3598; x_wconf 79' lang='lat' dir='ltr'><strong>audaciae</strong></span> <span class='ocrx_word' id='word_1_561' title='bbox 3260 3546 3317 3594; x_wconf 89' lang='lat' dir='ltr'><strong>et</strong></span> <span class='ocrx_word' id='word_1_562' title='bbox 3382 3533 3556 3590; x_wconf 85' lang='lat' dir='ltr'><strong>conti-</strong></span> 
     </span>
    </p>
   </div>
   <div class='ocr_carea' id='block_1_79' title="bbox 1976 3627 3557 3710">
    <p class='ocr_par' dir='ltr' id='par_1_79' title="bbox 1976 3627 3557 3710">
     <span class='ocr_line' id='line_1_79' title="bbox 1976 3627 3557 3710; baseline -0.02 0"><span class='ocrx_word' id='word_1_563' title='bbox 1976 3655 2177 3710; x_wconf 80' lang='lat' dir='ltr'><strong>dentiae</strong></span> <span class='ocrx_word' id='word_1_564' title='bbox 2212 3638 2479 3710; x_wconf 81' lang='lat' dir='ltr'><strong>evasisse,</strong></span> <span class='ocrx_word' id='word_1_565' title='bbox 2511 3654 2573 3701; x_wconf 93' lang='lat' dir='ltr'><strong>ut</strong></span> <span class='ocrx_word' id='word_1_566' title='bbox 2600 3641 2972 3700; x_wconf 86' lang='lat' dir='ltr'><strong>clarissimum</strong></span> <span class='ocrx_word' id='word_1_567' title='bbox 3025 3636 3207 3690; x_wconf 90' lang='lat' dir='ltr'><strong>virum</strong></span> <span class='ocrx_word' id='word_1_568' title='bbox 3240 3627 3557 3686; x_wconf 82' lang='lat' dir='ltr'><strong>Marcellum</strong></span> 
     </span>
    </p>
   </div>
   <div class='ocr_carea' id='block_1_80' title="bbox 1975 3719 3556 3817">
    <p class='ocr_par' dir='ltr' id='par_1_80' title="bbox 1975 3719 3556 3817">
     <span class='ocr_line' id='line_1_80' title="bbox 1975 3719 3556 3817; baseline -0.021 -15"><span class='ocrx_word' id='word_1_569' title='bbox 1975 3743 2277 3817; x_wconf 86' lang='lat' dir='ltr'><strong>episcopali</strong></span> <span class='ocrx_word' id='word_1_570' title='bbox 2329 3741 2404 3796; x_wconf 90' lang='lat' dir='ltr'><strong>ibi</strong></span> <span class='ocrx_word' id='word_1_571' title='bbox 2460 3739 2781 3808; x_wconf 79' lang='lat' dir='ltr'><strong>fungentem</strong></span> <span class='ocrx_word' id='word_1_572' title='bbox 2841 3743 3075 3787; x_wconf 89' lang='lat' dir='ltr'><strong>munere</strong></span> <span class='ocrx_word' id='word_1_573' title='bbox 3137 3719 3556 3780; x_wconf 80' lang='lat' dir='ltr'><strong>interemerint:</strong></span> 
     </span>
    </p>
   </div>
   <div class='ocr_carea' id='block_1_81' title="bbox 1978 3807 3560 3908">
    <p class='ocr_par' dir='ltr' id='par_1_81' title="bbox 1978 3807 3560 3908">
     <span class='ocr_line' id='line_1_81' title="bbox 1978 3807 3560 3908; baseline -0.019 -16"><span class='ocrx_word' id='word_1_574' title='bbox 1978 3843 2267 3908; x_wconf 86' lang='lat' dir='ltr'><strong>propterea</strong></span> <span class='ocrx_word' id='word_1_575' title='bbox 2289 3831 2434 3903; x_wconf 90' lang='lat' dir='ltr'><strong>quod</strong></span> <span class='ocrx_word' id='word_1_576' title='bbox 2459 3807 2771 3885; x_wconf 75' lang='lat' dir='ltr'><strong>commissa:</strong></span> <span class='ocrx_word' id='word_1_577' title='bbox 2796 3823 2900 3879; x_wconf 87' lang='lat' dir='ltr'><strong>sibi</strong></span> <span class='ocrx_word' id='word_1_578' title='bbox 2923 3819 3078 3876; x_wconf 85' lang='lat' dir='ltr'><strong>urbis</strong></span> <span class='ocrx_word' id='word_1_579' title='bbox 3101 3814 3355 3875; x_wconf 81' lang='lat' dir='ltr'><strong>delubra,</strong></span> <span class='ocrx_word' id='word_1_580' title='bbox 3386 3807 3560 3879; x_wconf 82' lang='lat' dir='ltr'><strong>magis</strong></span> 
     </span>
    </p>
   </div>
   <div class='ocr_carea' id='block_1_82' title="bbox 1977 3901 3558 3997">
    <p class='ocr_par' dir='ltr' id='par_1_82' title="bbox 1977 3901 3558 3997">
     <span class='ocr_line' id='line_1_82' title="bbox 1977 3901 3558 3997; baseline -0.02 -13"><span class='ocrx_word' id='word_1_581' title='bbox 1977 3901 2230 3997; x_wconf 47' lang='lat' dir='ltr'><strong>sua-erga</strong></span> <span class='ocrx_word' id='word_1_582' title='bbox 2263 3901 2434 3980; x_wconf 83' lang='lat' dir='ltr'><strong>Deum</strong></span> <span class='ocrx_word' id='word_1_583' title='bbox 2477 3919 2700 3985; x_wconf 81' lang='lat' dir='ltr'><strong>ﬁducia,</strong></span> <span class='ocrx_word' id='word_1_584' title='bbox 2736 3929 2900 3986; x_wconf 87' lang='lat' dir='ltr'><strong>quam</strong></span> <span class='ocrx_word' id='word_1_585' title='bbox 2958 3910 3087 3966; x_wconf 87' lang='lat' dir='ltr'><strong>forti</strong></span> <span class='ocrx_word' id='word_1_586' title='bbox 3122 3907 3422 3975; x_wconf 78' lang='lat' dir='ltr'><strong>multorqm</strong></span> <span class='ocrx_word' id='word_1_587' title='bbox 3458 3901 3558 3955; x_wconf 76' lang='lat' dir='ltr'><strong>lio-</strong></span> 
     </span>
    </p>
   </div>
   <div class='ocr_carea' id='block_1_83' title="bbox 1980 3994 3561 4075">
    <p class='ocr_par' dir='ltr' id='par_1_83' title="bbox 1980 3994 3561 4075">
     <span class='ocr_line' id='line_1_83' title="bbox 1980 3994 3561 4075; baseline -0.018 0"><span class='ocrx_word' id='word_1_588' title='bbox 1980 3994 2191 4075; x_wconf 83' lang='lat' dir='ltr'><strong>minum</strong></span> <span class='ocrx_word' id='word_1_589' title='bbox 2221 4024 2412 4074; x_wconf 88' lang='lat' dir='ltr'><strong>coacta</strong></span> <span class='ocrx_word' id='word_1_590' title='bbox 2457 4027 2622 4067; x_wconf 89' lang='lat' dir='ltr'><strong>manu</strong></span> <span class='ocrx_word' id='word_1_591' title='bbox 2657 4008 3012 4065; x_wconf 83' lang='lat' dir='ltr'><strong>abolevisset.</strong></span> <span class='ocrx_word' id='word_1_592' title='bbox 3038 4000 3142 4057; x_wconf 88' lang='lat' dir='ltr'><strong>Ubi</strong></span> <span class='ocrx_word' id='word_1_593' title='bbox 3194 3998 3346 4054; x_wconf 84' lang='lat' dir='ltr'><strong>enim</strong></span> <span class='ocrx_word' id='word_1_594' title='bbox 3394 3994 3561 4051; x_wconf 57' lang='lat' dir='ltr'><strong>Joanv</strong></span> 
     </span>
    </p>
   </div>
   <div class='ocr_carea' id='block_1_84' title="bbox 1977 4087 3560 4180">
    <p class='ocr_par' dir='ltr' id='par_1_84' title="bbox 1977 4087 3560 4180">
     <span class='ocr_line' id='line_1_84' title="bbox 1977 4087 3560 4180; baseline -0.018 -13"><span class='ocrx_word' id='word_1_595' title='bbox 1977 4127 2076 4169; x_wconf 90' lang='lat' dir='ltr'><strong>nes</strong></span> <span class='ocrx_word' id='word_1_596' title='bbox 2108 4112 2207 4180; x_wconf 91' lang='lat' dir='ltr'><strong>(l),</strong></span> <span class='ocrx_word' id='word_1_597' title='bbox 2243 4109 2402 4179; x_wconf 86' lang='lat' dir='ltr'><strong>cujus</strong></span> <span class='ocrx_word' id='word_1_598' title='bbox 2430 4114 2592 4160; x_wconf 89' lang='lat' dir='ltr'><strong>antea</strong></span> <span class='ocrx_word' id='word_1_599' title='bbox 2623 4114 2844 4170; x_wconf 90' lang='lat' dir='ltr'><strong>quoque</strong></span> <span class='ocrx_word' id='word_1_600' title='bbox 2904 4097 3241 4150; x_wconf 89' lang='lat' dir='ltr'><strong>mentionem</strong></span> <span class='ocrx_word' id='word_1_601' title='bbox 3303 4087 3560 4148; x_wconf 84' lang='lat' dir='ltr'><strong>fecimus,</strong></span> 
     </span>
    </p>
   </div>
   <div class='ocr_carea' id='block_1_85' title="bbox 1978 4180 3559 4266">
    <p class='ocr_par' dir='ltr' id='par_1_85' title="bbox 1978 4180 3559 4266">
     <span class='ocr_line' id='line_1_85' title="bbox 1978 4180 3559 4266; baseline -0.019 -6"><span class='ocrx_word' id='word_1_602' title='bbox 1978 4204 2237 4266; x_wconf 87' lang='lat' dir='ltr'><strong>decessit,</strong></span> <span class='ocrx_word' id='word_1_603' title='bbox 2287 4199 2456 4255; x_wconf 85' lang='lat' dir='ltr'><strong>rebus</strong></span> <span class='ocrx_word' id='word_1_604' title='bbox 2487 4195 2749 4251; x_wconf 89' lang='lat' dir='ltr'><strong>omnibus</strong></span> <span class='ocrx_word' id='word_1_605' title='bbox 2774 4191 3018 4259; x_wconf 86' lang='lat' dir='ltr'><strong>optimus</strong></span> <span class='ocrx_word' id='word_1_606' title='bbox 3071 4183 3362 4240; x_wconf 83' lang='lat' dir='ltr'><strong>Marcellus</strong></span> <span class='ocrx_word' id='word_1_607' title='bbox 3435 4180 3559 4242; x_wconf 87' lang='lat' dir='ltr'><strong>iste,</strong></span> 
     </span>
    </p>
   </div>
   <div class='ocr_carea' id='block_1_86' title="bbox 1978 4273 3561 4367">
    <p class='ocr_par' dir='ltr' id='par_1_86' title="bbox 1978 4273 3561 4367">
     <span class='ocr_line' id='line_1_86' title="bbox 1978 4273 3561 4367; baseline -0.017 -17"><span class='ocrx_word' id='word_1_608' title='bbox 1978 4310 2080 4367; x_wconf 92' lang='lat' dir='ltr'><strong>pro</strong></span> <span class='ocrx_word' id='word_1_609' title='bbox 2095 4293 2189 4349; x_wconf 91' lang='lat' dir='ltr'><strong>illo</strong></span> <span class='ocrx_word' id='word_1_610' title='bbox 2215 4289 2458 4361; x_wconf 81' lang='lat' dir='ltr'><strong>regionis</strong></span> <span class='ocrx_word' id='word_1_611' title='bbox 2484 4286 2782 4357; x_wconf 66' lang='lat' dir='ltr'><strong>Apamenae</strong></span> <span class='ocrx_word' id='word_1_612' title='bbox 2808 4274 3181 4351; x_wconf 54' lang='lat' dir='ltr'><strong>episcdpalem</strong></span> <span class='ocrx_word' id='word_1_613' title='bbox 3203 4273 3561 4347; x_wconf 68' lang='lat' dir='ltr'><strong>administra~</strong></span> 
     </span>
    </p>
   </div>
   <div class='ocr_carea' id='block_1_87' title="bbox 1979 4366 3559 4449">
    <p class='ocr_par' dir='ltr' id='par_1_87' title="bbox 1979 4366 3559 4449">
     <span class='ocr_line' id='line_1_87' title="bbox 1979 4366 3559 4449; baseline -0.017 -7"><span class='ocrx_word' id='word_1_614' title='bbox 1979 4366 2180 4442; x_wconf 89' lang='lat' dir='ltr'><strong>tionem</strong></span> <span class='ocrx_word' id='word_1_615' title='bbox 2215 4383 2445 4439; x_wconf 87' lang='lat' dir='ltr'><strong>sortitus</strong></span> <span class='ocrx_word' id='word_1_616' title='bbox 2466 4388 2572 4441; x_wconf 88' lang='lat' dir='ltr'><strong>est.</strong></span> <span class='ocrx_word' id='word_1_617' title='bbox 2598 4378 2798 4449; x_wconf 87' lang='lat' dir='ltr'><strong>spiritu</strong></span> <span class='ocrx_word' id='word_1_618' title='bbox 2835 4376 2989 4446; x_wconf 87' lang='lat' dir='ltr'><strong>juxta</strong></span> <span class='ocrx_word' id='word_1_619' title='bbox 3015 4371 3204 4426; x_wconf 89' lang='lat' dir='ltr'><strong>divum</strong></span> <span class='ocrx_word' id='word_1_620' title='bbox 3240 4366 3559 4435; x_wconf 79' lang='lat' dir='ltr'><strong>Apostolum</strong></span> 
     </span>
    </p>
   </div>
   <div class='ocr_carea' id='block_1_88' title="bbox 1979 4459 3561 4544">
    <p class='ocr_par' dir='ltr' id='par_1_88' title="bbox 1979 4459 3561 4544">
     <span class='ocr_line' id='line_1_88' title="bbox 1979 4459 3561 4544; baseline -0.013 -9"><span class='ocrx_word' id='word_1_621' title='bbox 1979 4480 2222 4534; x_wconf 89' lang='lat' dir='ltr'><strong>fervens.</strong></span> <span class='ocrx_word' id='word_1_622' title='bbox 2249 4477 2432 4544; x_wconf 87' lang='lat' dir='ltr'><strong>Atque</strong></span> <span class='ocrx_word' id='word_1_623' title='bbox 2457 4472 2549 4527; x_wconf 89' lang='lat' dir='ltr'><strong>ubi</strong></span> <span class='ocrx_word' id='word_1_624' title='bbox 2599 4468 2895 4540; x_wconf 84' lang='lat' dir='ltr'><strong>praefectus</strong></span> <span class='ocrx_word' id='word_1_625' title='bbox 2915 4463 3162 4520; x_wconf 90' lang='lat' dir='ltr'><strong>Orientis</strong></span> <span class='ocrx_word' id='word_1_626' title='bbox 3187 4475 3311 4516; x_wconf 89' lang='lat' dir='ltr'><strong>cum</strong></span> <span class='ocrx_word' id='word_1_627' title='bbox 3339 4459 3561 4515; x_wconf 89' lang='lat' dir='ltr'><strong>duobus</strong></span> 
     </span>
    </p>
   </div>
   <div class='ocr_carea' id='block_1_89' title="bbox 1980 4555 3563 4629">
    <p class='ocr_par' dir='ltr' id='par_1_89' title="bbox 1980 4555 3563 4629">
     <span class='ocr_line' id='line_1_89' title="bbox 1980 4555 3563 4629; baseline -0.015 0"><span class='ocrx_word' id='word_1_628' title='bbox 1980 4571 2218 4629; x_wconf 86' lang='lat' dir='ltr'><strong>tribunis</strong></span> <span class='ocrx_word' id='word_1_629' title='bbox 2272 4569 2328 4624; x_wconf 91' lang='lat' dir='ltr'><strong>in</strong></span> <span class='ocrx_word' id='word_1_630' title='bbox 2365 4568 2559 4623; x_wconf 89' lang='lat' dir='ltr'><strong>urbem</strong></span> <span class='ocrx_word' id='word_1_631' title='bbox 2619 4580 2740 4619; x_wconf 88' lang='lat' dir='ltr'><strong>eam</strong></span> <span class='ocrx_word' id='word_1_632' title='bbox 2776 4561 3021 4621; x_wconf 86' lang='lat' dir='ltr'><strong>advenit,</strong></span> <span class='ocrx_word' id='word_1_633' title='bbox 3092 4573 3159 4613; x_wconf 90' lang='lat' dir='ltr'><strong>eo</strong></span> <span class='ocrx_word' id='word_1_634' title='bbox 3211 4555 3447 4611; x_wconf 88' lang='lat' dir='ltr'><strong>consilio</strong></span> <span class='ocrx_word' id='word_1_635' title='bbox 3500 4562 3563 4607; x_wconf 89' lang='lat' dir='ltr'><strong>ut</strong></span> 
     </span>
    </p>
   </div>
   <div class='ocr_carea' id='block_1_90' title="bbox 1977 4645 3557 4724">
    <p class='ocr_par' dir='ltr' id='par_1_90' title="bbox 1977 4645 3557 4724">
     <span class='ocr_line' id='line_1_90' title="bbox 1977 4645 3557 4724; baseline -0.014 -3"><span class='ocrx_word' id='word_1_636' title='bbox 1977 4665 2256 4721; x_wconf 88' lang='lat' dir='ltr'><strong>idolorum</strong></span> <span class='ocrx_word' id='word_1_637' title='bbox 2277 4661 2403 4717; x_wconf 89' lang='lat' dir='ltr'><strong>fana</strong></span> <span class='ocrx_word' id='word_1_638' title='bbox 2445 4656 2831 4720; x_wconf 91' lang='lat' dir='ltr'><strong>demoliretur,</strong></span> <span class='ocrx_word' id='word_1_639' title='bbox 2894 4652 3050 4724; x_wconf 88' lang='lat' dir='ltr'><strong>plebs</strong></span> <span class='ocrx_word' id='word_1_640' title='bbox 3097 4649 3345 4720; x_wconf 91' lang='lat' dir='ltr'><strong>quidem,</strong></span> <span class='ocrx_word' id='word_1_641' title='bbox 3407 4645 3557 4718; x_wconf 90' lang='lat' dir='ltr'><strong>quod</strong></span> 
     </span>
    </p>
   </div>
   <div class='ocr_carea' id='block_1_91' title="bbox 1981 4742 3564 4814">
    <p class='ocr_par' dir='ltr' id='par_1_91' title="bbox 1981 4742 3564 4814">
     <span class='ocr_line' id='line_1_91' title="bbox 1981 4742 3564 4814; baseline -0.013 -1"><span class='ocrx_word' id='word_1_642' title='bbox 1981 4757 2280 4813; x_wconf 84' lang='lat' dir='ltr'><strong>militarem</strong></span> <span class='ocrx_word' id='word_1_643' title='bbox 2316 4768 2538 4809; x_wconf 90' lang='lat' dir='ltr'><strong>manum</strong></span> <span class='ocrx_word' id='word_1_644' title='bbox 2583 4757 2875 4810; x_wconf 84' lang='lat' dir='ltr'><strong>metueret,</strong></span> <span class='ocrx_word' id='word_1_645' title='bbox 2908 4745 3094 4814; x_wconf 88' lang='lat' dir='ltr'><strong>quieta</strong></span> <span class='ocrx_word' id='word_1_646' title='bbox 3137 4742 3237 4796; x_wconf 83' lang='lat' dir='ltr'><strong>fuit</strong></span> <span class='ocrx_word' id='word_1_647' title='bbox 3279 4759 3293 4794; x_wconf 92' lang='lat'><strong>:</strong></span> <span class='ocrx_word' id='word_1_648' title='bbox 3342 4751 3400 4795; x_wconf 91' lang='lat' dir='ltr'><strong>et</strong></span> <span class='ocrx_word' id='word_1_649' title='bbox 3425 4753 3564 4808; x_wconf 70' lang='lat' dir='ltr'><strong>prte-</strong></span> 
     </span>
    </p>
   </div>
   <div class='ocr_carea' id='block_1_92' title="bbox 290 4827 1869 4929">
    <p class='ocr_par' dir='ltr' id='par_1_92' title="bbox 290 4827 1869 4929">
     <span class='ocr_line' id='line_1_92' title="bbox 290 4827 1869 4929; baseline -0.004 -19"><span class='ocrx_word' id='word_1_650' title='bbox 290 4827 464 4910; x_wconf 40' lang='lat'><strong>25:6]</strong></span> <span class='ocrx_word' id='word_1_651' title='bbox 488 4827 649 4908; x_wconf 67' lang='grc' dir='ltr'>’Ᾰλλὰ</span> <span class='ocrx_word' id='word_1_652' title='bbox 676 4855 771 4908; x_wconf 80' lang='grc' dir='ltr'>καὶ</span> <span class='ocrx_word' id='word_1_653' title='bbox 798 4827 1070 4922; x_wconf 78' lang='grc' dir='ltr'>στεγανὴν</span> <span class='ocrx_word' id='word_1_654' title='bbox 1095 4853 1188 4907; x_wconf 77' lang='grc' dir='ltr'>καὶ</span> <span class='ocrx_word' id='word_1_655' title='bbox 1209 4852 1446 4929; x_wconf 76' lang='grc' dir='ltr'>στερρὰν</span> <span class='ocrx_word' id='word_1_656' title='bbox 1468 4852 1568 4922; x_wconf 85' lang='grc' dir='ltr'>τὴν</span> <span class='ocrx_word' id='word_1_657' title='bbox 1597 4851 1869 4922; x_wconf 83' lang='grc' dir='ltr'>συνθήκην</span> 
     </span>
    </p>
   </div>
   <div class='ocr_carea' id='block_1_93' title="bbox 1973 4827 3564 4929">
    <p class='ocr_par' dir='ltr' id='par_1_93' title="bbox 1982 4827 3564 4910">
     <span class='ocr_line' id='line_1_93' title="bbox 1982 4827 3564 4910; baseline -0.016 -4"><span class='ocrx_word' id='word_1_658' title='bbox 1982 4851 2160 4906; x_wconf 86' lang='lat' dir='ltr'><strong>fectus</strong></span> <span class='ocrx_word' id='word_1_659' title='bbox 2207 4843 2363 4903; x_wconf 79' lang='lat' dir='ltr'><strong>Jovis</strong></span> <span class='ocrx_word' id='word_1_660' title='bbox 2403 4840 2668 4910; x_wconf 89' lang='lat' dir='ltr'><strong>templum</strong></span> <span class='ocrx_word' id='word_1_661' title='bbox 2703 4851 2899 4893; x_wconf 89' lang='lat' dir='ltr'><strong>eruere</strong></span> <span class='ocrx_word' id='word_1_662' title='bbox 2934 4843 3021 4890; x_wconf 91' lang='lat' dir='ltr'><strong>est</strong></span> <span class='ocrx_word' id='word_1_663' title='bbox 3045 4846 3355 4904; x_wconf 77' lang='lat' dir='ltr'><strong>aggressus,</strong></span> <span class='ocrx_word' id='word_1_664' title='bbox 3414 4827 3564 4898; x_wconf 90' lang='lat' dir='ltr'><strong>quod</strong></span> 
     </span>
    </p>
   </div>
   <div class='ocr_carea' id='block_1_94' title="bbox 287 4940 1873 5016">
    <p class='ocr_par' dir='ltr' id='par_1_94' title="bbox 287 4940 1873 5016">
     <span class='ocr_line' id='line_1_94' title="bbox 287 4940 1873 5016; baseline -0.004 -13"><span class='ocrx_word' id='word_1_665' title='bbox 287 4948 403 5003; x_wconf 83' lang='grc' dir='ltr'><strong>τῶν</strong></span> <span class='ocrx_word' id='word_1_666' title='bbox 424 4948 588 5003; x_wconf 84' lang='grc' dir='ltr'>λίθων</span> <span class='ocrx_word' id='word_1_667' title='bbox 632 4946 784 5011; x_wconf 86' lang='grc' dir='ltr'>ίδὼν,</span> <span class='ocrx_word' id='word_1_668' title='bbox 820 4943 962 5016; x_wconf 77' lang='grc' dir='ltr'>ᾤετο</span> <span class='ocrx_word' id='word_1_669' title='bbox 981 4944 1271 5015; x_wconf 82' lang='grc' dir='ltr'>ἀμήχανον</span> <span class='ocrx_word' id='word_1_670' title='bbox 1304 4940 1448 4997; x_wconf 82' lang='grc' dir='ltr'>εἶναι</span> <span class='ocrx_word' id='word_1_671' title='bbox 1478 4944 1577 5014; x_wconf 85' lang='grc' dir='ltr'>τὴν</span> <span class='ocrx_word' id='word_1_672' title='bbox 1601 4943 1873 5012; x_wconf 80' lang='grc' dir='ltr'>τοσαύτην</span> 
     </span>
    </p>
   </div>
   <div class='ocr_carea' id='block_1_95' title="bbox 290 5037 1872 5114">
    <p class='ocr_par' dir='ltr' id='par_1_95' title="bbox 290 5037 1872 5114">
     <span class='ocr_line' id='line_1_95' title="bbox 290 5037 1872 5114; baseline -0.004 -16"><span class='ocrx_word' id='word_1_673' title='bbox 290 5043 561 5114; x_wconf 83' lang='grc' dir='ltr'>ἁρμονίαν</span> <span class='ocrx_word' id='word_1_674' title='bbox 587 5039 906 5109; x_wconf 81' lang='grc' dir='ltr'>διαλυθῆναι</span> <span class='ocrx_word' id='word_1_675' title='bbox 925 5052 941 5068; x_wconf 73' lang='grc'><em>⁸</em></span> <span class='ocrx_word' id='word_1_676' title='bbox 986 5037 1233 5109; x_wconf 81' lang='grc' dir='ltr'>μέγιστοι</span> <span class='ocrx_word' id='word_1_677' title='bbox 1266 5037 1376 5109; x_wconf 82' lang='grc' dir='ltr'><strong>γὰρ</strong></span> <span class='ocrx_word' id='word_1_678' title='bbox 1395 5037 1518 5092; x_wconf 84' lang='grc' dir='ltr'>λίαν</span> <span class='ocrx_word' id='word_1_679' title='bbox 1545 5038 1695 5101; x_wconf 79' lang='grc' dir='ltr'>ὄντες</span> <span class='ocrx_word' id='word_1_680' title='bbox 1716 5040 1764 5091; x_wconf 82' lang='lat' dir='ltr'><strong>oi</strong></span> <span class='ocrx_word' id='word_1_681' title='bbox 1796 5038 1872 5092; x_wconf 86' lang='grc' dir='ltr'>λί·</span> 
     </span>
    </p>
   </div>
   <div class='ocr_carea' id='block_1_96' title="bbox 291 5128 1877 5205">
    <p class='ocr_par' dir='ltr' id='par_1_96' title="bbox 291 5128 1877 5205">
     <span class='ocr_line' id='line_1_96' title="bbox 291 5128 1877 5205; baseline -0.005 -14"><span class='ocrx_word' id='word_1_682' title='bbox 291 5138 380 5191; x_wconf 89' lang='grc' dir='ltr'><strong>θοι</strong></span> <span class='ocrx_word' id='word_1_683' title='bbox 415 5137 584 5205; x_wconf 86' lang='grc' dir='ltr'>παχεῖ</span> <span class='ocrx_word' id='word_1_684' title='bbox 612 5132 815 5203; x_wconf 87' lang='grc' dir='ltr'>σιδήρῳ</span> <span class='ocrx_word' id='word_1_685' title='bbox 855 5130 952 5185; x_wconf 74' lang='grc' dir='ltr'>καὶ</span> <span class='ocrx_word' id='word_1_686' title='bbox 989 5129 1228 5201; x_wconf 76' lang='grc' dir='ltr'>μολίϐδῳ</span> <span class='ocrx_word' id='word_1_687' title='bbox 1275 5129 1655 5201; x_wconf 82' lang='grc' dir='ltr'>διακεχυμένῳ</span> <span class='ocrx_word' id='word_1_688' title='bbox 1703 5128 1877 5183; x_wconf 77' lang='grc' dir='ltr'>ἁπαν-</span> 
     </span>
    </p>
   </div>
   <div class='ocr_carea' id='block_1_97' title="bbox 289 5222 1904 5300">
    <p class='ocr_par' dir='ltr' id='par_1_97' title="bbox 289 5222 1904 5300">
     <span class='ocr_line' id='line_1_97' title="bbox 289 5222 1904 5300; baseline -0.004 -18"><span class='ocrx_word' id='word_1_689' title='bbox 289 5227 463 5300; x_wconf 84' lang='grc' dir='ltr'>ταχοῦ</span> <span class='ocrx_word' id='word_1_690' title='bbox 506 5225 936 5297; x_wconf 77' lang='grc' dir='ltr'>συνηρμόζοντο.</span> <span class='ocrx_word' id='word_1_691' title='bbox 1005 5222 1063 5278; x_wconf 92' lang='lat'><strong>&#39;0</strong></span> <span class='ocrx_word' id='word_1_692' title='bbox 1131 5225 1312 5278; x_wconf 87' lang='grc' dir='ltr'>τοίνυν</span> <span class='ocrx_word' id='word_1_693' title='bbox 1369 5222 1512 5286; x_wconf 87' lang='grc' dir='ltr'>θεῖος</span> <span class='ocrx_word' id='word_1_694' title='bbox 1550 5222 1904 5293; x_wconf 84' lang='grc' dir='ltr'>Μάρκελλος</span> 
     </span>
    </p>
   </div>
   <div class='ocr_carea' id='block_1_98' title="bbox 289 5316 1877 5391">
    <p class='ocr_par' dir='ltr' id='par_1_98' title="bbox 289 5316 1877 5391">
     <span class='ocr_line' id='line_1_98' title="bbox 289 5316 1877 5391; baseline -0.003 -16"><span class='ocrx_word' id='word_1_695' title='bbox 289 5320 644 5391; x_wconf 79' lang='grc' dir='ltr'>δειμαίνοντα</span> <span class='ocrx_word' id='word_1_696' title='bbox 672 5316 817 5371; x_wconf 79' lang='grc' dir='ltr'>οὕτω</span> <span class='ocrx_word' id='word_1_697' title='bbox 844 5318 936 5371; x_wconf 71' lang='grc' dir='ltr'><strong>τὸν</strong></span> <span class='ocrx_word' id='word_1_698' title='bbox 969 5316 1220 5387; x_wconf 87' lang='grc' dir='ltr'>ῦπαρχον</span> <span class='ocrx_word' id='word_1_699' title='bbox 1255 5317 1617 5385; x_wconf 83' lang='grc' dir='ltr'>θεασάμενος,</span> <span class='ocrx_word' id='word_1_700' title='bbox 1662 5316 1877 5370; x_wconf 76' lang='grc' dir='ltr'>ἐκεῖνον</span> 
     </span>
    </p>
   </div>
   <div class='ocr_carea' id='block_1_99' title="bbox 295 5407 1876 5485">
    <p class='ocr_par' dir='ltr' id='par_1_99' title="bbox 295 5407 1876 5485">
     <span class='ocr_line' id='line_1_99' title="bbox 295 5407 1876 5485; baseline -0.004 -19"><span class='ocrx_word' id='word_1_701' title='bbox 295 5416 402 5485; x_wconf 75' lang='grc' dir='ltr'>μὲν</span> <span class='ocrx_word' id='word_1_702' title='bbox 449 5411 586 5483; x_wconf 75' lang='grc' dir='ltr'>πρὸς</span> <span class='ocrx_word' id='word_1_703' title='bbox 614 5411 712 5475; x_wconf 87' lang='grc' dir='ltr'>τὰς</span> <span class='ocrx_word' id='word_1_704' title='bbox 735 5410 904 5474; x_wconf 73' lang='grc' dir='ltr'>ἄλλας</span> <span class='ocrx_word' id='word_1_705' title='bbox 950 5409 1061 5464; x_wconf 85' lang='grc' dir='ltr'><strong>τῶν</strong></span> <span class='ocrx_word' id='word_1_706' title='bbox 1089 5411 1301 5465; x_wconf 84' lang='grc' dir='ltr'>πόλεων</span> <span class='ocrx_word' id='word_1_707' title='bbox 1353 5412 1552 5482; x_wconf 85' lang='grc' dir='ltr'>χωρεῖν</span> <span class='ocrx_word' id='word_1_708' title='bbox 1582 5407 1837 5462; x_wconf 79' lang='grc' dir='ltr'>ἐκέλευεν</span> <span class='ocrx_word' id='word_1_709' title='bbox 1859 5423 1876 5439; x_wconf 77' lang='grc' dir='ltr'><strong>ο</strong></span> 
     </span>
    </p>
   </div>
   <div class='ocr_carea' id='block_1_100' title="bbox 294 5494 1878 5570">
    <p class='ocr_par' dir='ltr' id='par_1_100' title="bbox 294 5494 1878 5570">
     <span class='ocr_line' id='line_1_100' title="bbox 294 5494 1878 5570; baseline -0.006 -12"><span class='ocrx_word' id='word_1_710' title='bbox 294 5505 458 5566; x_wconf 84' lang='grc' dir='ltr'>αὐτὸς</span> <span class='ocrx_word' id='word_1_711' title='bbox 487 5503 544 5556; x_wconf 83' lang='grc' dir='ltr'>δὲ</span> <span class='ocrx_word' id='word_1_712' title='bbox 576 5500 717 5554; x_wconf 87' lang='grc' dir='ltr'>Θεοῦ</span> <span class='ocrx_word' id='word_1_713' title='bbox 746 5499 1148 5554; x_wconf 70' lang='grc' dir='ltr'>ἐδεῖτοδοῦναι</span> <span class='ocrx_word' id='word_1_714' title='bbox 1175 5499 1344 5568; x_wconf 81' lang='grc' dir='ltr'>πόρον</span> <span class='ocrx_word' id='word_1_715' title='bbox 1369 5497 1449 5570; x_wconf 83' lang='grc' dir='ltr'>τῷ</span> <span class='ocrx_word' id='word_1_716' title='bbox 1479 5496 1755 5567; x_wconf 80' lang='grc' dir='ltr'>ἀμηχάνῳ</span> <span class='ocrx_word' id='word_1_717' title='bbox 1779 5494 1878 5548; x_wconf 85' lang='grc' dir='ltr'><strong>τοῦ</strong></span> 
     </span>
    </p>
   </div>
   <div class='ocr_carea' id='block_1_101' title="bbox 295 5587 1881 5667">
    <p class='ocr_par' dir='ltr' id='par_1_101' title="bbox 295 5587 1881 5667">
     <span class='ocr_line' id='line_1_101' title="bbox 295 5587 1881 5667; baseline -0.005 -18"><span class='ocrx_word' id='word_1_718' title='bbox 295 5597 648 5667; x_wconf 75' lang='grc' dir='ltr'>πράγματος.</span> <span class='ocrx_word' id='word_1_719' title='bbox 679 5595 787 5648; x_wconf 70' lang='grc' dir='ltr'><strong>Καὶ</strong></span> <span class='ocrx_word' id='word_1_720' title='bbox 813 5593 876 5658; x_wconf 88' lang='grc' dir='ltr'><strong>δή</strong></span> <span class='ocrx_word' id='word_1_721' title='bbox 908 5610 992 5655; x_wconf 88' lang='grc' dir='ltr'><strong>τις</strong></span> <span class='ocrx_word' id='word_1_722' title='bbox 1020 5593 1192 5646; x_wconf 74' lang='grc' dir='ltr'>ἕωθεν</span> <span class='ocrx_word' id='word_1_723' title='bbox 1228 5591 1354 5662; x_wconf 76' lang='grc' dir='ltr'>ἥκει</span> <span class='ocrx_word' id='word_1_724' title='bbox 1388 5591 1742 5659; x_wconf 80' lang='grc' dir='ltr'>αὐτόκλητος,</span> <span class='ocrx_word' id='word_1_725' title='bbox 1767 5587 1881 5642; x_wconf 86' lang='grc' dir='ltr'>οὔτ’</span> 
     </span>
    </p>
   </div>
   <div class='ocr_carea' id='block_1_102' title="bbox 294 5681 1881 5756">
    <p class='ocr_par' dir='ltr' id='par_1_102' title="bbox 294 5681 1881 5756">
     <span class='ocr_line' id='line_1_102' title="bbox 294 5681 1881 5756; baseline -0.005 -16"><span class='ocrx_word' id='word_1_726' title='bbox 294 5686 625 5756; x_wconf 78' lang='grc' dir='ltr'>οἰκοδομεῖν,</span> <span class='ocrx_word' id='word_1_727' title='bbox 651 5684 776 5737; x_wconf 78' lang='grc' dir='ltr'>οὔτε</span> <span class='ocrx_word' id='word_1_728' title='bbox 802 5683 986 5746; x_wconf 84' lang='grc' dir='ltr'>λίθους</span> <span class='ocrx_word' id='word_1_729' title='bbox 1020 5684 1262 5751; x_wconf 86' lang='grc' dir='ltr'>τέμνειν,</span> <span class='ocrx_word' id='word_1_730' title='bbox 1315 5682 1443 5753; x_wconf 88' lang='grc' dir='ltr'>μήτ’</span> <span class='ocrx_word' id='word_1_731' title='bbox 1464 5681 1634 5750; x_wconf 77' lang='grc' dir='ltr'>ἄλλην</span> <span class='ocrx_word' id='word_1_732' title='bbox 1681 5681 1881 5752; x_wconf 86' lang='grc' dir='ltr'>τέχνην</span> 
     </span>
    </p>
   </div>
   <div class='ocr_carea' id='block_1_103' title="bbox 297 5773 1881 5849">
    <p class='ocr_par' dir='ltr' id='par_1_103' title="bbox 297 5773 1881 5849">
     <span class='ocr_line' id='line_1_103' title="bbox 297 5773 1881 5849; baseline -0.005 -16"><span class='ocrx_word' id='word_1_733' title='bbox 297 5781 727 5849; x_wconf 64' lang='grc' dir='ltr'>ἐξεπιστάμενος</span> <span class='ocrx_word' id='word_1_734' title='bbox 748 5794 763 5812; x_wconf 75' lang='grc' dir='ltr'><strong>ο</strong></span> <span class='ocrx_word' id='word_1_735' title='bbox 800 5778 942 5849; x_wconf 85' lang='grc' dir='ltr'>μόνα</span> <span class='ocrx_word' id='word_1_736' title='bbox 968 5776 1024 5830; x_wconf 83' lang='grc' dir='ltr'>δὲ</span> <span class='ocrx_word' id='word_1_737' title='bbox 1073 5777 1204 5842; x_wconf 69' lang='grc' dir='ltr'>ξύλα</span> <span class='ocrx_word' id='word_1_738' title='bbox 1235 5777 1330 5831; x_wconf 81' lang='grc' dir='ltr'>καὶ</span> <span class='ocrx_word' id='word_1_739' title='bbox 1363 5776 1542 5839; x_wconf 84' lang='grc' dir='ltr'>λίθους</span> <span class='ocrx_word' id='word_1_740' title='bbox 1573 5774 1753 5844; x_wconf 76' lang='grc' dir='ltr'>αἴρειν</span> <span class='ocrx_word' id='word_1_741' title='bbox 1789 5773 1881 5827; x_wconf 70' lang='grc' dir='ltr'><strong>ἐπὶ</strong></span> 
     </span>
    </p>
   </div>
   <div class='ocr_carea' id='block_1_104' title="bbox 296 5866 1884 5955">
    <p class='ocr_par' dir='ltr' id='par_1_104' title="bbox 296 5866 1884 5955">
     <span class='ocr_line' id='line_1_104' title="bbox 296 5866 1884 5955; baseline -0.008 -24"><span class='ocrx_word' id='word_1_742' title='bbox 296 5874 407 5955; x_wconf 76' lang='grc' dir='ltr'>τῶν</span> <span class='ocrx_word' id='word_1_743' title='bbox 428 5873 597 5942; x_wconf 85' lang='grc' dir='ltr'>ώμων</span> <span class='ocrx_word' id='word_1_744' title='bbox 633 5870 988 5941; x_wconf 82' lang='grc' dir='ltr'>μεμαθηκώς.</span> <span class='ocrx_word' id='word_1_745' title='bbox 1039 5868 1362 5925; x_wconf 79' lang='grc' dir='ltr'>Ποοσελθὼν</span> <span class='ocrx_word' id='word_1_746' title='bbox 1400 5870 1481 5935; x_wconf 75' lang='grc' dir='ltr'>δὲ,</span> <span class='ocrx_word' id='word_1_747' title='bbox 1522 5869 1669 5947; x_wconf 83' lang='grc' dir='ltr'>δυοῖν</span> <span class='ocrx_word' id='word_1_748' title='bbox 1708 5866 1884 5938; x_wconf 84' lang='grc' dir='ltr'>τεχνὲ-</span> 
     </span>
    </p>
   </div>
   <div class='ocr_carea' id='block_1_105' title="bbox 372 5985 822 6077">
    <p class='ocr_par' dir='ltr' id='par_1_105' title="bbox 372 5985 822 6077">
     <span class='ocr_line' id='line_1_105' title="bbox 372 5985 822 6077; baseline 0 -38"><span class='ocrx_word' id='word_1_749' title='bbox 372 5988 448 6077; x_wconf 78' lang='grc' dir='ltr'><strong>(ι)</strong></span> <span class='ocrx_word' id='word_1_750' title='bbox 485 5986 616 6071; x_wconf 78' lang='lat' dir='ltr'><strong>Cap.</strong></span> <span class='ocrx_word' id='word_1_751' title='bbox 640 6003 668 6041; x_wconf 75' lang='grc' dir='ltr'><strong>ν</strong></span> <span class='ocrx_word' id='word_1_752' title='bbox 700 5985 822 6041; x_wconf 74' lang='lat' dir='ltr'><strong>cod.</strong></span> 
     </span>
    </p>
   </div>
   <div class='ocr_carea' id='block_1_106' title="bbox 1984 4918 3562 5012">
    <p class='ocr_par' dir='ltr' id='par_1_106' title="bbox 1984 4918 3562 5012">
     <span class='ocr_line' id='line_1_106' title="bbox 1984 4918 3562 5012; baseline -0.016 -15"><span class='ocrx_word' id='word_1_753' title='bbox 1984 4940 2209 5012; x_wconf 88' lang='lat' dir='ltr'><strong>quidem</strong></span> <span class='ocrx_word' id='word_1_754' title='bbox 2238 4949 2295 4994; x_wconf 90' lang='lat' dir='ltr'><strong>et</strong></span> <span class='ocrx_word' id='word_1_755' title='bbox 2323 4937 2623 4991; x_wconf 81' lang='lat' dir='ltr'><strong>maximum</strong></span> <span class='ocrx_word' id='word_1_756' title='bbox 2650 4943 2705 4987; x_wconf 91' lang='lat' dir='ltr'><strong>et</strong></span> <span class='ocrx_word' id='word_1_757' title='bbox 2724 4926 3070 4985; x_wconf 84' lang='lat' dir='ltr'><strong>ornamentis</strong></span> <span class='ocrx_word' id='word_1_758' title='bbox 3096 4924 3265 4979; x_wconf 87' lang='lat' dir='ltr'><strong>variis</strong></span> <span class='ocrx_word' id='word_1_759' title='bbox 3292 4918 3562 4991; x_wconf 55' lang='lat' dir='ltr'><strong>etpraecia</strong></span> 
     </span>
    </p>
   </div>
   <div class='ocr_carea' id='block_1_107' title="bbox 1984 5013 3565 5103">
    <p class='ocr_par' dir='ltr' id='par_1_107' title="bbox 1984 5013 3565 5103">
     <span class='ocr_line' id='line_1_107' title="bbox 1984 5013 3565 5103; baseline -0.013 -17"><span class='ocrx_word' id='word_1_760' title='bbox 1984 5032 2111 5103; x_wconf 89' lang='lat' dir='ltr'><strong>puis</strong></span> <span class='ocrx_word' id='word_1_761' title='bbox 2163 5026 2594 5099; x_wconf 88' lang='lat' dir='ltr'><strong>pulcherrimum</strong></span> <span class='ocrx_word' id='word_1_762' title='bbox 2647 5024 2770 5079; x_wconf 92' lang='lat' dir='ltr'><strong>fuit.</strong></span> <span class='ocrx_word' id='word_1_763' title='bbox 2813 5022 3014 5077; x_wconf 82' lang='lat' dir='ltr'><strong>Verum</strong></span> <span class='ocrx_word' id='word_1_764' title='bbox 3060 5032 3187 5072; x_wconf 90' lang='lat' dir='ltr'><strong>cum</strong></span> <span class='ocrx_word' id='word_1_765' title='bbox 3216 5013 3464 5085; x_wconf 89' lang='lat' dir='ltr'><strong>lapidum</strong></span> <span class='ocrx_word' id='word_1_766' title='bbox 3505 5020 3565 5066; x_wconf 91' lang='lat' dir='ltr'><strong>et</strong></span> 
     </span>
    </p>
   </div>
   <div class='ocr_carea' id='block_1_108' title="bbox 1984 5104 3567 5188">
    <p class='ocr_par' dir='ltr' id='par_1_108' title="bbox 1984 5104 3567 5188">
     <span class='ocr_line' id='line_1_108' title="bbox 1984 5104 3567 5188; baseline -0.013 -11"><span class='ocrx_word' id='word_1_767' title='bbox 1984 5119 2232 5177; x_wconf 74' lang='lat' dir='ltr'><strong>materia:</strong></span> <span class='ocrx_word' id='word_1_768' title='bbox 2263 5126 2597 5174; x_wconf 88' lang='lat' dir='ltr'><strong>structuram</strong></span> <span class='ocrx_word' id='word_1_769' title='bbox 2631 5104 2861 5171; x_wconf 89' lang='lat' dir='ltr'><strong>solidam</strong></span> <span class='ocrx_word' id='word_1_770' title='bbox 2892 5119 2949 5166; x_wconf 89' lang='lat' dir='ltr'><strong>et</strong></span> <span class='ocrx_word' id='word_1_771' title='bbox 3005 5109 3217 5188; x_wconf 79' lang='lat' dir='ltr'><strong>ﬁrmam</strong></span> <span class='ocrx_word' id='word_1_772' title='bbox 3269 5105 3567 5160; x_wconf 88' lang='lat' dir='ltr'><strong>admodum</strong></span> 
     </span>
    </p>
   </div>
   <div class='ocr_carea' id='block_1_109' title="bbox 1984 5200 3567 5289">
    <p class='ocr_par' dir='ltr' id='par_1_109' title="bbox 1984 5200 3567 5289">
     <span class='ocr_line' id='line_1_109' title="bbox 1984 5200 3567 5289; baseline -0.013 -17"><span class='ocrx_word' id='word_1_773' title='bbox 1984 5215 2281 5289; x_wconf 67' lang='lat' dir='ltr'><strong>praefectus</strong></span> <span class='ocrx_word' id='word_1_774' title='bbox 2316 5227 2437 5268; x_wconf 88' lang='lat' dir='ltr'><strong>esse</strong></span> <span class='ocrx_word' id='word_1_775' title='bbox 2459 5218 2736 5271; x_wconf 83' lang='lat' dir='ltr'><strong>cerneret,</strong></span> <span class='ocrx_word' id='word_1_776' title='bbox 2771 5208 2891 5262; x_wconf 85' lang='lat' dir='ltr'><strong>ﬁeri</strong></span> <span class='ocrx_word' id='word_1_777' title='bbox 2924 5221 3035 5261; x_wconf 92' lang='lat' dir='ltr'><strong>non</strong></span> <span class='ocrx_word' id='word_1_778' title='bbox 3056 5218 3218 5272; x_wconf 87' lang='lat' dir='ltr'><strong>posse</strong></span> <span class='ocrx_word' id='word_1_779' title='bbox 3250 5200 3567 5271; x_wconf 88' lang='lat' dir='ltr'><strong>putavit,ut</strong></span> 
     </span>
    </p>
   </div>
   <div class='ocr_carea' id='block_1_110' title="bbox 1987 5293 3569 5375">
    <p class='ocr_par' dir='ltr' id='par_1_110' title="bbox 1987 5293 3569 5375">
     <span class='ocr_line' id='line_1_110' title="bbox 1987 5293 3569 5375; baseline -0.013 -12"><span class='ocrx_word' id='word_1_780' title='bbox 1987 5317 2137 5363; x_wconf 88' lang='lat' dir='ltr'><strong>tanta</strong></span> <span class='ocrx_word' id='word_1_781' title='bbox 2154 5317 2419 5375; x_wconf 80' lang='lat' dir='ltr'><strong>compago</strong></span> <span class='ocrx_word' id='word_1_782' title='bbox 2443 5302 2582 5358; x_wconf 80' lang='lat' dir='ltr'><strong>solvi</strong></span> <span class='ocrx_word' id='word_1_783' title='bbox 2616 5309 2709 5356; x_wconf 86' lang='lat' dir='ltr'><strong>aut</strong></span> <span class='ocrx_word' id='word_1_784' title='bbox 2743 5301 2887 5354; x_wconf 87' lang='lat' dir='ltr'><strong>dirui</strong></span> <span class='ocrx_word' id='word_1_785' title='bbox 2914 5306 3116 5367; x_wconf 88' lang='lat' dir='ltr'><strong>posset.</strong></span> <span class='ocrx_word' id='word_1_786' title='bbox 3151 5293 3382 5348; x_wconf 66' lang='lat' dir='ltr'><strong>Maxima</strong></span> <span class='ocrx_word' id='word_1_787' title='bbox 3415 5304 3569 5344; x_wconf 59' lang='lat' dir='ltr'><strong>nam-</strong></span> 
     </span>
    </p>
   </div>
   <div class='ocr_carea' id='block_1_111' title="bbox 1987 5381 3567 5474">
    <p class='ocr_par' dir='ltr' id='par_1_111' title="bbox 1987 5381 3567 5474">
     <span class='ocr_line' id='line_1_111' title="bbox 1987 5381 3567 5474; baseline -0.015 -16"><span class='ocrx_word' id='word_1_788' title='bbox 1987 5418 2094 5474; x_wconf 90' lang='lat' dir='ltr'><strong>que</strong></span> <span class='ocrx_word' id='word_1_789' title='bbox 2115 5415 2243 5456; x_wconf 84' lang='lat' dir='ltr'><strong>saxa</strong></span> <span class='ocrx_word' id='word_1_790' title='bbox 2267 5397 2554 5454; x_wconf 88' lang='lat' dir='ltr'><strong>immensis</strong></span> <span class='ocrx_word' id='word_1_791' title='bbox 2593 5392 2949 5450; x_wconf 79' lang='lat' dir='ltr'><strong>ferramentis</strong></span> <span class='ocrx_word' id='word_1_792' title='bbox 2979 5401 3036 5445; x_wconf 81' lang='lat' dir='ltr'><strong>et</strong></span> <span class='ocrx_word' id='word_1_793' title='bbox 3072 5388 3300 5460; x_wconf 86' lang='lat' dir='ltr'><strong>plumbo</strong></span> <span class='ocrx_word' id='word_1_794' title='bbox 3346 5381 3567 5446; x_wconf 73' lang='lat' dir='ltr'><strong>ditiuso,</strong></span> 
     </span>
    </p>
   </div>
   <div class='ocr_carea' id='block_1_112' title="bbox 1985 5480 3558 5563">
    <p class='ocr_par' dir='ltr' id='par_1_112' title="bbox 1985 5480 3558 5563">
     <span class='ocr_line' id='line_1_112' title="bbox 1985 5480 3558 5563; baseline -0.013 -14"><span class='ocrx_word' id='word_1_795' title='bbox 1985 5511 2051 5551; x_wconf 80' lang='lat' dir='ltr'><strong>ex</strong></span> <span class='ocrx_word' id='word_1_796' title='bbox 2079 5493 2229 5548; x_wconf 78' lang='lat' dir='ltr'><strong>onnti</strong></span> <span class='ocrx_word' id='word_1_797' title='bbox 2259 5500 2413 5563; x_wconf 89' lang='lat' dir='ltr'><strong>parte</strong></span> <span class='ocrx_word' id='word_1_798' title='bbox 2433 5497 2560 5559; x_wconf 88' lang='lat' dir='ltr'><strong>apte</strong></span> <span class='ocrx_word' id='word_1_799' title='bbox 2586 5497 2871 5557; x_wconf 88' lang='lat' dir='ltr'><strong>compacta</strong></span> <span class='ocrx_word' id='word_1_800' title='bbox 2901 5480 3346 5550; x_wconf 81' lang='lat' dir='ltr'><strong>etconglutinata</strong></span> <span class='ocrx_word' id='word_1_801' title='bbox 3373 5482 3558 5530; x_wconf 89' lang='lat' dir='ltr'><strong>erant.</strong></span> 
     </span>
    </p>
   </div>
   <div class='ocr_carea' id='block_1_113' title="bbox 1987 5569 3564 5655">
    <p class='ocr_par' dir='ltr' id='par_1_113' title="bbox 1987 5569 3564 5655">
     <span class='ocr_line' id='line_1_113' title="bbox 1987 5569 3564 5655; baseline -0.011 -16"><span class='ocrx_word' id='word_1_802' title='bbox 1987 5585 2151 5655; x_wconf 74' lang='lat'><strong><em>277</em></strong></span> <span class='ocrx_word' id='word_1_803' title='bbox 2183 5583 2351 5637; x_wconf 82' lang='lat' dir='ltr'><strong>Divus</strong></span> <span class='ocrx_word' id='word_1_804' title='bbox 2383 5593 2567 5636; x_wconf 90' lang='lat' dir='ltr'><strong>autem</strong></span> <span class='ocrx_word' id='word_1_805' title='bbox 2605 5577 2896 5634; x_wconf 77' lang='lat' dir='ltr'><strong>Marceilus</strong></span> <span class='ocrx_word' id='word_1_806' title='bbox 2929 5574 3246 5644; x_wconf 60' lang='lat' dir='ltr'><strong>praefectum</strong></span> <span class='ocrx_word' id='word_1_807' title='bbox 3299 5569 3380 5625; x_wconf 90' lang='lat' dir='ltr'><strong>sic</strong></span> <span class='ocrx_word' id='word_1_808' title='bbox 3408 5569 3564 5623; x_wconf 75' lang='lat' dir='ltr'><strong>labe-</strong></span> 
     </span>
    </p>
   </div>
   <div class='ocr_carea' id='block_1_114' title="bbox 1987 5661 3568 5733">
    <p class='ocr_par' dir='ltr' id='par_1_114' title="bbox 1987 5661 3568 5733">
     <span class='ocr_line' id='line_1_114' title="bbox 1987 5661 3568 5733; baseline -0.009 -2"><span class='ocrx_word' id='word_1_809' title='bbox 1987 5693 2101 5731; x_wconf 86' lang='lat' dir='ltr'><strong>rem</strong></span> <span class='ocrx_word' id='word_1_810' title='bbox 2136 5690 2261 5730; x_wconf 88' lang='lat' dir='ltr'><strong>eum</strong></span> <span class='ocrx_word' id='word_1_811' title='bbox 2291 5673 2742 5730; x_wconf 81' lang='lat' dir='ltr'><strong>reformidantem</strong></span> <span class='ocrx_word' id='word_1_812' title='bbox 2775 5683 3029 5729; x_wconf 88' lang='lat' dir='ltr'><strong>cernens,</strong></span> <span class='ocrx_word' id='word_1_813' title='bbox 3055 5665 3206 5719; x_wconf 88' lang='lat' dir='ltr'><strong>illum</strong></span> <span class='ocrx_word' id='word_1_814' title='bbox 3233 5661 3455 5733; x_wconf 88' lang='lat' dir='ltr'><strong>quidem</strong></span> <span class='ocrx_word' id='word_1_815' title='bbox 3500 5661 3568 5716; x_wconf 85' lang='lat' dir='ltr'><strong>ad</strong></span> 
     </span>
    </p>
   </div>
   <div class='ocr_carea' id='block_1_115' title="bbox 1989 5757 3567 5836">
    <p class='ocr_par' dir='ltr' id='par_1_115' title="bbox 1989 5757 3567 5836">
     <span class='ocr_line' id='line_1_115' title="bbox 1989 5757 3567 5836; baseline -0.011 -10"><span class='ocrx_word' id='word_1_816' title='bbox 1989 5771 2123 5827; x_wconf 84' lang='lat' dir='ltr'><strong>alias</strong></span> <span class='ocrx_word' id='word_1_817' title='bbox 2157 5769 2323 5824; x_wconf 87' lang='lat' dir='ltr'><strong>urbes</strong></span> <span class='ocrx_word' id='word_1_818' title='bbox 2352 5768 2585 5823; x_wconf 83' lang='lat' dir='ltr'><strong>transire</strong></span> <span class='ocrx_word' id='word_1_819' title='bbox 2620 5764 2819 5836; x_wconf 76' lang='lat' dir='ltr'><strong>jussit:</strong></span> <span class='ocrx_word' id='word_1_820' title='bbox 2859 5764 2978 5831; x_wconf 81' lang='lat' dir='ltr'><strong>ipse</strong></span> <span class='ocrx_word' id='word_1_821' title='bbox 3018 5768 3199 5815; x_wconf 82' lang='lat' dir='ltr'><strong>autem</strong></span> <span class='ocrx_word' id='word_1_822' title='bbox 3226 5757 3399 5811; x_wconf 78' lang='lat' dir='ltr'><strong>Deum</strong></span> <span class='ocrx_word' id='word_1_823' title='bbox 3436 5768 3567 5825; x_wconf 83' lang='lat' dir='ltr'><strong>pre-</strong></span> 
     </span>
    </p>
   </div>
   <div class='ocr_carea' id='block_1_116' title="bbox 1987 5845 3565 5928">
    <p class='ocr_par' dir='ltr' id='par_1_116' title="bbox 1987 5845 3565 5928">
     <span class='ocr_line' id='line_1_116' title="bbox 1987 5845 3565 5928; baseline -0.01 -10"><span class='ocrx_word' id='word_1_824' title='bbox 1987 5873 2144 5919; x_wconf 87' lang='lat' dir='ltr'><strong>catus</strong></span> <span class='ocrx_word' id='word_1_825' title='bbox 2168 5871 2274 5928; x_wconf 89' lang='lat' dir='ltr'><strong>est,</strong></span> <span class='ocrx_word' id='word_1_826' title='bbox 2299 5869 2359 5916; x_wconf 93' lang='lat' dir='ltr'><strong>ut</strong></span> <span class='ocrx_word' id='word_1_827' title='bbox 2387 5860 2464 5917; x_wconf 77' lang='lat' dir='ltr'><strong>rei</strong></span> <span class='ocrx_word' id='word_1_828' title='bbox 2503 5868 2612 5914; x_wconf 85' lang='lat' dir='ltr'><strong>tam</strong></span> <span class='ocrx_word' id='word_1_829' title='bbox 2645 5855 2834 5921; x_wconf 79' lang='lat' dir='ltr'><strong>ditiicli</strong></span> <span class='ocrx_word' id='word_1_830' title='bbox 2892 5866 2950 5911; x_wconf 88' lang='lat' dir='ltr'><strong>et</strong></span> <span class='ocrx_word' id='word_1_831' title='bbox 3007 5852 3311 5923; x_wconf 62' lang='lat' dir='ltr'><strong>desperatae</strong></span> <span class='ocrx_word' id='word_1_832' title='bbox 3356 5845 3565 5915; x_wconf 71' lang='lat' dir='ltr'><strong>exitum</strong></span> 
     </span>
    </p>
   </div>
  </div>
