4062 6426
213 340 323 403 833

1172 342 1779 405 ECCLESIASTICIE
1818 343 2207 403 IllSTOlll.-E
2240 344 2386 405 LIB.
2428 343 2565 405 XII.

3397 346 3467 409 8's
3483 350 3505 405 ι

211 450 614 522 προσϐαλόντες
645 452 904 525 συνέσχον
924 468 939 484 ⁸
972 455 1070 508 καὶ
1102 456 1286 527 πυρὰν
1312 458 1604 526 νήσαντες,
1646 472 1806 510 κατε-

1912 453 2172 523 celebris)
2218 456 2482 526 templum
2514 454 2816 511 maximum
2843 455 2983 511 fuit:
3028 466 3219 514 contra
3269 456 3322 511 id
3362 459 3498 511 mili-

207 544 528 610 τέφρωσαν.
582 545 694 597 Καὶ
723 544 846 597 τότε
890 548 987 614 μὲν
1015 545 1209 600 ἔλαθον
1234 587 1249 612 ,
1302 550 1479 618 χρόνῳ
1525 550 1581 601 δὲ
1616 564 1806 616 φωρα-

209 633 425 700 Θέντες,
453 635 642 691 δοῦναι
678 637 835 708 δίκην
888 640 1027 710 πρὸς
1073 639 1185 691 τῶν
1219 639 1429 693 παεδων
1477 639 1802 709 Μαρκέλλου

208 724 508 795 ἠπείγοντο
529 745 543 760 θ
576 733 842 799 τιμωρεῖν
865 731 972 800 γὰρ
1005 730 1303 802 ἠϐούλοντο
1330 732 1406 801 τῷ
1450 733 1622 801 πατρί
1648 749 1663 765 ο
1695 735 1727 801 ἡ
1758 731 1806 785 δ’

203 818 512 889 ἐπιχώριος
542 818 802 873 διεκώλυε
854 820 1091 885 σύνοδος,
1128 821 1433 876 ὲπειποῦσα
1466 825 1539 892 μὴ
1568 823 1680 874 δεῖν
1710 821 1805 873 ἐπὶ

209 915 533 984 μαρτυρικῇ
575 916 801 985 τελευτῇ
850 914 1003 977 δίκας
1063 914 1401 983 λαμϐάνειν
1438 915 1641 985 χρῆναι
1691 914 1802 983 γὰρ

205 1008 375 1075 χάριν
405 1006 691 1075 ὁμολογεῖν
721 1010 786 1077 τῇ
820 1007 1046 1081 τοιαύτῃ
1096 1009 1160 1077 δὴ
1210 1007 1439 1079 τελευτῇ
1463 1023 1475 1037 ’
1515 1008 1613 1061 καὶ
1639 1024 1803 1077 σκιρο

207 1099 311 1169 τᾷν
341 1096 466 1159 τούς
500 1113 561 1149 τε
593 1096 793 1160 παῖδας
844 1099 940 1152 καὶ
968 1100 1160 1168 φίλους
1209 1097 1304 1153 καὶ
1344 1099 1502 1166 γένος
1529 1098 1678 1152 ἆπαν
1703 1099 1803 1151 αὑ-

202 1189 328 1255 τοῦ,
356 1189 431 1251 ὠς
462 1190 603 1260 ὑπὲρ
636 1189 771 1243 Θεοῦ
820 1190 1132 1260 ἠξιωμένου
1188 1190 1391 1245 θανεῖν.
1442 1191 1523 1244 Τά
1580 1191 1679 1259 μὲν
1711 1187 1805 1245 οῦν

202 1282 320 1335 τῶν
356 1280 593 1336 εἰδώλων
618 1284 826 1353 τεμένη
856 1283 1113 1355 τηνικάδε
1140 1284 1330 1337 τοῦτον
1381 1282 1663 1355 καθῃρέθη
1710 1282 1802 1336 τὸν

205 1376 439 1446 τρόπον.

1913 546 2067 600 tibus
2097 558 2149 600 et
2187 548 2599 616 gladiatoribus
2625 549 2701 617 (l)
2737 549 3038 618 assumptis
3091 560 3176 605 est
3200 549 3502 619 profer-tus.

1908 637 1989 691 Ad
2023 638 2171 707 quod
2197 654 2319 693 cum
2361 656 2530 709 prope
2560 650 2789 696 ventum
2813 650 2918 706 est,
2938 658 3116 712 pugna
3145 651 3229 695 est
3251 644 3502 694 commis-

1907 744 1989 784 sa.
2013 729 2137 799 Ipse
2160 741 2341 785 autem
2365 743 2518 787 extra
2545 735 2777 789 telorum
2819 736 3027 803 jactum
3056 734 3325 788 consmit.
3350 734 3502 798 Quod

1907 822 2058 875 enim
2096 824 2334 893 pedibus
2361 841 2505 896 mger
2555 839 2729 892 esset,
2765 845 2946 898 neque
2983 831 3048 882 ad
3096 829 3502 897 insequendum

1910 931 2092 985 neque
2130 916 2196 969 ad
2258 916 2582 986 fugiendum
2633 920 2868 975 idoneus
2922 932 3062 976 erat.
3120 923 3255 975 Cum
3323 917 3505 972 au‘ttm

1908 1006 2116 1059 milites
2148 1016 2203 1059 et
2255 1007 2590 1077 gladiatores
2618 1027 2814 1076 magno
2845 1014 3033 1066 s'udio
3091 1011 3144 1067 in
3182 1021 3503 1080 potestatem

1906 1112 2060 1152 suam
2092 1098 2357 1166 templum
2389 1099 2639 1166 redigere
2672 1104 3097 1165 contenderent,
3120 1113 3173 1158 et
3209 1119 3273 1157 ex
3304 1103 3504 1155 (irazcae

1908 1188 2331 1260 superstitionis
2369 1192 2686 1246 cultoribus
2714 1194 2964 1247 nonnulli
2997 1195 3173 1247 solum
3204 1210 3326 1247 cum
3356 1194 3406 1245 in
3444 1207 3505 1244 ea

1909 1293 2088 1351 parte,
2118 1284 2211 1339 ubi
2247 1299 2424 1354 pugna
2465 1286 2609 1338 nulla
2643 1293 2829 1345 esset,
2866 1287 3183 1340 consedisse
3214 1287 3505 1351 cognovis-

1911 1384 2059 1441 sent,
2108 1375 2294 1431 subito
2323 1392 2450 1431 eum
2481 1390 2807 1447 oppressum
2867 1378 3430 1447 comprehenderunt.
3453 1387 3505 1430 et

205 1484 346 1540 pyra
394 1483 621 1526 accensa
654 1470 1105 1529 combusserunt.
1138 1473 1216 1527 Ac
1269 1477 1385 1525 tum
1437 1469 1661 1541 quidem
1726 1467 1804 1524 illi
1844 1468 2091 1525 facinore
2155 1478 2373 1540 patrato
2399 1470 2633 1526 latuere.
2701 1470 2896 1525 Postea
2931 1486 3059 1524 vero
3108 1471 3360 1525 criminis
3389 1470 3511 1538 ejus

205 1566 508 1634 comperti,
541 1581 570 1620 a
602 1566 846 1622 Marcelli
890 1568 1083 1623 liberis
1116 1567 1182 1622 ad
1245 1568 1547 1640 legitimam
1615 1582 1833 1648 poenam
1873 1574 2002 1621 sunt
2072 1566 2376 1636 postulati:
2419 1567 2623 1621 caedem
2684 1568 2833 1621 enim
2886 1569 3059 1637 patris
3096 1567 3378 1621 vindicare
3434 1566 3509 1620 illi

207 1660 533 1718 voluerunt.
567 1661 675 1717 Sed
712 1662 764 1717 id
796 1663 1000 1718 factum
1038 1664 1283 1735 synodus
1348 1664 1702 1735 Provincialis
1760 1661 2065 1732 prohibuit,
2133 1677 2245 1715 non
2299 1661 2686 1716 vindicandam
2722 1670 3027 1732 martyrum
3085 1671 3358 1725 mortem,
3412 1659 3509 1710 sed

208 1753 420 1821 gratias
449 1755 632 1824 potius
655 1771 717 1809 ea
741 1755 810 1811 de
837 1772 1001 1812 causa
1044 1757 1156 1811 Deo
1190 1757 1428 1827 agendas
1487 1772 1629 1820 esse,
1695 1756 2014 1826 liberosque
2079 1765 2244 1826 atque
2280 1755 2491 1812 amicos
2516 1767 2570 1810 et
2628 1772 2809 1825 genus
2843 1771 3040 1810 eorum
3078 1770 3275 1845 6omne
3306 1753 3510 1823 gaudio

206 1844 441 1913 exsilire
472 1846 677 1903 debere
709 1862 965 1915 censeus,
993 1850 1139 1921 quod
1175 1850 1254 1905 illi
1278 1850 1457 1904 honor
1494 1858 1707 1915 tantus,
1776 1856 1838 1901 ut
1880 1863 1980 1918 pro
2015 1846 2112 1902 Dei
2153 1847 2380 1902 nomine
2436 1857 2667 1902 mortem
2702 1856 3007 1918 oppeteret,
3041 1844 3357 1918 centigerit.
3388 1846 3510 1901 ldo-

211 1935 396 1994 lorqu
463 1940 664 2012 templa
714 1956 782 1997 eo
832 1950 1080 2014 tempore
1124 1944 1191 1997 ad
1247 1943 1398 1999 hunc
1446 1943 1565 1999 solo
1594 1948 1805 2012 aequata
1829 1949 1961 1995 sunt
1990 1940 2236 1995 modum.

779 2083 1036 2139 ΚΕΦΔΛ.
1078 2085 1215 2139 KH'.

222 2170 321 2234 Ὠς
348 2171 678 2244 ΑΝεκτάριος
711 2173 943 2242 πρῶτος
968 2173 1183 2244 ἀφεῖλε
1212 2176 1321 2229 τὸν
1341 2175 1414 2228 ἐν
1440 2175 1572 2242 ταῖς
1593 2175 1813 2243 ἐκκλη-

289 2242 451 2315 σίαις
475 2240 544 2295 ἐκ
579 2240 843 2298 πα.ιαὶοῦ
907 2240 1269 2315 τετὶιγμένον
1326 2246 1427 2299 ἐπὶ
1467 2240 1578 2313 τῆξ
1635 2240 1812 2315 μετιε-

289 2312 463 2376 νοίιις
491 2316 961 2384 πρεσϐύτερον
1000 2312 1098 2369 καὶ
1131 2316 1263 2384 περὶ
1302 2312 1533 2384 τρόπον
1578 2312 1691 2371 κάι
1709 2316 1807 2369 τό-

290 2398 409 2507 ξιτὲυ
440 2382 558 2507 tlcbr
574 2382 1037 2454 μετανοούντων
1097 2386 1167 2439 ἐν
1205 2382 1296 2455 ’τῇ
1331 2382 1642 2457 Ῥωμαίων
1688 2387 1813 2440 Ἐκ-

373 2468 460 2507 na'
485 2472 544 2507 α.

373 2468 544 2523 ησιᾳ.

289 2569 427 2622 Τότε
460 2568 644 2624 τοίνυν
671 2568 768 2623 καὶ
816 2570 1133 2642 Νεκτάριος
1185 2571 1215 2623 ό
1245 2571 1350 2642 τῆς
1390 2572 1810 2627 Κωνσταντίνου

209 2657 318 2728 τὴν
343 2656 680 2729 Ἐκκλησίαν
704 2659 1088 2730 ἐπιτροπεύων
1134 2661 1354 2733 πρῶτος
1386 2664 1608 2718 πάντων
1632 2663 1726 2718 τὸν
1748 2665 1812 2717 ἐκ

213 2752 421 2805 πολλοῦ
458 2751 589 2805 όντα
623 2756 745 2817 ταῖς
796 2752 1124 2824 ἐκκλησίαις
1164 2756 1543 2827 πρεσϐύτερον
1575 2758 1669 2811 ἐπὶ
1699 2758 1812 2811 τῶν

217 2844 636 2914 μετανοούντων
690 2848 1048 2900 κατέπαυεν⁶
1103 2841 1148 2915 ᾧ
1179 2847 1316 2918 δῆτα
1345 2851 1439 2902 κοιλ⁵
1468 2851 1518 2903 οἱ
1566 2851 1670 2904 ἀνά
1712 2851 1812 2922 τὴν

217 2939 336 2992 Ἕω
372 2938 578 3003 πάντες
628 2939 818 3009 σχεδὸν
863 2939 1151 2994 ἐπίσκοποι
1177 2942 1577 3015 ἠκολούθησαν.
1638 2945 1705 2997 Ti
1753 2945 1812 3000 δὲ

212 3030 381 3083 τοῦτό
415 3033 553 3094 ἐστι,
586 3031 685 3084 καὶ
713 3030 840 3084 ὅθεν
860 3032 961 3101 τὴν
993 3033 1170 3105 ἀρχὴν
1205 3034 1356 3106 έσχε,
1405 3039 1501 3088 καὶ
1526 3035 1615 3089 διὰ
1648 3037 1812 3092 ποίαν

213 3125 402 3180 αἰτίαν
437 3124 497 3178 τό
528 3140 593 3195 γε
630 3122 727 3177 νῦν
771 3124 899 3196 ἔχον
929 3124 1149 3196 ἔληγεν,
1175 3127 1326 3181 ἄλλοι
1362 3128 1463 3198 μὲν
1496 3127 1633 3183 ἄλλα
1680 3129 1811 3200 περὶ

213 3219 409 3273 τούτου
438 3217 736 3297 ἱστόρησαν
758 3233 773 3249 ·
809 3216 925 3287 ἑγὼ
967 3217 1012 3272 δ’
1038 3219 1116 3283 ὼς
1143 3219 1256 3290 ἔχει
1286 3219 1521 3290 τάληθὲς
1547 3220 1810 3294 διηγήσο-

219 3328 345 3381 μαι.
374 3310 529 3363 Ἐπεὶ
575 3310 685 3381 γὰρ
711 3311 770 3363 τὸ
795 3310 1066 3382 μηδαμῶς
1089 3312 1361 3384 ἁμαρτεῖν
1388 3315 1488 3384 οὐχ
1514 3315 1807 3385 ἡμέτερον,

214 3404 319 3474 τῆς
345 3402 402 3455 δὲ
429 3401 580 3467 Θείας
612 3404 707 3456 καὶ
738 3402 1026 3473 ἀκηράτου
1052 3404 1271 3474 φύσεως
1304 3404 1456 3471 ἴδιον,
1489 3407 1625 3476 ἡμῖν
1654 3406 1710 3459 δὲ
1740 3409 1807 3476 τῇ
1837 3439 1879 3496 c

216 3494 531 3564 παρεῦάσει
555 3493 816 3560 καθάπαξ
842 3494 1297 3567 κληρωσαμένοις
1326 3496 1388 3550 τὸ
1414 3497 1766 3568 πλημμελεῖν
1790 3513 1805 3530 ·

216 3585 551 3656 συγγνώμην
598 3585 813 3639 κελεύει
844 3586 979 3652 Θεὸς
1027 3586 1329 3658 μεταμέλῳ
1377 3587 1628 3659 ἀναλόγῳ
1662 3605 1807 3659 χρω-

217 3676 404 3747 μένοις
427 3676 505 3748 τῷ
530 3676 921 3746 παραιτεῖσθαι
938 3676 1034 3730 τοῦ
1066 3676 1258 3732 λοιποῦ
1290 3677 1385 3731 καὶ
1414 3678 1807 3747 συνομολογεῖν

212 3771 275 3822 τὸ
294 3768 623 3839 ἁμάρτημα.
655 3765 922 3838 Φορτικὸν
949 3768 995 3822 δ’
1027 3769 1234 3823 ὡσανεὶ
1261 3772 1374 3834 τοῖς
1416 3760 1647 3839 ἔγγιστα
1671 3771 1807 3841 Χριο

212 3860 344 3915 στοῦ
379 3861 614 3932 ἱερεῦσιν
647 3860 851 3927 ἔδοξεν,
880 3862 939 3915 ἐν
968 3862 1121 3932 μέσῳ
1151 3862 1227 3933 τῷ
1262 3863 1459 3934 πλήθει
1496 3865 1570 3929 ὡς
1599 3868 1657 3920 ὲν
1682 3866 1808 3921 θεά-

210 3972 326 4026 τρῳ
359 3953 428 4007 τά
476 3953 953 4024 πλημμελούμενα
979 3954 1352 4024 ἐξαγγέλλειν,
1388 3956 1487 4010 ἕνα
1519 3956 1629 4010 τῶν
1669 3973 1806 4028 πρε-

211 4046 497 4116 σϐυτέρων
522 4045 757 4116 άρῖστως
784 4044 1026 4115 βιοῦντα,
1060 4048 1331 4118 ὲχέμυθόν
1362 4067 1416 4102 τε
1451 4050 1543 4103 καὶ
1567 4049 1803 4121 σώφρον’

206 4139 637 4210 ἀπολεξάμενοι,
673 4141 765 4194 ἐπὶ
785 4139 863 4211 τῷ
903 4142 1028 4202 τοὺς
1061 4142 1391 4210 ἐξαγορεξας
1419 4143 1670 4213 δέχεσθαι
1694 4144 1804 4196 τῶν

211 4230 622 4301 μετανοούντων
642 4230 937 4300 τετάχασιν
961 4245 974 4259 ’
1008 4222 1053 4297 ᾧ
1085 4230 1206 4283 κατ’
1239 4231 1375 4284 ἰδίαν
1406 4232 1706 4300 γινόμενοι,
1733 4231 1804 4285 τὰ

206 4323 401 4387 κακῶς
435 4324 747 4395 πραχθέντα
796 4324 1133 4393 διήγγελλον.
1197 4324 1257 4376 '0
1295 4324 1340 4376 δ’
1373 4324 1612 4386 ἀκούων,
1675 4325 1702 4377 ό
1748 4340 1802 4377 τι

209 4414 321 4486 χρὴ
374 4413 580 4485 πρᾶξαι
630 4415 917 4487 ἦὲκτῐσαι
975 4414 1092 4479 θεὶς
1145 4416 1450 4486 ἐπιτίμιον,
1500 4415 1802 4486 συνεχώρει

204 4508 354 4561 ὥστε
388 4509 537 4578 παρὰ
589 4509 741 4576 σφῶν
770 4508 952 4565 αὐτῶν
973 4509 1082 4563 τῶν
1120 4509 1449 4579 πραξάντων
1472 4509 1563 4561 καὶ
1601 4507 1700 4580 τὴν
1729 4507 1804 4560 δί-

209 4612 317 4666 κην
346 4596 776 4667 εἰσπράξασθαι.
808 4597 975 4652 Ἀλλά
1015 4599 1382 4664 Ναυατιανοῖς
1410 4600 1643 4670 οὐδεμία
1672 4599 1801 4670 περὶ

213 4691 407 4743 τούτου
434 4691 549 4745 ἐστι
584 4690 819 4762 σπουδή.
847 4692 1021 4762 Λόγος
1052 4709 1115 4761 γε
1155 4691 1262 4764 μὴν
1298 4692 1434 4764 ἔχει,
1470 4694 1565 4748 καὶ
1597 4694 1666 4747 δι’
1701 4693 1800 4748 αύ-

1780 2085 1884 2145 -Β

2340 2083 2506 2154 279
2561 2083 2791 2140 CAPUT
2834 2082 3076 2140 XXVIII.

1918 2173 1981 2229 Ut
2017 2175 2295 2231 Nectarius
2342 2178 2544 2247 primus
2588 2179 2952 2247 presbyterum
3003 2178 3059 2230 in
3106 2176 3334 2230 ecclesiis
3366 2176 3510 2229 anti-

1983 2247 2158 2318 quitus
2198 2258 2414 2318 prapter
2441 2250 2749 2318 praenitentes
2776 2250 3083 2301 ordinatum
3115 2249 3380 2317 {unctione
3405 2263 3507 2318 sua

1986 2315 2203 2388 moverit
2240 2315 2335 2371 εει
2372 2315 2450 2372 (ἰδ’
2474 2317 2585 2372 loco
2619 2327 2668 2372 et
2702 2319 2853 2373 modo
2895 2315 3261 2388 paenitentiam
3305 2319 3361 2371 in
3399 2315 3506 2370 Ro-

1984 2403 2147 2442 mana
2189 2387 2448 2445 Ecclesia.

1983 2569 2125 2624 Tum
2162 2568 2331 2625 etiam
2379 2558 2696 2636 Nectarius,
2728 2567 3361 2640 Constantinopolitanae
3409 2571 3510 2623 Ee—

1912 2663 2097 2719 elesiaa
2129 2672 2371 2729 curator,
2399 2664 2613 2732 primus
2637 2665 2907 2725 omnium.
2944 2663 3287 2732 presbytero,
3324 2668 3420 2733 qui
3475 2681 3505 2717 a

1915 2754 2092 2808 multo
2116 2761 2389 2823 tempore,
2428 2752 2484 2807 in
2515 2753 2791 2820 ecclesiis,
2819 2753 3223 2821 pmnitentihus
3249 2764 3506 2823 praeerat,

1915 2847 2240 2917 dignitatem
2263 2831 2581 2914 abrogavit.
2616 2845 2794 2910 Quem
2831 2844 2998 2898 etiam
3032 2844 3147 2899 fere
3187 2845 3506 2898 Orientales

1913 2939 2155 3008 episcopi
2188 2952 2382 2992 omnes
2408 2937 2581 2991 secuti
2618 2947 2768 2991 sunt.
2822 2936 2969 3002 Quid
3007 2953 3136 2992 vero
3196 2936 3249 2991 id
3300 2938 3394 2997 sit.
3451 2947 3507 2991 et

1915 3030 2062 3085 unde
2085 3029 2305 3084 initium
2339 3030 2663 3100 sumpserit,
2700 3038 2756 3084 et
2778 3044 2942 3099 quam
2999 3029 3070 3083 ob
3118 3044 3340 3085 causam
3388 3041 3503 3084 tum

1912 3136 2035 3177 esse
2070 3121 2321 3183 desierit,
2365 3121 2459 3175 alii
2493 3121 2600 3175 alia
2633 3122 2917 3176 memoriae
2944 3122 3333 3191 prodiderunt.
3382 3122 3500 3193 Ego

1914 3222 2358 3276 autem,utsese
2409 3226 2501 3269 res
2560 3213 2680 3284 ipsa
2729 3229 2858 3269 vere
2923 3213 3143 3277 habeat,
3209 3231 3503 3285 exponam.

1912 3306 2368 3377 Quandoquidem
2384 3307 2520 3376 nihil
2540 3306 2749 3376 peccati
2764 3306 3075 3367 admittere.
3099 3324 3206 3361 non
3227 3310 3501 3370 humanae.

1912 3399 2008 3455 sed
2039 3400 2237 3455 divina:
2266 3410 2321 3456 et
2343 3398 2677 3454 immortalis
2709 3408 2925 3454 natura:
2952 3400 3234 3470 proprium
3261 3411 3366 3467 est,
3404 3418 3507 3458 nos

1912 3500 2095 3546 autem
2124 3506 2223 3561 per
2250 3490 2745 3561 transgressionem
2768 3491 2945 3546 semel
2973 3493 3236 3562 peccandi
3273 3494 3506 3550 haeredi-

1915 3594 2081 3640 tatem
2108 3583 2405 3649 adivimus,
2433 3583 2766 3639 delictorum
2795 3585 2941 3640 Deus
2975 3586 3193 3640 veniam
3231 3588 3316 3642 eis
3367 3605 3505 3644 con-

1914 3676 2115 3733 cedere
2161 3677 2348 3747 jussit,
2375 3677 2470 3748 qui
2494 3676 2736 3749 legitima
2758 3686 2815 3732 et
2837 3678 3188 3734 convenienti
3227 3683 3507 3750 pmniten-

1913 3770 1982 3825 tia
2024 3771 2133 3835 usi,
2173 3769 2439 3838 deinceps
2475 3768 2638 3824 simul
2680 3780 2969 3840 peccatum
2998 3779 3055 3825 et
3086 3781 3419 3826 aversantur
3452 3783 3507 3825 et

1916 3862 2274 3919 confitentur.
2305 3860 2483 3917 Grave
2536 3873 2718 3917 autem
2781 3864 3082 3934 episcopis,
3118 3866 3211 3934 qui
3257 3865 3505 3935 proxime

1911 3964 2037 4026 post
2068 3953 2350 4009 Christum
2411 3953 2590 4020 fuere,
2624 3955 2804 4009 visum
2854 3964 2959 4018 est,
3001 3957 3056 4010 in
3094 3958 3272 4011 media
3322 3957 3500 4026 plebe.

1908 4046 2079 4102 veluti
2119 4047 2174 4101 in
2208 4046 2449 4109 theatro,
2502 4062 2707 4114 noxam
2739 4046 3013 4102 conﬁteri.
3052 4045 3404 4117 Quapropter
3435 4064 3502 4102 ex

1910 4137 2245 4210 presbyteris
2267 4152 2442 4191 unum
2481 4135 2755 4207 delegere,
2797 4137 2889 4206 qui
2919 4138 3146 4207 probata
3192 4142 3301 4191 vita
3329 4151 3499 4205 esset,

1908 4239 1962 4285 et
1998 4229 2163 4285 simul
2199 4231 2514 4283 taciturnus
2545 4237 2602 4284 et
2630 4232 2911 4299 prudens;
2971 4230 3116 4299 apud
3172 4246 3333 4300 quem
3404 4247 3502 4300 per

1906 4321 2294 4394 ptenitentiam
2319 4321 2713 4391 resipisrentes
2728 4322 3021 4377 commissn
3046 4338 3145 4379 sua
3167 4323 3499 4394 proferrent.

1906 4414 2149 4471 Proinde
2186 4413 2419 4479 factum,
2458 4423 2518 4468 ut
2554 4416 2681 4469 huic
2717 4415 2947 4469 seorsim
2977 4431 3100 4484 qua:
3160 4416 3301 4469 mala
3354 4417 3501 4486 egis-

1905 4515 2048 4568 sent,
2061 4505 2446 4576 propalarent:
2466 4515 2635 4575 atque
2658 4505 2749 4560 ille
2768 4516 3126 4575 peccatorum
3146 4506 3499 4562 confessione

1904 4598 2112 4663 audita,
2169 4613 2294 4652 cum
2318 4597 2451 4667 quid
2485 4599 2628 4653 facto
2654 4613 2794 4668 opus
2819 4606 2985 4659 esset,
3007 4607 3063 4653 et
3086 4599 3368 4668 quomodo
3396 4601 3501 4655 cri-

1903 4705 2027 4744 men
2058 4690 2209 4744 luere
2234 4691 2578 4756 conveniret,
2636 4689 2806 4744 multa
2863 4690 3119 4759 imposita
3140 4690 3496 4756 ostendisset,

209 4785 339 4845 τοὺς
367 4782 571 4852 μᾶλλον
602 4784 747 4838 τοῦτ’
778 4785 1136 4856 ἐπινοηθῆναι
1181 4786 1242 4838 τὸ
1275 4786 1470 4857 ἔργον·
1516 4787 1591 4858 μὴ
1636 4786 1800 4856 θελή-

1912 4782 2277 4852 permiltebat,
2312 4792 2372 4836 ut
2407 4782 2498 4852 qui
2534 4791 2818 4851 peccatum
2850 4781 3233 4846 admisissent,
3265 4783 3367 4853 ipsi
3388 4800 3416 4837 a
3443 4802 3502 4839 se

210 4897 413 4941 σαντας
445 4879 777 4949 κοινωνῆσαι
801 4881 916 4944 τοῖς
963 4881 1054 4934 ἐπὶ
1098 4880 1177 4949 τῷ
1217 4880 1445 4951 διωγμῷ
1478 4881 1668 4934 Δεκίου
1699 4881 1803 4949 ἀρ-

209 4972 565 5042 νησαμένοις,
623 4971 817 5024 ἔπειτα
868 4973 1358 5043 μεταμεληοεῖσιν.
1396 4975 1459 5026 Οἱ
1502 4975 1611 5043 γάρ
1650 4991 1801 5043 τηνι-

209 5066 343 5118 κάόε
374 5066 660 5119 ἐπίσκοποι
683 5064 760 5135 τῷ
798 5066 1054 5118 Navi-acu
1091 5067 1510 5137 ἀντιφερ-ὖμενοι
1541 5066 1798 5135 δόγματι,

212 5164 301 5209 τὸν
332 5159 419 5209 ἐπὶ
454 5157 562 5209 τῶν
597 5157 1007 5227 μετανοούντων
1062 5158 1439 5228 πρεσϐύτερον
1475 5157 1563 5227 ἐφ’
1591 5157 1800 5231 ἑκάστῃ

210 5249 481 5320 ἐκκλησίᾳ
534 5255 905 5321 κατέστησαν,
962 5250 1040 5320 τῷ
1106 5249 1555 5319 ἐκκλησιαστικῷ
1613 5249 1798 5302 κανόνι

211 5346 473 5411 ἑπόμενοι
498 5361 509 5373 ·
541 5344 616 5408 ὡς
641 5343 707 5397 ἂν
729 5344 779 5395 οἱ
809 5346 944 5415 μετὰ
972 5345 1031 5397 τὸ
1064 5342 1350 5413 βάπτισμα
1381 5344 1798 5413 ἁμαρτάνοντες

207 5438 302 5489 ἐπὶ
325 5435 499 5505 τούτῳ
528 5435 594 5487 τὰ
627 5436 908 5503 φθάσαντα
952 5436 1154 5490 λύωσιν
1188 5434 1704 5503 ὲξομολογούμενξι.
1735 5435 1797 5487 Ὀ

199 5527 264 5580 δὲ
298 5526 479 5578 κανὼν
513 5523 667 5591 οὗτος
706 5530 872 5598 μέχρι
905 5526 1102 5581 πολλοῦ
1144 5529 1239 5581 καὶ
1266 5529 1322 5580 ἐν
1344 5528 1465 5589 ταῖς
1495 5526 1685 5589 ἄλλαις
1715 5525 1797 5579 αἱ·

201 5695 353 5742 mus,
388 5695 487 5749 per
536 5696 699 5749 quam
735 5681 803 5736 ab
852 5683 1089 5750 Apamea
1128 5681 1181 5734 in
1219 5678 1511 5751 Phrygiam
1548 5676 1796 5747 itur._lbi

199 5755 466 5821 platanus
483 5754 811 5819 ostenditur,
830 5770 895 5806 ex
918 5768 1023 5820 qua
1054 5753 1309 5821 pependit
1333 5751 1591 5819 Marsyas,
1621 5751 1799 5802 victus

202 5825 276 5876 ab
307 5823 576 5892 Apuiiine.

1907 4873 2116 4945 peccati
2150 4886 2434 4929 sumerent
2456 4872 2667 4945 pmna's.
2692 4873 2851 4944 Apud
2881 4875 3215 4930 Novatianos
3238 4876 3398 4948 hujus
3423 4879 3501 4932 rei

1905 4967 2052 5020 nulla
2077 4983 2211 5021 cura
2238 4976 2346 5023 est.
2373 4967 2514 5033 Quin
2540 4967 2709 5021 etiam
2733 4967 2874 5022 ritus
2909 4968 3018 5023 iste
3044 4978 3277 5039 propter
3300 4987 3396 5023 eos
3421 4972 3504 5023 in-

1907 5061 2143 5115 Stitutus
2170 5076 2291 5115 esse
2319 5060 2548 5124 dicitur,
2576 5075 2700 5114 cum
2728 5062 3145 5116 communicare
3167 5062 3387 5116 illicum
3418 5064 3504 5117 eis
3536 5050 3557 5129 ,τ

1904 5150 2141 5215 nollent,
2180 5152 2406 5221 quisub
2442 5152 2595 5207 Decii
2646 5155 3047 5223 persecutione.
3075 5154 3239 5211 ﬁdem
3267 5155 3504 5225 abnega-

1907 5252 2047 5307 rant,
2079 5254 2134 5297 et
2152 5254 2340 5314 postea
2367 5245 2760 5315 resipiscentes
2788 5247 2853 5301 ad
2879 5263 3003 5303 eam
3032 5229 3329 5304 redierant.
3356 5248 3496 5303 Nam
3542 5303 3549 5310 ,

1905 5339 2026 5408 ejus
2058 5339 2324 5407 temporis
2341 5339 2608 5409 episcOpi,
2640 5339 2839 5396 Novati
2874 5342 3198 5396 resistentes
3225 5342 3498 5413 dogmati,

1906 5431 2346 5484 ecclesiasticum
2378 5433 2643 5486 canonem
2674 5432 2873 5497 secuti,
2908 5432 2962 5486 in
2992 5434 3225 5488 ecclesia
3249 5433 3498 5504 qualibet

1900 5521 2282 5593 presbyterum
2322 5525 2804 5594 pmnitentiarium
2838 5527 3270 5591 constituerunt,
3341 5536 3401 5582 ut
3430 5529 3497 5581 ab

1977 5679 2053 5746 (Ι)
2090 5676 2428 5736 Snzomenus
2475 5697 2572 5751 pro
2618 5681 3036 5752 gladiatoribus,
3074 5680 3166 5751 qui
3189 5682 3492 5753 μονόμαχοι

1903 5748 2186 5870 dirimitur,
2224 5748 2515 5824 μοναχοὺς,
2556 5748 2693 5808 life.
2729 5758 3009 5807 monachos
3047 5748 3228 5821 habet,
3256 5748 3353 5810 lib.
3393 5748 3494 5823 ﬁt,

1903 5837 2019 5888 cap.
2102 5840 2155 5876 υ.

3530 5376 3579 5470 ἰ
