4062 6428
512 293 623 354 835

1736 284 2165 350 NlCEPlIOliI
2207 283 2555 349 CALLISTI

3677 292 3781 359 836

512 414 616 464 hac
649 412 741 480 qui
782 422 903 480 post
961 409 1299 483 baptismum
1328 418 1646 479 peccarent,
1701 411 1933 464 crimina
1992 423 2090 462 sua

2206 407 2417 477 ρέσεσιν
2447 407 2800 476 ἐςρυλὰττετο.
2841 409 2929 461 Ἐν
2957 391 3012 463 δέ
3047 388 3165 473 ταῖς
3205 400 3344 465 κατᾶ
3393 397 3555 466 Λύσιν
3580 407 3784 484 ἐκκλη-

512 502 772 563 confessi,
812 502 1216 557 absolutionem
1252 517 1446 557 eorum
1512 502 1847 557 obtinerent.
1901 499 2093 555 Canon

512 595 616 649 iste
637 595 800 662 longo
837 605 1081 664 tempore
1143 594 1196 648 in
1229 595 1352 649 aliis
1383 609 1604 665 quoque
1651 594 1817 648 sectis
1844 604 1929 648 Cal
1981 609 2095 646 scr-

512 699 687 740 vatus.
710 688 764 741 lu
783 687 1225 741 Occidenlalibus
1244 702 1372 742 vero
1389 685 1642 742 ecclesiis
1663 684 1728 739 ad
1756 686 1903 739 hunc
1921 700 2019 754 usq
2030 699 2095 738 ue

511 779 654 832 dicm
678 780 912 843 obtinet,
940 779 1177 848 atquein
1198 780 1442 834 Romana
1469 778 1727 842 maxime,
1754 778 1846 832 ubi
1876 792 2096 846 quoque

511 879 695 923 certus
728 880 814 923 est
852 870 1236 938 pmnilentium
1299 854 1474 924 locus.
1522 868 1680 923 Stant
1726 869 1824 932 illi,
1870 868 2097 937 perinde

510 972 674 1029 atque
698 960 908 1030 judicia
933 960 1175 1015 damnati
1202 970 1403 1024 essent,
1438 959 1592 1013 vultu
1615 959 1877 1020 demisso,
1905 958 2096 1013 admo-

511 1055 640 1107 dum
682 1055 955 1124 lugentes.
983 1054 1149 1122 280
1184 1054 1261 1106 Rc
1288 1061 1469 1107 autem
1528 1051 1712 1105 divina
1748 1061 1988 1120 peracta,
2019 1051 2094 1106 illi

510 1145 734 1214 quidem
762 1161 821 1196 ra
847 1159 998 1198 sacra
1033 1144 1372 1213 percipiunt,
1406 1159 1529 1213 qme
1575 1145 1654 1197 eis
1680 1144 1969 1213 percipere
2014 1144 2095 1198 las

509 1249 615 1297 est.
647 1237 740 1304 qui
776 1239 945 1290 sacris
976 1245 1105 1290 sunt
1141 1235 1367 1290 initiati.
1401 1238 1536 1291 Cum
1590 1237 1795 1306 ejulatu
1821 1247 2006 1291 autem
2038 1247 2095 1292 et

510 1330 665 1385 luctu
707 1331 880 1383 multo
921 1344 979 1383 se
1011 1328 1077 1383 ad
1113 1328 1282 1397 pedes
1311 1330 1430 1399 ejus
1456 1330 1548 1398 qui
1579 1344 1690 1383 rem
1725 1328 1966 1384 divinam
2012 1330 2097 1384 fe-

511 1423 607 1483 cit,
640 1421 1008 1489 prmcipilant.
1049 1419 1299 1475 Directus
1324 1420 1524 1475 deinde
1552 1423 1644 1490 qui
1703 1430 1813 1475 tum
1845 1424 2094 1477 ministe-

514 1513 660 1565 rium
691 1515 1036 1567 cwrenionia:
1069 1513 1189 1583 ejus
1214 1528 1297 1568 sm
1312 1514 1442 1567 titus
1468 1513 1653 1578 est,ad
1684 1528 1780 1568 eos
1806 1516 2046 1569 accurrit
2078 1533 2092 1569 :

516 1617 683 1674 alque
712 1607 899 1660 itidem
940 1607 1359 1677 eollacrymans,
1390 1621 1448 1660 se
1487 1606 1637 1660 bunii
1689 1607 1908 1662 sternit.
1952 1598 2091 1662 Tum

2202 499 2342 562 σίαις
2378 500 2550 552 είσέτι
2583 501 2671 553 καὶ
2698 499 2794 554 νῦν
2830 501 3217 566 σπουδάζεται,
3247 504 3341 556 καὶ
3363 502 3597 572 μάλιστα
3630 508 3689 558 ἐν
3716 499 3780 577 τῇ

2199 590 2338 643 κατᾶ
2379 591 2627 661 Ῥώμην,
2658 593 2714 644 ἐν
2805 592 2899 645 καὶ
2943 592 3106 663 δῆλος
3138 597 3165 647 ὁ
3198 595 3309 647 τῶν
3376 598 3782 666 μετανοούντων

2198 682 2360 744 τόπος
2382 683 2551 736 ἐστίν.
2579 683 2861 737 ’Ἱστανται
2883 684 2941 737 δέ
2972 683 3161 757 ὥσπερ
3184 689 3485 753 καταδικοι,
3520 684 3784 761 κατηφεῖς

2198 774 2362 840 ἄγαν,
2400 776 2495 827 καὶ
2535 774 2811 838 πενθικῶς
2844 777 3204 848 διακείμενοι.
3237 779 3350 849 Τῆς
3374 780 3431 835 δὲ
3461 776 3608 852 ἱερᾶς
3638 768 3785 835 raise

2197 866 2297 934 τῆς
2326 866 2478 929 τέλος
2501 867 2799 939 λαϐούσης,
2850 871 3051 922 ἐκεῖνοι
3099 870 3199 940 μὲν
3245 852 3306 926 ού
3345 875 3663 944 μετέχουσιν
3710 870 3784 930 ὧν

2200 958 2359 1028 θέμις
2387 961 2497 1021 τοῖς
2537 965 2890 1029 μυουμένοις,
2926 963 3067 1029 σφᾶς
3112 963 3169 1016 δὲ
3218 948 3415 1029 αὐτοὺς
3443 946 3543 1037 σὺν
3568 965 3783 1037 οἰμωγῇ

2200 1051 2297 1103 καὶ
2325 1050 2511 1103 πένθει
2541 1050 2722 1120 πολλῷ
2755 1056 2983 1121 πρηνεῖς
3006 1054 3115 1124 πρὸ
3132 1055 3240 1109 τῶν
3271 1057 3446 1109 ποδῶν
3464 1046 3558 1110 τὀὖ
3595 1059 3787 1127 μυοῦν-

2198 1161 2293 1206 τος
2326 1146 2634 1213 ῥίπτουσιν.
2669 1146 3121 1216 Ἀντιπρόσωπος
3173 1148 3218 1201 δ’
3254 1149 3468 1202 ἐκεῖοεν
3501 1152 3593 1204 καὶ
3633 1154 3660 1205 ὁ
3683 1155 3783 1220 τὴν

2197 1235 2478 1290 διακονίαν
2530 1237 2765 1308 εἰληχὼς
2802 1239 3198 1310 προσδραμὼν,
3236 1242 3540 1313 σύνδακρυς
3590 1240 3785 1315 ἐπίσης

2199 1333 2293 1384 καὶ
2315 1332 2479 1394 αὐτὸς
2503 1331 2582 1395 τῷ
2618 1332 2807 1399 ἐδάφει
2861 1333 3052 1385 ἑαυτὸν
3079 1333 3406 1386 καταϐάλλει
3429 1350 3444 1366 ο
3500 1335 3682 1406 κύκλῳ
3726 1334 3782 1388 δέ

2200 1427 2294 1477 καὶ
2323 1424 2386 1477 τὺ
2430 1424 2619 1478 λοιπὸν
2652 1425 2752 1492 τῆς
2790 1424 3086 1494 ἐκκλησίας
3120 1425 3327 1493 πλῆθος
3356 1426 3778 1497 ὀλοφυρόμενον,

2198 1515 2452 1586 δακρύων
2484 1517 2816 1585 πληροῦται.
2858 1516 3092 1569 Ἔπειτα
3129 1517 3396 1589 πρότερος
3433 1520 3783 1586 ἐξανίσταται

2198 1608 2225 1659 ὁ
2258 1606 2626 1677 πρεσϐύτερος
2682 1607 2774 1677 ἣό
2822 1608 3146 1672 ἐπίσκοπος,
3196 1610 3291 1661 καὶ
3332 1611 3459 1672 τοὺς
3494 1615 3784 1682 κειμένους

520 1698 730 1767 reliqua
757 1680 1003 1750 ecclesiae
1057 1696 1359 1751 multitudo
1397 1697 1836 1760 circumsistens,
1875 1706 1929 1751 et
1975 1700 2090 1768 ipsa

2206 1703 2508 1774 ἀνίστησιν.
2539 1703 2856 1772 Εὐξὰμενος
2895 1704 2938 1757 δ’
2967 1705 3070 1757 ὅσα
3115 1700 3196 1756 δεῖ
3222 1707 3333 1768 τοῖς
3367 1702 3510 1760 οὕτω
3538 1680 3784 1779 μεταμε-

518 1788 653 1842 ﬂens
686 1794 851 1857 atque
887 1788 1221 1850 lamentans,
1266 1788 1527 1863 lacrymis
1578 1789 1843 1857 repletur.
1898 1789 2092 1846 Postea

515 1880 727 1949 primus
751 1879 993 1949 exsurgit
1015 1884 1107 1933 seu
1138 1879 1421 1950 presbyter
1454 1880 1552 1952 (l).
1578 1897 1675 1936 seu
1699 1882 1991 1953 episcopus
2039 1884 2097 1939 et

515 1971 639 2025 illus
667 1971 737 2025 ita
777 1970 1024 2037 iacentes
1051 1986 1276 2041 surgere
1305 1971 1463 2041 jubet
1491 1990 1503 2022 ε
1560 1982 1616 2027 et
1654 1990 1750 2044 per
1778 1975 2087 2031 orationem

512 2079 574 2117 ea
599 2080 719 2132 qum
746 2063 1146 2133 paenitentibus
1177 2065 1540 2127 conveniunt,
1600 2076 1881 2135 precatus,
1921 2068 2010 2123 ubi
2041 2078 2098 2122 et

513 2157 727 2211 audivit
760 2166 814 2211 et
845 2157 984 2235 dixit
1012 2172 1135 2226 quae
1180 2155 1319 2218 opus
1348 2167 1454 2220 est,
1506 2172 1603 2212 eos
1659 2158 1883 2215 emittit.
1917 2160 2099 2232 Atque

514 2249 589 2303 illi
613 2265 710 2319 pro
734 2264 792 2303 se
829 2249 1062 2318 quisque
1095 2251 1364 2319 segregati
1405 2265 1506 2303 suo
1542 2250 1684 2313 loco,
1742 2260 1841 2321 pro
1887 2268 1955 2308 eo
2013 2263 2100 2308 at-

512 2359 620 2411 que
673 2345 755 2397 eis
808 2342 1116 2412 injunctum
1159 2337 1263 2407 est,
1317 2359 1375 2398 se
1402 2354 1702 2408 macerant,
1732 2342 1818 2399 Vel
1848 2347 2098 2416 jejuniis,

515 2437 601 2489 vel
636 2436 855 2505 vigiliis,
888 2435 1381 2505 frcqnentibusque
1400 2437 1654 2507 precibus
1676 2446 1732 2491 et
1761 2437 2097 2508 resipiscen-

516 2530 613 2587 tia,
644 2528 734 2581 vel
766 2527 976 2593 illuvie,
1008 2536 1063 2581 et
1096 2528 1423 2581 deliciarum
1462 2529 1821 2595 abstinentia,
1859 2532 1945 2586 vel
1977 2532 2099 2586 aliis

515 2621 683 2675 ('linm
721 2620 920 2683 modis,
947 2622 1311 2703 constitutum
1345 2622 1453 2676 sibi
1489 2623 1557 2675 ab
1587 2623 1849 2693 episcopo
1884 2634 2101 2694 tempus

518 2713 755 2783 quilibet
801 2720 1151 2782 exspectans.
1214 2714 1393 2782 Atque
1448 2714 1545 2779 ubi
1570 2715 1638 2769 ad
1680 2716 1829 2773 hunc
1876 2719 2098 2773 modum

516 2807 799 2861 alacritate
829 2806 1020 2869 libenti
1053 2806 1303 2861 debitum
1347 2809 1634 2876 persolvit,
1667 2825 1697 2862 a
1741 2811 1975 2866 crimine
1997 2811 2098 2866 ab-

516 2901 797 2955 Stthllllt‘:
846 2912 902 2955 et
935 2902 1097 2955 simul
1137 2918 1262 2956 eum
1321 2902 1441 2957 aliis
1482 2902 1537 2956 in
1600 2904 1858 2971 ecclesia,
1906 2907 2099 2961 eodem

512 2995 636 3064 jure
661 3005 717 3048 et
749 2997 1141 3050 communione
1172 2996 1387 3060 eadem,
1415 3007 1725 3054 conventus
1752 2998 2097 3069 frequentat.

2201 1797 2500 1866 λουμένοις,
2526 1794 2827 1864 ἐκπέμπει,
2850 1794 3117 1867 πρότερον
3147 1794 3386 1860 ἀκούσας
3412 1816 3471 1851 τε
3495 1801 3590 1854 καὶ
3614 1800 3784 1854 εἰπὼν

2199 1890 2297 1943 ὅσα
2329 1888 2429 1952 δεῖ,
2467 1889 2759 1958 προσήκει.
2816 1889 3035 1943 Τούτων
3065 1890 3110 1943 δ’
3158 1890 3390 1953 ἕκαστος
3439 1892 3560 1945 καθ’
3588 1893 3782 1946 ἑαυτὸν

2199 1982 2484 2050 γεγονότες
2508 2023 2522 2043 ,
2648 1980 3057 2050 προστέτακται
3112 1983 3306 2036 ἑαυτὸν
3350 1982 3595 2054 ἐκτήκει,
3628 1984 3659 2054 ἡ
3689 2004 3788 2057 νη-

2202 2075 2408 2136 στείαις
2457 2075 2551 2128 καὶ
2582 2076 2939 2144 ἀγρυπνίαις,
2975 2075 3072 2128 καὶ
3103 2079 3339 2139 πυκναῖς
3367 2080 3693 2149 προσευχαῖς
3719 2097 3780 2132 τε

2202 2167 2298 2219 καὶ
2350 2164 2687 2235 μετανοίαις,
2719 2167 2750 2239 ἧ
2782 2166 3066 2232 ἀλουσίαις
3093 2171 3187 2221 καὶ
3214 2171 3447 2240 ἀποχαῖς
3476 2172 3713 2240 τρυφῶν,
3743 2174 3779 2243 ἢ

2203 2260 2413 2329 ἑτέροις
2461 2261 2666 2322 ἄλλοις,
2715 2261 2808 2314 τὸν
2833 2261 3025 2330 χρόνον
3052 2261 3441 2330 περιμένοντες
3465 2261 3524 2316 ὃν
3566 2263 3782 2335 ἑκάστῳ

2202 2353 2430 2423 τέταχεν
2452 2346 2478 2406 ὁ
2510 2353 2806 2416 ἐπίσκοπος
2829 2370 2842 2383 ’
2874 2350 3114 2425 συντόνῳ
3142 2356 3197 2408 δὲ
3222 2357 3501 2427 προθυμίᾳ
3527 2356 3783 2437 διαλύσές
3808 2382 3827 2392 ⁸

2203 2448 2262 2499 τὸ
2294 2448 2538 2518 ὄφλημα,
2575 2450 2668 2502 τοῦ
2699 2450 3049 2519 ἐγκλήματος
3083 2451 3289 2515 λύεται,
3325 2454 3419 2507 καὶ
3451 2452 3639 2523 ἐπίσης
3664 2455 3782 2514 τοῖς

2203 2541 2384 2604 ἄλλοις
2450 2542 2830 2612 ἐκκλησιάζει.
2871 2544 3007 2596 Τάδε
3053 2545 3152 2614 μὲν
3200 2547 3247 2599 oi
3282 2545 3383 2599 ἀνὰ
3404 2545 3504 2616 τὴν
3555 2544 3776 2615 Ῥώμην

2207 2631 2371 2701 ίερεῖς
2422 2631 2664 2700 ἀρχῆθεν
2707 2631 2837 2701 ἄχρι
2873 2633 2964 2684 καὶ
3001 2634 3057 2695 ἐς
3108 2633 3268 2704 δεῦρο
3299 2630 3478 2704 εἶχον·
3528 2634 3782 2689 κάκεῖθεν

2204 2723 2297 2777 ἐπὶ
2330 2725 2513 2776 πᾶσαν
2543 2723 2851 2792 ἐκκλησίαν
2885 2725 3095 2793 προέϐη
3116 2743 3129 2756 ο
3167 2727 3305 2797 πλὴν
3336 2729 3708 2792 Ναυατιανῶν,
3729 2727 3780 2781 οῖ

2204 2817 2325 2870 ου)δέ
2355 2817 2454 2888 τὴν
2478 2819 2655 2889 ἀρχὴν
2685 2819 3051 2888 παρεδέξαντο
3073 2818 3170 2889 τὴν
3200 2819 3509 2890 μετάνοιαν.
3536 2819 3783 2891 Παρῃτήὲ

2207 2926 2372 2963 σαντο
2418 2910 2474 2962 δὲ
2505 2912 2596 2962 τὸν
2638 2911 2911 2985 πρεσϐύτε
2923 2928 3014 2980 ρον
3040 2911 3231 2964 τοῦτον
3262 2914 3358 2966 καὶ
3377 2915 3426 2965 οί
3456 2911 3554 2982 τῆς
3582 2916 3774 2981 ὁμοου-

2208 3003 2324 3056 σίου
2354 3002 2615 3068 πίστεως,
2647 3004 2959 3073 Νεκταρίου
2993 3004 3614 3079 κατάρξαντος,τοιᾶσδέ
3637 3021 3781 3067 τινος

516 3082 679 3136 Hunc
716 3084 884 3136 ritum
913 3084 1023 3152 jam
1057 3083 1187 3139 inde
1212 3085 1278 3139 ab
1307 3086 1463 3141 initio
1491 3088 1557 3141 ad
1599 3088 1702 3143 hoc
1756 3106 1931 3160 usque
1963 3101 2099 3146 tem-

2206 3095 2594 3165 ἐπισυμϐἁσης
2643 3096 2823 3157 αἰτίας
2851 3110 2864 3122 ·
2901 3086 3040 3165 Γυνή
3096 3113 3180 3158 τις
3224 3096 3328 3148 τῶν
3363 3090 3422 3149 εὖ
3464 3095 3778 3163 γεγονότων,

516 3190 625 3243 pus
658 3175 888 3230 Rmnani
922 3177 1165 3247 episc0pi
1201 3178 1465 3243 habuere,
1501 3181 1592 3249 qui
1645 3183 1714 3237 ab
1744 3183 1827 3237 eis
1869 3183 1998 3238 inde
2031 3185 2100 3238 ad

486 3268 781 3322 ‘ecclesias
810 3269 946 3325 alias
973 3285 1164 3325 omnes
1196 3272 1467 3338 pervenit,
1502 3280 1863 3343 pneter‘quam
1890 3275 1962 3329 ad
1992 3276 2104 3330 No-

513 3360 785 3419 vatianos,
823 3361 915 3429 qui
947 3360 1327 3430 paenitentiam
1360 3364 1523 3416 etiam
1551 3380 1779 3429 prorsus
1806 3381 1913 3420 non
1947 3382 2103 3421 rece-

512 3460 743 3520 perunt.
772 3450 1021 3506 Aversati
1076 3462 1259 3507 autem
1320 3456 1701 3524 presbjtcrum
1735 3462 1884 3511 nunc
1935 3457 2100 3513 etiam

516 3552 647 3596 sunt
678 3543 994 3611 ὁμςουσίου,
1027 3546 1538 3611 consubstantialis,
1578 3546 1701 3601 ﬁdei
1731 3549 2097 3617 professores,

519 3636 775 3691 Nectario
798 3647 1048 3700 auctore,
1076 3638 1146 3692 ob
1184 3639 1544 3709 cjusccmodi,
1583 3654 1703 3709 quat
1726 3640 1949 3708 accidit,
1975 3657 2106 3696 cau-

515 3749 654 3788 sam.
689 3733 884 3787 Mulier
904 3737 1158 3804 quwdam
1193 3734 1416 3798 nobilis,
1449 3749 1573 3788 cum
1608 3745 1831 3805 peccata
1855 3753 1952 3792 sua
1974 3751 2107 3792 con-

518 3827 661 3881 fessa
686 3837 855 3892 esset,
875 3827 1082 3897 jejunio
1103 3837 1158 3880 et
1180 3828 1417 3882 orationi
1446 3844 1659 3892 vacare,
1706 3840 1761 3884 et
1791 3829 1845 3884 in
1873 3832 2102 3885 ecclesia

521 3934 869 3987 permanere,
903 3919 971 3973 ab
1000 3934 1066 3973 eo
1100 3934 1262 3988 quem
1299 3921 1538 3974 diximus
1588 3922 1911 3992 presbytero
1954 3922 2105 3992 jussa

520 4020 625 4063 est.
659 4009 815 4075 Quod
844 4010 933 4065 ubi
965 4009 1116 4074 fecit,
1150 4019 1340 4079 postea
1364 4026 1393 4065 a
1435 4010 1695 4077 diacono,
1729 4011 1822 4080 qui
1854 4028 1980 4067 cum
2041 4026 2104 4067 ea

521 4102 923 4167 concubuerat,
951 4116 1011 4156 se
1041 4111 1451 4172 constupratam
1483 4117 1602 4157 esse
1636 4102 1922 4158 indicavit.
1942 4103 2100 4172 Quod

526 4193 727 4247 factum
755 4203 1042 4263 postquam
1080 4192 1236 4263 plebs
1265 4195 1544 4264 cognovit,
1582 4195 1805 4266 indigne
1833 4197 2016 4251 scelus
2050 4197 2103 4249 id

524 4302 650 4341 cum
685 4296 832 4341 tanta
871 4288 1131 4343 Ecclesiae
1179 4288 1515 4343 contumelia
1570 4287 1926 4343 commissum
1959 4290 2104 4344 tulit.

526 4377 755 4435 Maxima
784 4379 949 4433 etiam
980 4393 1047 4434 ex
1087 4393 1152 4433 ea
1178 4394 1235 4433 re
1263 4379 1535 4432 calumnia
1565 4387 1621 4433 et
1646 4379 1961 4434 criminatio
1998 4383 2101 4434 ad-

523 4485 713 4524 versus
741 4454 1088 4524 sacerdotum
1155 4469 1408 4523 ordinem
1460 4469 1758 4525 increbuit.
1822 4470 2111 4527 Nectarius

526 4577 692 4631 porro
716 4561 984 4631 quidnam
1037 4560 1245 4613 faceret
1275 4559 1499 4625 dubius,
1532 4560 1767 4617 diacono
1796 4563 2023 4633 quidem
2053 4576 2112 4617 ut

522 4664 810 4710 scortatori
868 4653 1192 4723 dignitatem
1238 4654 1543 4723 abrogavit.
1598 4654 1802 4709 Verum
1861 4653 2106 4711 Ecclesia

526 4747 699 4799 multo
736 4744 902 4799 etiam
934 4744 1106 4813 magis
1157 4754 1379 4813 propter
1416 4744 1628 4800 facinus
1681 4746 1759 4809 id,
1824 4763 2109 4804 sacrorum

526 4836 767 4888 virorum
828 4833 1188 4899 detractione,
1251 4833 1556 4892 maledictis
1616 4846 1674 4890 et
1707 4838 1972 4901 conviciis
2029 4848 2113 4893 cst

527 4926 823 4995 proscissa.
858 4925 1042 4995 Itaque
1069 4925 1137 4980 de
1170 4926 1557 4994 quorumdam,
1579 4929 1816 4982 maxime
1844 4945 1973 4984 vero
2003 4930 2114 4984 Eu—

526 5019 792 5074 da-monis
820 5020 918 5089 (2),
954 5019 1199 5074 ecclesiae
1227 5021 1347 5091 ejus
1392 5020 1728 5091 presbyteri,
1774 5024 1952 5089 patria
1985 5024 2112 5077 Ale-

529 5112 806 5185 xandrini,
868 5112 1123 5175 consilio,
1149 5127 1218 5166 ne
1259 5123 1444 5181 postea
1478 5112 1534 5165 in
1561 5112 1792 5166 ecclesia
1826 5114 2113 5184 presbyter

532 5203 979 5274 pwnitentiarius
1026 5212 1198 5268 esset,
1258 5203 1547 5258 Nectarius
1623 5205 1816 5258 statuit
1868 5221 1881 5257 :
1942 5205 2102 5275 281

529 5298 888 5353 suadentibus
976 5297 1107 5361 illis,
1207 5305 1268 5350 ut
1350 5296 1554 5365 cuique
1668 5297 2110 5366 permitteretur,

532 5409 630 5463 pro
654 5390 988 5446 conscientia
1034 5387 1108 5458 (5)
1160 5398 1217 5442 ct
1254 5387 1452 5441 ﬁducia
1498 5401 1620 5451 sua,
1675 5390 2109 5451 communicare,

602 5543 680 5610 (Ι)
707 5540 863 5611 Apud
902 5539 1122 5594 Sozom.

534 5630 659 5682 cap.
710 5617 790 5682 ιϋ.

610 5679 684 5752 (9.)
718 5681 971 5736 Socrates
1027 5694 1084 5732 se
1142 5679 1206 5733 ad
1257 5680 1642 5735 Euilmmonein
1678 5682 1842 5735 istum
1906 5680 2111 5735 dixisse

534 5753 724 5807 scribit
752 5770 766 5805 :
800 5760 878 5805 An
914 5752 1191 5805 consilium
1225 5762 1369 5805 tuum
1401 5768 1426 5803 ε
1459 5769 1512 5805 re
1540 5752 1787 5805 Ecclesia:
1818 5754 1904 5820 sit,
1953 5752 2111 5819 Deus,

1205 5540 1309 5593 hoc
1350 5539 1479 5593 facit
1514 5539 1832 5609 episcopus,
1883 5540 1982 5598 lib.
2016 5558 2111 5609 vn,

2208 3181 2305 3245 τὰς
2332 3184 2598 3254 σφετέρας
2623 3182 2899 3253 ἁμαρτίας
2925 3184 3253 3252 ἀγγείλασα,
3284 3186 3507 3257 νηστείᾳ
3529 3187 3620 3240 καὶ
3644 3187 3773 3257 εὐχῇ

2213 3266 2518 3343 σχολάζειν,
2552 3276 2659 3328 κάν
2713 3277 2793 3345 τῇ,
2834 3275 3106 3345 ἐκκλησία
3137 3277 3479 3347 παραμένειν
3512 3278 3642 3348 πρὸς
3686 3278 3777 3331 τοῦ

2210 3369 2505 3438 εἰρημένου
2547 3369 2927 3438 πρεσϐυτέρου
2966 3371 3247 3423 ἐτέτακτο.
3284 3369 3441 3423 Οὕτω
3484 3370 3530 3424 δ’
3560 3370 3776 3440 ἔχουσα,

2212 3460 2403 3513 ἔπειτα
2432 3462 2816 3533 κατεμήνυσεν
2862 3461 2937 3526 ὡς
2988 3463 3075 3533 εἴη
3129 3462 3261 3532 παρ’
3309 3463 3499 3532 ἀνδρὸς
3536 3464 3775 3517 διακόνου

2213 3554 2667 3622 ἐκπορνευοεῖσα,
2724 3557 2897 3625 ταύτῃ
2965 3555 3535 3625 συγκαθευδήσαντος.
3604 3556 3669 3609 Ὃ
3722 3555 3778 3608 τὸ

2214 3643 2418 3713 πλῆθος
2471 3644 2667 3713 μαθον,
2699 3645 2761 3698 οὐ
2798 3646 3037 3715 μετρίως
3073 3643 3285 3714 ἔφερεν,
3320 3644 3414 3700 ἅτε
3449 3645 3512 3714 δὴ
3536 3646 3631 3715 τῆς
3654 3643 3778 3698 Ἐκ-

2213 3734 2447 3805 κλησίας
2502 3737 2703 3790 οὑτωσὶ
2751 3738 3244 3806 περιυϐρισμένης.
3285 3722 3596 3791 Κάντεῦθεν
3632 3738 3781 3807 μεγί-

2215 3842 2317 3895 στη
2366 3826 2588 3896 διαϐολὴ
2624 3828 2763 3880 κατὰ
2794 3827 2901 3880 τῶν
2936 3828 3185 3899 ἱερᾶσθαι
3242 3828 3517 3898 λαχόντων
3566 3830 3776 3899 ἐχώρει.

2228 3917 2328 3968 Ἑν·
2357 3920 2547 3988 ἀπόρῳ
2579 3902 2635 3969 δὲ
2687 3919 2978 3987 γενόμενος
3008 3922 3035 3971 ό
3064 3910 3393 3992 Νεκτάριος,
3425 3921 3519 3973 τὸν
3553 3921 3648 3990 μὲν
3669 3919 3780 3973 6:6.-

2165 4041 2171 4046 ι
2214 4027 2372 4063 κονον
2423 4010 2523 4079 τῆς
2577 4010 2887 4079 ὑπηρεσίας
2942 4010 3220 4082 ἐξίστησιν
3279 4013 3353 4076 ὡς
3406 4010 3779 4083 ἡταιρηκόταδ

2216 4101 2624 4170 ἐϐλασφημεῖτο
2679 4101 2725 4154 δ’
2752 4101 2846 4154 οὖν
2878 4102 2910 4173 ὴ
2939 4102 3242 4172 Ἐκκλησία
3289 4103 3472 4159 πλεῖον
3498 4106 3593 4157 καὶ
3623 4104 3784 4157 καθύ-

2215 4194 2406 4263 ϐριστο
2445 4195 2509 4247 ἐκ
2549 4194 2651 4263 τῆς
2700 4194 2976 4264 πράξεως,
3034 4196 3447 4265 διασυρομένων
3493 4196 3597 4249 τῶν
3629 4195 3783 4265 ἱερῶν

2211 4285 2450 4355 ἀνδρῶν.
2481 4284 2657 4338 Τινῶν
2688 4287 2745 4338 δὲ
2785 4285 3090 4357 συμϐουλῇ,
3124 4289 3219 4340 καὶ
3254 4289 3488 4356 μάλιστα
3530 4288 3785 4356 Εὐδαίμοι

2214 4394 2327 4443 νος,
2374 4378 2433 4441 ὃς
2487 4375 2555 4448 ἦν
2589 4380 2689 4448 τῆς
2740 4379 3039 4450 ἐκκλησίας
3099 4380 3493 4451 πρεσϐύτερος,
3542 4383 3600 4434 τὸ
3637 4382 3784 4448 γένος

2143 4447 2188 4501 ο
2232 4447 2914 4541 Ἀλεξανδρεὺς,περιεῖλε
2944 4472 3036 4525 τὸν
3067 4447 3167 4541 τῆξ
3196 4447 3526 4541 Ἐκκλησίας
3569 4447 3663 4524 ia
3695 4484 3786 4542 μεέ

2214 4565 2405 4635 τανοία
2463 4564 2873 4635 πρεσϐύτερονο
2930 4568 3234 4635 συγχωρεῖν
3267 4566 3528 4618 εἰπόντων
3579 4567 3784 4633 ἑκάστῳ

2216 4654 2361 4710 καθὰ
2397 4655 2693 4726 συνειδείη,
2729 4658 2823 4709 καὶ
2869 4657 3098 4728 οαῤῥεῖν
3127 4657 3345 4710 δύναιτο
3391 4661 3669 4709 κοινωνεῖν
3698 4659 3784 4708 καὶ

2215 4748 2327 4800 τῶν
2361 4749 2649 4818 ἀχράντων
2683 4749 3001 4820 μυστηρίων
3055 4749 3324 4819 μετέχειν.
3370 4732 3527 4803 Οὕτω
3580 4751 3689 4819 γὰρ
3724 4751 3783 4816 τῇ

2229 4839 2528 4910 Ἐκκλησία
2584 4841 3052 4911 διατηρηθὴσεται
3110 4841 3171 4893 τὸ
3200 4841 3557 4910 ἀνύϐριστον·
3614 4840 3705 4891 καὶ
3735 4839 3787 4901 ἐξ

2217 4931 2428 4985 ἐκείνου
2459 4932 2630 4996 οὕτως
2664 4934 2695 5003 ή
2728 4932 3028 5003 Ἐκκλησία
3065 4932 3361 5003 διέμεινεν.
3385 4931 3528 5000 Ἐγὼ
3552 4930 3608 4985 δέ
3637 4929 3785 5001 οἶμαι

2216 5023 2425 5077 ἐκεῖθεν
2455 5026 2552 5095 τῆς
2587 5026 2947 5095 ἀρχαιότητος
2977 5025 3072 5078 καὶ⁵
3113 5026 3210 5094 τῆς
3247 5025 3365 5079 κατ’
3406 5024 3573 5095 αὐτὴν
3607 5025 3790 5091 σεμνίο

2216 5132 2376 5185 τητος
2406 5117 2780 5187 ἐκτραπεῖσαν
2814 5117 2915 5185 τὴν
2952 5104 3303 5186 Ἐκκλησίαν,
3335 5116 3427 5168 καὶ
3457 5118 3537 5177 είς
3570 5114 3786 5181 ἀδιάφο-

2219 5222 2314 5275 ρον
2353 5210 2448 5259 καὶ
2474 5208 2653 5277 ὴμελη
2664 5211 2824 5275 μένον
2848 5198 3105 5259 ἐκπεσεῖν
3124 5203 3274 5276 ἦθος,
3309 5206 3404 5258 καὶ
3431 5205 3570 5258 κατὰ
3597 5204 3786 5274 μικρὸν

2217 5296 2562 5367 διολισϐῆσαι
2608 5296 2711 5366 τῆς
2747 5295 3036 5364 ἀκριϐείας
3077 5295 3370 5365 ἄρξασθαι.
3426 5294 3551 5349 Ὀτι
3583 5310 3644 5360 γε
3693 5294 3785 5344 καὶ

2220 5389 2360 5457 μείω
2388 5389 2658 5470 πρότερον
2689 5389 2837 5449 είκὸς
2878 5384 3015 5441 εἶναι
3043 5390 3111 5441 τὰ
3138 5388 3536 5458 ἁμαρτήματα,
3568 5385 3705 5438 αἰδοῖ
3730 5399 3786 5435 τε

2216 5560 2245 5596 ο
2285 5545 2570 5614 presbyter,
2604 5550 2764 5597 novit.
2801 5543 2919 5597 Lib.
2956 5559 3008 5608 ν,
3048 5559 3170 5613 cap.
3212 5544 3295 5597 1-9.

2289 5614 2363 5681 t3)
2399 5611 2461 5667 Εἰ
2518 5613 2915 5667 Eucharistiam
2972 5611 3193 5681 quidam
3248 5611 3674 5666 distribuentes.
3727 5611 3786 5655 υι

2218 5686 2562 5738 consuetudo
2602 5685 2737 5749 fert,
2779 5699 3227 5752 unmnqucmque
3280 5698 3310 5736 e
3338 5684 3535 5751 populo
3583 5686 3783 5752 partem

2220 5757 2322 5808 sibi
2354 5770 2569 5808 sumere
2600 5755 2949 5823 permittunt.
2973 5751 3062 5809 θυι
3103 5755 3247 5809 enim
3287 5765 3488 5808 certius
3518 5751 3641 5820 quis
3668 5759 3783 5817 my-
