4062 6470
316 353 419 415 83Ἱ

1241 347 1840 408 ECCLESIAS'l’lC.E
1873 338 2260 405 HISTORL’E
2302 348 2445 409 LIB.
2493 346 2624 406 ΧΠ.

3480 346 3586 405 838

312 470 425 525 ⁴ἷτῶν
460 462 976 539 ἐξομολογουμένων
1021 471 1121 531 τας
1148 466 1451 538 ἁμαρτίας,
1487 466 1583 520 καὶ
1602 465 1718 519 λὺπὸ
1746 465 1885 535 expc

2011 472 2068 517 et
2097 464 2166 519 de
2197 464 2566 519 immaculatis
2605 457 2882 532 mysteriis
2918 459 3268 528 participare.
3313 457 3404 513 Sic
3435 461 3583 513 enim

315 553 471 623 ϐείας⁸
491 559 602 613 τῶν
633 561 725 612 ἐπὶ
755 557 930 628 τούτῳ
954 558 1461 626 κατατεταγμὲνων
1497 556 1704 629 κριτῶν
1724 572 1739 587 ο
1793 555 1899 611 κᾶν

316 651 416 705 νῦν
462 652 538 713 ὡς
589 648 747 721 ἔτυχε
802 648 899 705 καὶ
952 650 1089 712 ὅπου
1117 649 1319 721 δήποτε
1370 649 1601 712 ἕκαστος
1630 647 1896 718 βούλοιτο,

312 725 475 796 τοῦτο
512 740 778 814 πράττειν
811 742 1109 812 ἐπικρατῇ.
1134 741 1414 812 Πρόφασις
1445 740 1491 793 δ’
1509 738 1761 794 ἐντεῦθεν
1787 741 1903 807 ἐγί-

316 850 459 894 νετο,
491 835 567 901 μὴ
597 830 846 901 ἐλέγχειν
884 829 1126 900 ἀλλήλων
1149 829 1219 882 τὰ
1249 830 1654 899 ἁμαρτήματα,
1682 828 1818 899 μηδὲ
1840 828 1901 880 τὸ

316 926 414 978 τοῦ
440 924 767 977 Ἀποστόλου
798 922 1089 991 φυλάττειν
1123 922 1401 993 αἱρεῖσθαι
1427 921 1701 989 λέγοντος,
1730 919 1900 988 Μηδὲ

315 1014 779 1083 σξυγκοινωνεῖτε
843 1013 971 1080 τοῖς
1030 1013 1228 1083 ἔργοις
1287 1012 1412 1079 τοῖς
1460 1011 1760 1081 ἀκάρποις
1788 1011 1897 1065 τοῦ

315 1082 601 1170 ὖκότους,
643 1104 888 1173 μᾶλλον
909 1102 977 1155 δὲ
1008 1082 1115 1157 καὶ
1132 1103 1433 1171 ἐλέγχετε.
1461 1101 1556 1155 Ἐκ
1592 1102 1657 1173 δὴ
1691 1101 1899 1168 ταύτης

317 1201 418 1267 τῆς
449 1198 629 1258 αιτίας
673 1180 966 1264 συμϐάλλω
994 1197 1087 1248 καὶ
1116 1186 1399 1247 Θεοδόσιον
1426 1196 1517 1246 τιν
1548 1195 1764 1261 Μέγαν,
1793 1194 1896 1262 τῆς

314 1288 603 1358 ἀκηράτου
647 1285 807 1357 δόξης
849 1285 948 1339 καὶ
1003 1288 1335 1355 σεμνότητος
1365 1287 1463 1356 τῆς
1504 1285 1733 1338 καθόλου
1767 1301 1900 1354 προ-

314 1379 606 1449 νοούμενον
642 1377 990 1450 Ἐκκλ.ησίας,
1017 1377 1320 1449 τηνικαῦτα
1350 1376 1567 1446 πρῶτον
1600 1376 1899 1446 νομοθετῆ-

314 1487 426 1531 σαι,
479 1470 746 1540 μηδαμῶς
780 1472 1040 1538 γυναῖκα,
1082 1471 1133 1522 εί
1198 1468 1273 1540 μὴ
1325 1468 1592 1539 ἑξήκοντα
1634 1467 1771 1519 ἐτῶν
1807 1467 1892 1536 εἴη

312 1560 408 1612 καὶ
439 1561 635 1622 παῖδας
672 1559 809 1631 ἔχοι,
863 1562 938 1631 μὴ
968 1560 1044 1629 τῷ
1075 1562 1176 1632 τῆς
1228 1559 1505 1623 διακονίας
1538 1560 1635 1615 καὶ
1668 1558 1746 1627 τῷ
1798 1557 1893 1611 τοῦ

314 1653 518 1722 κλήρου
550 1652 1020 1721 ὲγκαταλέγεσθαι
1054 1654 1300 1721 τάγματι
1322 1666 1337 1682 '
1373 1652 1521 1706 καθὰ
1550 1654 1647 1704 καὶ
1679 1649 1894 1714 Παῦλος

2008 555 2128 609 fore
2172 565 2231 608 ut
2264 554 2513 609 Ecclesia
2542 569 2571 608 a
2606 551 2962 607 contumeliis
2996 551 3170 606 libera
3203 561 3349 604 esset
3387 557 3442 603 et
3488 549 3591 602 ἰω-

2003 646 2207 714 munis.
2250 646 2406 700 Etab
2435 660 2502 699 eo
2563 652 2811 712 tempore
2872 642 3119 696 Ecclesia
3182 641 3238 694 in
3295 641 3389 694 tali
3440 650 3585 693 statu

2002 736 2327 806 permansit.
2354 734 2465 805 Ego
2494 750 2624 789 vero
2667 749 2731 788 ea
2772 748 2833 787 re
2864 733 3164 788 Ecclesiam
3193 733 3370 801 prisca
3406 732 3495 787 illa
3531 739 3589 786 et

2002 830 2314 884 veneranda
2371 829 2636 898 gravitate
2671 827 2962 892 excidisse,
2996 835 3054 881 et
3106 824 3171 880 ad
3227 825 3580 880 arbitrarium

2005 919 2593 989 inconsideratumque
2622 928 2786 987 atque
2810 919 3178 988 negligentem
3209 933 3417 972 morem
3452 930 3581 986 pro-

1999 1008 2212 1081 lapsam
2239 1028 2383 1078 esse,
2416 1020 2473 1065 ct
2500 1011 2765 1080 paulatim
2796 1011 2865 1065 ab
2918 1010 3261 1064 accuratiore
3289 1009 3582 1078 disciplina

2000 1106 2306 1163 desciscere
2332 1108 2566 1177 cmpissc
2593 1116 2743 1175 puto.
2772 1104 3012 1175 Equum
3037 1115 3186 1161 certe
3214 1116 3375 1174 atque
3406 1104 3585 1159 credi-

1998 1198 2108 1254 bile
2141 1209 2246 1263 est,
2280 1198 2465 1253 minus
2497 1207 2655 1251 antea
2693 1207 3045 1267 peccatorum
3072 1198 3260 1262 fuisse,
3295 1212 3420 1251 cum
3457 1212 3582 1263 pro-

1999 1302 2123 1364 pter
2144 1308 2337 1347 corum
2368 1292 2461 1360 qui
2490 1300 2708 1360 peccata
2740 1291 3136 1345 confiterentur
3161 1289 3576 1352 verecundiam,

2001 1394 2115 1440 tum
2190 1395 2422 1455 propter
2453 1384 2704 1455 judicum
2746 1384 2812 1437 ad
2849 1383 2954 1437 hoc
2990 1383 3416 1436 constitutorum
3454 1380 3583 1434 di‘i-

1998 1485 2218 1546 gentem
2247 1475 2684 1543 inquisitionem.
2710 1473 2975 1540 Quamvis
3008 1488 3153 1527 nunc
3181 1486 3401 1541 quoque
3428 1472 3478 1523 id
3506 1471 3578 1524 ita

1998 1577 2201 1621 utsors
2237 1568 2447 1630 tulerit,
2481 1577 2538 1622 et
2590 1567 3029 1636 quandocunque
3089 1565 3289 1633 cuique
3357 1563 3577 1617 libitum

1994 1658 2183 1723 fuerit,
2218 1659 2331 1713 liat.
2360 1657 2513 1713 Unde
2540 1674 2700 1712 causa
2726 1659 2815 1712 illa
2849 1658 3078 1721 exstitit,
3101 1665 3162 1710 ut
3190 1656 3331 1709 alter
3356 1655 3581 1708 alterius

315 1745 496 1814 ῥητῶς
529 1743 673 1798 οὕτω
712 1745 1084 1816 προσέταξενο
1116 1728 1524 1799 ἀπελαύνεσθαι
1550 1744 1607 1798 δὲ
1638 1745 1736 1812 τῆς
1771 1742 1885 1796 Ἐκ·

1994 1761 2217 1819 peccata
2247 1765 2355 1804 non
2404 1758 2636 1820 arguat;
2684 1764 2862 1820 neque
2894 1748 3030 1803 illud
3089 1747 3333 1816 Apostoli
3386 1762 3580 1799 serve-

312 1837 545 1905 κλησίας
577 1835 674 1889 καὶ
702 1838 802 1899 τὰς
831 1837 1160 1907 κειρομένας
1185 1837 1282 1899 τὰς
1327 1836 1571 1904 κεφαλάς
1590 1851 1605 1866 ·
1639 1838 1737 1889 καὶ
1769 1838 1885 1889 ὅσοι

1996 1848 2105 1907 tur,
2138 1839 2407 1896 dicentis:
2458 1840 2681 1896 «Nolite
2741 1840 3147 1896 communicare
3203 1839 3270 1894 dc
3318 1840 3581 1907 cperihus

311 1928 369 1980 δὲ
393 1928 503 1981 τῶν
526 1929 845 1982 ἐπισκόπων
869 1929 966 1991 τὰς
990 1930 1247 1992 τοιαύτας
1273 1930 1615 2000 προσίενται,
1646 1929 1745 1992 τὰς
1768 1929 1890 1982 ἐπι-

313 2019 524 2085 σκοπὰς
554 2021 930 2093 ἀφαιρεῖσθαι.
960 2021 1125 2076 Ἀλλὰ
1156 2021 1287 2093 περὶ
1325 2023 1422 2093 μὲν
1448 2022 1657 2074 τούτων
1685 2019 1891 2090 αὐτάρ-

313 2125 426 2174 κως
450 2109 607 2183 οἶμαι
640 2115 971 2186 εἰρήκαμεν.

1999 1932 2339 2004 iufrugil'eris
2398 1934 2775 2001 tenebrarum,
2807 1933 2902 1988 sed
2963 1932 3148 2002 potius
3174 1946 3239 1985 ea
3286 1932 3516 2001 arguite.
3553 1947 3572 1980 ι

1995 2022 2111 2089 Qua
2144 2026 2312 2079 etiam
2336 2040 2401 2079 ex
2434 2040 2597 2079 causa
2631 2025 3004 2079 Theodosium
3033 2022 3308 2101 Magnum,
3345 2023 3576 2076 immore

1999 2115 2094 2170 tali
2118 2124 2175 2169 et
2195 2116 2523 2171 venerandae
2552 2117 2832 2171 catholicae
2864 2115 3122 2170 Ecclesiae
3152 2114 3340 2184 gloriae
3364 2129 3567 2169 consu-

316 2216 542 2275 lentem,
570 2218 684 2262 tum
743 2210 983 2279 primum
1037 2209 1213 2279 legem
1257 2207 1451 2263 tulisse
1515 2206 1774 2278 cdnjicio,
1826 2206 1912 2280 (l)
1953 2223 2297 2278 nequaquam
2363 2210 2672 2276 mulierem,
2743 2209 2847 2264 nisi
2899 2209 3179 2278 sexaginta
3212 2223 3389 2262 annos
3446 2217 3572 2261 nata

317 2302 415 2368 sit,
456 2308 513 2355 et
570 2300 783 2355 liberos
814 2301 1034 2366 habeat,
1084 2302 1138 2355 in
1178 2300 1429 2354 ordinent
1481 2299 1774 2353 ministerii
1835 2308 1888 2354 et
1926 2300 2060 2355 cleri
2115 2303 2513 2371 cooptandam:
2570 2300 3031 2372 quemadmodum
3066 2309 3122 2354 et
3148 2301 3349 2356 Paulus
3369 2301 3579 2355 diserte

237 2385 256 2394 ’
315 2395 371 2448 id
415 2394 721 2457 constituit,
779 2406 846 2448 ex
891 2392 1144 2447 ecclesiis
1175 2407 1394 2463 quoque
1425 2390 1722 2458 exigendas
1771 2407 1894 2462 quae
1928 2396 2143 2447 comam
2214 2395 2629 2451 totondissent:
2685 2404 2742 2450 et
2809 2394 3128 2465 quicunque
3192 2394 3435 2465 episcopi
3485 2408 3580 2449 eas

315 2490 685 2550 admisissent,
715 2486 1148 2541 exauctorandos
1176 2500 1317 2542 esse.
1347 2486 1545 2542 Verum
1574 2486 1644 2541 de
1678 2485 1763 2540 his
1788 2486 1923 2540 satis
1963 2485 2222 2542 diximus.
2910 2484 2913 2487 ’

907 2604 1155 2657 ΚΕΦΑΛ.
1199 2602 1329 2657 κου.

324 2696 423 2763 Ὧς
453 2696 548 2751 καὶ
586 2696 656 2748 ἐν
700 2694 829 2761 ταῖς
880 2695 1148 2764 αἱρέσεσι
1188 2694 1412 2764 πολλαί
1469 2684 1644 2758 αὖθις
1686 2691 1895 2764 ἐπεγέ-

382 2762 563 2823 νοντο
589 2765 913 2831 διαιρέσεις
939 2779 952 2793 ·
984 2765 1081 2816 καὶ
1107 2762 1544 2831 ὅτιᾲθεοδόσιος
1560 2766 1756 2829 μόνον
1779 2762 1895 2817 Εὐ-

382 2839 595 2907 νόμιον
620 2829 956 2907 ὑπερώρισε
981 2847 994 2861 ⁸
1030 2829 1288 2907 καὶᾼοῖοᾼς
1334 2830 1501 2907 ἦιίτὸ
1532 2832 1675 2907 ἦθος
1707 2832 1892 2889 Εὐνό-

376 2902 511 2978 μιὸς
536 2923 551 2936 ⁸
583 2907 677 2978 καὶ
709 2905 790 2978 ὡς
813 2906 881 2957 ἐν
903 2903 1300 2972 Καππαδοκίᾳ
1351 2902 1427 2972 τῇ
1461 2902 1699 2972 πατρίδι
1725 2908 1893 2974 Tard-

374 2976 562 3048 μενος
586 2976 894 3029 ἐτελεύτα.

2440 2602 2603 2672 282
2655 2601 2882 2658 CAPUT
2927 2601 3124 2657 XXIX.

1998 2690 2060 2746 Ut
2089 2693 2310 2747 Im'reses
2336 2704 2384 2747 et
2411 2704 2564 2746 secta:
2597 2695 2652 2746 in
2684 2697 2863 2748 varias
2898 2692 3136 2747 dissecta.’
3162 2701 3211 2746 et
3249 2693 3430 2749 divisa:
3468 2695 3578 2749 sint

2059 2763 2282 2817 hereses
2312 2779 2330 2816 :
2380 2772 2428 2817 et
2478 2763 2617 2832 quod
2678 2764 2991 2818 Theodosius
3039 2762 3211 2816 solum
3253 2763 3574 2817 Eunomium

2061 2835 2424 2904 proscripserit
2449 2850 2467 2887 :
2494 2834 2678 2903 quibus
2729 2835 2959 2887 moribus
2999 2842 3047 2886 et
3079 2835 3340 2887 institutis
3389 2834 3576 2888 Euno-

2064 2903 2201 2957 mius
2231 2905 2412 2972 fuerit,
2455 2911 2577 2956 etut
2619 2904 2676 2958 in
2704 2903 3040 2974 Cappadocia
3072 2903 3253 2971 patria
3291 2920 3390 2959 sua
3431 2918 3574 2958 οισι-δ

2069 2983 2192 3027 tuus
2216 2977 2304 3027 sit.

382 3092 664 3163 Προσῆκον
715 3088 771 3142 δὲ
825 3086 934 3157 ἄρα
966 3086 1103 3158 μηδὲ
1146 3088 1213 3141 τά
1243 3087 1377 3157 παρ’
1404 3087 1590 3152 ἄλλοις
1619 3089 1885 3157 γεγονότα

2062 3086 2334 3143 Convenit
2377 3102 2563 3158 porro,
2599 3094 2659 3142 ut
2690 3101 2865 3162 neque
2896 3100 2960 3141 ea
2992 3101 3114 3157 quae
3145 3078 3268 3140 aliis
3297 3085 3575 3149 accidere,

309 3183 636 3238 καταλιπεῖν
662 3179 932 3251 ἀδιήγητα
953 3193 967 3208 ο
995 3176 1298 3247 Ἀρειανοϊς
1321 3194 1484 3247 φημι,
1520 3181 1746 3242 καὶτοῖς
1777 3181 1882 3233 ἀπὸ

309 3274 640 3330 Μακεδονίου
672 3273 767 3324 καὶ
800 3269 1067 3337 Εὐνομίου
1102 3270 1195 3321 καὶ
1240 3268 1494 3322 Ναυάτου
1531 3271 1883 3339 παρωνύμως

308 3359 968 3446 ὠνομασμένοιςςἊπαξ
1015 3360 1193 3430 γὰρὴ
1245 3358 1339 3413 τοῦ
1395 3359 1532 3413 Θεοῦ
1587 3361 1885 3432 Ἐκκλησία

274 3444 667 3525 ⁴διαιρεθεῖσα,
702 3444 803 3507 οῦκ
842 3451 1164 3523 ἐπ’ὲκείνης
1204 3452 1336 3523 ἔστη
1376 3453 1475 3521 τῆς
1504 3452 1840 3517 διαστάσεως
1866 3470 1881 3485 ·

310 3548 426 3602 ἀλλ’
447 3545 585 3615 αῦτη
640 3545 806 3619 πάλιν
837 3543 960 3598 καθ’
993 3544 1194 3613 ἑαυτὴν
1238 3543 1497 3614 διῃρεῖτο.
1533 3545 1639 3598 Καὶ
1664 3547 1714 3598 oi
1749 3563 1885 3615 προ·

311 3628 507 3693 στάτάι
532 3636 641 3689 τῶν
667 3634 933 3705 αἱρέσεων
966 3635 1206 3703 σμικρᾶς
1228 3650 1372 3696 τινος
1402 3633 1725 3705 εἰλημμένοι
1750 3653 1884 3705 προ-

311 3732 549 3800 φάσεως,
578 3728 703 3783 καο’
730 3726 942 3780 ἑαυτῶν
966 3726 1226 3796 ἐχώρουν,
1253 3726 1346 3779 καὶ
1376 3728 1470 3779 ἀπ’
1496 3726 1744 3796 ἀλλήλων
1782 3727 1884 3780 διί-

310 3840 523 3878 σταντο.
578 3820 701 3884 Πῶς
749 3820 851 3890 μὲν
909 3814 1002 3872 οὖν
1033 3820 1322 3894 καὶνπότε,
1358 3819 1450 3870 καὶ
1481 3817 1551 3873 δι’
1600 3818 1668 3882 ἃς
1700 3822 1882 3880 αἰτίας

307 3913 528 3967 ἕκαστοι
552 3914 645 3967 ἀπ’
679 3912 930 3978 ἀλλήλων
960 3912 1269 3979 διέστησαν,
1299 3909 1563 3981 προϊοῦσα
1588 3914 1621 3981 ή
1668 3911 1883 3983 ἱστορία

305 4004 555 4076 δηλώσει.
583 4003 793 4058 Είδέναι
828 4004 1013 4072 μέντοι
1054 4001 1250 4073 χρεὼν,
1284 4001 1359 4065 ὡς
1385 4002 1578 4056 οὐδένα
1618 4004 1825 4057 τούτων
1854 4005 1882 4057 ὁ

308 4100 559 4169 βασιλεὺς
588 4099 777 4152 ἐδίωκε
815 4097 1114 4162 Θεοδόσιος,
1148 4093 1266 4148 ἀλλ’
1308 4095 1428 4149 οὐδὲ
1459 4095 1742 4166 ἠνάγκαζε
1770 4114 1882 4150 κοι-

304 4192 525 4243 νυινεῖν*
577 4189 875 4258 συνεχώρει
905 4188 950 4240 δ’
989 4180 1271 4259 ὲκάστῳῇ
1316 4186 1561 4257 βούλοιτο
1606 4189 1748 4241 κατὰ
1791 4179 1889 4242 τὶν,

305 4284 436 4336 ἴδιον
468 4280 796 4348 συνάγεσθαι
848 4279 1043 4331 τόπον·
1081 4280 1176 4332 καὶ
1227 4278 1473 4342 δοξάζειν
1515 4282 1646 4350 περὶ
1677 4282 1775 4350 τῆς
1802 4284 1883 4347 εἰς

307 4371 538 4439 Χριστὸν
572 4371 827 4432 πίστεως,
860 4368 934 4431 ὡς
964 4369 1029 4421 ἂν
1058 4368 1274 4437 ἑκάστῳ
1320 4372 1448 4438 περὶ
1474 4370 1683 4438 ταύτης
1709 4388 1882 4426 κατα-

1989 3180 2214 3235 silentio
2260 3189 2653 3249 prmtereamus
2687 3196 2700 3234 :
2737 3179 2957 3234 Arianis
3004 3177 3279 3239 videlicet.
3313 3188 3368 3232 et
3412 3178 3505 3248 qui
3542 3194 3573 3232 a

1988 3272 2314 3327 Macedonio
2350 3280 2406 3326 et
2447 3263 2721 3326 Eunomia
2759 3280 2815 3326 et
2851 3271 3065 3326 Novato
3106 3285 3408 3341 cognomen
3446 3279 3575 3324 sunt

1988 3365 2194 3433 adepti.
2237 3363 2534 3434 Postquam
2579 3378 2817 3434 namque
2864 3364 3035 3419 semel
3080 3363 3319 3418 Ecclesia
3357 3363 3451 3417 Dei
3487 3362 3576 3416 di-

1988 3458 2102 3513 visa
2146 3467 2254 3520 est.
2292 3473 2381 3513 res
2418 3459 2471 3511 in
2512 3472 2576 3512 ea
2624 3457 2967 3514 discessione
3011 3472 3122 3510 non
3170 3455 3440 3519 constitit,
3475 3453 3571 3507 sed

1987 3548 2077 3602 illa
2127 3564 2340 3603 rursum
2387 3550 2439 3604 in
2489 3565 2547 3604 se
2593 3549 2710 3619 ipsa
2757 3564 2857 3619 per
2909 3549 3287 3603 dissensiones
3335 3547 3572 3602 dissecta

1985 3646 2087 3694 est.
2135 3636 2204 3690 Et
2251 3646 2525 3692 sectarum
2581 3648 2858 3701 auctores,
2910 3653 3078 3707 parva
3126 3637 3423 3692 occasione
3477 3651 3573 3690 ar-

1988 3738 2162 3798 repta.
2197 3738 2254 3782 et
2281 3730 2594 3784 secessione
2622 3728 2785 3796 facta,
2813 3730 2867 3783 in
2900 3729 3168 3783 factiones
3194 3728 3332 3782 alias
3360 3726 3566 3782 abiere.

1987 3819 2273 3886 Quomodo
2309 3831 2516 3886 autem,
2545 3830 2603 3877 et
2637 3822 2884 3893 quando,
2931 3830 2989 3877 et
3034 3821 3237 3892 quibus
3277 3822 3343 3875 de
3386 3821 3573 3876 causis

1985 3921 2133 3967 secta
2179 3913 2442 3981 quarlihet
2470 3927 2500 3966 a
2532 3929 2590 3967 se
2622 3916 2736 3983 ipsa
2769 3929 2868 3984 per
2897 3913 3299 3968 dissensionem
3331 3927 3575 3968 secesse-

1985 4004 2080 4071 rit,
2112 4020 2179 4060 ex
2209 4005 2291 4059 eis
2322 4021 2443 4074 quae
2484 4005 2764 4069 dicentur,
2801 4005 3055 4074 liquebit.
3092 4007 3228 4061 lllud
3259 4021 3394 4060 sane
3428 4007 3571 4061 scire

1985 4098 2267 4161 convenit,
2302 4098 2692 4167 imperatorem
2736 4098 3116 4152 Theodosium
3154 4099 3407 4153 lmresim
3444 4099 3570 4152 nul-

1983 4190 2091 4244 lam
2128 4198 2483 4260 persecutum
2531 4204 2678 4255 esse,
2718 4204 2895 4257 neque
2935 4188 3251 4258 quempiam
3300 4189 3366 4243 ad
3411 4206 3568 4243 com-

1985 4281 2303 4335 munionem
2364 4281 2645 4350 coegisse,
2701 4279 2798 4335 sed
2857 4282 3042 4350 potius
3099 4280 3452 4348 permisisse,
3510 4290 3570 4333 ut

1985 4371 2214 4427 haeresis
2254 4371 2518 4440 quaelibet
2556 4371 2680 4424 loco
2722 4384 2844 4435 suo,
2880 4385 2980 4438 pro
3010 4386 3078 4426 eo
3109 4383 3273 4440 atque
3303 4378 3350 4425 ei
3388 4378 3564 4427 visum

301 4463 488 4515 λαϐεῖν
509 4462 811 4528 ἐξεγένετο.
848 4461 959 4523 Τὰς
993 4460 1092 4529 μὲν
1122 4456 1215 4513 οῦν
1237 4461 1431 4524 λοιπὰς
1459 4462 1567 4514 τῶν
1592 4463 1878 4534 αἱρέσεων,

1990 4472 2166 4529 esset,
2211 4471 2519 4518 conventus
2563 4477 2761 4532 agere,
2812 4471 2978 4533 atque
3025 4461 3189 4518 etiam
3241 4463 3309 4517 de
3357 4464 3461 4518 ﬁde
3511 4465 3564 4519 in

304 4555 446 4625 πλὴν
467 4552 847 4615 Ναυατιανῶν,
872 4550 977 4618 ἔξω
1007 4551 1114 4604 τῶν
1131 4550 1340 4604 πόλεων
1366 4553 1620 4620 συνάγειν
1645 4554 1883 4622 ἐκέλευε,

302 4650 396 4704 καὶ
428 4647 721 4718 ἐκκλησίας
783 4646 1056 4715 ἐγείρειν
1093 4646 1219 4706 τοὺς
1268 4644 1323 4697 δὲ
1369 4646 1751 4709 Ναυατιανοὺς
1810 4648 1887 4712 ὡς

300 4739 748 4810 ὁμοφρονοῦντας
780 4738 931 4808 αὐτῷ
956 4736 1099 4792 κατὰ
1121 4738 1220 4806 τὴν
1243 4736 1338 4790 τοῦ
1365 4738 1657 4806 ὀμοουσίου
1677 4740 1880 4805 πίστιν,

302 4836 449 4889 ἔνδον
471 4834 580 4887 τῶν
605 4834 812 4887 πόλεων
845 4833 984 4901 μετὰ
1028 4832 1267 4904 θάρῤους
1296 4833 1686 4904 ἐκκλησιάζειν
1712 4837 1883 4905 πρού-

302 4926 555 4996 τρέπετο,
586 4923 732 4977 καθὰ
786 4941 874 4991 μοι
904 4924 998 4977 καὶ
1034 4924 1295 4994 ἀνωτέρω
1327 4924 1641 4997 διείληπται
1668 4943 1682 4957 ⁸
1713 4928 1880 4994 μόνου

301 5016 346 5069 δ’
375 5014 640 5083 Εὐνομίου
665 5013 963 5085 ὑπερορίαν
981 5015 1157 5085 φυγὴν
1180 5016 1557 5080 κατεδίκαζεν.
1583 5013 1752 5080 Οὗτος
1769 5018 1878 5090 γὰρ

309 5106 447 5175 μετὰ
476 5106 535 5158 τὸ
558 5104 738 5159 λιπεῖν
773 5106 870 5174 τὴν
916 5104 1178 5173 Κύζικον,
1231 5108 1326 5161 καὶ
1352 5109 1445 5161 τοῦ
1477 5109 1734 5173 Εὐδοξίου
1762 5110 1880 5164 δια-

302 5198 555 5267 ζυγῆναι,
599 5197 658 5261 ὃς
707 5196 896 5250 τοῦτον
932 5199 1281 5270 ἐχειροτόνει,
1342 5203 1434 5254 ἐπὶ
1482 5202 1753 5273 προφάσει
1794 5203 1877 5256 ὅτι

301 5360 528 5416 stcrium
586 5358 689 5414 hoc
717 5360 798 5414 vel
826 5370 1062 5429 expetat,
1107 5361 1189 5414 vel
1245 5376 1303 5414 se
1345 5361 1414 5414 ab
1459 5377 1526 5416 eo
1578 5361 1872 5426 abstineat,

297 5430 636 5498 con~cientia
676 5432 881 5498 Optima
915 5431 1022 5484 dux
1067 5441 1171 5483 est.
1205 5429 1642 5485 Fundamentum
1690 5442 1872 5486 autem

300 5506 513 5554 lirmum
551 5497 827 5569 hujusest
862 5503 968 5554 vita
1004 5510 1146 5554 recta
1173 5516 1298 5555 cum
1337 5501 1626 5569 disciplina
1663 5501 1870 5555 debita.

297 5571 373 5624 Te
397 5578 577 5642 autem
610 5570 858 5642 homines
891 5572 1027 5624 alios
1046 5580 1318 5638 Spectatus
1336 5572 1445 5642 jam
1470 5581 1525 5625 et
1558 5572 1874 5641 cXploratos

298 5638 542 5694 nioribus
565 5640 867 5694 emendatis
912 5642 1111 5695 imitari
1161 5638 1757 5703 commodissima—est,
1815 5654 1872 5696 et

295 5713 362 5764 ad
390 5707 637 5761 veritatis
685 5711 1072 5777 cognitionem,
1101 5719 1153 5762 et
1197 5712 1259 5763 ad
1303 5723 1693 5778 praeceptorum
1724 5715 1866 5765 divi-

298 5794 495 5833 norum
540 5783 985 5845 exsecutionem,
1054 5782 1160 5834 via.
1236 5784 1504 5845 Quocirca
1548 5785 1864 5850 quicunque

1986 4556 2288 4622 Christum,
2331 4570 2428 4625 pro
2467 4556 2734 4626 cujusque
2777 4565 2964 4623 captu,
2996 4556 3204 4610 sentire
3240 4568 3404 4626 atque
3447 4559 3570 4627 opi-

1988 4651 2105 4703 nari
2165 4659 2375 4719 posset.
2434 4649 2697 4718 Reliquas
2751 4649 2976 4717 quidem
3036 4649 3314 4718 haereses,
3371 4663 3569 4719 pra-tu-r

1984 4742 2356 4806 Novatianos,
2397 4751 2555 4797 extra
2604 4743 2772 4797 urbes
2820 4751 3127 4797 conventus
3167 4742 3471 4806 celebrare,
3514 4756 3569 4799 i-t

1985 4834 2250 4890 ecclesias
2281 4845 2569 4891 exstruere
2597 4835 2784 4905 jussit.
2817 4835 3150 4892 Novatianos
3177 4848 3383 4900 autem,
3418 4841 3564 4906 quod

1984 4944 2169 4983 secum
2203 4929 2272 4984 de
2305 4930 2616 4996 ὁμοουσιου,
2651 4930 2756 4985 hoc
2786 4940 2869 4985 est
2904 4931 3414 4995 consubstantialis,
3459 4935 3565 4986 title

1983 5024 2384 5087 consentirent,
2427 5023 2573 5077 intra
2625 5024 2791 5078 urbes
2837 5023 3010 5079 libere
3054 5025 3322 5081 ecclesias
3357 5026 3564 5082 habere

1981 5125 2070 5169 est
2118 5129 2342 5184 passus,
2395 5115 2558 5170 sicuti
2605 5125 2766 5169 antea
2816 5132 3038 5187 quoque
3084 5117 3219 5172 dixi.
3266 5118 3334 5173 Et
3383 5121 3561 5174 solum

1980 5205 2101 5275 ipse
2136 5206 2471 5261 Eunomium
2511 5207 2709 5263 exsilio
2751 5209 3059 5264 mulctavit.
3095 5208 3193 5265 llic
3226 5209 3372 5264 enim
3415 5221 3565 5279 post-

1981 5359 2395 5416 manducaverit
2450 5379 2643 5433 panem
2685 5375 2739 5419 et
2793 5366 2996 5422 biberit
3058 5369 3283 5423 calicem
3343 5369 3556 5422 Domini

1982 5434 2226 5508 i_ndi_gne,
2287 5448 2415 5487 reus
2467 5438 2567 5508 erit
2620 5438 2867 5505 corporis
2907 5449 2961 5492 et
3002 5443 3282 5508 sanguinis
3319 5441 3554 5493 Domini.

1978 5502 2239 5576 Eatploret
2267 5518 2398 5557 vero
2426 5507 2668 5573 seipsum
2700 5502 2889 5572 homo,
2921 5520 3084 5576 atque
3108 5502 3202 5562 vita
3226 5512 3446 5564 demum
3488 5514 3558 5564 de

1980 5588 2117 5647 pane
2148 5572 2295 5647 edat,
2329 5583 2384 5627 et
2425 5577 2492 5647 de
2514 5572 2693 5631 calice
2735 5579 2910 5632 bibat.
2946 5572 3241 5647 (Clemens.
3284 5581 3555 5636 Alexand.

1978 5642 2073 5695 lib.
2107 5657 2143 5704 ι,
2174 5640 2456 5710 Stromat.)

1976 5748 2011 5789 ἱ
2049 5712 2787 5789 (_|_)Cun‘stitutinTheodosii
2812 5718 2878 5773 de
2907 5719 3232 5774 diaconissis
3276 5719 3336 5775 L.
3364 5720 3553 5789 Nullo,

1973 5783 2034 5839 C.
2073 5783 2144 5835 ile
2178 5782 2345 5849 cpisc.
2380 5798 2432 5839 et
2462 5788 2596 5840 cier.
