4062 6470
436 373 551 436 843

1681 372 1727 431 Ν
1740 368 2101 430 lCEPIlORl
2144 368 2229 429 CA
2244 372 2285 430 L
2298 371 2493 431 LISTI

3608 380 3711 447 8-H

447 488 543 556 qui
598 503 731 543 vero
784 489 1209 560 Enpsycliium,
1253 486 1893 559 Eueomioeupsycliiani
1953 485 2004 550 (l

2139 485 2323 552 αὐτοῖς
2376 486 2437 552 ἐξ
2488 488 2587 542 ούκ
2646 489 2815 543 ὄντων
2848 492 3202 563 γεγενῆσθαι)
3229 497 3257 548 ό
3302 495 3492 569 Πατὴρ
3526 501 3714 574 Πατὴρ

445 581 818 652 cognominati
878 591 1028 637 sunt.
1090 581 1500 652 Disputationes
1557 588 1740 636 autem
1799 587 1855 634 et
1904 592 2029 631 ora-

448 673 629 727 tiones
679 687 873 726 omnes
926 687 1048 739 qua:
1105 672 1173 725 de
1227 671 1316 731 his
1373 670 1777 740 (ιυυιειίυιιίὺυε
1831 667 2031 723 habita:

445 774 597 828 sunt,
631 779 1086 830 commemorare,
1127 764 1454 833 perlongum
1522 775 1577 817 et
1616 778 1844 832 prorsus
1891 761 2030 817 dim-

444 859 548 913 cile
588 866 755 923 esset,
791 858 1093 928 praesertim
1135 873 1261 911 cum
1304 857 1455 912 aliud
1502 856 1636 910 mihi
1684 856 2029 925 propositum

443 952 517 1006 sit
574 952 920 1006 institutum.
986 950 1126 1005 Tum
1193 966 1328 1005 vero
1393 949 1536 1019 apud
1605 948 2028 1002 Macedoniauos

441 1043 607 1099 etiam
650 1045 719 1097 ad
765 1054 983 1115 tempus
1030 1043 1309 1098 discordia
1355 1044 1590 1105 exstitit,
1627 1041 1786 1111 cujus
1835 1050 2028 1095 auctor

437 1138 545 1194 fuit
602 1138 905 1209 Eutropius
959 1136 1185 1208 quidam
1233 1136 1555 1206 presbyter,
1608 1134 1840 1189 seorsim
1899 1148 2029 1188 con-

438 1242 642 1289 ventus
701 1246 892 1302 agens.
958 1229 1024 1286 Ei
1081 1245 1215 1285 vero
1276 1227 1561 1284 Carterius
1623 1225 2026 1280 Macedonianaa

438 1336 605 1383 secta:
642 1325 1042 1396 antesignanus
1100 1323 1326 1379 restitit.
1374 1322 1575 1378 Eodem
1605 1332 1853 1389 tempore
1878 1318 2025 1373 etab

443 1419 669 1474 Arianis
703 1415 1188 1487 Constantinopoli
1217 1416 1352 1471 illud
1381 1416 1436 1469 in
1467 1414 1828 1485 quaastionem
1857 1426 2024 1465 voea-

436 1520 557 1562 tum
586 1515 672 1562 est
707 1522 721 1558 :
748 1524 766 1557 ι
799 1504 882 1560 An
904 1507 1225 1577 priusquam
1266 1506 1439 1560 Filius
1469 1505 1637 1559 fuerit
1664 1501 2026 1573 {proﬁteban—

428 1610 532 1653 -tur
554 1599 703 1652 enim
733 1613 861 1653 eum
887 1613 956 1651 ex
984 1612 1096 1652 non
1122 1598 1488 1651 existentibus
1514 1596 1838 1665 exstitisse).
1862 1594 2024 1648 Pater

442 1702 556 1747 tum
588 1692 749 1747 Pater
782 1692 968 1746 vocari
1000 1692 1266 1761 potuerit.
1302 1708 1320 1741 ι
1358 1689 1426 1744 Et
1455 1689 1766 1742 Dorotlieus
1799 1687 2020 1756 quidem

437 1787 535 1855 qui
566 1783 862 1839 Antiochia
895 1784 1126 1849 accitus,
1162 1781 1236 1836 ibi
1278 1796 1378 1850 pro
1411 1779 1622 1833 Marino
1668 1778 2023 1833 administra-

441 1881 644 1934 tionem
671 1885 834 1932 secta:
858 1874 1170 1946 hujusmodi
1198 1872 1520 1935 obtinebat,
1545 1880 1733 1941 aperte
1758 1870 2024 1924 decerne-

431 1972 549 2037 bat,
576 1988 594 2021 ι
621 1969 742 2023 lieri
771 1983 879 2021 non
908 1980 1095 2037 posse,
1116 1964 1438 2034 priusquam
1474 1961 1648 2016 Filius
1673 1960 2022 2025 subsisteret,

432 2073 494 2119 ut
514 2063 679 2133 Rater
697 2069 1026 2116 vocaretur:
1049 2060 1195 2128 quod
1234 2056 1412 2112 Patris
1430 2071 1630 2110 nomen
1658 2069 1725 2109 ex
1745 2054 1826 2108 eis
1855 2064 2023 2117 esset,

427 2170 555 2225 qua:
578 2152 645 2207 ad
665 2150 876 2220 aliquid
900 2149 1300 2205 referrentur.»
1327 2146 1570 2201 Marinus
1594 2161 1724 2201 vero
1745 2145 2022 2201 diversum

433 2243 653 2299 censuit
687 2261 699 2298 :
737 2240 971 2312 etprius
1002 2241 1169 2295 etiam
1200 2240 1417 2294 Patrem
1450 2253 1610 2307 qualn
1653 2236 1823 2290 Filius
1855 2235 1977 2290 fuer
2005 2242 2024 2287 t

431 2335 650 2392 Patrem
685 2334 1050 2406 proﬁtebatur
1079 2351 1092 2388 :
1126 2333 1242 2387 sive
1267 2333 1413 2402 quod
1444 2331 1514 2385 ita
1544 2345 1612 2384 ex
1638 2332 1822 2384 animo
1851 2330 2022 2383 senti-

433 2437 539 2490 ret,
574 2441 669 2481 seu
717 2426 865 2495 quod
922 2424 1206 2480 Dorotlteo
1261 2423 1679 2486 adversaretur,
1715 2433 1777 2475 ut
1820 2422 1915 2491 qui
1966 2421 2019 2475 ei

432 2519 633 2573 liaaresi
683 2533 748 2572 ea
795 2516 1163 2587 gubernanda
1213 2515 1472 2585 praelatus
1520 2515 1710 2569 fuerit.
1754 2515 1820 2569 Et
1856 2515 2017 2569 talem

432 2615 502 2666 ob
527 2625 751 2666 causam
779 2610 833 2664 in
860 2617 1046 2678 partes
1068 2608 1208 2663 duas
1233 2607 1554 2671 multitudo,
1577 2623 1700 2676 quae
1722 2624 1817 2662 eos
1844 2620 2018 2662 secta-

429 2706 620 2768 batur,
649 2703 927 2758 discessit.
960 2701 1030 2757 Et
1055 2700 1373 2770 DorOthcus
1400 2698 1626 2770 quidem
1657 2700 1710 2754 in
1737 2715 1892 2754 sacra
1918 2712 2041 2755 sua‘

429 2797 549 2851 atde
583 2794 910 2867 permansit.
945 2791 1050 2860 Qui
1087 2804 1272 2848 autem
1316 2791 1510 2847 Marini
1554 2793 1795 2862 partium
1832 2802 2013 2858 erant,

427 2888 590 2942 novis
636 2886 882 2942 conditis
929 2887 1204 2947 ecclesiis,
1236 2885 1292 2938 in
1328 2887 1408 2939 cis
1452 2885 1875 2939 conveniebant.
1908 2886 2011 2951 Qui

426 2982 592 3036 etiam
664 2979 1014 3051 PSatliyriani
1076 2979 1193 3034 sive
1245 2977 1528 3033 Gotthiani
1582 2979 1761 3032 vocati
1830 2991 2009 3032 sunt:

427 3071 906 3145 proptereaﬂuod
937 3073 1018 3126 vir
1049 3072 1274 3141 quidam
1303 3071 1737 3142 ψαθυροπώλης,
1772 3071 1878 3126 hoc
1902 3081 2008 3131 est.

2139 578 2423 633 καλεῖσθαι
2453 582 2571 635 τότε
2614 583 2866 654 ἠδύνατο.
2904 585 3125 656 Ἀμέλει
3155 589 3250 642 καὶ
3283 592 3557 661 Δωρόθεος
3590 597 3710 664 μὲν,

2136 666 2193 731 ὃς
2224 669 2345 722 ἀντὶ
2374 671 2626 741 Μαρίνου
2657 674 2720 724 ἐκ
2748 674 2848 742 τῆς
2878 673 3154 745 Ἀντιόχου
3211 679 3592 751 μετακληθεὶς,
3617 683 3715 754 τὴν

2138 760 2438 829 ἡγεμονίαν
2491 764 2592 832 τῆς
2622 763 2878 835 τοιαύτης
2910 767 3180 836 αἱρέσεως
3225 768 3313 822 διὰ
3362 772 3546 842 χειρὸς
3581 771 3713 844 siis,

2133 849 2433 921 διαρρήδην
2490 854 2760 923 ἀπέφηνε,
2803 872 2824 906 ι
2862 858 2952 920 Μὴ
3004 859 3232 912 δυνατὸν
3266 856 3406 915 εἶναι
3469 864 3599 932 πρὶν
3625 865 3716 918 τὶν

2137 943 2263 995 Υίὶν
2296 944 2624 1014 ὑποστῆναι,
2665 948 2888 1019 Πατέρα
2938 951 3226 1005 καλεῖσθαι
3252 970 3267 985 ο
3301 954 3410 1007 τῶν
3441 956 3548 1025 γὰρ
3579 958 3716 1026 πρός

2133 1050 2186 1086 τι
2214 1035 2273 1087 τὸ
2306 1037 2494 1106 Πατὴρ
2521 1039 2750 1109 ὄνομα.»
2794 1041 2853 1094 '0
2882 1042 2938 1096 δὲ
2965 1044 3212 1115 Μαρῖνος
3240 1040 3553 1100 τούναντίον
3583 1051 3719 1117 μᾶλ-

2132 1123 2222 1176 λον
2280 1125 2502 1190 ἐδόξαζε
2525 1144 2540 1160 ο
2597 1130 2695 1183 καὶ
2725 1133 2856 1202 πρὶν
2884 1126 3026 1187 εἶναι
3076 1134 3169 1189 τὸν
3203 1134 3351 1201 Υίὸν,
3384 1136 3601 1207 Πατέρα
3626 1138 3716 1191 τὸν

2136 1219 2359 1289 Πατέρα
2384 1220 2745 1292 διωμολόγει·
2777 1224 2811 1297 ἢ
2841 1227 2924 1280 ὅτι
2954 1228 3048 1282 καὶ
3079 1230 3203 1293 ταῖς
3229 1230 3511 1301 ἀληθείαις
3542 1231 3713 1296 οὕτως

2133 1310 2405 1379 ἐδόξαζεν,
2441 1313 2473 1384 ἢ
2502 1316 2695 1370 καθότι
2726 1319 2818 1377 καὶ
2869 1320 3134 1393 διάφορος
3174 1323 3441 1393 Δωροθέῳ
3494 1320 3584 1396 ἦν,
3617 1324 3714 1379 ἅτε

2133 1405 2197 1476 δὴ
2229 1409 2581 1480 ’προκριθέντι
2610 1413 2708 1483 τῆς
2733 1416 2912 1470 αὐτῶν
2936 1417 3210 1489 αἱρέσεως
3237 1422 3595 1491 προεστάναι.
3619 1422 3714 1476 Ἐκ

2131 1502 2388 1571 τοιαύτης
2418 1504 2472 1556 δὲ
2508 1506 2611 1575 τῆς
2637 1509 2818 1570 αἰτίας
2849 1512 2927 1572 είς
2957 1512 3229 1582 ἑκατέραν
3266 1516 3465 1585 μοῖραν
3496 1514 3555 1567 τὸ
3583 1514 3714 1586 παρ’

2133 1594 2357 1658 ἐκείνοις
2393 1597 2594 1667 πλῆθος
2621 1598 2879 1654 διίστατο.
2914 1603 3020 1655 Καὶ
3049 1604 3328 1675 Δωρόθεος
3358 1605 3461 1676 μὲν
3486 1607 3579 1660 ἐπὶ
3605 1606 3710 1659 τῶν

2136 1686 2283 1739 ίδίων
2343 1690 2650 1760 εὐκτηρίων
2698 1694 3029 1762 ἐπέμεινεν·
3084 1697 3134 1749 οί
3187 1696 3233 1751 δ’
3276 1699 3424 1768 ἀμφὶ
3448 1700 3708 1770 Μαρῖνον,

2132 1781 2324 1849 ἐτέρας
2354 1785 2788 1852 νεουργήσαντες
2817 1787 3136 1856 ἐκκλησίας,
3185 1790 3414 1853 ταύταις
3454 1791 3711 1861 συνήγον-

2133 1886 2223 1921 το*
2254 1871 2303 1923 οἳ
2362 1873 2457 1925 καὶ
2513 1874 2867 1942 Ψαθυριανοὶ
2922 1876 3097 1946 ὄνομα
3153 1878 3558 1948 ἐκληρώσαντο,
3590 1880 3709 1950 ἦτοι

2130 1963 2171 2015 Γ
2173 1964 2434 2017 υτθιανοί·
2467 1965 2661 2036 ὅτιπερ
2715 1968 2855 2038 ἀνήρ
2885 1984 2970 2031 τις
2999 1967 3413 2041 ψαθυροπώλης
3442 1972 3708 2042 (ποπάνου

2127 2054 2183 2107 δὲ
2212 2053 2370 2108 τοῦτο
2397 2053 2584 2125 εἶδος),
2615 2057 2940 2123 Θεόκτιστος
2964 2060 3155 2130 ὄνομα,
3173 2061 3468 2132 ὑπερφυῶς
3494 2067 3559 2134 τῇ
3584 2062 3708 2133 δόξῃ

2127 2150 2299 2220 ταύτῃ
2334 2151 2642 2206 συνίστατο.
2690 2152 2787 2206 Ἐκ
2816 2152 3035 2207 Γότθων
3063 2149 3145 2218 δὲ,
3181 2156 3306 2209 ἐπεὶ
3338 2158 3432 2210 καὶ
3487 2159 3707 2222 Σαλίνας

2125 2245 2154 2295 ό
2184 2243 2387 2297 τούτων
2439 2246 2742 2311 ἐπίσκοπος
2799 2247 2945 2302 οὕτω
2998 2247 3369 2318 διαφερόντως
3401 2252 3500 2321 τῆς
3550 2252 3706 2321 δόξης

2124 2334 2384 2404 ἐξείχετο,
2442 2337 2519 2399 ὡς
2576 2339 2671 2392 καὶ
2731 2339 2957 2408 σύμπαν
3013 2340 3076 2393 τὸ
3133 2340 3393 2396 Γοτθικδν
3445 2344 3582 2414 πρὸς
3609 2346 3706 2413 τὴν

2122 2429 2316 2496 ὁμοίαν
2344 2429 2643 2498 ἐφελκῦσαι
2675 2431 2854 2498 δόξαν.
2887 2432 3175 2504 Πειθήνιον
3201 2435 3312 2503 γὰρ
3339 2436 3400 2487 τὸ
3429 2435 3704 2507 βάρϐαρον

2124 2520 2269 2589 μάλα
2297 2517 2363 2591 ἦν
2394 2523 2590 2591 τούτῳ,
2620 2523 2717 2578 ἅτε
2747 2524 2812 2594 δὴ
2844 2526 2942 2577 καὶ
2972 2524 3253 2578 διδάσκειν
3276 2527 3478 2593 ἄριστα
3508 2530 3698 2596 ἱκανῷ,

2119 2614 2180 2665 οὐ
2214 2620 2355 2667 κατὰ
2383 2614 2482 2686 τὴν
2518 2617 2749 2687 πάτριον
2784 2620 2951 2688 μόνον
2983 2618 3196 2693 φωνὴν,
3251 2621 3390 2675 ἀλλά
3424 2639 3487 2691 γε
3519 2623 3584 2694 δὴ
3612 2623 3705 2677 καὶ

2120 2705 2262 2760 κατὰ
2288 2708 2387 2779 τὴν
2418 2708 2678 2779 Ἕλληνα.
2721 2712 2818 2775 Ὃς
2849 2712 3207 2784 ὑπογραφεὺς
3256 2715 3327 2768 τὰ
3362 2716 3556 2786 πρῶτα
3612 2734 3705 2787 γε-

2119 2800 2347 2867 νόμενος
2380 2800 2624 2872 Οὐλφίλα
2656 2803 2855 2873 ἐκείνῳ
2909 2801 2989 2875 τῷ
3048 2805 3254 2878 πρώτῳ
3284 2808 3570 2879 ἐπισκόπφ
3597 2811 3703 2863 τῶν

2120 2890 2355 2950 Γότϋων,
2390 2884 2452 2943 οὗ
2508 2894 2601 2944 καὶ
2655 2895 2915 2964 ἀνωτέρω
2960 2899 3183 2967 μνήμην
3229 2899 3579 2968 ἐποιησάμην
3609 2901 3704 2956 ἐπὶ

2117 2986 2444 3050 Οὐάλεντος,
2477 2984 2604 3038 ὖστε
2616 3002 2708 3055 ρον
2737 2990 2831 3040 καὶ
2867 2988 3112 3059 διάδοχος
3141 2990 3358 3043 ἐκείνου
3385 2990 3697 3046 καθίστατο.

2117 3082 2322 3143 υύκείς
2357 3082 2578 3151 μακρὰν
2608 3082 2664 3133 δὲ
2692 3081 2942 3150 διάφοροι
2979 3081 3307 3137 καθίσταντο
3336 3084 3364 3138 ὃ
3384 3102 3443 3138 τε
3474 3085 3700 3156 εἰρημέ-

423 3167 805 3236 placentarmn
862 3164 1151 3231 venditor,
1208 3179 1330 3233 qua:
1383 3179 1449 3218 ex
1508 3163 1748 3218 liberum
1803 3180 2005 3234 genere

2121 3189 2197 3233 νος
2237 3175 2482 3241 Μαρῖνος
2519 3174 2613 3226 κα)⁸
2634 3166 2898 3241 Ἀγόιπιος
2931 3175 3029 3240 τῆς
3054 3177 3113 3228 ἐν
3144 3174 3360 3247 Ἐφέσῳ
3408 3178 3704 3248 ἐκκλησίας

422 3269 575 3325 sunt,
601 3262 826 3315 nomine
856 3258 1232 3324 Theoctisms,
1265 3258 1581 3329 opinionem
1613 3260 1754 3313 hanc
1784 3275 2010 3327 magno-

422 3372 557 3428 pere
604 3356 878 3412 defendit.
913 3356 958 3408 Α
992 3353 1214 3409 Gouhis
1257 3363 1442 3409 autem
1482 3355 1592 3409 illis
1631 3370 1831 3409 nomen
1871 3357 2011 3410 indi-

424 3456 567 3513 tum,
597 3446 747 3516 quod
782 3445 998 3501 Selinas
1026 3444 1359 3499 Gotthorum
1393 3443 1688 3513 episcopus
1723 3454 2010 3512 tantopere

423 3539 475 3594 ei
529 3537 819 3592 sententiae
869 3536 1133 3591 addictus
1200 3535 1330 3601 fuit,
1387 3544 1449 3589 ut
1495 3534 1561 3588 ad
1614 3548 1738 3589 eam
1788 3546 2007 3605 gentem

422 3628 740 3685 Gotthicam
795 3642 1015 3683 onmem
1074 3626 1389 3682 adduxerit.
1440 3626 1577 3681 Nam
1636 3626 2011 3695 obsequentes

422 3721 532 3777 sibi
577 3721 877 3776 admodum
928 3719 1199 3774 Barbaros
1246 3719 1463 3780 habuit,
1500 3720 1762 3772 nimirum
1803 3719 1899 3788 qui
1938 3718 2008 3772 ad

423 3814 737 3870 docendum
772 3829 882 3868 non
918 3813 1094 3867 solum
1130 3812 1309 3882 patria
1347 3827 1566 3874 eorum,
1603 3827 1795 3866 verum
1839 3814 2007 3866 etiam

421 3906 612 3964 Graeca
646 3908 834 3978 lingua
876 3904 1161 3976 appositus
1194 3904 1361 3960 fuerit
1388 3921 1401 3957 :
1432 3904 1666 3975 Ulpliiltn
1702 3905 1850 3959 illius
1881 3903 2010 3960 Got-

426 4003 652 4058 thorum
699 4000 973 4070 episcopi,
1007 4000 1076 4054 de
1116 4015 1227 4070 quo
1274 4014 1441 4069 supra
1484 4015 1704 4069 quoque
1743 4000 2006 4065 diximus,

422 4113 550 4153 cum
580 4112 672 4153 res
697 4094 943 4152 Valentis
970 4109 1401 4164 eXponeremus,
1429 4094 1665 4164 primum
1698 4095 2005 4156 subscriba,

424 4189 631 4248 deinde
660 4193 829 4247 etiam
860 4205 1156 4245 successor
1187 4188 1389 4244 factus.
1425 4190 1538 4244 Nec
1569 4189 1644 4243 ita
1679 4189 1852 4244 multo
1886 4197 2011 4257 post

425 4284 717 4340 dissidium
774 4299 1000 4356 quoque
1061 4284 1378 4337 intercessit
1432 4281 1482 4336 ei
1545 4298 1711 4351 quem
1769 4282 2009 4337 diximus

363 4426 367 4428 ν
425 4374 642 4431 Marino
694 4385 753 4432 et
804 4375 1017 4446 Agapio
1055 4413 1070 4438 ,
1120 4375 1214 4444 qui
1275 4373 1532 4428 factionis
1589 4374 1709 4443 ejus
1763 4373 2009 4428 ecclesiae

424 4467 626 4538 Ephesi
670 4469 966 4538 episcopus
994 4483 1026 4521 a
1067 4466 1278 4521 Marino
1311 4475 1533 4521 creatus
1571 4466 1808 4535 praefuit.
1842 4466 2010 4536 286

2114 3264 2245 3333 παρ’
2267 3265 2454 3325 αὐτοῖς
2485 3264 2908 3333 προϊστάμενος.
2957 3263 3016 3318 Ἠ
3046 3264 3092 3318 δ’
3120 3266 3384 3337 ἐκατέρου
3430 3265 3702 3335 διάκρισις

2111 3356 2352 3425 πόλεμον
2382 3355 2736 3429 ἀνερρίπιζεν
2772 3358 3056 3427 ἄντικρυς,
3084 3358 3193 3411 τῶν
3224 3358 3437 3412 Γότθων
3467 3359 3701 3430 μάλιστα

2112 3448 2529 3517 προσκειμένων
2551 3449 2629 3516 τῷ
2663 3447 2913 3520 Ἀγαπίῳ
2936 3466 2952 3481 ο
2988 3450 3050 3516 ἐξ
3078 3443 3146 3520 ἦς
3177 3450 3355 3513 αἰτίας
3387 3450 3542 3519 λόγος
3570 3451 3704 3504 πολ-

2110 3536 2235 3597 λοὺς
2265 3535 2810 3607 καταμεμψαμένους
2844 3538 2942 3610 τὴν
2972 3540 3084 3593 τῶν
3115 3538 3479 3609 προεστώτων
3508 3540 3705 3612 διαμά-

2110 3645 2216 3696 χην
2248 3645 2308 3680 τε
2343 3631 2440 3684 καὶ
2470 3628 2810 3699 φιλονεικίαν
2839 3635 2906 3703 τῇ
2935 3631 3172 3686 καθόλου
3215 3632 3541 3705 προσελθεῖν
3582 3635 3704 3688 Ἐκ-

2112 3719 2332 3792 κλησίᾳ,
2365 3722 2460 3774 καὶ
2503 3723 2789 3799 κοινωνίας
2823 3724 3158 3794 ἀδιακρίτως
3191 3727 3392 3794 τυχεῖν.
3430 3724 3579 3796 Αὕτη
3604 3726 3702 3795 μὲν

2112 3814 2260 3868 αἰτία
2306 3815 2404 3868 καὶ
2434 3815 2494 3867 τὸ
2525 3816 2652 3879 τοὺς
2689 3815 3005 3885 ’Δρειανοὺς
3034 3820 3103 3871 τό
3129 3818 3188 3884 ἐξ
3218 3819 3392 3891 ἀρχῆς
3427 3821 3703 3891 χωρισθῆ-

2110 3922 2237 3959 ναιο
2270 3907 2330 3973 ἐξ
2358 3908 2571 3961 ἐκείνου
2629 3925 2692 3961 τε
2723 3910 2864 3962 κατὰ
2905 3910 3098 3974 πόλεις
3150 3915 3212 3966 ἐν
3273 3909 3361 3973 αἶς
3416 3916 3556 3967 εἰσιν
3599 3914 3703 3985 ἰδίᾳ.

2111 3999 2555 4069 ἐκκλησιάζουσι.
2590 4000 2731 4063 Τοὺς
2761 4002 2817 4055 δὲ
2848 4004 2996 4057 κατὰ
3017 4004 3116 4076 τὴν
3146 4002 3563 4060 Κωνσταντίνου
3589 4006 3701 4058 δια-

2111 4095 2450 4161 φερομένους
2481 4094 2640 4143 πέντε
2665 4098 2759 4145 καὶ
2788 4095 3086 4163 τριάκοντα
3121 4095 3215 4165 ἔτη
3240 4096 3468 4165 ὕστερον
3493 4097 3699 4166 ἤγαγεν

2110 4185 2191 4246 είς
2221 4184 2480 4253 ὁμόνοιαν
2535 4185 2680 4255 ἀνήρ
2713 4202 2799 4249 τις
2828 4187 2890 4252 ἐξ
2917 4187 3166 4250 ὑπάτων,
3225 4188 3460 4253 Πλινθᾶς
3506 4189 3696 4258 ὄνομα,

2109 4279 2370 4349 ὁμόφρων
2413 4279 2513 4351 μὲν
2543 4281 2751 4347 αὐτοῖς,
2772 4282 2943 4337 ἵππου
2990 4283 3046 4337 δὲ
3095 4284 3189 4338 καὶ
3224 4285 3392 4354 πεζῆς
3419 4286 3700 4356 δυνάμεως

2109 4371 2210 4440 τὴν
2259 4372 2566 4441 ἠγεμονίαν
2622 4373 2836 4443 λαχώνο
2889 4373 3166 4444 ἐπίσημος
3195 4374 3241 4427 δ’
3272 4377 3329 4427 ἐν
3387 4379 3497 4438 τοῖς
3548 4375 3700 4445 βασι-

2111 4462 2276 4525 λείοις
2308 4463 2546 4531 μάλιστα
2572 4459 2641 4533 ἦν
2659 4481 2671 4494 ·
2705 4466 2944 4530 ὁπηνίκα
2970 4471 3063 4519 καὶ
3091 4467 3312 4520 συνόδου
3344 4472 3458 4532 τοῖς
3485 4467 3698 4538 Ἀρεια-

420 4524 666 4628 Quorum
699 4524 969 4617 discessio
1000 4576 1197 4632 parum
1228 4561 1409 4617 abfuit
1439 4524 1587 4631 quin.
1610 4563 1812 4617 bellum

2121 4556 2224 4616 μοῖς
2254 4524 2879 4624 γενομένης,’ἐψὴφιστο
2899 4594 2913 4619 ,
2952 4556 3029 4626 μὴ
3068 4557 3135 4610 ἂν
3165 4556 3357 4609 ἄλλοτε
3385 4524 3485 4621 τας
3516 4524 3696 4611 τοιαύ-

421 4646 542 4721 Sus,
575 4652 795 4708 Gottliis
834 4653 1075 4706 maxime
1124 4653 1334 4722 Agapio
1378 4653 1713 4719 faventibus,
1732 4653 2004 4708 'tnoverit.

422 4746 597 4813 Quam
645 4746 716 4800 ob
758 4759 983 4798 causam
1036 4745 1293 4813 permulti
1343 4746 1729 4816 praefectorum
1779 4762 2006 4801 suorum

421 4840 898 4895 concertationem
924 4848 977 4893 et
996 4839 1300 4894 dissidcndi
1321 4841 1563 4895 studium
1592 4839 2009 4909 reprehenden-

425 4945 544 4995 tes,
591 4931 660 4985 ad
711 4931 1042 4986 catholicam
1093 4946 1151 4985 se
1198 4933 1500 4988 Ecclesium
1547 4933 1869 4996 contulere,
1912 4933 2006 5001 qui

420 5027 586 5080 etiam
624 5026 776 5079 nullo
807 5024 1125 5079 discrimine
1161 5027 1226 5079 ad
1264 5031 1710 5080 communionem
1746 5032 1877 5079 sunt
1911 5027 2008 5077 ad-

421 5118 599 5174 missi.
635 5118 818 5187 Atque
862 5117 978 5173 haec
1017 5106 1241 5188 quidem
1286 5133 1450 5173 causa
1495 5119 1725 5180 exstitit,
1757 5132 1860 5171 cur
1896 5120 2006 5187 pri-

418 5231 571 5272 mum
624 5213 814 5269 Ariani
866 5214 1161 5283 segregati,
1205 5214 1259 5267 in
1311 5212 1579 5265 factiones
1630 5211 1889 5265 abiorint.
1939 5212 2007 5267 Et

420 5326 485 5364 ex
521 5325 587 5364 co
631 5319 882 5376 tempore
918 5307 1019 5373 illi,
1054 5307 1108 5359 in
1142 5305 1349 5373 quibus
1387 5314 1517 5357 sunt
1561 5304 1821 5367 urbibus,
1850 5319 2003 5359 seorv

418 5405 522 5457 Silii
569 5417 703 5458 suos
742 5416 977 5471 qumque
1024 5409 1334 5453 conventus
1372 5409 1519 5451 secta
1561 5405 1692 5466 agit.
1733 5396 2009 5451 Constan-

419 5497 655 5566 tinopoli
698 5510 855 5560 vero,
894 5508 991 5547 eos
1039 5490 1260 5561 triginta
1307 5500 1364 5542 et
1409 5491 1654 5558 quinque
1694 5489 1855 5544 annis
1892 5489 2008 5543 dis-

418 5588 691 5652 sidentes,
731 5583 958 5639 tandem
999 5582 1065 5636 ad
1103 5578 1460 5635 concordiam
1491 5580 1578 5632 vir
1610 5581 1833 5649 quidam
1878 5595 2012 5634 con-

421 5684 623 5737 sularis
663 5679 914 5737 Plinthas
950 5676 1049 5745 (2),
1086 5681 1251 5729 secta:
1296 5686 1490 5729 eorum
1541 5682 1802 5741 sectator,
1837 5688 2010 5744 eque—

491 5869 565 5943 (l)
594 5870 746 5953 Alii:
777 5865 1392 5939 Eunomioeutycbiani.

2112 4659 2210 4704 τας
2240 4641 2523 4713 ζητήσεις,
2561 4645 2616 4697 αἳ
2645 4644 2746 4716 τὴν
2794 4646 3081 4699 διάστασιν
3132 4647 3362 4716 ἧγαγον,
3396 4652 3480 4707 είς
3534 4652 3696 4719 μέσον

2116 4737 2488 4805 προενεγκεῖν.
2522 4734 2709 4788 Ταῦτα
2743 4736 2843 4805 μὲν
2898 4734 2991 4790 οὖν
3026 4738 3226 4807 μικρὸν
3257 4741 3506 4806 ἐγένοντο
3543 4740 3697 4792 ὕστε-

2117 4844 2210 4896 ρον
2234 4846 2250 4861 ο
2283 4829 2415 4890 ἴσως
2444 4828 2488 4880 δ’
2518 4828 2585 4882 ἂν
2614 4828 2709 4882 καὶ
2754 4829 2911 4883 ἄλλαι
2943 4831 3087 4883 κατά
3121 4831 3305 4895 πόλεις
3336 4834 3573 4901 αἱρέσεις
3605 4836 3697 4885 καὶ

2111 4921 2413 4990 διαιρέσεις
2460 4923 2731 4989 ἐγένοντο.
2775 4923 2931 4991 Ἐμοὶ
2963 4924 3018 4974 δὲ
3050 4925 3109 4975 οὑ
3145 4924 3301 4994 θέμις
3335 4926 3473 4995 πρὸς
3502 4925 3697 4977 λεπτὸν

2117 5017 2297 5068 πάντα
2326 5014 2602 5079 διεξιέναι,
2636 5014 2773 5067 ἀλλὰ
2824 5017 2934 5067 τῶν
2977 5016 3209 5085 καιρίων
3243 5016 3406 5086 μόνον
3442 5018 3536 5070 καὶ
3564 5018 3697 5070 ἀνα-

2115 5109 2327 5175 γκαίων
2352 5108 2688 5174 ἐφάπτεσθαι
2712 5149 2726 5172 ,
2755 5112 2846 5160 καὶ
2880 5108 3120 5176 μάλιστα
3145 5109 3254 5162 τῶν
3280 5112 3382 5163 ἀνὰ
3412 5110 3510 5181 τὴν
3542 5112 3699 5164 Κων-

2117 5204 2425 5264 σταντῐνου,
2475 5196 2541 5271 ἧς
2594 5200 2706 5267 ἐγὼ
2744 5203 2837 5254 καὶ
2871 5204 3095 5271 θρέμμα
3150 5201 3243 5254 καὶ
3306 5202 3590 5271 γέννημα,
3622 5200 3694 5258 ὡς

2114 5296 2557 5363 ἑπισημοτέρων,
2604 5295 2698 5346 καὶ
2752 5293 2827 5363 μὴ
2864 5295 3047 5346 λαϐεῖν
3085 5294 3422 5363 δυναμένων.
3454 5296 3515 5346 Εἰ
3545 5294 3601 5345 δέ
3620 5310 3695 5358 τῳ

2114 5390 2315 5451 σκοπὸς
2350 5388 2476 5458 περὶ
2512 5388 2617 5439 τῶν
2643 5387 2903 5440 τοιούτων
2941 5388 3237 5457 μανθάνειν
3262 5386 3548 5458 αίρέσεων,
3572 5384 3695 5438 ὅθεν

2112 5499 2171 5534 τε
2216 5485 2309 5533 καὶ
2335 5482 2483 5544 ὅπως
2503 5480 2759 5551 ήρξαντο,
2793 5481 2888 5533 καὶ
2924 5483 3018 5535 ἐπὶ
3047 5483 3158 5535 τίσι
3185 5481 3515 5553 προέκοψαν,
3543 5482 3695 5529 ἐντυ-

2113 5583 2227 5651 χεῖν
2261 5581 2652 5648 προτρέπομεν
2695 5578 2804 5637 τοῖς
2860 5578 3158 5649 Παναρίοις
3179 5595 3192 5608 ·
3231 5578 3434 5648 βιϐλίον
3460 5574 3516 5628 δὲ
3540 5571 3696 5625 τοῦτο

2127 5670 2437 5740 Ἑπιφανίῳ
2485 5669 2562 5740 τῷ
2594 5670 2690 5735 τῆς
2732 5668 2965 5739 Κύπρου
2996 5668 3336 5739 ἡγησαμὲνῳ
3360 5666 3578 5721 ἐκδοθὲν
3604 5666 3694 5716 ἐκ-

2188 5859 2262 5935 (2)
2303 5858 2526 5917 Sozom.
2567 5856 3081 5914 additconsularem
3112 5853 3299 5908 fuisse.
