4062 6472
433 404 538 473 845

1367 400 1967 467 ΕαριΕδίΑετιειε
2000 392 2387 469 HISTORIA!
2419 404 2566 468 LIB.
2616 398 2757 466 XII.

3589 399 3698 465 {’46

437 522 668 592 κλησίας
688 539 704 554 ο
735 519 815 574 ἔτι
843 521 900 574 δέ
933 520 1027 575 καὶ
1055 518 1387 591 Θεοδωρήτῳ
1408 520 1485 589 τῷ
1509 520 1610 582 τῆς
1635 520 2000 592 Κυρεστηνῶν

2108 521 2331 579 stribus
2393 520 2559 574 simul
2614 528 2671 575 et
2730 514 3085 589 pedestribus
3144 514 3327 587 copiis
3378 516 3698 586 praefectus,

433 615 884 686 προεδρεύσαντι,
918 616 1013 668 καὶ
1041 613 1119 683 τῷ
1143 612 1419 683 θεσπεσίῳ
1446 612 1676 684 Ἰωάννῃ
1704 613 1782 683 τῷ
1816 614 1883 666 ἐκ
1909 614 2013 664 Δα-

437 706 648 776 μασκοῦ
673 721 686 735 ·
722 705 892 759 πολλὰ
938 705 1046 777 γὰρ
1100 706 1193 759 καὶ
1247 703 1414 775 ἄμφω
1446 705 1574 774 περὶ
1622 707 1834 759 τούτων
1867 701 2010 767 διεξ-

436 816 570 854 ιασι.

2120 604 2315 682 magni
2351 611 2406 669 in
2455 611 2582 665 aula
2634 609 2905 681 imperiali
2960 608 3236 674 nominis,
3289 607 3529 663 reduxit.
3581 606 3700 674 Quo

2120 715 2372 776 tempore
2412 705 2623 774 synodo
2651 705 2817 760 etiam
2848 704 2919 759 ab
2951 703 3172 758 Arianis
3204 713 3396 759 coacta
3428 711 3695 761 statutum

2114 804 2221 859 est,
2263 808 2333 848 ne
2378 793 2601 862 quando
2646 794 2877 863 posthac
2922 794 3291 864 quaistiones,
3340 809 3464 862 quae
3498 808 3689 869 seems»

433 893 646 947 sionem
686 899 892 947 tantam
943 892 1284 950 attulissent.
1325 890 1382 945 in
1443 889 1686 943 medium
1759 888 2167 958 proferrentur.
2242 887 2369 941 Haec
2444 887 2667 956 quidem
2716 888 2880 956 paulo
2925 896 3050 957 post
3098 887 3259 941 facta.
3302 887 3557 942 Fortasse
3595 902 3699 938 π’·-

433 995 543 1042 tem
577 989 700 1041 alias
739 1001 961 1055 quoque
1014 987 1068 1040 in
1123 984 1358 1038 urbibus
1392 983 1595 1052 passim
1638 992 1804 1038 sectae
1833 991 1891 1037 et
1960 982 2239 1037 sectiones
2305 981 2637 1036 Arianorum
2674 980 2849 1043 fuere.
2916 996 3052 1051 quas
3087 980 3221 1035 mibi
3259 996 3452 1033 omnes
3501 991 3695 1035 cxac‘c

431 1081 641 1134 referre
677 1070 760 1135 fas
790 1096 899 1134 non
940 1091 1043 1135 est.
1086 1078 1194 1135 Sed
1240 1079 1374 1132 satis
1421 1077 1590 1131 fuerit
1653 1092 1802 1131 nunc
1834 1117 1850 1142 ,
1896 1077 2201 1146 praecipuas
2251 1087 2307 1132 et
2355 1076 2697 1131 necessarias
2747 1075 3031 1145 attigisse,
3082 1086 3138 1130 et
3201 1090 3295 1129 eas
3346 1075 3693 1143 potissimum

427 1189 552 1242 qute
577 1173 1083 1242 Constantinopoli,
1107 1172 1268 1243 cujus
1292 1187 1394 1241 ego
1422 1171 1683 1225 alumnus
1744 1181 1803 1224 et
1865 1169 2086 1225 soboles
2122 1185 2264 1234 sum,
2297 1169 2454 1225 fuere
2489 1189 2502 1224 :
2539 1169 2745 1239 quippe
2785 1184 2908 1236 quae
2949 1169 3327 1238 praeclariores
3371 1169 3495 1223 aliis
3529 1172 3700 1224 exsi—

431 1276 569 1329 tere,
601 1276 655 1319 et
701 1275 992 1335 propterea
1040 1265 1212 1318 latere
1262 1278 1370 1316 non
1418 1271 1739 1330 potuerunt.
1787 1260 1842 1316 Si
1884 1261 2009 1329 quis
2050 1272 2234 1315 autem
2303 1262 2598 1316 consilium
2664 1262 2999 1331 ejuscemodi
3037 1262 3325 1315 hmresium
3360 1277 3699 1330 cognoscen-

428 1360 623 1412 darum
654 1360 821 1429 cepit.
853 1359 997 1413 unde
1025 1367 1081 1412 et
1131 1356 1415 1427 quomodo
1446 1356 1604 1411 initia
1634 1370 1736 1408 sua
1803 1359 2161 1423 sumpserint,
2199 1364 2255 1408 et
2330 1356 2536 1424 quibus
2568 1355 2898 1410 auctoribus
2965 1357 3305 1410 incrementa
3332 1371 3429 1409 sua
3476 1371 3705 1424 accepe-

428 1456 563 1520 rint,
591 1471 720 1510 eum
758 1466 818 1509 ttt
852 1455 1086 1509 Panaria
1136 1453 1214 1524 (4)
1259 1453 1403 1523 legat
1438 1452 1634 1506 hortor
1672 1470 1687 1505 :

1763 1452 1903 1506 liber
1949 1460 2138 1505 autem
2211 1451 2260 1505 is
2324 1452 2394 1505 ab
2462 1451 2802 1522 Epiphanio.
2835 1453 2930 1521 qui
2971 1452 3262 1508 ecclesiam
3303 1452 3468 1521 Cypri
3526 1453 3706 1511 admi-

430 1548 704 1615 nistravit,
745 1548 929 1603 editus
971 1556 1103 1612 est;
1164 1557 1430 1617 praeterea
1479 1544 1878 1599 Theodoritum
1947 1542 2076 1613 Cyri
2127 1544 2489 1614 episcopum,
2550 1554 2717 1615 atque
2792 1546 3024 1615 insuper
3089 1546 3471 1602 admirandum
3550 1546 3704 1603 illum

426 1640 697 1697 Joannem
732 1641 1131 1696 Damascenum
1158 1657 1174 1693 :
1204 1654 1330 1693 nam
1360 1649 1420 1694 et
1452 1638 1507 1693 hi
1541 1638 1704 1693 ambo
1736 1639 2009 1706 permulta
2051 1639 2121 1694 de
2161 1638 2230 1694 iis
2265 1639 2570 1695 disserunt.

1009 1778 1262 1833 ΚΕΦΑΛ.
1298 1777 1429 1831 KA'.

2578 1768 2740 1844 237
2781 1773 3007 1831 CAPUT
3046 1768 3246 1830 XXXI.

460 1893 541 1959 Ως
573 1891 673 1944 καὶ
707 1888 1066 1959 Ναυατιανοί
1093 1888 1246 1956 πρὸς
1275 1887 1595 1959 ὰμήλους
1629 1883 2000 1959 στασιάσαν-

2118 1886 2185 1941 Ut
2221 1885 2726 1959 etiamﬂovatiqnj.
2746 1903 2839 1955 per
2864 1889 3174 1959 seditionem
3208 1897 3427 1959 propter
3454 1888 3704 1957 quaslioo

499 1954 595 2026 iac
631 1960 729 2014 διὰ
762 1960 876 2026 τὴν
917 1958 1031 2032 τοῦ
1056 1954 1271 2032 Πάσχα
1321 1954 1829 2032 ζῄτηςικηέτέραζ
1859 1969 2009 2032 σῳ·-

499 2033 845 2093 conio-arto
875 2030 1114 2097 αἵρεσιν
1142 2029 1257 2095 τὴν
1307 2027 1429 2080 τῶν
1459 2027 1876 2079 Σαϐσατιανῶν
1910 2028 2009 2076 ,τε-

498 2103 784 2171 γυμένηνο

501 2210 656 2264 Κατὰ
679 2208 869 2262 τοῦτον
906 2207 963 2262 δὲ
999 2209 1092 2262 τὸν
1120 2207 1315 2276 χρόνον
1352 2207 1448 2259 καὶ
1493 2208 1825 2260 Ναυατιανοὶ
1871 2208 2009 2274 np’;

429 2305 571 2371 σφᾶς
612 2301 980 2371 διενεχθέντες
1006 2301 1103 2353 ἀπ’
1137 2301 1386 2370 ἀλλήλων
1415 2316 1474 2352 τε
1504 2300 1878 2370 διεκρίθησαν,
1916 2303 2012 2353 καὶ

427 2396 524 2464 τὴν
559 2396 668 2447 τῶν
702 2392 1053 2462 καλουμένων
1080 2392 1472 2445 Σαδὸατιανῶν
1504 2392 1717 2461 αἵρεσιν
1746 2393 2010 2459 συνεστή-

431 2507 613 2543 σαντο.
646 2486 755 2541 Ἦν
787 2489 895 2557 γάρ
935 2505 1020 2551 τις
1050 2492 1185 2555 παρ’
1220 2486 1450 2550 ἐκείνοις
1477 2487 1852 2558 πρεσϐύτερος
1873 2487 2010 2540 Σαδ-

427 2580 615 2641 651130;
653 2580 847 2649 ὕνομα,
895 2579 1033 2649 πρὸς
1066 2576 1390 2649 Μαρκιανοῦ
1431 2578 1674 2647 εἰληφὼς
1700 2581 1799 2648 τὴν
1830 2592 2010 2648 χειρο-

428 2675 609 2727 τονίαν
630 2689 646 2705 ο
704 2672 763 2733 ὃς
795 2672 902 2725 ἀπὸ
934 2671 1211 2724 Ἰουδαίων
1239 2671 1497 2740 ἐλόμενος
1527 2671 1596 2722 τὰ
1635 2672 2006 2741 Χριστιανῶν,

427 2763 581 2816 οὐδὲν
610 2756 772 2833 ἦττον
797 2764 861 2832 τῇ
891 2761 1164 2830 προλήψει
1193 2760 1470 2814 δουλεύειν
1499 2761 1803 2825 ἐσπούδαζε
1824 2777 1839 2792 ·
1871 2764 2009 2832 πρὸς

428 2856 484 2907 δέ
517 2856 612 2906 καὶ
641 2855 826 2923 κρύφα
873 2854 973 2923 τῆς
1007 2853 1317 2923 ἐπισκοπῆς
1354 2855 1759 2925 μετεχειρίζετο
1806 2856 1996 2925 δράξα-

429 2948 554 3001 σθαι
582 2965 598 2980 ο
637 2946 693 3009 ὃς
721 2946 938 3015 σύναμα
967 2944 1282 3015 θεοκτίστῳ
1313 2946 1406 2998 καὶ
1434 2947 1732 3014 Μακαρίῳ,
1762 2947 2005 3015 πρεσϐυ-

425 3039 607 3107 τέροις
661 3040 757 3091 καὶ
819 3039 1002 3099 αὐτοῖς
1037 3037 1209 3100 οὖσιν,
1249 3036 1298 3088 οἳ
1349 3038 1460 3098 τοῖς
1494 3039 1550 3089 ἐν
1607 3036 1786 3102 Πάζου
1842 3037 2005 3108 κώμῃ

427 3128 779 3182 συνελθοῦσιν
833 3129 1143 3197 ἐφείποντο,
1197 3128 1437 3197 ὁπηνίκα
1494 3127 1711 3196 Οὐάλης
1758 3128 1850 3180 ἐπὶ
1898 3130 2006 3180 τῶν

425 3224 724 3293 σκήπτρων
771 3216 872 3290 ἦν,
915 3220 1072 3290 ἠξίου
1129 3220 1230 3283 τὴν
1276 3219 1470 3288 ἑορτὴν
1513 3218 1609 3271 τοῦ
1663 3218 1856 3288 Πάσχα
1888 3220 2006 3287 ἅμα

439 3314 721 3375 Ἰουδαίοις
753 3314 1042 3368 ἐπιτελεῖν.
1101 3312 1211 3365 Καὶ
1250 3311 1446 3380 πρῶτα
1484 3313 1582 3380 μὲν
1631 3311 1733 3380 τῆς
1764 3327 1822 3363 τε
1858 3312 2005 3363 πολι-

427 3405 577 3466 τείας
612 3406 772 3474 χάριν
800 3403 1034 3473 (ἀρίστῳ
1067 3400 1179 3472 γὰρ
1211 3401 1311 3470 βίῳ
1343 3403 1540 3470 ἐχρῆτο
1571 3404 1881 3471 ἀσκήσεως)
1910 3402 2005 3455 τοῦ

425 3498 649 3549 ἐκείνων
683 3496 1030 3570 συστήματος
1057 3493 1352 3564 ἐχωρίζετο
1377 3508 1391 3523 ·
1425 3493 1615 3546 ἔπειτα
1644 3494 1701 3545 δὲ
1732 3494 1826 3546 καί
1854 3511 2007 3557 τινας

421 3588 679 3652 ἀναξίους
724 3588 979 3655 οἰόμενος
1006 3584 1106 3655 τῆς
1155 3585 1264 3637 τῶν
1295 3584 1456 3638 θείων
1505 3586 1866 3655 μεταλήψεως
1900 3604 2005 3656 μυ-

425 3683 687 3754 στηρίων,
718 3681 875 3734 τοῦτο
897 3681 1175 3751 πρόφασιν
1221 3679 1384 3747 δῆθεν
1417 3680 1765 3749 ποιούμενος,
1800 3681 2002 3751 ὑπερι-

420 3776 560 3828 τίθει
597 3777 694 3842 τὴν
726 3774 937 3844 ἑορτήν.
979 3774 1068 3835 Ὠς
1094 3773 1152 3825 δέ
1196 3772 1352 3841 δῆλος
1374 3767 1445 3840 ἦν
1474 3771 1714 3841 νεώτερα
1743 3773 2002 3843 εἰσηγού-

426 3886 607 3936 μενος,
642 3867 960 3937 Μαρκιανὸς
995 3869 1095 3934 μὲν
1143 3867 1339 3919 ἐαυτὸν
1388 3867 1489 3935 τῆς
1521 3867 1722 3918 ἀτόπου
1755 3883 2002 3935 χειροτο-

422 3964 540 4025 νίας
597 3962 692 4014 ἐπὶ
747 3960 1036 4030 Σαεὸατίῳ
1093 3960 1419 4028 ἐμέμφετο,
1480 3959 1739 4021 πολλάκις
1806 3958 2000 4023 εἰπὼν,

430 4077 449 4108 ι
491 4056 748 4125 Ἄμεινον
778 4054 888 4124 ἄρα
913 4048 982 4123 ἦν
1018 4052 1107 4103 ἐπ’
1136 4052 1424 4114 ἀκάνθαις,
1460 4051 1493 4120 ἢ
1535 4051 1727 4120 ἐκείνῳ
1759 4050 1855 4111 τὰς
1883 4053 1997 4117 χείο

427 4166 529 4219 ρας
585 4146 887 4201 ἐπιϐαλεῖν.
923 4165 942 4198 ι
986 4145 1072 4207 Ὠς
1103 4145 1147 4198 δ’
1172 4144 1321 4214 ἐώρα
1346 4144 1449 4212 τὴν
1496 4142 1589 4196 ὑπ’
1617 4143 1768 4213 αὑτῷ
1801 4147 2002 4213 ἐκκλη-

426 4241 548 4291 σίαν
574 4239 698 4309 διχῆ
748 4235 1212 4304 διατεμνομένην,
1249 4235 1344 4286 καὶ
1379 4233 1520 4303 πρὸς
1570 4232 1762 4302 ἐτερον
1793 4237 2000 4306 μεταρ-

426 4332 674 4402 ρἐυσαν,
705 4333 828 4393 τοὺς
857 4330 957 4400 τῆς
987 4326 1134 4398 αὐτῷ
1165 4326 1562 4388 κοινωνοῦντας
1587 4329 1852 4396 αἱρέσεως
1875 4330 1999 4380 ἐπι-

425 4426 660 4487 σκόπους
693 4424 852 4485 εὐθὺς
885 4426 964 4485 είς
1017 4421 1304 4489 Σάγγαρον
1339 4419 1725 4487 μετεστέλλετο
1746 4436 1759 4449 ·
1801 4420 1999 4489 χωρίον

422 4517 478 4571 δὲ
510 4518 668 4570 τοῦτο
694 4517 794 4583 τῆς
821 4514 1061 4567 Βιθυνῶν
1106 4512 1377 4582 ἐπαρχίας
1413 4512 1549 4582 πρὸς
1575 4510 1854 4563 θάλασσαν
1885 4511 1999 4563 κεί-

426 4629 606 4680 μενον,
640 4611 701 4662 οὐ
738 4610 878 4662 πάνυ
907 4608 1097 4677 πόρῤω
1125 4606 1408 4673 διεστηκὸς
1438 4607 1531 4675 τῆς
1563 4604 1957 4666 Ἑλενοπόλεως
1979 4620 1993 4634 ο

420 4705 555 4757 ὅπου
590 4701 655 4771 δὴ
698 4699 1042 4760 συνελθόντες
1079 4696 1479 4764 μετεκαλοῦντο
1519 4697 1613 4748 καὶ
1651 4696 1740 4749 τὸν
1785 4697 1996 4749 246652-

419 4813 554 4849 τιον.
598 4795 684 4857 Ὠς
715 4794 770 4846 δέ
795 4793 857 4844 τὸ
906 4793 1002 4860 τῆς
1029 4789 1207 4858 λύπης
1236 4790 1408 4841 αἴτιον
1440 4792 1726 4859 απῃτεῐτο,
1761 4791 1859 4858 τὴν
1900 4792 1997 4857 τῆς

420 4891 613 4961 ἑορτῆς
680 4885 870 4954 εἰσῆγε
916 4883 1217 4951 διαφοράν
1268 4882 1379 4935 δεῖν
1427 4888 1535 4953 γὰρ
1593 4882 1751 4961 ἔλεγε
1789 4884 1995 4952 ταύτην

420 4980 691 5034 ἐπιτελεῖν
721 4979 794 5039 ὡς
829 4977 924 5030 καὶ
960 4975 1205 5029 Ἰουδαῖοι
1235 4971 1476 5035 τελοῦσι,
1519 4973 1612 5026 καὶ
1643 4975 1692 5025 οἱ
1714 4955 1799 5025 Ἕν
1833 4973 1996 5041 Πάζῳ

417 5073 478 5125 οὐ
507 5072 614 5140 πρὸ
665 5067 859 5120 πολλοῦ
915 5065 1260 5127 συνελθόντες
1294 5064 1603 5117 ἐτύπωσαν.
1634 5065 1698 5115 0i
1724 5064 1780 5117 δὲ
1832 5081 1998 5134 προε-

416 5164 569 5233 δρίας
597 5164 762 5233 ἐρωτι
791 5161 915 5214 τάδε
943 5158 1106 5212 αὐτὸν
1154 5157 1497 5227 σκήπτεσθαι
1530 5158 1586 5210 ἐν
1628 5158 1706 5226 νῷ
1752 5158 1992 5227 θέμενοι,

417 5257 597 5325 ὅρκοις
624 5254 1069 5325 ἐξησφαλίζοντο,
1103 5252 1177 5313 ὡς
1229 5252 1326 5303 οὐκ
1357 5250 1421 5302 ἄν
1471 5266 1601 5302 ποτε
1640 5250 1814 5303 ἕλοιτο
1845 5250 1993 5318 αὐτῷ

418 5348 669 5417 γενέσθαι
719 5347 1035 5405 ἐπίσκοπος.
1073 5343 1179 5395 Τοῦ
1236 5344 1291 5395 δὲ
1344 5344 1495 5411 ὅρκῳ
1556 5343 1991 5411 ὁμολογήσαντος

421 5443 496 5510 μὴ
519 5442 614 5510 τὴν
654 5437 946 5510 προεδρίαν
970 5436 1389 5500 καταδέξασθαι,
1415 5436 1621 5503 ταύτην
1644 5434 1824 5488 αἰτίαν
1846 5438 1990 5488 ἐκεῖ·

417 5548 497 5583 νοι
528 5534 603 5601 μὴ
650 5531 1002 5600 λογισάμενοι
1058 5528 1248 5597 ἱκανὴν
1305 5531 1406 5599 τὴν
1449 5528 1776 5597 Ἐκκλησίαν
1807 5528 1990 5581 αὐτῶν

489 5709 566 5780 (1)
586 5710 878 5765 Panarinm
898 5712 1004 5767 hoc
1033 5724 1171 5780 opus
1195 5709 1357 5764 etiam
1386 5708 1764 5777 Ἀγκυρωτὺν
1785 5713 1989 5768 dicitur

416 5779 559 5846 apud
594 5780 804 5835 Socrat.
842 5782 937 5836 lib.
971 5779 1164 5850 v,cap.
1190 5779 1278 5833 24.
1311 5780 1416 5833 Sed
1457 5791 1752 5850 utrumque
1798 5794 1853 5836 et
1893 5785 1990 5837 Pa-

416 5852 554 5904 narii
602 5863 656 5904 et
699 5852 956 5921 Ancyroti
1007 5868 1146 5921 opus
1178 5850 1396 5904 diverso
1437 5852 1657 5905 neruine
1696 5854 1880 5908 Graece
1929 5867 1983 5908 et

2194 1973 2309 2009 nem
2337 1957 2635 2008 celebrandi
2658 1954 2934 2010 Paschalis
2966 1960 3105 2010 inter
3136 1954 3561 2023 se'dissidentes,
3597 1960 3703 2013 Iuv-

2191 2031 2347 2081 rcsim
2383 2025 2829 2080 Sabbatianorum
2855 2028 3241 2081 constituerint.

2193 2209 2300 2262 Per
2353 2209 2495 2263 idem
2548 2217 2765 2277 tempus
2814 2207 3104 2263 Novatiani
3161 2220 3384 2278 quoque
3441 2210 3588 2263 inter
3640 2223 3701 2262 se

2120 2300 2474 2367 dissidentes,
2507 2316 2607 2372 per
2639 2303 3033 2363 secessionem,
3063 2301 3548 2366 Sabbatianurum,
3576 2300 3701 2370 qu'te

2120 2406 2374 2461 vocatur,
2418 2396 2670 2451 haeresim
2716 2395 3148 2449 constituerunt.
3191 2393 3320 2449 Erat
3351 2393 3502 2448 enitn
3550 2393 3697 2462 apud

2119 2503 2217 2542 eos
2261 2489 2551 2558 presbyter
2598 2489 2821 2557 quidam
2871 2488 3168 2541 Sabbatius
3210 2486 3456 2549 nomine,
3490 2500 3520 2539 ο
3561 2485 3700 2539 Mar-

2118 2580 2278 2633 cinno
2306 2580 2601 2634 ordinatus
2637 2596 2649 2632 :
2682 2579 2775 2648 qui
2810 2578 2954 2646 quod
2989 2594 3055 2631 ex
3090 2577 3297 2633 Iudicis
3326 2577 3392 2632 ad
3418 2576 3696 2632 Christia-

2119 2671 2377 2740 nismum,
2415 2669 2784 2739 pet-venisset,
2837 2669 3199 2723 nihilominus
3247 2679 3592 2739 praesumpta:
3637 2677 3696 2724 et

2120 2763 2435 2831 anticipata:
2481 2761 2800 2816 Judaaorum
2847 2760 3099 2828 opinioni
3148 2758 3417 2814 inservire
3455 2759 3695 2821 studuit,

2117 2863 2173 2908 et
2206 2854 2345 2907 clam
2382 2853 2547 2905 etiam
2583 2853 2961 2921 episcopatum
2995 2850 3301 2917 affectavit;
3340 2865 3553 2905 necnon
3585 2867 3695 2905 una

2116 2960 2242 2999 cutn
2290 2943 2613 2998 Theoctisto
2659 2955 2716 2997 ct
2758 2943 2996 2997 Macario
3035 2944 3093 2998 et
3142 2943 3277 3012 ipsis
3328 2943 3691 3012 presbyteris,

2116 3040 2199 3093 eis
2242 3038 2678 3099 adhaerentibus,
2709 3038 2799 3105 qui
2851 3038 2956 3091 sub
2993 3037 3242 3092 Valentis
3287 3036 3519 3106 imperio
3560 3054 3695 3092 con-

2118 3141 2342 3187 ventum
2392 3132 2447 3185 in
2503 3130 2648 3184 Pazo
2701 3131 2823 3184 vico
2879 3129 3227 3192 habuerant.
3286 3130 3486 3184 festum
3542 3130 3690 3185 diem

2037 3252 2080 3309 ρ
2116 3224 2341 3280 Paschae
2361 3238 2490 3278 cum
2513 3222 2718 3278 Judaeis
2742 3224 3067 3279 celebravit.
3094 3227 3172 3279 Ac
3202 3224 3436 3293 primum
3465 3225 3689 3294 quidem

2111 3325 2341 3387 propter
2366 3317 2493 3370 vita:
2519 3315 2837 3372 institutum
2866 3316 3051 3386 (quam
3078 3316 3346 3385 optimam
3371 3318 3691 3371 monasticis

2109 3410 2397 3465 exercitiis
2433 3410 2676 3479 agebat),
2705 3425 2736 3463 ο
2775 3408 3211 3463 Novatianorum
3248 3425 3308 3478 se
3335 3418 3571 3479 corpore
3600 3428 3691 3465 sc-

2105 3500 2292 3570 junxit
2319 3517 2334 3553 :
2366 3500 2565 3554 deinde
2603 3515 2734 3553 vero
2778 3500 3045 3568 quosdam
3089 3501 3516 3569 participatione
3545 3499 3690 3555 divi-

2109 3611 2310 3649 norum
2360 3595 2747 3665 mysteriorum
2794 3594 3052 3664 indignos
3095 3604 3379 3665 reputans,
3413 3595 3688 3663 talemque

2110 3696 2435 3755 praetextum
2487 3687 2823 3749 obtendens,
2873 3701 3000 3740 eum
3045 3702 3211 3756 quem
3259 3685 3500 3741 diximus
3540 3685 3686 3740 dicm

2109 3777 2308 3832 festum
2341 3779 2393 3832 in
2426 3779 2574 3833 aliud
2605 3778 2908 3843 transtulit,
2948 3777 3018 3831 de
3040 3777 3360 3832 Judaeorum
3410 3779 3686 3832 sententia

2108 3872 2341 3935 scilicet,
2379 3881 2618 3939 tempus.
2660 3871 2956 3940 Postquam
3010 3879 3195 3924 autem
3252 3869 3546 3924 manifesto
3592 3884 3692 3937 apo

2106 3963 2313 4032 paruit,
2347 3979 2434 4017 res
2474 3978 2643 4016 novas
2685 3979 2811 4016 eum
2859 3962 3065 4023 moliri,
3100 3962 3409 4016 Marcianus
3438 3961 3684 4031 seipsum

2110 4065 2333 4122 propter
2390 4056 2764 4121 importunam
2816 4054 3068 4109 Sabhatii
3129 4054 3534 4109 ordinationem
3596 4070 3685 4107 rer

2108 4149 2445 4215 prehendit:
2480 4148 2777 4202 identidem
2820 4148 3005 4201 dicere
3062 4149 3279 4209 solitus,
3327 4165 3344 4197 ι
3390 4146 3586 4201 Melius
3624 4162 3685 4201 se

2107 4241 2380 4294 facturum
2423 4238 2613 4302 fuisse,
2647 4239 2690 4293 si
2724 4239 2898 4309 spinis
2934 4239 3118 4306 potius
3148 4255 3312 4307 quam
3347 4238 3426 4292 illi
3458 4253 3682 4292 manum

2105 4333 2482 4401 imposuisset.
2528 4350 2548 4384 υ
2591 4336 2767 4401 Atque
2823 4333 2915 4386 ubi
2969 4333 3015 4385 is
3063 4331 3355 4385 ecclesiam
3408 4345 3569 4385 suam
3623 4331 3680 4385 in

2106 4437 2287 4495 partes
2314 4426 2451 4480 duas
2480 4424 2734 4489 divisam,
2773 4434 2828 4478 et
2870 4427 3139 4491 quosdam
3175 4422 3241 4477 ad
3275 4423 3442 4476 alium
3475 4422 3682 4477 descis-

2103 4534 2230 4573 cere
2277 4519 2448 4582 vidit,
2498 4520 2786 4589 episcopos
2838 4518 3063 4572 haeresis
3114 4533 3248 4581 suae.
3292 4517 3386 4585 qui
3433 4530 3559 4570 cum
3612 4531 3681 4570 eo

2037 4594 2077 4645 θ
2106 4610 2613 4673 communicabant,
2651 4611 2833 4664 statim
2867 4609 3173 4679 Saugarum
3204 4609 3546 4664 convocavit.
3582 4609 3679 4664 Est
3717 4654 3724 4661 .

2105 4704 2150 4757 is
2176 4704 2332 4757 locus
2352 4703 2715 4774 Bithynorum
2747 4703 3061 4769 provinciae,
3091 4703 3158 4756 ad
3188 4718 3360 4765 mare,
3382 4718 3491 4757 non
3518 4703 3678 4770 longe

2102 4794 2171 4847 ab
2204 4793 2527 4863 llelcnopoli
2571 4793 2730 4846 situs.
2776 4793 2853 4847 Eo
2891 4810 3114 4862 quoque
3143 4795 3212 4847 ab
3243 4793 3519 4866 episcopis
3550 4812 3680 4850 cou-

2102 4886 2342 4953 gregatis
2366 4884 2955 4939 Sabbatius‘evocatus
2983 4895 3087 4941 est.
3118 4885 3197 4940 lbi
3224 4902 3447 4940 causam
3479 4903 3681 4943 matro-

2102 4981 2179 5030 ris
2219 4978 2304 5031 sui
2355 4978 2543 5032 dicere
2575 4976 2786 5044 jussus,
2826 4978 2949 5032 festi
2985 4978 3092 5032 diei
3123 4979 3245 5048 ejus
3278 4980 3677 5036 dissensionem

2099 5071 2379 5143 allegavit.
2413 5070 2549 5124 Nam
2593 5084 2720 5124 cum
2760 5085 2884 5124 cum
2920 5070 3148 5137 Judwis,
3178 5075 3342 5130 sicuti
3373 5076 3539 5129 etiam
3568 5093 3675 5130 non

2102 5164 2174 5213 ita
2205 5161 2439 5229 pridem,
2472 5161 2564 5230 qtti
2596 5160 2650 5214 in
2681 5161 2827 5216 Pazo
2861 5161 3097 5234 Phrygio
3126 5164 3247 5219 vico
3277 5179 3676 5227 convenerant.

2097 5254 2441 5317 statuissent,
2483 5254 2855 5322 peragendum
2897 5271 3022 5310 esse
3069 5258 3230 5313 dixit.
3272 5259 3543 5313 Caeterum
3600 5261 3675 5314 illt

2098 5353 2391 5412 prepterea
2444 5345 2550 5399 hoc
2597 5361 2723 5399 eum
2772 5362 2884 5415 pne
2924 5362 2984 5402 se
3034 5349 3183 5404 ferre
3230 5351 3670 5419 considerantes,

2095 5436 2242 5503 quod
2291 5436 2357 5489 ad
2405 5438 2785 5506 episcopatum
2832 5439 3139 5503 anhelaret,
3171 5436 3538 5510 jn‘risjurandi
3587 5458 3689 5499 sae.

2095 5540 2379 5582 cramcuto
2423 5543 2550 5583 eum
2587 5524 3134 5598 obstrinxcrunt,‘ne
3174 5547 3415 5601 unquam
3451 5535 3672 5603 episco-

2095 5711 2286 5766 l.atiue
2332 5714 2760 5786 editumuexstat
2796 5731 2809 5778 ;
2859 5716 2964 5771 hoc
3009 5716 3460 5786 compendiosum
3487 5757 3501 5786 ,
3533 5719 3670 5777 illud

2094 5798 2389 5851 sanequatn
2432 5784 2727 5852 prolixum.
