  <div class='ocr_page' id='page_1' title='image "/cluster/home/n/w/nwhite01/storage/ocr_20150623/146:no.2/coo.31924054870518/431.png"; bbox 0 0 4062 6434; ppageno 0'>
   <div class='ocr_carea' id='block_1_1' title="bbox 410 365 536 432">
    <p class='ocr_par' dir='ltr' id='par_1_1' title="bbox 410 365 536 432">
     <span class='ocr_line' id='line_1_1' title="bbox 410 365 536 432; baseline 0.016 -2"><span class='ocrx_word' id='word_1_1' title='bbox 410 365 536 432; x_wconf 67' lang='grc' dir='ltr'><strong>Ἒιτ</strong></span> 
     </span>
    </p>
   </div>
   <div class='ocr_carea' id='block_1_2' title="bbox 1668 364 2492 433">
    <p class='ocr_par' dir='ltr' id='par_1_2' title="bbox 1668 364 2492 433">
     <span class='ocr_line' id='line_1_2' title="bbox 1668 364 2492 433; baseline 0.001 -3"><span class='ocrx_word' id='word_1_2' title='bbox 1668 364 2099 432; x_wconf 73' lang='lat' dir='ltr'><strong>NICEPHORI</strong></span> <span class='ocrx_word' id='word_1_3' title='bbox 2140 369 2492 433; x_wconf 83' lang='lat' dir='ltr'><strong>CALLISTI</strong></span> 
     </span>
    </p>
   </div>
   <div class='ocr_carea' id='block_1_3' title="bbox 3626 373 3726 437">
    <p class='ocr_par' dir='ltr' id='par_1_3' title="bbox 3626 373 3726 437">
     <span class='ocr_line' id='line_1_3' title="bbox 3626 373 3726 437; baseline -0.02 0"><span class='ocrx_word' id='word_1_4' title='bbox 3626 373 3726 437; x_wconf 61' lang='lat'><strong>84.8</strong></span> 
     </span>
    </p>
   </div>
   <div class='ocr_carea' id='block_1_4' title="bbox 431 480 2020 561">
    <p class='ocr_par' dir='ltr' id='par_1_4' title="bbox 431 480 2020 558">
     <span class='ocr_line' id='line_1_4' title="bbox 431 480 2020 558; baseline 0.003 -20"><span class='ocrx_word' id='word_1_5' title='bbox 431 494 624 556; x_wconf 91' lang='lat' dir='ltr'><strong>patum</strong></span> <span class='ocrx_word' id='word_1_6' title='bbox 659 481 813 538; x_wconf 81' lang='lat' dir='ltr'><strong>sibi-</strong></span> <span class='ocrx_word' id='word_1_7' title='bbox 839 480 1213 554; x_wconf 69' lang='lat' dir='ltr'><strong>expetendum</strong></span> <span class='ocrx_word' id='word_1_8' title='bbox 1259 489 1553 540; x_wconf 77' lang='lat' dir='ltr'><strong>statueret.</strong></span> <span class='ocrx_word' id='word_1_9' title='bbox 1595 486 1896 558; x_wconf 83' lang='lat' dir='ltr'><strong>Postquam</strong></span> <span class='ocrx_word' id='word_1_10' title='bbox 1943 487 2020 543; x_wconf 63' lang='lat' dir='ltr'><strong>ille</strong></span> 
     </span>
    </p>
   </div>
   <div class='ocr_carea' id='block_1_5' title="bbox 2126 480 3724 561">
    <p class='ocr_par' dir='ltr' id='par_1_5' title="bbox 2139 482 3724 561">
     <span class='ocr_line' id='line_1_5' title="bbox 2139 482 3724 561; baseline 0.001 -20"><span class='ocrx_word' id='word_1_11' title='bbox 2139 489 2394 561; x_wconf 85' lang='grc' dir='ltr'>διαιρεῖν,</span> <span class='ocrx_word' id='word_1_12' title='bbox 2422 489 2674 560; x_wconf 80' lang='grc' dir='ltr'><strong>ὁμονοεῖν</strong></span> <span class='ocrx_word' id='word_1_13' title='bbox 2695 488 2792 557; x_wconf 73' lang='grc' dir='ltr'>μὲν</span> <span class='ocrx_word' id='word_1_14' title='bbox 2831 489 3081 551; x_wconf 76' lang='grc' dir='ltr'>ἅπαντας</span> <span class='ocrx_word' id='word_1_15' title='bbox 3120 487 3216 542; x_wconf 79' lang='grc' dir='ltr'>καὶ</span> <span class='ocrx_word' id='word_1_16' title='bbox 3245 485 3389 542; x_wconf 73' lang='grc' dir='ltr'>κατὰ</span> <span class='ocrx_word' id='word_1_17' title='bbox 3411 482 3606 542; x_wconf 76' lang='grc' dir='ltr'>ταυτὸν</span> <span class='ocrx_word' id='word_1_18' title='bbox 3629 489 3724 543; x_wconf 56' lang='lat' dir='ltr'><strong>sxa</strong></span> 
     </span>
    </p>
   </div>
   <div class='ocr_carea' id='block_1_6' title="bbox 427 573 2035 664">
    <p class='ocr_par' dir='ltr' id='par_1_6' title="bbox 427 573 2035 664">
     <span class='ocr_line' id='line_1_6' title="bbox 427 573 2035 664; baseline 0.004 -34"><span class='ocrx_word' id='word_1_19' title='bbox 427 573 772 664; x_wconf 70' lang='lat' dir='ltr'><strong>juravit,-se</strong></span> <span class='ocrx_word' id='word_1_20' title='bbox 819 575 1206 645; x_wconf 78' lang='lat' dir='ltr'><strong>episcopatum</strong></span> <span class='ocrx_word' id='word_1_21' title='bbox 1257 586 1649 648; x_wconf 86' lang='lat' dir='ltr'><strong>suscepturum</strong></span> <span class='ocrx_word' id='word_1_22' title='bbox 1695 594 1808 634; x_wconf 90' lang='lat' dir='ltr'><strong>non</strong></span> <span class='ocrx_word' id='word_1_23' title='bbox 1854 595 1979 636; x_wconf 85' lang='lat' dir='ltr'><strong>esse</strong></span> <span class='ocrx_word' id='word_1_24' title='bbox 2018 623 2035 650; x_wconf 98' lang='lat'><strong>,</strong></span> 
     </span>
    </p>
   </div>
   <div class='ocr_carea' id='block_1_7' title="bbox 438 666 2034 736">
    <p class='ocr_par' dir='ltr' id='par_1_7' title="bbox 438 666 2034 736">
     <span class='ocr_line' id='line_1_7' title="bbox 438 666 2034 736; baseline 0.003 -14"><span class='ocrx_word' id='word_1_25' title='bbox 438 682 549 722; x_wconf 93' lang='lat' dir='ltr'><strong>non</strong></span> <span class='ocrx_word' id='word_1_26' title='bbox 583 666 718 722; x_wconf 79' lang='lat' dir='ltr'><strong>satis</strong></span> <span class='ocrx_word' id='word_1_27' title='bbox 747 680 927 721; x_wconf 59' lang='lat' dir='ltr'><strong>causa;</strong></span> <span class='ocrx_word' id='word_1_28' title='bbox 967 681 1090 721; x_wconf 87' lang='lat' dir='ltr'><strong>esse</strong></span> <span class='ocrx_word' id='word_1_29' title='bbox 1121 675 1404 736; x_wconf 87' lang='lat' dir='ltr'><strong>putantes,</strong></span> <span class='ocrx_word' id='word_1_30' title='bbox 1434 684 1535 725; x_wconf 86' lang='lat' dir='ltr'><strong>cur</strong></span> <span class='ocrx_word' id='word_1_31' title='bbox 1560 671 1799 727; x_wconf 80' lang='lat' dir='ltr'><strong>ecclesia</strong></span> <span class='ocrx_word' id='word_1_32' title='bbox 1838 686 2034 728; x_wconf 87' lang='lat' dir='ltr'><strong>eorum</strong></span> 
     </span>
    </p>
   </div>
   <div class='ocr_carea' id='block_1_8' title="bbox 435 757 2035 830">
    <p class='ocr_par' dir='ltr' id='par_1_8' title="bbox 435 757 2035 830">
     <span class='ocr_line' id='line_1_8' title="bbox 435 757 2035 830; baseline 0.006 -17"><span class='ocrx_word' id='word_1_33' title='bbox 435 758 777 814; x_wconf 77' lang='lat' dir='ltr'><strong>factionibus</strong></span> <span class='ocrx_word' id='word_1_34' title='bbox 808 757 1180 822; x_wconf 85' lang='lat' dir='ltr'><strong>divideretur,</strong></span> <span class='ocrx_word' id='word_1_35' title='bbox 1210 761 1475 830; x_wconf 89' lang='lat' dir='ltr'><strong>placitum</strong></span> <span class='ocrx_word' id='word_1_36' title='bbox 1506 763 1589 818; x_wconf 90' lang='lat' dir='ltr'><strong>eis</strong></span> <span class='ocrx_word' id='word_1_37' title='bbox 1617 775 1726 828; x_wconf 92' lang='lat' dir='ltr'><strong>est,</strong></span> <span class='ocrx_word' id='word_1_38' title='bbox 1753 774 1813 820; x_wconf 91' lang='lat' dir='ltr'><strong>ut</strong></span> <span class='ocrx_word' id='word_1_39' title='bbox 1841 780 2035 822; x_wconf 85' lang='lat' dir='ltr'><strong>omnes</strong></span> 
     </span>
    </p>
   </div>
   <div class='ocr_carea' id='block_1_9' title="bbox 436 856 2033 927">
    <p class='ocr_par' dir='ltr' id='par_1_9' title="bbox 436 856 2033 927">
     <span class='ocr_line' id='line_1_9' title="bbox 436 856 2033 927; baseline 0.004 -16"><span class='ocrx_word' id='word_1_40' title='bbox 436 856 845 924; x_wconf 85' lang='lat' dir='ltr'><strong>consentirent,</strong></span> <span class='ocrx_word' id='word_1_41' title='bbox 882 865 1051 927; x_wconf 91' lang='lat' dir='ltr'><strong>atque</strong></span> <span class='ocrx_word' id='word_1_42' title='bbox 1092 857 1292 912; x_wconf 90' lang='lat' dir='ltr'><strong>eodem</strong></span> <span class='ocrx_word' id='word_1_43' title='bbox 1346 859 1402 914; x_wconf 92' lang='lat' dir='ltr'><strong>in</strong></span> <span class='ocrx_word' id='word_1_44' title='bbox 1451 860 1574 915; x_wconf 90' lang='lat' dir='ltr'><strong>loco</strong></span> <span class='ocrx_word' id='word_1_45' title='bbox 1617 861 2033 918; x_wconf 81' lang='lat' dir='ltr'><strong>ecclesiasticos</strong></span> 
     </span>
    </p>
   </div>
   <div class='ocr_carea' id='block_1_10' title="bbox 433 949 2028 1021">
    <p class='ocr_par' dir='ltr' id='par_1_10' title="bbox 433 949 2028 1021">
     <span class='ocr_line' id='line_1_10' title="bbox 433 949 2028 1021; baseline 0.004 -17"><span class='ocrx_word' id='word_1_46' title='bbox 433 958 745 1004; x_wconf 90' lang='lat' dir='ltr'><strong>conventus</strong></span> <span class='ocrx_word' id='word_1_47' title='bbox 791 957 1052 1018; x_wconf 62' lang='lat' dir='ltr'><strong>agere-nt;</strong></span> <span class='ocrx_word' id='word_1_48' title='bbox 1107 949 1312 1005; x_wconf 78' lang='lat' dir='ltr'><strong>festum</strong></span> <span class='ocrx_word' id='word_1_49' title='bbox 1364 961 1548 1007; x_wconf 87' lang='lat' dir='ltr'><strong>autem</strong></span> <span class='ocrx_word' id='word_1_50' title='bbox 1580 951 1806 1010; x_wconf 61' lang='lat' dir='ltr'><strong>Pascha</strong></span> <span class='ocrx_word' id='word_1_51' title='bbox 1847 956 2028 1021; x_wconf 88' lang='lat' dir='ltr'><strong>diem,</strong></span> 
     </span>
    </p>
   </div>
   <div class='ocr_carea' id='block_1_11' title="bbox 433 1042 2031 1117">
    <p class='ocr_par' dir='ltr' id='par_1_11' title="bbox 433 1042 2031 1117">
     <span class='ocr_line' id='line_1_11' title="bbox 433 1042 2031 1117; baseline 0.005 -21"><span class='ocrx_word' id='word_1_52' title='bbox 433 1057 544 1112; x_wconf 83' lang='lat' dir='ltr'><strong>quo</strong></span> <span class='ocrx_word' id='word_1_53' title='bbox 578 1043 704 1112; x_wconf 74' lang='lat' dir='ltr'><strong>quis</strong></span> <span class='ocrx_word' id='word_1_54' title='bbox 735 1042 904 1096; x_wconf 82' lang='lat' dir='ltr'><strong>vellet</strong></span> <span class='ocrx_word' id='word_1_55' title='bbox 936 1050 1186 1112; x_wconf 87' lang='lat' dir='ltr'><strong>tempore</strong></span> <span class='ocrx_word' id='word_1_56' title='bbox 1215 1043 1544 1101; x_wconf 85' lang='lat' dir='ltr'><strong>celebraret.</strong></span> <span class='ocrx_word' id='word_1_57' title='bbox 1583 1047 1750 1117; x_wconf 73' lang='lat'><strong>288</strong></span> <span class='ocrx_word' id='word_1_58' title='bbox 1775 1047 1840 1102; x_wconf 87' lang='lat' dir='ltr'><strong>Et</strong></span> <span class='ocrx_word' id='word_1_59' title='bbox 1867 1063 1929 1102; x_wconf 86' lang='lat' dir='ltr'><strong>ea</strong></span> <span class='ocrx_word' id='word_1_60' title='bbox 1961 1049 2031 1104; x_wconf 89' lang='lat' dir='ltr'><strong>de</strong></span> 
     </span>
    </p>
   </div>
   <div class='ocr_carea' id='block_1_12' title="bbox 433 1136 2030 1210">
    <p class='ocr_par' dir='ltr' id='par_1_12' title="bbox 433 1136 2030 1210">
     <span class='ocr_line' id='line_1_12' title="bbox 433 1136 2030 1210; baseline 0.005 -22"><span class='ocrx_word' id='word_1_61' title='bbox 433 1149 811 1190; x_wconf 79' lang='lat' dir='ltr'><strong>re&#39;canonem</strong></span> <span class='ocrx_word' id='word_1_62' title='bbox 840 1136 1314 1206; x_wconf 63' lang='lat' dir='ltr'><strong>promulgarunt,</strong></span> <span class='ocrx_word' id='word_1_63' title='bbox 1348 1153 1514 1206; x_wconf 88' lang='lat' dir='ltr'><strong>quem</strong></span> <span class='ocrx_word' id='word_1_64' title='bbox 1564 1138 1884 1210; x_wconf 83' lang='grc' dir='ltr'>ἀδιάφορον,</span> <span class='ocrx_word' id='word_1_65' title='bbox 1923 1141 2030 1196; x_wconf 90' lang='lat' dir='ltr'><strong>hoc</strong></span> 
     </span>
    </p>
   </div>
   <div class='ocr_carea' id='block_1_13' title="bbox 429 1226 2028 1292">
    <p class='ocr_par' dir='ltr' id='par_1_13' title="bbox 429 1226 2028 1292">
     <span class='ocr_line' id='line_1_13' title="bbox 429 1226 2028 1292; baseline 0.004 -10"><span class='ocrx_word' id='word_1_66' title='bbox 429 1235 546 1292; x_wconf 89' lang='lat' dir='ltr'><strong>est,</strong></span> <span class='ocrx_word' id='word_1_67' title='bbox 595 1226 961 1282; x_wconf 83' lang='lat' dir='ltr'><strong>arbitrarium</strong></span> <span class='ocrx_word' id='word_1_68' title='bbox 1005 1238 1063 1283; x_wconf 92' lang='lat' dir='ltr'><strong>et</strong></span> <span class='ocrx_word' id='word_1_69' title='bbox 1108 1228 1523 1284; x_wconf 83' lang='lat' dir='ltr'><strong>indltl&#39;erentem</strong></span> <span class='ocrx_word' id='word_1_70' title='bbox 1570 1243 1861 1288; x_wconf 85' lang='lat' dir='ltr'><strong>vocarunt.</strong></span> <span class='ocrx_word' id='word_1_71' title='bbox 1900 1233 2028 1289; x_wconf 89' lang='lat' dir='ltr'><strong>Sla-</strong></span> 
     </span>
    </p>
   </div>
   <div class='ocr_carea' id='block_1_14' title="bbox 427 1321 2028 1396">
    <p class='ocr_par' dir='ltr' id='par_1_14' title="bbox 427 1321 2028 1396">
     <span class='ocr_line' id='line_1_14' title="bbox 427 1321 2028 1396; baseline 0.006 -22"><span class='ocrx_word' id='word_1_72' title='bbox 427 1329 658 1375; x_wconf 89' lang='lat' dir='ltr'><strong>tuerunt</strong></span> <span class='ocrx_word' id='word_1_73' title='bbox 687 1336 935 1391; x_wconf 89' lang='lat' dir='ltr'><strong>quoque,</strong></span> <span class='ocrx_word' id='word_1_74' title='bbox 963 1335 1035 1376; x_wconf 88' lang='lat' dir='ltr'><strong>ne</strong></span> <span class='ocrx_word' id='word_1_75' title='bbox 1063 1321 1349 1377; x_wconf 81' lang='lat' dir='ltr'><strong>decretum</strong></span> <span class='ocrx_word' id='word_1_76' title='bbox 1381 1339 1574 1379; x_wconf 87' lang='lat' dir='ltr'><strong>eorum</strong></span> <span class='ocrx_word' id='word_1_77' title='bbox 1604 1327 1697 1396; x_wconf 89' lang='lat' dir='ltr'><strong>qui</strong></span> <span class='ocrx_word' id='word_1_78' title='bbox 1733 1328 1858 1380; x_wconf 81' lang='lat' dir='ltr'><strong>Pazi</strong></span> <span class='ocrx_word' id='word_1_79' title='bbox 1891 1344 2028 1382; x_wconf 88' lang='lat' dir='ltr'><strong>con-</strong></span> 
     </span>
    </p>
   </div>
   <div class='ocr_carea' id='block_1_15' title="bbox 427 1412 2027 1492">
    <p class='ocr_par' dir='ltr' id='par_1_15' title="bbox 427 1412 2027 1492">
     <span class='ocr_line' id='line_1_15' title="bbox 427 1412 2027 1492; baseline 0.007 -26"><span class='ocrx_word' id='word_1_80' title='bbox 427 1424 720 1479; x_wconf 91' lang='lat' dir='ltr'><strong>venerant,</strong></span> <span class='ocrx_word' id='word_1_81' title='bbox 752 1412 1055 1470; x_wconf 76' lang='lat' dir='ltr'><strong>universali</strong></span> <span class='ocrx_word' id='word_1_82' title='bbox 1091 1415 1288 1471; x_wconf 83' lang='lat' dir='ltr'><strong>cauoni</strong></span> <span class='ocrx_word' id='word_1_83' title='bbox 1313 1419 1698 1489; x_wconf 65' lang='lat' dir='ltr'><strong>praejudiearet</strong></span> <span class='ocrx_word' id='word_1_84' title='bbox 1743 1437 1754 1472; x_wconf 93' lang='lat'><strong>:</strong></span> <span class='ocrx_word' id='word_1_85' title='bbox 1790 1421 1936 1492; x_wconf 88' lang='lat' dir='ltr'><strong>quod</strong></span> <span class='ocrx_word' id='word_1_86' title='bbox 1969 1434 2027 1477; x_wconf 87' lang='lat' dir='ltr'><strong>et</strong></span> 
     </span>
    </p>
   </div>
   <div class='ocr_carea' id='block_1_16' title="bbox 428 1503 2023 1582">
    <p class='ocr_par' dir='ltr' id='par_1_16' title="bbox 428 1503 2023 1582">
     <span class='ocr_line' id='line_1_16' title="bbox 428 1503 2023 1582; baseline 0.008 -25"><span class='ocrx_word' id='word_1_87' title='bbox 428 1503 598 1575; x_wconf 80' lang='lat' dir='ltr'><strong>prisci</strong></span> <span class='ocrx_word' id='word_1_88' title='bbox 641 1504 727 1559; x_wconf 86' lang='lat' dir='ltr'><strong>illi</strong></span> <span class='ocrx_word' id='word_1_89' title='bbox 773 1505 996 1570; x_wconf 81' lang='lat' dir='ltr'><strong>viri,-et</strong></span> <span class='ocrx_word' id='word_1_90' title='bbox 1035 1506 1276 1563; x_wconf 72' lang='lat' dir='ltr'><strong>maxime</strong></span> <span class='ocrx_word' id='word_1_91' title='bbox 1319 1510 1415 1578; x_wconf 93' lang='lat' dir='ltr'><strong>qui</strong></span> <span class='ocrx_word' id='word_1_92' title='bbox 1466 1511 1736 1580; x_wconf 82' lang='lat' dir='ltr'><strong>apostolis</strong></span> <span class='ocrx_word' id='word_1_93' title='bbox 1785 1515 2023 1582; x_wconf 76' lang='lat' dir='ltr'><strong>proximi</strong></span> 
     </span>
    </p>
   </div>
   <div class='ocr_carea' id='block_1_17' title="bbox 410 1594 2023 1672">
    <p class='ocr_par' dir='ltr' id='par_1_17' title="bbox 410 1594 2023 1672">
     <span class='ocr_line' id='line_1_17' title="bbox 410 1594 2023 1672; baseline 0.007 -24"><span class='ocrx_word' id='word_1_94' title='bbox 410 1594 607 1662; x_wconf 74' lang='lat' dir='ltr'><strong>&quot;fuere,</strong></span> <span class='ocrx_word' id='word_1_95' title='bbox 634 1596 1214 1653; x_wconf 64' lang='lat' dir='ltr'><strong>etiamsi-&quot;de—Pasche</strong></span> <span class='ocrx_word' id='word_1_96' title='bbox 1247 1598 1387 1654; x_wconf 81' lang='lat' dir='ltr'><strong>festo</strong></span> <span class='ocrx_word' id='word_1_97' title='bbox 1411 1599 1502 1655; x_wconf 91' lang='lat' dir='ltr'><strong>die</strong></span> <span class='ocrx_word' id='word_1_98' title='bbox 1541 1602 1840 1672; x_wconf 83' lang='lat' dir='ltr'><strong>plurimum</strong></span> <span class='ocrx_word' id='word_1_99' title='bbox 1879 1606 2023 1660; x_wconf 89' lang='lat' dir='ltr'><strong>inter</strong></span> 
     </span>
    </p>
   </div>
   <div class='ocr_carea' id='block_1_18' title="bbox 427 1685 2022 1753">
    <p class='ocr_par' dir='ltr' id='par_1_18' title="bbox 427 1685 2022 1753">
     <span class='ocr_line' id='line_1_18' title="bbox 427 1685 2022 1753; baseline 0.006 -12"><span class='ocrx_word' id='word_1_100' title='bbox 427 1699 490 1741; x_wconf 84' lang='lat' dir='ltr'><strong>se</strong></span> <span class='ocrx_word' id='word_1_101' title='bbox 521 1685 880 1753; x_wconf 89' lang='lat' dir='ltr'><strong>dissiderent,</strong></span> <span class='ocrx_word' id='word_1_102' title='bbox 916 1687 1154 1743; x_wconf 84' lang='lat' dir='ltr'><strong>invicem</strong></span> <span class='ocrx_word' id='word_1_103' title='bbox 1201 1698 1388 1744; x_wconf 90' lang='lat' dir='ltr'><strong>tamen</strong></span> <span class='ocrx_word' id='word_1_104' title='bbox 1442 1690 1589 1747; x_wconf 91' lang='lat' dir='ltr'><strong>inter</strong></span> <span class='ocrx_word' id='word_1_105' title='bbox 1615 1708 1676 1747; x_wconf 84' lang='lat' dir='ltr'><strong>se</strong></span> <span class='ocrx_word' id='word_1_106' title='bbox 1711 1698 2022 1751; x_wconf 87' lang='lat' dir='ltr'><strong>communi-</strong></span> 
     </span>
    </p>
   </div>
   <div class='ocr_carea' id='block_1_19' title="bbox 428 1779 2018 1856">
    <p class='ocr_par' dir='ltr' id='par_1_19' title="bbox 428 1779 2018 1856">
     <span class='ocr_line' id='line_1_19' title="bbox 428 1779 2018 1856; baseline 0.006 -24"><span class='ocrx_word' id='word_1_107' title='bbox 428 1786 672 1844; x_wconf 81' lang='lat' dir='ltr'><strong>cassent,</strong></span> <span class='ocrx_word' id='word_1_108' title='bbox 713 1789 771 1834; x_wconf 91' lang='lat' dir='ltr'><strong>et</strong></span> <span class='ocrx_word' id='word_1_109' title='bbox 819 1779 946 1835; x_wconf 86' lang='lat' dir='ltr'><strong>aliis</strong></span> <span class='ocrx_word' id='word_1_110' title='bbox 1000 1779 1056 1835; x_wconf 92' lang='lat' dir='ltr'><strong>in</strong></span> <span class='ocrx_word' id='word_1_111' title='bbox 1106 1781 1273 1837; x_wconf 85' lang='lat' dir='ltr'><strong>rebus</strong></span> <span class='ocrx_word' id='word_1_112' title='bbox 1316 1784 1579 1840; x_wconf 87' lang='lat' dir='ltr'><strong>omnibus</strong></span> <span class='ocrx_word' id='word_1_113' title='bbox 1628 1801 1858 1856; x_wconf 89' lang='lat' dir='ltr'><strong>prorsus</strong></span> <span class='ocrx_word' id='word_1_114' title='bbox 1909 1803 2018 1842; x_wconf 92' lang='lat' dir='ltr'><strong>non</strong></span> 
     </span>
    </p>
   </div>
   <div class='ocr_carea' id='block_1_20' title="bbox 408 1870 2020 1944">
    <p class='ocr_par' dir='ltr' id='par_1_20' title="bbox 408 1870 2020 1944">
     <span class='ocr_line' id='line_1_20' title="bbox 408 1870 2020 1944; baseline 0.007 -19"><span class='ocrx_word' id='word_1_115' title='bbox 408 1870 850 1928; x_wconf 57' lang='lat' dir='ltr'><strong>xdissensissent.</strong></span> <span class='ocrx_word' id='word_1_116' title='bbox 888 1872 1149 1942; x_wconf 67' lang='lat' dir='ltr'><strong>&#39;Et&#39;quod</strong></span> <span class='ocrx_word' id='word_1_117' title='bbox 1183 1883 1476 1944; x_wconf 67' lang='lat' dir='ltr'><strong>praeterea.</strong></span> <span class='ocrx_word' id='word_1_118' title='bbox 1507 1877 1894 1934; x_wconf 82' lang='lat' dir='ltr'><strong>Novatiani&#39;in</strong></span> <span class='ocrx_word' id='word_1_119' title='bbox 1925 1896 2020 1936; x_wconf 87' lang='lat' dir='ltr'><strong>ve-</strong></span> 
     </span>
    </p>
   </div>
   <div class='ocr_carea' id='block_1_21' title="bbox 419 1964 2020 2040">
    <p class='ocr_par' dir='ltr' id='par_1_21' title="bbox 419 1964 2020 2040">
     <span class='ocr_line' id='line_1_21' title="bbox 419 1964 2020 2040; baseline 0.005 -21"><span class='ocrx_word' id='word_1_120' title='bbox 419 1973 546 2020; x_wconf 81' lang='lat' dir='ltr'><strong>tere</strong></span> <span class='ocrx_word' id='word_1_121' title='bbox 595 1964 773 2020; x_wconf 80' lang='lat' dir='ltr'><strong>Roma</strong></span> <span class='ocrx_word' id='word_1_122' title='bbox 823 1964 1259 2036; x_wconf 86' lang='lat' dir='ltr'><strong>haudquaquam</strong></span> <span class='ocrx_word' id='word_1_123' title='bbox 1304 1983 1429 2022; x_wconf 90' lang='lat' dir='ltr'><strong>cum</strong></span> <span class='ocrx_word' id='word_1_124' title='bbox 1470 1968 1700 2036; x_wconf 67' lang='lat' dir='ltr'><strong>Iuda-is,</strong></span> <span class='ocrx_word' id='word_1_125' title='bbox 1746 1970 1842 2026; x_wconf 91' lang='lat' dir='ltr'><strong>sed</strong></span> <span class='ocrx_word' id='word_1_126' title='bbox 1893 1982 2020 2040; x_wconf 90' lang='lat' dir='ltr'><strong>post</strong></span> 
     </span>
    </p>
   </div>
   <div class='ocr_carea' id='block_1_22' title="bbox 423 2058 2020 2132">
    <p class='ocr_par' dir='ltr' id='par_1_22' title="bbox 423 2058 2020 2132">
     <span class='ocr_line' id='line_1_22' title="bbox 423 2058 2020 2132; baseline 0.003 -18"><span class='ocrx_word' id='word_1_127' title='bbox 423 2058 823 2130; x_wconf 71' lang='lat' dir='ltr'><strong>aequinoctium</strong></span> <span class='ocrx_word' id='word_1_128' title='bbox 867 2073 994 2113; x_wconf 88' lang='lat' dir='ltr'><strong>cum</strong></span> <span class='ocrx_word' id='word_1_129' title='bbox 1047 2059 1279 2129; x_wconf 88' lang='lat' dir='ltr'><strong>reliquis</strong></span> <span class='ocrx_word' id='word_1_130' title='bbox 1324 2059 1618 2125; x_wconf 77' lang='lat' dir='ltr'><strong>Romanis,</strong></span> <span class='ocrx_word' id='word_1_131' title='bbox 1653 2063 1746 2132; x_wconf 91' lang='lat' dir='ltr'><strong>qui</strong></span> <span class='ocrx_word' id='word_1_132' title='bbox 1781 2063 1930 2118; x_wconf 89' lang='lat' dir='ltr'><strong>Petri</strong></span> <span class='ocrx_word' id='word_1_133' title='bbox 1961 2074 2020 2118; x_wconf 89' lang='lat' dir='ltr'><strong>et</strong></span> 
     </span>
    </p>
   </div>
   <div class='ocr_carea' id='block_1_23' title="bbox 426 2152 2019 2223">
    <p class='ocr_par' dir='ltr' id='par_1_23' title="bbox 426 2152 2019 2223">
     <span class='ocr_line' id='line_1_23' title="bbox 426 2152 2019 2223; baseline 0.003 -14"><span class='ocrx_word' id='word_1_134' title='bbox 426 2153 584 2210; x_wconf 84' lang='lat' dir='ltr'><strong>Pauli</strong></span> <span class='ocrx_word' id='word_1_135' title='bbox 635 2152 1022 2223; x_wconf 83' lang='lat' dir='ltr'><strong>apostolorum</strong></span> <span class='ocrx_word' id='word_1_136' title='bbox 1078 2155 1382 2209; x_wconf 87' lang='lat' dir='ltr'><strong>tradilione</strong></span> <span class='ocrx_word' id='word_1_137' title='bbox 1438 2155 1760 2222; x_wconf 90' lang='lat' dir='ltr'><strong>utebantur,</strong></span> <span class='ocrx_word' id='word_1_138' title='bbox 1807 2157 2019 2214; x_wconf 85' lang='lat' dir='ltr'><strong>Pascha</strong></span> 
     </span>
    </p>
   </div>
   <div class='ocr_carea' id='block_1_24' title="bbox 423 2245 2020 2318">
    <p class='ocr_par' dir='ltr' id='par_1_24' title="bbox 423 2245 2020 2318">
     <span class='ocr_line' id='line_1_24' title="bbox 423 2245 2020 2318; baseline 0.003 -18"><span class='ocrx_word' id='word_1_139' title='bbox 423 2245 817 2316; x_wconf 76' lang='lat' dir='ltr'><strong>peregissent:</strong></span> <span class='ocrx_word' id='word_1_140' title='bbox 854 2261 957 2301; x_wconf 89' lang='lat' dir='ltr'><strong>nec</strong></span> <span class='ocrx_word' id='word_1_141' title='bbox 1005 2247 1078 2302; x_wconf 88' lang='lat' dir='ltr'><strong>ob</strong></span> <span class='ocrx_word' id='word_1_142' title='bbox 1129 2261 1252 2302; x_wconf 84' lang='lat' dir='ltr'><strong>eam</strong></span> <span class='ocrx_word' id='word_1_143' title='bbox 1306 2263 1555 2312; x_wconf 86' lang='lat' dir='ltr'><strong>causam,</strong></span> <span class='ocrx_word' id='word_1_144' title='bbox 1595 2249 1743 2318; x_wconf 91' lang='lat' dir='ltr'><strong>quod</strong></span> <span class='ocrx_word' id='word_1_145' title='bbox 1792 2250 2020 2306; x_wconf 61' lang='lat' dir='ltr'><strong>Pascha</strong></span> 
     </span>
    </p>
   </div>
   <div class='ocr_carea' id='block_1_25' title="bbox 421 2340 2021 2408">
    <p class='ocr_par' dir='ltr' id='par_1_25' title="bbox 421 2340 2021 2408">
     <span class='ocr_line' id='line_1_25' title="bbox 421 2340 2021 2408; baseline 0.004 -14"><span class='ocrx_word' id='word_1_146' title='bbox 421 2342 567 2396; x_wconf 79' lang='lat' dir='ltr'><strong>festo</strong></span> <span class='ocrx_word' id='word_1_147' title='bbox 612 2340 946 2396; x_wconf 71' lang='lat' dir='ltr'><strong>celebrando</strong></span> <span class='ocrx_word' id='word_1_148' title='bbox 999 2340 1147 2408; x_wconf 87' lang='lat' dir='ltr'><strong>inter</strong></span> <span class='ocrx_word' id='word_1_149' title='bbox 1190 2356 1248 2395; x_wconf 90' lang='lat' dir='ltr'><strong>se</strong></span> <span class='ocrx_word' id='word_1_150' title='bbox 1293 2341 1681 2406; x_wconf 84' lang='lat' dir='ltr'><strong>dissentirent,</strong></span> <span class='ocrx_word' id='word_1_151' title='bbox 1725 2343 2021 2400; x_wconf 84' lang='lat' dir='ltr'><strong>discessio-</strong></span> 
     </span>
    </p>
   </div>
   <div class='ocr_carea' id='block_1_26' title="bbox 421 2435 2022 2505">
    <p class='ocr_par' dir='ltr' id='par_1_26' title="bbox 421 2435 2022 2505">
     <span class='ocr_line' id='line_1_26' title="bbox 421 2435 2022 2505; baseline 0.004 -16"><span class='ocrx_word' id='word_1_152' title='bbox 421 2450 548 2489; x_wconf 87' lang='lat' dir='ltr'><strong>nem</strong></span> <span class='ocrx_word' id='word_1_153' title='bbox 583 2435 654 2490; x_wconf 88' lang='lat' dir='ltr'><strong>ab</strong></span> <span class='ocrx_word' id='word_1_154' title='bbox 688 2435 774 2490; x_wconf 89' lang='lat' dir='ltr'><strong>eis</strong></span> <span class='ocrx_word' id='word_1_155' title='bbox 817 2436 913 2505; x_wconf 88' lang='lat' dir='ltr'><strong>qui</strong></span> <span class='ocrx_word' id='word_1_156' title='bbox 943 2450 1318 2489; x_wconf 82' lang='lat' dir='ltr'><strong>communem</strong></span> <span class='ocrx_word' id='word_1_157' title='bbox 1353 2451 1478 2488; x_wconf 90' lang='lat' dir='ltr'><strong>cum</strong></span> <span class='ocrx_word' id='word_1_158' title='bbox 1513 2436 1598 2490; x_wconf 89' lang='lat' dir='ltr'><strong>eis</strong></span> <span class='ocrx_word' id='word_1_159' title='bbox 1630 2435 1900 2492; x_wconf 83' lang='lat' dir='ltr'><strong>haberent</strong></span> <span class='ocrx_word' id='word_1_160' title='bbox 1934 2453 2022 2495; x_wconf 89' lang='lat' dir='ltr'><strong>re-</strong></span> 
     </span>
    </p>
   </div>
   <div class='ocr_carea' id='block_1_27' title="bbox 420 2528 2016 2600">
    <p class='ocr_par' dir='ltr' id='par_1_27' title="bbox 420 2528 2016 2600">
     <span class='ocr_line' id='line_1_27' title="bbox 420 2528 2016 2600; baseline 0.003 -18"><span class='ocrx_word' id='word_1_161' title='bbox 420 2529 723 2600; x_wconf 79' lang='lat' dir='ltr'><strong>ligionem,</strong></span> <span class='ocrx_word' id='word_1_162' title='bbox 775 2528 1055 2583; x_wconf 74' lang='lat' dir='ltr'><strong>iecissent.</strong></span> <span class='ocrx_word' id='word_1_163' title='bbox 1085 2529 1345 2582; x_wconf 64' lang='lat' dir='ltr'><strong>«Proinde</strong></span> <span class='ocrx_word' id='word_1_164' title='bbox 1391 2544 1449 2583; x_wconf 91' lang='lat' dir='ltr'><strong>re</strong></span> <span class='ocrx_word' id='word_1_165' title='bbox 1496 2528 1641 2584; x_wconf 87' lang='lat' dir='ltr'><strong>bene</strong></span> <span class='ocrx_word' id='word_1_166' title='bbox 1689 2529 2016 2599; x_wconf 89' lang='lat' dir='ltr'><strong>deliberata,</strong></span> 
     </span>
    </p>
   </div>
   <div class='ocr_carea' id='block_1_28' title="bbox 423 2622 2016 2694">
    <p class='ocr_par' dir='ltr' id='par_1_28' title="bbox 423 2622 2016 2694">
     <span class='ocr_line' id='line_1_28' title="bbox 423 2622 2016 2694; baseline 0.003 -18"><span class='ocrx_word' id='word_1_167' title='bbox 423 2622 866 2680; x_wconf 80' lang='lat' dir='ltr'><strong>indiﬂ&#39;erentem.</strong></span> <span class='ocrx_word' id='word_1_168' title='bbox 897 2637 1062 2691; x_wconf 85' lang='lat' dir='ltr'><strong>quem</strong></span> <span class='ocrx_word' id='word_1_169' title='bbox 1099 2623 1366 2688; x_wconf 69' lang='lat' dir='ltr'><strong>diximus,</strong></span> <span class='ocrx_word' id='word_1_170' title='bbox 1400 2637 1676 2678; x_wconf 87' lang='lat' dir='ltr'><strong>canonem</strong></span> <span class='ocrx_word' id='word_1_171' title='bbox 1711 2625 2016 2694; x_wconf 75' lang='lat' dir='ltr'><strong>protulere,</strong></span> 
     </span>
    </p>
   </div>
   <div class='ocr_carea' id='block_1_29' title="bbox 422 2717 2021 2787">
    <p class='ocr_par' dir='ltr' id='par_1_29' title="bbox 422 2717 2021 2787">
     <span class='ocr_line' id='line_1_29' title="bbox 422 2717 2021 2787; baseline 0.001 -15"><span class='ocrx_word' id='word_1_172' title='bbox 422 2726 480 2772; x_wconf 87' lang='lat' dir='ltr'><strong>ut</strong></span> <span class='ocrx_word' id='word_1_173' title='bbox 530 2717 771 2786; x_wconf 86' lang='lat' dir='ltr'><strong>quilibet</strong></span> <span class='ocrx_word' id='word_1_174' title='bbox 816 2733 916 2786; x_wconf 83' lang='lat' dir='ltr'><strong>pro</strong></span> <span class='ocrx_word' id='word_1_175' title='bbox 964 2732 1030 2770; x_wconf 91' lang='lat' dir='ltr'><strong>eo</strong></span> <span class='ocrx_word' id='word_1_176' title='bbox 1080 2726 1250 2786; x_wconf 89' lang='lat' dir='ltr'><strong>atque</strong></span> <span class='ocrx_word' id='word_1_177' title='bbox 1293 2718 1346 2771; x_wconf 87' lang='lat' dir='ltr'><strong>ei</strong></span> <span class='ocrx_word' id='word_1_178' title='bbox 1405 2717 1677 2787; x_wconf 83' lang='lat' dir='ltr'><strong>placitum</strong></span> <span class='ocrx_word' id='word_1_179' title='bbox 1719 2726 1900 2784; x_wconf 82' lang='lat' dir='ltr'><strong>esset,</strong></span> <span class='ocrx_word' id='word_1_180' title='bbox 1950 2735 2021 2773; x_wconf 78' lang='lat' dir='ltr'><strong>ex</strong></span> 
     </span>
    </p>
   </div>
   <div class='ocr_carea' id='block_1_30' title="bbox 419 2810 2015 2883">
    <p class='ocr_par' dir='ltr' id='par_1_30' title="bbox 419 2810 2015 2883">
     <span class='ocr_line' id='line_1_30' title="bbox 419 2810 2015 2883; baseline 0.003 -18"><span class='ocrx_word' id='word_1_181' title='bbox 419 2811 826 2865; x_wconf 70' lang='lat' dir='ltr'><strong>consuetudine</strong></span> <span class='ocrx_word' id='word_1_182' title='bbox 886 2810 1114 2879; x_wconf 87' lang='lat' dir='ltr'><strong>aliqua,</strong></span> <span class='ocrx_word' id='word_1_183' title='bbox 1163 2823 1258 2864; x_wconf 90' lang='lat' dir='ltr'><strong>aut</strong></span> <span class='ocrx_word' id='word_1_184' title='bbox 1325 2820 1664 2882; x_wconf 83' lang='lat' dir='ltr'><strong>praesumpta</strong></span> <span class='ocrx_word' id='word_1_185' title='bbox 1720 2811 2015 2883; x_wconf 86' lang='lat' dir='ltr'><strong>opinione,</strong></span> 
     </span>
    </p>
   </div>
   <div class='ocr_carea' id='block_1_31' title="bbox 420 2899 2017 2974">
    <p class='ocr_par' dir='ltr' id='par_1_31' title="bbox 420 2899 2017 2974">
     <span class='ocr_line' id='line_1_31' title="bbox 420 2899 2017 2974; baseline 0.002 -16"><span class='ocrx_word' id='word_1_186' title='bbox 420 2902 633 2959; x_wconf 86' lang='lat' dir='ltr'><strong>Pascha</strong></span> <span class='ocrx_word' id='word_1_187' title='bbox 667 2903 968 2959; x_wconf 89' lang='lat' dir='ltr'><strong>celebrans</strong></span> <span class='ocrx_word' id='word_1_188' title='bbox 1013 2904 1308 2974; x_wconf 87' lang='lat' dir='ltr'><strong>perﬁceret</strong></span> <span class='ocrx_word' id='word_1_189' title='bbox 1353 2920 1366 2954; x_wconf 92' lang='lat'><strong>:</strong></span> <span class='ocrx_word' id='word_1_190' title='bbox 1415 2919 1527 2957; x_wconf 87' lang='lat' dir='ltr'><strong>non</strong></span> <span class='ocrx_word' id='word_1_191' title='bbox 1578 2903 1804 2974; x_wconf 87' lang='lat' dir='ltr'><strong>quidem</strong></span> <span class='ocrx_word' id='word_1_192' title='bbox 1849 2899 1908 2960; x_wconf 81' lang='lat' dir='ltr'><strong>ut</strong></span> <span class='ocrx_word' id='word_1_193' title='bbox 1951 2921 2017 2961; x_wconf 88' lang='lat' dir='ltr'><strong>ea</strong></span> 
     </span>
    </p>
   </div>
   <div class='ocr_carea' id='block_1_32' title="bbox 421 2997 2016 3069">
    <p class='ocr_par' dir='ltr' id='par_1_32' title="bbox 421 2997 2016 3069">
     <span class='ocr_line' id='line_1_32' title="bbox 421 2997 2016 3069; baseline 0.001 -16"><span class='ocrx_word' id='word_1_194' title='bbox 421 3014 515 3055; x_wconf 89' lang='lat' dir='ltr'><strong>res</strong></span> <span class='ocrx_word' id='word_1_195' title='bbox 541 2998 782 3069; x_wconf 87' lang='lat' dir='ltr'><strong>aliquam</strong></span> <span class='ocrx_word' id='word_1_196' title='bbox 813 3000 869 3052; x_wconf 94' lang='lat' dir='ltr'><strong>in</strong></span> <span class='ocrx_word' id='word_1_197' title='bbox 897 2997 1292 3053; x_wconf 88' lang='lat' dir='ltr'><strong>communione</strong></span> <span class='ocrx_word' id='word_1_198' title='bbox 1322 2997 1732 3054; x_wconf 88' lang='lat' dir='ltr'><strong>dissensionem</strong></span> <span class='ocrx_word' id='word_1_199' title='bbox 1764 2998 2016 3067; x_wconf 85' lang='lat' dir='ltr'><strong>aﬁ‘erret,</strong></span> 
     </span>
    </p>
   </div>
   <div class='ocr_carea' id='block_1_33' title="bbox 2141 581 3726 654">
    <p class='ocr_par' dir='ltr' id='par_1_33' title="bbox 2141 581 3726 654">
     <span class='ocr_line' id='line_1_33' title="bbox 2141 581 3726 654; baseline 0 -18"><span class='ocrx_word' id='word_1_200' title='bbox 2141 582 2466 652; x_wconf 77' lang='grc' dir='ltr'>κλησιάζειν</span> <span class='ocrx_word' id='word_1_201' title='bbox 2497 582 2674 636; x_wconf 79' lang='grc' dir='ltr'>ἐδόκει</span> <span class='ocrx_word' id='word_1_202' title='bbox 2696 597 2712 612; x_wconf 85' lang='grc'><strong>·</strong></span> <span class='ocrx_word' id='word_1_203' title='bbox 2743 584 2840 652; x_wconf 80' lang='grc' dir='ltr'>τὴν</span> <span class='ocrx_word' id='word_1_204' title='bbox 2869 581 2916 635; x_wconf 84' lang='grc' dir='ltr'>δ’</span> <span class='ocrx_word' id='word_1_205' title='bbox 2954 583 3150 654; x_wconf 79' lang='grc' dir='ltr'>ἑορτὴν</span> <span class='ocrx_word' id='word_1_206' title='bbox 3177 581 3356 636; x_wconf 78' lang='grc' dir='ltr'>τελεῐν</span> <span class='ocrx_word' id='word_1_207' title='bbox 3381 582 3614 636; x_wconf 71' lang='grc' dir='ltr'>ἕκαστον</span> <span class='ocrx_word' id='word_1_208' title='bbox 3636 583 3726 636; x_wconf 78' lang='grc' dir='ltr'>ὅτε</span> 
     </span>
    </p>
   </div>
   <div class='ocr_carea' id='block_1_34' title="bbox 2135 673 3730 746">
    <p class='ocr_par' dir='ltr' id='par_1_34' title="bbox 2135 673 3730 746">
     <span class='ocr_line' id='line_1_34' title="bbox 2135 673 3730 746; baseline 0.001 -19"><span class='ocrx_word' id='word_1_209' title='bbox 2135 673 2200 743; x_wconf 84' lang='grc' dir='ltr'>δή</span> <span class='ocrx_word' id='word_1_210' title='bbox 2239 691 2369 728; x_wconf 89' lang='grc' dir='ltr'>ποτε</span> <span class='ocrx_word' id='word_1_211' title='bbox 2408 675 2678 744; x_wconf 81' lang='grc' dir='ltr'>βούλοιτο,</span> <span class='ocrx_word' id='word_1_212' title='bbox 2701 675 2990 744; x_wconf 63' lang='grc' dir='ltr'>ἐκθέμενοι</span> <span class='ocrx_word' id='word_1_213' title='bbox 3024 675 3120 729; x_wconf 77' lang='grc' dir='ltr'>καὶ</span> <span class='ocrx_word' id='word_1_214' title='bbox 3155 675 3284 746; x_wconf 69' lang='grc' dir='ltr'>περὶ</span> <span class='ocrx_word' id='word_1_215' title='bbox 3312 674 3506 728; x_wconf 80' lang='grc' dir='ltr'>τούτου</span> <span class='ocrx_word' id='word_1_216' title='bbox 3529 677 3730 730; x_wconf 69' lang='grc' dir='ltr'>κανόνα</span> 
     </span>
    </p>
   </div>
   <div class='ocr_carea' id='block_1_35' title="bbox 2135 763 3732 836">
    <p class='ocr_par' dir='ltr' id='par_1_35' title="bbox 2135 763 3732 836">
     <span class='ocr_line' id='line_1_35' title="bbox 2135 763 3732 836; baseline -0.001 -18"><span class='ocrx_word' id='word_1_217' title='bbox 2135 763 2195 820; x_wconf 77' lang='grc' dir='ltr'>ὃν</span> <span class='ocrx_word' id='word_1_218' title='bbox 2230 766 2566 835; x_wconf 69' lang='grc' dir='ltr'>ἀδιάφορον</span> <span class='ocrx_word' id='word_1_219' title='bbox 2623 765 3064 836; x_wconf 80' lang='grc' dir='ltr'>κατωνόμασαν·</span> <span class='ocrx_word' id='word_1_220' title='bbox 3127 766 3266 836; x_wconf 84' lang='grc' dir='ltr'>μηδὲ</span> <span class='ocrx_word' id='word_1_221' title='bbox 3295 765 3420 829; x_wconf 80' lang='grc' dir='ltr'>τοὺς</span> <span class='ocrx_word' id='word_1_222' title='bbox 3453 767 3510 818; x_wconf 82' lang='grc' dir='ltr'>ὲν</span> <span class='ocrx_word' id='word_1_223' title='bbox 3567 766 3732 832; x_wconf 80' lang='grc' dir='ltr'><strong>Πάζῳ</strong></span> 
     </span>
    </p>
   </div>
   <div class='ocr_carea' id='block_1_36' title="bbox 2137 858 3732 930">
    <p class='ocr_par' dir='ltr' id='par_1_36' title="bbox 2137 858 3732 930">
     <span class='ocr_line' id='line_1_36' title="bbox 2137 858 3732 930; baseline 0 -20"><span class='ocrx_word' id='word_1_224' title='bbox 2137 859 2510 928; x_wconf 69' lang='grc' dir='ltr'><strong>συναχθέντας</strong></span> <span class='ocrx_word' id='word_1_225' title='bbox 2573 860 2862 930; x_wconf 84' lang='grc' dir='ltr'>πρόκριμα</span> <span class='ocrx_word' id='word_1_226' title='bbox 2921 858 2999 926; x_wconf 84' lang='grc' dir='ltr'>τῷ</span> <span class='ocrx_word' id='word_1_227' title='bbox 3052 858 3328 929; x_wconf 81' lang='grc' dir='ltr'>καθολικῷ</span> <span class='ocrx_word' id='word_1_228' title='bbox 3382 859 3568 911; x_wconf 78' lang='grc' dir='ltr'>κανόνι</span> <span class='ocrx_word' id='word_1_229' title='bbox 3636 875 3732 920; x_wconf 60' lang='grc' dir='ltr'>γει</span> 
     </span>
    </p>
   </div>
   <div class='ocr_carea' id='block_1_37' title="bbox 2133 952 3826 1025">
    <p class='ocr_par' dir='ltr' id='par_1_37' title="bbox 2133 952 3826 1025">
     <span class='ocr_line' id='line_1_37' title="bbox 2133 952 3826 1025; baseline -0.001 -18"><span class='ocrx_word' id='word_1_230' title='bbox 2133 954 2343 1007; x_wconf 85' lang='grc' dir='ltr'>νέσθαι.</span> <span class='ocrx_word' id='word_1_231' title='bbox 2375 955 2486 1008; x_wconf 78' lang='grc' dir='ltr'><strong>Καὶ</strong></span> <span class='ocrx_word' id='word_1_232' title='bbox 2514 954 2628 1024; x_wconf 82' lang='grc' dir='ltr'>γὰρ</span> <span class='ocrx_word' id='word_1_233' title='bbox 2675 953 2770 1007; x_wconf 81' lang='grc' dir='ltr'>καὶ</span> <span class='ocrx_word' id='word_1_234' title='bbox 2799 954 2848 1005; x_wconf 79' lang='lat' dir='ltr'><strong>oi</strong></span> <span class='ocrx_word' id='word_1_235' title='bbox 2880 954 3100 1025; x_wconf 79' lang='grc' dir='ltr'>ἀρχαῖοι</span> <span class='ocrx_word' id='word_1_236' title='bbox 3146 954 3348 1006; x_wconf 69' lang='grc' dir='ltr'>ἐκεῖνοι</span> <span class='ocrx_word' id='word_1_237' title='bbox 3380 952 3597 1022; x_wconf 80' lang='grc' dir='ltr'>ἄνδρες,</span> <span class='ocrx_word' id='word_1_238' title='bbox 3629 956 3726 1005; x_wconf 76' lang='grc' dir='ltr'>καὶ</span> <span class='ocrx_word' id='word_1_239' title='bbox 3823 1009 3826 1014; x_wconf 64' lang='grc'><strong>,</strong></span> 
     </span>
    </p>
   </div>
   <div class='ocr_carea' id='block_1_38' title="bbox 2137 1043 3730 1117">
    <p class='ocr_par' dir='ltr' id='par_1_38' title="bbox 2137 1043 3730 1117">
     <span class='ocr_line' id='line_1_38' title="bbox 2137 1043 3730 1117; baseline -0.003 -17"><span class='ocrx_word' id='word_1_240' title='bbox 2137 1045 2338 1117; x_wconf 79' lang='grc' dir='ltr'>μᾶλλον</span> <span class='ocrx_word' id='word_1_241' title='bbox 2358 1046 2475 1099; x_wconf 82' lang='grc' dir='ltr'>ὅσοι</span> <span class='ocrx_word' id='word_1_242' title='bbox 2500 1045 2788 1117; x_wconf 73' lang='grc' dir='ltr'><strong>ἐγγυτέρω</strong></span> <span class='ocrx_word' id='word_1_243' title='bbox 2813 1045 2925 1099; x_wconf 87' lang='grc' dir='ltr'>τῶν</span> <span class='ocrx_word' id='word_1_244' title='bbox 2949 1048 3270 1099; x_wconf 78' lang='grc' dir='ltr'><strong>ἀποστόλων</strong></span> <span class='ocrx_word' id='word_1_245' title='bbox 3287 1043 3448 1114; x_wconf 78' lang='grc' dir='ltr'>ἦσαν,</span> <span class='ocrx_word' id='word_1_246' title='bbox 3465 1060 3531 1098; x_wconf 85' lang='grc' dir='ltr'><strong>πε</strong></span> <span class='ocrx_word' id='word_1_247' title='bbox 3541 1047 3596 1115; x_wconf 73' lang='lat' dir='ltr'><strong>pi</strong></span> <span class='ocrx_word' id='word_1_248' title='bbox 3632 1047 3730 1115; x_wconf 73' lang='grc' dir='ltr'>τῆς</span> 
     </span>
    </p>
   </div>
   <div class='ocr_carea' id='block_1_39' title="bbox 2129 1137 3731 1209">
    <p class='ocr_par' dir='ltr' id='par_1_39' title="bbox 2129 1137 3731 1209">
     <span class='ocr_line' id='line_1_39' title="bbox 2129 1137 3731 1209; baseline -0.001 -17"><span class='ocrx_word' id='word_1_249' title='bbox 2129 1138 2226 1192; x_wconf 84' lang='grc' dir='ltr'>τοῦ</span> <span class='ocrx_word' id='word_1_250' title='bbox 2263 1139 2456 1208; x_wconf 83' lang='grc' dir='ltr'><strong>Πάσχα</strong></span> <span class='ocrx_word' id='word_1_251' title='bbox 2494 1138 2690 1209; x_wconf 73' lang='grc' dir='ltr'>ἑορτῆς</span> <span class='ocrx_word' id='word_1_252' title='bbox 2724 1137 3134 1208; x_wconf 77' lang='grc' dir='ltr'>διαφωνοῦντες</span> <span class='ocrx_word' id='word_1_253' title='bbox 3193 1139 3268 1199; x_wconf 77' lang='grc' dir='ltr'>ὡς</span> <span class='ocrx_word' id='word_1_254' title='bbox 3301 1140 3557 1207; x_wconf 77' lang='grc' dir='ltr'>μάλιστα,</span> <span class='ocrx_word' id='word_1_255' title='bbox 3593 1139 3731 1202; x_wconf 78' lang='grc' dir='ltr'>τέως</span> 
     </span>
    </p>
   </div>
   <div class='ocr_carea' id='block_1_40' title="bbox 2129 1230 3732 1299">
    <p class='ocr_par' dir='ltr' id='par_1_40' title="bbox 2129 1230 3732 1299">
     <span class='ocr_line' id='line_1_40' title="bbox 2129 1230 3732 1299; baseline -0.001 -14"><span class='ocrx_word' id='word_1_256' title='bbox 2129 1233 2387 1299; x_wconf 77' lang='grc' dir='ltr'>ἀλλήλοις</span> <span class='ocrx_word' id='word_1_257' title='bbox 2445 1230 2834 1291; x_wconf 76' lang='grc' dir='ltr'><strong>κοινωνοῦντες</strong></span> <span class='ocrx_word' id='word_1_258' title='bbox 2864 1232 2950 1299; x_wconf 78' lang='grc' dir='ltr'><strong>ἐφ’</strong></span> <span class='ocrx_word' id='word_1_259' title='bbox 2983 1232 3160 1285; x_wconf 73' lang='grc' dir='ltr'>ἅπασι</span> <span class='ocrx_word' id='word_1_260' title='bbox 3193 1231 3310 1294; x_wconf 80' lang='grc' dir='ltr'>τοῖς</span> <span class='ocrx_word' id='word_1_261' title='bbox 3361 1231 3548 1294; x_wconf 63' lang='grc' dir='ltr'>ἄλλοις</span> <span class='ocrx_word' id='word_1_262' title='bbox 3574 1231 3732 1284; x_wconf 80' lang='grc' dir='ltr'>οὐδα-</span> 
     </span>
    </p>
   </div>
   <div class='ocr_carea' id='block_1_41' title="bbox 2133 1321 3732 1395">
    <p class='ocr_par' dir='ltr' id='par_1_41' title="bbox 2133 1321 3732 1395">
     <span class='ocr_line' id='line_1_41' title="bbox 2133 1321 3732 1395; baseline -0.001 -19"><span class='ocrx_word' id='word_1_263' title='bbox 2133 1325 2246 1393; x_wconf 80' lang='grc' dir='ltr'>μῶς</span> <span class='ocrx_word' id='word_1_264' title='bbox 2267 1323 2581 1394; x_wconf 80' lang='grc' dir='ltr'>διεφέροντο</span> <span class='ocrx_word' id='word_1_265' title='bbox 2604 1340 2618 1356; x_wconf 76' lang='grc' dir='ltr'><strong>ο</strong></span> <span class='ocrx_word' id='word_1_266' title='bbox 2639 1324 2722 1377; x_wconf 82' lang='grc' dir='ltr'>ὅτι</span> <span class='ocrx_word' id='word_1_267' title='bbox 2743 1340 2805 1390; x_wconf 91' lang='grc' dir='ltr'><strong>γε</strong></span> <span class='ocrx_word' id='word_1_268' title='bbox 2826 1325 2921 1376; x_wconf 73' lang='grc' dir='ltr'>καὶ</span> <span class='ocrx_word' id='word_1_269' title='bbox 2945 1325 2994 1375; x_wconf 79' lang='grc' dir='ltr'>οἱ</span> <span class='ocrx_word' id='word_1_270' title='bbox 3014 1327 3072 1376; x_wconf 80' lang='grc' dir='ltr'>ὲν</span> <span class='ocrx_word' id='word_1_271' title='bbox 3105 1326 3172 1395; x_wconf 76' lang='grc' dir='ltr'>τῇ</span> <span class='ocrx_word' id='word_1_272' title='bbox 3211 1323 3564 1394; x_wconf 76' lang='grc' dir='ltr'>πρεσϐυτέρᾳ</span> <span class='ocrx_word' id='word_1_273' title='bbox 3595 1321 3732 1375; x_wconf 82' lang='grc' dir='ltr'><strong>Ῥώ-</strong></span> 
     </span>
    </p>
   </div>
   <div class='ocr_carea' id='block_1_42' title="bbox 2131 1415 3727 1487">
    <p class='ocr_par' dir='ltr' id='par_1_42' title="bbox 2131 1415 3727 1487">
     <span class='ocr_line' id='line_1_42' title="bbox 2131 1415 3727 1487; baseline 0.001 -20"><span class='ocrx_word' id='word_1_274' title='bbox 2131 1432 2208 1487; x_wconf 82' lang='grc' dir='ltr'>μῃ</span> <span class='ocrx_word' id='word_1_275' title='bbox 2240 1416 2574 1469; x_wconf 78' lang='grc' dir='ltr'>Ναυατιανοὶ</span> <span class='ocrx_word' id='word_1_276' title='bbox 2613 1415 2826 1486; x_wconf 85' lang='grc' dir='ltr'>οὐδαμῆ</span> <span class='ocrx_word' id='word_1_277' title='bbox 2860 1415 3080 1485; x_wconf 87' lang='grc' dir='ltr'>σύναμα</span> <span class='ocrx_word' id='word_1_278' title='bbox 3125 1415 3405 1477; x_wconf 75' lang='grc' dir='ltr'>Ἰουδαίοις</span> <span class='ocrx_word' id='word_1_279' title='bbox 3429 1415 3494 1469; x_wconf 79' lang='grc' dir='ltr'>τὸ</span> <span class='ocrx_word' id='word_1_280' title='bbox 3534 1415 3727 1484; x_wconf 79' lang='grc' dir='ltr'>Πάσχα</span> 
     </span>
    </p>
   </div>
   <div class='ocr_carea' id='block_1_43' title="bbox 2128 1507 3727 1579">
    <p class='ocr_par' dir='ltr' id='par_1_43' title="bbox 2128 1507 3727 1579">
     <span class='ocr_line' id='line_1_43' title="bbox 2128 1507 3727 1579; baseline -0.001 -19"><span class='ocrx_word' id='word_1_281' title='bbox 2128 1507 2388 1561; x_wconf 73' lang='grc' dir='ltr'>ιτὲλεσαν</span> <span class='ocrx_word' id='word_1_282' title='bbox 2416 1525 2431 1541; x_wconf 79' lang='grc' dir='ltr'><strong>ο</strong></span> <span class='ocrx_word' id='word_1_283' title='bbox 2463 1507 2582 1562; x_wconf 78' lang='grc' dir='ltr'>ἀλλ’</span> <span class='ocrx_word' id='word_1_284' title='bbox 2631 1509 2720 1561; x_wconf 77' lang='grc' dir='ltr'><strong>ἀεὶ</strong></span> <span class='ocrx_word' id='word_1_285' title='bbox 2779 1509 2897 1577; x_wconf 85' lang='grc' dir='ltr'>μετ’</span> <span class='ocrx_word' id='word_1_286' title='bbox 2953 1509 3249 1579; x_wconf 81' lang='grc' dir='ltr'><strong>ἰσημερίαν</strong></span> <span class='ocrx_word' id='word_1_287' title='bbox 3301 1507 3461 1561; x_wconf 83' lang='grc' dir='ltr'>τοῦτο</span> <span class='ocrx_word' id='word_1_288' title='bbox 3507 1508 3727 1560; x_wconf 78' lang='grc' dir='ltr'>ἐποίουν</span> 
     </span>
    </p>
   </div>
   <div class='ocr_carea' id='block_1_44' title="bbox 2129 1600 3722 1673">
    <p class='ocr_par' dir='ltr' id='par_1_44' title="bbox 2129 1600 3722 1673">
     <span class='ocr_line' id='line_1_44' title="bbox 2129 1600 3722 1673; baseline -0.001 -19"><span class='ocrx_word' id='word_1_289' title='bbox 2129 1602 2226 1654; x_wconf 81' lang='grc' dir='ltr'>σὺν</span> <span class='ocrx_word' id='word_1_290' title='bbox 2259 1603 2376 1666; x_wconf 74' lang='grc' dir='ltr'>τοῖς</span> <span class='ocrx_word' id='word_1_291' title='bbox 2433 1604 2640 1666; x_wconf 82' lang='grc' dir='ltr'>λοιποῖς</span> <span class='ocrx_word' id='word_1_292' title='bbox 2687 1602 3028 1672; x_wconf 82' lang='grc' dir='ltr'>Ῥωμαίοις,</span> <span class='ocrx_word' id='word_1_293' title='bbox 3095 1603 3309 1673; x_wconf 81' lang='grc' dir='ltr'>Πέτρου</span> <span class='ocrx_word' id='word_1_294' title='bbox 3353 1601 3449 1656; x_wconf 76' lang='grc' dir='ltr'>καὶ</span> <span class='ocrx_word' id='word_1_295' title='bbox 3509 1600 3722 1657; x_wconf 78' lang='grc' dir='ltr'>Παύλου</span> 
     </span>
    </p>
   </div>
   <div class='ocr_carea' id='block_1_45' title="bbox 2124 1694 3719 1766">
    <p class='ocr_par' dir='ltr' id='par_1_45' title="bbox 2124 1694 3719 1766">
     <span class='ocr_line' id='line_1_45' title="bbox 2124 1694 3719 1766; baseline 0.001 -22"><span class='ocrx_word' id='word_1_296' title='bbox 2124 1695 2231 1746; x_wconf 82' lang='grc' dir='ltr'><strong>τῶν</strong></span> <span class='ocrx_word' id='word_1_297' title='bbox 2263 1695 2578 1748; x_wconf 77' lang='grc' dir='ltr'><strong>ἀποστόλων</strong></span> <span class='ocrx_word' id='word_1_298' title='bbox 2621 1699 2687 1764; x_wconf 83' lang='grc' dir='ltr'>τῇ</span> <span class='ocrx_word' id='word_1_299' title='bbox 2737 1694 3042 1765; x_wconf 83' lang='grc' dir='ltr'>παραδόσει</span> <span class='ocrx_word' id='word_1_300' title='bbox 3079 1695 3408 1766; x_wconf 79' lang='grc' dir='ltr'><strong>χρωμένοις.</strong></span> <span class='ocrx_word' id='word_1_301' title='bbox 3440 1694 3578 1748; x_wconf 74' lang='grc' dir='ltr'>Οὐδὲ</span> <span class='ocrx_word' id='word_1_302' title='bbox 3609 1694 3719 1764; x_wconf 78' lang='grc' dir='ltr'><strong>γὰρ</strong></span> 
     </span>
    </p>
   </div>
   <div class='ocr_carea' id='block_1_46' title="bbox 2126 1785 3720 1857">
    <p class='ocr_par' dir='ltr' id='par_1_46' title="bbox 2126 1785 3720 1857">
     <span class='ocr_line' id='line_1_46' title="bbox 2126 1785 3720 1857; baseline 0 -19"><span class='ocrx_word' id='word_1_303' title='bbox 2126 1788 2265 1856; x_wconf 66' lang='grc' dir='ltr'>πρὸς</span> <span class='ocrx_word' id='word_1_304' title='bbox 2321 1786 2451 1848; x_wconf 78' lang='grc' dir='ltr'>τοὺς</span> <span class='ocrx_word' id='word_1_305' title='bbox 2508 1787 2748 1848; x_wconf 79' lang='grc' dir='ltr'><strong>οἰκείους</strong></span> <span class='ocrx_word' id='word_1_306' title='bbox 2805 1785 2906 1856; x_wconf 76' lang='grc' dir='ltr'>τῆς</span> <span class='ocrx_word' id='word_1_307' title='bbox 2958 1786 3198 1849; x_wconf 86' lang='grc' dir='ltr'>πίστεως</span> <span class='ocrx_word' id='word_1_308' title='bbox 3231 1785 3587 1856; x_wconf 80' lang='grc' dir='ltr'>διεκρίνοντο,</span> <span class='ocrx_word' id='word_1_309' title='bbox 3644 1786 3720 1857; x_wconf 77' lang='grc' dir='ltr'>μὴ</span> 
     </span>
    </p>
   </div>
   <div class='ocr_carea' id='block_1_47' title="bbox 2125 1871 3723 1949">
    <p class='ocr_par' dir='ltr' id='par_1_47' title="bbox 2125 1871 3723 1949">
     <span class='ocr_line' id='line_1_47' title="bbox 2125 1871 3723 1949; baseline 0.001 -19"><span class='ocrx_word' id='word_1_310' title='bbox 2125 1881 2319 1949; x_wconf 76' lang='grc' dir='ltr'>ἐπίσης</span> <span class='ocrx_word' id='word_1_311' title='bbox 2345 1879 2527 1940; x_wconf 81' lang='grc' dir='ltr'>αὐτοῖς</span> <span class='ocrx_word' id='word_1_312' title='bbox 2570 1878 2956 1942; x_wconf 72' lang='grc' dir='ltr'>ἐπιτελοῦντας</span> <span class='ocrx_word' id='word_1_313' title='bbox 2983 1879 3045 1932; x_wconf 83' lang='grc' dir='ltr'>τὸ</span> <span class='ocrx_word' id='word_1_314' title='bbox 3078 1871 3270 1948; x_wconf 74' lang='grc' dir='ltr'>Πάσχα</span> <span class='ocrx_word' id='word_1_315' title='bbox 3292 1895 3307 1910; x_wconf 88' lang='grc'><strong>·</strong></span> <span class='ocrx_word' id='word_1_316' title='bbox 3336 1879 3428 1933; x_wconf 79' lang='grc' dir='ltr'>διά</span> <span class='ocrx_word' id='word_1_317' title='bbox 3460 1895 3543 1932; x_wconf 88' lang='grc' dir='ltr'><strong>τοι</strong></span> <span class='ocrx_word' id='word_1_318' title='bbox 3562 1879 3723 1932; x_wconf 79' lang='grc' dir='ltr'>τοῦτο</span> 
     </span>
    </p>
   </div>
   <div class='ocr_carea' id='block_1_48' title="bbox 2124 1968 3718 2042">
    <p class='ocr_par' dir='ltr' id='par_1_48' title="bbox 2124 1968 3718 2042">
     <span class='ocr_line' id='line_1_48' title="bbox 2124 1968 3718 2042; baseline 0.001 -20"><span class='ocrx_word' id='word_1_319' title='bbox 2124 1968 2306 2030; x_wconf 83' lang='grc' dir='ltr'>καλῶς</span> <span class='ocrx_word' id='word_1_320' title='bbox 2355 1969 2518 2034; x_wconf 80' lang='grc' dir='ltr'>δῆθεν</span> <span class='ocrx_word' id='word_1_321' title='bbox 2550 1971 2929 2039; x_wconf 81' lang='grc' dir='ltr'>λογισάμενοι,</span> <span class='ocrx_word' id='word_1_322' title='bbox 2985 1969 3081 2024; x_wconf 72' lang='grc' dir='ltr'><strong>τὸν</strong></span> <span class='ocrx_word' id='word_1_323' title='bbox 3130 1971 3428 2040; x_wconf 78' lang='grc' dir='ltr'>ἀδιάφορον</span> <span class='ocrx_word' id='word_1_324' title='bbox 3475 1971 3718 2042; x_wconf 82' lang='grc' dir='ltr'>προῆγον</span> 
     </span>
    </p>
   </div>
   <div class='ocr_carea' id='block_1_49' title="bbox 2124 2061 3719 2132">
    <p class='ocr_par' dir='ltr' id='par_1_49' title="bbox 2124 2061 3719 2132">
     <span class='ocr_line' id='line_1_49' title="bbox 2124 2061 3719 2132; baseline 0.001 -17"><span class='ocrx_word' id='word_1_325' title='bbox 2124 2061 2327 2115; x_wconf 77' lang='grc' dir='ltr'>κανόνα</span> <span class='ocrx_word' id='word_1_326' title='bbox 2352 2077 2366 2092; x_wconf 90' lang='grc'><strong>·</strong></span> <span class='ocrx_word' id='word_1_327' title='bbox 2413 2062 2487 2124; x_wconf 75' lang='grc' dir='ltr'>ὡς</span> <span class='ocrx_word' id='word_1_328' title='bbox 2526 2061 2592 2114; x_wconf 86' lang='grc' dir='ltr'>ἂν</span> <span class='ocrx_word' id='word_1_329' title='bbox 2625 2062 2845 2131; x_wconf 80' lang='grc' dir='ltr'><strong>ἑκάστῳ</strong></span> <span class='ocrx_word' id='word_1_330' title='bbox 2869 2061 3122 2132; x_wconf 84' lang='grc' dir='ltr'>βούλησις</span> <span class='ocrx_word' id='word_1_331' title='bbox 3152 2063 3216 2115; x_wconf 76' lang='grc' dir='ltr'>ἐκ</span> <span class='ocrx_word' id='word_1_332' title='bbox 3247 2079 3396 2126; x_wconf 86' lang='grc' dir='ltr'>τινος</span> <span class='ocrx_word' id='word_1_333' title='bbox 3428 2062 3719 2132; x_wconf 80' lang='grc' dir='ltr'>συνηθείας</span> 
     </span>
    </p>
   </div>
   <div class='ocr_carea' id='block_1_50' title="bbox 2121 2151 3717 2225">
    <p class='ocr_par' dir='ltr' id='par_1_50' title="bbox 2121 2151 3717 2225">
     <span class='ocr_line' id='line_1_50' title="bbox 2121 2151 3717 2225; baseline 0.002 -22"><span class='ocrx_word' id='word_1_334' title='bbox 2121 2169 2180 2204; x_wconf 79' lang='grc' dir='ltr'><strong>τε</strong></span> <span class='ocrx_word' id='word_1_335' title='bbox 2216 2153 2307 2204; x_wconf 76' lang='grc' dir='ltr'>καὶ</span> <span class='ocrx_word' id='word_1_336' title='bbox 2329 2151 2654 2222; x_wconf 71' lang='grc' dir='ltr'>προλήψεως</span> <span class='ocrx_word' id='word_1_337' title='bbox 2680 2192 2695 2217; x_wconf 92' lang='grc'><strong>,</strong></span> <span class='ocrx_word' id='word_1_338' title='bbox 2725 2155 2786 2206; x_wconf 79' lang='grc' dir='ltr'>τὸ</span> <span class='ocrx_word' id='word_1_339' title='bbox 2821 2155 3015 2224; x_wconf 78' lang='grc' dir='ltr'>Πάσχα</span> <span class='ocrx_word' id='word_1_340' title='bbox 3033 2154 3312 2225; x_wconf 75' lang='grc' dir='ltr'>ἑορτάζων</span> <span class='ocrx_word' id='word_1_341' title='bbox 3338 2155 3607 2208; x_wconf 82' lang='grc' dir='ltr'>ὲπιτελοί⁶</span> <span class='ocrx_word' id='word_1_342' title='bbox 3641 2156 3717 2225; x_wconf 79' lang='grc' dir='ltr'>μὴ</span> 
     </span>
    </p>
   </div>
   <div class='ocr_carea' id='block_1_51' title="bbox 2125 2242 3718 2318">
    <p class='ocr_par' dir='ltr' id='par_1_51' title="bbox 2125 2242 3718 2318">
     <span class='ocr_line' id='line_1_51' title="bbox 2125 2242 3718 2318; baseline 0.001 -20"><span class='ocrx_word' id='word_1_343' title='bbox 2125 2247 2313 2314; x_wconf 86' lang='grc' dir='ltr'>μέντοι</span> <span class='ocrx_word' id='word_1_344' title='bbox 2347 2245 2507 2300; x_wconf 83' lang='grc' dir='ltr'>τοῦτο</span> <span class='ocrx_word' id='word_1_345' title='bbox 2535 2247 2672 2315; x_wconf 77' lang='grc' dir='ltr'>πρὸς</span> <span class='ocrx_word' id='word_1_346' title='bbox 2715 2247 3008 2301; x_wconf 77' lang='grc' dir='ltr'>κοινωνίαν</span> <span class='ocrx_word' id='word_1_347' title='bbox 3058 2250 3320 2318; x_wconf 79' lang='grc' dir='ltr'>διάφορον</span> <span class='ocrx_word' id='word_1_348' title='bbox 3367 2242 3511 2301; x_wconf 83' lang='grc' dir='ltr'>εἶναι</span> <span class='ocrx_word' id='word_1_349' title='bbox 3532 2263 3547 2278; x_wconf 85' lang='grc'><em>’</em></span> <span class='ocrx_word' id='word_1_350' title='bbox 3580 2249 3718 2301; x_wconf 72' lang='grc' dir='ltr'><strong>ἀλλᾶ</strong></span> 
     </span>
    </p>
   </div>
   <div class='ocr_carea' id='block_1_52' title="bbox 2124 2338 3714 2412">
    <p class='ocr_par' dir='ltr' id='par_1_52' title="bbox 2124 2338 3714 2412">
     <span class='ocr_line' id='line_1_52' title="bbox 2124 2338 3714 2412; baseline 0 -18"><span class='ocrx_word' id='word_1_351' title='bbox 2124 2344 2252 2404; x_wconf 71' lang='grc' dir='ltr'>τοὺς</span> <span class='ocrx_word' id='word_1_352' title='bbox 2301 2341 2609 2410; x_wconf 77' lang='grc' dir='ltr'>ἀδιαφόρως</span> <span class='ocrx_word' id='word_1_353' title='bbox 2661 2342 3022 2410; x_wconf 76' lang='grc' dir='ltr'>ἑορτάζοντας</span> <span class='ocrx_word' id='word_1_354' title='bbox 3081 2344 3402 2412; x_wconf 72' lang='grc' dir='ltr'>συμφώνους</span> <span class='ocrx_word' id='word_1_355' title='bbox 3462 2338 3714 2411; x_wconf 75' lang='grc' dir='ltr'>εἶναι-τῇ</span> 
     </span>
    </p>
   </div>
   <div class='ocr_carea' id='block_1_53' title="bbox 2122 2435 3712 2505">
    <p class='ocr_par' dir='ltr' id='par_1_53' title="bbox 2122 2435 3712 2505">
     <span class='ocr_line' id='line_1_53' title="bbox 2122 2435 3712 2505; baseline -0.001 -16"><span class='ocrx_word' id='word_1_356' title='bbox 2122 2435 2382 2504; x_wconf 65' lang='grc' dir='ltr'>κοινωνία.</span> <span class='ocrx_word' id='word_1_357' title='bbox 2435 2435 2535 2504; x_wconf 82' lang='grc' dir='ltr'>τῆς</span> <span class='ocrx_word' id='word_1_358' title='bbox 2581 2435 2936 2505; x_wconf 79' lang='grc' dir='ltr'>Ἐκκλησίας.</span> <span class='ocrx_word' id='word_1_359' title='bbox 2977 2438 3088 2491; x_wconf 69' lang='grc' dir='ltr'><strong>Καὶ</strong></span> <span class='ocrx_word' id='word_1_360' title='bbox 3117 2437 3300 2490; x_wconf 77' lang='grc' dir='ltr'>τοίνυν</span> <span class='ocrx_word' id='word_1_361' title='bbox 3339 2437 3436 2490; x_wconf 83' lang='grc' dir='ltr'>τοῦ</span> <span class='ocrx_word' id='word_1_362' title='bbox 3487 2437 3712 2498; x_wconf 84' lang='grc' dir='ltr'>κανόνος</span> 
     </span>
    </p>
   </div>
   <div class='ocr_carea' id='block_1_54' title="bbox 2120 2526 3712 2599">
    <p class='ocr_par' dir='ltr' id='par_1_54' title="bbox 2120 2526 3712 2599">
     <span class='ocr_line' id='line_1_54' title="bbox 2120 2526 3712 2599; baseline 0 -19"><span class='ocrx_word' id='word_1_363' title='bbox 2120 2527 2313 2580; x_wconf 87' lang='grc' dir='ltr'>τούτου</span> <span class='ocrx_word' id='word_1_364' title='bbox 2372 2526 2790 2596; x_wconf 79' lang='grc' dir='ltr'>βεόαιωθέντος,</span> <span class='ocrx_word' id='word_1_365' title='bbox 2832 2531 2860 2583; x_wconf 87' lang='grc' dir='ltr'>ὁ</span> <span class='ocrx_word' id='word_1_366' title='bbox 2891 2528 3218 2594; x_wconf 76' lang='grc' dir='ltr'>Σασϐἀτιος,</span> <span class='ocrx_word' id='word_1_367' title='bbox 3254 2529 3349 2582; x_wconf 70' lang='lat' dir='ltr'><strong>iit-:3</strong></span> <span class='ocrx_word' id='word_1_368' title='bbox 3382 2529 3447 2599; x_wconf 75' lang='grc' dir='ltr'>δὴ</span> <span class='ocrx_word' id='word_1_369' title='bbox 3482 2531 3595 2591; x_wconf 84' lang='grc' dir='ltr'>τοῖς</span> <span class='ocrx_word' id='word_1_370' title='bbox 3624 2529 3712 2596; x_wconf 83' lang='grc' dir='ltr'><strong>ὄρ·-</strong></span> 
     </span>
    </p>
   </div>
   <div class='ocr_carea' id='block_1_55' title="bbox 2121 2619 3711 2692">
    <p class='ocr_par' dir='ltr' id='par_1_55' title="bbox 2121 2619 3711 2692">
     <span class='ocr_line' id='line_1_55' title="bbox 2121 2619 3711 2692; baseline 0.005 -22"><span class='ocrx_word' id='word_1_371' title='bbox 2121 2637 2239 2682; x_wconf 89' lang='grc' dir='ltr'>κοις</span> <span class='ocrx_word' id='word_1_372' title='bbox 2271 2619 2468 2686; x_wconf 78' lang='grc' dir='ltr'>δεθεὶς,</span> <span class='ocrx_word' id='word_1_373' title='bbox 2529 2622 2682 2690; x_wconf 83' lang='grc' dir='ltr'>ὅμως</span> <span class='ocrx_word' id='word_1_374' title='bbox 2729 2624 2844 2685; x_wconf 85' lang='grc' dir='ltr'>τοῖς</span> <span class='ocrx_word' id='word_1_375' title='bbox 2870 2622 3156 2686; x_wconf 82' lang='grc' dir='ltr'>Ἰουδαίοις</span> <span class='ocrx_word' id='word_1_376' title='bbox 3221 2623 3517 2690; x_wconf 72' lang='grc' dir='ltr'>ἑπόμενος,</span> <span class='ocrx_word' id='word_1_377' title='bbox 3555 2623 3602 2675; x_wconf 85' lang='grc' dir='ltr'><strong>εί</strong></span> <span class='ocrx_word' id='word_1_378' title='bbox 3636 2623 3711 2692; x_wconf 80' lang='grc' dir='ltr'>μὴ</span> 
     </span>
    </p>
   </div>
   <div class='ocr_carea' id='block_1_56' title="bbox 2122 2712 3709 2784">
    <p class='ocr_par' dir='ltr' id='par_1_56' title="bbox 2122 2712 3709 2784">
     <span class='ocr_line' id='line_1_56' title="bbox 2122 2712 3709 2784; baseline -0.001 -20"><span class='ocrx_word' id='word_1_379' title='bbox 2122 2712 2262 2764; x_wconf 85' lang='grc' dir='ltr'>κατὰ</span> <span class='ocrx_word' id='word_1_380' title='bbox 2292 2712 2494 2764; x_wconf 78' lang='grc' dir='ltr'>ταυτὸν</span> <span class='ocrx_word' id='word_1_381' title='bbox 2525 2712 2758 2775; x_wconf 86' lang='grc' dir='ltr'>ἐκείνοις</span> <span class='ocrx_word' id='word_1_382' title='bbox 2817 2713 3020 2784; x_wconf 77' lang='grc' dir='ltr'>συνέϐη</span> <span class='ocrx_word' id='word_1_383' title='bbox 3051 2713 3311 2781; x_wconf 83' lang='grc' dir='ltr'>γενέσθαι</span> <span class='ocrx_word' id='word_1_384' title='bbox 3360 2714 3460 2783; x_wconf 77' lang='grc' dir='ltr'>τὴν</span> <span class='ocrx_word' id='word_1_385' title='bbox 3496 2714 3709 2782; x_wconf 80' lang='grc' dir='ltr'>ἑορτὴν,</span> 
     </span>
    </p>
   </div>
   <div class='ocr_carea' id='block_1_57' title="bbox 2123 2800 3710 2877">
    <p class='ocr_par' dir='ltr' id='par_1_57' title="bbox 2123 2800 3710 2877">
     <span class='ocr_line' id='line_1_57' title="bbox 2123 2800 3710 2877; baseline 0.001 -21"><span class='ocrx_word' id='word_1_386' title='bbox 2123 2804 2454 2873; x_wconf 79' lang='grc' dir='ltr'>προφθάνων</span> <span class='ocrx_word' id='word_1_387' title='bbox 2480 2804 2800 2873; x_wconf 76' lang='grc' dir='ltr'>ἐνήστευεν,</span> <span class='ocrx_word' id='word_1_388' title='bbox 2829 2804 3026 2877; x_wconf 78' lang='grc' dir='ltr'>ὥσπερ</span> <span class='ocrx_word' id='word_1_389' title='bbox 3055 2800 3124 2877; x_wconf 80' lang='grc' dir='ltr'>ἦν</span> <span class='ocrx_word' id='word_1_390' title='bbox 3149 2805 3270 2868; x_wconf 83' lang='grc' dir='ltr'>έθος</span> <span class='ocrx_word' id='word_1_391' title='bbox 3291 2821 3306 2836; x_wconf 83' lang='grc'>⁶</span> <span class='ocrx_word' id='word_1_392' title='bbox 3359 2807 3454 2859; x_wconf 82' lang='grc' dir='ltr'>καὶ</span> <span class='ocrx_word' id='word_1_393' title='bbox 3490 2804 3710 2875; x_wconf 66' lang='grc' dir='ltr'>λεληθόι</span> 
     </span>
    </p>
   </div>
   <div class='ocr_carea' id='block_1_58' title="bbox 2119 2897 3712 2968">
    <p class='ocr_par' dir='ltr' id='par_1_58' title="bbox 2119 2897 3712 2968">
     <span class='ocr_line' id='line_1_58' title="bbox 2119 2897 3712 2968; baseline 0 -18"><span class='ocrx_word' id='word_1_394' title='bbox 2119 2913 2226 2958; x_wconf 80' lang='grc' dir='ltr'><strong>τως</strong></span> <span class='ocrx_word' id='word_1_395' title='bbox 2248 2897 2318 2950; x_wconf 82' lang='grc' dir='ltr'>τὰ</span> <span class='ocrx_word' id='word_1_396' title='bbox 2360 2897 2736 2967; x_wconf 86' lang='grc' dir='ltr'>νενομισμένα</span> <span class='ocrx_word' id='word_1_397' title='bbox 2788 2898 3076 2968; x_wconf 76' lang='grc' dir='ltr'>πράττων,</span> <span class='ocrx_word' id='word_1_398' title='bbox 3123 2897 3372 2952; x_wconf 78' lang='grc' dir='ltr'>ἐπετέλει</span> <span class='ocrx_word' id='word_1_399' title='bbox 3402 2899 3462 2951; x_wconf 77' lang='grc' dir='ltr'>τὸ</span> <span class='ocrx_word' id='word_1_400' title='bbox 3499 2899 3712 2968; x_wconf 82' lang='grc' dir='ltr'><strong>Πάσχα,</strong></span> 
     </span>
    </p>
   </div>
   <div class='ocr_carea' id='block_1_59' title="bbox 2121 2989 3710 3063">
    <p class='ocr_par' dir='ltr' id='par_1_59' title="bbox 2121 2989 3710 3063">
     <span class='ocr_line' id='line_1_59' title="bbox 2121 2989 3710 3063; baseline 0.001 -20"><span class='ocrx_word' id='word_1_401' title='bbox 2121 2989 2262 3043; x_wconf 87' lang='grc' dir='ltr'>κατὰ</span> <span class='ocrx_word' id='word_1_402' title='bbox 2284 2990 2385 3056; x_wconf 80' lang='grc' dir='ltr'>τὴν</span> <span class='ocrx_word' id='word_1_403' title='bbox 2413 2989 2506 3043; x_wconf 80' lang='grc' dir='ltr'><strong>τοῦ</strong></span> <span class='ocrx_word' id='word_1_404' title='bbox 2540 2990 2829 3049; x_wconf 73' lang='grc' dir='ltr'>Σαϐϐάτου</span> <span class='ocrx_word' id='word_1_405' title='bbox 2862 2992 3108 3062; x_wconf 80' lang='grc' dir='ltr'>ἑσπέραν</span> <span class='ocrx_word' id='word_1_406' title='bbox 3131 2991 3316 3061; x_wconf 82' lang='grc' dir='ltr'>καιρῷ</span> <span class='ocrx_word' id='word_1_407' title='bbox 3351 2992 3710 3063; x_wconf 84' lang='grc' dir='ltr'>προσήκοντι,</span> 
     </span>
    </p>
   </div>
   <div class='ocr_carea' id='block_1_60' title="bbox 418 3083 2020 3162">
    <p class='ocr_par' dir='ltr' id='par_1_60' title="bbox 418 3089 2014 3162">
     <span class='ocr_line' id='line_1_60' title="bbox 418 3089 2014 3162; baseline 0.003 -18"><span class='ocrx_word' id='word_1_408' title='bbox 418 3107 614 3148; x_wconf 68' lang='lat' dir='ltr'><strong>verum</strong></span> <span class='ocrx_word' id='word_1_409' title='bbox 668 3099 730 3146; x_wconf 90' lang='lat' dir='ltr'><strong>ut</strong></span> <span class='ocrx_word' id='word_1_410' title='bbox 765 3090 861 3162; x_wconf 88' lang='lat' dir='ltr'><strong>qni</strong></span> <span class='ocrx_word' id='word_1_411' title='bbox 909 3091 994 3145; x_wconf 85' lang='lat' dir='ltr'><strong>sic</strong></span> <span class='ocrx_word' id='word_1_412' title='bbox 1038 3089 1361 3146; x_wconf 87' lang='lat' dir='ltr'><strong>discrimine</strong></span> <span class='ocrx_word' id='word_1_413' title='bbox 1405 3090 1561 3146; x_wconf 89' lang='lat' dir='ltr'><strong>nullo</strong></span> <span class='ocrx_word' id='word_1_414' title='bbox 1610 3090 1813 3148; x_wconf 81' lang='lat' dir='ltr'><strong>festum</strong></span> <span class='ocrx_word' id='word_1_415' title='bbox 1865 3093 2014 3149; x_wconf 90' lang='lat' dir='ltr'><strong>diem</strong></span> 
     </span>
    </p>
   </div>
   <div class='ocr_carea' id='block_1_61' title="bbox 2126 3083 3709 3162">
    <p class='ocr_par' dir='ltr' id='par_1_61' title="bbox 2126 3083 3709 3156">
     <span class='ocr_line' id='line_1_61' title="bbox 2126 3083 3709 3156; baseline 0.003 -21"><span class='ocrx_word' id='word_1_416' title='bbox 2126 3085 2186 3154; x_wconf 84' lang='grc' dir='ltr'>τῇ</span> <span class='ocrx_word' id='word_1_417' title='bbox 2221 3100 2280 3137; x_wconf 88' lang='grc' dir='ltr'><strong>τε</strong></span> <span class='ocrx_word' id='word_1_418' title='bbox 2306 3083 2588 3155; x_wconf 74' lang='grc' dir='ltr'>ἀγρυπνίᾳ</span> <span class='ocrx_word' id='word_1_419' title='bbox 2612 3085 2706 3137; x_wconf 76' lang='grc' dir='ltr'>καὶ</span> <span class='ocrx_word' id='word_1_420' title='bbox 2734 3087 2853 3148; x_wconf 76' lang='grc' dir='ltr'>ταῖς</span> <span class='ocrx_word' id='word_1_421' title='bbox 2875 3085 3069 3149; x_wconf 74' lang='grc' dir='ltr'>ἄλλαις</span> <span class='ocrx_word' id='word_1_422' title='bbox 3100 3085 3290 3156; x_wconf 72' lang='grc' dir='ltr'>εὐχαῖς</span> <span class='ocrx_word' id='word_1_423' title='bbox 3320 3086 3536 3156; x_wconf 83' lang='grc' dir='ltr'>παρὼν,</span> <span class='ocrx_word' id='word_1_424' title='bbox 3569 3089 3634 3155; x_wconf 79' lang='grc' dir='ltr'><strong>τῇ</strong></span> <span class='ocrx_word' id='word_1_425' title='bbox 3661 3084 3709 3140; x_wconf 79' lang='grc' dir='ltr'>δ’</span> 
     </span>
    </p>
   </div>
   <div class='ocr_carea' id='block_1_62' title="bbox 417 3176 2020 3256">
    <p class='ocr_par' dir='ltr' id='par_1_62' title="bbox 417 3183 2009 3256">
     <span class='ocr_line' id='line_1_62' title="bbox 417 3183 2009 3256; baseline 0.002 -15"><span class='ocrx_word' id='word_1_426' title='bbox 417 3194 671 3256; x_wconf 79' lang='lat' dir='ltr'><strong>agerent,</strong></span> <span class='ocrx_word' id='word_1_427' title='bbox 712 3184 768 3239; x_wconf 89' lang='lat' dir='ltr'><strong>in</strong></span> <span class='ocrx_word' id='word_1_428' title='bbox 819 3183 1082 3240; x_wconf 70' lang='lat' dir='ltr'><strong>Ecclesiae</strong></span> <span class='ocrx_word' id='word_1_429' title='bbox 1133 3184 1530 3238; x_wconf 89' lang='lat' dir='ltr'><strong>communione</strong></span> <span class='ocrx_word' id='word_1_430' title='bbox 1580 3184 2009 3244; x_wconf 72' lang='lat' dir='ltr'><strong>eoiicordarent.</strong></span> 
     </span>
    </p>
   </div>
   <div class='ocr_carea' id='block_1_63' title="bbox 2126 3176 3712 3256">
    <p class='ocr_par' dir='ltr' id='par_1_63' title="bbox 2126 3176 3712 3249">
     <span class='ocr_line' id='line_1_63' title="bbox 2126 3176 3712 3249; baseline 0 -19"><span class='ocrx_word' id='word_1_431' title='bbox 2126 3176 2246 3245; x_wconf 74' lang='grc' dir='ltr'><strong>ἑξῆς</strong></span> <span class='ocrx_word' id='word_1_432' title='bbox 2276 3176 2472 3240; x_wconf 84' lang='grc' dir='ltr'>κοινῶς</span> <span class='ocrx_word' id='word_1_433' title='bbox 2491 3178 2589 3231; x_wconf 78' lang='grc' dir='ltr'>σὺν</span> <span class='ocrx_word' id='word_1_434' title='bbox 2633 3178 2747 3239; x_wconf 79' lang='grc' dir='ltr'>τοῖς</span> <span class='ocrx_word' id='word_1_435' title='bbox 2769 3177 2980 3241; x_wconf 77' lang='grc' dir='ltr'>λοιποῖς</span> <span class='ocrx_word' id='word_1_436' title='bbox 3005 3180 3222 3248; x_wconf 85' lang='grc' dir='ltr'>μετεῖχε</span> <span class='ocrx_word' id='word_1_437' title='bbox 3248 3179 3348 3248; x_wconf 82' lang='grc' dir='ltr'>τῆς</span> <span class='ocrx_word' id='word_1_438' title='bbox 3371 3178 3586 3249; x_wconf 77' lang='grc' dir='ltr'>ἑορτῆς,</span> <span class='ocrx_word' id='word_1_439' title='bbox 3607 3178 3712 3230; x_wconf 80' lang='grc' dir='ltr'><strong>τῶν</strong></span> 
     </span>
    </p>
   </div>
   <div class='ocr_carea' id='block_1_64' title="bbox 418 3269 2020 3353">
    <p class='ocr_par' dir='ltr' id='par_1_64' title="bbox 418 3277 2014 3353">
     <span class='ocr_line' id='line_1_64' title="bbox 418 3277 2014 3353; baseline -0.003 -15"><span class='ocrx_word' id='word_1_440' title='bbox 418 3281 708 3353; x_wconf 80' lang='lat' dir='ltr'><strong>Ejusmodi</strong></span> <span class='ocrx_word' id='word_1_441' title='bbox 748 3295 964 3335; x_wconf 86' lang='lat' dir='ltr'><strong>canone</strong></span> <span class='ocrx_word' id='word_1_442' title='bbox 1008 3279 1364 3345; x_wconf 87' lang='lat' dir='ltr'><strong>conﬁrmato,</strong></span> <span class='ocrx_word' id='word_1_443' title='bbox 1401 3277 1718 3342; x_wconf 81' lang='lat' dir='ltr'><strong>Sabbatius,</strong></span> <span class='ocrx_word' id='word_1_444' title='bbox 1760 3281 1854 3349; x_wconf 87' lang='lat' dir='ltr'><strong>qui</strong></span> <span class='ocrx_word' id='word_1_445' title='bbox 1907 3282 2014 3335; x_wconf 86' lang='lat' dir='ltr'><strong>sci-</strong></span> 
     </span>
    </p>
   </div>
   <div class='ocr_carea' id='block_1_65' title="bbox 2126 3269 3712 3353">
    <p class='ocr_par' dir='ltr' id='par_1_65' title="bbox 2126 3269 3712 3341">
     <span class='ocr_line' id='line_1_65' title="bbox 2126 3269 3712 3341; baseline -0.001 -18"><span class='ocrx_word' id='word_1_446' title='bbox 2126 3270 2280 3324; x_wconf 74' lang='grc' dir='ltr'>θείων</span> <span class='ocrx_word' id='word_1_447' title='bbox 2345 3271 2669 3341; x_wconf 83' lang='grc' dir='ltr'>μυστηρίων</span> <span class='ocrx_word' id='word_1_448' title='bbox 2713 3269 3046 3340; x_wconf 82' lang='grc' dir='ltr'>ἁπτόμενος.</span> <span class='ocrx_word' id='word_1_449' title='bbox 3113 3272 3223 3324; x_wconf 77' lang='grc' dir='ltr'>Καὶ</span> <span class='ocrx_word' id='word_1_450' title='bbox 3266 3271 3424 3323; x_wconf 83' lang='grc' dir='ltr'>τοῦτο</span> <span class='ocrx_word' id='word_1_451' title='bbox 3481 3271 3574 3322; x_wconf 78' lang='grc' dir='ltr'><strong>ἐπὶ</strong></span> <span class='ocrx_word' id='word_1_452' title='bbox 3614 3269 3712 3336; x_wconf 72' lang='grc' dir='ltr'>ἐτη</span> 
     </span>
    </p>
   </div>
   <div class='ocr_carea' id='block_1_66' title="bbox 414 3361 2020 3444">
    <p class='ocr_par' dir='ltr' id='par_1_66' title="bbox 414 3371 2010 3444">
     <span class='ocr_line' id='line_1_66' title="bbox 414 3371 2010 3444; baseline -0.001 -16"><span class='ocrx_word' id='word_1_453' title='bbox 414 3375 551 3428; x_wconf 74' lang='lat' dir='ltr'><strong>licet</strong></span> <span class='ocrx_word' id='word_1_454' title='bbox 581 3373 955 3444; x_wconf 81' lang='lat' dir='ltr'><strong>jurejurando</strong></span> <span class='ocrx_word' id='word_1_455' title='bbox 986 3371 1293 3427; x_wconf 89' lang='lat' dir='ltr'><strong>obstrictus</strong></span> <span class='ocrx_word' id='word_1_456' title='bbox 1333 3382 1499 3439; x_wconf 82' lang='lat' dir='ltr'><strong>esset,</strong></span> <span class='ocrx_word' id='word_1_457' title='bbox 1532 3388 1659 3427; x_wconf 88' lang='lat' dir='ltr'><strong>cum</strong></span> <span class='ocrx_word' id='word_1_458' title='bbox 1695 3372 2010 3427; x_wconf 82' lang='lat' dir='ltr'><strong>.luda:orum</strong></span> 
     </span>
    </p>
   </div>
   <div class='ocr_carea' id='block_1_67' title="bbox 2126 3361 3712 3444">
    <p class='ocr_par' dir='ltr' id='par_1_67' title="bbox 2126 3361 3712 3431">
     <span class='ocr_line' id='line_1_67' title="bbox 2126 3361 3712 3431; baseline 0.001 -17"><span class='ocrx_word' id='word_1_459' title='bbox 2126 3362 2290 3414; x_wconf 77' lang='grc' dir='ltr'>πολλὰ</span> <span class='ocrx_word' id='word_1_460' title='bbox 2343 3362 2514 3414; x_wconf 82' lang='grc' dir='ltr'>ποιῶν</span> <span class='ocrx_word' id='word_1_461' title='bbox 2562 3361 2944 3415; x_wconf 77' lang='grc' dir='ltr'>διελάνθανεν·</span> <span class='ocrx_word' id='word_1_462' title='bbox 2980 3362 3094 3415; x_wconf 82' lang='grc' dir='ltr'>ἀλλ’</span> <span class='ocrx_word' id='word_1_463' title='bbox 3125 3364 3227 3416; x_wconf 83' lang='grc' dir='ltr'>οὐκ</span> <span class='ocrx_word' id='word_1_464' title='bbox 3282 3361 3521 3416; x_wconf 77' lang='grc' dir='ltr'>ἐπιπολῦ</span> <span class='ocrx_word' id='word_1_465' title='bbox 3575 3361 3712 3431; x_wconf 78' lang='grc' dir='ltr'>κρύ-</span> 
     </span>
    </p>
   </div>
   <div class='ocr_carea' id='block_1_68' title="bbox 415 3452 2020 3534">
    <p class='ocr_par' dir='ltr' id='par_1_68' title="bbox 415 3463 2012 3534">
     <span class='ocr_line' id='line_1_68' title="bbox 415 3463 2012 3534; baseline -0.001 -15"><span class='ocrx_word' id='word_1_466' title='bbox 415 3465 868 3519; x_wconf 84' lang='lat' dir='ltr'><strong>observationem</strong></span> <span class='ocrx_word' id='word_1_467' title='bbox 925 3473 1280 3532; x_wconf 83' lang='lat' dir='ltr'><strong>sequeretur,</strong></span> <span class='ocrx_word' id='word_1_468' title='bbox 1327 3471 1694 3534; x_wconf 65' lang='lat' dir='ltr'><strong>prmterquam</strong></span> <span class='ocrx_word' id='word_1_469' title='bbox 1746 3463 1793 3517; x_wconf 88' lang='lat' dir='ltr'><strong>si</strong></span> <span class='ocrx_word' id='word_1_470' title='bbox 1839 3465 2012 3517; x_wconf 79' lang='lat' dir='ltr'><strong>festus</strong></span> 
     </span>
    </p>
   </div>
   <div class='ocr_carea' id='block_1_69' title="bbox 2126 3452 3707 3534">
    <p class='ocr_par' dir='ltr' id='par_1_69' title="bbox 2126 3452 3707 3524">
     <span class='ocr_line' id='line_1_69' title="bbox 2126 3452 3707 3524; baseline 0.001 -20"><span class='ocrx_word' id='word_1_471' title='bbox 2126 3470 2272 3506; x_wconf 81' lang='grc' dir='ltr'>πτειν</span> <span class='ocrx_word' id='word_1_472' title='bbox 2300 3453 2495 3506; x_wconf 66' lang='grc' dir='ltr'>ἑαυτὸν</span> <span class='ocrx_word' id='word_1_473' title='bbox 2522 3452 2756 3523; x_wconf 76' lang='grc' dir='ltr'>ἠδύνατο</span> <span class='ocrx_word' id='word_1_474' title='bbox 2775 3467 2789 3480; x_wconf 91' lang='grc'><strong>·</strong></span> <span class='ocrx_word' id='word_1_475' title='bbox 2825 3454 3098 3524; x_wconf 73' lang='grc' dir='ltr'>ἐπίσημος</span> <span class='ocrx_word' id='word_1_476' title='bbox 3131 3453 3239 3524; x_wconf 83' lang='grc' dir='ltr'><strong>γὰρ</strong></span> <span class='ocrx_word' id='word_1_477' title='bbox 3283 3453 3540 3512; x_wconf 73' lang='grc' dir='ltr'>ἐντεῦθεν</span> <span class='ocrx_word' id='word_1_478' title='bbox 3564 3455 3623 3506; x_wconf 81' lang='grc' dir='ltr'>ὲν</span> <span class='ocrx_word' id='word_1_479' title='bbox 3647 3453 3707 3505; x_wconf 81' lang='grc' dir='ltr'>οὗ</span> 
     </span>
    </p>
   </div>
   <div class='ocr_carea' id='block_1_70' title="bbox 415 3544 2020 3627">
    <p class='ocr_par' dir='ltr' id='par_1_70' title="bbox 415 3557 2013 3627">
     <span class='ocr_line' id='line_1_70' title="bbox 415 3557 2013 3627; baseline -0.003 -12"><span class='ocrx_word' id='word_1_480' title='bbox 415 3561 538 3615; x_wconf 86' lang='lat' dir='ltr'><strong>dies</strong></span> <span class='ocrx_word' id='word_1_481' title='bbox 577 3559 633 3612; x_wconf 89' lang='lat' dir='ltr'><strong>in</strong></span> <span class='ocrx_word' id='word_1_482' title='bbox 681 3558 828 3613; x_wconf 84' lang='lat' dir='ltr'><strong>idem</strong></span> <span class='ocrx_word' id='word_1_483' title='bbox 879 3573 1004 3614; x_wconf 90' lang='lat' dir='ltr'><strong>cum</strong></span> <span class='ocrx_word' id='word_1_484' title='bbox 1052 3558 1164 3612; x_wconf 83' lang='lat' dir='ltr'><strong>illis</strong></span> <span class='ocrx_word' id='word_1_485' title='bbox 1207 3567 1427 3627; x_wconf 85' lang='lat' dir='ltr'><strong>tempus</strong></span> <span class='ocrx_word' id='word_1_486' title='bbox 1472 3557 1744 3612; x_wconf 91' lang='lat' dir='ltr'><strong>incideret</strong></span> <span class='ocrx_word' id='word_1_487' title='bbox 1778 3557 1876 3627; x_wconf 78' lang='grc'>(1),</span> <span class='ocrx_word' id='word_1_488' title='bbox 1926 3572 2013 3612; x_wconf 87' lang='lat' dir='ltr'><strong>re-</strong></span> 
     </span>
    </p>
   </div>
   <div class='ocr_carea' id='block_1_71' title="bbox 2126 3544 3712 3627">
    <p class='ocr_par' dir='ltr' id='par_1_71' title="bbox 2126 3544 3712 3617">
     <span class='ocr_line' id='line_1_71' title="bbox 2126 3544 3712 3617; baseline 0.001 -20"><span class='ocrx_word' id='word_1_489' title='bbox 2126 3545 2298 3615; x_wconf 76' lang='grc' dir='ltr'>πολλῷ</span> <span class='ocrx_word' id='word_1_490' title='bbox 2331 3544 2598 3614; x_wconf 79' lang='grc' dir='ltr'>γεγονὼς,</span> <span class='ocrx_word' id='word_1_491' title='bbox 2657 3546 2890 3609; x_wconf 78' lang='grc' dir='ltr'>πολλοὺς</span> <span class='ocrx_word' id='word_1_492' title='bbox 2919 3547 3030 3598; x_wconf 83' lang='grc' dir='ltr'>τῶν</span> <span class='ocrx_word' id='word_1_493' title='bbox 3069 3547 3459 3617; x_wconf 78' lang='grc' dir='ltr'>ἁπλουστέρων</span> <span class='ocrx_word' id='word_1_494' title='bbox 3488 3546 3712 3615; x_wconf 77' lang='grc' dir='ltr'>ἐφελκό-</span> 
     </span>
    </p>
   </div>
   <div class='ocr_carea' id='block_1_72' title="bbox 413 3636 2020 3720">
    <p class='ocr_par' dir='ltr' id='par_1_72' title="bbox 413 3647 2008 3720">
     <span class='ocr_line' id='line_1_72' title="bbox 413 3647 2008 3720; baseline -0.004 -13"><span class='ocrx_word' id='word_1_495' title='bbox 413 3651 598 3720; x_wconf 90' lang='lat' dir='ltr'><strong>ceptis</strong></span> <span class='ocrx_word' id='word_1_496' title='bbox 626 3650 903 3719; x_wconf 88' lang='lat' dir='ltr'><strong>statisque</strong></span> <span class='ocrx_word' id='word_1_497' title='bbox 933 3647 1164 3720; x_wconf 89' lang='lat' dir='ltr'><strong>jejuniis</strong></span> <span class='ocrx_word' id='word_1_498' title='bbox 1192 3648 1332 3702; x_wconf 86' lang='lat' dir='ltr'><strong>alios</strong></span> <span class='ocrx_word' id='word_1_499' title='bbox 1362 3648 1754 3717; x_wconf 85' lang='lat' dir='ltr'><strong>praeveniebat,</strong></span> <span class='ocrx_word' id='word_1_500' title='bbox 1781 3657 1840 3703; x_wconf 91' lang='lat' dir='ltr'><strong>et</strong></span> <span class='ocrx_word' id='word_1_501' title='bbox 1868 3647 2008 3701; x_wconf 85' lang='lat' dir='ltr'><strong>clam</strong></span> 
     </span>
    </p>
   </div>
   <div class='ocr_carea' id='block_1_73' title="bbox 2126 3636 3712 3720">
    <p class='ocr_par' dir='ltr' id='par_1_73' title="bbox 2126 3636 3712 3710">
     <span class='ocr_line' id='line_1_73' title="bbox 2126 3636 3712 3710; baseline 0.004 -22"><span class='ocrx_word' id='word_1_502' title='bbox 2126 3653 2277 3706; x_wconf 83' lang='grc' dir='ltr'>μενος</span> <span class='ocrx_word' id='word_1_503' title='bbox 2331 3636 2583 3706; x_wconf 79' lang='grc' dir='ltr'>ζηλωτὰς</span> <span class='ocrx_word' id='word_1_504' title='bbox 2635 3637 2762 3707; x_wconf 77' lang='grc' dir='ltr'>ἔσχε</span> <span class='ocrx_word' id='word_1_505' title='bbox 2785 3655 2799 3668; x_wconf 87' lang='grc'><strong>·</strong></span> <span class='ocrx_word' id='word_1_506' title='bbox 2841 3640 2937 3692; x_wconf 80' lang='grc' dir='ltr'>καὶ</span> <span class='ocrx_word' id='word_1_507' title='bbox 2971 3639 3210 3709; x_wconf 78' lang='grc' dir='ltr'>μάλιστα</span> <span class='ocrx_word' id='word_1_508' title='bbox 3237 3640 3457 3710; x_wconf 79' lang='grc' dir='ltr'>Φρύγας</span> <span class='ocrx_word' id='word_1_509' title='bbox 3485 3642 3582 3694; x_wconf 83' lang='grc' dir='ltr'>καὶ</span> <span class='ocrx_word' id='word_1_510' title='bbox 3609 3641 3712 3694; x_wconf 66' lang='grc' dir='ltr'><strong>Γαι-</strong></span> 
     </span>
    </p>
   </div>
   <div class='ocr_carea' id='block_1_74' title="bbox 411 3731 2020 3810">
    <p class='ocr_par' dir='ltr' id='par_1_74' title="bbox 411 3738 2007 3810">
     <span class='ocr_line' id='line_1_74' title="bbox 411 3738 2007 3810; baseline -0.003 -12"><span class='ocrx_word' id='word_1_511' title='bbox 411 3744 690 3798; x_wconf 68' lang='lat' dir='ltr'><strong>soli-mnes</strong></span> <span class='ocrx_word' id='word_1_512' title='bbox 734 3743 880 3796; x_wconf 90' lang='lat' dir='ltr'><strong>ritus</strong></span> <span class='ocrx_word' id='word_1_513' title='bbox 917 3741 1231 3810; x_wconf 36' lang='lat' dir='ltr'><strong>.perﬁciens,</strong></span> <span class='ocrx_word' id='word_1_514' title='bbox 1271 3739 1478 3794; x_wconf 84' lang='lat' dir='ltr'><strong>Pascha</strong></span> <span class='ocrx_word' id='word_1_515' title='bbox 1521 3738 1837 3809; x_wconf 78' lang='lat' dir='ltr'><strong>peragebat,</strong></span> <span class='ocrx_word' id='word_1_516' title='bbox 1871 3739 2007 3809; x_wconf 80' lang='lat' dir='ltr'><strong>legi-</strong></span> 
     </span>
    </p>
   </div>
   <div class='ocr_carea' id='block_1_75' title="bbox 2126 3731 3708 3810">
    <p class='ocr_par' dir='ltr' id='par_1_75' title="bbox 2126 3731 3708 3808">
     <span class='ocr_line' id='line_1_75' title="bbox 2126 3731 3708 3808; baseline 0.004 -24"><span class='ocrx_word' id='word_1_517' title='bbox 2126 3732 2309 3797; x_wconf 73' lang='grc' dir='ltr'>λόιτας,</span> <span class='ocrx_word' id='word_1_518' title='bbox 2345 3731 2396 3786; x_wconf 82' lang='grc' dir='ltr'>οἳ</span> <span class='ocrx_word' id='word_1_519' title='bbox 2453 3735 2684 3804; x_wconf 81' lang='grc' dir='ltr'>πάτριον</span> <span class='ocrx_word' id='word_1_520' title='bbox 2729 3734 2948 3805; x_wconf 76' lang='grc' dir='ltr'>ἔχοντες</span> <span class='ocrx_word' id='word_1_521' title='bbox 3001 3735 3147 3789; x_wconf 73' lang='grc' dir='ltr'>οὕτω</span> <span class='ocrx_word' id='word_1_522' title='bbox 3177 3737 3482 3806; x_wconf 81' lang='grc' dir='ltr'>νηστεύειν,</span> <span class='ocrx_word' id='word_1_523' title='bbox 3541 3735 3708 3808; x_wconf 77' lang='grc' dir='ltr'>ᾤοντο</span> 
     </span>
    </p>
   </div>
   <div class='ocr_carea' id='block_1_76' title="bbox 413 3826 2020 3903">
    <p class='ocr_par' dir='ltr' id='par_1_76' title="bbox 413 3830 2011 3903">
     <span class='ocr_line' id='line_1_76' title="bbox 413 3830 2011 3903; baseline -0.001 -16"><span class='ocrx_word' id='word_1_524' title='bbox 413 3837 663 3902; x_wconf 76' lang='lat' dir='ltr'><strong>tinuoque</strong></span> <span class='ocrx_word' id='word_1_525' title='bbox 693 3833 772 3903; x_wconf 70' lang='lat'><strong>(2)</strong></span> <span class='ocrx_word' id='word_1_526' title='bbox 803 3841 860 3886; x_wconf 87' lang='lat' dir='ltr'><strong>et</strong></span> <span class='ocrx_word' id='word_1_527' title='bbox 909 3833 1232 3900; x_wconf 87' lang='lat' dir='ltr'><strong>vespertino</strong></span> <span class='ocrx_word' id='word_1_528' title='bbox 1265 3830 1490 3885; x_wconf 82' lang='lat' dir='ltr'><strong>Sabbati</strong></span> <span class='ocrx_word' id='word_1_529' title='bbox 1534 3838 1783 3900; x_wconf 86' lang='lat' dir='ltr'><strong>tempore</strong></span> <span class='ocrx_word' id='word_1_530' title='bbox 1808 3831 2011 3899; x_wconf 80' lang='lat' dir='ltr'><strong>vigiliis</strong></span> 
     </span>
    </p>
   </div>
   <div class='ocr_carea' id='block_1_77' title="bbox 2126 3826 3703 3903">
    <p class='ocr_par' dir='ltr' id='par_1_77' title="bbox 2126 3827 3703 3902">
     <span class='ocr_line' id='line_1_77' title="bbox 2126 3827 3703 3902; baseline 0.003 -23"><span class='ocrx_word' id='word_1_531' title='bbox 2126 3827 2476 3883; x_wconf 74' lang='grc' dir='ltr'>Ξικαιοῦσθαι.</span> <span class='ocrx_word' id='word_1_532' title='bbox 2536 3827 2726 3898; x_wconf 83' lang='grc' dir='ltr'>Τούτῳ</span> <span class='ocrx_word' id='word_1_533' title='bbox 2783 3831 3046 3898; x_wconf 78' lang='grc' dir='ltr'>ἑπόμενοι</span> <span class='ocrx_word' id='word_1_534' title='bbox 3102 3831 3199 3884; x_wconf 73' lang='grc' dir='ltr'>καὶ</span> <span class='ocrx_word' id='word_1_535' title='bbox 3252 3831 3429 3902; x_wconf 73' lang='grc' dir='ltr'>λάθρα</span> <span class='ocrx_word' id='word_1_536' title='bbox 3485 3829 3703 3900; x_wconf 76' lang='grc' dir='ltr'>σύναμα</span> 
     </span>
    </p>
   </div>
   <div class='ocr_carea' id='block_1_78' title="bbox 411 3920 2020 3994">
    <p class='ocr_par' dir='ltr' id='par_1_78' title="bbox 411 3921 2008 3994">
     <span class='ocr_line' id='line_1_78' title="bbox 411 3921 2008 3994; baseline -0.003 -14"><span class='ocrx_word' id='word_1_537' title='bbox 411 3935 473 3980; x_wconf 89' lang='lat' dir='ltr'><strong>et</strong></span> <span class='ocrx_word' id='word_1_538' title='bbox 515 3922 936 3994; x_wconf 83' lang='lat' dir='ltr'><strong>precationibus</strong></span> <span class='ocrx_word' id='word_1_539' title='bbox 982 3923 1108 3977; x_wconf 84' lang='lat' dir='ltr'><strong>aliis</strong></span> <span class='ocrx_word' id='word_1_540' title='bbox 1162 3925 1440 3978; x_wconf 89' lang='lat' dir='ltr'><strong>interesse</strong></span> <span class='ocrx_word' id='word_1_541' title='bbox 1485 3922 1704 3987; x_wconf 89' lang='lat' dir='ltr'><strong>solitus,</strong></span> <span class='ocrx_word' id='word_1_542' title='bbox 1744 3921 2008 3990; x_wconf 80' lang='lat' dir='ltr'><strong>postridie</strong></span> 
     </span>
    </p>
   </div>
   <div class='ocr_carea' id='block_1_79' title="bbox 2126 3920 3703 3994">
    <p class='ocr_par' dir='ltr' id='par_1_79' title="bbox 2131 3920 3703 3994">
     <span class='ocr_line' id='line_1_79' title="bbox 2131 3920 3703 3994; baseline 0.004 -22"><span class='ocrx_word' id='word_1_543' title='bbox 2131 3920 2409 3984; x_wconf 84' lang='grc' dir='ltr'>Ἰουδαίοις</span> <span class='ocrx_word' id='word_1_544' title='bbox 2469 3921 2570 3992; x_wconf 82' lang='grc' dir='ltr'>τὴν</span> <span class='ocrx_word' id='word_1_545' title='bbox 2617 3923 2712 3974; x_wconf 79' lang='grc' dir='ltr'>τοῦ</span> <span class='ocrx_word' id='word_1_546' title='bbox 2767 3923 2965 3992; x_wconf 85' lang='grc' dir='ltr'>Πάσχα</span> <span class='ocrx_word' id='word_1_547' title='bbox 3017 3925 3215 3994; x_wconf 76' lang='grc' dir='ltr'>ἑορτὴν</span> <span class='ocrx_word' id='word_1_548' title='bbox 3261 3924 3501 3978; x_wconf 80' lang='grc' dir='ltr'>ἐποίουν.</span> <span class='ocrx_word' id='word_1_549' title='bbox 3544 3924 3703 3978; x_wconf 65' lang='grc' dir='ltr'>Ἀλλὰ</span> 
     </span>
    </p>
   </div>
   <div class='ocr_carea' id='block_1_80' title="bbox 415 4013 2020 4088">
    <p class='ocr_par' dir='ltr' id='par_1_80' title="bbox 415 4015 2006 4086">
     <span class='ocr_line' id='line_1_80' title="bbox 415 4015 2006 4086; baseline -0.003 -13"><span class='ocrx_word' id='word_1_550' title='bbox 415 4034 544 4073; x_wconf 89' lang='lat' dir='ltr'><strong>cum</strong></span> <span class='ocrx_word' id='word_1_551' title='bbox 579 4016 811 4086; x_wconf 87' lang='lat' dir='ltr'><strong>reliquis</strong></span> <span class='ocrx_word' id='word_1_552' title='bbox 834 4016 1207 4070; x_wconf 76' lang='lat' dir='ltr'><strong>communiter</strong></span> <span class='ocrx_word' id='word_1_553' title='bbox 1232 4015 1301 4070; x_wconf 88' lang='lat' dir='ltr'><strong>de</strong></span> <span class='ocrx_word' id='word_1_554' title='bbox 1337 4015 1480 4070; x_wconf 76' lang='lat' dir='ltr'><strong>[esto</strong></span> <span class='ocrx_word' id='word_1_555' title='bbox 1514 4015 1604 4069; x_wconf 88' lang='lat' dir='ltr'><strong>die</strong></span> <span class='ocrx_word' id='word_1_556' title='bbox 1630 4015 2006 4084; x_wconf 81' lang='lat' dir='ltr'><strong>participavit,</strong></span> 
     </span>
    </p>
   </div>
   <div class='ocr_carea' id='block_1_81' title="bbox 2126 4013 3698 4088">
    <p class='ocr_par' dir='ltr' id='par_1_81' title="bbox 2126 4013 3698 4088">
     <span class='ocr_line' id='line_1_81' title="bbox 2126 4013 3698 4088; baseline 0.003 -23"><span class='ocrx_word' id='word_1_557' title='bbox 2126 4013 2414 4078; x_wconf 74' lang='grc' dir='ltr'>Εαὸδὰτιος</span> <span class='ocrx_word' id='word_1_558' title='bbox 2441 4016 2628 4087; x_wconf 83' lang='grc' dir='ltr'>ἠρέμα</span> <span class='ocrx_word' id='word_1_559' title='bbox 2659 4020 3094 4087; x_wconf 68' lang='grc' dir='ltr'>παρασυνάγων,</span> <span class='ocrx_word' id='word_1_560' title='bbox 3121 4019 3348 4072; x_wconf 64' lang='grc' dir='ltr'>ἐκείνων</span> <span class='ocrx_word' id='word_1_561' title='bbox 3371 4036 3431 4071; x_wconf 90' lang='grc' dir='ltr'><strong>τε</strong></span> <span class='ocrx_word' id='word_1_562' title='bbox 3464 4019 3698 4088; x_wconf 84' lang='grc' dir='ltr'>ἀπέστη,</span> 
     </span>
    </p>
   </div>
   <div class='ocr_carea' id='block_1_82' title="bbox 412 4091 2020 4182">
    <p class='ocr_par' dir='ltr' id='par_1_82' title="bbox 412 4105 2005 4180">
     <span class='ocr_line' id='line_1_82' title="bbox 412 4105 2005 4180; baseline -0.001 -16"><span class='ocrx_word' id='word_1_563' title='bbox 412 4109 715 4179; x_wconf 86' lang='lat' dir='ltr'><strong>divinaque</strong></span> <span class='ocrx_word' id='word_1_564' title='bbox 761 4107 1022 4180; x_wconf 85' lang='lat' dir='ltr'><strong>mysteria</strong></span> <span class='ocrx_word' id='word_1_565' title='bbox 1071 4108 1341 4178; x_wconf 88' lang='lat' dir='ltr'><strong>percepit.</strong></span> <span class='ocrx_word' id='word_1_566' title='bbox 1386 4105 1500 4162; x_wconf 87' lang='lat' dir='ltr'><strong>Hoc</strong></span> <span class='ocrx_word' id='word_1_567' title='bbox 1544 4108 1625 4162; x_wconf 92' lang='lat' dir='ltr'><strong>sic</strong></span> <span class='ocrx_word' id='word_1_568' title='bbox 1668 4122 1793 4162; x_wconf 91' lang='lat' dir='ltr'><strong>cum</strong></span> <span class='ocrx_word' id='word_1_569' title='bbox 1843 4107 2005 4163; x_wconf 84' lang='lat' dir='ltr'><strong>anuis</strong></span> 
     </span>
    </p>
   </div>
   <div class='ocr_carea' id='block_1_83' title="bbox 2126 4091 3706 4182">
    <p class='ocr_par' dir='ltr' id='par_1_83' title="bbox 2126 4091 3706 4182">
     <span class='ocr_line' id='line_1_83' title="bbox 2126 4091 3706 4182; baseline 0.002 -23"><span class='ocrx_word' id='word_1_570' title='bbox 2126 4108 2208 4159; x_wconf 73' lang='grc' dir='ltr'>καὶ</span> <span class='ocrx_word' id='word_1_571' title='bbox 2237 4107 2366 4169; x_wconf 73' lang='grc' dir='ltr'>τοὺς</span> <span class='ocrx_word' id='word_1_572' title='bbox 2393 4107 2593 4176; x_wconf 84' lang='grc' dir='ltr'>ὅρκους</span> <span class='ocrx_word' id='word_1_573' title='bbox 2632 4108 2859 4178; x_wconf 84' lang='grc' dir='ltr'>θέμενος</span> <span class='ocrx_word' id='word_1_574' title='bbox 2885 4109 3017 4178; x_wconf 76' lang='grc' dir='ltr'>παρ’</span> <span class='ocrx_word' id='word_1_575' title='bbox 3042 4111 3220 4178; x_wconf 79' lang='grc' dir='ltr'>οὐδὲν,</span> <span class='ocrx_word' id='word_1_576' title='bbox 3251 4112 3359 4164; x_wconf 84' lang='grc' dir='ltr'>τῶν</span> <span class='ocrx_word' id='word_1_577' title='bbox 3385 4110 3537 4182; x_wconf 82' lang='grc' dir='ltr'><strong>αὐτῷ</strong></span> <span class='ocrx_word' id='word_1_578' title='bbox 3576 4091 3706 4164; x_wconf 71' lang='grc' dir='ltr'>ἐπιο-</span> 
     </span>
    </p>
   </div>
   <div class='ocr_carea' id='block_1_84' title="bbox 412 4200 2020 4275">
    <p class='ocr_par' dir='ltr' id='par_1_84' title="bbox 412 4200 2004 4273">
     <span class='ocr_line' id='line_1_84' title="bbox 412 4200 2004 4273; baseline -0.001 -16"><span class='ocrx_word' id='word_1_579' title='bbox 412 4203 627 4273; x_wconf 87' lang='lat' dir='ltr'><strong>aliquot</strong></span> <span class='ocrx_word' id='word_1_580' title='bbox 659 4202 895 4256; x_wconf 86' lang='lat' dir='ltr'><strong>latenter</strong></span> <span class='ocrx_word' id='word_1_581' title='bbox 928 4201 1156 4264; x_wconf 79' lang='lat' dir='ltr'><strong>faceret,</strong></span> <span class='ocrx_word' id='word_1_582' title='bbox 1189 4200 1399 4254; x_wconf 83' lang='lat' dir='ltr'><strong>diutius</strong></span> <span class='ocrx_word' id='word_1_583' title='bbox 1430 4201 1678 4269; x_wconf 87' lang='lat' dir='ltr'><strong>seipsum</strong></span> <span class='ocrx_word' id='word_1_584' title='bbox 1718 4201 2004 4256; x_wconf 90' lang='lat' dir='ltr'><strong>occultare</strong></span> 
     </span>
    </p>
   </div>
   <div class='ocr_carea' id='block_1_85' title="bbox 2126 4200 3701 4275">
    <p class='ocr_par' dir='ltr' id='par_1_85' title="bbox 2126 4200 3701 4275">
     <span class='ocr_line' id='line_1_85' title="bbox 2126 4200 3701 4275; baseline 0.001 -22"><span class='ocrx_word' id='word_1_585' title='bbox 2126 4201 2296 4268; x_wconf 60' lang='grc' dir='ltr'>μένων</span> <span class='ocrx_word' id='word_1_586' title='bbox 2326 4200 2423 4271; x_wconf 72' lang='grc' dir='ltr'>τὴν</span> <span class='ocrx_word' id='word_1_587' title='bbox 2473 4202 2786 4274; x_wconf 75' lang='grc' dir='ltr'>ἐπισκοπὴν</span> <span class='ocrx_word' id='word_1_588' title='bbox 2833 4202 3126 4269; x_wconf 76' lang='grc' dir='ltr'>ἀνεδέξατο</span> <span class='ocrx_word' id='word_1_589' title='bbox 3150 4243 3164 4270; x_wconf 93' lang='grc'><strong>,</strong></span> <span class='ocrx_word' id='word_1_590' title='bbox 3199 4205 3275 4268; x_wconf 88' lang='grc' dir='ltr'>ὡς</span> <span class='ocrx_word' id='word_1_591' title='bbox 3311 4205 3450 4275; x_wconf 77' lang='grc' dir='ltr'>μετὰ</span> <span class='ocrx_word' id='word_1_592' title='bbox 3505 4204 3701 4275; x_wconf 74' lang='grc' dir='ltr'>μικρὸν</span> 
     </span>
    </p>
   </div>
   <div class='ocr_carea' id='block_1_86' title="bbox 411 4291 2020 4363">
    <p class='ocr_par' dir='ltr' id='par_1_86' title="bbox 411 4291 2004 4362">
     <span class='ocr_line' id='line_1_86' title="bbox 411 4291 2004 4362; baseline -0.003 -13"><span class='ocrx_word' id='word_1_593' title='bbox 411 4309 524 4348; x_wconf 86' lang='lat' dir='ltr'><strong>non</strong></span> <span class='ocrx_word' id='word_1_594' title='bbox 558 4294 758 4362; x_wconf 87' lang='lat' dir='ltr'><strong>potuit.</strong></span> <span class='ocrx_word' id='word_1_595' title='bbox 792 4292 932 4348; x_wconf 90' lang='lat' dir='ltr'><strong>Cum</strong></span> <span class='ocrx_word' id='word_1_596' title='bbox 961 4292 1110 4346; x_wconf 89' lang='lat' dir='ltr'><strong>enim</strong></span> <span class='ocrx_word' id='word_1_597' title='bbox 1143 4291 1294 4344; x_wconf 89' lang='lat' dir='ltr'><strong>brevi</strong></span> <span class='ocrx_word' id='word_1_598' title='bbox 1326 4291 1706 4344; x_wconf 84' lang='lat' dir='ltr'><strong>celebritatem</strong></span> <span class='ocrx_word' id='word_1_599' title='bbox 1739 4307 1805 4344; x_wconf 85' lang='lat' dir='ltr'><strong>ex</strong></span> <span class='ocrx_word' id='word_1_600' title='bbox 1845 4307 1909 4345; x_wconf 81' lang='lat' dir='ltr'><strong>ea</strong></span> <span class='ocrx_word' id='word_1_601' title='bbox 1947 4308 2004 4345; x_wconf 90' lang='lat' dir='ltr'><strong>re</strong></span> 
     </span>
    </p>
   </div>
   <div class='ocr_carea' id='block_1_87' title="bbox 2126 4291 2476 4363">
    <p class='ocr_par' dir='ltr' id='par_1_87' title="bbox 2126 4292 2476 4363">
     <span class='ocr_line' id='line_1_87' title="bbox 2126 4292 2476 4363; baseline 0.009 -19"><span class='ocrx_word' id='word_1_602' title='bbox 2126 4292 2476 4363; x_wconf 63' lang='grc' dir='ltr'>διαλήψομαι.</span> 
     </span>
    </p>
   </div>
   <div class='ocr_carea' id='block_1_88' title="bbox 412 4383 3704 4458">
    <p class='ocr_par' dir='ltr' id='par_1_88' title="bbox 412 4383 3704 4458">
     <span class='ocr_line' id='line_1_88' title="bbox 412 4383 3704 4458; baseline 0 -16"><span class='ocrx_word' id='word_1_603' title='bbox 412 4396 750 4442; x_wconf 86' lang='lat' dir='ltr'><strong>consecutus</strong></span> <span class='ocrx_word' id='word_1_604' title='bbox 799 4397 967 4450; x_wconf 85' lang='lat' dir='ltr'><strong>esset,</strong></span> <span class='ocrx_word' id='word_1_605' title='bbox 1007 4385 1309 4454; x_wconf 88' lang='lat' dir='ltr'><strong>permultos</strong></span> <span class='ocrx_word' id='word_1_606' title='bbox 1357 4399 1424 4438; x_wconf 76' lang='lat' dir='ltr'><strong>es</strong></span> <span class='ocrx_word' id='word_1_607' title='bbox 1471 4383 1911 4455; x_wconf 83' lang='lat' dir='ltr'><strong>simplicioribus</strong></span> <span class='ocrx_word' id='word_1_608' title='bbox 1956 4384 2022 4439; x_wconf 86' lang='lat' dir='ltr'><strong>ad</strong></span> <span class='ocrx_word' id='word_1_609' title='bbox 2064 4402 2124 4441; x_wconf 88' lang='lat' dir='ltr'><strong>se</strong></span> <span class='ocrx_word' id='word_1_610' title='bbox 2164 4398 2472 4456; x_wconf 89' lang='lat' dir='ltr'><strong>pertractos</strong></span> <span class='ocrx_word' id='word_1_611' title='bbox 2511 4387 2866 4442; x_wconf 82' lang='lat' dir='ltr'><strong>:emulatores</strong></span> <span class='ocrx_word' id='word_1_612' title='bbox 2905 4388 3124 4451; x_wconf 89' lang='lat' dir='ltr'><strong>habuit,</strong></span> <span class='ocrx_word' id='word_1_613' title='bbox 3159 4398 3213 4444; x_wconf 87' lang='lat' dir='ltr'><strong>et</strong></span> <span class='ocrx_word' id='word_1_614' title='bbox 3254 4391 3495 4444; x_wconf 82' lang='lat' dir='ltr'><strong>maxime</strong></span> <span class='ocrx_word' id='word_1_615' title='bbox 3528 4390 3704 4458; x_wconf 78' lang='lat' dir='ltr'><strong>Phry-</strong></span> 
     </span>
    </p>
   </div>
   <div class='ocr_carea' id='block_1_89' title="bbox 409 4475 3701 4552">
    <p class='ocr_par' dir='ltr' id='par_1_89' title="bbox 409 4475 3701 4552">
     <span class='ocr_line' id='line_1_89' title="bbox 409 4475 3701 4552; baseline 0 -14"><span class='ocrx_word' id='word_1_616' title='bbox 409 4497 508 4552; x_wconf 76' lang='lat' dir='ltr'><strong>ges</strong></span> <span class='ocrx_word' id='word_1_617' title='bbox 539 4489 594 4536; x_wconf 90' lang='lat' dir='ltr'><strong>et</strong></span> <span class='ocrx_word' id='word_1_618' title='bbox 631 4480 875 4536; x_wconf 81' lang='lat' dir='ltr'><strong>Galatas.</strong></span> <span class='ocrx_word' id='word_1_619' title='bbox 917 4480 1025 4546; x_wconf 86' lang='lat' dir='ltr'><strong>Qui</strong></span> <span class='ocrx_word' id='word_1_620' title='bbox 1058 4480 1323 4549; x_wconf 89' lang='lat' dir='ltr'><strong>quoniam</strong></span> <span class='ocrx_word' id='word_1_621' title='bbox 1361 4480 1542 4550; x_wconf 88' lang='lat' dir='ltr'><strong>patrio</strong></span> <span class='ocrx_word' id='word_1_622' title='bbox 1576 4475 1852 4536; x_wconf 64' lang='lat' dir='ltr'><strong>more‘sic</strong></span> <span class='ocrx_word' id='word_1_623' title='bbox 1885 4481 2236 4551; x_wconf 87' lang='lat' dir='ltr'><strong>jejunabant,</strong></span> <span class='ocrx_word' id='word_1_624' title='bbox 2276 4496 2488 4536; x_wconf 89' lang='lat' dir='ltr'><strong>morem</strong></span> <span class='ocrx_word' id='word_1_625' title='bbox 2554 4497 2681 4536; x_wconf 90' lang='lat' dir='ltr'><strong>eum</strong></span> <span class='ocrx_word' id='word_1_626' title='bbox 2733 4494 2794 4536; x_wconf 90' lang='lat' dir='ltr'><strong>ut</strong></span> <span class='ocrx_word' id='word_1_627' title='bbox 2846 4483 3138 4537; x_wconf 91' lang='lat' dir='ltr'><strong>rectiorem</strong></span> <span class='ocrx_word' id='word_1_628' title='bbox 3185 4483 3504 4538; x_wconf 84' lang='lat' dir='ltr'><strong>conﬁrmari</strong></span> <span class='ocrx_word' id='word_1_629' title='bbox 3541 4495 3701 4552; x_wconf 83' lang='lat' dir='ltr'><strong>puta-</strong></span> 
     </span>
    </p>
   </div>
   <div class='ocr_carea' id='block_1_90' title="bbox 412 4579 3700 4650">
    <p class='ocr_par' dir='ltr' id='par_1_90' title="bbox 412 4579 3700 4650">
     <span class='ocr_line' id='line_1_90' title="bbox 412 4579 3700 4650; baseline -0.001 -12"><span class='ocrx_word' id='word_1_630' title='bbox 412 4593 637 4638; x_wconf 87' lang='lat' dir='ltr'><strong>verunt.</strong></span> <span class='ocrx_word' id='word_1_631' title='bbox 674 4582 864 4650; x_wconf 87' lang='lat' dir='ltr'><strong>Itaque</strong></span> <span class='ocrx_word' id='word_1_632' title='bbox 912 4583 1060 4634; x_wconf 74' lang='lat' dir='ltr'><strong>hunc</strong></span> <span class='ocrx_word' id='word_1_633' title='bbox 1091 4579 1291 4642; x_wconf 86' lang='lat' dir='ltr'><strong>secuti,</strong></span> <span class='ocrx_word' id='word_1_634' title='bbox 1326 4579 1469 4633; x_wconf 89' lang='lat' dir='ltr'><strong>clam</strong></span> <span class='ocrx_word' id='word_1_635' title='bbox 1509 4580 1677 4633; x_wconf 87' lang='lat' dir='ltr'><strong>etiam</strong></span> <span class='ocrx_word' id='word_1_636' title='bbox 1729 4595 1836 4634; x_wconf 86' lang='lat' dir='ltr'><strong>una</strong></span> <span class='ocrx_word' id='word_1_637' title='bbox 1883 4594 2010 4633; x_wconf 90' lang='lat' dir='ltr'><strong>cum</strong></span> <span class='ocrx_word' id='word_1_638' title='bbox 2047 4581 2255 4636; x_wconf 65' lang='lat' dir='ltr'><strong>Judaeis</strong></span> <span class='ocrx_word' id='word_1_639' title='bbox 2297 4581 2506 4634; x_wconf 86' lang='lat' dir='ltr'><strong>Pascha</strong></span> <span class='ocrx_word' id='word_1_640' title='bbox 2568 4580 2948 4635; x_wconf 89' lang='lat' dir='ltr'><strong>celebrarunt.</strong></span> <span class='ocrx_word' id='word_1_641' title='bbox 2982 4582 3048 4634; x_wconf 88' lang='lat' dir='ltr'><strong>Et</strong></span> <span class='ocrx_word' id='word_1_642' title='bbox 3073 4580 3374 4636; x_wconf 83' lang='lat' dir='ltr'><strong>Sabbatius</strong></span> <span class='ocrx_word' id='word_1_643' title='bbox 3435 4598 3568 4637; x_wconf 88' lang='lat' dir='ltr'><strong>suos</strong></span> <span class='ocrx_word' id='word_1_644' title='bbox 3594 4582 3700 4636; x_wconf 84' lang='lat' dir='ltr'><strong>sibi</strong></span> 
     </span>
    </p>
   </div>
   <div class='ocr_carea' id='block_1_91' title="bbox 413 4672 3703 4750">
    <p class='ocr_par' dir='ltr' id='par_1_91' title="bbox 413 4672 3703 4750">
     <span class='ocr_line' id='line_1_91' title="bbox 413 4672 3703 4750; baseline -0.001 -17"><span class='ocrx_word' id='word_1_645' title='bbox 413 4678 676 4750; x_wconf 87' lang='lat' dir='ltr'><strong>paulatim</strong></span> <span class='ocrx_word' id='word_1_646' title='bbox 713 4685 1024 4730; x_wconf 87' lang='lat' dir='ltr'><strong>conventus</strong></span> <span class='ocrx_word' id='word_1_647' title='bbox 1057 4689 1248 4743; x_wconf 82' lang='lat' dir='ltr'><strong>agens,</strong></span> <span class='ocrx_word' id='word_1_648' title='bbox 1280 4690 1310 4727; x_wconf 89' lang='lat' dir='ltr'><strong>a</strong></span> <span class='ocrx_word' id='word_1_649' title='bbox 1361 4673 1590 4744; x_wconf 89' lang='lat' dir='ltr'><strong>reliquis</strong></span> <span class='ocrx_word' id='word_1_650' title='bbox 1619 4672 1944 4728; x_wconf 87' lang='lat' dir='ltr'><strong>Novatianis</strong></span> <span class='ocrx_word' id='word_1_651' title='bbox 1981 4674 2214 4729; x_wconf 84' lang='lat' dir='ltr'><strong>secessit</strong></span> <span class='ocrx_word' id='word_1_652' title='bbox 2257 4682 2367 4728; x_wconf 72' lang='grc' dir='ltr'><strong>τόι</strong></span> <span class='ocrx_word' id='word_1_653' title='bbox 2399 4674 2764 4744; x_wconf 82' lang='lat' dir='ltr'><strong>jurejurando</strong></span> <span class='ocrx_word' id='word_1_654' title='bbox 2818 4689 2918 4744; x_wconf 86' lang='lat' dir='ltr'><strong>pro</strong></span> <span class='ocrx_word' id='word_1_655' title='bbox 2951 4673 3126 4728; x_wconf 86' lang='lat' dir='ltr'><strong>nihilo</strong></span> <span class='ocrx_word' id='word_1_656' title='bbox 3162 4675 3374 4738; x_wconf 85' lang='lat' dir='ltr'><strong>habito,</strong></span> <span class='ocrx_word' id='word_1_657' title='bbox 3417 4677 3703 4746; x_wconf 78' lang='lat' dir='ltr'><strong>episcOpa-</strong></span> 
     </span>
    </p>
   </div>
   <div class='ocr_carea' id='block_1_92' title="bbox 417 4768 2397 4845">
    <p class='ocr_par' dir='ltr' id='par_1_92' title="bbox 417 4768 2397 4845">
     <span class='ocr_line' id='line_1_92' title="bbox 417 4768 2397 4845; baseline -0.006 -13"><span class='ocrx_word' id='word_1_658' title='bbox 417 4788 532 4832; x_wconf 93' lang='lat' dir='ltr'><strong>tum</strong></span> <span class='ocrx_word' id='word_1_659' title='bbox 565 4773 713 4845; x_wconf 83' lang='lat' dir='ltr'><strong>apud</strong></span> <span class='ocrx_word' id='word_1_660' title='bbox 769 4779 1077 4825; x_wconf 88' lang='lat' dir='ltr'><strong>sectatores</strong></span> <span class='ocrx_word' id='word_1_661' title='bbox 1126 4785 1258 4823; x_wconf 91' lang='lat' dir='ltr'><strong>suos</strong></span> <span class='ocrx_word' id='word_1_662' title='bbox 1302 4769 1572 4839; x_wconf 86' lang='lat' dir='ltr'><strong>suscepit,</strong></span> <span class='ocrx_word' id='word_1_663' title='bbox 1617 4769 1785 4824; x_wconf 90' lang='lat' dir='ltr'><strong>sicuti</strong></span> <span class='ocrx_word' id='word_1_664' title='bbox 1819 4768 1983 4838; x_wconf 87' lang='lat' dir='ltr'><strong>paulo</strong></span> <span class='ocrx_word' id='word_1_665' title='bbox 2030 4781 2154 4838; x_wconf 92' lang='lat' dir='ltr'><strong>post</strong></span> <span class='ocrx_word' id='word_1_666' title='bbox 2194 4770 2397 4824; x_wconf 83' lang='lat' dir='ltr'><strong>dicam.</strong></span> 
     </span>
    </p>
   </div>
   <div class='ocr_carea' id='block_1_93' title="bbox 876 4885 1550 4957">
    <p class='ocr_par' dir='ltr' id='par_1_93' title="bbox 876 4885 1550 4957">
     <span class='ocr_line' id='line_1_93' title="bbox 876 4885 1550 4957; baseline 0 -17"><span class='ocrx_word' id='word_1_667' title='bbox 876 4887 1044 4957; x_wconf 76' lang='lat'><strong>239</strong></span> <span class='ocrx_word' id='word_1_668' title='bbox 1064 4885 1289 4942; x_wconf 67' lang='lat' dir='ltr'><strong>CAPUT</strong></span> <span class='ocrx_word' id='word_1_669' title='bbox 1331 4885 1550 4940; x_wconf 79' lang='lat' dir='ltr'><strong>xxxu.</strong></span> 
     </span>
    </p>
   </div>
   <div class='ocr_carea' id='block_1_94' title="bbox 413 4977 2012 5050">
    <p class='ocr_par' dir='ltr' id='par_1_94' title="bbox 413 4977 2012 5050">
     <span class='ocr_line' id='line_1_94' title="bbox 413 4977 2012 5050; baseline -0.006 -8"><span class='ocrx_word' id='word_1_670' title='bbox 413 4985 688 5044; x_wconf 70' lang='lat' dir='ltr'><strong>Sententia</strong></span> <span class='ocrx_word' id='word_1_671' title='bbox 725 4991 770 5036; x_wconf 86' lang='lat' dir='ltr'><strong>et</strong></span> <span class='ocrx_word' id='word_1_672' title='bbox 794 4983 1053 5050; x_wconf 82' lang='lat' dir='ltr'><strong>judicium</strong></span> <span class='ocrx_word' id='word_1_673' title='bbox 1095 4983 1327 5034; x_wconf 80' lang='lat' dir='ltr'><strong>auctoris</strong></span> <span class='ocrx_word' id='word_1_674' title='bbox 1376 4983 1440 5032; x_wconf 88' lang='lat' dir='ltr'><strong>de</strong></span> <span class='ocrx_word' id='word_1_675' title='bbox 1482 4981 1614 5047; x_wconf 76' lang='lat' dir='ltr'><strong>festo</strong></span> <span class='ocrx_word' id='word_1_676' title='bbox 1639 4977 1898 5050; x_wconf 52' lang='lat' dir='ltr'><strong>fasc/ur.</strong></span> <span class='ocrx_word' id='word_1_677' title='bbox 1937 4977 2012 5050; x_wconf 79' lang='lat' dir='ltr'><strong>De</strong></span> 
     </span>
    </p>
   </div>
   <div class='ocr_carea' id='block_1_95' title="bbox 487 5047 2011 5122">
    <p class='ocr_par' dir='ltr' id='par_1_95' title="bbox 487 5047 2011 5122">
     <span class='ocr_line' id='line_1_95' title="bbox 487 5047 2011 5122; baseline -0.005 -14"><span class='ocrx_word' id='word_1_678' title='bbox 487 5047 988 5122; x_wconf 79' lang='lat' dir='ltr'><strong>Quarlodecimanis</strong></span> <span class='ocrx_word' id='word_1_679' title='bbox 1042 5061 1092 5104; x_wconf 86' lang='lat' dir='ltr'><strong>et</strong></span> <span class='ocrx_word' id='word_1_680' title='bbox 1135 5051 1489 5115; x_wconf 75' lang='lat' dir='ltr'><strong>Montanistis,</strong></span> <span class='ocrx_word' id='word_1_681' title='bbox 1519 5061 1574 5102; x_wconf 85' lang='lat' dir='ltr'><strong>ut</strong></span> <span class='ocrx_word' id='word_1_682' title='bbox 1626 5047 1834 5102; x_wconf 72' lang='lat' dir='ltr'><strong>Pascha</strong></span> <span class='ocrx_word' id='word_1_683' title='bbox 1876 5049 2011 5102; x_wconf 77' lang='lat' dir='ltr'><strong>rele-</strong></span> 
     </span>
    </p>
   </div>
   <div class='ocr_carea' id='block_1_96' title="bbox 485 5130 660 5181">
    <p class='ocr_par' dir='ltr' id='par_1_96' title="bbox 485 5130 660 5181">
     <span class='ocr_line' id='line_1_96' title="bbox 485 5130 660 5181; baseline -0.011 -1"><span class='ocrx_word' id='word_1_684' title='bbox 485 5130 660 5181; x_wconf 68' lang='lat' dir='ltr'><strong>bram.</strong></span> 
     </span>
    </p>
   </div>
   <div class='ocr_carea' id='block_1_97' title="bbox 486 5304 2006 5377">
    <p class='ocr_par' dir='ltr' id='par_1_97' title="bbox 486 5304 2006 5377">
     <span class='ocr_line' id='line_1_97' title="bbox 486 5304 2006 5377; baseline -0.005 -11"><span class='ocrx_word' id='word_1_685' title='bbox 486 5307 594 5366; x_wconf 89' lang='lat' dir='ltr'><strong>Sed</strong></span> <span class='ocrx_word' id='word_1_686' title='bbox 629 5307 779 5364; x_wconf 90' lang='lat' dir='ltr'><strong>enim</strong></span> <span class='ocrx_word' id='word_1_687' title='bbox 826 5321 928 5377; x_wconf 72' lang='lat' dir='ltr'><strong>ego</strong></span> <span class='ocrx_word' id='word_1_688' title='bbox 977 5316 1034 5361; x_wconf 90' lang='lat' dir='ltr'><strong>et</strong></span> <span class='ocrx_word' id='word_1_689' title='bbox 1082 5304 1404 5359; x_wconf 87' lang='lat' dir='ltr'><strong>Sabbatium</strong></span> <span class='ocrx_word' id='word_1_690' title='bbox 1449 5312 1506 5358; x_wconf 90' lang='lat' dir='ltr'><strong>et</strong></span> <span class='ocrx_word' id='word_1_691' title='bbox 1543 5313 1848 5359; x_wconf 87' lang='lat' dir='ltr'><strong>sectatores</strong></span> <span class='ocrx_word' id='word_1_692' title='bbox 1884 5310 2006 5377; x_wconf 89' lang='lat' dir='ltr'><strong>ejus</strong></span> 
     </span>
    </p>
   </div>
   <div class='ocr_carea' id='block_1_98' title="bbox 405 5395 2003 5470">
    <p class='ocr_par' dir='ltr' id='par_1_98' title="bbox 405 5395 2003 5470">
     <span class='ocr_line' id='line_1_98' title="bbox 405 5395 2003 5470; baseline -0.007 -11"><span class='ocrx_word' id='word_1_693' title='bbox 405 5403 681 5467; x_wconf 80' lang='lat' dir='ltr'><strong>demiror,</strong></span> <span class='ocrx_word' id='word_1_694' title='bbox 711 5398 846 5470; x_wconf 91' lang='lat' dir='ltr'><strong>quid</strong></span> <span class='ocrx_word' id='word_1_695' title='bbox 873 5399 953 5452; x_wconf 90' lang='lat' dir='ltr'><strong>eis</strong></span> <span class='ocrx_word' id='word_1_696' title='bbox 981 5398 1037 5452; x_wconf 91' lang='lat' dir='ltr'><strong>in</strong></span> <span class='ocrx_word' id='word_1_697' title='bbox 1071 5407 1333 5459; x_wconf 89' lang='lat' dir='ltr'><strong>mentem,</strong></span> <span class='ocrx_word' id='word_1_698' title='bbox 1363 5407 1422 5450; x_wconf 89' lang='lat' dir='ltr'><strong>ut</strong></span> <span class='ocrx_word' id='word_1_699' title='bbox 1455 5395 1653 5451; x_wconf 83' lang='lat' dir='ltr'><strong>festum</strong></span> <span class='ocrx_word' id='word_1_700' title='bbox 1677 5395 1825 5450; x_wconf 91' lang='lat' dir='ltr'><strong>hunc</strong></span> <span class='ocrx_word' id='word_1_701' title='bbox 1857 5395 2003 5451; x_wconf 87' lang='lat' dir='ltr'><strong>diem</strong></span> 
     </span>
    </p>
   </div>
   <div class='ocr_carea' id='block_1_99' title="bbox 417 5487 2006 5555">
    <p class='ocr_par' dir='ltr' id='par_1_99' title="bbox 417 5487 2006 5555">
     <span class='ocr_line' id='line_1_99' title="bbox 417 5487 2006 5555; baseline -0.004 -5"><span class='ocrx_word' id='word_1_702' title='bbox 417 5497 776 5555; x_wconf 87' lang='lat' dir='ltr'><strong>innovarent,</strong></span> <span class='ocrx_word' id='word_1_703' title='bbox 813 5493 1028 5545; x_wconf 85' lang='lat' dir='ltr'><strong>venerit</strong></span> <span class='ocrx_word' id='word_1_704' title='bbox 1058 5507 1073 5543; x_wconf 90' lang='lat'><strong>:</strong></span> <span class='ocrx_word' id='word_1_705' title='bbox 1103 5503 1229 5542; x_wconf 92' lang='lat' dir='ltr'><strong>cum</strong></span> <span class='ocrx_word' id='word_1_706' title='bbox 1263 5488 1332 5542; x_wconf 91' lang='lat' dir='ltr'><strong>ab</strong></span> <span class='ocrx_word' id='word_1_707' title='bbox 1362 5487 1523 5542; x_wconf 89' lang='lat' dir='ltr'><strong>initio</strong></span> <span class='ocrx_word' id='word_1_708' title='bbox 1557 5487 1731 5544; x_wconf 62' lang='lat' dir='ltr'><strong>Judaei</strong></span> <span class='ocrx_word' id='word_1_709' title='bbox 1767 5499 2006 5554; x_wconf 85' lang='lat' dir='ltr'><strong>veteres,</strong></span> 
     </span>
    </p>
   </div>
   <div class='ocr_carea' id='block_1_100' title="bbox 417 5578 2009 5650">
    <p class='ocr_par' dir='ltr' id='par_1_100' title="bbox 417 5578 2009 5650">
     <span class='ocr_line' id='line_1_100' title="bbox 417 5578 2009 5650; baseline -0.006 -10"><span class='ocrx_word' id='word_1_710' title='bbox 417 5584 592 5641; x_wconf 85' lang='lat' dir='ltr'><strong>sicuti</strong></span> <span class='ocrx_word' id='word_1_711' title='bbox 627 5582 902 5639; x_wconf 86' lang='lat' dir='ltr'><strong>Eusebius</strong></span> <span class='ocrx_word' id='word_1_712' title='bbox 927 5579 1197 5650; x_wconf 85' lang='lat' dir='ltr'><strong>Pamphili</strong></span> <span class='ocrx_word' id='word_1_713' title='bbox 1236 5579 1516 5634; x_wconf 62' lang='lat' dir='ltr'><strong>memorias</strong></span> <span class='ocrx_word' id='word_1_714' title='bbox 1556 5578 1818 5649; x_wconf 88' lang='lat' dir='ltr'><strong>prodidit,</strong></span> <span class='ocrx_word' id='word_1_715' title='bbox 1851 5580 2009 5635; x_wconf 88' lang='lat' dir='ltr'><strong>Jose-</strong></span> 
     </span>
    </p>
   </div>
   <div class='ocr_carea' id='block_1_101' title="bbox 416 5671 2012 5748">
    <p class='ocr_par' dir='ltr' id='par_1_101' title="bbox 416 5671 2012 5748">
     <span class='ocr_line' id='line_1_101' title="bbox 416 5671 2012 5748; baseline -0.004 -16"><span class='ocrx_word' id='word_1_716' title='bbox 416 5679 616 5748; x_wconf 82' lang='lat' dir='ltr'><strong>phum,</strong></span> <span class='ocrx_word' id='word_1_717' title='bbox 641 5677 956 5739; x_wconf 87' lang='lat' dir='ltr'><strong>Philonem,</strong></span> <span class='ocrx_word' id='word_1_718' title='bbox 986 5671 1388 5736; x_wconf 84' lang='lat' dir='ltr'><strong>Aristobulum,</strong></span> <span class='ocrx_word' id='word_1_719' title='bbox 1415 5679 1602 5726; x_wconf 87' lang='lat' dir='ltr'><strong>etnon</strong></span> <span class='ocrx_word' id='word_1_720' title='bbox 1634 5686 1841 5741; x_wconf 90' lang='lat' dir='ltr'><strong>paucos</strong></span> <span class='ocrx_word' id='word_1_721' title='bbox 1873 5671 2012 5726; x_wconf 87' lang='lat' dir='ltr'><strong>alios</strong></span> 
     </span>
    </p>
   </div>
   <div class='ocr_carea' id='block_1_102' title="bbox 493 5785 2012 5858">
    <p class='ocr_par' dir='ltr' id='par_1_102' title="bbox 493 5785 2012 5858">
     <span class='ocr_line' id='line_1_102' title="bbox 493 5785 2012 5858; baseline -0.002 -15"><span class='ocrx_word' id='word_1_722' title='bbox 493 5791 572 5858; x_wconf 28' lang='lat' dir='ltr'><strong>(.l)</strong></span> <span class='ocrx_word' id='word_1_723' title='bbox 608 5791 726 5846; x_wconf 81' lang='lat' dir='ltr'><strong>Hoc</strong></span> <span class='ocrx_word' id='word_1_724' title='bbox 757 5798 878 5854; x_wconf 89' lang='lat' dir='ltr'><strong>est,</strong></span> <span class='ocrx_word' id='word_1_725' title='bbox 934 5790 979 5844; x_wconf 89' lang='lat' dir='ltr'><strong>si</strong></span> <span class='ocrx_word' id='word_1_726' title='bbox 1017 5802 1211 5843; x_wconf 87' lang='lat' dir='ltr'><strong>omnes</strong></span> <span class='ocrx_word' id='word_1_727' title='bbox 1258 5785 1452 5858; x_wconf 89' lang='lat' dir='ltr'><strong>eodem</strong></span> <span class='ocrx_word' id='word_1_728' title='bbox 1510 5795 1754 5858; x_wconf 89' lang='lat' dir='ltr'><strong>tempore</strong></span> <span class='ocrx_word' id='word_1_729' title='bbox 1801 5786 2012 5841; x_wconf 87' lang='lat' dir='ltr'><strong>Pascha</strong></span> 
     </span>
    </p>
   </div>
   <div class='ocr_carea' id='block_1_103' title="bbox 422 5857 2013 5934">
    <p class='ocr_par' dir='ltr' id='par_1_103' title="bbox 422 5857 2013 5934">
     <span class='ocr_line' id='line_1_103' title="bbox 422 5857 2013 5934; baseline -0.002 -19"><span class='ocrx_word' id='word_1_730' title='bbox 422 5877 687 5934; x_wconf 69' lang='lat' dir='ltr'><strong>peragere</strong></span> <span class='ocrx_word' id='word_1_731' title='bbox 717 5861 1083 5933; x_wconf 78' lang='lat' dir='ltr'><strong>contingeret.</strong></span> <span class='ocrx_word' id='word_1_732' title='bbox 1118 5859 1242 5912; x_wconf 82' lang='lat' dir='ltr'><strong>Soz.</strong></span> <span class='ocrx_word' id='word_1_733' title='bbox 1281 5859 1369 5913; x_wconf 83' lang='lat' dir='ltr'><strong>Sic</strong></span> <span class='ocrx_word' id='word_1_734' title='bbox 1402 5857 1492 5914; x_wconf 89' lang='lat' dir='ltr'><strong>ille</strong></span> <span class='ocrx_word' id='word_1_735' title='bbox 1524 5857 1608 5912; x_wconf 87' lang='lat' dir='ltr'><strong>bis</strong></span> <span class='ocrx_word' id='word_1_736' title='bbox 1649 5859 1842 5914; x_wconf 87' lang='lat' dir='ltr'><strong>eodem</strong></span> <span class='ocrx_word' id='word_1_737' title='bbox 1868 5873 2013 5912; x_wconf 88' lang='lat' dir='ltr'><strong>anno</strong></span> 
     </span>
    </p>
   </div>
   <div class='ocr_carea' id='block_1_104' title="bbox 2699 4883 3114 4939">
    <p class='ocr_par' dir='ltr' id='par_1_104' title="bbox 2699 4883 3114 4939">
     <span class='ocr_line' id='line_1_104' title="bbox 2699 4883 3114 4939; baseline -0.005 -1"><span class='ocrx_word' id='word_1_738' title='bbox 2699 4887 2743 4938; x_wconf 86' lang='lat' dir='ltr'><strong>K</strong></span> <span class='ocrx_word' id='word_1_739' title='bbox 2758 4886 2950 4939; x_wconf 72' lang='grc' dir='ltr'><strong>ΙῖΦΛΛ.</strong></span> <span class='ocrx_word' id='word_1_740' title='bbox 2989 4883 3114 4936; x_wconf 81' lang='lat' dir='ltr'><strong>AB&#39;.</strong></span> 
     </span>
    </p>
   </div>
   <div class='ocr_carea' id='block_1_105' title="bbox 2133 4974 3702 5046">
    <p class='ocr_par' dir='ltr' id='par_1_105' title="bbox 2133 4974 3702 5046">
     <span class='ocr_line' id='line_1_105' title="bbox 2133 4974 3702 5046; baseline -0.001 -14"><span class='ocrx_word' id='word_1_741' title='bbox 2133 4982 2468 5046; x_wconf 79' lang='grc' dir='ltr'>Ἑπίκρισις</span> <span class='ocrx_word' id='word_1_742' title='bbox 2524 4978 2622 5031; x_wconf 71' lang='grc' dir='ltr'><strong>καί</strong></span> <span class='ocrx_word' id='word_1_743' title='bbox 2675 4979 3067 5045; x_wconf 73' lang='grc' dir='ltr'>διαλογισμὸς</span> <span class='ocrx_word' id='word_1_744' title='bbox 3133 4974 3248 5046; x_wconf 66' lang='grc' dir='ltr'>τοῦ</span> <span class='ocrx_word' id='word_1_745' title='bbox 3309 4974 3702 5046; x_wconf 67' lang='grc' dir='ltr'>συγγραφέως</span> 
     </span>
    </p>
   </div>
   <div class='ocr_carea' id='block_1_106' title="bbox 2188 5044 3703 5116">
    <p class='ocr_par' dir='ltr' id='par_1_106' title="bbox 2188 5044 3703 5116">
     <span class='ocr_line' id='line_1_106' title="bbox 2188 5044 3703 5116; baseline -0.003 -14"><span class='ocrx_word' id='word_1_746' title='bbox 2188 5044 2325 5116; x_wconf 71' lang='grc' dir='ltr'>περὶ</span> <span class='ocrx_word' id='word_1_747' title='bbox 2379 5049 2492 5116; x_wconf 76' lang='grc' dir='ltr'><strong>τῆς</strong></span> <span class='ocrx_word' id='word_1_748' title='bbox 2547 5049 2652 5101; x_wconf 80' lang='grc' dir='ltr'>τοῦ</span> <span class='ocrx_word' id='word_1_749' title='bbox 2706 5046 2924 5114; x_wconf 82' lang='grc' dir='ltr'>Πάσχα</span> <span class='ocrx_word' id='word_1_750' title='bbox 2955 5044 3226 5116; x_wconf 64' lang='grc' dir='ltr'>ἑορτῆς·</span> <span class='ocrx_word' id='word_1_751' title='bbox 3271 5045 3370 5097; x_wconf 79' lang='grc' dir='ltr'>καὶ</span> <span class='ocrx_word' id='word_1_752' title='bbox 3422 5049 3554 5114; x_wconf 83' lang='grc' dir='ltr'>περὶ</span> <span class='ocrx_word' id='word_1_753' title='bbox 3583 5045 3703 5116; x_wconf 68' lang='grc' dir='ltr'>τῷν·</span> 
     </span>
    </p>
   </div>
   <div class='ocr_carea' id='block_1_107' title="bbox 2195 5115 3698 5188">
    <p class='ocr_par' dir='ltr' id='par_1_107' title="bbox 2195 5115 3698 5188">
     <span class='ocr_line' id='line_1_107' title="bbox 2195 5115 3698 5188; baseline -0.005 -14"><span class='ocrx_word' id='word_1_754' title='bbox 2195 5115 2965 5188; x_wconf 65' lang='grc' dir='ltr'>Τεσσαρεσκίιιδειῖατιτὼν,</span> <span class='ocrx_word' id='word_1_755' title='bbox 2998 5117 3093 5170; x_wconf 71' lang='grc' dir='ltr'><strong>καί</strong></span> <span class='ocrx_word' id='word_1_756' title='bbox 3114 5115 3230 5168; x_wconf 80' lang='grc' dir='ltr'><strong>τῶν</strong></span> <span class='ocrx_word' id='word_1_757' title='bbox 3247 5115 3698 5178; x_wconf 73' lang='grc' dir='ltr'>Μοντιινιστῶν,</span> 
     </span>
    </p>
   </div>
   <div class='ocr_carea' id='block_1_108' title="bbox 2187 5188 3057 5257">
    <p class='ocr_par' dir='ltr' id='par_1_108' title="bbox 2187 5188 3057 5257">
     <span class='ocr_line' id='line_1_108' title="bbox 2187 5188 3057 5257; baseline -0.005 -15"><span class='ocrx_word' id='word_1_758' title='bbox 2187 5190 2350 5255; x_wconf 76' lang='grc' dir='ltr'>ὅπως</span> <span class='ocrx_word' id='word_1_759' title='bbox 2390 5201 2453 5242; x_wconf 79' lang='grc' dir='ltr'><strong>τι)</strong></span> <span class='ocrx_word' id='word_1_760' title='bbox 2491 5189 2709 5257; x_wconf 82' lang='grc' dir='ltr'>Πάσχα</span> <span class='ocrx_word' id='word_1_761' title='bbox 2746 5188 3057 5239; x_wconf 79' lang='grc' dir='ltr'>τελοῦσιν.</span> 
     </span>
    </p>
   </div>
   <div class='ocr_carea' id='block_1_109' title="bbox 2199 5299 3703 5371">
    <p class='ocr_par' dir='ltr' id='par_1_109' title="bbox 2199 5299 3703 5371">
     <span class='ocr_line' id='line_1_109' title="bbox 2199 5299 3703 5371; baseline -0.003 -16"><span class='ocrx_word' id='word_1_762' title='bbox 2199 5304 2342 5371; x_wconf 83' lang='grc' dir='ltr'><strong>Ἐγὼ</strong></span> <span class='ocrx_word' id='word_1_763' title='bbox 2374 5302 2433 5356; x_wconf 76' lang='grc' dir='ltr'>δὲ</span> <span class='ocrx_word' id='word_1_764' title='bbox 2473 5299 2741 5370; x_wconf 75' lang='grc' dir='ltr'>θαυμάζω</span> <span class='ocrx_word' id='word_1_765' title='bbox 2778 5299 3078 5354; x_wconf 73' lang='grc' dir='ltr'>Σαόσάτιον</span> <span class='ocrx_word' id='word_1_766' title='bbox 3111 5301 3206 5352; x_wconf 75' lang='grc' dir='ltr'>καὶ</span> <span class='ocrx_word' id='word_1_767' title='bbox 3240 5300 3354 5353; x_wconf 81' lang='grc' dir='ltr'>ὅσοι</span> <span class='ocrx_word' id='word_1_768' title='bbox 3390 5300 3539 5370; x_wconf 80' lang='grc' dir='ltr'>αὐτῷ</span> <span class='ocrx_word' id='word_1_769' title='bbox 3574 5301 3703 5368; x_wconf 74' lang='grc' dir='ltr'>ἡκο-</span> 
     </span>
    </p>
   </div>
   <div class='ocr_carea' id='block_1_110' title="bbox 2114 5393 3703 5466">
    <p class='ocr_par' dir='ltr' id='par_1_110' title="bbox 2114 5393 3703 5466">
     <span class='ocr_line' id='line_1_110' title="bbox 2114 5393 3703 5466; baseline -0.004 -18"><span class='ocrx_word' id='word_1_770' title='bbox 2114 5397 2404 5466; x_wconf 85' lang='grc' dir='ltr'>λούθησαν,</span> <span class='ocrx_word' id='word_1_771' title='bbox 2449 5397 2568 5457; x_wconf 80' lang='grc' dir='ltr'>πῶς</span> <span class='ocrx_word' id='word_1_772' title='bbox 2604 5399 2673 5448; x_wconf 72' lang='grc' dir='ltr'>τὰ</span> <span class='ocrx_word' id='word_1_773' title='bbox 2717 5395 2942 5447; x_wconf 83' lang='grc' dir='ltr'>τοιαῦτα</span> <span class='ocrx_word' id='word_1_774' title='bbox 2987 5395 3346 5464; x_wconf 74' lang='grc' dir='ltr'>ἐνεωτέρισαν</span> <span class='ocrx_word' id='word_1_775' title='bbox 3372 5409 3386 5425; x_wconf 83' lang='grc'><em>’</em></span> <span class='ocrx_word' id='word_1_776' title='bbox 3431 5395 3542 5446; x_wconf 83' lang='grc' dir='ltr'>τῶν</span> <span class='ocrx_word' id='word_1_777' title='bbox 3584 5393 3703 5446; x_wconf 78' lang='grc' dir='ltr'>κατ’</span> 
     </span>
    </p>
   </div>
   <div class='ocr_carea' id='block_1_111' title="bbox 2112 5485 3702 5558">
    <p class='ocr_par' dir='ltr' id='par_1_111' title="bbox 2112 5485 3702 5558">
     <span class='ocr_line' id='line_1_111' title="bbox 2112 5485 3702 5558; baseline -0.004 -16"><span class='ocrx_word' id='word_1_778' title='bbox 2112 5489 2290 5558; x_wconf 74' lang='grc' dir='ltr'>ἀρχὰς</span> <span class='ocrx_word' id='word_1_779' title='bbox 2324 5485 2630 5557; x_wconf 69' lang='grc' dir='ltr'>Ἑϐραίων,</span> <span class='ocrx_word' id='word_1_780' title='bbox 2668 5487 2742 5548; x_wconf 84' lang='grc' dir='ltr'>ὡς</span> <span class='ocrx_word' id='word_1_781' title='bbox 2775 5489 2802 5538; x_wconf 87' lang='grc' dir='ltr'>ὁ</span> <span class='ocrx_word' id='word_1_782' title='bbox 2840 5486 3126 5555; x_wconf 78' lang='grc' dir='ltr'>Παμφίλου</span> <span class='ocrx_word' id='word_1_783' title='bbox 3169 5485 3429 5548; x_wconf 74' lang='grc' dir='ltr'>Εὐσέϐιος</span> <span class='ocrx_word' id='word_1_784' title='bbox 3467 5487 3702 5553; x_wconf 72' lang='grc' dir='ltr'>ἱστορεῖ,</span> 
     </span>
    </p>
   </div>
   <div class='ocr_carea' id='block_1_112' title="bbox 2118 5578 3702 5650">
    <p class='ocr_par' dir='ltr' id='par_1_112' title="bbox 2118 5578 3702 5650">
     <span class='ocr_line' id='line_1_112' title="bbox 2118 5578 3702 5650; baseline -0.003 -16"><span class='ocrx_word' id='word_1_785' title='bbox 2118 5586 2373 5650; x_wconf 82' lang='grc' dir='ltr'>μάρτυρα</span> <span class='ocrx_word' id='word_1_786' title='bbox 2415 5583 2683 5650; x_wconf 74' lang='grc' dir='ltr'>παράγων</span> <span class='ocrx_word' id='word_1_787' title='bbox 2720 5581 2984 5649; x_wconf 84' lang='grc' dir='ltr'>Ἰώσηπόν</span> <span class='ocrx_word' id='word_1_788' title='bbox 3020 5597 3076 5631; x_wconf 91' lang='grc' dir='ltr'><strong>τε</strong></span> <span class='ocrx_word' id='word_1_789' title='bbox 3119 5582 3211 5632; x_wconf 80' lang='grc' dir='ltr'>καὶ</span> <span class='ocrx_word' id='word_1_790' title='bbox 3249 5579 3493 5640; x_wconf 75' lang='grc' dir='ltr'>Φίλωνα,</span> <span class='ocrx_word' id='word_1_791' title='bbox 3529 5578 3608 5630; x_wconf 74' lang='grc' dir='ltr'>ἔτι</span> <span class='ocrx_word' id='word_1_792' title='bbox 3647 5580 3702 5630; x_wconf 65' lang='grc' dir='ltr'><strong>δε</strong></span> 
     </span>
    </p>
   </div>
   <div class='ocr_carea' id='block_1_113' title="bbox 2127 5671 3701 5744">
    <p class='ocr_par' dir='ltr' id='par_1_113' title="bbox 2127 5671 3701 5744">
     <span class='ocr_line' id='line_1_113' title="bbox 2127 5671 3701 5744; baseline -0.002 -19"><span class='ocrx_word' id='word_1_793' title='bbox 2127 5674 2540 5744; x_wconf 78' lang='grc' dir='ltr'>Ἀριστόϐουλον</span> <span class='ocrx_word' id='word_1_794' title='bbox 2575 5674 2668 5728; x_wconf 72' lang='grc' dir='ltr'>καὶ</span> <span class='ocrx_word' id='word_1_795' title='bbox 2701 5676 2800 5727; x_wconf 84' lang='grc' dir='ltr'>οὐκ</span> <span class='ocrx_word' id='word_1_796' title='bbox 2837 5675 3052 5743; x_wconf 82' lang='grc' dir='ltr'>ὀλίγους</span> <span class='ocrx_word' id='word_1_797' title='bbox 3087 5673 3282 5737; x_wconf 81' lang='grc' dir='ltr'>ἄλλους</span> <span class='ocrx_word' id='word_1_798' title='bbox 3305 5713 3319 5738; x_wconf 95' lang='grc'><strong>,</strong></span> <span class='ocrx_word' id='word_1_799' title='bbox 3355 5671 3476 5743; x_wconf 81' lang='grc' dir='ltr'>μετ’</span> <span class='ocrx_word' id='word_1_800' title='bbox 3509 5673 3701 5742; x_wconf 75' lang='grc' dir='ltr'>ἰσημε-</span> 
     </span>
    </p>
   </div>
   <div class='ocr_carea' id='block_1_114' title="bbox 2121 5790 3378 5858">
    <p class='ocr_par' dir='ltr' id='par_1_114' title="bbox 2121 5790 3378 5858">
     <span class='ocr_line' id='line_1_114' title="bbox 2121 5790 3378 5858; baseline -0.003 -13"><span class='ocrx_word' id='word_1_801' title='bbox 2121 5790 2330 5845; x_wconf 76' lang='lat' dir='ltr'><strong>Pascha</strong></span> <span class='ocrx_word' id='word_1_802' title='bbox 2364 5792 2648 5845; x_wconf 80' lang='lat' dir='ltr'><strong>celebrare</strong></span> <span class='ocrx_word' id='word_1_803' title='bbox 2680 5791 3011 5858; x_wconf 74' lang='lat' dir='ltr'><strong>quandoque</strong></span> <span class='ocrx_word' id='word_1_804' title='bbox 3045 5790 3240 5844; x_wconf 86' lang='lat' dir='ltr'><strong>solitus</strong></span> <span class='ocrx_word' id='word_1_805' title='bbox 3270 5799 3378 5841; x_wconf 88' lang='lat' dir='ltr'><strong>est.</strong></span> 
     </span>
    </p>
   </div>
   <div class='ocr_carea' id='block_1_115' title="bbox 2191 5861 2978 5931">
    <p class='ocr_par' dir='ltr' id='par_1_115' title="bbox 2191 5861 2978 5931">
     <span class='ocr_line' id='line_1_115' title="bbox 2191 5861 2978 5931; baseline 0 -19"><span class='ocrx_word' id='word_1_806' title='bbox 2191 5861 2266 5931; x_wconf 67' lang='grc'><strong>(2)</strong></span> <span class='ocrx_word' id='word_1_807' title='bbox 2302 5861 2448 5916; x_wconf 80' lang='lat' dir='ltr'><strong>More</strong></span> <span class='ocrx_word' id='word_1_808' title='bbox 2484 5861 2715 5916; x_wconf 73' lang='lat' dir='ltr'><strong>Judaiw</strong></span> <span class='ocrx_word' id='word_1_809' title='bbox 2748 5862 2978 5915; x_wconf 73' lang='lat' dir='ltr'><strong>sciliCct.</strong></span> 
     </span>
    </p>
   </div>
  </div>
