4062 6426
324 407 431 470 853

1248 402 1853 464 ECCLESIASTIC/E
1893 402 2286 464 HISTORI/E
2329 404 2477 465 LIB.
2515 405 2653 467 XII.

3478 406 3585 468 854

321 518 543 571 videtur
565 557 579 581 ,
623 513 1087 584 quemadmodum
1118 511 1221 565 alia
1254 513 1490 583 plurima
1530 511 1815 583 plerisque
1875 510 1932 567 in
1972 512 2110 568 locis
2142 528 2298 569 suam
2332 516 2624 571 obtinuere
2656 513 3140 579 consuetudinem,
3175 514 3250 570 ita
3280 515 3331 569 id
3363 531 3585 586 quoque

320 614 391 667 de
424 610 644 666 Pascha:
676 609 815 665 festo
852 609 1149 675 accidisse;
1180 607 1328 677 quod
1358 624 1423 664 ex
1461 624 1616 664 more
1655 608 1892 680 quodam
1930 609 2076 678 apud
2141 621 2353 680 gentes,
2415 628 2649 683 qumque
2683 627 2836 667 suam
2866 610 3067 667 habuit
3095 610 3539 668 observationem
3570 631 3582 664 :

321 713 381 759 ut
430 704 564 759 satis
618 704 967 759 manifestum
1024 703 1127 768 sit,
1179 702 1454 757 neminem
1508 703 1887 772 apostolorum
1926 703 2228 774 quidquam
2282 704 2351 761 de
2439 706 2579 762 festo
2668 706 2773 761 hoc
2832 706 2923 762 die
2973 706 3108 777 legis
3155 706 3397 761 factione
3449 719 3577 760 con-

317 798 583 853 stituisse.

903 916 1152 970 ΚΕΦᾹΛ.
1191 916 1314 971 AI".

318 1006 445 1058 Ὀτι
480 1004 605 1070 τοῖς
649 1005 927 1071 παλαιοῖς
966 1007 1085 1060 ἔθει
1120 1005 1348 1073 ἀρχαίῳ
1381 1003 1621 1073 μᾶλλον
1654 1005 1692 1071 ἧ
1734 1002 1897 1071 νόμῳ

385 1074 644 1128 ἐτελεῖτο
665 1075 735 1128 ἐκ
757 1075 1142 1143 παραδόσεως
1169 1075 1208 1141 ή
1239 1075 1345 1129 τοῦ
1378 1074 1592 1143 Πάσχα
1624 1073 1824 1143 ἑορτή.

387 1258 510 1311 Ὀτι
545 1258 591 1311 δ’
612 1257 682 1333 ἐξ
716 1258 893 1329 ἀρχῆς
934 1258 1047 1313 ἑθει
1090 1259 1294 1328 μᾶλλον
1338 1260 1370 1333 ἦ
1412 1258 1563 1329 νόμῳ
1603 1258 1665 1311 τὸ
1705 1257 1898 1327 Πάσχα

315 1352 414 1423 τὴν
446 1354 833 1422 παρατήρησιν
864 1351 1022 1421 ἔσχεν
1044 1394 1058 1419 ,
1091 1355 1154 1406 ἐκ
1188 1353 1298 1405 τῶν
1331 1348 1675 1422 πραγμάτων
1709 1349 1897 1416 σαφῶς

316 1444 765 1514 παραστήσομεν.
819 1443 927 1495 Καὶ
978 1444 1089 1514 γὰρ
1137 1444 1277 1497 κατὰ
1326 1444 1427 1515 τὴν
1477 1443 1897 1515 μικράνἋσίαν

316 1533 425 1585 ἀπὸ
465 1534 575 1585 τῶν
615 1534 936 1587 ἀποστόλων
977 1534 1037 1587 τὸ
1080 1535 1357 1587 Σάϐϐατον
1400 1535 1720 1605 παριδόντες
1744 1576 1757 1597 ,
1799 1536 1898 1606 τὴν

315 1625 920 1693 τεσσαρεσκαιδεκάτην
967 1627 1063 1695 τῆς
1114 1625 1344 1695 σελήνης
1396 1626 1693 1696 ἐτήρησαν.
1741 1623 1899 1677 Οὕτω

315 1714 371 1765 δὲ
400 1715 751 1784 πράττοντες,
780 1716 1033 1784 οὐδαμῶς
1063 1718 1377 1785 διεφέροντο
1404 1718 1543 1788 πρὸς
1569 1718 1694 1781 τοὺς
1723 1717 1897 1783 ἄλλως

316 1805 448 1858 αὐτὸ
502 1807 878 1877 πράττοντας·
931 1808 1035 1872 ἕως
1086 1804 1145 1862 οὗ
1201 1809 1416 1879 Βίκτωρ
1464 1812 1492 1861 6
1540 1809 1641 1880 τῆς
1682 1808 1899 1880 Ῥώμης

317 1896 637 1960 ἐπίσκοπος,
690 1900 915 1951 πλεῖστα
959 1899 1405 1971 δ.αθερμανοεὶς,
1450 1901 1745 1971 γράμματι
1787 1904 1899 1964 τοῖς

317 1987 461 2041 κατὰ
502 1990 603 2059 τὴν
632 1989 821 2045 Ἀσίαν
866 1992 967 2063 τὴν
1014 1995 1616 2064 τεσσαρεσκαιδεκάτην
1664 1996 1899 2063 τιμαῖσιν

315 2083 717 2153 ἀκοινωνησίαν
755 2086 1136 2150 κατεδίκαζεν.
1171 2088 1289 2157 Ἐφ’
1320 2082 1365 2157 ᾧ
1410 2089 1575 2141 πάλιν
1612 2089 1899 2158 Εἰρηναίον

312 2172 406 2225 τὸν
450 2175 508 2227 ἑν
550 2176 874 2248 Λουγδοῦνῳ
917 2178 1027 2231 τῶν
1069 2179 1311 2233 Γαλλιῶν
1357 2178 1761 2232 ἐπισκοποῦντα
1813 2180 1898 2231 Βί-

1927 918 1978 976 Α

2434 910 2597 981 292
2638 909 2863 969 CAPUT
2918 907 3175 965 XXXIII.‘

2004 1005 2155 1071 Quod
2188 1011 2382 1058 veteres
2412 1006 2787 1072 consuetudine
2818 1006 2985 1072 magis
3005 1006 3247 1072 antiqua,
3289 1017 3447 1072 quam
3476 999 3589 1072 (ego

2073 1074 2210 1138 ulla,
2232 1074 2396 1143 juxta
2433 1071 2657 1127 Patrum
2706 1070 3065 1137 traditionem,
3103 1071 3303 1126 Pascha
3354 1070 3588 1124 celebra-

2073 1147 2204 1199 rint.

2072 1262 2250 1317 Porro
2300 1261 2447 1330 quod
2504 1259 2574 1314 ab
2624 1259 2786 1313 initio
2842 1257 3050 1311 Pascha
3109 1255 3356 1309 moribus
3410 1254 3587 1323 magis

1999 1364 2165 1419 quam
2190 1348 2407 1418 legibus
2434 1348 2786 1402 observatum
2813 1348 2905 1411 sit,
2936 1361 2995 1400 re
3019 1346 3133 1414 ipsa
3161 1344 3586 1401 declarabimus.

1999 1439 2103 1505 Qui
2136 1455 2372 1508 namque
2403 1440 2672 1493 minorem
2702 1437 2885 1492 Asiam
2916 1436 3221 1499 incoluere,
3259 1434 3483 1505 plurimi
3520 1436 3589 1490 ab

2001 1532 2377 1600 apostolorum
2427 1530 2772 1601 temporibus
2814 1528 3059 1584 Sabbato
3102 1527 3405 1599 despecto,
3435 1525 3588 1581 deci-

2000 1639 2144 1678 mam
2182 1631 2433 1693 quartam
2481 1624 2625 1701 luna:
2652 1620 2799 1675 diem
2834 1620 3223 1676 observarunt.
3266 1616 3586 1720 Quod‘cum

2003 1713 2270 1780 facerent,
2306 1727 2658 1783 nequaquam
2688 1710 2758 1766 ab
2790 1710 2934 1777 aliis,
2966 1711 3060 1780 qui
3102 1710 3208 1765 hoc
3251 1724 3361 1763 non
3395 1708 3589 1763 itidem

2003 1807 2284 1872 facerent,
2317 1806 2703 1862 dissidebant:
2736 1804 2920 1875 quoad
2955 1802 3147 1873 Victor
3175 1802 3251 1875 (Ι)
3289 1801 3448 1856 urbis
3484 1798 3594 1857 Ro;

2002 1917 2178 1956 mana:
2242 1902 2568 1971 episcopus,
2616 1899 2920 1970 plurimum
2989 1905 3338 1962 commotus,
3386 1895 3595 1951 litteris

2002 1994 2234 2047 Asianos
2261 2004 2520 2062 quartam
2552 1992 2825 2046 decimam
2860 1991 3007 2045 diem
3040 1988 3287 2044 colentes
3310 1988 3593 2043 damnavit

2000 2096 2167 2155 atque
2192 2084 2717 2141 excommunicavit.
2744 2083 2921 2149 Quam
2951 2082 3022 2135 ob
3056 2086 3279 2135 causam
3306 2096 3339 2135 e
3371 2080 3594 2133 diverso

2004 2177 2243 2233 Irenqu
2275 2176 2670 2247 Lugdunensis
2712 2176 2766 2230 in
2806 2160 3002 2230 Galliis
3028 2174 3362 2244 episcopus,
3397 2172 3465 2226 ad
3501 2171 3590 2226 Vi-

316 2281 490 2335 κτωρι
521 2268 787 2322 τάναντία
831 2269 897 2322 δι’
924 2271 1213 2339 ἐπιστολῆς
1254 2274 1517 2340 σημῆναι.
1556 2272 1901 2341 Κατατρέχει

2007 2280 2217 2325 ctorein
2261 2270 2475 2325 litteras
2519 2268 2709 2334 dedit,
2748 2267 2955 2339 quibus
2996 2265 3150 2320 illum
3197 2264 3490 2336 objurgat,
3536 2272 3595 2319 et

318 2357 418 2423 μὲν
452 2359 561 2427 γὰρ
599 2360 763 2412 αὑτοῦ
791 2400 807 2427 ,
843 2362 899 2414 ἑν
937 2362 1144 2431 μέμψει
1184 2363 1237 2416 δὲ
1272 2365 1330 2416 τε
1375 2364 1577 2433 θερμὸν
1615 2366 1713 2434 τῆς
1758 2365 1898 2434 πρά-

316 2446 450 2513 ξεωι⁸
486 2448 690 2503 τίθεται
717 2469 731 2482 ο
768 2452 985 2517 διεξιών
1018 2471 1075 2506 τε
1106 2453 1635 2525 διδασκαλικώτερον
1656 2498 1669 2522 ,
1701 2457 1772 2520 ὡς
1808 2457 1900 2509 καὶ

314 2542 364 2593 οἱ
399 2542 751 2615 ἀρχαιότεριι
785 2545 1171 2609 κοινωνοῦντες
1206 2552 1348 2600 κατὰ
1380 2550 1487 2601 πᾶν
1518 2550 1770 2619 ἀλληλοις
1800 2548 1896 2603 τοῦ

316 2633 776 2705 Χριστιανισμοῦ,
814 2639 942 2709 περὶ
973 2638 1064 2692 τὸν
1095 2639 1187 2692 τοῦ
1222 2640 1414 2711 Πάσχα
1445 2642 1742 2711 διεφώνουν
1776 2661 1904 2696 και-

318 2726 434 2794 ρδν,
473 2726 643 2797 μηδὲν
678 2729 838 2781 τοῦτο
880 2731 1174 2801 ἡγούμενοι
1217 2732 1504 2803 πρόκριμα
1531 2750 1544 2763 ⁸
1584 2734 1901 2805 προστιθεὶς

316 2818 394 2881 ὡς
421 2820 517 2872 καὶ
546 2817 905 2891 Πολύκαρπος
933 2822 1032 2887 τῆς
1061 2822 1390 2893 Σμυρναίων
1416 2825 1714 2889 ἑπίσκοπος
1743 2844 1904 2895 γεγο-

317 2909 460 2976 νὼς,
495 2911 553 2975 ὃς
594 2912 685 2965 ἐπὶ
725 2912 1025 2981 Γορδιανοῦ
1061 2914 1151 2968 τὸν
1185 2915 1279 2969 τοῦ
1322 2917 1632 2988 μαρτυρίου
1675 2917 1902 2990 ὕστερον

317 3003 621 3075 ἀνεδήσατο
657 3006 957 3076 στέφανον,
994 3009 1061 3077 τῇ
1107 3006 1297 3081 Ῥώμῃ
1332 3010 1684 3082 ἐπιδημήσας
1706 3054 1720 3078 ,
1754 3012 1902 3067 Ἀνι-

317 3095 470 3165 κήτῳ
504 3094 581 3165 τῷ
616 3096 905 3167 Ῥωμαίων
939 3099 1226 3170 ἑπισκόπῳ
1268 3102 1569 3158 καθίστατο
1611 3107 1901 3172 κοινωνὸς,

319 3187 454 3257 μήτι
498 3187 914 3260 διακρινόμενος
967 3194 1096 3264 περὶ
1141 3193 1234 3248 τοῦ
1287 3194 1521 3266 Πάσχαο
1571 3197 1763 3268 ὅτιπερ
1814 3201 1907 3253 καὶ

317 3280 481 3343 αὐτὸς
533 3283 561 3334 ὁ
616 3283 974 3355 Πολύκαρπος
1030 3287 1282 3360 ἐγχωρίῳ
1333 3288 1439 3341 τινὶ
1494 3288 1758 3360 συνηθείᾳ
1809 3291 1906 3358 τῆς

320 3372 649 3442 Σμυρναίων
680 3377 823 3429 κατὰ
850 3377 950 3447 τὴν
980 3379 1595 3449 τεσσαρεσκαιδεκάτην
1621 3380 1681 3433 τὸ
1714 3381 1906 3453 Πάσχα

316 3463 578 3517 διατελῶν
603 3460 672 3537 ἦν
694 3482 711 3499 °
740 3465 816 3530 ὡς
844 3468 941 3522 καὶ
970 3469 998 3521 6
1027 3470 1319 3539 Παμφίλου
1346 3471 1604 3537 Εὑσέὁιος
1635 3477 1907 3543 μαρτυρεῖ

316 3557 462 3611 κατὰ
493 3559 591 3630 τὴν
629 3560 891 3632 πέμπτην
925 3563 1022 3632 τῆς
1056 3565 1523 3636 ἑκκλησιαστικῆς
1547 3567 1711 3621 αὑτοῦ
1741 3569 1906 3623 Ἰστο-

319 3650 462 3721 ρίας.
494 3652 780 3708 Δείκνυται
807 3654 1012 3717 τοίνυν,
1041 3656 1116 3718 ὡς
1146 3655 1305 3727 ἔφην,
1334 3659 1415 3712 ὅτι
1445 3659 1590 3723 τινὲς
1621 3661 1678 3714 ὲν
1705 3665 1771 3732 τῇ
1808 3682 1904 3733 μι-

318 3740 431 3811 κρᾷ
452 3741 607 3812 Ἀσίᾳ.
632 3742 732 3814 τὴν
757 3744 1367 3816 τεσσαρεσκαιδεκάτην
1394 3748 1492 3816 τῆς
1522 3748 1750 3817 σελήνης
1783 3751 1908 3819 ἐτήσ-

322 3848 449 3899 ρουν
476 3847 491 3863 ⁶
524 3833 675 3887 ἄλλοι
708 3833 764 3886 δὲ
794 3833 903 3888 τῶν
935 3838 992 3889 ὲν
1022 3838 1135 3899 τοῖς
1170 3837 1431 3908 ἀνωτέρω
1462 3838 1563 3907 τῆς
1598 3839 1672 3892 ἒω
1709 3842 1768 3893 τὸ
1807 3842 1905 3911 μὲν

320 3926 598 3981 Σάϐϐατον
636 3927 841 3997 μᾶλλον
873 3929 1106 3998 ἐτήρουν
1142 3930 1238 3999 τῆς
1279 3930 1476 4003 ἑορτῆς
1504 3947 1517 3961 ο
1556 3936 1683 4000 περὶ
1724 3933 1780 3986 δὲ
1813 3934 1906 3987 τὸν

324 4018 471 4089 μῆνα
503 4019 821 4090 διεφέροντο
860 4021 1064 4090 μᾶλλον
1093 4037 1107 4051 ·
1145 4018 1221 4075 ὧν
1254 4011 1301 4076 oi
1343 4023 1444 4093 μὲν
1477 4026 1591 4087 τοῖς
1625 4022 1905 4091 Ἰουδαίοις

304 4110 551 4165 ’ἕπεσθαι
583 4112 799 4183 ήθελον,
828 4116 923 4168 καὶ
949 4113 1125 4168 ταῦτα
1151 4117 1250 4184 τῆς
1277 4116 1561 4186 ἀκριϐείας
1596 4118 1767 4171 πάλαι
1795 4119 1907 4172 διο⁸

318 4204 644 4275 λισθήσασιν
666 4222 679 4236 ·
710 4207 760 4258 οἱ
785 4206 842 4259 δὲ
868 4205 1027 4260 τοῦτο
1058 4207 1264 4278 μᾶλλον
1289 4209 1378 4262 διὰ
1411 4209 1605 4280 μίσους
1626 4210 1907 4281 τιθέμενοι

324 4302 466 4369 μετὰ
498 4300 596 4370 τὴν
630 4300 857 4373 ἐαρινὴν
897 4301 1193 4371 ἰσημερίαν
1227 4302 1403 4357 τελεῖν
1437 4304 1596 4358 τοῦτο
1629 4306 1866 4377 ᾑροῦντο
1891 4324 1905 4338 ’

317 4395 432 4447 δεῖν
451 4394 706 4463 λέγοντες
732 4397 822 4449 ἀεὶ
847 4397 908 4450 τὸ
936 4397 1125 4465 Πάσχα
1149 4399 1346 4463 ποιεῖν,
1373 4400 1429 4453 ἐν
1457 4398 1613 4471 Κριῷ
1635 4400 1729 4453 τοῦ
1753 4401 1908 4471 ἡλίου

319 4486 496 4551 ὄντος,
538 4489 619 4559 τῷ
664 4487 787 4543 κατ’
813 4489 1126 4560 Ἀντιοχέας
1174 4489 1449 4561 Ξανθικῷ,
1498 4494 1640 4547 κατὰ
1682 4494 1737 4546 δὲ
1780 4494 1907 4555 τοὺς

334 4579 639 4650 Ῥωμαίους
657 4582 958 4652 Ἀπριλλίῳ
988 4582 1118 4653 μηνί
1141 4599 1153 4611 ·
1183 4583 1545 4653 πειθομένους
1572 4587 1647 4655 μὴ
1675 4588 1787 4649 τοῖς
1814 4586 1907 4638 νῦν

324 4673 699 4744 πλανωμένοις
724 4673 1004 4736 Ἰουδαίοις
1023 4715 1038 4739 ,
1070 4672 1207 4727 ἀλλὰ
1235 4677 1348 4736 τοῖς
1382 4656 1768 4746 ἀρχοίιοτέροις
1804 4678 1908 4745 μά·-

321 4763 477 4818 λιστα
505 4766 598 4818 καὶ
620 4765 873 4836 Ἰωσήπῳ
902 4764 976 4835 τῷ
1006 4767 1145 4819 πάνυ
1168 4783 1184 4798 ο
1212 4765 1286 4829 ὡς
1314 4768 1522 4830 ἐκεῖνος
1550 4769 1607 4819 ἑν
1634 4767 1711 4837 τῷ
1737 4770 1907 4839 τρίτῳ

319 4859 421 4926 τῆς
447 4855 794 4925 Ἰουδαϊκῆς
819 4856 1265 4927 Ἀρχαιουίογίας
1300 4859 1574 4925 διέξεισιν.
1599 4862 1661 4913 Οἱ
1692 4861 1791 4931 μὲν
1814 4858 1906 4915 οῦν

2006 2361 2222 2416 facinus
2261 2368 2368 2415 tam
2404 2358 2646 2415 calidum
2680 2350 3086 2428 reprehendit:
3124 2354 3389 2426 perdocte
3423 2368 3596 2424 expo-

2002 2470 2177 2518 nens,
2210 2452 2360 2525 quod
2398 2467 2523 2507 eum
2556 2451 2903 2521 antiquiores
2942 2449 3107 2504 etiam
3140 2446 3594 2504 communionem

2002 2536 2207 2617 reruin'
2238 2544 2490 2601 omnium
2536 2543 2684 2598 inter
2723 2557 2783 2598 se
2822 2542 2879 2597 in
2910 2540 3345 2598 Christianismo
3387 2540 3595 2595 retine-

2004 2648 2147 2702 rent,
2175 2648 2232 2693 et
2261 2638 2329 2693 de
2360 2636 2582 2693 Pascha:
2607 2634 2734 2691 festi
2765 2646 3015 2705 tempore
3035 2632 3343 2698 variarent,
3373 2632 3588 2687 nullum

2003 2729 2058 2787 id
2111 2731 2431 2809 putaverint
2474 2746 2598 2786 esse
2649 2727 3082 2802 prasjudicium;
3121 2726 3397 2799 adjiciens
3457 2740 3596 2794 pra!-

2006 2833 2158 2878 terea
2179 2865 2194 2890 ,
2242 2822 2608 2895 Polycarpmn
2642 2822 2891 2894 Smyrnae
2920 2819 3244 2890 episcopum
3266 2857 3283 2885 ,
3339 2816 3437 2887 qui
3487 2815 3595 2871 sub

2005 2913 2289 2971 Gordiano
2316 2924 2503 2985 postea
2535 2929 2797 2970 coronam
2822 2911 3071 2984 martyrii
3101 2909 3333 2981 recepit,
3361 2908 3592 2965 Romam

2008 3009 2261 3071 venisse,
2299 3018 2355 3063 et
2388 3021 2512 3062 cum
2549 3008 2781 3061 Aniceto
2810 3005 2934 3075 ejus
2961 3002 3117 3059 urbis
3150 3003 3414 3073 episcopo
3442 3014 3598 3056 com-

2006 3102 2345 3164 municasse,
2385 3097 2524 3153 nihil
2567 3097 2636 3153 de
2667 3096 2808 3153 festo
2850 3095 3074 3151 Pascha:
3121 3108 3247 3149 cum
3287 3108 3355 3147 eo
3406 3090 3594 3147 disce.

1964 3257 1970 3263 .
2008 3201 2296 3259 p1antem.
2328 3190 2462 3245 Nam
2503 3200 2561 3245 et
2605 3188 2724 3260 ipse
2769 3187 3106 3262 Polycarpus
3145 3184 3322 3257 patria
3357 3183 3597 3256 quadam

2011 3283 2434 3356 Smyrnensium
2488 3281 2933 3345 consuetudine,
2986 3279 3205 3334 decima
3261 3287 3457 3348 quarta
3506 3276 3598 3333 die

2010 3374 2221 3433 Pascha
2255 3372 2815 3441 celebrabat-\sicuti
2853 3371 3131 3427 Eusebius
3170 3385 3393 3440 quoque
3433 3370 3600 3425 Pam-

2012 3467 2149 3538 phili
2201 3467 2255 3521 in
2303 3465 2501 3537 quinto
2548 3465 2939 3522 ecclesiastica:
2992 3463 3248 3519 llistoriae
3293 3476 3408 3517 sua:
3456 3460 3601 3516 libro

2015 3566 2271 3615 testatur.
2316 3559 2548 3615 Constat
2595 3559 2783 3630 igitur,
2828 3558 2993 3614 sicuti
3036 3556 3181 3624 dixi,
3232 3554 3503 3627 quosdam
3538 3555 3599 3617 in

2012 3656 2227 3712 minore
2260 3657 2392 3712 Asia
2432 3657 2704 3713 decimam
2737 3664 2992 3727 quartam
3033 3656 3183 3710 luna:
3217 3654 3363 3709 diem
3400 3653 3598 3708 obser-

2009 3764 2192 3805 vasse.
2222 3749 2332 3805 Alii
2364 3764 2527 3813 vero,
2560 3748 2655 3819 qui
2690 3748 2743 3804 in
2774 3745 3162 3819 superioribus
3193 3745 3440 3803 Orientis
3474 3759 3602 3817 par-

2012 3842 2163 3899 tibus
2198 3842 2473 3909 babitant,
2510 3841 2811 3897 Sabbatum
2844 3841 2985 3897 festo
3016 3855 3086 3895 eo
3114 3838 3452 3903 celebrando
3484 3854 3600 3893 ma-

2010 3936 2093 4006 gis
2140 3936 2387 3992 coluere.
2440 3935 2712 3990 Caeterum
2762 3934 2831 3989 de
2889 3949 3080 3989 mense
3126 3934 3210 4001 eis
3259 3932 3434 3999 major
3497 3932 3602 3984 fuit

2010 4028 2321 4083 contentio.
2373 4027 2609 4095 Quidam
2659 4009 2898 4097 namque
2946 4025 3170 4081 Iudaeus
3214 4028 3372 4095 sequi
3410 4024 3603 4079 volue-

2010 4130 2177 4184 runt,
2225 4135 2352 4175 cum
2387 4119 2613 4190 quidem
2656 4118 2985 4190 jamdudum
3039 4119 3281 4173 certiore
3334 4118 3602 4189 observa-

2013 4212 2164 4265 tione
2209 4212 2288 4266 illi
2330 4211 2692 4269 excidissent.
2737 4211 2876 4270 Aliis
2900 4225 3036 4266 vcro
3081 4210 3151 4267 ab
3182 4225 3250 4266 eo
3288 4210 3599 4267 abhorren-

2013 4301 2184 4364 tibus,
2220 4310 2347 4371 post
2372 4302 2770 4372 aequinoctium
2806 4317 3038 4357 vernum
3072 4301 3285 4358 Pascha
3326 4304 3603 4372 agendum

2010 4393 2202 4464 potius
2249 4394 2426 4448 visqu
2477 4404 2607 4449 est:
2656 4392 3052 4449 celebrandum
3103 4392 3161 4447 id
3208 4407 3433 4461 semper
3477 4407 3603 4447 esse

2011 4483 2352 4552 dicentibus,
2390 4500 2521 4542 cum
2564 4486 2645 4542 sul
2691 4484 2750 4540 in
2795 4485 2984 4540 Ariete
3019 4483 3117 4550 sit,
3158 4488 3462 4539 secundum
3491 4483 3608 4536 An~

1981 4574 2303 4634 'tiochenos
2356 4578 2664 4646 Xanthico,
2716 4578 3030 4634 secundum
3083 4577 3366 4633 Romanos
3417 4588 3604 4633 autem

2009 4673 2185 4742 Aprili
2215 4688 2423 4728 mense.
2462 4672 2567 4738 Qui
2593 4672 2819 4743 quidem
2850 4686 2964 4727 non
3000 4687 3099 4729 eos
3127 4671 3221 4742 qui
3254 4678 3372 4726 tum
3400 4671 3604 4726 delira—

2016 4770 2169 4829 bant.
2195 4768 2438 4833 Iudaeos,
2479 4768 2575 4822 sed
2602 4768 3043 4838 antiquissimos,
3077 4776 3134 4822 et
3159 4782 3419 4836 magnum
3448 4766 3602 4821 illum

2016 4861 2070 4913 in
2107 4862 2301 4931 primis
2331 4861 2660 4930 Josephum,
2694 4859 2856 4931 293
2904 4860 3069 4916 sicuti
3116 4863 3162 4915 is
3198 4862 3302 4916 hac
3344 4860 3414 4916 de
3451 4876 3510 4916 re
3547 4863 3602 4916 in

319 4953 460 5006 κατὰ
494 4952 594 5021 τὴν
633 4950 838 5021 μικρὰν
867 4950 1055 5004 Ἀσίαν
1095 4953 1191 5004 καὶ
1231 4950 1301 5004 τά
1342 4951 1594 5025 ἀνώτερα
1628 4955 1724 5023 τῆς
1766 4954 1904 5027 ἑῴας

2018 4956 2180 5009 tertio
2210 4955 2604 5026 Antiquitatum
2633 4954 2992 5010 Iudaicarum
3022 4955 3167 5009 libro
3197 4955 3391 5020 refert,
3428 4961 3606 5012 secuti
3640 4972 3645 4981 '

320 5043 463 5096 οὕτω
500 5044 636 5117 πρὸς
670 5044 898 5107 ἑαυτοὺς
934 5042 1025 5098 διὰ
1052 5042 1154 5114 τὴν
1183 5045 1381 5114 ἑορτὴν
1408 5044 1737 5113 διεφώνουν·
1772 5049 1817 5100 οἱ
1850 5047 1908 5102 δὲ

322 5136 505 5189 λοιποὶ
540 5138 745 5200 πάντες
779 5137 895 5191 ὅσοι
926 5138 1018 5191 τὸν
1048 5138 1475 5209 Χριστιανισμδν
1506 5140 1906 5211 παρεδέξαντο,

323 5232 418 5283 καὶ
443 5230 491 5282 οί
518 5231 661 5284 κατὰ
684 5232 784 5303 τὴν
810 5230 1053 5302 ἑσπέραν
1083 5232 1267 5284 πᾶσαν
1291 5231 1446 5302 ἄχρις
1471 5230 1743 5299 ὠκεανοῦ,
1770 5233 1911 5303 μετὰ

328 5323 624 5392 ἰσημερίαν
651 5323 878 5395 ἐαρινὴν
906 5326 968 5378 τὸ
997 5324 1194 5394 Πάσχα
1222 5324 1509 5388 τελοῦντες
1535 5324 1907 5395 εὑρίσκονται,

325 5413 662 5487 ἀρχαιοτέρα
699 5415 963 5489 συνηθείᾳ
994 5418 1255 5487 ἑπόμενοι
1284 5433 1299 5449 ’
1344 5417 1396 5471 οἳ
1429 5418 1493 5488 δὴ
1529 5417 1734 5480 πάντες
1768 5417 1912 5471 οὕτω

326 5505 611 5569 ποιοῦντες
644 5509 705 5560 τὸ
744 5508 936 5578 Πάσχα
958 5550 972 5573 ,
1007 5509 1261 5578 οὐδαμῶς
1297 5529 1428 5565 ποτε
1463 5513 1599 5583 πρὸς
1637 5514 1779 5580 σφᾶς
1814 5513 1911 5564 αῦ-

325 5598 454 5660 τοὺς
498 5599 896 5669 δαφωνοῦντες
945 5602 1270 5671 ἐφάνησαν*
1320 5604 1417 5657 καὶ
1463 5606 1562 5674 οὐχ
1608 5604 1683 5666 ὡς
1730 5606 1759 5657 6
1803 5606 1915 5657 τῶν

327 5691 541 5744 πολλῶν
572 5693 795 5760 θρῦλλος
827 5694 959 5764 ἔχει,
991 5697 1021 5763 ἡ
1054 5695 1146 5747 ἐπὶ
1179 5697 1592 5750 Κωνσταντίνου
1620 5700 1678 5750 ὲν
1703 5698 1909 5768 Νικαίᾳ

2016 5058 2167 5102 sunt.
2202 5051 2280 5105 Ae
2313 5049 2392 5103 illi
2429 5049 2652 5118 quidem
2698 5050 2794 5120 qui
2834 5051 3106 5106 minorem
3135 5051 3326 5105 Asiam
3358 5061 3414 5107 et
3444 5068 3613 5122 supc-

2017 5145 2194 5197 riores
2235 5143 2482 5197 Orientis
2525 5154 2712 5212 partes
2751 5153 2966 5213 tenent,
2993 5145 3061 5199 ad
3100 5147 3251 5203 hunc
3276 5147 3503 5202 modum
3537 5147 3605 5201 de

2016 5235 2160 5291 festo
2203 5236 2310 5291 hoc
2354 5236 2444 5290 die
2472 5238 2877 5292 dissenserunt.
2917 5238 3023 5293 Alii
3062 5255 3198 5296 vero
3241 5255 3472 5304 omnes,
3508 5242 3602 5309 qui

2017 5327 2506 5384 Christianismum
2527 5338 2919 5399 susceperunt,
2941 5342 2999 5386 et
3014 5330 3400 5387 Occidentales
3417 5332 3606 5386 cuncti

2022 5422 2092 5476 ad
2115 5422 2397 5479 Oceanum
2428 5437 2625 5493 usque,
2663 5433 2788 5493 post
2818 5439 3049 5479 vernum
3082 5424 3478 5494 aequinoctium
3511 5425 3612 5479 Pa-

2021 5518 2154 5572 scha
2189 5532 2452 5587 peragere
2492 5519 2876 5583 inveniuntur,
2915 5520 3273 5574 vetustiorem
3314 5531 3615 5575 consuetu-

2021 5610 2206 5667 dinem
2258 5619 2578 5680 sequentes.
2624 5610 2728 5677 Qui
2790 5626 2923 5667 sane
2983 5611 3227 5666 universi
3284 5612 3357 5666 ita
3404 5613 3608 5666 festum

2022 5698 2245 5753 Pascha:
2282 5699 2649 5767 celebrantes,
2681 5718 2962 5773 nunquam
3008 5704 3155 5759 inter
3186 5718 3246 5759 se
3286 5705 3609 5759 discordare

401 5838 478 5904 (ι)
512 5836 670 5891 Juxta
702 5852 908 5893 morem
941 5839 1075 5895 citra
1106 5837 1377 5911 judicium
1406 5837 1770 5894 Suzdmeuuui
1798 5838 2079 5895 cxscribit.
2111 5839 2253 5910 Lege
2283 5840 2545 5896 Anicetus.
2578 5842 2727 5898 Em'r.
