4062 6488
389 359 494 424 857

1336 357 1947 420 ECCLESHSTi‘CrE
1988 360 2380 422 HISTORle
2425 363 2574 424 LIB.
2621 364 2759 425 ΧΠ.

3563 373 3668 435 858

381 483 534 536 Δκατὰ
566 483 665 546 τὰς
694 481 997 554 ἐκκλησίας
1026 483 1413 552 φυλάττουσιν.
1447 486 1510 538 Οἱ
1543 486 1654 555 γὰρ
1683 489 1782 553 τῆς
1813 487 1978 554 αζτῆς

2089 481 2272 537 nionis
2306 493 2512 545 essent,
2547 483 2770 539 easdem
2821 483 3148 541 traditiones
3185 485 3238 540 in
3271 486 3519 543 ecclesiis
3547 504 3666 545 ser-

381 577 630 637 -πίστεως
672 576 931 639 πολλάκις
973 576 1120 630 κατὰ
1153 579 1222 630 τὰ
1269 575 1365 646 ἔθη
1409 578 1660 649 διάφοροι
1702 577 1974 644 καθεστή-

393 686 522 721 κασι
546 685 562 701 ⁸
597 669 694 722 καὶ
725 669 880 722 οὐδὲν
908 668 1068 724 τοῦτο
1096 671 1164 739 τῇ
1197 669 1451 740 εὐσεϐείᾳ.
1479 670 1824 740 λυμαίνεται.
1860 672 1975 725 Ἐνο

391 760 570 814 ταῦθα
614 761 668 814 δὲ
713 761 1014 830 γενομένῳ,
1054 761 1266 815 δίκαιον
1312 760 1486 831 μικρά
1525 779 1649 816 τινα
1697 765 1826 832 περὶ
1866 765 1979 817 τῶν

393 856 534 909 κατᾶ
560 855 660 918 τὰς
691 856 990 922 ἐκκλησίας
1020 857 1302 925 διαφόρων
1331 857 1470 910 ἐθῶν
1499 856 1742 927 ἠγοῦμαι
1778 857 1978 922 διεξελ-

393 951 508 1007 θεῖν
536 966 549 980 ·
583 948 618 1004 ἃ
653 951 922 1020 πρότερον
959 951 1056 1018 μὲν
1087 950 1263 1022 εἶχον,
1298 950 1393 1004 νῦν
1425 952 1480 1004 δὲ
1514 951 1650 1004 Θεοῦ
1684 953 1871 1021 χάριτι
1900 951 1978 1020 τῷ

392 1042 570 1112 γρόνῳ
621 1043 1098 1111 μεταϐληθέντων,
1143 1045 1224 1103 εἰς
1269 1044 1330 1097 ἓν
1367 1044 1751 1114 ὁμοφρονῆσαι
1798 1044 1978 1104 πάσας

393 1134 632 1200 ἐγένετο.
667 1136 777 1188 Καὶ
808 1135 1028 1204 πρῶτόν
1055 1154 1120 1204 γε
1154 1138 1286 1205 περὶ
1317 1136 1481 1192 αὑτοῦ
1513 1136 1609 1191 τοῦ
1639 1138 1827 1208 Πάσχα
1858 1138 1976 1190 δια·

393 1228 630 1297 ληπτέον
650 1245 666 1258 ·
695 1228 793 1289 τὰς
825 1228 936 1297 γὰρ
965 1229 1073 1297 πρὸ
1101 1229 1294 1283 τούτου
1323 1230 1581 1296 νηστείας
1613 1230 1891 1298 διαφόρως
1924 1231 1979 1280 ἐν

393 1325 645 1377 ἑκάστοις
666 1325 728 1376 τὸ
751 1325 809 1388 ἐξ
835 1326 1012 1393 ἀρχῆς
1039 1325 1445 1393 φυλαττομένας
1471 1327 1818 1393 εὑρίσκομεν.
1847 1325 1981 1378 Ῥω-

394 1419 546 1481 μαῖοι
577 1418 683 1486 μὲν.
701 1416 811 1488 γὰρ
839 1419 989 1488 τρεῖς
1016 1418 1142 1484 sas;
1175 1421 1538 1486 συνημμὲνας
1563 1419 1870 1485 ἑϐδομάδας
1894 1436 1979 1485 νη-

396 1510 681 1564 στεύουσιν
709 1511 1132 1581 ὑφαιρουμένων
1158 1512 1267 1565 τῶν
1296 1513 1593 1568 Σαδδάτων
1620 1516 1712 1591 καίἷ
1737 1514 1847 1566 τῶν
1877 1515 1982 1567 Κυ-

398 1603 604 1668 (κακῶν
623 1619 635 1632 ·
661 1604 891 1674 Ἰλλυρὶς
913 1605 970 1656 δὲ
994 1606 1145 1658 πᾶσα
1171 1607 1264 1658 καὶ
1287 1607 1320 1674 ἠ
1347 1606 1557 1671 Ἑλλὰς,
1584 1607 1719 1677 πρδς
1743 1606 1799 1659 δὲ
1823 1607 1920 1660 καὶ
1945 1607 1977 1676 ἡ

405 1696 805 1763 Ἀλεξάνδρεια,
830 1698 923 1751 καὶ
947 1698 1122 1768 Λιϐύη
1151 1699 1302 1750 πᾶσα
1327 1699 1422 1751 καὶ
1447 1699 1721 1766 Αἴγυπτος
1748 1699 1844 1752 καὶ
1866 1699 1980 1750 Πα-

390 1787 639 1856 λαιστίνη
657 1830 671 1851 ,
696 1791 755 1841 ἐν
775 1789 834 1851 ἒξ
856 1788 1120 1856 ἑϐδομάσι
1139 1789 1239 1857 τὴν
1261 1791 1367 1856 πρὸ
1388 1790 1481 1843 τοῦ
1507 1792 1699 1859 Πάσχα
1722 1791 1982 1859 νηστείαν

2082 581 2302 626 varunt.
2358 573 2422 628 Et
2483 575 2576 645 qui
2641 575 2893 632 eamdem
2947 577 3208 634 colebant
3263 579 3467 645 ﬁdem,
3524 598 3672 652 saepe

2083 667 2548 722 consuetudinum
2610 670 3005 726 observatione
3057 673 3206 730 inter
3254 689 3313 730 se
3360 677 3667 732 variarunt.

2080 756 2272 828 Neque
2305 761 2360 814 id
2405 777 2547 816 verte
2581 763 2770 831 pietati
2809 765 3148 822 detrimento
3176 765 3302 822 fuit.
3339 768 3517 824 Porro
3541 785 3691 824 eum

2082 849 2150 904 ad
2201 850 2349 905 hunc
2382 851 2567 906 locum
2599 856 3048 922 pervenerimus,
3093 873 3314 927 aaquum
3350 859 3526 914 visum
3561 871 3668 925 est,

2084 957 2260 1009 pauca
2311 946 2559 1011 quaedam
2613 945 2681 1000 de
2721 945 2964 1004 diversis
3011 950 3372 1007 ecclesiarum
3421 954 3672 1008 moribus

2083 1050 2570 1091 commemorare:
2618 1027 2711 1107 qui
2756 1049 2916 1095 antea
2956 1042 3176 1110 quidem
3211 1045 3292 1098 sic
3325 1045 3478 1100 varie
3525 1047 3674 1100 obti-

2080 1137 2345 1194 nuerunt,
2380 1145 2527 1184 nunc
2577 1141 2761 1184 autem
2808 1148 2907 1200 per
2947 1135 3176 1201 gratiam
3222 1136 3317 1190 Dei
3364 1152 3488 1191 cum
3535 1146 3674 1191 tem-

2083 1237 2216 1286 pore
2266 1222 2480 1285 tnutati,
2529 1222 2597 1276 ad
2645 1224 3088 1280 consentientem
3130 1228 3482 1282 concordiam
3525 1230 3670 1296 apud

2081 1330 2273 1368 omnes
2321 1325 2710 1381 pervenerunt.
2760 1316 2822 1368 Et
2876 1316 3116 1385 primum
3167 1318 3234 1372 de
3283 1319 3673 1375 observatione

2082 1405 2361 1460 Paschalis
2416 1405 2539 1459 festi
2589 1406 2910 1462 dicendum.
2957 1407 3089 1474 Quae
3136 1410 3284 1464 enim
3335 1425 3428 1465 eas
3472 1427 3677 1481 praece-

2083 1499 2223 1552 dunt
2254 1497 2425 1552 ferias
2461 1499 2698 1570 jejunia,
2739 1501 2893 1554 varie
2931 1501 3077 1571 apud
3119 1486 3371 1572 quosque
3405 1504 3475 1558 ab
3513 1504 3674 1558 initio

2083 1601 2302 1646 servata
2341 1585 2734 1661 comperimus.
2780 1593 3014 1647 Romani
3050 1609 3289 1663 namque
3333 1604 3444 1650 tres
3492 1598 3674 1652 conti-

2081 1699 2220 1738 nuas
2269 1684 2666 1747 hebdomadas,
2719 1684 2980 1741 Sabbatis
3028 1694 3085 1740 et
3134 1687 3676 1744 Dominiciswliebus

2081 1776 2344 1845 exceptis,
2373 1776 2713 1846 ieiunaruut.
2743 1777 2949 1844 Illyrici
2983 1786 3192 1839 autem.
3220 1788 3277 1834 et
3300 1789 3500 1835 cuncta
3525 1780 3676 1836 Grae~

392 1881 731 1945 περαίνουσι,
753 1881 931 1935 Τεστα
945 1883 1218 1953 ρακοστὴν
1234 1884 1405 1950 αὐτὴν
1423 1884 1803 1952 ὀνομάζοντες.
1821 1886 1978 1938 Ἕτε-

2085 1870 2190 1933 cia,
2240 1877 2504 1938 praetcrea
2551 1867 2891 1924 Alexandria
2938 1879 2986 1924 et
3025 1869 3196 1941 Libya
3247 1873 3462 1936 omnis,
3509 1871 3677 1943 Egy-

393 1973 548 2034 ροιδέ
571 1973 675 2040 πρδ
693 1973 831 2025 ἑπτὰ
849 1973 1164 2042 ἑϐδομάδων
1181 1977 1280 2042 τῆς
1297 1977 1554 2049 νηστείας
1573 1977 1938 2046 κατάρχονται
1959 2019 1974 2041 ,

389 2063 464 2125 ὡς
494 2066 554 2115 ἐν
582 2065 1155 2120 Κωνσταντινουπάλει
1188 2069 1284 2120 καὶ
1315 2067 1478 2138 πέριξ
1505 2067 1635 2139 ἄχρι
1666 2069 1932 2122 Φοινίκων
1957 2083 1972 2099 ο

391 2154 542 2222 τρεῖς
578 2151 623 2204 δ’
652 2153 712 2205 ἐν
736 2154 930 2217 αὑταῖς
955 2155 1106 2208 ἄλλοι
1141 2156 1524 2226 πενθημέρους
1551 2158 1615 2209 ἐκ
1642 2157 1976 2227 διαλειμμά-

391 2261 502 2297 των
529 2246 913 2312 νηστεύοντες,
953 2247 1154 2317 ἐπίσης
1188 2250 1283 2302 καὶ
1321 2250 1481 2303 αὐτοὶ
1512 2250 1977 2320 Τεσσαρακοστὴν

392 2336 484 2390 τὸν
531 2338 728 2405 χρόνον
775 2338 970 2392 τοῦτον
1002 2338 1290 2394 καλοῦσιν’
1326 2344 1374 2394 οἱ
1407 2342 1464 2395 δὲ
1513 2341 1605 2394 δύο
1637 2342 1684 2392 οί
1717 2341 1786 2393 τὰ
1829 2342 1976 2395 Μον-

391 2428 581 2483 τανοῦ.
617 2430 707 2482 Ἐν
737 2424 820 2490 οἷς
859 2432 956 2484 καὶ
995 2431 1184 2502 θαῦμά
1219 2451 1309 2501 μοι
1345 2433 1546 2499 ἔπεισι,
1579 2434 1697 2496 πῶς
1734 2435 1977 2496 ἅπαντες

391 2513 538 2575 οὗτοι
589 2523 1056 2593 Τεσσαρακοστὴν
1112 2525 1286 2592 αὐτὴν
1341 2526 1691 2594 ὀνομάζουσι,
1728 2528 1868 2580 κατὰ
1915 2527 1978 2579 τὸ

396 2614 598 2684 μέτρον
631 2614 741 2668 τῶν
773 2616 1000 2688 ἡμερῶν
1044 2616 1196 2670 οὐδὲν
1230 2613 1396 2690 ἦττον
1430 2617 1837 2688 διαφερόμενον
1875 2618 1978 2674 κᾶν

391 2705 553 2767 ἄλλος
599 2707 763 2760 ἄλλον
794 2708 956 2776 λόγον
1001 2710 1436 2781 συρράπτοντες,
1476 2709 1716 2780 τοῦνομα
1761 2711 1980 2781 σεμνῶς

393 2799 769 2866 ἐγκαλύπτειν
804 2801 1131 2871 πειρῶνται.
1167 2805 1242 2857 Οὐ
1292 2804 1454 2874 μόνον
1488 2805 1543 2868 δὲ
1593 2807 1723 2874 περὶ
1765 2806 1827 2859 τὸ
1869 2807 1981 2861 τῶν

391 2893 622 2962 ἡμερῶν
671 2892 1008 2963 διαφωνοῦσι
1055 2895 1244 2957 ποσὸν,
1285 2883 1546 2952 ἀλλὰκαὶ
1587 2898 1665 2967 τῷ
1700 2899 1843 2969 ποιῷ
1869 2900 1980 2952 τῶν

392 2982 734 3050 ἐδεσμάτων,
765 2985 864 3039 καὶ
889 2987 956 3055 τῇ
990 2990 1331 3058 προσαγωγῇ
1366 3005 1428 3041 τε
1460 2991 1555 3043 καὶ
1586 2989 1766 3060 ἀποχῇ
1797 2989 1980 3059 πολλῷ

389 3075 766 3146 διεστήκασιν·
829 3079 877 3130 οί
937 3078 1039 3146 μέν
1090 3079 1201 3148 γὰρ
1264 3080 1508 3148 πάμπαν
1565 3080 1832 3150 ἐμψύχων
1877 3082 1978 3152 οὐχ

2083 1969 2208 2026 ptus
2240 1968 2295 2012 et
2325 1957 2642 2022 Palaestina,
2681 1975 2777 2013 sex
2819 1960 3265 2016 hebdomadibus
3305 1972 3434 2017 ante
3471 1963 3674 2019 festum

2081 2051 2306 2106 Pascha:
2355 2051 2630 2122 jejunium
2687 2053 3124 2120 continuarunt,
3179 2055 3672 2126 Quadragesimam

2083 2147 2298 2208 tempus
2351 2138 2404 2192 id
2457 2138 2832 2198 nominantes.
2887 2141 2992 2195 Alii
3046 2158 3242 2199 rursus
3287 2154 3413 2198 ante
3459 2154 3670 2214 septem

2082 2228 2464 2285 hebdomades
2489 2230 2745 2300 jejunare
2776 2233 3109 2302 inceperunt
3147 2252 3161 2289 :
3205 2237 3368 2290 sicuti
3399 2237 3675 2292 Constan-

2083 2323 2358 2392 tinopoli,
2412 2331 2467 2378 et
2511 2323 2880 2380 circumcirca
2935 2327 3002 2380 ad
3068 2327 3411 2384 Phaeniciam
3469 2346 3670 2400 usque.

2082 2415 2244 2486 295
2276 2415 2453 2470 tribus
2479 2424 2690 2470 tantum
2725 2417 3172 2476 hebdomadibus
3207 2422 3414 2488 quinos
3453 2423 3577 2477 dies
3604 2439 3672 2478 ex

2083 2507 2376 2562 intervallo
2399 2506 2503 2576 (l),
2531 2507 2683 2563 binis
2715 2509 3046 2578 septimanis
3081 2510 3440 2576 intermissis,
3474 2529 3502 2566 a
3531 2513 3674 2569 cibis

2081 2613 2140 2653 se
2176 2599 2545 2663 abstinentes,
2577 2601 2770 2655 itidem
2797 2602 3288 2672 Quadragcsimam
3320 2614 3539 2676 tempus
3565 2608 3675 2664 tale

2081 2698 2354 2744 vocarunt
2404 2709 2419 2744 :
2469 2690 2822 2748 Montanistaa
2863 2710 2996 2750 vero
3047 2695 3285 2769 duabus.
3333 2698 3486 2765 Quos
3538 2701 3672 2755 mihi

2083 2785 2346 2840 deutirari
2387 2787 2441 2842 in
2477 2797 2718 2843 mentem
2757 2789 2930 2852 venit,
2962 2790 3244 2859 quomodo
3275 2807 3469 2846 omnes
3493 2793 3582 2847 isti
3617 2793 3672 2846 in

2084 2877 2301 2932 dierum
2339 2894 2571 2933 numero
2603 2880 2686 2934 sic
2721 2884 3026 2946 variantes,
3055 2881 3547 2952 Quadragesimam
3585 2893 3672 2938 tav

2085 2987 2211 3024 men
2239 2971 2434 3041 jejuuii
2467 2981 2684 3046 tempus
2715 2981 2939 3028 vocent.
2969 2973 3236 3040 Quamvis
3265 2975 3357 3028 alii
3389 2976 3552 3029 aliam
3593 2993 3675 3030 ra-

2086 3065 2292 3119 tionem
2332 3074 2606 3128 texentes,
2641 3066 2857 3122 nomini
2894 3066 2946 3120 ei
2999 3067 3296 3122 honestum
3347 3080 3675 3137 praetextum

392 3163 684 3218 ἅπτονται.
707 3166 861 3221 ἄλλοι
887 3167 945 3221 δὲ
968 3171 1063 3223 καὶ
1093 3169 1388 3233 ἅπτονται,
1414 3169 1532 3224 ἀλλ’
1559 3171 1760 3240 ἰχθύων
1791 3172 1976 3243 μόνον,
2009 3195 2054 3258 c
2085 3156 2414 3211 obtendant.
2468 3155 2586 3211 Non
2634 3157 2814 3213 solun.
2862 3173 2998 3214 vero
3043 3159 3112 3214 de
3147 3160 3368 3214 dierum
3420 3177 3677 3229 numero,

395 3256 516 3309 Εἰσὶ
547 3257 605 3310 δὲ
636 3257 685 3311 οἳ
711 3258 819 3312 τῶν
852 3261 1118 3330 ἐμψύχων
1143 3263 1239 3316 καὶ
1269 3264 1367 3316 σὺν
1390 3265 1504 3325 τοῖς
1533 3263 1713 3334 ίχθύσι
1748 3265 1978 3318 καὶτῶν

393 3345 619 3414 πτηνῶν
654 3346 1049 3416 ἀπογεύονται,
1077 3349 1334 3417 λέγοντες
1369 3349 1430 3414 ἐξ
1461 3349 1655 3414 ὕδατος
1686 3351 1978 3405 καὶταῦτα

394 3434 692 3504 ἐσχηκέναί
743 3437 843 3507 τὴν
898 3438 1137 3504 γένεσιν,
1170 3438 1248 3501 ὥς
1299 3456 1435 3507 φησι
1490 3440 1758 3508 Μωῦσῆς.
1809 3441 1876 3493 οι
1922 3439 1980 3493 δὲ

394 3527 520 3579 ὠῶν
553 3529 874 3596 ἀπέχονται·
910 3530 1062 3582 ἄλλοι
1096 3530 1154 3583 δὲ
1191 3531 1468 3601 ἀκρόδρυα
1499 3533 1708 3600 τροφὴν
1739 3530 1976 3602 ἔχουσιν.

395 3619 518 3671 Εἰσὶ
541 3619 598 3674 δὲ
627 3622 678 3674 οἳ
713 3622 809 3675 καὶ
840 3621 1011 3694 ξηροῦ
1043 3621 1215 3692 ἄρτου
1249 3624 1418 3693 μόνου
1461 3625 1808 3694 μετέχουσιν
1845 3623 1896 3677 οἱ
1921 3623 1980 3678 δέ

392 3710 514 3764 ούδέ
548 3713 762 3767 τούτου.
789 3715 1060 3785 Διάφορος
1090 3714 1149 3768 δὲ
1183 3715 1280 3770 καὶ
1311 3716 1344 3786 ἡ
1376 3714 1495 3785 ὥρα
1521 3716 1622 3786 τῆς
1651 3715 1987 3790 ἑστιάσεως

393 3805 444 3856 ei
483 3804 581 3873 μὲν
615 3809 727 3876 γὰρ
757 3806 918 3879 ἄχρις
961 3808 1181 3879 ἐνάτης,
1214 3810 1264 3862 oi
1313 3810 1371 3864 δὲ
1422 3811 1564 3880 μετὰ
1601 3810 1758 3865 δύσιν
1798 3810 1977 3882 ἡλίου,

395 3897 546 3950 ἄλλοι
577 3897 634 3952 δὲ
665 3900 807 3969 μετὰ
836 3900 967 3969 μίαν
997 3903 1217 3972 ἡμέραν
1247 3903 1493 3956 ἐσθίουσι
1519 3903 1620 3975 τὴν
1653 3903 1804 3974 ἐξῆςο
1828 3903 1980 3959 ἄλλοι

393 3989 448 4040 δὲ
480 3991 574 4042 καί
609 3990 702 4043 ἐπὶ
727 3994 878 4061 τρεῖς
906 3994 998 4045 καὶ
1023 3993 1300 4063 τέσσαρας
1329 3997 1427 4049 καὶ
1457 3996 1642 4060 πέντε,
1677 3996 1775 4050 καὶ
1812 3997 1980 4067 μέχρι

393 4082 506 4134 τῶν
534 4083 678 4138 ἐπτὰ
709 4086 994 4154 προΐασιν,
1023 4085 1099 4149 ὡς
1133 4089 1352 4159 ἑκάστῳ
1385 4089 1619 4160 δύναμίς
1654 4107 1712 4144 τε
1739 4091 1833 4144 καὶ
1859 4090 1984 4158 βού-

393 4172 573 4242 λησις.
607 4175 715 4228 Καὶ
758 4176 896 4231 ἄλλα
928 4180 1058 4248 παρ’
1089 4179 1272 4242 ἄλλοις
1303 4183 1492 4248 γένεσι
1539 4182 1637 4235 καὶ
1685 4183 1892 4251 φύλοιςο
1924 4186 1985 4238 ἐν

394 4262 475 4328 οἷς
501 4269 616 4321 .καὶ
669 4269 866 4338 μυρίαι
899 4271 1071 4324 αίτίαι
1124 4272 1234 4326 τῶν
1279 4273 1540 4328 τοιούτων
1587 4275 1748 4329 είσίν·
1784 4277 1870 4343 ἐφ’
1902 4271 1985 4340 οἷς

399 4359 608 4412 suam
643 4361 802 4414 οὐδέν
839 4380 890 4416 τι
935 4364 1218 4434 ἔγγραφον
1270 4366 1648 4436 παράγγελμα
1682 4368 1858 4436 δεῖξαί
1901 4386 1986 4433 τις

395 4445 534 4516 εχει.
567 4449 657 4511 Ὠς
684 4447 845 4520 δῆλον
874 4446 1040 4515 εἶναι,
1072 4450 1149 4514 ὡς
1180 4453 1247 4506 τά
1279 4453 1488 4525 ἑκάστῃ
1533 4455 1800 4509 δοκοῦντα
1844 4475 1984 4527 προ-

2083 3263 2277 3303 verum
2308 3249 2474 3304 etiam
2508 3250 2576 3304 de
2602 3251 2746 3306 cibis
2778 3251 2936 3321 ipsis,
2973 3252 3041 3308 de
3073 3253 3229 3308 aditu
3264 3253 3334 3308 ad
3365 3270 3524 3310 sacra
3560 3273 3681 3328 my-

2080 3341 2270 3402 steria,
2308 3349 2366 3396 et
2413 3341 2771 3404 abstinentia,
2816 3344 3052 3398 multum
3097 3345 3250 3400 inter
3275 3361 3333 3400 se
3369 3347 3674 3402 dissident.

2081 3432 2315 3500 Quidam
2351 3436 2501 3488 enim
2539 3435 2780 3491 animata
2809 3452 3041 3507 prorsus
3068 3453 3177 3492 non
3208 3439 3492 3508 attingunt
3525 3459 3540 3496 :
3576 3441 3674 3496 alii

2081 3535 2269 3583 autem
2319 3527 2623 3599 attingunt,
2659 3527 2756 3584 sed
2807 3528 2990 3597 pisces
3038 3530 3208 3585 solos.
3245 3530 3387 3586 Sunt
3428 3530 3523 3600 qui
3558 3535 3680 3586 ani-

2082 3611 2228 3678 mata
2261 3636 2484 3690 quoque
2507 3635 2634 3676 cum
2671 3619 2918 3689 piscibus
2951 3620 3194 3676 volatilia
3223 3621 3523 3692 degustant
3558 3641 3571 3676 :
3609 3638 3677 3679 ex

2084 3713 2247 3783 aquis
2283 3727 2349 3767 ea
2381 3727 2606 3782 quoque
2649 3711 2938 3782 progenita
2971 3713 3119 3778 che,
3157 3723 3218 3768 ut
3262 3713 3442 3769 Moses
3473 3715 3676 3784 inquit,

2086 3804 2354 3861 dicentes.
2385 3805 2650 3860 Nonnulli
2682 3806 2752 3862 ab
2783 3806 2906 3861 ovis
2943 3813 3000 3860 et
3046 3806 3290 3861 nucibus
3336 3805 3455 3862 sive
3491 3807 3681 3862 baccis

2085 3899 2387 3955 abstinent.
2447 3898 2708 3953 Nonnulli
2757 3912 2893 3953 vero
2943 3898 3207 3953 arborum
3264 3897 3544 3954 fructibus
3579 3914 3679 3954 ve-

2087 4001 2341 4046 scuntur.
2366 3989 2602 4056 Quidam
2629 4005 2827 4061 panem
2856 3989 3068 4046 aecum
3094 3998 3307 4045 tantum
3333 3989 3634 4044 comedunt
3661 4007 3677 4053 ς

2087 4082 2310 4152 quidam
2345 4097 2479 4136 vero
2509 4097 2579 4136 ne
2619 4081 2770 4136 hunc
2796 4080 3016 4151 quidem
3053 4082 3356 4151 attingunt.
3385 4082 3678 4136 Diversum

2090 4178 2262 4231 etiam
2315 4185 2402 4230 est
2449 4175 2558 4230 cibi
2610 4175 2870 4246 capiendi
2918 4184 3157 4243 tempus.
3206 4173 3391 4242 Aliqui
3441 4188 3681 4241 namque

2091 4269 2227 4326 bora
2274 4283 2438 4332 nona,
2485 4267 2658 4337 aliqui
2708 4277 2833 4337 post
2893 4280 3151 4322 occasum
3200 4266 3406 4326 solum,
3453 4265 3679 4334 quidam

2091 4372 2215 4433 post
2239 4363 2388 4418 diem
2422 4377 2586 4417 uuam
2615 4361 2872 4430 sequenti
2903 4360 2993 4415 die
3026 4360 3208 4414 cibum
3234 4360 3464 4428 capiunt
3494 4378 3506 4412 :
3541 4373 3684 4411 non-

2094 4455 2232 4510 nulli
2269 4470 2402 4512 vero
2442 4452 2510 4508 ad
2549 4461 2686 4519 tres,
2717 4453 2783 4507 ad
2815 4461 3076 4521 quatuor,
3114 4451 3180 4505 ad
3219 4451 3490 4520 quinque,
3524 4460 3581 4504 et
3613 4448 3679 4502 ad

395 4539 636 4610 ἐτρεψαν
669 4541 720 4594 oi
749 4541 844 4596 ἀπ’
876 4543 1055 4614 ἀρχῆς
1089 4543 1364 4612 ὑπηρέται
1410 4547 1504 4600 τοῦ
1537 4548 1732 4615 Λὸγου·
1785 4547 1852 4602 ἵν’
1882 4551 1980 4618 ἐξῇ

2093 4558 2302 4616 septem
2337 4563 2516 4618 usque
2541 4546 2658 4602 dies
2681 4545 2920 4616 dapibus
2952 4544 3301 4598 abstinentes
3327 4541 3638 4612 procedunt

396 4631 634 4702 ἑκάστῳ,
671 4631 747 4703 μὴ
774 4632 924 4703 φόϐῳ
951 4633 1076 4704 μηδ’
1107 4633 1322 4706 ἀνάγκῃ
1350 4636 1456 4690 τινὶ
1483 4635 1542 4688 τὸ
1570 4637 1776 4704 ἀγαθὸν
1803 4637 1981 4705 αἱρετ-

355 4734 368 4745 ‘
397 4725 546 4780 σθαι.
577 4726 741 4780 Ἀλλὰ
765 4729 897 4795 περὶ
933 4729 1032 4798 μὲν
1072 4729 1342 4798 νηστειῶν
1381 4730 1475 4783 τοῦ
1525 4730 1720 4800 Πάσχα
1752 4731 1847 4784 καὶ
1880 4731 1983 4799 τῆς

323 4863 334 4869 -
393 4820 602 4888 τροφῆς
633 4817 897 4872 τοσαῦται
943 4820 1242 4888 διαφωνίαι
1273 4821 1334 4875 τὸ
1381 4823 1440 4886 ἐξ
1488 4823 1665 4894 ἀρχῆς
1697 4823 1840 4876 κατὰ
1882 4822 1982 4887 τὰς

395 4910 692 4979 ἐκκλησίας
719 4905 884 4982 ἦσαν.
922 4912 1085 4969 ’Λλλὰ
1115 4915 1224 4983 μὴν
1253 4914 1346 4966 καὶ
1377 4915 1506 4986 περὶ
1538 4914 1815 4981 συνάξεων
1844 4915 1983 4968 ἄλλα

397 5002 631 5057 πλεῖστα
661 5006 754 5057 καὶ
781 5005 1054 5074 ἀδιάφορα
1101 5007 1251 5059 ἔστιν
1282 5007 1487 5075 εὑρεῖν·
1522 5007 1633 5060 τῶν
1669 5008 1777 5078 γὰρ
1807 5009 1986 5060 ἁπαν-

395 5097 565 5166 ταχοῦ
589 5100 689 5168 τῆς
714 5099 1049 5168 οἰκουμένης
1077 5100 1392 5168 ἐκκλησιῶν
1416 5101 1473 5152 ἐν
1498 5101 1618 5162 ταῖς
1643 5099 1749 5152 τῶν
1776 5100 1987 5153 2:66:2-

393 5206 504 5241 των
535 5189 772 5260 ἡμέραις
801 5190 859 5254 ἐξ
887 5190 1041 5252 ἔθους
1070 5192 1314 5260 ἐχουσῶν
1342 5191 1466 5244 καθ’
1498 5192 1796 5260 ἑϐδομάδος
1825 5211 1984 5258 περι.

395 5283 606 5350 τροπὴν
641 5284 710 5337 τὰ
736 5284 858 5336 Oeta
897 5286 1176 5354 μυστήρια
1213 5285 1760 5354 ἐκτελεῖν,Ῥωμαῖοί
1795 5303 1852 5338 τε
1887 5287 1984 5338 καὶ

409 5375 784 5448 Ἀλεξανδρεῖς
836 5377 936 5430 καὶ
991 5377 1109 5431 ὅσοι
1163 5377 1264 5448 τὴν
1329 5377 1573 5447 Θηϐαΐδα
1634 5378 1982 5448 περιοικοῦσι

399 5471 654 5537 συνάξεις
699 5472 798 5539 μὲν
845 5470 987 5523 κατά
1027 5471 1310 5523 Σάϐϐατον
1353 5471 1724 5524 ἐπιτελοῦσιν·
1760 5471 1822 5524 οὐ
1875 5471 1984 5540 μὴν

396 5564 583 5632 ὥσπερ
610 5559 677 5628 ἦν
705 5563 828 5625 ἔθος
852 5566 976 5615 τότε
1004 5565 1140 5615 πᾶσι
1167 5565 1538 5630 Χριστιανοίς,
1563 5565 1660 5617 καὶ
1688 5565 1796 5616 τῶν
1822 5564 1984 5617 θείων

335 5637 345 5646 ’
399 5657 760 5724 ἁγιασμὰτων
790 5660 1059 5726 μετεῖχον.
1097 5655 1261 5708 Ἀλλὰ
1295 5658 1434 5726 μετᾶ
1465 5659 1524 5711 τὸ
1551 5659 1753 5720 ἱκανῶς
1776 5659 1988 5728 εὐωχη-

469 5845 548 5915 (ι)
591 5846 753 5916 Τρεῖς
809 5848 979 5920 μόνας
1031 5848 1414 5922 πενθημέρους
1477 5851 1552 5903 ἐκ
1591 5849 1980 5924 διαλεμμάτων
2018 5849 2394 5922 νηστεύοντες.
2430 5850 2641 5906 Socr-at.

2092 4654 2193 4708 pro
2243 4653 2310 4692 co
2361 4647 2528 4707 atque
2579 4638 2818 4707 quisque
2864 4635 2990 4690 cibo
3037 4648 3229 4687 carere
3281 4633 3369 4687 vel
3419 4633 3560 4693 vult.
3595 4631 3683 4685 vel

2094 4740 2294 4802 potest.
2325 4731 2392 4785 Et
2427 4731 2530 4784 alia
2561 4731 2705 4799 apud
2746 4728 2886 4783 alias
2920 4737 3114 4798 gentes
3153 4735 3208 4781 et
3248 4725 3484 4794 potiulos
3523 4725 3682 4788 tium,

2091 4823 2236 4892 apud
2262 4837 2404 4892 quos
2427 4838 2617 4877 rerum
2646 4820 2836 4874 talium
2873 4819 3180 4872 innumeram
3210 4825 3428 4872 exstant
3449 4831 3630 4871 causa).
3665 4834 3680 4871 :

2091 4917 2160 4971 de
2195 4915 2401 4985 quibus
2449 4915 2714 4970 omnibus
2752 4913 2972 4967 nullum
3025 4919 3389 4982 praeceptum,
3433 4911 3580 4979 quod
3629 4911 3681 4963 in

2091 5009 2358 5080 scriptum
2397 5007 2630 5062 relatqu
2665 5005 2776 5069 sit,
2805 5002 3024 5059 ostendi
3059 5011 3265 5072 potest.
3289 5001 3360 5058 Ut
3385 5001 3520 5057 satis
3549 5016 3686 5055 con~

2093 5110 2222 5158 stet.
2263 5102 2474 5170 primos
2516 5100 2640 5156 illos
2669 5098 2830 5153 verbi
2865 5098 3172 5163 ministros,
3202 5099 3271 5152 ab
3303 5097 3465 5152 initio
3489 5097 3685 5152 obser-

2093 5194 2348 5247 vatioues
2380 5192 2650 5263 ejusmodi
2697 5191 2935 5246 arbitrio
2970 5207 3325 5262 quorumque
3363 5190 3680 5260 reliquisse,

2095 5297 2154 5340 ut
2183 5288 2418 5356 quisque
2455 5301 2567 5340 non
2610 5297 2759 5341 metu
2797 5293 2894 5339 aut
2926 5285 3262 5339 necessitate
3288 5282 3544 5354 quapiam
3589 5283 3686 5336 ad-

2092 5377 2316 5443 ductus,
2349 5377 2497 5447 quod
2535 5378 2741 5430 bonum
2769 5387 2872 5440 est,
2913 5375 3160 5444 deligere
3188 5384 3242 5429 et
3277 5374 3434 5442 sequi
3473 5382 3680 5440 posset.

2092 5473 2265 5528 Porro
2311 5473 2363 5524 in
2398 5471 2622 5542 jejuniis
2655 5470 2822 5525 ferias
2872 5469 3167 5524 Paschales
3205 5467 3682 5538 praecedentibus,

2093 5579 2149 5622 et
2195 5567 2246 5620 in
2282 5565 2652 5637 jejunantium
2705 5564 2868 5628 cibis,
2909 5579 2940 5618 a
2988 5563 3268 5633 principio
3321 5561 3378 5616 in
3427 5560 3686 5616 ecclesiis

2097 5636 2416 5726 hujusmodi
2451 5636 2748 5710 diversitas
2781 5653 2908 5710 iuit.
2943 5655 3146 5711 Verum
3182 5655 3235 5707 in
3269 5652 3472 5725 Syuaxi
3506 5651 3682 5723 pluri-

3119 5837 3147 5855 θ’
