4062 6486
366 326 497 431 '859

1618 369 2038 429 NICEPllOBl
2079 373 2421 434 CALLISTI

3588 374 3701 439 860

392 499 539 537 mam
571 483 891 539 varietatem
933 482 1105 539 fuisse
1142 483 1478 540 invenimus.
1507 485 1650 561 Cum
1685 488 1832 542 enim
1858 488 1974 555 ple-

2102 493 2242 559 ιῆναι
2267 492 2360 544 καὶ
2393 492 2670 556 παντοίοις
2702 492 3062 561 ἑνηδυνθῆναι
3094 492 3411 561 ἐδέσμασιν,
3445 492 3697 563 ἠριστη-

394 590 577 644 neque
613 588 809 631 omnes
845 592 947 646 per
995 577 1189 659 orbem
1226 578 1478 659 ecclesiae
1509 579 1709 634 diebus
1753 579 1977 635 Sabhati

395 642 858 726 consuetudinem
905 642 1582 731 habereuhaehdomadis
1626 676 1794 733 unius
1840 686 1982 733 tem-

395 776 531 831 pore
560 763 765 816 divinis
810 766 1091 836 mysteriis
1122 767 1364 834 operari,
1399 769 1630 822 Romani
1660 779 1715 824 et
1744 769 1983 825 Alexan-

400 850 543 904 drini
576 868 639 905 ex
670 855 897 922 antiqua
932 856 1169 924 quadam
1203 858 1504 913 traditione
1529 859 1635 914 hoc
1665 876 1772 914 non
1811 861 1983 916 facie-

403 943 553 999 bant.
598 945 843 1015 Egyptii
892 962 1026 1003 vero
1072 949 1469 1020 Alexandripis
1520 954 1726 1017 vicini,
1783 963 1838 1007 et
1889 954 1983 1024 qui

400 1036 612 1088 circum
655 1036 999 1093 Thebaidem
1047 1040 1325 1106 habitant,
1364 1056 1599 1114 synaxes
1641 1044 1865 1114 quidem
1895 1046 1983 1102 die

405 1125 632 1181 Sabbati
685 1120 1022 1199 peragebant
1074 1150 1087 1187 :
1141 1133 1235 1188 sed
1286 1150 1398 1188 non
1446 1137 1659 1200 cadem,
1717 1154 1824 1211 qua
1873 1146 1985 1191 tum

400 1223 701 1278 Christiani
755 1228 1058 1278 utebantur
1108 1227 1531 1289 consuetudine.
1580 1227 1821 1283 divinam
1864 1244 1987 1283 san-

2087 581 2246 646 κότες
2300 582 2426 653 ἤδη,
2482 584 2608 653 περὶ
2667 582 2894 653 βαθεῖαν
2954 582 3200 654 ἑσπέραν
3256 584 3323 636 τὰ
3382 587 3686 654 μυστήρια

2085 673 2494 740 προσφέροντες
2547 670 2982 742 μετελάμϐανδν.
3035 671 3141 723 Καὶ
3192 670 3250 722 ἐν
3297 669 3551 740 Τετράδι
3589 671 3694 723 καὶ

2085 762 2118 831 ἢ
2151 762 2487 832 Παρασκευὴ
2515 762 2755 831 λέγεται,
2798 763 3170 831 Ἀλεξανδρεῖς
3200 761 3432 831 Γραφάς
3461 779 3530 814 τε
3564 762 3693 815 ἀνευ

2086 854 2379 921 γίνωσκον,
2431 855 2542 908 τῶν
2588 855 2927 909 διδασκάλων
2969 856 3176 915 ταύτας
3223 854 3692 925 ἐρμηνευόντων·

2090 949 2186 1001 καὶ
2234 949 2414 1003 πάντα
2462 949 2530 1002 τά
2579 949 2678 1018 τῆς
2721 950 2996 1014 συνάξεως
3046 948 3340 1018 ἔπραττον,
3383 946 3546 1017 πλὴν
3587 947 3698 1011 τῆς

2090 1039 2244 1103 θείας
2269 1040 2379 1093 τῶν
2412 1041 2729 1111 μυστηρίων
2764 1043 3045 1110 μυήσεως.
3064 1040 3157 1105 Ἐξ
3184 1042 3415 1111 ἀρχαίου
3443 1039 3508 1092 δὲ
3537 1038 3701 1091 τοῦτ’

2089 1128 2160 1201 ἦν
2190 1132 2312 1195 ἔθος
2355 1132 2793 1203 Ἀλεξανδρεῦσι.
2829 1134 2963 1185 Φασὶ
3001 1134 3095 1186 καὶ
3134 1132 3244 1204 γὰρ
3291 1132 3598 1201 Ὡριγένην
3638 1131 3701 1182 ἐν

2089 1225 2319 1289 ταύταις
2353 1226 2549 1295 μόναις
2591 1227 2690 1289 τὰς
2730 1226 2980 1293 συνάξεις
3024 1229 3199 1279 ποιεῖν
3231 1225 3321 1278 ἐπ’
3351 1225 3696 1295 ἐκκλησίας’

402 1314 796 1370 ctiﬁcationem
871 1317 1276 1386 percipiebant.
1349 1319 1556 1373 Verum
1627 1320 1791 1391 296
1860 1337 1985 1376 cum

2102 1316 2151 1379 ὃς
2176 1318 2343 1388 σοφίᾳ
2366 1321 2463 1373 καὶ
2487 1318 2815 1390 διδασκαλίᾳ
2838 1318 2945 1372 τῶν
2969 1318 3183 1371 πολλῶν
3207 1317 3518 1389 διαφέρων,
3543 1334 3700 1369 συνι-

404 1409 629 1463 abunde
681 1410 956 1463 convivati
1005 1420 1211 1473 essent,
1266 1420 1322 1464 et
1371 1412 1553 1465 omnis
1601 1413 1820 1483 generis
1851 1414 1990 1470 cibis

2102 1411 2199 1466 δῶν
2227 1430 2285 1465 τε
2312 1412 2386 1475 ὡς
2417 1414 2479 1466 τὸ
2505 1413 2768 1467 ἀδύνατον
2799 1413 2893 1467 τοῦ
2928 1411 3225 1466 Μωσαῖκοῦ
3255 1412 3427 1480 νόμου
3462 1411 3702 1464 ἀσθενεῖ

402 1503 696 1557 delicatius
726 1517 784 1556 se
812 1503 1202 1572 replevissent,
1240 1520 1269 1558 a
1302 1505 1532 1574 prandio
1559 1507 1792 1571 scilicet,
1827 1507 1992 1562 circi-

2102 1505 2233 1575 πρὸς
2266 1505 2326 1558 τὸ
2365 1505 2603 1576 γράμμα
2652 1506 2988 1591 ἀποδΟΘῇναι
3020 1505 3113 1558 τὸν
3159 1505 3291 1574 περὶ
3338 1503 3441 1556 τοῦ
3486 1502 3698 1569 Πάσχα

406 1600 490 1646 ter
519 1608 812 1662 vesperam
858 1595 1109 1659 multam,
1142 1597 1405 1667 mysteria
1450 1597 1727 1653 oblatione
1769 1609 1989 1669 peracta

2102 1592 2277 1658 λόγον,
2329 1596 2411 1656 εἰς
2451 1593 2692 1658 θεωρίαν
2751 1596 3056 1665 ἀνήγαγεν,
3111 1593 3170 1646 ἐν
3230 1593 3394 1663 μόνον
3451 1592 3697 1661 φάσκων

405 1684 805 1754 percipiebant.
856 1686 1059 1752 Quarta
1103 1688 1468 1744 hebdomadis
1500 1690 1591 1745 die
1616 1734 1628 1755 ,
1665 1702 1723 1746 et
1763 1708 1845 1747 ea.
1868 1709 1991 1763 qua)

2102 1685 2297 1755 ἀληθὲς
2346 1686 2602 1755 γενέσθαι
2638 1687 2853 1758 Πάσχα,
2902 1689 3040 1758 ὅπερ
3073 1685 3312 1754 Χριστὸς
3348 1682 3699 1737 ἐπετέλεσεν

406 1776 707 1830 Parascevc
732 1778 953 1840 dicitur,
977 1778 1335 1835 Alexandrini
1362 1782 1681 1852 Scrlpturas
1705 1786 1986 1856 legebant,

2102 1779 2405 1847 ἐνεργήσας
2435 1780 2577 1833 κατά
2607 1781 2719 1832 τῶν
2749 1779 3144 1848 ἀντικειμένων
3169 1778 3487 1847 δυνάμεων,
3520 1776 3695 1877 ἀναρί

407 1865 727 1921 ductoribus
775 1884 869 1923 eas
923 1870 1424 1939 interpretantibus
1474 1876 1821 1947 :omniaquc
1867 1894 1989 1948 qua:

2102 1872 2282 1941 τηθεὶς
2309 1871 2388 1941 τῷ
2420 1872 2664 1943 σταυρῶ·
2688 1866 2731 1940 ᾧ
2758 1872 2822 1942 δὴ
2856 1873 3063 1943 ἀρίστῳ
3101 1870 3351 1939 τροπαίῳ
3393 1870 3553 1922 κατά
3597 1865 3698 1919 τοῦ

409 1957 476 2012 ad
534 1960 792 2029 Synaxim
865 1961 1171 2029 pertinent,
1222 1965 1590 2032 peragebant,
1640 1978 1843 2037 praeter
1905 1970 1991 2024 dio

2102 1965 2394 2019 ἀντιπάλου
2430 1966 2723 2035 ἐχρήσατο.
2770 1965 2860 2017 Ἐν
2888 1964 2945 2017 δέ
2994 1966 3059 2034 τῇ
3106 1965 3244 2035 αὐτῇ
3287 1960 3700 2031 Ἀλεξανδρείᾳ.

406 2051 662 2104 vinorum
728 2056 1116 2124 mysteriorum
1184 2060 1623 2126 perceptionem.
1654 2062 1833 2131 Atque
1869 2078 1988 2117 eam

2102 2064 2152 2116 τὸ
2194 2062 2305 2115 τῶν
2349 2062 2714 2129 ἀναγνωστῶν
2762 2063 2856 2115 καὶ
2910 2058 3452 2130 συμϐολαιογρὰφων
3500 2058 3700 2124 τάγμα

408 2141 862 2213 ἰιέἰιαηιὶιιιιίιιις
926 2147 1175 2202 habuere
1225 2151 1724 2207 Consuetudinem.
1789 2154 1994 2208 Dicunt

2102 2158 2155 2210 ἐν
2187 2155 2467 2225 ἀδιαφόρῳ
2497 2155 2670 2216 ἐστὶν,
2692 2154 2805 2207 εἴτε
2834 2151 3017 2205 πιστοί
3046 2153 3208 2215 εἰσιν,
3235 2148 3344 2201 είτε
3377 2148 3484 2202 καὶ
3513 2162 3699 2211 κατη-

407 2236 634 2297 etcnim,
668 2247 723 2290 et
751 2236 1045 2307 Origenem
1082 2240 1380 2310 plurimum
1432 2243 1629 2298 diebus
1665 2246 1781 2299 istis
1814 2246 1866 2299 in
1909 2262 1999 2301 ec-

2102 2248 2375 2318 χούμενοι.
2408 2247 2516 2298 τῶν
2543 2243 2863 2314 ἁπανταχοῦ
2901 2242 3079 2296 ἄλλων
3109 2239 3422 2308 ἐκκλησιῶν
3455 2235 3700 2296 πιστοὺς

407 2328 570 2382 clesia
593 2328 869 2392 docuisse,
901 2340 1065 2400 atque
1093 2349 1324 2403 synaxes
1349 2348 1443 2389 seu
1466 2348 1771 2392 conventus
1794 2338 1992 2407 egisse.

2102 2343 2179 2403 είς
2204 2340 2263 2393 τὸ
2297 2340 2483 2407 τάγμα
2512 2337 2672 2392 τοῦτο
2698 2334 3185 2408 προϐεϐλημένων,
3223 2332 3312 2385 Ἐν
3347 2331 3409 2383 δὲ
3447 2332 3517 2402 τῇ
3559 2330 3701 2383 Θετ-

407 2418 509 2485 Qui
541 2436 664 2473 cum
699 2423 974 2489 sapientia
1008 2433 1061 2478 ct
1099 2425 1353 2479 doetrina
1394 2429 1578 2482 multis
1606 2441 1911 2498 perstaret,
1943 2444 1998 2484 et

2102 2433 2278 2486 ταλῶν
2305 2433 2399 2486 καὶ
2421 2432 2579 2484 τοῦτο
2605 2430 2864 2499 γενέσθαι
2888 2428 3041 2498 φασί.
3066 2426 3344 2497 Κληρικὺς
3362 2425 3484 2494 γὰρ
3512 2425 3700 2476 ἐκεῖσε

411 2520 767 2579 μετεμοριιιηι
820 2514 1067 2579 haberet,
1120 2515 1501 2572 inﬁrmiorch
1537 2536 1656 2573 esse
1706 2523 1995 2576 Mosaicam

2102 2525 2260 2595 ἀνὴρ,
2282 2525 2414 2595 πρὶν
2438 2524 2468 2593 ἢ
2503 2525 2733 2592 γένηται
2763 2522 2943 2587 τοῦτο,
2968 2521 3120 2590 νόμῳ
3141 2520 3380 2589 γυναῖκα
3415 2518 3697 2588 ἠγάγετο.

408 2603 613 2672 legem,
641 2619 802 2672 quam
846 2613 906 2657 ut
947 2607 1102 2660 nullo
1138 2608 1302 2661 modo
1336 2610 1401 2663 ad
1440 2611 1677 2664 litteram
1716 2615 1870 2668 reddi
1913 2625 1994 2669 at-

2102 2618 2213 2687 Τὴν
2244 2617 2300 2669 δὲ
2331 2619 2593 2684 γυναῖκα,
2626 2615 2701 2678 ὡς
2728 2614 2872 2678 ἔθος,
2905 2612 3089 2681 γνοὺς,
3116 2611 3445 2682 ἀπόκληρος
3471 2605 3567 2683 ἦν,
3594 2609 3705 2661 τῶν

412 2706 521 2760 que
550 2695 783 2763 exprimi
813 2707 1018 2765 posset,
1054 2698 1321 2753 rationein
1362 2701 1486 2754 festi
1524 2703 1741 2757 Pascha:
1776 2709 1839 2757 ad
1874 2722 1999 2774 Spe-

2102 2709 2204 2762 ἅνά
2250 2710 2349 2777 τὴν
2396 2707 2471 2759 ἕω
2516 2709 2737 2761 πάντων
2787 2704 2982 2775 γνώμῃ
3018 2702 3399 2773 ἀπεχομένωνο
3449 2704 3548 2755 καὶ
3592 2703 3703 2753 τῶν

413 2782 709 2836 culativam
737 2786 1265 2855 contemplationem
1296 2793 1593 2853 revocavit,
1620 2809 1787 2845 unum
1822 2797 1998 2850 solum

2104 2798 2445 2859 ἐπισκόπων,
2483 2797 2531 2849 εί
2567 2797 2662 2857 καὶ
2697 2794 2994 2864 βούλοιντο,
3030 2794 3093 2846 οὐ
3132 2792 3241 2863 μὴν
3272 2790 3508 2865 ἀνάγκη
3534 2792 3704 2860 νόμου

410 2889 536 2929 esse
565 2892 749 2930 verum
782 2878 991 2932 Pascha
1028 2879 1221 2935 dicens
1253 2923 1265 2944 ,
1299 2886 1446 2949 quod
1484 2885 1737 2940 Christus
1763 2891 1999 2960 peregit,

414 2970 682 3039 pra'clare
706 2971 975 3028 adversus
1003 2975 1231 3029 hostiles
1255 2985 1554 3044 potestates
1590 2996 1645 3034 re
1678 2991 1851 3050 gesta,
1875 2998 1999 3037 cum

2106 2976 2415 3045 ἱερατεύειν
2445 2976 2541 3026 καὶ
2573 2972 2804 3037 πολλοὺς
2835 2976 2891 3025 ἐν
2924 2977 3041 3038 τοῖς
3078 2972 3465 3036 ἐπισκοπείοις
3495 2971 3701 3032 παῖδας

417 3064 477 3117 in
527 3079 749 3118 crucem
798 3066 1169 3134 suiligeretur,
1232 3069 1390 3137 longe
1442 3072 1652 3137 optime
1698 3089 1765 3127 co
1808 3085 1999 3130 contra

2105 3068 2376 3122 ἀπέτεκον
2422 3068 2486 3120 ἐκ
2534 3068 2644 3119 τῶν
2681 3066 2943 3135 γαμετῶν
2987 3065 3055 3128 ἀς
3104 3064 3359 3134 νομίμως
3415 3065 3717 3134 ἠγάγοντο-

416 3157 792 3211 adversarium
835 3173 971 3212 usus
1019 3167 1248 3232 tropaeo.
1300 3165 1359 3215 ln
1410 3165 1600 3217 eadem
1641 3165 1999 3230 Alexandria,

2110 3161 2400 3231 πρότερον.
2442 3159 2556 3212 Νῦν
2587 3159 2643 3211 δὲ
2662 3158 2788 3211 οὐδ’
2816 3159 2874 3211 ἐν
2904 3157 3099 3228 ὀνείρῳ
3128 3156 3432 3219 ἐπίσκοπος
3467 3156 3696 3225 γυναικὶ

2104 2883 2266 2937 τοῦτο
2292 2883 2617 2937 ποιούντων.
2646 2883 2837 2936 Πολλοὶ
2863 2881 2974 2953 γὰρ
3000 2880 3182 2935 αὐτῶν
3204 2880 3284 2948 τῷ
3307 2882 3398 2933 ἐπι
3416 2878 3704 2942 ποπικῶς
3804 2920 3817 2927 -

417 3248 477 3302 in
512 3249 785 3303 lectorum
819 3258 876 3305 et
911 3252 1256 3306 notariorum
1298 3252 1495 3308 ordine
1538 3253 1838 3310 discrimen
1875 3257 2001 3310 nul-

414 3340 529 3393 lum
575 3340 698 3404 luit,
735 3345 851 3395 sive
901 3342 978 3396 illi
1017 3343 1128 3414 jam
1179 3344 1392 3411 ﬁdeles,
1437 3346 1552 3400 sive
1596 3349 1998 3415 catechumeni,

414 3431 524 3487 hoc
550 3442 657 3498 est,
686 3435 779 3503 qui
818 3449 975 3490 sacra
1009 3436 1270 3492 doctrina
1302 3438 1748 3508 instituerentur,
1792 3453 1998 3507 essent,

417 3538 544 3577 cum
582 3526 835 3579 ecclesiae
869 3527 924 3580 in
962 3527 1102 3584 locis
1129 3530 1389 3586 onmibus
1414 3531 1536 3586 alia:
1570 3532 1760 3588 ﬁdeles
1791 3542 2000 3591 tantum

417 3615 475 3669 in
501 3616 753 3671 ordinem
799 3619 948 3673 hunc
984 3619 1254 3690 legerent.
1291 3622 1348 3675 In
1383 3622 1667 3679 Thessalia
1699 3635 1754 3679 et
1788 3627 1893 3682 hoc
1920 3628 2002 3682 fa-

418 3710 673 3764 ttitatum
708 3727 836 3766 esse
865 3713 1060 3782 liquet.
1098 3714 1326 3769 Licehat
1359 3716 1563 3771 clerico
1589 3720 1786 3785 cuivis,
1823 3720 2005 3789 prius-

419 3813 584 3866 quam
606 3799 660 3852 in
684 3803 938 3855 ordinem
959 3819 1090 3856 eum
1112 3814 1487 3874 cooptaretur,
1509 3808 1755 3877 legitime
1776 3826 2001 3864 uxorem

418 3889 669 3945 ducere:
713 3902 769 3945 at
815 3895 861 3948 si
910 3904 1122 3963 postea,
1166 3907 1228 3950 ut
1272 3900 1677 3954 consuetudine
1719 3914 2003 3972 receptura

421 3992 532 4047 est,
586 3999 816 4038 uxorem
869 3978 1239 4056 cognovisseP,l
1287 3991 1480 4045 ordine
1522 4007 1589 4045 eo
1629 3994 1951 4049 movebatur
1987 4012 2000 4048 :

419 4090 542 4126 cum
588 4076 639 4128 in
678 4076 907 4157 Qriente
944 4093 1176 4144 omnes,
1226 4092 1393 4147 atque
1438 4084 1605 4138 etiam
1656 4086 1922 4157 episcopi,
1958 4087 2001 4143 si

419 4162 647 4226 vellent,
677 4181 780 4233 pro
809 4166 1044 4222 arbitrio
1075 4185 1198 4237 suo,
1237 4188 1346 4225 non
1379 4173 1558 4242 aliqua
1595 4174 1730 4244 legis
1758 4177 2004 4231 necessi-

422 4264 533 4309 tate
589 4259 810 4323 coacti,
874 4275 1107 4314 uxorum
1162 4278 1520 4332 congrcssum
1589 4267 1936 4323 declinarent
1985 4284 1999 4321 :

419 4348 577 4402 multi
625 4352 790 4405 etiam
836 4355 956 4421 ipso
987 4355 1285 4424 episcopali
1317 4372 1547 4413 munere
1588 4358 1900 4430 fungentes,
1946 4360 2004 4415 in

417 4441 825 4511 episcopalibus
852 4446 1065 4500 aedibus
1093 4447 1300 4502 liberos
1330 4451 1534 4505 multos
1561 4467 1627 4506 ex
1651 4453 2002 4523 coniugibus,

417 4548 556 4603 quas
583 4535 687 4589 sibi
719 4537 966 4605 legitimo
997 4543 1351 4595 matrimonio
1373 4553 1536 4597 antea
1561 4546 2004 4616 ceujunxissent,

418 4629 786 4697 susciperent.
817 4630 975 4686 Nunc
1010 4643 1195 4687 autem
1229 4636 1312 4689 vel
1353 4636 1519 4690 etiam
1557 4637 1611 4690 in
1645 4640 1855 4693 somnis
1884 4640 2006 4706 epi-

419 4732 622 4789 scopus
683 4736 808 4775 cum
867 4739 1034 4778 uxore
1077 4742 1174 4780 sua
1219 4730 1630 4795 concumbens,
1691 4729 2005 4798 impudicus

422 4811 678 4866 habetur.
718 4813 824 4869 Sed
870 4819 1016 4869 enim
1055 4820 1403 4876 consuetudo
1432 4837 1494 4875 ea
1526 4838 1648 4892 quae.
1682 4823 1735 4875 in
1766 4823 2003 4878 Thessa-

356 4950 363 4955 .
419 4903 491 4956 lia
525 4916 796 4971 servatur,
820 4908 889 4961 ab
917 4908 1210 4965 Heliodoro
1235 4913 1310 4980 (l)
1342 4915 1434 4967 illo
1459 4913 1708 4968 Tricensi
1739 4915 2002 4983 episcolto

421 5004 606 5051 ortum
658 4998 849 5053 habuit
886 5019 898 5054 :
930 5003 1089 5072 cujus
1124 5006 1379 5060 amatorii
1426 5005 1595 5059 libelli
1637 5005 1741 5061 hoc
1780 5022 2005 5075 quoque

426 5097 676 5156 tempore
712 5091 1205 5155 circumferuntur,
1242 5112 1363 5163 quae
1393 5096 1571 5149 adhuc
1601 5098 1824 5165 juvenis
1852 5113 2004 5151 com-

424 5183 629 5248 posuit,
674 5192 731 5237 et
777 5183 1092 5255 Ethioyica
1145 5188 1454 5258 inscripsit.
1502 5190 1659 5245 Nunc
1704 5203 1888 5246 autem
1940 5207 2005 5246 ea

420 5271 765 5329 Chariclcaan
804 5278 1109 5331 nominant.
1164 5279 1285 5343 Quo
1331 5283 1554 5335 l'tOlttittc
1596 5285 1760 5335 etiam
1794 5285 2011 5353 episco-

424 5377 586 5434 patus
624 5367 675 5421 ei
708 5370 1004 5439 ademptus
1027 5380 1112 5425 est
1149 5390 1162 5424 :
1200 5388 1323 5425 nam
1368 5389 1493 5426 cum
1538 5375 1778 5429 lectione
1813 5390 2008 5429 eorum

424 5459 818 5525 opmculorum
848 5463 1085 5531 juvenes
1130 5465 1285 5518 multi
1330 5465 1382 5518 in
1420 5468 1731 5535 periculum
1768 5468 2011 5537 conjice-

427 5561 655 5617 rentur,
676 5556 924 5625 synodus
966 5558 1330 5625 provincialis
1371 5560 1588 5624 statuit,
1625 5562 1787 5632 297
1828 5563 1912 5616 Vcl
1946 5561 2012 5615 li-

429 5641 602 5700 bellos
631 5647 780 5715 ipsos
809 5650 903 5718 qui
939 5664 1158 5705 amores
1189 5652 1583 5727 accenderent,
1617 5653 1726 5724 igni
1753 5669 2012 5710 consum-

2114 3253 2561 3322 συγκαθευδὴσας
2590 3252 2914 3313 ἀκόλαστος.
2946 3251 3107 3304 Ἀλλά
3130 3250 3225 3303 τοῦ
3259 3250 3359 3317 μὲν
3390 3254 3451 3304 ἐν
3478 3250 3695 3302 Θεσσα-

2109 3345 2200 3416 λίᾳ
2235 3345 2390 3410 ἔθους
2427 3342 2813 3414 προκατῆρξεν
2849 3342 3173 3415 Ἡλιόδωρος
3206 3345 3440 3407 ἐκεῖνος,
3481 3344 3696 3412 Τρίκης

2112 3438 2434 3499 ἐπίσκοπος*
2465 3431 2527 3490 οῦ
2574 3437 2870 3505 πονήματα
2918 3437 3167 3505 ἐρωτικά
3198 3434 3368 3488 εἰσέτι
3398 3435 3496 3489 νῦν
3536 3450 3696 3503 περιι-

2112 3531 2361 3600 φέρεται,
2390 3529 2425 3583 ἃ
2456 3530 2574 3590 νέος
2615 3527 2689 3581 ῶν
2731 3530 3086 3594 συνετάξατο,
3119 3527 3442 3583 Αἰθιοπικὰ
3482 3542 3693 3597 προσαο

2111 3623 2382 3693 ’χορεύσας
2412 3620 2573 3683 αὐτὰ,
2608 3620 2703 3673 νῦν
2731 3620 2788 3672 δὲ
2832 3619 3060 3673 καλοῦσι
3092 3619 3266 3672 ταῦτα
3304 3620 3691 3687 Χαρίκλειαν

2111 3714 2176 3777 δι’
2205 3714 2241 3767 ἃ
2268 3714 2360 3765 καὶ
2388 3712 2487 3781 τὴν
2517 3712 2828 3779 ἐπισκοπὴν
2866 3710 3142 3781 ἀφῃρέθη·
3177 3709 3368 3777 ἐπειδὴ
3417 3710 3531 3780 γὰρ
3566 3706 3696 3760 πολ-

2111 3806 2222 3869 λοῖς
2248 3804 2357 3857 τῶν
2382 3807 2516 3857 νέων
2545 3801 2876 3856 κινδυνεύειν
2907 3801 3117 3854 ἐκεῖθεν
3146 3800 3331 3871 ἐπῄει,
3355 3802 3389 3869 ἠ
3421 3798 3692 3868 ἐγχώριος

2113 3900 2448 3970 προσέταττε
2484 3895 2702 3957 σύνοδος
2737 3893 2769 3964 ἢ
2825 3894 2922 3956 τὰς
2971 3892 3199 3960 βίϐλους
3243 3892 3561 3960 ἀφανίζειν,
3597 3888 3693 3940 καὶ

2114 3993 2249 4062 πυρὶ
2282 3992 2547 4061 δαπανᾷν,
2574 3970 2998 4047 ὐκπαναπτούσας
3025 3985 3116 4038 τὸν
3147 3984 3349 4053 ἔρωτα,
3384 3982 3420 4054 ἢ
3456 3980 3530 4051 μὴ
3556 3981 3691 4048 χρῆ-

2112 4104 2201 4141 ναι
2252 4083 2506 4155 ἱερᾶσθαι
2558 4079 2787 4135 τοιαῦτα
2827 4078 3177 4147 συνθέμενον·
3233 4077 3327 4129 τὸν
3372 4073 3433 4127 δὲ
3490 4069 3691 4142 μᾶλλον

2112 4177 2336 4232 ἑλέσθαι
2378 4174 2478 4244 τὴν
2528 4171 2834 4243 ἱερωσύνην
2867 4169 3070 4231 λιπεῖν,
3101 4167 3134 4239 ἢ
3169 4168 3234 4220 ἐκ
3285 4165 3454 4235 μέσου
3486 4160 3691 4215 τιθέναι

2111 4269 2174 4323 τὸ
2221 4267 2588 4336 σύγγραμμα.
2619 4266 2685 4317 ‘U
2734 4264 2828 4317 καὶ
2878 4262 3117 4330 ἐγένετο.
3157 4260 3478 4329 Διετηρεῖτο
3524 4255 3582 4308 δὲ
3632 4252 3690 4305 τδ

2112 4362 2236 4425 ἐθος
2267 4360 2424 4414 τοῦτο
2451 4360 2510 4412 ἐν
2539 4374 2599 4411 τε
2628 4356 3023 4427 Θεσσαλονίκῃ,
3056 4355 3197 4424 αὐτῇ
3232 4369 3291 4405 τε
3321 4351 3472 4422 πάσῃ
3504 4349 3689 4405 Μαγε-

2111 4455 2262 4524 δονίᾳ
2291 4452 2384 4506 καὶ
2428 4450 2665 4504 Ἑλλάδι.
2707 4448 2821 4501 Καὶ
2861 4449 2990 4503 ἀλλο
3029 4446 3086 4499 δὲ
3131 4445 3253 4507 ἐθος
3302 4446 3359 4496 ἐν
3403 4437 3686 4503 Θεσσαλίᾳ

2040 4524 2081 4579 D
2109 4544 2199 4620 ἦν’
2228 4547 2370 4600 κατά
2401 4546 2509 4614 γὰρ
2538 4544 2636 4606 τὰς
2663 4543 2881 4613 ἡμέρας
2913 4540 3008 4594 τοῦ
3035 4539 3226 4608 Πάσχα
3257 4536 3422 4606 μόνον
3457 4532 3686 4586 ἐϐάπτι-

2113 4643 2225 4706 ζον·
2251 4639 2331 4693 διὸ
2359 4638 2455 4693 καὶ
2497 4635 2685 4689 πολλοὶ
2728 4633 2983 4689 ἐντεῦθεν
3009 4630 3246 4699 ἀμύητοι
3278 4627 3566 4696 ἔθνησκον.
3597 4621 3684 4673 Ἐν

2111 4735 2167 4788 δὲ
2199 4736 2266 4803 τῇ
2303 4730 2427 4785 κατ’
2469 4730 2812 4798 Ἀντιόχειαν
2846 4727 2942 4796 τῆς
2979 4724 3185 4794 Συρίας
3220 4721 3288 4775 τὰ
3322 4716 3683 4784 θυσιαστήρια

2108 4829 2209 4896 τὴν
2269 4826 2420 4879 θέσιν
2473 4827 2587 4887 τοῖς
2640 4822 2826 4885 ἄλλοις
2856 4818 3230 4888 ἀντιστρόφως
3280 4810 3451 4883 εἶχον·
3482 4810 3543 4864 ού
3578 4805 3683 4874 γὰρ

2109 4925 2246 4991 πρὸς
2292 4920 2390 4976 ἕως
2433 4919 2570 4971 ἀλλὰ
2613 4917 2752 4986 πρὸς
2796 4913 2950 4967 δύσιν
2985 4913 3132 4981 ἐώρα
3166 4909 3230 4963 τὸ
3275 4904 3680 4971 θυσιαστήριον.

2112 5016 2213 5066 Ἕν
2240 5030 2302 5081 γε
2350 5012 2458 5081 μὴν
2492 5011 2653 5081 Allia.
2682 5008 2779 5061 κοιλ⁸
2823 5004 3097 5075 Θεσσαλίᾳ
3118 5004 3218 5058 καὶ
3259 4998 3473 5055 Ἐλλάδι
3499 4994 3596 5054 τὰς
3625 4991 3681 5042 ὲν

2110 5108 2231 5168 ταῖς
2278 5104 2625 5175 λυχνοκαῗαις
2676 5100 2843 5171 εὐχὰς
2872 5100 3070 5167 ἐπίσης
3109 5097 3221 5157 τοϊς
3258 5097 3313 5147 ἐν
3346 5093 3686 5183 Κωᾲνσταντι-

2111 5196 2364 5249 νουπόλει
2394 5194 2756 5252 Ναυατιαιοίς
2805 5189 3047 5242 ἐποίουν.
3081 5183 3358 5244 Ὡσαύτως
3402 5181 3459 5233 δέ
3490 5176 3584 5230 καὶ
3631 5176 3684 5221 ἐν

2117 5285 2328 5364 Κύπρῳ
2358 5286 2450 5336 καὶ
2488 5281 2800 5351 Καισαρείᾳ
2838 5280 2936 5348 τῆς
2975 5274 3379 5335 Καππαδοκίας
3410 5271 3468 5322 ἐν
3506 5262 3683 5364 ﬁtﬁt.”

2114 5352 2400 5429 21662100
2445 5392 2503 5427 τε
2537 5374 2631 5426 καλ⁸
2677 5369 2964 5442 Κυριακῆς
2990 5369 3119 5438 περὶ
3154 5367 3399 5457 ἑσπέραν
3424 5359 3560 5431 μετά

2113 5467 2420 5539 λυχναψίαν
2450 5467 2504 5520 οἵ
2530 5483 2589 5518 τε
2633 5467 2929 5517 ἐπίσκοποι
2974 5462 3071 5515 καὶ
3108 5461 3158 5512 οι
3193 5455 3683 5553 πρεσϐύτερρξῃσξῗς

2115 5536 2270 5630 ἱεράς
2291 5559 2517 5630 Γραφάς
2542 5558 2623 5627 τῷ
2648 5556 2761 5625 λαῷ
2794 5553 3215 5624 ἑρμηνεύουσιν.
3251 5550 3315 5603 Ol
3346 5548 3389 5600 δ’
3417 5547 3472 5596 ἐν
3503 5536 3683 5598 Ἐλλτὶ⁸

2064 5721 2076 5733 ε
2118 5655 2334 5723 σπόντῳ
2360 5653 2427 5706 τὰ
2457 5652 2713 5705 Ναυάτου
2744 5646 3072 5719 φρονοῦντες
3095 5645 3158 5697 οὐ
3183 5644 3281 5706 τὰς
3305 5641 3465 5711 εὐχὰς
3494 5630 3679 5691 ἐπίσης

500 5758 766 5837 (t)_llunc
819 5761 1173 5821 Heliodorum
1236 5782 1342 5822 non
1404 5760 1594 5823 diluta:
1657 5768 1999 5827 auctoritatis
2034 5767 2360 5837 scriptorem
2405 5782 2528 5823 esse
2576 5767 2799 5837 scripsit
2842 5763 3082 5834 Angelus
3161 5759 3325 5815 Polit.
3395 5744 3675 5810 Macella"-

426 5844 547 5898 cap.
576 5832 628 5885 ὅ.
