4062 6478
407 364 506 434 861

1357 371 1961 434 ECCLESlAleC/E
2008 377 2392 439 iiISTURl/E
2422 381 2571 444 LIB.
2613 382 2752 443 XII.

3566 381 3679 454 862'

406 483 647 537 σίσὰπαν
699 482 919 535 ἐποίουν
942 485 1053 546 τοῖς
1086 484 1142 535 ἐν
1176 484 1747 540 Κωνσταντινουπόλει
1775 486 1844 539 τὰ
1902 486 1975 540 ίσο

2100 499 2224 559 ptes
2260 493 2582 559 abolendos,
2621 497 2706 551 vel
2742 497 2836 567 qui
2886 513 2983 555 eos
3011 502 3413 571 composuisset
3459 507 3669 559 auctori

405 572 726 639 στέργουσι·
762 572 829 624 τέι
880 570 1051 624 πολλὰ
1085 572 1142 624 δὲ
1194 573 1553 643 παραπλήσια
1604 576 1876 646 ἔπραττον
1919 577 1985 646 τῇ

406 662 692 735 κρατοὺσῃ
737 663 1057 732 Ἐκκλησία.
1091 663 1340 717 Καθόλου
1385 664 1430 719 δ’
1465 666 1539 729 ὼς
1575 670 1751 720 εἰπεῖν
1792 671 1849 720 ἐν
1884 670 1987 721 πά-

406 770 528 814 σαις
562 756 678 816 ταῖς
705 753 885 819 δόξαις
913 753 1170 824 οὐδαμῶς
1202 755 1351 807 ἔστιν
1377 758 1562 825 εὑρεῖν
1597 758 1726 826 μίαν
1754 775 1988 826 συμφω-

404 842 525 893 νίαν
568 844 624 891 ἐν
667 842 854 911 εὐχαῖς
902 842 1070 911 ἔχειν.
1103 844 1166 895 Oi
1198 846 1325 911 περὶ
1375 843 1467 895 τὸν
1501 845 1717 914 Ἵστρον
1753 843 1982 906 Σκίθαι,

402 932 606 996 πολλὰς
637 936 728 986 καὶ
780 936 1029 1002 μεγάλας
1060 933 1279 1002 ἔχοντες
1312 935 1523 998 πόλεις.
1559 935 1649 1004 ὑφ’
1677 937 1756 988 ἐνὶ
1786 936 1986 996 πάντες

400 1022 689 1091 ἐπισκόπῳ
709 1023 1021 1077 τάττονται.
1055 1025 1143 1078 Ἐν
1177 1023 1221 1076 δ’
1255 1025 1437 1086 ἄλλοις
1468 1026 1680 1077 ἔθνεσιν
1713 1010 2011 1092 ἔγνωμεν(

405 1111 482 1181 μὴ
520 1113 681 1181 μόνον
711 1114 768 1165 ἐν
795 1116 973 1177 πόλει,
1006 1115 1144 1167 ἀλλὰ
1170 1117 1263 1169 καί
1291 1116 1377 1183 ἐφ’
1406 1117 1614 1188 ἑκάστῃ
1640 1120 1803 1187 κώμῃ
1837 1118 1986 1186 ίερᾶ-

403 1207 528 1259 σθαι
579 1207 904 1259 ἐπίσκοπον·
934 1209 961 1260 ὃ
992 1209 1055 1279 δὴ
1095 1210 1335 1276 μαλιττα
1382 1210 1629 1279 Ἀράϐιοι
1661 1210 1781 1271 ἔθος
1837 1206 1983 1278 εἶχον

403 1303 496 1352 καὶ
545 1300 810 1371 Κύπριοι,
843 1303 936 1354 καὶ⁵
969 1304 1017 1355 οἱ
1060 1305 1118 1355 ἐν
1152 1304 1362 1373 Φρυγίᾳ
1398 1304 1764 1360 Ναυατιανοὶ.
1800 1304 1892 1356 καὶ
1933 1304 1982 1354 ei

400 1388 509 1439 ἀπὸ
532 1389 816 1440 Μοντανοῡ
844 1390 1238 1457 καταγόμενοι.
1269 1390 1424 1458 Παρὰ
1448 1391 1505 1442 δὲ
1530 1394 1597 1460 τῇ
1636 1390 1824 1460 Ῥώμῃ
1853 1389 1981 1459 ἄχρι

399 1480 497 1532 τοῦ
531 1480 626 1532 νῦν
658 1481 880 1541 πλείους
910 1479 1020 1532 τῶν
1052 1482 1192 1533 ἐπτὰ
1225 1482 1467 1536 διάκονοι
1502 1483 1560 1534 οὐ
1606 1484 1870 1550 γίνονται,
1902 1485 1980 1544 είς

403 1574 641 1642 μίμησιν
667 1572 775 1624 τῶν
802 1573 953 1643 παρὰ
982 1574 1091 1626 τῶν
1121 1576 1441 1628 ἀποστόλων
1467 1576 1978 1644 χειροτονηθέντων,

400 1661 475 1718 ὧν
506 1668 695 1736 ἡγεῖτο
728 1667 1022 1732 Στέφανος,
1049 1670 1076 1721 6
1107 1668 1326 1736 πρῶτος
1358 1670 1448 1720 τὸν
1482 1670 1822 1737 μαρτυρικδν
1846 1670 1977 1720 ἀνα-

399 1760 705 1830 δησάμενος
740 1761 1027 1828 στέφανον.
1065 1762 1225 1830 [lupi
1270 1761 1326 1813 δὲ
1376 1763 1487 1824 τοῖς
1532 1761 1715 1824 ἄλλοις
1748 1762 1916 1812 πᾶσιν
1950 1762 1978 1812 6

2095 586 2435 640 [unctionem
2468 589 2835 659 episcopalem
2857 592 3228 664 abrogandam
3253 610 3394 649 esse.
3424 595 3518 651 Ille
3544 613 3673 651 vero

2092 677 2470 746 episcopatum
2521 683 2822 750 deponere,
2858 701 3021 754 quam
3063 687 3269 756 scripta
3304 702 3402 740 sua
3450 689 3673 756 suppri-

2092 784 2242 823 mere
2267 772 2479 825 maluit.
2513 773 2639 827 Haec
2664 788 2845 829 autem
2877 779 3220 831 consuetudo
3245 779 3669 846 Thessalonicae,

2089 868 2256 927 atque
2289 861 2343 913 in
2389 862 2724 924 Macedonia.
2761 876 2816 919 et
2851 866 3062 922 Gracia
3096 870 3268 930 omni,
3314 883 3525 925 servata
3561 882 3665 924 est.

2088 950 2248 1005 Alius
2277 950 2407 1005 item
2447 953 2499 1005 in
2548 953 2830 1029 Thessalia
2876 973 2994 1011 mos
3042 958 3164 1023 fuit,
3212 970 3273 1013 ut
3316 961 3669 1014 Paschalibus

2091 1050 2303 1096 tantum
2361 1044 2559 1100 diebus
2614 1048 2921 1115 baptismus
2964 1062 3324 1119 perageretur
3368 1069 3380 1102 τ
3433 1067 3672 1118 quapro-

2087 1144 2209 1203 pter
2232 1136 2396 1188 tnulti
2426 1137 2594 1190 etiam
2627 1153 2693 1190 eo
2728 1151 3077 1194 sacramento
3104 1158 3208 1193 non
3244 1142 3438 1194 initiati
3475 1142 3641 1195 deces

2086 1239 2230 1279 sere.
2279 1225 2334 1280 In
2378 1228 2517 1281 urbe
2548 1228 2910 1295 Antiochena,
2942 1248 3061 1299 quae
3096 1233 3149 1285 in
3198 1233 3349 1304 Syria
3387 1243 3485 1293 νει,
3532 1235 3667 1286 alta—

2089 1318 2165 1370 ria
2190 1318 2266 1388 μ)
2293 1319 2573 1373 diversum
2602 1336 2832 1389 prorsus
2854 1338 3018 1388 quam
3047 1323 3178 1375 alibi
3203 1323 3368 1377 situm
3396 1323 3663 1377 habuere.

2086 1408 2253 1463 Sacra
2291 1411 2439 1464 enim
2473 1427 2565 1463 ara
2598 1411 2795 1465 nonad
2829 1410 3133 1476 Orientem,
3170 1413 3263 1467 sed
3297 1414 3361 1466 ad
3395 1412 3666 1467 Occiden-

2087 1508 2192 1554 tem
2251 1516 2443 1555 versus
2490 1503 2755 1556 collot-ata
2818 1503 3018 1558 fuerat.
3057 1504 3471 1574 Hierosolymis,
3503 1514 3560 1559 et
3604 1505 3659 1558 in

2084 1589 2390 1654 Thessalia,
2423 1602 2588 1660 atque
2620 1593 2785 1647 etiam
2820 1595 2873 1647 in
2897 1593 3128 1658 Graecia,
3158 1595 3504 1648 consuetudo
3536 1593 3659 1657 fuit,

2084 1692 2146 1735 ut
2173 1699 2365 1750 preces
2391 1683 2447 1737 in
2472 1685 2779 1753 pervigiliis
2805 1686 2871 1740 ad
2905 1687 3159 1741 lucernas
3182 1700 3444 1739 accensas
3468 1684 3664 1739 eodem

2085 1791 2194 1843 quo
2224 1774 2538 1840 Novatiani,
2569 1774 3075 1845 Constantinopoli,
3111 1777 3277 1831 modo
3311 1786 3663 1846 peragerent.

404 1851 639 1920 ἀριθμὸς
667 1850 874 1902 τούτων
905 1851 979 1911 ὡς
1011 1850 1199 1919 ἔτυχεν
1233 1853 1325 1903 ἐπὶ
1356 1850 1575 1922 Ῥώμης
1605 1851 1724 1903 καθ’
1746 1850 1975 1903 ἕκαστον

2080 1866 2456 1920 Consimiliter
2486 1866 2541 1920 in
2569 1866 2752 1939 Cypro
2780 1879 2834 1922 et
2862 1869 3128 1923 Cmsarere
3162 1868 3584 1937 Cappadocum,
3606 1866 3662 1919 in

400 1941 518 2003 ἔτος
551 1941 701 2006 ἆπαξ
721 1942 782 1995 τὸ
817 1942 1138 2009 Ἀλληλούῖα
1159 1943 1445 2012 ψάλλουσι,
1474 1943 1618 1996 κατὰ
1643 1943 1744 2012 τὴν
1774 1943 1976 2011 κυριώ-

401 2052 572 2106 νυμον
600 2037 697 2102 τῆς
735 2036 1049 2105 Πασχαλίας
1081 2037 1318 2107 ἡμέραν*
1354 2037 1382 2088 ὃ
1414 2037 1477 2107 δὴ
1510 2036 1604 2088 καὶ
1647 2036 1862 2096 πολλοῖς
1896 2036 1976 2097 εἱς

401 2129 565 2198 ὅρκον
591 2132 768 2180 κεῖται
798 2128 985 2197 εὐχῆς,
1013 2126 1143 2181 ὥστ’
1176 2130 1475 2196 ἀξιωθῆναι
1509 2128 1741 2181 ἀκοῦσαι
1769 2126 1827 2179 τὸ
1860 2128 1977 2180 Ἀλ-

403 2219 630 2286 ληλούῖα
676 2220 770 2272 καὶ
824 2219 944 2289 μεθ’
973 2220 1169 2289 ἡδονῆς
1215 2220 1410 2289 ψᾶλαι.
1466 2219 1604 2274 Οὔτε
1655 2220 1710 2272 δέ
1742 2236 1825 2282 τις
1868 2220 1977 2270 τῶν

411 2312 634 2383 Ῥώμης
670 2312 1013 2378 ἐπισκόπων,
1065 2311 1177 2365 οὔτ’
1225 2313 1384 2374 ἄλλος
1437 2330 1521 2375 τις
1572 2312 1659 2364 ἐπ’
1706 2312 1978 2382 ἐκκλησία

402 2403 728 2474 προσομιλεῖ
758 2404 837 2474 τῷ
869 2404 1004 2475 λαῷ·
1042 2406 1100 2456 ἐν
1134 2404 1179 2456 δ’
1221 2404 1601 2475 Ἀλεξανδρείᾳ
1634 2405 1794 2474 μόνος
1818 2404 1976 2458 τοῦτο

396 2492 634 2563 ἔπραττε
659 2496 756 2563 τῆς
787 2488 992 2558 πόλεως
1019 2495 1045 2547 6
1089 2495 1405 2557 ἐπίσκοπος.
1436 2495 1610 2561 Λόγος
1636 2512 1698 2562 γε
1729 2494 1837 2566 μὴν
1863 2496 1976 2566 ἔχει

397 2586 625 2655 ὕστερον
671 2587 1043 2654 ἐπιγενέσθαι,
1102 2586 1177 2655 μὴ
1221 2586 1278 2651 ἐξ
1324 2585 1482 2646 ἔθους
1549 2584 1615 2637 ὃν
1686 2586 1974 2657 πρότερον.

394 2676 577 2737 Arcto;
608 2676 652 2728 δ’
689 2676 914 2743 ἐγένετο
950 2675 1193 2745 Ἀρειος-
1235 2674 1294 2735 ὃς
1325 2673 1700 2745 πρεσϐύτερος
1744 2673 1845 2738 ὢν,
1882 2678 1976 2728 καὶ

396 2767 668 2820 διδάσκειν
701 2767 1171 2837 προὸεϐλημένος,
1208 2766 1350 2819 κατὰ
1395 2766 1489 2819 τοῦ
1540 2767 1777 2836 ἀληθοῦς
1817 2770 1979 2822 ἐνεω-

394 2861 580 2929 τέρισε
604 2861 902 2930 δόγματος,
926 2862 1024 2914 καὶ
1050 2862 1150 2927 τὴν
1180 2860 1509 2931 Ἐκκλησίαν
1536 2861 1788 2930 ἐτάραξε.
1814 2859 1976 2914 Ξένον

394 2950 450 3004 δὲ
488 2953 582 3004 καὶ
613 2951 960 3005 παντάπασιν
1018 2951 1185 3018 ἄηθες
1212 2956 1275 3021 τῇ
1314 2951 1612 3023 Ἐκκλησία
1643 2954 1794 3021 παρὰ
1830 2953 1980 3005 Ἀλε-

399 3043 721 3113 ξανδρςῦσιν
768 3043 944 3112 ἔγνων
992 3044 1163 3099 πάλαι
1214 3043 1527 3114 γινόμενοψ
1575 3044 1835 3113 οὐδαμῶς
1868 3044 1977 3111 γὰρ

2080 1959 2340 2019 Sabbato,
2371 1969 2425 2012 et
2456 1960 2747 2014 Dominico
2772 1961 2861 2015 die
2892 1961 3127 2029 vesperi,
3161 1971 3283 2028 post
3310 1960 3662 2011 lucernarum

2080 2053 2498 2112 accensionem,
2536 2053 2781 2122 episcOpi
2830 2064 2885 2107 et
2940 2053 3244 2123 presbyteri
3297 2065 3482 2104 sacras
3518 2049 3665 2103 Scri-

2080 2155 2273 2211 pturas
2309 2145 2513 2213 populo
2547 2154 2855 2214 exponunt.
2898 2143 3187 2198 Novatiani
3229 2150 3435 2203 autem,
3477 2139 3570 2209 qui
3607 2139 3661 2191 in

2081 2237 2432 2320 Hellesponto
2478 2247 2637 2300 sunt,
2691 2253 2799 2290 non
2846 2238 3103 2291 eumdem
3150 2235 3422 2289 orationis
3471 2235 3660 2296 ritum,

2078 2346 2242 2399 quem
2284 2330 2541 2385 factionis
2577 2345 2770 2384 eorum
2827 2329 3122 2399 populares
3156 2327 3660 2395 Constantinopoli,

2077 2431 2323 2482 servant,
2354 2421 2710 2473 caeremonias
2739 2418 3047 2472 obtinentis
3076 2418 3148 2471 ibi
3180 2418 3439 2473 Ecclesiae
3467 2417 3664 2472 catho-

2078 2511 2199 2566 licae
2233 2513 2536 2581 plurimum
2579 2523 2896 2580 sequentes.
2929 2511 2994 2563 Et
3029 2520 3090 2565 ut
3123 2512 3176 2563 in
3207 2524 3423 2564 summa
3455 2508 3661 2575 dicam,

2078 2603 2135 2657 in
2157 2603 2518 2672 Opinionibus
2543 2612 2599 2657 et
2628 2603 2796 2657 sectis
2824 2603 3104 2663 omnibus,
3141 2601 3569 2671 haudquaquam
3603 2601 3661 2652 in

2079 2695 2496 2765 precationibus
2548 2711 2717 2748 unum
2778 2703 2873 2748 aut
2933 2695 3167 2749 alterum
3220 2691 3659 2762 consentientem

2080 2795 2248 2846 ritum
2278 2802 2554 2847 servatum
2603 2807 2744 2854 esse,
2778 2793 3027 2845 invenire
3058 2799 3161 2844 est.
3209 2788 3425 2859 Scythae
3456 2788 3551 2857 qui
3585 2784 3655 2839 ad

2080 2887 2281 2941 Istrum
2315 2885 2527 2950 colunt,
2562 2885 2762 2938 multas
2796 2894 2852 2938 et
2888 2898 3113 2952 magnas
3142 2881 3348 2934 habent
3379 2879 3657 2942 civitates,

2078 2989 2136 3034 et
2162 2995 2353 3034 omnes
2375 2980 2469 3032 ttni
2498 2979 2761 3045 subjecta:
2783 2985 2913 3031 sunt
2938 2976 3222 3045 episcopo.
3244 2973 3298 3027 In
3325 2973 3445 3027 aliis
3475 2984 3658 3025 autem

2082 3073 2321 3142 populis,
2364 3088 2472 3124 non
2522 3071 2700 3124 solum
2752 3070 2807 3122 in
2860 3069 3114 3131 urbibus,
3157 3081 3350 3121 verum
3391 3067 3558 3120 etiam
3602 3066 3660 3118 in

396 3136 731 3189 ἐπανίστατο
786 3138 815 3188 6
875 3136 1173 3199 ἐπίσκοπος
1231 3139 1342 3189 τῶν
1406 3136 1570 3205 ίερῶν
1627 3136 1973 3202 Εὑαγγελίων

2080 3163 2392 3231 quibusque
2420 3163 2576 3220 vicis.
2614 3160 2906 3229 episcopos
2939 3175 3061 3213 esse
3095 3158 3326 3213 scimus.
3363 3156 3496 3223 Quae
3526 3171 3663 3211 con-

396 3228 952 3297 ἀναγινωσκομένων·
997 3228 1027 3281 δ
1075 3230 1133 3281 ἐν
1172 3229 1397 3300 οὐδεμιᾷ
1429 3228 1540 3281 τῶν
1586 3228 1901 3298 ἐκκλησιῶν
1936 3228 1968 3296 ἢ

396 3321 832 3391 ἐγνωῆἦκουσέ
863 3340 948 3385 τις
996 3323 1166 3376 πάλαι
1213 3316 1608 3393 γεγενημένον.
1654 3324 1872 3392 Ταύτην
1916 3323 1973 3376 δέ

396 3412 496 3480 τὴν
552 3412 708 3483 ἱερὰν
756 3413 942 3484 βίϐλον
986 3416 1167 3468 ἐκεῖσε
1213 3416 1375 3483 μόνος
1419 3415 1507 3468 ἀεὶ
1542 3414 1916 3482 ἀναγινώσκει
1944 3419 1973 3469 ό

396 3505 799 3575 ἀρχιδιάκονος*
829 3509 887 3560 ὲν
923 3506 1115 3570 ἄλλαις
1147 3506 1205 3560 δέ
1251 3506 1570 3575 ἐκκλησίαις
1617 3496 1882 3560 διάκονοι⁹
1914 3507 1972 3557 ἐν

399 3596 621 3659 πολλαῖς
660 3596 717 3650 δὲ
765 3597 957 3660 ἄλλαις
1006 3598 1162 3667 μόνοι
1207 3599 1256 3651 οί
1301 3599 1486 3668 ἱερεῖς·
1517 3597 1575 3651 ἐν
1606 3614 1718 3651 τισι
1757 3597 1814 3650 δὲ
1862 3597 1972 3651 τῶν

396 3687 687 3757 ἐπισήμων
735 3687 961 3757 ἡμερῶν
1003 3690 1100 3740 καὶ
1145 3688 1459 3741 ἐπίσκοπον
1500 3686 1693 3758 ὥσπερ
1729 3687 1788 3739 ἐν
1822 3687 1974 3740 Κων-

398 3781 848 3834 σταντινςυπόλει
869 3783 999 3852 ἄχρι
1027 3781 1117 3835 τοῦ
1145 3780 1240 3835 νῦν
1266 3783 1588 3851 πράττεται,
1610 3782 1707 3835 καὶ
1736 3781 1973 3849 μάλιστα

393 3871 539 3929 κατά
573 3872 671 3941 τὴν
719 3872 949 3943 πρώτην
989 3873 1209 3942 ἡμέραν
1258 3874 1360 3941 τῆς
1409 3874 1718 3942 [Ιασχαλίου
1753 3874 1972 3943 ἑορτῆς,

372 3964 486 4015 ,καὶ
515 3966 574 4016 ἐν
598 3966 665 4033 τῇ
694 3966 887 4034 πρώτῃ
912 3965 1104 4032 εἰσόδῳ
1129 3965 1221 4017 τοῦ
1250 3963 1522 4017 ἐνιαυτοῦ.
1552 3965 1619 4016 Ἀ
1644 3967 1740 4017 καὶ
1763 3965 1969 4027 διπλῶς

394 4056 791 4123 ἐκφωνοῦνται·
822 4057 950 4110 ὅσον
986 4057 1095 4128 γὰρ
1131 4060 1339 4118 ἐκεῖνος
1385 4057 1558 4124 λέγει,
1598 4058 1793 4110 ἔπειτα
1824 4058 1974 4126 λέγει

393 4147 556 4200 τοῦτο
587 4152 680 4200 καὶ
710 4149 739 4200 6
787 4148 1058 4213 6tdxo~.o;'
1092 4151 1166 4213 ὥς
1201 4168 1266 4219 γε
1297 4151 1504 4219 οἴομαι,
1538 4150 1626 4202 ἴνα
1659 4150 1791 4219 δοκῇ
1825 4154 1920 4203 καὶ
1949 4152 1976 4203 6

394 4243 699 4306 ἐπίσκοπος
743 4241 1043 4312 κηρύττειν
1092 4243 1247 4308 αὐτὸ,
1282 4244 1375 4296 καὶ
1419 4242 1495 4313 μὴ
1546 4243 1705 4311 μόνον
1739 4243 1789 4295 οἱ
1817 4244 1977 4296 τοῦτο

396 4336 651 4407 λαχόντες
695 4337 991 4390 διακονεῖν.
1016 4336 1177 4400 Ἴσως
1217 4336 1272 4388 δὲ
1311 4336 1406 4387 καὶ
1447 4336 1522 4409 ὡς
1555 4337 1787 4406 βροντῆς
1819 4336 1976 4406 δίκην

396 4425 688 4495 οὐρανόθεν
727 4425 1042 4489 ἀκούοντες,
1075 4424 1509 4493 ἀπαραποιήτως
1547 4422 1691 4478 οὕτω
1720 4425 1973 4494 διαγγέλ-

2076 3254 2310 3306 saetmlo
2348 3252 2490 3319 apud
2541 3252 2756 3306 Arabes
2791 3252 3167 3321 potissimum,
3208 3259 3263 3304 et
3307 3249 3557 3319 Cyprios,
3605 3259 3662 3303 et

2077 3345 2130 3398 in
2165 3343 2397 3414 Phrygia
2427 3343 2570 3410 apud
2600 3343 2959 3406 Noratianos,
2991 3352 3158 3412 atque
3192 3342 3334 3411 apud
3378 3356 3475 3395 eos
3506 3341 3600 3409 qui
3629 3356 3662 3395 τι

2077 3438 2332 3491 Montano
2359 3438 2577 3491 deducti
2615 3447 2765 3501 sunt,
2802 3437 2924 3489 fuit.
2974 3437 3162 3490 Roma:
3207 3436 3273 3488 ad
3320 3435 3658 3488 hodiernum

2077 3543 2251 3595 usque
2280 3528 2425 3580 diem
2457 3541 2565 3579 non
2604 3526 2792 3595 plures
2814 3541 2976 3595 quam
3003 3536 3213 3595 septem
3243 3525 3463 3579 diaconi
3497 3524 3655 3589 ﬁunt,

2075 3618 2139 3671 ad
2174 3632 2366 3672 eorum
2404 3619 2580 3672 instar
2603 3618 2698 3687 qui
2739 3618 2809 3671 ab
2837 3618 3106 3687 apostolis
3138 3618 3314 3672 creati
3354 3625 3505 3681 sunt,
3535 3616 3663 3685 qui-

2077 3709 2181 3765 bus
2219 3709 2536 3779 Stcphanus
2584 3711 2675 3765 ille
2719 3710 2936 3780 pratfuit
2963 3753 2977 3776 ,
3007 3711 3101 3781 qui
3152 3710 3364 3780 primus
3408 3709 3661 3777 martyrii

2076 3804 2379 3871 reportavit
2429 3818 2718 3857 coronam.
2764 3804 2925 3873 Apud
2974 3805 3114 3858 alios
3161 3804 3394 3873 populos
3441 3816 3658 3865 omnes,

2076 3906 2239 3962 quem
2276 3908 2399 3948 sors
2434 3894 2582 3956 tulit,
2620 3908 2814 3949 eorum
2859 3909 3127 3949 numerus
3165 3906 3274 3948 est.
3317 3894 3374 3948 ln
3412 3894 3660 3947 Romana

2079 3987 2215 4039 urbe
2243 3986 2431 4040 itidem
2463 3986 2762 4055 quotannis
2786 3985 2956 4041 semel
2986 3987 3240 4052 Alleluia,
3281 3985 3522 4056 paschali
3556 3986 3659 4039 Do-

2080 4078 2286 4131 minieo
2316 4078 2403 4131 die
2429 4077 2753 4132 concinnat.
2784 4077 3026 4133 Proinde
3055 4077 3132 4147 (2)
3175 4094 3203 4130 a
3235 4078 3426 4131 multis
3447 4078 3659 4147 jureju-

2079 4168 2255 4222 rando
2275 4169 2663 4238 concipien'do,
2693 4170 2949 4238 votisque
2974 4169 3387 4237 nuneupandis,
3424 4182 3659 4238 usurpa-

2081 4271 2194 4312 tum
2230 4272 2335 4324 est,
2381 4270 2440 4313 ut
2472 4261 2555 4315 eis
2580 4261 2811 4315 Alleluia
2840 4261 3055 4328 audire,
3085 4269 3142 4314 et
3184 4276 3310 4314 cum
3342 4261 3531 4315 laetitia
3566 4275 3657 4314 ca-

2082 4368 2213 4405 nere
2245 4351 2494 4404 daretur.
2529 4350 2696 4420 298
2728 4351 2918 4421 Neque
2951 4351 3274 4420 episcopus,
3307 4364 3483 4419 neque
3513 4350 3659 4403 alius

2081 4446 2369 4513 quisquam
2424 4444 2476 4497 in
2522 4443 2760 4498 ecclesia
2810 4444 2997 4498 Roma:
3042 4442 3110 4497 ad
3157 4442 3418 4512 populum
3446 4441 3658 4496 docens

395 4516 578 4585 λομεν.
611 4514 1008 4582 Ἀναγινὼσκει
1031 4514 1087 4567 δὲ
1117 4516 1211 4566 καὶ
1244 4514 1306 4567 τὸ
1336 4514 1556 4578 πρῶτον
1582 4516 1681 4581 τῆς
1705 4516 1965 4585 διαθήκης

2080 4533 2243 4587 verba
2284 4533 2433 4587 facit.
2482 4533 2830 4588 Alexandria:
2860 4543 3044 4587 autem
3077 4534 3231 4588 solus
3275 4532 3381 4589 hoc
3425 4549 3655 4587 munere

395 4608 749 4676 Εὑαγγὲλιον,
784 4606 859 4668 ὡς
895 4606 1080 4675 ἐντελῆ
1122 4604 1214 4656 τὸν
1265 4604 1434 4657 τύπον
1472 4607 1656 4675 φέρων
1704 4605 1968 4674 Χριστοῦ.

394 4700 577 4770 Εὐχὰς
603 4701 660 4753 δὲ
694 4701 789 4753 καὶ
816 4699 1137 4769 ψαλμῳδίας
1172 4699 1234 4750 οὐ
1268 4699 1367 4761 τὰς
1399 4699 1589 4762 αὐτὰς,
1624 4698 1698 4760 ὡς
1729 4698 1969 4768 εἴρηται,

393 4797 451 4847 αἱ
494 4795 785 4865 ἐκκλησίαι
830 4793 1040 4847 ἆπασαι
1074 4792 1314 4862 ἔχουσιν,
1348 4791 1467 4845 ἀλλ’
1497 4791 1620 4844 οὐδὲ
1660 4791 1757 4851 τὰς
1798 4791 1970 4853 αὐτὰς

394 4886 611 4956 βίϐλους
660 4885 755 4938 καὶ
803 4884 1235 4953 ἁναγνώσματα.
1286 4882 1399 4953 Τὴν
1445 4882 1577 4951 γοῦν
1595 4882 1971 4967 θιαλουμένην

404 4979 777 5047 Ἀποκάλυψιν
823 4979 1056 5048 Πέτρου,
1094 4978 1169 5039 ὡς
1202 4976 1357 5029 νόθον
1390 4976 1545 5045 παρὰ
1584 4976 1693 5029 τῶν
1726 4976 1969 5047 ἀρχαίων

392 5072 838 5143 δοκιμασθεῖσαν,
897 5072 1047 5141 παρὰ
1094 5071 1476 5131 Παλαιστινοῖς
1532 5070 1591 5121 ἐν
1646 5070 1971 5139 ἐκκλησίαις

396 5167 538 5218 τισὶν
567 5165 716 5230 ἅπαξ
764 5165 998 5217 ἑκάστου
1046 5163 1200 5224 ἔτους
1252 5164 1417 5231 μέχρι
1454 5160 1651 5213 πολλοῦ
1700 5162 1970 5230 ἀναγινώ-

398 5261 671 5329 σκομένην
693 5257 926 5326 εὕρομεν
946 5257 1084 5308 κατὰ
1110 5254 1200 5325 τὴν
1222 5257 1440 5324 ἡμέραν
1456 5255 1555 5323 τῇς
1585 5254 1967 5323 Παρασκευῆςο

396 5351 462 5420 ἢν
488 5349 517 5400 6
555 5350 680 5413 λαὸς
728 5348 847 5418 μετ’
881 5349 1168 5410 εὐλαϐείας
1209 5350 1301 5400 καὶ
1336 5349 1677 5419 συντριμμοῦ
1716 5352 1968 5420 νηστεύει

393 5443 490 5494 ἐπὶ
519 5445 827 5512 ἀναμνήσει
869 5441 963 5494 τοῦ
1015 5442 1286 5512 σωτηρίου
1318 5442 1547 5504 πάθους
1587 5444 1687 5511 τὴν
1729 5441 1782 5495 δὲ
1816 5443 1964 5511 λεγο-

396 5536 567 5606 μένην
595 5534 963 5602 Ἀποκαλυψιν
990 5534 1204 5586 Παύλου
1229 5533 1321 5587 τοῦ
1346 5534 1672 5596 ἀποστόλου,
1703 5537 1768 5604 ἦν
1792 5535 1967 5599 οὐδεὶς

394 5629 502 5681 τῶν
555 5628 725 5681 παλαι
777 5625 1082 5698 ἀνθρώπων
1116 5622 1247 5691 εἶδε,
1281 5627 1351 5680 δι’
1384 5628 1564 5691 αίξοῦς
1614 5628 1878 5698 πρότερον
1912 5630 1969 5681 ἐν

468 5815 545 5890 (l)
575 5818 639 5873 Et
666 5815 779 5885 ipsa
808 5829 1024 5887 quoque
1058 5813 1310 5870 ecclesia.
1344 5815 1507 5869 Socr.

2073 4621 2319 4692 fungitur
2351 4623 2643 4693 episcopus
2673 4640 2687 4678 :
2721 4623 2869 4693 quod
2896 4621 3120 4691 quidem
3154 4630 3363 4692 postea,
3394 4636 3519 4675 cum
3561 4635 3659 4673 an—
3696 4609 3704 4617 ’

2077 4725 2161 4768 tea
2190 4730 2306 4768 mos
2331 4715 2376 4767 is
2404 4730 2512 4769 non
2541 4714 2730 4780 fuerit,
2754 4726 2838 4768 est
2862 4715 3234 4768 observatum.
3262 4713 3499 4768 Causam
3525 4728 3658 4768 con-

2073 4807 2353 4861 suetudini
2389 4823 2547 4862 novae
2570 4809 2806 4878 praebuit
2838 4807 3025 4873 Arius,
3064 4808 3158 4876 qui
3192 4808 3338 4877 quod
3369 4807 3655 4878 presbyter

2075 4909 2242 4959 esset.
2297 4908 2355 4953 et
2400 4899 2638 4954 docendi
2687 4900 3023 4970 provinciam
3073 4899 3413 4969 accepisset,
3459 4908 3654 4953 contra

2074 4993 2326 5047 veritatis
2353 4993 2659 5047 doctrinam
2694 5008 2782 5047 res
2818 5009 2988 5047 novas
3027 4994 3316 5053 inducens,
3348 4992 3653 5048 Ecclesiant

2075 5087 2335 5141 turbavit,
2383 5087 2442 5141 lu
2475 5087 2669 5142 eadem
2702 5088 3072 5143 Alexandrina
3123 5089 3382 5149 ecclesia,
3418 5087 3563 5158 quod
3599 5089 3652 5140 in

2073 5177 2211 5232 locis
2237 5177 2361 5231 aliis
2388 5178 2646 5231 omnibus
2673 5193 2876 5232 novum
2908 5188 3074 5247 atque
3104 5176 3350 5231 insolens
3382 5184 3488 5237 est,
3520 5175 3652 5230 olim

2073 5268 2381 5324 obtinuisse
2442 5269 2580 5324 scio.
2646 5268 2953 5339 Episcopus
3006 5285 3247 5339 namque
3310 5284 3439 5323 cum
3495 5283 3651 5323 saera

2074 5363 2368 5433 Evangelia
2403 5363 2741 5432 legerentur,
2789 5379 2899 5419 non
2928 5364 3267 5435 assurgebat.
3319 5362 3377 5418 Id
3421 5378 3551 5416 vero
3596 5362 3652 5415 in

2073 5455 2180 5508 ulla
2231 5455 2392 5521 plane
2426 5454 2662 5510 ecclesia
2712 5454 3023 5525 antiquitus
3067 5455 3272 5509 factum
3302 5468 3445 5516 esse,
3488 5467 3653 5505 nemo
3744 5488 3753 5493 -

2072 5547 2158 5600 vel
2196 5546 2352 5610 vidit,
2402 5548 2486 5601 vel
2528 5546 2760 5602 audivit.
2799 5546 3029 5602 Sacrum
3058 5561 3187 5601 eum
3218 5544 3420 5599 librum
3450 5544 3521 5599 ibi
3561 5558 3639 5599 si»

2075 5638 2159 5692 lus
2208 5639 2339 5708 legit
2383 5639 2807 5694 archidiaconus
2849 5657 2860 5693 :
2898 5638 2951 5693 in
3000 5628 3127 5695 aliis
3170 5647 3351 5693 autem
3402 5637 3652 5693 ccclesiis

2146 5820 2221 5885 (εὶ)
2250 5820 2465 5874 Sozom.
2507 5820 2600 5876 lib.
2639 5835 2734 5882 vn,
2765 5834 2883 5878 cap.
2926 5824 3006 5874 ιιι.
