4062 6500
385 381 392 389 ’
420 375 534 437 863

1667 380 2090 442 NICEPHORI
2137 382 2488 443 CALLlSTI

3592 393 3697 456 864

424 483 669 550 diaconi,
728 484 784 538 in
829 485 1015 540 multis
1066 502 1200 542 vero
1235 489 1358 544 aliis
1409 490 1511 544 soli
1565 494 1906 558 sacerdotes,
1959 495 2013 547 in

2124 497 2336 560 πολλοῖς
2366 496 2478 547 τῶν
2533 495 2788 564 μοναχῶν
2838 495 3092 565 ἄγεσθαι·
3129 497 3288 565 λόγος
3319 515 3382 567 γε
3418 500 3525 573 μὴν
3555 500 3698 575 εἶχεν

428 575 712 630 nonnullis
741 590 963 646 quoque
1001 577 1200 635 diebus
1245 581 1654 636 celebrioribus
1703 585 1867 638 etiam
1896 585 2011 653 epi-

428 664 608 732 sc0pi.
651 665 708 717 id
740 666 886 734 quod
921 667 1087 722 hodie
1124 685 1351 740 quoque
1393 672 1879 746 Constantinopoli
1929 676 2010 739 fit,

427 766 484 808 et
536 757 771 810 maxime
829 759 1182 814 Paschalium
1226 764 1492 819 feriarum
1547 766 1638 820 die
1693 769 1907 836 prima,
1959 778 2014 824 ct

429 848 608 916 primo
637 851 766 904 anni
797 851 974 920 ipsius
1009 853 1284 924 ingressu.
1320 857 1500 926 Atque
1528 874 1591 913 ea
1628 860 1795 914 lectio
1828 862 2011 931 dupli-

425 939 570 993 citer
602 941 680 994 lit.
714 942 992 1008 Quantum
1025 961 1266 1016 namque
1296 951 1603 1020 evangelici
1632 954 1826 1024 scripti
1859 955 2013 1024 prior

429 1031 521 1084 ille
549 1032 766 1099 recitat,
811 1045 1024 1091 tantum
1053 1051 1245 1110 postea
1283 1059 1508 1113 quoque
1547 1045 1814 1101 diaconus
1855 1062 2012 1116 repe-

425 1125 496 1176 tit
525 1124 760 1189 scilicet,
789 1127 954 1182 sicuti
986 1147 1089 1200 ego
1119 1133 1404 1201 existimo,
1431 1147 1490 1190 ut
1513 1139 1810 1207 episcopus
1842 1141 2007 1195 etiam

415 1212 814 1282 ‘Evangrlium,
857 1229 912 1272 et
961 1235 1073 1274 non
1120 1232 1334 1278 tantum
1389 1226 1482 1294 qui
1534 1228 1905 1282 ministerium
1955 1231 2008 1284 id

421 1305 607 1358 sortiti
640 1319 796 1370 sunt,
835 1312 1133 1377 praedicare
1170 1315 1441 1380 videatur.
1476 1317 1537 1371 Et
1564 1318 1793 1374 fortaSse
1818 1321 2010 1386 etiam,

430 1403 490 1448 ut
529 1395 582 1449 id
630 1399 851 1454 caelitus
905 1400 1155 1458 fulminls
1198 1420 1351 1460 more
1399 1409 1658 1463 intonans
1701 1411 2009 1476 audientes,

423 1487 646 1543 sincere
680 1491 892 1559 absque
939 1495 1291 1551 simulatione
1334 1507 1390 1552 et
1429 1502 1822 1568 depravatione
1860 1505 2010 1558 omni

426 1582 846 1638 .annuntiemus.
879 1583 1185 1656 EpiscOpus
1221 1605 1350 1644 vero
1376 1595 1544 1645 etiam
1579 1595 1818 1663 primum
1847 1604 2015 1652 testa-

428 1673 601 1726 menti
651 1675 1007 1746 Evangelium
1050 1683 1200 1750 legit,
1244 1686 1409 1740 veluti
1464 1689 1766 1756 perfectam
1821 1705 2012 1760 perso-

430 1781 554 1818 nam
587 1768 794 1823 Christi
834 1772 1100 1828 referens.
1140 1777 1310 1830 Porro
1347 1779 1696 1846 precationes
1729 1781 1918 1835 itidem
1956 1793 2013 1837 et

430 1856 782 1926 psalmodias,
814 1861 979 1917 sicuti
1021 1865 1231 1920 dictum
1260 1877 1362 1933 est,
1407 1885 1514 1922 non
1547 1873 1772 1927 easdem
1827 1874 2011 1929 eccle-

428 1950 524 2003 siae
548 1965 745 2006 omnes
772 1954 998 2021 habent,
1038 1959 1132 2014 sed
1170 1976 1352 2029 neque
1397 1963 1574 2018 libros
1611 1974 1707 2019 ant
1744 1967 2012 2022 lectiones

427 2041 673 2098 easdem.
707 2045 842 2099 Nam
872 2063 994 2100 eam
1027 2066 1148 2118 quze
1181 2053 1386 2107 dicitur
1418 2055 1567 2108 Petri
1603 2058 2009 2129 Apocalypsim,

429 2140 483 2182 ut
532 2131 878 2189 subdititiam
925 2150 978 2192 ct
1030 2140 1372 2211 illi-gitimam
1421 2159 1452 2198 a
1490 2147 1770 2202 veteribus
1801 2149 2016 2219 judica-

429 2233 564 2287 tam,
613 2230 755 2293 apud
803 2228 1124 2286 Palaestinos
1171 2233 1225 2287 in
1267 2235 1519 2292 ecclesiis
1559 2240 1891 2306 quibusdam
1931 2257 2014 2294 se-

433 2314 538 2367 mel
586 2320 885 2383 quotannis
932 2321 988 2374 in
1037 2323 1126 2376 die
1159 2325 1492 2382 Parasceves
1538 2327 1864 2398 aliquandiu
1905 2332 2012 2402 legi

429 2403 648 2458 solitam
681 2406 849 2462 fuisse
883 2409 1198 2467 invenimus
1231 2431 1245 2467 :
1282 2431 1390 2484 qua
1420 2417 1510 2472 die
1545 2420 1786 2488 populus
1818 2437 2014 2491 inagna

430 2510 558 2548 cum
605 2498 872 2566 religione
915 2511 972 2555 et
1017 2505 1353 2562 contritione
1402 2509 1704 2565 salutifera:
1740 2514 2016 2582 passionis

425 2585 637 2640 Christi
688 2593 969 2647 memoria.-
1007 2610 1139 2665 ergo
1171 2599 1404 2667 jejunat.
1444 2602 1685 2657 Rursum
1731 2620 1852 2658 eam
1892 2623 2015 2674 quae

429 2676 585 2731 Pauli
639 2682 878 2747 apostoli
927 2684 1076 2740 dicta
1125 2697 1215 2743 est
1267 2689 1676 2762 Apocalypsim,
1729 2712 1894 2766 quam
1948 2715 2016 2752 ex

429 2769 632 2836 priscis
663 2773 986 2831 hominibus
1013 2794 1172 2834 nemo
1201 2782 1360 2847 vidit,
1387 2787 1643 2840 monachi
1672 2788 1862 2856 plures
1889 2807 2014 2845 cum

430 2867 790 2920 veneratione
823 2866 1192 2928 admirantur.
1243 2874 1409 2930 Fama
1444 2878 1670 2946 quidem
1710 2880 2014 2946 increhuit,

429 2953 536 3008 hoc
585 2956 708 3025 ipso
748 2958 1073 3029 imperantis
1124 2965 1426 3022 Theodosii
1475 2979 1744 3040 tempore,
1802 2976 2015 3030 revela-

434 3048 584 3102 tione
611 3049 798 3106 divina
831 3064 1111 3124 repertum
1144 3073 1266 3113 esse
1300 3060 1508 3116 librum
1539 3079 1690 3127 eum,
1722 3066 1776 3120 in
1808 3071 2014 3136 patria,

2115 589 2209 640 ἐπὶ
2235 588 2337 657 τῆς
2363 588 2649 640 Θεοδοσίου
2683 587 2964 656 βασιλείας
2989 593 3088 660 τὴν
3131 590 3316 660 βίϐλον
3345 593 3551 664 ταύτην
3577 597 3698 668 θείᾳ

2114 679 2220 731 τινί
2249 679 2547 750 ἐπιφανείᾳ
2573 679 2808 749 ὀφθῆναι
2838 680 2946 733 ἀνὰ
2974 682 3074 753 τὴν
3100 683 3358 751 πατρίδα,
3393 690 3488 738 καὶ
3519 687 3698 742 οἰκίαν

2119 771 2336 824 Παύλου
2360 773 2416 823 ὲν
2446 773 2651 841 Ταρσῷ
2675 773 2776 842 τῆς
2801 773 3078 841 Κιλικίας,
3109 777 3436 850 μαρμαρίνῃ
3460 778 3695 849 λάρνακι

2117 863 2506 934 κρυπτομένην
2545 865 2626 928 είς
2670 863 2799 934 γῆνο
2837 866 2895 917 ὲν
3030 865 3131 936 τὴν
3167 865 3350 935 βίϐλον
3403 870 3636 922 κεῖσθαν
3670 870 3699 924 ὃ

2114 954 2200 1025 δὴ,
2238 955 2434 1023 ψεῦδος
2459 953 2602 1008 εἶναι
2639 956 2799 1020 Κίλιξ
2847 955 2986 1027 ἀνὴρ
3021 958 3393 1028 πρεσϐύτερος
3425 959 3699 1030 ὡμολόγει

2113 1049 2212 1118 τῆς
2237 1051 2294 1102 ἐν
2323 1051 2522 1118 Ταρσῷ
2571 1049 2892 1117 ὲκκλησίις.
2919 1050 3046 1103 ’Ότι
3079 1050 3138 1103 δὲ
3171 1051 3386 1106 πολλῶν
3417 1054 3557 1106 ἑτῶν
3605 1050 3693 1125 ἦν,

2119 1140 2323 1208 ἐμήνυε
2356 1143 2450 1191 καὶ
2489 1141 2518 1209 ἡ
2553 1139 2736 1194 πολιά.
2768 1139 3181 1210 Διεμαρτύρετο
3207 1141 3263 1193 δὲ
3315 1142 3485 1211 μηδὲν
3516 1144 3698 1196 τοιοῦ-

2115 1247 2208 1282 τον
2240 1230 2325 1281 ἐπ’
2356 1230 2522 1283 αὑτοῦ
2561 1231 2861 1300 συμϐῆναιο
2889 1228 3190 1300 Θαυμάξων
3220 1231 3276 1285 δὲ
3304 1233 3616 1301 διετείνετο,
3645 1234 3694 1286 εί

2121 1323 2196 1392 μὴ
2227 1323 2402 1375 ταῦτα
2455 1321 2594 1392 πρὸς
2643 1322 2938 1392 αἱρετικῶν
2995 1323 3337 1395 ἀνεπλάσθη·
3385 1325 3460 1388 ὡς
3507 1328 3602 1379 καὶ
3635 1329 3693 1381 ἐν

2117 1409 2306 1472 ἄλλαις
2357 1409 2583 1472 πολλαῖς
2634 1409 2745 1463 τῶν
2801 1409 3002 1479 βίϐλων
3056 1412 3292 1481 ἐγένετο,
3333 1415 3460 1482 περὶ
3495 1409 3569 1469 ὧν
3605 1418 3696 1471 καὶ

2117 1503 2385 1571 πρότερον
2413 1501 2758 1570 διελάϐομεν.
2779 1503 3076 1572 Ῥωμαίοις
3109 1505 3234 1568 ἔθος
3261 1508 3403 1559 κατὰ
3426 1509 3534 1560 πᾶν
3564 1509 3698 1561 2&6-

2118 1595 2282 1646 ϐατον
2316 1595 2626 1665 νηστεύειν.
2670 1596 2755 1648 Ἐν
2805 1597 3117 1668 Καισαρείᾳ
3151 1600 3251 1667 τῆς
3301 1600 3694 1664 Καππαδοκίας

2118 1689 2244 1747 τοὺς
2278 1689 2675 1758 ἡμαρτηκότας
2708 1692 2847 1758 μετὰ
2876 1690 2935 1742 τὸ
2964 1690 3250 1760 βάπτισμα
3278 1692 3378 1760 τῆς
3414 1696 3694 1758 κοινωνίας

2119 1778 2375 1845 ἐξώθουν,
2401 1782 2476 1843 ὡς
2501 1781 2596 1834 καὶ
2629 1782 2967 1835 Ναυατιανοὶ
3004 1783 3252 1836 ποιοῦσι.
3281 1784 3363 1837 Τὰ
3406 1785 3495 1838 ίσα
3522 1787 3577 1839 δὲ
3603 1791 3696 1841 καὶ

2119 1873 2177 1925 ἐν
2213 1872 2594 1944 Ἑλλησπόντῳ
2623 1873 2960 1929 Ναυατιανοὶ
2994 1877 3406 1946 διεπράττοντο,
3440 1879 3534 1931 καὶ
3558 1879 3606 1931 oi
3640 1881 3696 1931 ἐν

2129 1963 2286 2032 Ἀσίᾳ
2357 1964 3051 2032 Τεσσαρεσκαιδεκατῖται.
3128 1968 3193 2020 Οί
3261 1970 3393 2037 περὶ
3463 1971 3696 2041 Φρύγίαν

2116 2049 2448 2102 Ιπαυατιανολ¹
2469 2053 2592 2114 τοὺς
2614 2053 2882 2121 διγάμους
2909 2054 2970 2106 οὐ
3001 2054 3272 2124 δέχονται.
3297 2058 3360 2110 Ol
3386 2056 3440 2109 δὲ
3462 2059 3518 2112 ἐν
3544 2059 3697 2110 Κων-

2119 2145 2566 2198 σταντινουπόλει
2595 2144 2722 2201 οὔτε
2756 2147 3012 2217 φανερῶς
3055 2149 3329 2219 δέχονται,
3362 2149 3485 2202 οὔτε
3538 2167 3701 2218 φανε-

2123 2235 2232 2303 ρῶς
2260 2235 2638 2302 ἐκϐάλλουσιν,
2670 2239 2775 2291 ἀνὰ
2809 2240 2866 2292 δὲ
2897 2239 2998 2310 τὴν
3048 2239 3296 2310 ἑσπέραν
3327 2242 3500 2304 ἀδεῶς
3539 2242 3698 2294 τοῦτο

2118 2327 2440 2397 πράττεται.
2473 2330 2584 2392 Τὰς
2622 2330 2678 2382 δὲ
2718 2331 2973 2391 τοιαύτας
3007 2331 3304 2399 διαφωνίας
3350 2334 3469 2395 ταῖς
3503 2331 3700 2403 ἐκκλη-

2121 2420 2264 2480 σίαις
2295 2421 2554 2488 γενέσθαι
2589 2423 2774 2491 οτομαι
2806 2424 2948 2476 αίδοτ
2983 2423 3092 2478 τῶν
3125 2425 3185 2489 ἐξ
3221 2421 3396 2496 ἀρχῆς
3425 2427 3700 2496 προεστώ-

2119 2529 2227 2564 των
2255 2513 2314 2564 ὲν
2339 2512 2588 2578 ταύταις,
2615 2516 2712 2567 καὶ
2743 2516 2854 2568 τῶν
2880 2519 3126 2580 ἐκείνους
3157 2514 3698 2588 διαδεξαμένων.οἴα

2119 2602 2228 2671 γάρ
2258 2619 2380 2654 τινα
2427 2605 2592 2673 νόμον
2643 2606 3083 2675 παραλαϐόντες,
3129 2611 3242 2671 τοῖς
3289 2610 3698 2678 ἐπιγενομένοις

2120 2693 2522 2763 παρέπεμψαν,
2549 2695 2647 2765 οὐχ
2683 2697 2832 2749 ὅσιον
2864 2698 3242 2768 λογισάμενοι,
3275 2700 3396 2752 οὐδὲ
3449 2701 3698 2768 ἀνεκτὸν,

2118 2787 2168 2838 οἱ
2214 2785 2429 2849 τούτοις
2479 2788 2866 2855 ἐντραφέντες,
2902 2792 3212 2860 ἀγέραστον
3244 2791 3573 2844 καταλιπεῖν
3605 2794 3702 2862 τὴν

2120 2877 2444 2946 παράδοσιν.
2477 2879 2748 2947 Ἑργῶδες
2796 2881 2842 2932 δ’
2870 2880 3064 2950 ἔμοιγε
3112 2883 3207 2934 καὶ
3250 2882 3704 2952 δυσεπιχείρητον

2121 2965 2300 3019 πάντα
2335 2966 2402 3019 τὰ
2449 2969 2588 3020 κατά
2619 2968 2802 3030 πόλεις
2831 2969 2930 3021 καὶ
2974 2969 3159 3039 χώρας
3193 2969 3291 3038 ἔθη
3324 2969 3565 3039 διάφορα
3599 2969 3703 3022 τῶν

2123 3057 2438 3128 ἐκκλησιῶν
2473 3058 2829 3129 ἀριθμεῖσθαι
2877 3061 2974 3112 καὶ
3010 3064 3197 3132 γραφῇ
3241 3062 3464 3114 διδόναιο
3512 3061 3703 3131 σχεδὸν

429 3143 596 3213 299
614 3140 958 3218 paternaque
988 3151 1152 3207 domo
1184 3152 1338 3209 Pauli
1369 3154 1526 3210 Tarsi
1554 3157 1780 3224 Ciliciae,
1812 3160 1868 3214 in
1895 3177 2015 3216 arca

2123 3147 2182 3202 δὲ
2212 3151 2309 3202 καὶ
2345 3148 2636 3203 ἀδύνατον.
2674 3151 2902 3219 Ἐπίσης
2937 3152 2996 3204 δὲ
3047 3153 3338 3220 νομιστέον
3378 3151 3704 3205 πεπονθέναι

432 3252 742 3294 marmorea
793 3243 1140 3311 repositum,
1179 3256 1239 3302 et
1289 3248 1345 3302 in
1397 3256 1546 3305 terra
1597 3251 1878 3307 defossum
1917 3254 2020 3324 (ι).

428 3330 588 3395 Quod
614 3347 746 3388 sane
774 3335 972 3390 falsum
1004 3353 1152 3406 esse,
1188 3340 1480 3412 presbyter
1522 3343 1747 3412 quidam
1774 3345 2022 3400 ecclesiae

432 3421 725 3479 Tarsensis
757 3428 1083 3496 grandaevus
1117 3430 1417 3487 admodum
1448 3432 1468 3503 (
1498 3450 1625 3489 nam
1677 3436 1730 3490 id
1787 3439 2022 3492 canities

434 3519 766 3589 testabatur)
792 3520 1080 3577 confessus
1106 3531 1192 3578 est
1224 3543 1236 3578 :
1274 3525 1414 3579 nihil
1437 3527 1586 3581 enim
1613 3527 1888 3597 ejusmodi
1921 3545 2022 3584 suo

435 3619 684 3678 tempore
728 3614 980 3670 evenisse
1029 3617 1401 3675 confirmavit.
1437 3618 1594 3685 Quod
1628 3636 1755 3675 cum
1801 3637 2022 3677 asseve-

435 3711 608 3767 raret,
650 3705 956 3764 admiratus
987 3719 1092 3776 est,
1134 3711 1180 3765 si
1219 3727 1327 3764 non
1363 3714 1432 3765 ab
1466 3713 1740 3767 haereticis
1771 3714 1912 3768 fama
1953 3730 2021 3769 ea

433 3794 671 3851 conﬁcta
693 3807 860 3852 esset.
899 3798 957 3853 ld
999 3801 1147 3870 quod
1184 3801 1240 3855 in
1279 3803 1469 3858 multis
1502 3803 1670 3857 etiam
1707 3804 1834 3858 aliis
1864 3805 2024 3859 libris

435 3885 646 3941 factum
700 3904 844 3955 esse,
886 3899 1047 3946 antea
1103 3893 1368 3948 diximus.
1424 3893 1691 3948 Romanis
1745 3911 1862 3949 mos
1914 3903 2024 3962 est,

439 3978 682 4034 Sabbato
707 3981 784 4050 (2)
814 3984 1014 4051 quovis
1028 3984 1305 4054 jejunare.
1332 3983 1595 4040 Caesarea:
1612 3985 2023 4056 Cappadocum,

438 4069 537 4138 qui
585 4081 709 4148 post
757 4073 1093 4142 baptismum
1153 4087 1496 4145 peccassent,
1550 4093 1646 4134 eos
1699 4095 1730 4134 a
1783 4093 2030 4133 commu-

439 4163 606 4216 nione
645 4165 911 4220 arcebant
957 4171 1154 4236 :quod
1208 4169 1400 4224 itidem
1447 4171 1746 4226 Novatiani
1793 4170 2027 4225 faciunt.

2127 3241 2219 3294 καὶ
2247 3243 2374 3304 τοὺς
2403 3240 2665 3311 ἀρχαίους
2695 3243 2897 3310 ἄνδρας
2930 3246 3028 3296 καὶ
3061 3247 3192 3314 περὶ
3225 3243 3435 3313 ταύτην
3463 3242 3562 3315 τὴν
3585 3243 3702 3312 ἑορ-

2126 3335 2248 3404 τήν,
2278 3327 2346 3402 ἦς
2375 3321 2540 3386 ἕνεκα
2586 3337 2668 3397 είς
2699 3336 2828 3399 τοὺς
2861 3339 2992 3406 περὶ
3025 3336 3234 3390 τούτων
3281 3335 3589 3404 ἐξήχθημεν
3612 3333 3702 3386 λό-

2127 3441 2282 3494 γους’
2301 3427 2376 3488 ὡς
2404 3426 2466 3478 ἐκ
2489 3443 2639 3490 τινος
2668 3429 2961 3498 συνηθείας
2989 3429 3249 3498 διάφορον
3278 3428 3405 3497 ἔσχε
3429 3428 3488 3480 τὸ
3512 3425 3702 3496 Πάσχα

2127 3519 2322 3589 τιμήν.
2356 3517 2471 3571 Νῦν
2497 3518 2553 3592 δὲ
2582 3518 2719 3572 Θεοῦ
2750 3520 2937 3588 χάριτι
2967 3519 3076 3572 τῶν
3107 3521 3165 3572 ἐν
3205 3519 3358 3589 μέσῳ
3388 3519 3605 3573 πάντων
3627 3515 3706 3585 τῷ

2127 3613 2306 3680 χρόνῳ
2353 3610 2740 3674 διαλυθέντων,
2790 3610 3085 3678 σύμφωνος
3130 3611 3284 3680 παρὰ
3331 3610 3497 3661 πᾶσιν
3535 3612 3569 3670 ἡ
3611 3606 3706 3660 τοῦ

2131 3703 2326 3773 Πάσχα
2374 3704 2533 3774 ἑορτὴ
2581 3707 2702 3765 ταῖς
2732 3704 3055 3774 ἐκκλησίαις
3086 3701 3332 3774 Χριστοῦ
3378 3701 3702 3769 ἐπιγίνεταιο

2127 3797 2225 3850 καὶ
2254 3795 2435 3848 τοίνυν
2468 3795 2744 3864 ἐσφάλθαι
2778 3811 2870 3866 μοι
2911 3795 3162 3850 δοκοῦσιν
3199 3796 3250 3848 ol
3277 3793 3709 3864 διαθρυλλησαν-

2127 3904 2219 3952 τες
2247 3888 2350 3958 τὴν
2377 3888 2434 3940 ὲν
2468 3887 2679 3957 Νικαία
2710 3887 2897 3941 πίστιν
2928 3886 3284 3958 παρατρέψαι
3315 3887 3379 3940 τὸ
3410 3886 3624 3954 Πάσχα.
3643 3883 3708 3935 Ἦ

2129 3981 2251 4052 γὰρ·
2275 3980 2495 4044 σύνοδος
2539 3979 2835 4050 σύμφωνον
2864 3981 3212 4052 καταστῆσαι
3247 3979 3450 4049 μᾶλλον
3503 3975 3706 4030 ἐσπού-

2131 4074 2385 4130 δασετδν
2415 4073 2567 4140 λαὸν,
2600 4071 2980 4143 διαφωνοῦντα
3010 4072 3073 4126 τδ
3103 4073 3374 4145 πρότερον
3414 4073 3552 4144 πρὸς
3582 4070 3709 4135 τοὺς

2140 4165 2416 4227 πλείονας.

437 4257 588 4314 Idem
630 4261 1011 4320 Macedoniani
1081 4282 1303 4336 quoque
1361 4268 1419 4323 in
1485 4269 1861 4338 Hellesponto,
1897 4276 1954 4322 et
1993 4266 2122 4321 item
2179 4263 2661 4330 Quartodecimani
2710 4261 2768 4316 in
2818 4261 2948 4317 Asia
2997 4262 3378 4318 observarem.
3423 4255 3710 4316 Novatiani

439 4353 496 4407 in
537 4354 774 4427 Phrygia
813 4357 1086 4428 digaruos,
1123 4370 1192 4414 et
1237 4377 1336 4416 eos
1365 4364 1457 4431 qui
1513 4363 1580 4416 ad
1647 4363 1920 4416 secundas
1962 4358 2184 4428 nuptias
2238 4358 2610 4421 transiissent,
2665 4371 2777 4410 non
2831 4356 3125 4426 recipiunt.
3201 4354 3306 4421 Qui
3377 4369 3509 4408 vero
3562 4350 3708 4406 Con-

437 4448 801 4518 stantinopoli
839 4461 969 4506 sunt
1007 4469 1202 4508 eorum
1273 4457 1589 4526 populares,
1636 4455 1920 4528 propalam
1967 4469 2064 4507 eos
2105 4467 2286 4521 neque
2365 4451 2686 4515 admittunt,
2743 4465 2924 4518 neque
2974 4449 3254 4518 rejiciuut.
3305 4447 3364 4501 1n
3419 4445 3713 4502 Occidente

436 4548 625 4596 autem
657 4543 712 4598 id
747 4545 986 4600 liberum
1034 4557 1119 4602 est
1164 4564 1413 4617 prorsus.
1469 4550 1579 4602 Sed
1647 4549 1798 4602 enim
1849 4547 2233 4600 dissensiones
2311 4545 2448 4598 tales
2497 4545 2550 4596 in
2626 4543 2879 4597 ecclesiis
2927 4542 3224 4596 invaluisse
3292 4541 3511 4610 opinor,
3556 4551 3713 4591 reve-

436 4640 618 4693 rentia
649 4656 844 4695 eorum
891 4645 984 4714 qui
1019 4645 1102 4699 eis
1149 4647 1218 4700 ab
1257 4647 1414 4700 initio
1449 4646 1809 4716 praefuerunt,
1844 4653 1898 4699 et
1964 4642 2059 4713 qui
2103 4643 2212 4696 illis
2284 4642 2483 4696 deinde
2533 4652 2940 4695 successerunt.
2991 4639 3125 4694 Nam
3177 4637 3212 4691 ii
3265 4647 3521 4707 tanquam
3569 4636 3716 4706 leges

436 4738 704 4803 quasdam
736 4742 805 4796 ab
837 4741 945 4796 illis
972 4754 1252 4813 acceptas,
1286 4760 1384 4814 per
1457 4759 1651 4798 manus
1718 4741 1959 4812 posteris
2026 4739 2306 4794 tradidere
2356 4757 2372 4793 :
2424 4753 2533 4791 non
2586 4738 2722 4791 satis
2789 4736 2976 4806 pium,
3016 4750 3196 4804 neque
3253 4732 3541 4788 ferendum
3592 4745 3713 4786 esse

435 4837 724 4901 arbitrati,
776 4839 819 4892 si
853 4841 1197 4900 traditiones.
1231 4842 1284 4895 in
1323 4843 1524 4912 quibus
1589 4840 1810 4896 educati
1848 4849 2053 4902 essent,
2097 4853 2210 4892 non
2258 4834 2563 4891 honorifice
2612 4836 2883 4897 colerent,
2941 4833 3036 4887 sed
3117 4831 3476 4899 contemptim
3527 4831 3716 4905 rejice-

437 4940 586 4983 rent.
627 4930 696 4984 At
744 4933 879 4986 mihi
931 4935 1084 4989 valde
1123 4933 1464 4990 laboriosum
1502 4943 1558 4988 et
1589 4933 1810 4988 difficile
1848 4941 2018 4999 esset,
2095 4932 2373 4986 variantes
2440 4945 2538 4999 per
2569 4929 2734 4982 urbes
2765 4937 2819 4983 et
2849 4927 3100 4996 regiones
3126 4939 3320 4978 omnes
3351 4923 3711 5027 ecclesiarum

434 5029 872 5085 consuetudines
923 5048 1248 5088 enumerare
1307 5044 1363 5087 et
1417 5035 1782 5101 perscribere.
1841 5031 1979 5084 Fere
2036 5030 2187 5084 enim
2234 5028 2351 5081 fieri
2412 5027 2464 5080 id
2547 5029 2775 5081 omnino
2817 5024 3024 5094 nequit.
3092 5022 3351 5077 Eamdem
3381 5030 3564 5074 autem
3600 5022 3715 5087 pri-

439 5139 565 5178 scos
591 5123 844 5180 homines
875 5126 1300 5180 existimandum
1328 5135 1414 5181 est
1444 5127 1755 5180 obtinuisse
1789 5125 1856 5180 de
1884 5125 2024 5180 festo
2067 5125 2173 5178 hoc
2243 5122 2354 5189 die,
2423 5121 2581 5193 cujus
2612 5120 2785 5190 gratia
2837 5119 2892 5172 in
2943 5119 3091 5172 hunc
3127 5118 3310 5172 locum
3359 5114 3590 5185 digressi
3626 5126 3719 5164 su-

445 5234 589 5284 mus,
637 5219 958 5288 opinionem
1009 5237 1022 5273 :
1073 5220 1217 5290 quod
1273 5221 1488 5275 scilicet
1558 5236 1626 5274 ex
1673 5218 2074 5275 consuetudine
2107 5216 2342 5288 quadam
2394 5215 2676 5270 diversum
2748 5212 2947 5268 habuit
2988 5212 3188 5266 festum
3222 5208 3446 5264 Pascbze
3481 5206 3714 5261 cultum.

523 5401 601 5478 (ί)
637 5401 854 5478 ξυτοῐιιΪ
887 5403 986 5456 lib.
1010 5417 1110 5478 am,
1136 5417 1258 5478 cap.
1300 5403 1421 5478 l9.A
1577 5474 1604 5478 _
1654 5473 1665 5478 Α
1701 5475 1710 5478 _
1900 5473 1912 5478 Α

2127 5399 2340 5464 Quando
2405 5400 2587 5478 Roma
2634 5415 2772 5463 sum,
2819 5395 3010 5478 jejuno
3041 5393 3291 5478 sabbato.
3325 5390 3396 5474 Et
3425 5389 3714 5478 ad

518 5477 595 5551 (εἰ)
629 5473 882 5551 Consulit
905 5475 1254 5526 Ambrosium
1278 5475 1554 5529 hominem
1577 5473 1667 5551 Dei
1686 5473 2015 5544 Augustinus

2128 5486 2333 5537 cunque
2390 5472 2664 5551 ecclesiam
2713 5472 2996 5551 veneritis,
3065 5472 3277 5551 inquit,
3336 5472 3450 5551 ejus
3489 5473 3710 5551 [ruerent

440 5532 625 5603 adhuc
671 5546 1133 5604 catechumenos,
1194 5553 1377 5598 utrum
1436 5544 1740 5600 secundum
1773 5532 2051 5599 vmorem'
2126 5532 2349 5605 servate,
2380 5543 2424 5594 si
2475 5547 2591 5612 puti
2637 5536 2952 5618 scandalum
2990 5552 3096 5589 non
3135 5534 3324 5615 υιιίιίιη
3352 5541 3443 5614 ονε
3485 5532 3700 5611 facere;

445 5636 559 5647 μη...
588 5614 824 5647 ..ἰυὶιοιιὶε
868 5625 1040 5647 ..ιιιιηι-
1096 5613 1212 5647 nim:
1255 5615 1492 5647 Ωιιιιῑιηιη
1527 5617 1769 5647 ἶοῖηιιηηι
1823 5631 1888 5647 ιι...
1919 5615 2026 5647 ΜΩ-
2131 5612 2390 5647 nuda/lira
2454 5629 2503 5647 ορ
2530 5613 2646 5647 lii-o0
2701 5624 2875 5647 parum
2919 5617 3055 5647 Mlh’f
3099 5622 3226 5647 mum
3277 5619 3495 5647 121))“an
3540 5616 3591 5647 ιη
3637 5598 3700 5647 Illi

443 5636 560 5672 sua:
588 5614 825 5668 civitatis
868 5625 1040 5665 mater
1096 5613 1215 5684 ejus
1255 5615 1493 5671 Sabbato
1522 5617 1790 5684 jejunare,
1822 5631 1889 5668 an
1919 5615 2026 5667 Μο-
2130 5612 2391 5664 custodita
2449 5611 2503 5664 sc
2528 5613 2646 5665 licet
2700 5624 2877 5662 earum
2918 5611 3055 5660 inter
3099 5622 3226 5672 quos
3277 5611 3495 5658 vivimus
3540 5616 3591 5652 ιη
3637 5611 3715 5648 ’³³³

449 5687 784 5718 And-“much
840 5683 1099 5718 Fa-nlncivn
1144 5700 1294 5718 Intn~n
1344 5703 1473 5718 ιιι-..η
1499 5695 1608 5718 turn
1662 5687 1884 5718 ,Ιηιιη-ηι
1967 5684 2022 5718 ΔΙ
2134 5681 2286 5718 robur:
2321 5682 2577 5718 innﬂ‘oncn
2615 5682 2859 5718 enniulnln
2925 5687 2971 5718 pl
3013 5675 3276 5718 rlnmudtL
3319 5688 3382 5718 ne
3411 5675 3714 5718 temuesmle

446 5687 785 5742 diolanensis
837 5675 1296 5764 Ecclesize'inore
1344 5675 1609 5774 ιιι-ειη.ίὶιώ
1662 5687 1911 5774 deberet.
1958 5684 2028 5738 At
2134 5681 2286 5774 rebus
2321 5682 2577 5774 inoffensa
2611 5675 3714 5774 εοειίεῑαιελὶξξᾶῗιχςηιξῗλΠῖξλξςξμθξίξξίε

453 5740 567 5820 me,
603 5757 740 5820 Quid
771 5771 1003 5821 possunt,
1032 5755 1232 5822 inquit,
1275 5740 1357 5810 hic
1386 5757 1579 5838 docere.
1606 5758 1840 5838 arriplius
1865 5771 2026 5824 quam
2135 5740 2485 5838 contentionis
2537 5753 2793 5807 serenitas
2853 5740 3133 5803 Charilaus
3183 5743 3535 5800 obnubilatur.
3575 5740 3713 5806 Aug.

454 5844 565 5896 ipse
604 5827 773 5896 metu?
804 5825 1025 5890 Quando
1059 5825 1142 5880 hic
1175 5842 1314 5896 sum,
1362 5845 1465 5882 non
1499 5823 1708 5898 jejuno‘
1746 5823 2022 5890 Sabbalo;
2134 5823 2297 5889 cpiast.
2338 5823 2427 5877 86η
