4062 6482
371 410 480 472 δίης»
1306 413 1912 478 ucaESIASTIC/s
1951 418 2342 481 HISTORUE
2380 422 2525 483 Lm.
2567 422 2707 483 xu.
2790 398 2796 404 ’
3519 434 3624 496 ses

368 519 529 612 inuno
563 537 694 578 vero
723 522 911 580 divina
938 524 1326 595 suppeditante
1357 529 1552 596 gratia,
1602 529 2008 596 impedimentis
2081 541 2138 587 et
2213 519 2654 592 dissensionibus
2697 539 2953 592 omnibus
2997 542 3261 612 temporis
3296 559 3460 600 cursu
3489 546 3623 603 sub'

367 610 497 666 latis
526 651 542 674 ,
587 616 958 672 concordibus
1022 621 1312 675 sententiis
1358 622 1500 690 apud
1546 637 1741 676 omnes
1799 622 1853 676 in
1923 623 2173 679 ecclesiis
2238 612 2443 682 Christi
2487 628 2662 683 festus
2705 631 2824 685 dies
2862 634 3081 688 Pascha).
3113 610 3479 689 Vcelebratur.
3523 634 3623 688 Er-

365 718 491 757 rare
519 715 700 760 autem
735 707 842 768 illi.
866 710 1327 777 quemadmodum
1354 713 1512 783 prius
1541 728 1761 783 quoque
1793 712 1935 777 dixi,
1975 714 2110 768 mihi
2151 715 2444 781 videntur,
2478 735 2712 788 quorum
2784 722 3128 778 sermonibus
3158 725 3456 789 increbuil,
3523 727 3623 782 Ni-

368 808 578 850 caanam
617 797 779 852 fidem
812 798 1042 857 Pascha:
1080 803 1248 859 ferias
1319 805 1375 859 in
1449 813 1698 861 errorem
1776 814 1833 861 et
1900 805 2224 862 varietatem
2289 809 2562 876 ejusmodi
2625 813 2958 875 adduxisse.,
2998 817 3134 871 Nam
3193 818 3439 888 synodus
3496 834 3621 874 eam

369 906 598 962 operam
641 893 829 963 potius
892 897 1132 963 navavit,
1185 904 1242 953 ut
1294 900 1534 969 populus
1591 901 1684 970 qui
1736 906 1899 966 antea
1949 915 1978 954 a
2017 910 2172 970 parte
2211 903 2420 973 majore
2467 903 2850 971 dissentiebat.
2903 908 2969 963 ad
3018 911 3331 967 unanimem
3393 928 3625 970 concor-

380 984 527 1039 diam
562 989 996 1054 pertraheretur.

950 1108 1203 1162 ΚΕΦΑΛ.
1246 1110 1370 1166 AE'.

373 1193 503 1272 ὀτι
547 1196 616 1261 ἐξ
666 1199 924 1272 ἀρχαίου
972 1201 1093 1272 ἀπὸ
1122 1198 1236 1255 τῶν
1261 1201 1688 1272 ἀποστολικῷν
1708 1203 1946 1272 χρόνων

443 1265 752 1342 διμαφῳνίαι
774 1268 936 1342 τινὲς
972 1271 1069 1342 καὶ
1109 1273 1557 1341 παρατηρήσεις
1584 1265 1784 1342 ἦσαν·
1822 1271 1945 1338 τοῖς

444 1335 612 1410 δὲ-οὺ
644 1338 941 1410 τοσοῦτον
960 1335 1444 1408 ἔμελλε’τούτων
1466 1361 1480 1375 ·
1533 1335 1695 1398 ἀλλὰ
1732 1335 1949 1410 τάναγέ

445 1405 741 1484 κίξῖιιρκαὶ.
776 1405 1116 1484 συστατικὰ
1144 1411 1255 1479 τῆς
1307 1416 1569 1480 πίστεως
1617 1405 1948 1482 φυλάττειν

443 1476 685 1542 μᾶλλον
715 1476 1030 1533 ἐκέλευον.

446 1654 573 1709 Ὅτι
606 1656 663 1709 δὲ
692 1656 788 1710 καὶ
816 1657 928 1712 ἀπὸ
960 1658 1070 1712 τῶν
1098 1658 1479 1715 ἀποστολικῶν
1512 1661 1722 1731 χρόνων
1755 1660 1948 1714 πολλαὶ

372 1748 667 1818 διαφωνίαι
697 1749 788 1804 διά
815 1765 972 1815 τινας
993 1752 1415 1824 παρατηρήσεις
1453 1752 1726 1818 ἐγένοντο,
1748 1752 1947 1816 αὐτοὺς

371 1839 620 1904 ὲκείνους
650 1840 966 1911 παρέξομαι
999 1843 1556 1914 μάρτυρας.⁹1οτοριζ
1583 1846 1695 1916 γὰρ
1733 1845 1762 1897 ὁ
1805 1843 1949 1908 θεῖος

376 1934 593 1997 Λουκᾶς
634 1935 701 2005 τῇ
735 1933 901 2005 βίϐλῳ
928 1935 1041 1990 τῶν
1068 1936 1350 2005 Πράξεων·
1396 1936 1558 1991 Ἐπεί
1587 1939 1642 1990 ol
1684 1937 1950 1992 ἀπόστο-

368 2028 472 2081 λοι
499 2025 777 2096 ἕτνωσαν
805 2025 1141 2097 διαφωνίαν
1170 2028 1292 2085 ἀπὸ
1336 2027 1456 2084 τῶν
1493 2028 1686 2084 ἐθνῶν
1712 2030 1949 2100 γινομέ-

370 2135 492 2185 νην
520 2117 647 2185 τοῖς
671 2119 1102 2186 πιστεύουσιν,
1126 2119 1280 2188 ὁμοῦ
1319 2119 1730 2189 συναχθέντες
1759 2119 1950 2175 ἅπαν-

361 2209 814 2281 τες-ἐθέσπιζον
836 2210 908 2264 ἐν
949 2210 1099 2265 εῖδει
1132 2209 1490 2277 ἐπιστολῆς·
1515 2209 1591 2262 δι’
1612 2204 1689 2279 ἧς
1713 2211 1855 2275 τούς
1883 2226 1949 2264 τε

371 2301 631 2367 πιστοὺς
657 2299 769 2370 τῆς
788 2299 1100 2372 μοχθηρᾶς
1120 2300 1229 2356 τοῦ
1257 2301 1449 2371 νόμου
1468 2300 1751 2368 δουλείας
1771 2301 1951 2370 ἠλευ-

2494 1105 2656 1177 300
2685 1107 2908 1163 CAPUT
2948 1109 3164 1166 XXXV.

2048 1197 2201 1265 Quod
2232 1199 2521 1265 antiquitus
2552 1206 2600 1250 et
2658 1199 2722 1252 ab
2756 1196 2887 1261 ipsis
2914 1200 3270 1266 apostolorum
3302 1203 3621 1269 temporibus

2118 1270 2463 1322 dissensiones
2506 1269 2752 1335 quedam
2805 1277 2855 1320 et
2908 1271 3071 1322 varia:
3136 1271 3516 1325 observationes
3566 1277 3621 1324 in

2118 1340 2434 1392 caerimoniis
2479 1338 2727 1407 fuerint:
2773 1345 2822 1391 et
2873 1340 3010 1406 quod
3070 1343 3392 1395 cceremoniw
3439 1344 3623 1395 ceteri-

2120 1411 2212 1462 bus
2271 1425 2376 1461 non
2427 1419 2701 1478 tantopere
2748 1424 2891 1462 cura:
2944 1411 3160 1473 fuerint,
3201 1411 3292 1462 sed
3325 1415 3622 1464 necessaria

2118 1488 2327 1532 tantum
2367 1486 2418 1531 et
2460 1478 2613 1546 ﬁdem
2664 1481 3026 1547 promoventia
3061 1489 3364 1534 constanter
3409 1496 3624 1534 servare

2109 1549 2392 1617 jusserint.

2119 1659 2419 1714 Enimvero
2472 1659 2616 1727 quod
2655 1659 2723 1714 ab
2771 1662 3145 1728 apostolorum
3194 1677 3369 1731 usque
3404 1669 3623 1731 tempo-

2049 1752 2205 1807 ribus
2257 1753 2442 1806 multae
2488 1753 2869 1807 dissensiones
2920 1765 3146 1822 propter
3200 1754 3621 1807 observationes

2048 1844 2310 1912 quasdam
2342 1844 2571 1908 fuerint,
2601 1844 2724 1898 illos
2747 1845 2898 1914 ipsos
2922 1844 3224 1914 producam
3255 1853 3443 1900 testes.
3473 1845 3623 1899 Scri-

2033 1936 2131 1992 -bit
2170 1950 2406 2005 namque
2443 1936 2602 1990 divus
2646 1935 2827 1990 Lucas
2871 1935 2928 1989 in
2973 1935 3233 1989 Actorum
3263 1934 3407 1990 libro
3440 1951 3455 1987 :
3484 1934 3619 1988 Cum

2048 2028 2277 2100 apostoli
2310 2030 2588 2083 dissidium
2631 2029 2984 2085 intercessisse
3020 2030 3095 2082 eis
3134 2031 3226 2097 qui
3270 2043 3334 2082 ex
3381 2027 3620 2098 gentibus

2045 2122 2205 2191 ﬁdem
2241 2121 2499 2189 complexi
2540 2122 2771 2192 fuerant,
2813 2128 2863 2173 et
2899 2119 3142 2190 ﬁdelibus
3164 2118 3386 2182 Iudaeis.
3426 2134 3620 2188 cogno-

2045 2214 2260 2276 uissent,
2303 2215 2604 2284 congregati
2631 2212 2792 2268 simul
2825 2228 3024 2278 omnes,
3068 2212 3494 2265 constitutionem
3531 2210 3623 2279 [a-

2047 2316 2186 2362 ctam
2211 2308 2265 2359 in
2294 2305 2527 2376 epistola:
2558 2305 2783 2374 formam
2817 2290 3147 2374 redegerunt,
3176 2318 3270 2374 per
3302 2316 3463 2372 quam
3491 2301 3622 2369 ﬁde-

373 2396 613 2462 θέρουν,
646 2392 749 2447 καὶ
780 2392 890 2463 τῆς
935 2393 1221 2462 περιττῆς
1254 2392 1324 2447 ἐν
1366 2394 1559 2456 τούτῳ
1588 2393 1945 2464 ἐρεσχελίας

2052 2399 2124 2454 les
2153 2417 2184 2452 a
2208 2401 2356 2470 gravi
2380 2399 2508 2468 legis
2530 2398 2785 2451 seruitute
2808 2397 3126 2462 liberarunt,
3147 2405 3197 2449 et
3223 2409 3620 2464 superuacanea
3645 2434 3653 2443 .

377 2486 679 2554 ἐπέσχον·
715 2485 907 2538 τύπον
930 2484 983 2536 δ’
1008 2483 1261 2553 ἀσφαλῆ
1286 2483 1398 2552 τῆς
1427 2483 1612 2552 ὀρθῆς
1642 2486 1947 2551 πολιτείας

2052 2506 2113 2544 ea
2150 2490 2215 2543 de
2257 2505 2314 2542 re
2374 2497 2700 2558 nugamenta
2750 2488 3116 2542 inhibuerunt.
3173 2486 3388 2542 Certam
3440 2492 3620 2538 autem

377 2579 478 2631 καί
525 2577 676 2645 πρὸς
727 2578 1078 2649 θεοσέϐειαν
1126 2575 1403 2646 ἄγουσαν
1448 2575 1946 2631 ἑκδιδάσκουσιν·

377 2670 498 2724 ὅσα
557 2670 769 2738 μέντοι
833 2667 1134 2736 ἀναγκαῖα
1194 2670 1552 2738 φυλάττειν,
1617 2667 1951 2736 διαρρήδην

379 2762 804 2830 κηρύττοντος.
837 2758 978 2828 Ἐγὼ
1004 2760 1062 2813 δὲ
1089 2761 1189 2815 καὶ
1208 2759 1376 2829 αὐτὴν
1395 2760 1612 2832 ἐκείνην
1640 2760 1822 2812 αὐτῶν
1850 2758 1948 2830 τὴν

380 2850 675 2920 ἐπιστολὴν
703 2850 773 2903 δι’
805 2850 1011 2921 εἰδησιν
1042 2852 1110 2921 τῇ
1159 2853 1453 2920 συγγραφῇ
1507 2850 1799 2915 καταλέξαι
1850 2850 1949 2905 οὐκ

378 2940 612 3009 ἄκαιρον
643 2940 885 3011 ἥγημαι.
925 2957 944 2991 ι
984 2940 1050 2991 Ol
1084 2938 1438 3001 ἀπόστολοι,
1470 2939 1571 2992 καὶ
1607 2941 1662 2993 οί
1692 2939 1951 3006 πρεσσύέ

380 3046 543 3099 rapat
573 3029 675 3084 καὶ
698 3032 756 3083 οἱ
778 3029 1057 3098 ἀδελφοί,
1084 3027 1210 3094 τοῖς
1240 3029 1395 3084 κατὰ
1429 3027 1547 3097 τὴν
1593 3029 1952 3095 Ἀντιόχειαν

379 3124 480 3179 καὶ
520 3124 748 3192 Συρίαν
776 3123 873 3178 καὶ
897 3121 1175 3177 Κιλικίαν
1200 3120 1488 3189 ἀδελφοῖς
1512 3121 1641 3187 τοῖς
1661 3121 1730 3184 ἐξ
1755 3121 1951 3175 ἐθνῶν

378 3216 631 3288 χαίρειν.
652 3213 893 3282 Ἐπειδὴ
919 3214 1276 3283 ἠκούσαμεν
1302 3213 1389 3267 ὅτι
1417 3213 1578 3279 τινὲς
1596 3213 1951 3279 ἐξελθόντες

377 3306 447 3373 ἐξ
477 3306 668 3376 ἡμῶν,
698 3305 1001 3374 ἐτάραξαν
1026 3304 1184 3376 ὑμᾶς
1205 3307 1414 3375 λόγοις
1434 3302 1951 3371 ἀνασκευάζοντες

377 3401 489 3466 τὰς
516 3400 724 3469 ψυχὰς
756 3398 946 3469 ὑμῶν,
995 3399 1283 3467 λέγοντες
1316 3397 1801 3466 περιτέμνεσθαι,
1847 3397 1950 3451 καὶ

376 3493 585 3562 τηρεῖν
609 3493 722 3547 τὸν
759 3491 972 3560 νόμον,
1005 3486 1095 3556 οἷς
1121 3492 1197 3544 οὐ
1228 3488 1708 3557 διεστειλάμεθα,
1737 3488 1953 3554 ἔδοξεν

378 3585 526 3654 ἡμῖν
554 3586 903 3654 γενομένοις
929 3582 1335 3653 ὁμοθυμαδὸν.
1369 3580 1815 3651 ἐκλεξαμένους
1843 3581 1951 3635 ἀν-

379 3675 529 3741 δρας
577 3674 810 3743 πέμψαι
856 3673 1007 3742 πρὸς
1055 3670 1234 3740 ὑμᾶς,
1268 3671 1392 3726 σὺν
1445 3672 1568 3735 τοῖς
1614 3669 1954 3740 ἀγαπητοῖς

2050 2581 2290 2634 rectioris
2323 2589 2373 2633 et
2402 2580 2473 2633 ad
2513 2595 2689 2633 veram
2724 2595 2851 2649 erga
2897 2578 3059 2632 Deum
3096 2579 3344 2648 pietatem
3382 2576 3621 2629 ducentis

2049 2675 2170 2729 oitw
2217 2676 2442 2744 formam
2481 2682 2900 2744 proposuerunt,
2928 2687 3066 2741 gua:
3111 2671 3406 2725 necessario
3450 2670 3625 2723 obser-

2049 2767 2225 2822 vanda
2261 2765 2389 2825 sint,
2420 2763 2629 2818 disertis
2659 2762 2824 2816 verbis
2862 2764 3233 2832 praedicantes.
3263 2761 3383 2816 Non
3418 2760 3622 2815 intem-

2052 2859 2327 2929 pestivum
2371 2870 2507 2910 vero
2553 2869 2673 2910 esse
2722 2855 2890 2918 duxi,
2927 2864 2989 2908 ut
3018 2868 3139 2908 eam
3191 2841 3363 2923 ipsam
3399 2851 3621 2906 illorum

2049 2949 2360 3018 epistolam,
2391 2945 2752 3001 evidentioris
2782 2944 3112 3014 cognitionis
3135 2943 3333 3014 gratia,
3357 2943 3411 2999 in
3445 2943 3623 3015 histo-

2049 3044 2131 3098 ria
2202 3042 2305 3095 ltac
2350 3040 2638 3093 referrem.
2679 3036 2915 3106 Apostoli
2952 3045 3001 3090 et
3045 3037 3275 3090 seniores
3317 3044 3366 3089 et
3400 3036 3626 3106 fratres,

2049 3136 2130 3189 his
2167 3134 2256 3201 qui
2290 3131 2586 3186 Antiochia:
2612 3138 2660 3182 et
2691 3130 2745 3181 in
2778 3127 2937 3197 Syria
2966 3135 3014 3181 et
3055 3128 3242 3183 Cilicia
3280 3142 3345 3180 ea:
3384 3128 3624 3197 gentibus

2049 3234 2173 3282 sunt
2215 3223 2492 3293 fratribus,
2533 3223 2779 3276 salutem.
2820 3220 3084 3288 Quoniam
3126 3219 3447 3283 audivimus,
3484 3220 3626 3290 quod

2050 3316 2267 3389 quidam
2298 3329 2362 3367 ea:
2382 3313 2527 3366 nobis
2553 3319 2818 3381 exeuntes,
2847 3326 2938 3365 vos
2967 3310 3252 3374 turbarint,
3288 3310 3454 3364 verbis
3480 3309 3628 3364 labe-

2051 3408 2311 3476 factanles
2355 3403 2568 3457 animas
2608 3410 2828 3466 uestras,
2854 3400 3073 3455 dicendo
3112 3402 3418 3455 circumcidi
3452 3416 3539 3455 vos
3575 3411 3628 3456 et

2053 3498 2217 3570 legem
2254 3498 2454 3551 servari
2491 3497 2698 3557 debere,
2732 3495 2921 3566 quibus
2963 3495 3018 3547 id
3061 3509 3166 3548 non
3201 3494 3573 3549 mandavimus
3605 3511 3624 3549 :
3718 3510 3721 3515 ‘

2051 3591 2251 3661 placuit
2287 3589 2434 3642 nobis
2467 3586 2693 3640 collectis
2726 3586 2783 3639 in
2819 3602 3005 3645 unum.
3042 3585 3235 3654 eligere
3262 3585 3420 3648 viros,
3460 3592 3512 3637 et
3555 3585 3627 3638 ad

2052 3696 2139 3734 vos
2196 3680 2421 3740 mittere,
2471 3693 2591 3730 cum
2644 3675 2968 3733 charissimis
3015 3673 3208 3727 nostris
3262 3670 3516 3726 Barnaba
3575 3681 3624 3726 et

377 3767 548 3836 ὑμῶν
573 3765 845 3835 Βαρνάϐᾳ
876 3783 941 3820 τε
963 3764 1060 3818 καὶ
1083 3765 1306 3832 Παύλῳ
1337 3765 1668 3833 ἀνθρώποις
1695 3762 1952 3832 παραδε-

2056 3772 2228 3827 Paulo
2262 3787 2282 3825 :
2320 3771 2638 3831 hominibus,
2670 3769 2759 3837 qui
2784 3766 3123 3821 tradiderunt
3148 3766 3355 3819 animas
3374 3782 3502 3819 suos
3529 3781 3628 3835 pro

378 3859 603 3913 δωκόσι
654 3858 769 3926 τὴν
802 3856 1016 3926 ψυχὴν
1061 3857 1262 3911 αὐτῶν
1291 3857 1445 3924 ὑπὲρ
1497 3856 1604 3911 τοῦ
1654 3856 1950 3925 ὀνόματος

2056 3866 2263 3921 nomine
2292 3863 2530 3917 Domini
2577 3862 2743 3916 nostri
2790 3860 2913 3915 Jesu
2962 3859 3179 3913 Christi.
3230 3858 3474 3913 Misimus
3502 3858 3627 3931 ergo

393 3949 588 4016 Ἰησοῦ
618 3948 1411 4018 Χριστοῦ.Ἁπεστάλκαμεν
1442 3945 1557 4005 οὗν
1597 3949 1823 4004 Ἰούδαν
1851 3948 1950 4003 καὶ

382 4042 637 4104 Σίλλαν.
686 4040 788 4095 καὶ
821 4040 1048 4108 αὐτούς
1093 4040 1197 4095 διὰ
1233 4042 1421 4110 λόγου
1453 4041 1954 4111 ἀπαγγέλλοντας

379 4135 454 4189 τὰ
483 4134 892 4198 αὐτά.Ἐδοξε
918 4135 1029 4204 γὰρ
1059 4134 1138 4198 τῷ
1160 4135 1309 4200 ἁγίῳ
1333 4134 1629 4202 Πνεύματι
1662 4132 1761 4186 καὶ
1786 4131 1951 4201 ἡμῖν,

377 4226 572 4294 μηδὲν
599 4225 794 4280 πλέον
828 4225 1199 4279 ἐπιτίθεσθαι
1225 4224 1369 4289 ὑμῖν
1390 4224 1586 4291 ,βάρος
1608 4225 1778 4290 πλὴν
1832 4223 1954 4276 τῶν

380 4316 722 4385 ἐπάναγκες
769 4316 1013 4370 τούτων·
1044 4314 1377 4383 ἀπέχεσθαι
1408 4315 1823 4368 εἰδωλοθύτων
1855 4312 1956 4367 καὶ

380 4407 652 4477 αἵματος,
685 4406 783 4461 καὶ
830 4405 939 4474 τῆς
978 4407 1265 4473 πορνείας
1294 4407 1393 4458 καὶ
1422 4405 1531 4459 τοῦ
1575 4405 1852 4460 πνικτοῦ·
1885 4405 1956 4470 ἐξ

378 4496 466 4558 ὧν
484 4500 910 4566 διατηροῦντες
928 4498 1202 4564 ἑαυτοὺς,
1216 4499 1285 4552 εὗ
1306 4499 1914 4569 πράξετε.Ἔρῤωσθε.
1930 4519 1949 4552 ι

382 4592 570 4646 Ταῦτα
599 4591 747 4656 ἔδοξε
777 4593 856 4660 τῷ
885 4590 1028 4660 Θεῷ·
1056 4590 1217 4643 τοῦτο
1248 4591 1575 4661 γὰρ,.φησίν
1600 4593 1634 4663 ή
1664 4594 1952 4663 ἐπιστολή·

290 4694 295 4697 ‘
385 4679 603 4742 Ἔδοξε
654 4676 733 4742 τῷ
768 4677 919 4746 ἁγίῳ
969 4676 1294 4745 Πνεύματι,
1329 4677 1523 4749 μηδὲν
1572 4677 1730 4732 ἄλλο
1772 4680 1977 4734 ἐπιτι-⁴

384 4774 590 4833 escam
616 4771 808 4839 ,ϐάρος
836 4768 1007 4837 πλὴν
1030 4768 1151 4823 τῶν
1192 4767 1262 4833 ἐξ
1292 4770 1561 4839 ἀνάγκης
1595 4771 1961 4840 ὀφειλόντων

381 4863 819 4934 φυλάττεσθαι.
849 4861 1007 4923 Τινὲς
1029 4860 1085 4915 δὲ
1117 4862 1323 4914 τούτων
1354 4861 1754 4932 ἀμελήσαντες,
1776 4865 1958 4918 πᾶσαν

387 4960 487 5026 μὲν
519 4957 777 5027 πορνείαν
807 4956 935 5026 παρ’
960 4955 1113 5009 οὐδὲν
1138 4954 1470 5022 λογίζονται·
1498 4957 1628 5024 περὶ
1653 4956 1712 5009 δὲ
1735 4958 1959 5028 ἡμερῶν

382 5066 442 5102 τε
470 5050 568 5103 καὶ
598 5049 804 5120 ἑορτῶν
838 5048 933 5101 καὶ
963 5049 1092 5116 περὶ
1120 5048 1354 5117 διαίτης,
1386 5047 1587 5101 ὡσανεὶ
1618 5049 1750 5118 περὶ
1778 5049 1959 5119 ψυχῆς

2051 3954 2249 4010 Iudam
2285 3961 2331 4005 et
2365 3951 2557 4015 Silam,
2583 3950 2673 4020 qui
2696 3957 2744 4002 et
2771 3948 2872 4019 ipsi
2891 3947 3034 4017 vobis
3062 3948 3245 4001 eadem
3270 3948 3435 4002 verbis
3458 3947 3628 4019 refer-

2052 4053 2190 4101 rent.
2226 4043 2409 4099 Visum
2439 4050 2517 4096 est
2544 4043 2681 4094 enim
2703 4038 2931 4109 Spiritui
2956 4047 3159 4104 sancto,
3202 4048 3251 4093 et
3295 4038 3464 4104 nobis,
3495 4039 3628 4095 nihil

2054 4138 2285 4208 amplius
2340 4134 2480 4188 vobis
2531 4134 2798 4202 imponere
2841 4132 3057 4194 oneris,
3102 4138 3460 4199 prteterquam
3517 4132 3631 4186 Ita'c

2046 4230 2371 4289 necessaria,
2401 4234 2460 4278 ut
2490 4241 2577 4278 vos
2614 4223 2922 4277 abstineatis
2951 4221 3020 4275 ab
3063 4222 3140 4276 his
3176 4238 3293 4291 qua:
3321 4221 3627 4276 simulacris

2052 4320 2331 4376 immolata
2359 4326 2504 4379 sunt,
2528 4326 2576 4369 et
2612 4333 2644 4369 a
2671 4315 2950 4383 sanguine,
2984 4323 3035 4366 et
3065 4314 3340 4382 suﬂ'ocato.
3379 4324 3427 4366 et
3458 4314 3629 4383 forni-

2055 4412 2261 4465 catione
2294 4424 2312 4462 :
2345 4425 2376 4461 a
2413 4407 2598 4476 quibus
2628 4404 2772 4459 vobis
2810 4413 3072 4466 caventes,
3110 4413 3246 4455 recte
3284 4419 3396 4456 rem
3440 4405 3628 4472 agetis.

2059 4502 2306 4557 Valete".
2349 4500 2475 4554 Haec
2511 4500 2621 4554 Deo
2653 4498 2850 4568 placita
2895 4506 3044 4551 sunt.
3082 4494 3199 4549 Hoc
3246 4495 3393 4548 enim
3447 4496 3629 4563 inquit

2056 4593 2289 4665 cpistola
2333 4611 2346 4647 :
2376 4590 2587 4646 Placuit
2623 4589 2846 4660 Spiritui
2878 4601 3080 4654 sancto,
3117 4587 3251 4642 nihil
3276 4587 3424 4640 aliud
3454 4590 3630 4642 oneris

2055 4690 2344 4757 imponere,
2360 4693 2710 4755 praeterquam
2730 4697 2847 4752 qua:
2866 4682 3159 4735 necessario
3177 4688 3384 4734 servata
3401 4689 3630 4749 oportet.

2056 4779 2216 4850 θοι
2249 4778 2320 4832 At
2352 4775 2575 4846 quidam
2610 4774 2728 4827 haec
2755 4771 2892 4825 nihil
2923 4781 3208 4832 curantes,
3241 4784 3460 4824 omnem
3494 4769 3628 4835 qui-

2058 4872 2189 4926 dem
2223 4867 2644 4924 fornicationem
2683 4879 2781 4933 pro
2818 4861 2996 4916 nihilo
3036 4860 3243 4915 habent
3274 4878 3290 4917 :
3327 4858 3395 4913 de
3428 4858 3631 4914 diebus

2061 4972 2245 5017 autem
2273 5000 2286 5023 .
2331 4966 2386 5014 et
2433 4956 2627 5019 feriis,
2662 4963 2719 5010 et
2754 4953 3053 5019 institutis,
3085 4951 3317 5021 perinde
3353 4961 3520 5020 atque
3560 4950 3632 5006 de

2060 5040 2243 5109 anima
2291 5053 2410 5122 ipsa
2457 5049 2786 5104 decertant:
2821 5045 2920 5100 Dei
2967 5044 3222 5099 mandata
3267 5043 3631 5108 invertentes,

384 5140 768 5207 ἀγωνίζονται·
799 5140 881 5203 εἰς
911 5139 1221 5192 τούναντίον
1251 5141 1351 5202 τὰς
1382 5139 1479 5193 τοῦ
1504 5139 1642 5211 Θεοῦ
1669 5157 1952 5212 παραγγε-

2059 5155 2118 5201 et
2155 5144 2263 5200 sibi
2308 5143 2443 5214 ipsis
2487 5142 2637 5211 leges
2666 5140 2953 5194 ferentes:
3000 5137 3144 5191 haud
3190 5152 3351 5192 secus
3385 5148 3547 5206 atque
3584 5136 3631 5189 si

384 5232 508 5294 λίας
536 5233 832 5300 τιθέμενοι,
858 5231 954 5286 καὶ
984 5231 1150 5300 νόμος
1179 5232 1395 5295 ἑαυτοῖς
1426 5231 1730 5300 γινόμενοι·
1763 5232 1956 5304 ὥσπερ

386 5323 619 5385 ἑαυτοὺς
644 5321 933 5375 λανθάνειν
957 5320 1373 5387 σπουδάζοντες,
1400 5322 1482 5376 ὅτι
1512 5321 1629 5393 Θεῷ
1654 5326 1768 5386 τοῖς
1795 5340 1958 5391 νομο-

387 5414 665 5485 θετηθεῖσι
712 5412 974 5466 τάναντία
1024 5412 1264 5481 μάλιστα
1314 5413 1764 5481 διαπράττονται.
1800 5415 1958 5484 Ἐνῆν

392 5507 492 5576 μὲν
520 5502 613 5560 οὖν
641 5505 735 5558 καὶ
762 5504 846 5558 ἔτι
876 5505 968 5559 τὸν
995 5505 1236 5575 περὶτοῦ
1267 5507 1460 5576 Πάσχα
1487 5507 1644 5574 λόγον
1671 5507 1955 5565 ἐκτείνειν.

393 5598 489 5652 καὶ
514 5596 790 5667 ἁριδήλως
833 5596 1026 5662 δεῖξαι,
1056 5597 1133 5660 ὡς
1178 5599 1287 5652 οὐδ’
1329 5598 1605 5669 Ἑϐραίοις
1638 5599 1700 5654 τὸ
1732 5600 1957 5669 ἀκριϐὲς

390 5686 523 5755 περὶ
548 5686 739 5740 τούτου
763 5686 1228 5754 διαπεφύλακται·
1255 5688 1376 5743 ἀλλ’
1408 5691 1531 5743 οὐδὲ
1559 5689 1651 5744 τὸν
1674 5689 1867 5755 τύπον,
1884 5691 1958 5752 ὼς

497 5824 513 5855 ⁸
552 5824 674 5879 Act.
704 5838 793 5886 xv,
822 5822 877 5888 6,
905 5821 1056 5877 7-29.

2054 5237 2310 5292 stuJiose
2343 5236 2451 5288 huc
2472 5241 2720 5303 agerent,
2744 5240 2802 5284 ut
2826 5229 3139 5284 contrarias
3175 5229 3407 5282 inasime
3433 5232 3632 5282 adver-

2060 5344 2157 5383 sus
2199 5327 2421 5383 decreta
2463 5323 2558 5378 Dei
2596 5337 2684 5377 res
2718 5321 3026 5391 agitantes,
3075 5320 3250 5374 latere
3301 5320 3532 5388 possint.
3566 5319 3636 5371 Et

2060 5420 2439 5491 potuissemus
2469 5430 2573 5470 nos
2603 5415 2909 5469 orationem
2955 5412 3097 5466 hanc
3138 5411 3206 5464 de
3234 5410 3381 5465 festo
3412 5410 3635 5465 Pascite

2043 5513 2240 5583 ’ποθείς
2267 5509 2529 5572 dilatare,
2563 5515 2620 5560 et
2662 5506 2811 5560 clare
2842 5505 2978 5559 satis
3008 5502 3342 5583 ostendere,
3382 5503 3526 5571 quod
3564 5517 3637 5557 ne

2066 5601 2283 5658 Hebraei
2317 5599 2541 5670 quidem
2572 5605 2723 5651 certo
2765 5595 2819 5648 id
2855 5603 2910 5648 et
2941 5603 3199 5649 accurate
3228 5602 3494 5649 servent:
3536 5609 3635 5648 ne-

2068 5709 2177 5765 que
2209 5700 2396 5764 typum
2428 5703 2526 5744 seu
2558 5685 2787 5757 ﬁguram
2817 5685 2960 5756 ejus,
2990 5682 3158 5739 sicuti
3184 5683 3268 5737 eis
3297 5682 3496 5738 tradita
3528 5691 3635 5751 est,
