4062 6506
468 429 574 490 $.67

1702 411 2129 473 NICEPHORI
2170 409 2517 471 CALLlSTl

3677 403 3790 471 868

468 548 660 604 colaut
688 563 702 597 :
742 549 1007 614 praeterea
1031 537 1177 605 quod
1206 534 1563 593 Sainaiitaui,
1595 533 1688 604 qui
1722 533 1791 587 ab
1821 534 1903 587 eis
1933 541 2064 587 sunt

2170 534 2355 594 αὐτοῖς
2394 532 2692 600 παρεδόθη,
2730 527 3253 599 φυλάττουσίν.Ἕτι
3293 526 3373 590 δὲ,
3415 524 3501 589 ὡς
3540 528 3644 579 καὶ
3680 528 3789 580 Σα·

469 637 732 710 disiuncti
755 679 770 702 ,
802 634 1113 690 certissime
1146 637 1272 701 post
1302 628 1697 699 aequinoctium
1726 640 1946 694 semper
1976 625 2055 677 fe-

473 732 583 784 rias
624 732 788 782 hasce
831 725 1138 780 celebrent.
1172 721 1377 777 Verum
1425 734 1526 772 suo
1559 716 1790 772 scorsim
1835 716 1902 769 ad
1943 729 2058 767 rem

474 821 616 873 hanc
652 817 830 871 lusius
860 811 1252 883 explicandam
1289 819 1540 876 tempore
1576 817 1665 860 est
1711 820 1874 874 Opus.
1918 801 2059 857 illud

472 926 635 980 porro
676 907 861 978 potius
910 920 1059 960 nunc
1099 903 1395 958 dicendum
1447 899 1599 954 venit
1642 918 1655 953 :
1695 898 1791 967 qui
1841 896 2061 951 Juda-os

470 996 574 1051 sibi
608 995 926 1059 imitandus,
960 1002 1017 1047 et
1040 1000 1293 1046 exactam
1325 989 1437 1059 typi
1472 998 1527 1042 et
1559 988 1747 1059 ﬁgura:
1784 986 2055 1040 rationein

469 1088 843 1144 exhibendam
901 1091 1355 1155 proposuerunt,
1411 1096 1507 1136 eos
1558 1080 1739 1133 modis
1798 1079 2061 1132 omnibus

472 1179 597 1232 illos
638 1176 795 1245 sequi
838 1175 1064 1229 debere.
1121 1173 1174 1227 Si
1222 1186 1465 1241 namque
1510 1183 1822 1224 accuratam
1869 1169 2063 1222 obser-

469 1272 747 1325 vationem
796 1267 1083 1334 inquirere
1127 1263 1359 1333 volunt,
1407 1276 1517 1315 non
1564 1260 1640 1314 illi
1679 1261 1798 1313 dies
1845 1267 2061 1312 tantum

443 1364 770 1417 observare.
798 1359 1029 1420 debent,
1063 1353 1158 1409 sed
1191 1364 1244 1408 et
1274 1354 1380 1407 alia
1406 1367 1749 1422 quaecunque
1777 1351 2059 1416 Christus,

382 1440 385 1441 ν
470 1470 597 1509 cum
632 1452 738 1507 sub
780 1451 902 1522 lege
928 1460 1098 1514 esset,
1131 1446 1362 1503 Judaico
1397 1462 1549 1501 more
1580 1446 1734 1510 fecit,
1770 1455 1867 1500 aut
1894 1463 1923 1498 a
1963 1460 2064 1512 po-

474 1545 762 1615 pularibus
808 1552 867 1597 et
905 1542 1206 1596 tribulibus
1250 1540 1371 1595 suis
1414 1539 1617 1609 iniuria
1665 1537 1900 1593 aﬁectus
1932 1553 2060 1606 per-

476 1639 621 1702 tulit,
644 1645 739 1691 aut
763 1637 871 1690 alio
894 1636 1063 1689 etiam
1088 1633 1252 1688 modo
1278 1634 1536 1689 omnibus
1564 1631 1804 1701 benigne
1829 1630 2061 1695 faciens,

474 1750 572 1805 per
600 1734 831 1803 ﬁguram
878 1745 1040 1801 agere
1088 1729 1487 1800 perseveravit.
1523 1725 1813 1795 Siquidem
1871 1722 2060 1779 navim

475 1825 565 1879 ille
604 1823 808 1892 saepius
854 1822 1167 1891 ingressus,
1209 1818 1517 1873 doctrinam
1553 1815 1927 1886 promulgavit
1958 1833 1972 1869 :
2005 1823 2062 1869 et

473 1912 528 1966 in
580 1898 868 1967 corna-culo
917 1909 1124 1964 Pascha
1174 1908 1414 1979 primum
1469 1907 1652 1977 parari
1702 1908 1952 1968 curavit,
2006 1916 2063 1959 et
2098 1879 2137 1934 Β

474 2013 603 2058 ante
651 2002 702 2056 id
733 2003 950 2056 asinam
978 2000 1203 2071 ligatam
1256 2000 1393 2053 solvi
1433 2000 1644 2070 jussit:
1686 2008 1742 2053 et
1778 1998 2061 2053 hominem

471 2112 670 2166 aquam
719 2095 774 2149 in
825 2110 953 2148 vase
1004 2094 1158 2148 ﬁctili
1214 2101 1559 2163 gestantem,
1608 2091 1692 2146 eis
1723 2091 1817 2161 qui
1853 2090 2061 2146 Past‘ha

472 2204 671 2260 parare
694 2185 1163 2257 deproperabant,
1189 2185 1410 2250 signum
1439 2184 1731 2254 proposuit
1764 2200 1777 2236 :
1803 2191 1859 2237 et
1889 2183 2064 2236 multa

472 2282 619 2347 alia,
678 2296 800 2351 quae
850 2281 1003 2335 varie
1057 2279 1112 2334 in
1164 2278 1369 2334 divinis
1416 2276 1735 2346 Evangeliis
1783 2276 2061 2331 feruntur.

472 2376 604 2439 Quae
653 2388 783 2426 sane
830 2373 1015 2427 omnia
1056 2371 1426 2441 corporaliter
1456 2369 1758 2424 observare
1799 2384 1911 2423 non
1944 2378 2064 2423 stu-

432 2451 437 2455 .
472 2468 631 2532 dent,
655 2467 748 2533 qui
782 2464 947 2519 ferias
970 2464 1137 2539 lpsce
1172 2463 1280 2518 rite
1307 2461 1579 2517 celebrari
1611 2460 1818 2516 debere
1844 2476 2063 2530 aequum

473 2572 597 2612 esse
648 2565 873 2627 putant.
922 2552 1061 2620 Quis
1112 2554 1261 2608 enim
1318 2568 1384 2607 ex
1440 2551 1769 2606 doctoribus
1820 2566 2065 2621 unquam

467 2650 627 2719 juxta
664 2658 850 2717 typum
898 2656 954 2700 et
997 2646 1227 2714 ﬁgurant
1264 2645 1318 2698 in
1368 2643 1593 2712 navigio
1638 2642 1839 2697 docere
1870 2643 2067 2712 coepit?

478 2742 673 2812 Neque
704 2741 757 2793 in
794 2739 1086 2794 caenaculo
1118 2754 1217 2792 seu
1250 2738 1528 2807 superiori
1561 2745 1716 2805 parte
1752 2737 1972 2801 domus,
2010 2746 2069 2790 ut

477 2848 610 2890 ante
637 2834 823 2889 omnia
859 2832 1068 2887 Pascha
1100 2831 1391 2885 celebrans
1428 2830 1719 2899 quisquam
1755 2839 2064 2899 perageret,

475 2925 667 2981 studio
699 2925 917 2979 habuit.
949 2923 1055 2979 Sed
1094 2938 1276 2994 neque
1317 2932 1447 2977 ante
1490 2921 1545 2976 id
1586 2922 1797 2975 asinam
1841 2923 2066 2992 ligatam

476 3020 617 3075 solvi
658 3017 961 3078 mandavit,
992 3030 1175 3086 neque
1202 3015 1345 3069 adeo
1372 3031 1711 3085 quemquam
1739 3016 1945 3086 aliquis
1975 3031 2069 3070 vas

475 3111 647 3166 ﬁctile
682 3112 737 3165 in
772 3110 1025 3164 humeris
1058 3108 1204 3163 ferre
1234 3109 1420 3180 jussit,
1454 3119 1514 3162 ut
1550 3124 1619 3163 ne
1661 3108 1809 3178 quod
1843 3108 2067 3179 symbo-

2166 628 2370 697 μαρεῖς
2412 629 2624 696 σχίσμα
2654 623 2860 678 τούτων
2905 624 3057 685 ὅντες
3099 623 3162 676 τδ
3208 621 3666 692 ἀκριϐέστατον,
3696 626 3788 677 ἀεὶ

2168 721 2286 785 μετ’
2314 719 2613 788 ἰσημερίαν
2640 717 2740 787 τὴν
2770 720 2969 787 ἑορτὴν
2992 715 3197 785 ταύτην
3233 712 3633 767 ἐπιτελοῦσιν·
3663 715 3786 768 ἁλλ’

2163 809 2466 873 ίδιάζοντος
2506 809 2693 861 δεῖται·
2730 807 2926 877 καιροῦ
2966 807 3027 859 τὸ
3076 805 3211 875 περὶ
3253 803 3474 859 τούτων
3506 804 3790 871 διεξιέναι

2164 901 2529 971 πλατύτερον.
2548 901 2761 954 Ἐκεῖνο
2800 899 2845 953 δ’
2871 900 3103 970 ἄμεινον
3144 897 3348 968 μᾶλλον
3378 898 3577 966 ἐρεῖν,
3618 897 3709 950 ὅτι
3739 901 3801 953 οἱ

2174 996 2449 1056 Ἰουδαίοις
2480 994 2715 1047 ἕπεσθαι
2755 994 3047 1064 ᾑρημένοι,
3083 996 3176 1045 καὶ
3219 992 3347 1061 περὶ
3382 992 3529 1054 τοὺς
3565 991 3789 1050 τύπους

2161 1089 2262 1158 τὴν
2296 1087 2588 1156 ἀκρίϐειαν
2622 1086 3059 1154 ἐνδεικνύμενοι,
3092 1084 3187 1136 καὶ
3219 1082 3360 1135 κατὰ
3408 1084 3611 1135 πάντα
3657 1083 3791 1150 τρό-

2162 1195 2267 1231 πον
2298 1178 2510 1240 τούτοις
2534 1177 2854 1245 ὀφείλουσιν
2885 1174 3141 1228 ἓπεσθριι
3175 1177 3222 1227 εί
3258 1175 3367 1245 γὰρ
3405 1175 3461 1227 ὃ)
3476 1192 3561 1237 ως
3590 1171 3788 1238 ζητεῖν

2161 1271 2449 1341 αἱροῦνται
2475 1270 2535 1322 τὸ
2567 1270 2818 1338 ἀκριϐὲς,
2846 1269 2945 1337 οὐχ
2994 1270 3216 1336 ἡμέρας
3258 1268 3426 1336 μονον
3456 1254 3560 1319 καὶ
3597 1266 3787 1335 μῆνας

2163 1364 2536 1433 παρατηρεῖν,
2569 1359 2707 1414 ἀλλὰ
2735 1361 2831 1412 καὶ
2858 1359 3025 1412 τᾶλλα
3058 1360 3159 1413 ὅσα
3190 1358 3433 1431 Χριστὸς
3465 1358 3784 1428 γενόμενος

2164 1457 2272 1510 ὑπὸ
2304 1459 2492 1527 νόμον,
2532 1453 2975 1524 Ἰουδαϊκώτερον
3003 1452 3390 1522 διεπράττετο,
3422 1450 3461 1523 ἦ
3497 1452 3602 1506 καὶ
3646 1450 3786 1504 ὺπέ-

2168 1567 2331 1621 μενεν
2360 1550 2464 1602 ὑπὸ
2490 1548 2599 1600 τῶν
2634 1545 3002 1617 συμφυλετῶν
3034 1545 3423 1614 ἀδικούμενος,
3451 1544 3488 1615 ἢ
3519 1545 3625 1597 καλ⁵
3649 1544 3782 1612 τρό-

2167 1664 2269 1699 πον
2302 1647 2492 1716 ἕτερον
2520 1647 2731 1708 πάντας
2758 1640 2817 1697 εὖ
2847 1644 3043 1709 ποιῶν,
3074 1643 3324 1706 τυπικῶς
3363 1642 3644 1694 διετέλει.
3692 1642 3784 1694 Ἕν

2134 1800 2141 1805 ,
2166 1741 2339 1809 πλοίῳ
2365 1740 2474 1808 γὰρ
2498 1741 2707 1800 ἐκεῖνος
2734 1738 3006 1800 πολλάκις
3034 1736 3240 1799 εἰσιὼν,
3266 1736 3367 1805 τὴν
3397 1734 3781 1789 διδασκαλίαν

2166 1834 2426 1903 επραττε·
2463 1834 2560 1885 καὶ
2591 1832 2649 1883 ὲν
2678 1831 2912 1898 ἁνώγεῳ
2936 1829 3255 1901 τὸπρῶτον
3290 1827 3497 1895 Πάσχα
3532 1827 3783 1898 ηὐτρέσ-

2167 1942 2317 1980 πισε’
2338 1926 2441 2003 ,καὶ
2472 1923 2582 1994 πρὸ
2623 1923 2838 1976 ἐκείνου
2869 1924 2991 1977 δνον
3020 1921 3322 1990 δεδεμένην
3357 1916 3610 1989 λυθῆναι
3645 1936 3785 1990 προ·-

2165 2018 2322 2082 έταξε
2350 2034 2364 2046 ’
2417 2018 2514 2071 καὶ
2565 2017 2659 2070 τὸν
2701 2016 2764 2069 τὺ
2812 2014 3082 2085 κεράμιον
3126 2012 3222 2066 τοῦ
3271 2013 3483 2075 ὓδατος
3532 2013 3784 2083 φέροντα

2167 2113 2403 2182 σημεῖον
2431 2109 2602 2163 ἐτίθει
2631 2110 2745 2170 τοῖς
2782 2108 2913 2175 περὶ
2944 2106 3004 2159 τὸ
3032 2105 3229 2175 Πάσχα
3259 2105 3657 2169 σπουδάζουσι
3684 2106 3779 2157 καὶ

2166 2204 2303 2258 ἄλλα
2333 2202 2498 2273 ἔτερα
2551 2202 2652 2254 ὅσα
2702 2200 2969 2262 ποικίλως
3019 2201 3136 2261 τοῖς
3180 2197 3349 2261 θείοις
3401 2196 3785 2266 Εὐαγγελίοις

2168 2295 2571 2366 ὲμφέρεται.“Λ
2602 2292 2667 2363 δὴ
2704 2294 2885 2347 πάντα
2929 2291 3266 2361 σωματικῶς
3299 2290 3468 2343 οὐδὲν
3508 2306 3780 2358 παραφυ-

2167 2385 2382 2437 λάττειν
2413 2382 2768 2442 σπεύδουσιν,
2805 2381 2924 2435 ὅσοι
2971 2381 3038 2449 δὴ
3073 2380 3140 2433 τὰ
3172 2379 3273 2449 τῆς
3322 2378 3541 2449 ἑορτῆς
3567 2379 3781 2447 ταύτης

2167 2476 2430 2546 πράττειν
2447 2475 2634 2528 δίκαια
2668 2471 2809 2526 εῖναι
2842 2475 3163 2543 νομίζουσιν
3185 2490 3197 2502 ·
3234 2473 3317 2535 τίς
3337 2473 3463 2541 γὰρ
3497 2489 3635 2524 ποτε
3670 2472 3781 2525 τῶν

2165 2567 2517 2643 δ.δασκάλων
2552 2566 2697 2618 κατὰ
2740 2565 2834 2616 τὸν
2880 2563 3051 2617 τύπον
3101 2567 3162 2618 ὲν
3198 2566 3370 2634 πλοίῳ
3414 2564 3778 2625 διδασκαλίας

2167 2661 2518 2731 κατήρξατο;
2564 2658 2709 2712 Ἀλλ’
2745 2660 2858 2711 οὐδ’
2910 2660 2992 2721 εἰς
3072 2657 3331 2727 ἀνώγεων
3383 2658 3617 2728 οἴκημα
3671 2659 3777 2726 πρὸ

2169 2756 2375 2815 παντὸς
2404 2754 2622 2805 τελέσαι
2668 2770 2753 2815 τις
2800 2753 2864 2804 τὸ
2896 2751 3092 2821 Πάσχα
3137 2751 3381 2821 σπουδὴν
3443 2753 3769 2821 ἐποιήσατο,

2168 2848 2287 2900 ἀλλ’
2318 2846 2442 2900 οὐδὲ
2470 2845 2578 2913 πρὸ
2602 2845 2798 2898 τούτου
2830 2844 3129 2914 δεδεμένην
3157 2844 3280 2897 ὄνον
3312 2843 3558 2915 λυθῆναι
3596 2860 3770 2914 περε-

2171 2937 2506 3000 σκευάσατο,
2541 2935 2665 2987 οὐδέ
2696 2952 2775 3004 τῳ
2808 2932 3083 3004 ἐπέτρεψέ
3109 2951 3194 2995 τις
3226 2932 3508 3001 κεράμιον
3539 2930 3770 3008 ὲπωμάο

2167 3027 2280 3080 διον
2306 3026 2485 3093 ἄγειν,
2515 3023 2583 3077 ἵν’
2614 3023 2878 3095 ἀνελλιπῆ
2918 3022 3011 3076 τοῦ
3044 3022 3236 3094 Πάσχα
3262 3022 3347 3089 εἴη
3383 3022 3455 3075 τά
3490 3016 3766 3089 σύμϐολα.

2169 3120 2387 3189 Τυχσῖα
2445 3117 2554 3187 γὰρ
2615 3114 2812 3183 ταῦτα,
2882 3115 2979 3168 καὶ
3054 3112 3484 3183 Ἱουδαῖκὼτερα
3558 3111 3769 3181 μᾶλλην

468 3204 587 3258 lum
638 3213 694 3258 et
748 3200 968 3272 signum
1030 3200 1252 3256 Pascha:
1310 3200 1752 3256 desideraretur.
1805 3200 2060 3256 Fortuita

2167 3215 2428 3284 ἥγηνται.
2461 3212 2577 3265 Καὶ
2602 3211 2716 3278 γάρ
2755 3208 3005 3262 Ἰουδαῖοι
3043 3207 3113 3259 τὰ
3149 3204 3530 3273 συμϐαίνοντα
3565 3205 3770 3274 μᾶλλον

473 3310 718 3365 namque
765 3295 883 3348 lure
916 3303 1076 3355 sunt,
1127 3301 1185 3347 et
1227 3291 1576 3347 Judaismum
1624 3294 1811 3363 potius
1861 3295 2067 3348 referre

472 3389 885 3445 existimantur.
927 3386 1217 3456 Siquidem
1271 3395 1328 3440 et
1379 3385 1553 3441 Judaei
1603 3401 1668 3440 ea
1713 3400 1837 3455 quae
1884 3385 1965 3441 sic
2012 3386 2065 3439 in

473 3483 807 3553 corporibus
839 3480 1131 3544 accidunt,
1167 3480 1374 3549 majore
1412 3479 1621 3545 studio,
1654 3494 1819 3547 quam
1856 3478 1902 3534 si
1943 3477 2067 3532 ani-

477 3577 675 3631 mabus
735 3572 1034 3636 eveniant,
1104 3575 1403 3625 observare
1468 3570 1833 3625 contendunt.
1903 3570 2066 3641 302

478 3670 715 3723 Proinde
755 3668 922 3721 etiam
951 3665 1322 3719 exsecrationi
1369 3663 1595 3719 obnoxii
1646 3674 1814 3727 sunt,
1864 3673 1925 3717 ut
1970 3664 2065 3733 qui

474 3762 638 3816 Mosa
668 3761 844 3829 legem
891 3759 1058 3813 veluti
1113 3768 1303 3827 typum
1338 3771 1392 3811 et
1437 3756 1664 3827 ﬁguram
1697 3757 1868 3826 magis
1897 3772 2061 3825 quam

474 3854 767 3906 veritatem
802 3850 1107 3918 excipiunt.
1146 3850 1214 3902 Et
1251 3849 1345 3917 qui
1386 3848 1614 3902 illorum
1659 3863 1745 3902 res
1785 3849 2064 3903 admiran-

478 3954 569 3998 tur
594 3955 650 3998 et
679 3951 887 4006 amant,
929 3941 1057 3994 talia
1092 3940 1159 3995 ad
1189 3956 1389 3995 sensus
1416 3941 1935 4011 speculationesque
1975 3958 2062 3994 ar-

474 4053 641 4092 canas
673 4045 729 4089 et
759 4036 1027 4089 sublimes
1071 4043 1353 4089 revocant.
1390 4035 1465 4089 De
1510 4034 1711 4088 diebus
1747 4044 1903 4090 certe
1938 4035 2060 4104 qui-

475 4131 602 4184 dem
645 4138 703 4183 et
751 4127 1039 4183 mensibus
1076 4126 1543 4181 irreconciliabile
1576 4125 1842 4181 Ecclesiae
1870 4126 2061 4181 conci-

478 4232 596 4276 tant
635 4220 873 4285 bellum,
909 4218 1435 4288 contemplationem
1474 4218 1834 4273 remotiorem
1881 4219 1948 4273 de
1982 4219 2063 4271 eis

476 4310 899 4382 posthabentcs.
953 4309 1144 4379 itaque
1198 4309 1517 4363 necessario
1568 4309 1968 4378 consequitur,
2008 4320 2065 4361 et

479 4404 629 4471 ipsos
667 4402 769 4455 hac
805 4402 857 4453 in
895 4411 1053 4470 parte
1082 4400 1332 4453 eamdem
1379 4414 1504 4453 cum
1549 4399 1755 4454 Judzeis
1788 4398 2065 4454 sustinere

476 4494 807 4548 sententiam
855 4502 914 4545 et
944 4492 1467 4546 condemnationem
1491 4532 1505 4555 ,
1542 4491 1597 4545 in
1638 4492 1852 4561 seipsos
1897 4490 2066 4543 maie-

2171 3307 2281 3366 τοῖς
2311 3302 2563 3373 σώμασιν
2593 3302 2627 3373 ἢ
2660 3303 2784 3364 ταῖς
2830 3300 3035 3369 ψυχαῖς
3084 3299 3284 3363 σώζειν
3333 3298 3765 3361 σπουδάζουσιν.

2174 3397 2374 3450 Ἔνθεν
2404 3412 2489 3449 τοι
2521 3396 2618 3447 καὶ
2651 3394 2758 3447 ὑπὸ
2788 3390 2929 3461 άρὰν
2976 3391 3245 3458 γίνονται,
3275 3390 3351 3452 ὡς
3383 3391 3483 3444 τὸν
3523 3388 3769 3449 Μωσέως

2172 3494 2338 3561 νόμον
2362 3491 2440 3551 εἰς
2462 3488 2635 3541 τύπον
2660 3488 2721 3540 οὐ
2747 3489 2856 3555 μὴν
2880 3485 3015 3554 πρὸς
3038 3483 3302 3554 ἀλήθειαν
3326 3484 3766 3552 ἐκλαμϐάνουσι·

2171 3585 2265 3636 καὶ
2292 3586 2341 3636 οἱ
2376 3585 2444 3634 τὰ
2470 3583 2703 3634 ἐκείνων
2732 3577 3021 3648 φιλοῦντες
3044 3578 3115 3628 τὰ
3141 3574 3368 3628 τοιαῦτα
3399 3572 3768 3643 ἁναγωγικῦς

2171 3673 2462 3744 θεωροῦσι-
2493 3674 2628 3741 Περί
2661 3688 2723 3738 γε
2762 3671 2867 3741 μὴν
2900 3668 3153 3738 ἡμερῶν,
3187 3667 3286 3720 καὶ
3313 3668 3534 3736 μηνῶν,
3568 3667 3766 3720 ἄσιτον-

2168 3763 2256 3816 δον
2279 3766 2346 3832 τῇ
2371 3760 2675 3829 Ἐκκλησία
2700 3757 3130 3828 ἀναρριπίζουσι
3154 3755 3425 3825 πόλεμον,
3451 3759 3512 3808 ἐν
3527 3754 3765 3823 δευτέρῳ

2167 3855 2271 3925 τὴν
2303 3853 2434 3923 περὶ
2459 3855 2672 3905 τούτων
2717 3853 2941 3923 θέμενοι
2976 3851 3234 3921 θεωρίαν.
3267 3848 3542 3903 Λείπεται
3584 3847 3762 3901 τοίνυν

2166 3949 2228 4012 ἐξ
2270 3946 2578 4013 ἀναγκαίου
2612 3947 2705 3998 καὶ⁹
2738 3945 2940 4008 αὖτοὺς
2976 3943 3117 3997 κατὰ
3153 3942 3313 3997 τοῦτο
3343 3944 3406 3995 τὺ
3459 3944 3629 4014 μέρος
3670 3939 3763 4008 τὴν

2167 4038 2291 4107 ἴσην
2336 4037 2637 4105 καταδίκην
2670 4035 2955 4099 Ἰουδαίοις
3002 4035 3259 4104 πάσχειν,
3307 4034 3472 4088 αὐτοὶ
3518 4033 3605 4102 ἐφ’
3633 4032 3759 4083 ἑαυ-

2164 4132 2278 4193 τοῖς
2332 4128 2433 4198 τὴν
2488 4129 2588 4198 τῆς
2624 4129 2874 4201 κατάρας
2928 4128 3113 4199 ψῆφον
3170 4127 3581 4199 ἐπισπώμενοι.
3601 4124 3758 4180 Ἀλλὰ

2166 4223 2297 4291 περὶ
2336 4221 2436 4291 μὲν
2466 4220 2703 4287 τούτων,
2723 4219 2990 4292 ἀρκοῦσιν
3016 4217 3172 4292 οῐμαι
3193 4221 3264 4273 τὰ
3287 4221 3584 4293 εἰρημένα*
3605 4220 3759 4290 ἡμεῖς

2166 4315 2223 4367 δὲ
2258 4310 2417 4376 αὖθις
2446 4314 2541 4367 ἐπὶ
2564 4313 2654 4368 τὸν
2680 4316 2885 4367 οἰκεῖον
2913 4315 3115 4383 δρόμον
3142 4315 3232 4367 τὸν
3250 4314 3415 4382 λόγον
3434 4316 3752 4383 ἀγάγωμεν.

2180 4406 2482 4476 Ἐλέγομεν
2522 4407 2707 4459 τοίνυν
2739 4406 2813 4469 ὡς
2863 4408 2896 4477 ή
2933 4406 3234 4474 Ἐκκλησία
3284 4407 3523 4478 πρώτως
3554 4407 3756 4473 διαιρε-

2172 4495 2351 4560 θεῖσα,
2387 4497 2489 4548 ούκ
2522 4495 2617 4549 ἐπὶ
2656 4496 2758 4559 τῆς
2801 4497 3129 4565 διαιρέσεως
3176 4496 3415 4567 ἔμεινεν·
3448 4487 3568 4550 ἀλλ’
3604 4490 3755 4552 αὖθις

475 4583 736 4638 ιίὶοιὶοιιὶε
782 4584 1057 4636 calculum
1104 4581 1369 4636 ferentes.
1404 4581 1512 4636 Sed
1544 4582 1612 4636 de
1662 4581 1750 4635 his
1797 4584 1963 4645 satis,
2006 4589 2064 4634 ut

2170 4591 2221 4641 οί
2255 4588 2651 4659 διαιρεθέντες,
2690 4591 2934 4659 σμικρᾶς
2968 4607 3116 4653 τινος
3162 4591 3491 4661 εἰλημμένοι
3544 4584 3753 4661 προφάο

477 4687 633 4747 puto,
669 4676 934 4729 diximus.
967 4674 1312 4747 Quapropter
1353 4675 1421 4730 ad
1471 4675 1789 4728 institutum
1833 4688 2061 4741 cursum

479 4769 786 4818 orationem
827 4779 1022 4817 rursus
1051 4776 1462 4818 convertamus.
1512 4763 1761 4817 Diximus
1796 4779 2058 4831 namque,

479 4855 779 4912 Ecclesiam
806 4872 983 4918 ,-cum
1018 4857 1254 4924 primum
1292 4855 1630 4910 factionibus
1662 4864 1813 4908 esset
1858 4855 2055 4923 divisa,

478 4949 533 5002 in
580 4963 645 5001 eo
690 4964 874 5002 rerum
906 4961 1051 5003 statu
1098 4965 1208 5003 non
1253 4947 1674 5018 permansisse:
1725 4963 1915 5002 verum
1964 4964 2060 5003 eos

476 5040 708 5103 deinde,
760 5043 854 5109 qui
905 5043 1278 5096 secessionem
1326 5041 1619 5105 iecissent,
1667 5056 1833 5110 parva
1878 5042 2063 5111 aliqua

476 5145 701 5203 arrepta
745 5136 1070 5197 occasione,
1108 5153 1135 5187 a
1172 5135 1292 5187 suis
1321 5133 1655 5207 descivisse,
1694 5144 1750 5190 et
1782 5136 1838 5189 in
1884 5147 2064 5191 sectas

476 5227 614 5281 alias
646 5228 872 5281 abiisse.
919 5228 1193 5281 Caeterum
1241 5226 1334 5279 alii
1370 5225 1530 5279 aliter
1561 5227 1721 5282 divisi
1765 5240 1917 5281 sunt.
1950 5229 2063 5284 Νο-

2172 4697 2335 4744 σεως,
2367 4683 2489 4734 κατ’
2512 4681 2765 4752 ἀλλήλων
2793 4685 3061 4752 ἐχώρουν,
3099 4685 3194 4737 καὶ
3226 4686 3308 4747 είς
3336 4684 3635 4755 διαιρέσεις
3660 4679 3752 4734 ἄλ·

2169 4773 2268 4835 λας
2300 4771 2700 4843 διεμερίζοντο.
2737 4775 2847 4827 Καὶ
2888 4776 3041 4829 ἄλλοι
3092 4776 3192 4845 μὲν
3224 4776 3400 4840 ἄλλως
3432 4776 3746 4847 διῄμηνται·

2167 4867 2216 4919 οἱ
2244 4865 2300 4919 δὲ
2332 4866 2676 4919 Ναυατιανοὶ
2705 4870 2770 4937 τῇ
2807 4869 3083 4937 προφάσει
3138 4868 3234 4921 τοῦ
3286 4870 3481 4938 [hch
3527 4865 3749 4936 διῄρηνο

2166 4975 2279 5010 ται·
2305 4961 2398 5010 καὶ
2421 4959 2525 5011 οὐκ
2551 4962 2609 5010 ὲν
2637 4960 2735 5028 μιᾷ
2761 4958 3026 5028 διαιρέσει
3057 4959 3318 5029 ἔστησαν,
3345 4960 3484 5013 ἀλλὰ
3508 4959 3598 5011 καὶ
3625 4949 3747 5021 περὶ
3820 4991 3835 5007 .

2171 5049 2398 5118 ἡμερῶν
2431 5051 2526 5102 καὶ
2554 5051 2874 5119 ἑϐδομάδων
2905 5054 3001 5106 καὶ
3029 5052 3240 5123 ἑτέρων
3266 5052 3501 5105 εὐτελῶν
3528 5051 3605 5113 εἰς
3636 5047 3745 5095 ἔτει

2174 5159 2244 5210 ρει
2278 5142 2544 5211 τμήματα
2581 5145 2940 5214 διῃρέθησαν.
2978 5146 3086 5199 Καὶ
3135 5146 3213 5215 πῆ
3249 5144 3350 5215 μὲν
3381 5145 3472 5196 ἐπὶ
3501 5144 3598 5208 τῆς
3637 5137 3742 5189 διασ

2176 5235 2418 5305 κρίσεως
2454 5237 2673 5307 ἔμενον,
2709 5238 2822 5290 ἔστι
2854 5238 2899 5289 δ’
2925 5240 3015 5291 ὅτε
3050 5241 3145 5292 καὶ
3172 5240 3561 5307 ἐπεμίγνυντο.

477 5321 684 5375 vatiani
731 5334 916 5375 autem
966 5336 1063 5389 per
1095 5320 1440 5374 occasionem
1482 5332 1538 5375 et
1587 5332 1911 5391 praatextmn
1964 5325 2247 5382 Paschalis
2318 5328 2439 5383 festi
2504 5331 2557 5384 in
2623 5343 2807 5399 partes
2837 5332 3163 5386 discessere.
3192 5330 3383 5400 Neque
3444 5326 3521 5380 illi
3554 5324 3608 5377 in
3640 5332 3741 5373 una

478 5416 717 5487 partiutn
771 5414 1091 5469 secessione
1140 5415 1515 5467 constiterunt
1559 5431 1572 5468 :

1629 5416 1723 5468 sed
1780 5420 1949 5470 etiam
1998 5418 2066 5473 de
2110 5419 2311 5477 diebus
2374 5433 2431 5475 et
2504 5424 2968 5486 hebdomadibus,
3016 5425 3250 5493 aliisque
3280 5439 3388 5478 non
3425 5416 3594 5487 magni
3632 5429 3739 5467 ινοο

478 5510 648 5564 menti
674 5509 841 5564 rebus
870 5508 1271 5578 disceptantes,
1306 5507 1360 5562 in
1399 5518 1576 5563 sectas
1609 5510 1747 5563 aiias
1816 5522 1947 5564 sunt
2012 5513 2281 5569 dissecti:
2353 5520 2447 5585 qui
2519 5518 2745 5586 quidem
2778 5516 2985 5573 alicubi
3016 5517 3323 5587 segregati,
3357 5510 3587 5569 seorsim
3616 5518 3738 5563 cuu-

478 5616 677 5662 ventzis
700 5622 895 5677 egere,
925 5606 1059 5659 alibi
1102 5615 1284 5662 autem
1321 5609 1693 5663 communiter
1727 5609 1892 5662 simul
1940 5611 2243 5665 convenire
2275 5614 2425 5667 soliti
2462 5615 2639 5668 fuere.
3156 5599 3160 5602 ⁴
