4062 6494
393 428 497 492 869

953 536 1225 589 κΚΕΦΑΛ.
1260 536 1398 599 AG".

396 630 532 698 Περὶ
562 627 671 696 τῆς
706 627 823 681 τῶν
853 625 1246 698 Ναυατιτινῶν
1290 624 1611 698 διαδοχῆς,Δ
1653 625 1788 698 περὶ
1828 624 1976 698 Ἀγε-

463 695 628 758 llov,
657 697 1002 766 Μαρκιαγοῦ
1028 696 1126 749 καὶ
1167 698 1439 766 Σισινίου
1466 713 1479 726 ⁸
1516 695 1616 766 καὶ
1641 695 1728 747 ὅτι
1759 697 1790 747 ό
1813 695 2009 747 Zizaim.

462 785 596 833 νιος
621 765 861 830 ἀστεῖός
894 784 985 832 τις
1013 768 1109 819 καὶ
1147 765 1298 833 ἡδὺς
1352 766 1422 818 ἐν
1456 765 1577 830 ταῖς
1610 767 1975 828 συνουσίαις

465 839 706 908 ἐγένετο
737 835 833 890 καὶ
856 838 1214 905 φιλόκαλος.

464 952 682 1006 Εἱδέναι
715 951 902 1019 μέντοι
930 949 1131 1021 χρεὼν,
1172 952 1247 1012 ὼς
1294 952 1397 1020 τῆς
1441 953 1500 1003 ἐν
1528 950 1974 1003 Κωνσταντιυου-

395 1045 552 1097 πόλει
613 1043 942 1113 Ἐκκλησιας
978 1043 1069 1096 ἐπὶ
1120 1044 1215 1114 ἔτη
1255 1044 1668 1113 τεσσαράκοντα
1731 1044 1970 1110 Ἀγέλιος

395 1136 643 1203 ἡγήσατο
668 1133 774 1185 ἀπὸ
806 1133 916 1184 τῶν
945 1133 1324 1186 Κωνσταντίου
1353 1134 1560 1203 χρόνων
1593 1132 1718 1201 ἄχρι
1754 1133 1849 1182 καὶ
1877 1128 1970 1181 τοῦ

395 1227 559 1279 ἕκτου
600 1226 754 1288 ἔτους
805 1223 1110 1278 Θεοδοσίου.
1163 1225 1313 1277 Ἐπεὶ
1351 1225 1396 1279 δ’
1449 1224 1641 1291 ἔμελλε
1688 1224 1965 1293 τελευτᾷν,

364 1318 475 1379 ,εἰς
505 1318 599 1368 τὸν
641 1316 851 1369 ἐκείνου
898 1315 1068 1367 τόπον
1120 1317 1453 1386 ἐχειροτόνει
1494 1315 1749 1377 Σισίνιον,
1787 1315 1844 1376 ὃς
1879 1315 1970 1367 ὑπ’

398 1407 552 1478 αὐτῷ
580 1409 931 1475 ταττόμενος,
967 1407 1339 1477 πρεσϐύτερος
1381 1402 1469 1478 ἦν.
1516 1408 1653 1460 Λίαν
1686 1406 1731 1459 δ’
1761 1406 1970 1473 ἐλλόγι-

397 1518 497 1569 μος
526 1499 604 1553 ὣν
637 1501 797 1570 ἀνὴρ.
834 1500 1139 1569 διδασκάλῳ
1170 1501 1271 1569 μὲν
1310 1500 1551 1570 Μαξίμῳ
1584 1498 1662 1570 τῷ
1690 1499 1968 1569 φιλοσόφῳ
2004 1522 2011 1533 .

395 1594 671 1662 ἐχρήσατο
692 1608 704 1620 ·
745 1591 1025 1662 Ἰουλιανῷ
1059 1592 1114 1644 δὲ
1141 1591 1360 1662 σύναιμα
1388 1591 1459 1645 τὰ
1495 1591 1763 1661 φιλόσοφοι
1806 1592 1966 1644 ἐπειιέ

392 1684 602 1737 δεύετο.
667 1683 776 1737 Τοῦ
836 1684 892 1737 δὲ
940 1683 1073 1736 λαοῦ
1132 1683 1495 1738 Ναυατιανῶν
1541 1686 1599 1736 ἐν
1634 1683 1838 1753 μέμψει
1870 1684 1968 1754 τὴν

394 1774 589 1827 τούτου
624 1777 1009 1845 ποιησαμένων
1040 1777 1404 1847 χειροτονίαν,
1437 1778 1519 1830 δτι
1556 1775 1631 1846 μὴ
1663 1775 1968 1847 Μαρκιανῷ

1319 418 1926 481 ECCLESIAS’I‘ICIE
1967 419 2349 480 [llii'l‘ORL’E
2391 420 2536 480 LIB.
2581 422 2723 482 XII.

2619 531 2848 587 CAPUT
2895 533 3130 588 XXXVI.

2084 622 2158 674 De
2210 622 2628 693 Novatianornm
2686 626 2947 689 doctrina,
3013 629 3074 680 de
3129 609 3330 693 Agella.
3386 626 3661 686 Marciano

2156 701 2204 744 et
2259 692 2453 747 Sisinio
2502 710 2518 757 ;
2583 705 2631 749 et
2692 698 2832 765 quod
2889 697 3118 751 Ssinius
3173 692 3227 749 in
3287 703 3662 755 consuetudine

2153 765 2465 883 quotsdiona
2520 765 2790 830 urbanus,
2823 767 3093 837 jucuntus
3142 776 3190 820 et
3272 765 3480 838 elegans
3548 773 3663 842 [ue-

2152 849 2197 885 rt
2228 871 2243 885 .

2156 946 2289 999 Illud
2324 948 2737 1002 observandum
2763 993 2777 1015 ,
2825 952 3071 1007 ecclesia:
3102 969 3294 1008 eorum
3340 954 3659 1009 Constanti-

2084 1039 2266 1106 nopoli
2302 1040 2366 1092 ad
2402 1056 2576 1095 annos
2609 1043 2969 1111 quadraginta
3011 1046 3255 1113 Agelium
3295 1046 3598 1115 praefuisse,
3627 1063 3658 1101 a

2080 1130 2388 1184 Constantii
2442 1134 2787 1201 temporibus
2840 1136 2904 1189 ad
2955 1152 3157 1190 annum
3210 1138 3503 1192 Theodosii
3536 1154 3660 1192 sex-

2081 1228 2217 1273 tum.
2257 1219 2359 1286 Qui
2392 1237 2517 1276 cum
2567 1239 2712 1291 aeger
2760 1233 2928 1289 esset,
2964 1235 3019 1278 et
3052 1227 3382 1281 moriturum
3430 1243 3488 1282 se
3536 1242 3658 1282 esse

2079 1319 2334 1379 putaret,
2379 1326 2758 1367 successorem
2790 1314 2894 1368 sibi
2937 1315 3247 1384 designavit
3280 1318 3571 1372 Sisinium.
3606 1317 3659 1370 Is

2078 1401 2363 1471 presbyter
2407 1403 2510 1456 sub
2543 1418 2610 1457 eo
2642 1402 2766 1465 fuit,
2798 1402 2884 1456 vir
2915 1404 3129 1469 doctus,
3172 1415 3226 1458 et
3264 1405 3357 1474 qui
3391 1419 3497 1459 una
3532 1420 3656 1459 cum

2076 1489 2298 1545 Juliano
2344 1493 2398 1545 in
2443 1493 2847 1562 philosophicis
2896 1493 3207 1562 disciplinis
3252 1494 3492 1549 Maximo
3539 1494 3660 1563 phi-

2078 1572 2312 1650 losopho
2340 1594 2680 1653 praeceptore
2706 1600 2838 1640 usus
2867 1585 3071 1640 fuerat.
3097 1585 3233 1641 Cum
3265 1596 3445 1640 autem
3476 1586 3657 1640 Nova-

2079 1678 2354 1731 tianorum
2431 1678 2586 1746 plebs
2657 1678 2985 1732 electionem
3059 1679 3256 1746 talem,
3316 1678 3655 1733 Marcianum

2076 1771 2279 1839 potius,
2339 1772 2615 1824 hominem
2668 1771 2986 1840 religiosum
3035 1781 3090 1826 et
3136 1771 3443 1834 celebrem,
3499 1771 3661 1840 cuius

397 1866 602 1935 μᾶλλον
632 1867 903 1937 ἐπέτρεψε
937 1868 1036 1935 τὴν
1077 1868 1412 1937 ἐπισκοπὴν,
1444 1868 1666 1923 εὐλαϐεἰ
1691 1870 1845 1939 ἀνδρὶ
1871 1873 1961 1925 καὶ

2075 1862 2278 1915 virtute
2330 1863 2431 1917 sub
2484 1860 2715 1916 Valente
2761 1863 2999 1917 ecclesia
3047 1877 3239 1917 eorum
3291 1871 3485 1932 pacata
3537 1878 3662 1931 per-

394 1964 711 2031 περιφανεῖ,
748 1963 817 2015 δι’
849 1961 911 2015 δν
947 1964 1042 2015 καὶ
1087 1963 1179 2015 ἐπὶ
1214 1963 1516 2025 Οὐάλεντος
1556 1963 1823 2035 ἀτάραχοι
1858 1964 1972 2016 διαε-

398 2054 798 2123 μεμενήκασιν,
836 2056 864 2107 δ
897 2054 1139 2123 Ἀγέλιος
1176 2056 1238 2106 τδ
1265 2054 1344 2123 τῷ
1373 2054 1487 2125 λαῷ
1510 2055 1668 2120 δόξαν
1700 2055 1972 2126 θεραπεῦ-

393 2164 485 2201 σαι
540 2148 889 2218 βουλόμενος,
928 2150 1090 2216 ἀφεὶς
1140 2147 1233 2200 τὸν
1281 2149 1541 2212 Σισίνιον,
1576 2151 1973 2220 ἐπιχειροτονεϊ

391 2239 609 2302 τούτοις
641 2241 734 2291 τὸν
774 2241 1122 2309 Μαρκιανόν.
1167 2241 1338 2312 Ῥᾴων
1365 2241 1409 2294 δ’
1437 2244 1500 2295 ἐκ
1540 2243 1697 2295 νόσου
1742 2246 1970 2313 γενόμε-

392 2346 501 2393 νος,
559 2333 641 2394 εἰς
684 2334 783 2400 τὴν
812 2332 1115 2401 ἐκκλησίαν
1154 2330 1270 2400 ἰὼν,
1311 2334 1377 2385 δι’
1446 2332 1643 2386 ἐαυτοῦ
1671 2334 1969 2405 ταῦτα,τῷ

388 2422 590 2490 πλήθει
627 2424 845 2477 ἀνεῖπε·
901 2425 1224 2494 Μαρκιανὸν
1288 2425 1387 2494 μὲν
1429 2425 1586 2495 ἔχετε
1650 2426 1771 2494 μετ’
1828 2428 1962 2497 ἐμέ·

394 2517 533 2582 μετὰ
564 2515 622 2567 δὲ
651 2515 972 2593 Μαρκιανδν
1008 2517 1100 2567 τὶν
1133 2516 1392 2568 Σισίνιον.
1427 2515 1592 2568 Ταῦτ’
1621 2517 1811 2579 εἰπὼν,
1849 2518 1966 2586 μετ’

389 2606 573 2675 ὀλίγον
604 2606 873 2672 ἐξέλιπεν.
903 2609 1016 2660 Οὐκ
1049 2609 1128 2670 είς
1167 2608 1382 2677 μακρὰν
1422 2607 1482 2660 δὲ
1511 2608 1606 2661 τοῦ
1637 2611 1964 2678 Μαρκιανοῦ

388 2701 831 2769 τελευτήσαντος,
889 2700 1125 2762 Σισίνιος
1169 2699 1267 2768 τὴν
1298 2699 1605 2771 ἐπισκοπὴν
1650 2702 1960 2771 διεδέχετο·

388 2788 549 2857 ἀνὴρ,
584 2787 660 2850 ὼς
687 2788 927 2857 εἴρηται,
955 2786 1075 2839 λίαν
1103 2787 1409 2857 ἐλλόγιμος,
1453 2788 1529 2850 εἰς
1570 2788 1744 2858 ἄκρον
1771 2808 1831 2843 τε
1868 2808 1961 2857 φι-

304 2892 311 2895 “
386 2877 629 2946 λοσόφων
651 2878 748 2929 καὶ
778 2877 884 2929 τῶν
914 2877 1083 2946 ἱερῶν
1106 2877 1301 2944 λόγων,
1334 2877 1433 2947 τὴν
1461 2879 1772 2950 ἐπιστήμην
1802 2881 1963 2951 ἀκρι-

389 2970 729 3039 ϐωσάμινος,
779 2969 1018 3038 μάλιστα
1058 2969 1120 3021 δὲ
1162 2972 1262 3039 τῆς
1310 2967 1655 3039 διαλεκτικῆς
1700 2974 1960 3040 φροντίδα

386 3063 743 3131 ποιούμενος·
772 3062 848 3122 ὡς
901 3064 994 3114 καὶ
1043 3062 1306 3127 Εὐνόμιον
1345 3063 1490 3116 τοῦτ’
1535 3065 1697 3133 ἔργον
1744 3066 1954 3134 ἔχοντα,

385 3156 642 3215 πολλάκις
677 3155 777 3223 τὴν
816 3154 935 3221 μετ’
963 3155 1172 3207 ἐκείνου
1202 3155 1439 3221 διάλεξιν
1486 3159 1950 3227 παραιτήσασθαι.

395 3247 521 3299 Ἐπὶ
562 3247 716 3299 τόσον
767 3246 823 3298 δέ
872 3245 1167 3312 σωφρόνως
1220 3246 1377 3308 ἐϐίω,
1426 3250 1500 3307 ὡς
1543 3249 1634 3300 ἐπὶ
1662 3248 1834 3320 ταύτῃ
1862 3251 1956 3302 καὶ

383 3340 651 3408 κρείττων
674 3336 930 3403 γενέσθαι
958 3337 1235 3405 διαόολῆς.
1263 3340 1375 3403 Τὴν
1402 3339 1610 3391 δίαιταν
1633 3341 1684 3392 δὲ
1721 3341 1780 3391 οὐ
1813 3342 1957 3404 λιτὸς

385 3429 482 3495 ὢν,
516 3429 701 3497 ἁϐρῶς
735 3429 936 3498 μᾶλλον
971 3431 1062 3480 καὶ
1094 3429 1398 3493 πολυτελῶς
1448 3432 1576 3498 περὶ
1611 3432 1814 3501 ταύτην
1842 3434 1956 3485 διέ-

387 3538 534 3574 κειτο
554 3538 566 3552 ·
597 3522 671 3582 ὡς
707 3520 799 3573 καί
833 3538 975 3573 τισιν
1009 3522 1217 3574 οἴεσθαι
1259 3522 1333 3592 μὴ
1364 3526 1664 3593 σωφρονεῖν
1693 3524 1955 3578 δύνασθαι

386 3613 624 3683 τοσαύτῃ
659 3612 984 3683 πολυτελείᾳ
1025 3619 1117 3666 καὶ
1140 3617 1315 3683 τρυφῇ
1350 3615 1630 3683 χρώμενον
1656 3631 1668 3645 ·
1719 3619 1814 3669 καὶ
1852 3619 1957 3687 μά-

384 3711 541 3760 λιστα
572 3709 701 3777 περὶ
740 3707 838 3776 τὴν
869 3708 1098 3773 ἐσθῆτα,
1131 3708 1225 3759 καὶ
1255 3708 1332 3776 τῷ
1374 3707 1454 3770 δὶς
1499 3708 1603 3775 τῆς
1648 3711 1862 3779 ἡμέρας
1899 3711 1956 3764 ἐν

383 3800 668 3868 δημοσίοις
698 3799 945 3869 λουτροῖς
979 3798 1253 3851 λούεσθαι.
1293 3799 1503 3863 Ἀλλως
1537 3800 1591 3852 δὲ
1634 3801 1760 3869 ἡδὺς
1790 3797 1858 3871 ἦν
1895 3802 1955 3855 τὸ

380 3889 535 3964 ἦθος,
562 3894 660 3945 καὶ
686 3895 742 3944 ἐν
777 3894 896 3954 ταῖς
926 3893 1232 3955 συνουσίαις
1276 3892 1679 3963 κεχαρισμένος
1704 3911 1718 3924 ·
1760 3895 1848 3946 διά
1873 3914 1955 3948 τοι

382 3983 541 4036 τοῦτο
569 3985 629 4035 οὐ
664 3983 826 4053 μόνον
863 3982 1255 4048 Ναυατιανοίς,
1289 3984 1425 4036 ἀλλὰ
1459 3987 1554 4038 καὶ
1583 3986 1697 4045 τοῖς
1731 3986 1954 4039 ἐπισκό-

382 4090 505 4135 ποις
533 4072 628 4125 καὶ
657 4073 889 4143 ἄρχουσι
926 4073 1035 4124 τῶν
1059 4074 1115 4125 ἐν
1138 4073 1283 4125 τέλει
1317 4074 1415 4140 τῆς
1452 4075 1685 4128 καθόλου
1725 4077 1956 4147 Ἐκκλη-

382 4164 503 4224 σίας
557 4163 863 4232 ἐπέραστός
922 4180 1006 4226 τις
1059 4164 1253 4217 ἐδόκει.
1300 4165 1408 4217 Σὺν
1460 4167 1804 4236 ἁστειότητος
1847 4171 1955 4239 γὰρ

380 4256 566 4326 χάριτι
598 4255 866 4307 σκώπτων
895 4254 1139 4324 ἁνείχετο
1174 4256 1332 4308 τοῦτο
1369 4256 1529 4310 πάλιν
1559 4259 1786 4327 πάσχων
1808 4274 1821 4288 ’
1863 4260 1954 4313 καί

379 4364 442 4414 γε
478 4347 738 4416 ἑκάτερον
765 4345 1061 4416 ἀπεχθείας
1087 4346 1160 4408 ὡς
1192 4349 1527 4418 πορρωτέρω
1550 4349 1719 4401 ἐτέλει
1756 4352 1951 4406 ππιῶν.

394 4436 659 4504 Ἐτοίμως
696 4438 741 4486 τ’
770 4434 831 4487 εὖ
868 4436 1014 4505 μάλα
1050 4437 1186 4506 πρὸς
1209 4438 1334 4500 τοὺς
1365 4438 1803 4510 πυνθανομένους
1828 4460 1952 4495 και-

2078 1961 2375 2014 manserat.
2423 1953 2765 2023 designatum
2816 1956 3132 2024 oportuisse
3170 1965 3319 2017 rata,
3357 1954 3659 2023 reprehen-

2076 2047 2231 2101 deret
2258 2063 2273 2102 :
2311 2046 2536 2115 Agelius
2567 2046 2752 2115 populi
2787 2048 3079 2100 sententiae
3111 2046 3408 2117 gratiﬁcari
3441 2046 3654 2110 volens,

2077 2138 2284 2192 Sisiuio
2336 2138 2690 2207 posthabito,
2738 2139 3074 2192 Marcianum
3127 2139 3446 2207 episcopum
3496 2139 3652 2208 legit.

2073 2229 2141 2282 At
2176 2229 2265 2283 ubi
2318 2247 2382 2284 ex
2434 2232 2622 2285 morbo
2656 2231 2958 2294 convaluit,
3001 2232 3289 2284 ecclesiam
3340 2230 3650 2302 ingressus,

2071 2337 2169 2390 per
2194 2324 2434 2391 seipsum
2469 2323 2534 2376 ad
2566 2324 2831 2391 populum
2861 2324 3092 2376 retulit:
3124 2322 3284 2393 303
3313 2322 3652 2377 Marcianum

2071 2431 2165 2469 eos
2208 2415 2275 2469 ab
2305 2416 2455 2470 obitu
2501 2431 2623 2481 suo,
2655 2426 2778 2485 post
2828 2415 3163 2469 Marcianum
3214 2430 3344 2467 vero
3374 2413 3646 2469 Sisinium

2068 2506 2389 2575 episcOpum
2426 2507 2737 2561 habituros.
2766 2505 2891 2560 Haec
2922 2506 3093 2561 verba
3121 2506 3462 2576 prolocutus,
3494 2507 3648 2561 brevi

2066 2598 2255 2666 postea
2283 2599 2537 2651 decessit.
2574 2597 2695 2651 Sed
2742 2609 2800 2651 et
2844 2597 3124 2651 Marciano
3157 2613 3264 2650 non
3310 2596 3482 2650 multo
3525 2606 3647 2666 post

2068 2688 2351 2747 defuncto.
2384 2689 2624 2742 Sisinius
2648 2687 3028 2757 episcopatum
3064 2688 3295 2758 recepit,
3324 2688 3428 2752 vir,
3460 2704 3651 2756 quem-

2065 2781 2363 2834 admodum
2407 2783 2618 2835 dictum
2667 2791 2785 2845 est,
2823 2781 2983 2845 valde
3035 2782 3250 2834 doctus.
3293 2779 3468 2833 Simul
3500 2780 3652 2836 enim

2066 2874 2482 2943 philosophicas
2505 2886 2559 2928 et
2586 2889 2771 2928 sacras
2804 2873 3046 2927 Litteras
3071 2882 3330 2927 accurata
3363 2873 3651 2943 diligentia

2063 2968 2127 3019 ad
2163 2982 2437 3019 summum
2492 2965 2861 3028 addidicerat,
2909 2964 3256 3034 potissimum
3288 2979 3417 3017 vero
3460 2965 3653 3034 singu-

2060 3057 2164 3110 lari
2200 3070 2331 3110 cura
2377 3056 2431 3109 in
2468 3056 2763 3110 Dialectica
2808 3066 2863 3111 et
2894 3056 3206 3112 disserendi
3249 3066 3369 3112 arte
3407 3073 3466 3113 se
3497 3072 3657 3112 exer-

2062 3157 2272 3202 cuerat.
2309 3148 2677 3211 Quamobrem
2712 3147 3022 3203 Eunomius
3053 3150 3245 3212 etiam,
3279 3150 3439 3220 cujus
3464 3167 3553 3204 ars
3582 3165 3649 3205 ea

2063 3243 2403 3310 praecipuum
2436 3257 2573 3309 opus
2604 3242 2725 3305 fuit,
2757 3256 2900 3310 saepe
2933 3240 3362 3310 disputationem
3399 3242 3523 3311 ejus
3553 3243 3649 3298 de-

2065 3334 2311 3387 clinavit.
2343 3333 2461 3387 Vita
2489 3335 2627 3386 adeo
2657 3334 2937 3387 moderata
2966 3335 3089 3397 fuit,
3124 3347 3183 3388 ut
3209 3335 3644 3391 obtrectatorum

2064 3443 2286 3497 quoque
2333 3426 2639 3480 calumnias
2705 3426 3003 3495 superarit.
3040 3427 3208 3480 Diaeta
3243 3435 3300 3481 et
3332 3428 3643 3497 qu0tidiaui

2065 3518 2245 3572 victus
2286 3519 2425 3571 ratio
2460 3534 2568 3571 non
2603 3518 2743 3572 adeo
2770 3518 3021 3588 frugalis,
3046 3519 3144 3575 sed
3174 3521 3356 3575 laetior
3383 3522 3647 3591 quodam.

2068 3613 2233 3663 modo
2265 3619 2321 3663 et
2345 3612 2726 3679 sumptuosior
2753 3622 2894 3674 erat,
2927 3613 3001 3667 ita
3034 3622 3096 3666 ut
3133 3613 3464 3681 quibusdam
3495 3613 3648 3669 vide-

2067 3712 2250 3765 retur,
2298 3717 2423 3755 eum
2463 3702 2519 3754 in
2550 3702 2847 3770 splendore
2885 3712 2941 3756 et
2981 3702 3199 3757 deliciis
3235 3705 3400 3759 tantis
3430 3704 3647 3774 pudici-

2067 3795 2196 3847 tiam
2233 3806 2287 3849 et
2324 3795 2723 3850 continentiam
2758 3795 2938 3849 colere
2976 3811 3084 3850 non
3117 3811 3298 3865 posse.
3344 3797 3410 3850 Et
3441 3799 3647 3853 vestitu

2066 3890 2120 3941 in
2157 3888 2348 3958 primis
2389 3889 2668 3957 exquisito
2715 3904 2849 3942 usus
2881 3897 3002 3950 est,
3029 3898 3083 3942 et
3113 3888 3200 3943 bis
3240 3889 3520 3943 interdum
3558 3891 3648 3944 die

2066 3994 2176 4032 uno
2228 3979 2284 4031 in
2325 3978 2539 4032 balneis
2588 3978 2825 4047 publicis
2864 3979 3043 4033 lavit:
3078 3979 3330 4033 moribus
3379 3988 3643 4048 prmterea

2058 4069 2376 4139 jucundus,
2432 4081 2596 4138 atque
2658 4072 2711 4122 in
2769 4069 3139 4137 familiaribus
3185 4072 3479 4140 colloquiis
3525 4088 3651 4141 gra-

2066 4163 2253 4216 tiosus.
2311 4162 2549 4215 Proinde
2602 4178 2709 4215 non
2758 4161 3082 4218 Novatianis
3136 4174 3384 4229 tantum,
3444 4167 3539 4221 scd
3587 4176 3648 4222 et

2062 4254 2359 4322 episcoiiis,
2413 4244 2871 4323 principibusque
2933 4257 3064 4307 viris
3113 4266 3170 4309 et
3233 4257 3645 4325 magistratibus

2064 4345 2326 4400 Ecclesiae
2379 4344 2666 4399 catholica:
2717 4346 2921 4399 charus
2969 4362 3095 4400 esse
3151 4348 3304 4400 visus
3349 4357 3453 4401 est.
3504 4349 3642 4405 Cum

2062 4436 2210 4489 enim
2247 4436 2429 4490 facere
2476 4453 2599 4489 cum
2654 4438 2827 4506 gratia
2875 4439 3109 4505 quadam
3151 4439 3294 4491 sales
3323 4448 3379 4492 et
3409 4440 3555 4494 dicta
3587 4442 3642 4496 in

384 4527 505 4595 ρίαν
531 4527 730 4579 διδόναι
767 4528 864 4579 σὺν
891 4527 1197 4596 κομψότητι
1256 4530 1355 4599 τὴν
1390 4532 1704 4602 ἀπόκρισιν,
1738 4532 1812 4595 ὡς
1839 4536 1955 4586 Σω-

2067 4530 2200 4584 alios
2235 4529 2389 4599 jecit,
2438 4540 2551 4583 tum
2597 4529 2648 4582 id
2697 4533 2865 4583 etiam
2898 4531 2966 4583 ab
3000 4529 3125 4583 aliis
3153 4531 3490 4595 ,humaniter
3522 4552 3636 4603 per-

379 4620 571 4690 κράτει
625 4620 792 4671 δοκεῖ.
849 4619 959 4671 Καί
1013 4620 1139 4671 ποτέ
1193 4637 1340 4683 τινος
1385 4623 1672 4691 ἐρομένου,
1725 4643 1743 4675 ι
1789 4625 1954 4679 Ὅτου

379 4715 540 4783 χάριν
570 4713 868 4773 ἐπίσκοπος
901 4711 977 4765 ὣν
1023 4713 1107 4775 δὶς
1148 4713 1358 4767 λούοιτο
1402 4716 1499 4783 τῆς
1533 4717 1747 4785 ἡμέρας
1771 4733 1784 4746 ’
1832 4718 1955 4771 Ὅτι

379 4820 486 4866 τοι,
511 4802 640 4872 ἔφη,
672 4802 732 4853 οὐ
783 4802 902 4868 τρῖς
931 4800 1191 4871 δύναμαι.
1238 4821 1255 4853 ι
1291 4804 1411 4856 Τῶν
1451 4821 1596 4866 τινος
1637 4804 1681 4857 δ’
1716 4807 1822 4858 ἀπὸ
1857 4808 1956 4875 τῆς

378 4892 615 4944 καθόλου
649 4891 975 4955 Ἐκκλησίας
994 4890 1405 4961 ἐπισκώψαντος
1427 4892 1508 4947 ὅτι
1528 4895 1728 4962 λευκὴν
1751 4897 1956 4967 ἐσθῆτα

382 4983 597 5051 φοροίη,
626 4982 896 5035 ἀνοίκειον
939 4981 1000 5034 ὃν
1031 4984 1338 5054 ἐπισκόπῳ,
1369 4985 1530 5048 εὐθὺς
1575 4987 1953 5058 ἁντεπήγαγε’

386 5092 405 5124 ι
447 5075 538 5127 Σοὶ
583 5076 639 5127 δὲ
677 5075 879 5143 μᾶλλον
933 5074 1203 5127 δεικνύειν
1236 5077 1436 5145 χρεὼν,
1492 5076 1596 5130 ποῦ
1642 5083 1953 5149 γέγραπται

319 5215 324 5218 ,
380 5162 586 5228 ἐσθῆτα
624 5162 888 5231 μέλαιναν
919 5162 1117 5231 χρῆναι
1166 5162 1565 5232 ἀμφιέννυσθαι
1612 5167 1701 5219 τὸν
1732 5168 1955 5220 ἐπίσκο-

385 5269 505 5306 πον.
545 5270 563 5301 ι
611 5252 698 5304 Ἐν
725 5252 917 5321 ἀπόρῳ
943 5253 987 5304 δ’
1010 5252 1223 5305 ἐκείνου
1251 5256 1671 5323 καθεστηκότος,
1702 5259 1954 5327 ἐπιφέρει

382 5343 697 5412 παραυτίκα
736 5343 968 5405 Σισίνιος
991 5359 1006 5373 ο
1062 5362 1080 5394 ι
1106 5344 1268 5397 Ἀλλὰ
1304 5346 1367 5398 σὺ
1416 5346 1516 5414 μὲν
1551 5349 1650 5399 οὐκ
1686 5350 1754 5402 ἂν
1791 5351 1953 5420 δυνη-

381 5435 532 5506 Οείης
560 5435 721 5487 τοῦτο
755 5433 956 5497 δεῖξαι·
990 5436 1018 5487 ὁ
1060 5434 1117 5487 δὲ
1162 5437 1417 5505 Σολομῶν
1462 5439 1587 5507 ἐμοὶ
1619 5441 1775 5492 τοῦτο
1818 5460 1953 5512 προ-

377 5527 575 5596 τρέπει
608 5526 808 5580 οὑτωσὶ
855 5526 1053 5594 λέγων,
1107 5529 1429 5582 Ἓστωσάν
1471 5546 1591 5584 σου
1633 5533 1703 5585 τὰ
1749 5534 1949 5601 ἱμάτια

378 5619 471 5673 ἀεὶ
501 5616 716 5672 λευκά.
763 5616 925 5670 Ἀλλὰ
960 5618 1067 5687 μὴν
1098 5618 1188 5671 καί
1222 5621 1250 5671 ό
1273 5620 1468 5690 Σωτὴρ
1499 5624 1559 5674 ἐν
1591 5622 1949 5693 Εὑαγγελίοις

380 5709 630 5777 φαίνεται
686 5710 904 5771 λευκοῖς
948 5707 1228 5778 χρώμενος
1263 5712 1523 5779 ἱματίοις,
1579 5718 1949 5784 ταραδεικνύς

2065 4625 2187 4678 ttilit
2227 4625 2324 4692 (l).
2364 4624 2428 4678 Et
2483 4636 2777 4692 utrumque
2828 4639 2888 4677 ea
2940 4624 3317 4679 moderatione
3369 4626 3530 4694 fecit,
3583 4638 3641 4683 ut

2064 4732 2226 4785 quam
2273 4715 2591 4785 longissime
2624 4715 2693 4768 ab
2740 4714 2927 4768 hostili
2966 4717 3265 4769 acerbitate
3293 4719 3531 4772 abesset.
3571 4720 3641 4775 Ut

2064 4823 2194 4861 vero
2219 4807 2381 4859 etiam
2416 4824 2538 4862 cum
2565 4816 2852 4860 venustate
2883 4806 3116 4873 Quadam
3146 4808 3637 4878 interrogantibus,

2061 4908 2188 4968 apte
2241 4907 2405 4967 atque
2465 4900 2790 4966 tempestive
2848 4900 3251 4967 responderet,
3317 4909 3374 4955 nt
3421 4901 3637 4958 Socrati

2065 4992 2304 5057 videtur,
2339 4991 2568 5044 miriﬁce
2595 5002 2878 5058 promptus
2907 5006 3044 5044 erat.
3081 4991 3143 5044 Et
3172 4992 3469 5062 aliquando
3497 5010 3637 5064 quo-

2064 5082 2187 5135 dam
2236 5098 2360 5135 eum
2408 5092 2848 5151 percunctante:
2888 5100 2905 5131 t
2943 5082 3244 5151 Cujusnam
3292 5090 3464 5152 gratia
3509 5102 3634 5138 cum

2056 5176 2346 5244 episcopus
2381 5181 2544 5238 esset,
2566 5175 2647 5227 bis
2679 5174 2769 5226 die
2804 5174 3119 5229 Iavaret?-—
3145 5175 3284 5240 Quia’
3309 5178 3631 5246 ter,iuquit,

2058 5282 2167 5318 non
2197 5281 2447 5333 possum.
2484 5283 2502 5315 ι
2535 5250 2774 5330 Rursum
2808 5281 2931 5318 euut
2966 5281 2993 5317 a
3023 5269 3282 5335 quodam,
3321 5269 3411 5337 qui
3445 5272 3633 5321 catho-

2058 5358 2173 5411 lica:
2206 5356 2462 5410 Ecclesiae
2492 5364 2634 5418 erat,
2672 5357 2822 5409 dicto
2863 5356 3008 5425 quod
3052 5358 3340 5409 candidam
3390 5366 3631 5426 gestant

2060 5458 2300 5511 vestem,
2338 5463 2459 5513 qua
2492 5447 2809 5516 episcopum
2849 5461 2908 5501 ut
2946 5449 3124 5502 aliena
3164 5450 3345 5503 minus
3385 5456 3626 5515 decen-1,
3686 5457 3698 5467 '

2057 5539 2384 5605 perstrictus
2432 5548 2610 5601 esset.
2660 5539 2842 5593 statim
2892 5540 3237 5594 dicacitatem
3275 5540 3330 5592 in
3377 5555 3503 5593 eum
3538 5555 3627 5594 re-

2059 5638 2321 5699 torquens
2350 5649 2363 5683 :
2400 5645 2418 5679 ι
2449 5629 2571 5683 Tibi
2599 5645 2753 5695 vero,
2782 5631 2981 5699 inquit,
3013 5628 3414 5684 ostendendum
3448 5633 3628 5697 potius

2055 5732 2171 5785 est,
2221 5722 2444 5774 ubinam
2482 5721 2748 5791 scriptum
2794 5720 2900 5787 sit,
2936 5720 3083 5790 quod
3117 5720 3436 5790 episcopum
3478 5718 3626 5789 pulla

453 5842 529 5912 (l)
569 5843 722 5898 Socr.
780 5846 873 5900 lib.
924 5859 997 5910 vc,
1034 5858 1153 5913 cap.
1197 5843 1304 5910 9.2;
1364 5847 1579 5903 Sozozn.
1643 5851 1738 5906 lib.
1800 5870 1932 5923 vui,
1970 5872 2090 5925 cap.
2135 5860 2181 5913 I.
