4062 6446
483 392 582 461 871

1717 372 2139 438 NlCE‘PHORl
2179 369 2528 432 CALLKSTI

3640 362 3739 427 {~72

485 519 638 567 veste
669 510 750 565 uti
795 512 1067 578 oporteat.
1116 521 1135 554 ι
1169 503 1345 570 Atque
1382 497 1474 552 ubi
1509 495 1601 551 ille
1640 489 2067 564 cogitabundus,

2184 503 2237 539 τε
2272 487 2385 548 τοῖς
2413 485 2512 538 σὺν
2538 482 2690 555 αὐτῷ
2723 483 2781 538 τὸ
2816 481 3102 554 Θασώριον
3133 480 3341 536 ἀνιοῦσι
3378 480 3487 534 τῶν
3514 481 3741 537 ἀποστόδ

488 603 617 672 quia
640 599 785 671 quod
820 595 1174 666 responderet
1204 606 1314 645 non
1349 588 1608 649 habebat,
1644 594 1838 641 staret.
1871 582 2064 637 subin-

490 694 619 749 tulit
678 691 827 765 illico
883 686 1159 742 Sisinius:
1215 703 1234 736 ι
1280 682 1362 737 Tu
1414 681 1636 751 quidem
1679 676 1974 733 ostendere
2013 674 2064 728 id

489 802 599 840 non
651 792 841 852 potes,
889 792 946 835 at
993 777 1252 834 Salomon
1298 791 1386 829 tne
1444 783 1504 828 ut
1538 772 1591 829 id
1640 771 1837 825 faciam
1871 767 2068 822 adhor-

490 884 656 938 tatur,
703 871 936 928 dicens:
968 867 1086 924 Sint
1126 869 1437 922 vestimenta
1480 874 1575 918 tua
1618 877 1825 929 semper
1875 858 2067 913 alba‘.

488 964 693 1020 Verum
742 971 799 1016 et
851 960 1135 1025 Servator,
1181 958 1236 1012 in
1290 956 1601 1026 Evangeliis
1644 953 1873 1009 candida
1920 960 2069 1005 veste

490 1072 627 1113 usus
655 1068 777 1108 esse
800 1052 1064 1125 _videtur;
1094 1051 1189 1121 qui
1220 1048 1529 1120 discipulis,
1562 1046 1658 1116 qui
1694 1060 1885 1102 secum
1916 1060 2069 1098 mon.

493 1158 603 1202 tem
643 1145 866 1201 Tbabor
900 1142 1377 1207 conscenderant,
1418 1140 1606 1197 Mosen
1641 1146 1697 1193 et
1730 1137 1904 1192 Eliam
1943 1152 2073 1193 can-

490 1240 712 1294 didatos
753 1237 1091 1292 exhibuerit.
1142 1254 1161 1288 ›
1190 1233 1318 1290 [iam
1362 1242 1527 1302 atque
1566 1232 1654 1287 bis
1698 1231 1897 1285 similia
1945 1245 2069 1284 cum

494 1331 566 1385 ita
597 1329 829 1391 diceret,
856 1327 1215 1382 admirationi
1251 1325 1565 1383 hominibus
1589 1324 1713 1378 fttit.
1740 1322 1903 1394 305
1930 1321 2072 1389 Quin

493 1428 551 1474 et
586 1421 723 1475 illud
762 1419 969 1489 lepide.
1000 1427 1062 1474 ut
1090 1433 1193 1489 ego
1222 1426 1382 1486 puto.
1415 1418 1487 1490 ab
1526 1432 1595 1471 eo
1618 1418 1855 1481 dictum,
1887 1433 2077 1471 recen-

2169 579 2297 642 λων,
2323 579 2531 647 Μωσῆν
2560 594 2620 631 τε
2669 577 2765 631 καὶ
2805 575 2997 631 Ἠλίαν
3042 575 3429 646 λευχειμοναςο
3494 595 3514 628 ι
3579 576 3742 629 ταῦτα

2167 671 2264 724 καὶ
2313 669 2450 724 ἄλλα
2493 669 2704 732 τούτοις
2736 669 3011 733 ἐπειπὼν,
3052 668 3370 737 θαυμαστός
3413 683 3503 729 τις
3553 668 3740 722 ἐδόκει.

2170 761 2243 814 οὐ
2268 759 2374 832 μὴν
2411 760 2468 814 δὲ
2492 759 2629 813 ἀλλὰ
2657 760 2751 813 καὶ
2778 760 2940 813 τοῦτο
2968 760 3166 830 χάριεν
3200 758 3263 812 ὃν
3284 754 3438 829 οἶμαι
3469 758 3578 811 τῶν
3606 762 3745 811 ἐκεί-

2171 870 2264 905 νου
2317 851 2633 922 διηγητέον.
2705 852 3002 920 Ἐπεδήμει
3061 852 3162 919 μὲν
3213 851 3278 921 τῇ
3334 851 3745 903 Κωνσταντίνου

2172 942 2445 1006 Λεόντιος,
2493 941 2772 1013 ’Λγκύρας
2809 942 2909 1011 τῆς
2941 943 3000 995 ἐν
3037 946 3104 1013 τῇ
3144 944 3318 1014 μικρᾷ
3348 941 3592 1013 Γαλατίᾳ
3631 942 3748 995 ἐπί-

2175 1048 2421 1098 σκοπος,·
2454 1033 2758 1104 τηνικαῦτα
2808 1033 2909 1104 τὴν
2971 1037 3148 1088 ἐκεῖσε
3207 1035 3315 1088 τῶν
3376 1031 3740 1089 Ναυατιανῶν

2174 1126 2578 1194 ἀφαιρούμενος
2607 1126 2929 1199 ἐκκλησίαν.
2966 1126 3111 1194 Πρὸς
3139 1124 3199 1178 ὃν
3232 1124 3404 1178 ἐλθὼν
3438 1126 3467 1177 ὁ
3492 1124 3748 1189 Σισίνιος,

2178 1219 2366 1288 ἱκέτης
2392 1214 2480 1289 ἦν,
2510 1217 2803 1271 ἀποδοῦναι
2831 1218 2931 1288 τήν
2958 1218 3260 1288 ἐκκλησίαν
3298 1218 3376 1288 τῷ
3414 1219 3628 1271 ἐκείνου
3661 1235 3751 1271 συ-

2177 1313 2440 1381 στήματι.
2487 1307 2544 1363 ⁸0
2577 1309 2633 1363 δὲ
2668 1311 2744 1381 μή
2779 1309 3093 1377 ἀποδιδοὺς,
3137 1309 3396 1382 ἐλοιδόρει
3441 1311 3538 1363 καὶ
3571 1310 3752 1363 Ναυα-

2175 1403 2394 1466 τιανοὺς
2430 1400 2504 1465 ὡς
2559 1401 2633 1472 μὴ
2666 1401 2845 1472 χρεὼν
2880 1401 3183 1472 ἐκκλησίαν
3214 1402 3381 1472 ἔχειν,
3429 1404 3529 1456 ᾶτε
3559 1403 3624 1472 δὴ
3656 1404 3750 1472 τὴν

495 1510 734 1577 sendum
762 1525 891 1565 esse
917 1509 1165 1564 videtur.
1192 1508 1508 1564 Advenerat
1536 1507 2074 1577 Constantinoliolim

2184 1496 2473 1563 μετάνοιαν
2504 1494 2867 1565 ἀναιροῦντας
2902 1498 2996 1549 καὶ
3027 1495 3128 1571 τήν
3158 1494 3253 1547 τοῦ
3281 1494 3418 1547 Θεοῦ
3444 1494 3751 1563 φιλανθρωδ

496 1576 798 1665 Leontius,
842 1604 1070 1671 Ancyra:
1105 1599 1338 1655 minoris
1367 1598 1592 1654 Galatiae
1626 1576 1942 1669 episcOpus,
1979 1600 2072 1669 qui

2184 1584 2309 1637 πίαν
2332 1583 2674 1646 ἐλαύνοντας.
2698 1583 2942 1637 τοιαῦτα
2967 1583 3023 1636 δέ
3047 1587 3144 1636 καὶ
3170 1582 3338 1653 ἕτερα
3369 1582 3747 1653 ἐπισυνείρων,

500 1700 615 1745 tum
657 1692 730 1746 ibi
772 1691 1094 1746 Novatianis
1133 1690 1426 1747 ecclesiam
1466 1690 1770 1746 ademerat.
1804 1690 2077 1746 Ceiirenit

2184 1675 2370 1740 κακῶς
2404 1675 2631 1729 ἐκείνων
2662 1676 2984 1746 κατέτρεχε.
3023 1676 3255 1739 Σισίνιος
3289 1674 3357 1740 δ’,
3390 1695 3412 1729 ε
3458 1676 3620 1728 Ἀλλά
3650 1677 3751 1743 μὴν

498 1785 648 1837 hunc
692 1782 948 1841 Sisinius.
997 1792 1053 1837 et
1096 1782 1416 1852 supplicans
1468 1782 1719 1852 rogavit,
1769 1790 1830 1836 ιιι
1858 1782 2074 1851 corpori

2184 1765 2361 1832 κάγὼ,
2415 1764 2541 1836 ἔφη,
2576 1766 2849 1835 μετανοῶ,
2894 1766 2971 1830 ὡς
3006 1766 3202 1821 οὐδένα
3250 1765 3446 1836 ἓτερον
3493 1766 3691 1834 οἴομαι.
3726 1783 3746 1817 ι

498 1891 599 1930 suo
624 1874 913 1930 ecclesiam
946 1840 1221 1929 reddere-tt
1260 1874 1416 1941 Quod
1452 1840 1668 1929 ubiville
1708 1890 1767 1930 se
1803 1840 2076 1930 facturum

2184 1858 2292 1912 Τοῦ
2327 1858 2384 1911 δὲ
2413 1859 2691 1924 Λεοντίου,
2724 1875 2744 1909 ι
2782 1859 2917 1913 Τίνα
2948 1858 3172 1930 τρόπον,
3207 1858 3571 1928 ἐπερομένου,
3595 1873 3754 1928 μετα-

496 1965 752 2034 negavit.
798 1964 1137 2021 Novatianos
1176 1967 1343 2020 etiam
1388 1967 1657 2022 conviciis
1700 1968 1899 2023 acerbe
1938 1984 2082 2035 pro-

495 2054 685 2119 scidit,
719 2056 950 2111 minime
982 2071 1080 2112 eos
1113 2058 1405 2113 ecclesiam
1442 2058 1647 2129 habere
1680 2059 1885 2116 debere
1917 2060 2075 2115 dicti

496 2150 654 2205 tans,
700 2144 850 2213 quod
900 2146 1280 2214 paenitentiam
1334 2147 1632 2213 tollerent,
1666 2158 1724 2204 et
1769 2149 2083 2205 misericor-

493 2230 642 2285 diam
676 2230 770 2286 Dei
801 2233 1128 2302 rejicerent.
1160 2235 1312 2292 Talia
1347 2252 1517 2301 vero,
1560 2247 1727 2309 atque
1770 2230 1878 2296 ali'a
1928 2240 2080 2298 hisce

494 2322 700 2377 similia
751 2325 1120 2392 continuans,
1167 2342 1293 2382 cum
1340 2326 1675 2386 Novatianos
1721 2332 2078 2402 suggillaret:

498 2431 518 2465 ι
566 2415 757 2485 Atqui,
799 2415 1037 2472 Sisinius
1082 2418 1302 2488 inquit.
1346 2429 1403 2475 et
1457 2435 1596 2493 ego,
1639 2431 1700 2476 ut
1728 2423 1876 2478 haud
1909 2422 2081 2479 sciam

494 2520 564 2559 an
616 2508 789 2575 magis
844 2509 1180 2576 quisquam,
1243 2511 1620 2579 pmtiitentiam
1676 2529 1801 2583 ago.
1864 2532 1883 2565 ι
1940 2513 2079 2570 Cum

493 2605 679 2652 autem
719 2596 987 2652 Lcontius
1015 2615 1143 2653 eum
1165 2638 1181 2665 ,
1232 2615 1475 2669 quonam
1502 2602 1668 2656 modo
1698 2604 2081 2673 paenitentiam

495 2696 720 2760 ageret,
766 2691 1174 2761 interrogaret;
1210 2693 1550 2762 respondens
1595 2694 1730 2753 ille:
1770 2714 1790 2749 ι
1832 2696 1987 2763 Quod
2027 2708 2082 2753 te

493 2796 646 2837 nunc
686 2781 901 2853 inquit,
954 2784 1029 2839 ita
1062 2785 1364 2845 animatum
1416 2787 1571 2842 video
1604 2786 1706 2859 (l).
1759 2809 1777 2840 ι
1822 2788 1999 2845 Vitam
2036 2790 2083 2845 is

495 2872 574 2927 ita
619 2874 914 2943 produxit,
981 2884 1038 2930 ut
1091 2878 1384 2933 ecclesiam
1419 2879 1853 2936 Novatianorum
1904 2882 2086 2939 adhuc

496 2962 929 3029 administraret,
961 2956 1090 3020 cum
1115 2963 1358 3022 Joannes
1388 2966 1818 3041 Chrysostomus
1843 2972 2083 3043 patriar-

495 3052 719 3108 chatttm
750 3064 987 3125 gereret.
1011 3057 1265 3114 Etausns
1297 3060 1464 3115 etiam
1495 3070 1581 3117 est
1609 3072 1801 3116 contra
1821 3078 1946 3117 eum
1973 3064 2086 3120 dis-

2182 1952 2351 2015 νοεϊς;
2390 1966 2414 2000 ι
2454 1949 2817 2019 ἀπεκρίνατο,
2858 1967 2878 2001 ι
2933 1948 3063 2002 Ὀτι
3111 1965 3211 2015 σε,
3269 1950 3399 2019 εφη,
3453 1949 3550 2001 νῦν
3586 1948 3752 2011 οὕτως

2180 2041 2376 2112 ἔχοντα
2415 2040 2630 2112 θεωρῶ.
2671 2059 2691 2093 ι
2744 2041 2985 2095 Ἐπεσίω
3005 2041 3088 2104 δέ,
3111 2041 3187 2104 ὡς
3215 2041 3425 2094 καὶτοῦ
3450 2040 3752 2111 Χρυσοστόσ

2186 2151 2290 2204 μου
2328 2132 2824 2204 πατριαρχοῦντος.
2853 2133 3019 2187 αὐτὸν
3046 2132 3125 2184 ἔτι
3145 2135 3245 2201 τῆς
3265 2132 3377 2185 τῶν
3403 2131 3754 2186 Ναυατιανῶν

2180 2226 2482 2297 ἐκκλησίας
2502 2226 2796 2294 ἡγεῖσθαι·
2836 2227 2936 2279 καὶ
2973 2225 3181 2296 τολμᾷν
3225 2225 3538 2292 ἀντιλέγειν
3570 2224 3757 2293 ἐκείνῳ

2184 2319 2482 2391 ἐγγράφως
2521 2317 2803 2387 είσάγοντι
2829 2317 2929 2389 τὴν
2960 2319 3277 2388 μετάνοιαν,
3308 2321 3404 2370 καὶ
3446 2318 3650 2371 οὑτωσὶ
3668 2316 3756 2369 λέ-

2182 2427 2356 2480 γοντι,
2389 2428 2407 2462 ι
2441 2409 2721 2480 Μυριάκις
2751 2413 3093 2481 μετανοήσας
3121 2407 3362 2463 εἴσελθε·
3394 2407 3616 2480 ἕτοιμος
3654 2409 3756 2477 γάρ

2183 2501 2296 2572 ἐγὼ
2315 2500 2647 2574 προσίεσθαι
2671 2501 2766 2554 τὸν
2788 2502 3173 2571 μετανοοῦντα,
3199 2502 3247 2553 εί
3272 2501 3443 2570 μόνον
3465 2499 3557 2554 τοῦ
3577 2499 3756 2555 λοιποῦ

2188 2594 2265 2665 μὴ
2292 2596 2406 2658 τοῖς
2432 2593 2569 2655 ίσοις
2616 2594 2915 2665 περιπέσοι
2945 2596 3167 2656 δεινοῖς.
3201 2610 3219 2644 ι
3248 2595 3361 2647 Καὶ
3397 2593 3472 2664 δή
3505 2609 3632 2647 ποτε
3668 2589 3756 2645 τοῦ

2184 2688 2333 2743 θείου
2369 2687 2622 2741 Ἰωάννου
2659 2685 2876 2757 συμσὰν
2915 2685 3092 2749 οὕτως
3135 2689 3194 2737 ἐν
3229 2687 3472 2757 ἀμφόδερ
3500 2689 3591 2741 τὸν
3618 2687 3757 2739 Σισί-

2185 2800 2301 2837 νιον
2331 2782 2765 2851 ὕπαντήσαντοςς
2810 2781 2909 2832 καὶ
2931 2779 3409 2849 διεγκαλέσαντος,
3445 2799 3465 2832 ι
3503 2780 3591 2848 Μή
3626 2779 3755 2849 χρῆ·

2187 2894 2276 2931 ναι
2314 2877 2446 2948 μίαν
2474 2874 2632 2929 πόλιν
2667 2872 2761 2928 δύο
2787 2875 3126 2937 ἐπισκόπους
3155 2871 3336 2943 ἔχειν’
3381 2892 3402 2926 ι
3441 2872 3630 2945 προῄει
3651 2877 3753 2941 γὰρ

2188 2971 2444 3032 κάκεῖνος
2483 2967 2583 3020 σὺν
2625 2965 2931 3037 δορυφορίᾳ
2963 2965 3135 3037 πολλῇ
3177 2966 3274 3019 καὶ
3306 2965 3598 3049 ἁδρότητι·
3633 2965 3756 3019 ὕπο-

2181 3061 2420 3115 ’λαὸόντα
2459 3061 2714 3123 Σισίνιον,
2781 3077 2801 3110 ι
2860 3059 2998 3113 Οὐδέ
3029 3060 3140 3130 γὰρ
3173 3058 3291 3129 εχει
3324 3058 3461 3119 δύο,
3497 3078 3516 3110 ι
3571 3058 3750 3126 φάναι,

494 3162 707 3212 serere,
739 3163 866 3202 cum
896 3152 1102 3221 scripto
1134 3152 1229 3207 ille
1258 3155 1639 3223 paenitentiam
1668 3156 2076 3224 introduceret,

2187 3154 2384 3206 ἑαυτὸν
2418 3153 2583 3220 μόνον
2609 3147 2752 3203 εἶναι
2794 3148 3153 3220 λογιζόμενος
3194 3149 3422 3219 γνήσιον
3452 3150 3619 3219 ἱερέα.
3653 3150 3755 3201 Χα-

495 3248 662 3309 atque
707 3241 781 3294 ita
814 3241 1026 3298 diceret
1053 3265 1069 3298 :
1106 3263 1125 3297 ι
1165 3246 1265 3301 Vel
1307 3247 1493 3301 decies
1537 3248 1736 3304 millies
1766 3266 1867 3320 per
1904 3253 2080 3323 poeni-

412 3340 417 3344 '
496 3334 723 3387 tentiam
751 3334 1383 3404 resipiscensecclesiam
1410 3341 1700 3411 ingredere
1721 3342 1822 3415 (2).
1847 3345 2082 3400 Paratus

496 3425 644 3479 enim
694 3440 794 3494 ego
844 3442 966 3481 sum
1020 3429 1379 3498 pmoitentem
1431 3432 1755 3504 admittere,
1814 3446 1873 3491 ut
1919 3439 2082 3493 modo

497 3514 761 3589 deinceps
811 3516 1087 3574 similibus
1135 3537 1234 3591 per
1281 3536 1568 3593 peccatum
1613 3545 1722 3584 non
1774 3532 2083 3587 circumve-

497 3608 685 3661 niat-tr
718 3609 897 3664 malis.
932 3628 950 3661 ι
982 3611 1050 3666 Ει
1076 3615 1278 3670 accidit
1300 3617 1620 3688 aliquando,
1649 3622 1892 3678 utdivus
1915 3623 2085 3680 Joan-

499 3714 600 3752 nes
629 3700 773 3752 inter
803 3701 1272 3760 deambulandum
1307 3707 1513 3765 Sisinio
1543 3698 1884 3780 occurreret,
1916 3716 2082 3787 eique

501 3792 813 3858 objiceret:
850 3812 868 3844 ι
907 3794 1025 3850 Non
1059 3797 1262 3853 debere
1288 3816 1451 3855 unam
1488 3803 1680 3858 urbem
1710 3805 1850 3861 duos
1880 3806 2084 3865 habere

499 3884 817 3953 episcopos.
855 3902 874 3935 ι
915 3886 1175 3943 Prodibat
1208 3892 1356 3945 enim
1401 3903 1458 3947 et
1497 3894 1590 3948 ille
1629 3911 1754 3950 cum
1788 3896 2084 3967 splendore

497 3984 556 4029 et
588 3977 855 4031 comitatu
891 3979 1087 4035 multo.
1119 3980 1219 4035 Cui
1246 3982 1489 4039 Sisinius
1520 3988 1895 4057 respondens:
1935 4008 1954 4041 ι
1991 3989 2087 4045 Mi-

500 4065 650 4118 nime
681 4082 802 4121 cam
830 4069 968 4123 duos
999 4070 1201 4127 habere
1231 4072 1410 4129 dixit:
1445 4093 1464 4126 ι
1492 4075 1732 4146 seipsutn
1760 4092 2084 4147 germanum

500 4157 921 4230 legitimumque
947 4163 1268 4235 episcopum
1302 4180 1428 4223 esse
1458 4169 1810 4225 existimans.
1843 4171 1924 4226 Eo
1952 4187 2085 4227 vero

501 4251 648 4306 dicto
699 4253 922 4322 gravius
972 4265 1238 4325 accepto,
1291 4257 1538 4315 Joannes
1592 4260 1659 4315 ad
1693 4261 1894 4317 illum:
1929 4281 1949 4316 ι
1992 4266 2087 4321 Vi-

500 4339 703 4406 desne,
739 4342 851 4409 ait,
886 4352 943 4398 te
973 4346 1151 4399 solum
1185 4362 1308 4402 esse
1339 4349 1482 4404 velle
1519 4349 2087 4423 Constantinopolita—

500 4446 631 4485 num
680 4433 1047 4504 episcopum?
1083 4438 1260 4507 Atque
1288 4441 1364 4495 ibi
1399 4456 1615 4496 rursum
1651 4442 1892 4500 Sisinius
1922 4464 1936 4502 :
1964 4446 2085 4502 Non

499 4519 603 4575 hoc
631 4513 757 4593 eg'o.
799 4525 1001 4595 inquit,
1040 4529 1168 4583 dico
1199 4546 1213 4583 :
1255 4530 1350 4586 sed
1384 4549 1507 4587 cum
1541 4534 1662 4590 aliis
1688 4538 1946 4595 omnibus
1971 4541 2089 4610 epi-

499 4629 703 4685 scopus
733 4618 836 4672 sim
860 4658 874 4681 ,
906 4620 1051 4688 apud
1096 4631 1148 4676 te
1185 4639 1353 4679 unum
1395 4625 1442 4679 is
1477 4641 1597 4681 esse
1632 4643 1742 4682 non
1776 4631 2084 4688 existimor.

500 4704 566 4759 Et
588 4706 801 4762 Joanne
827 4715 1267 4770 excandescente
1292 4727 1460 4784 atque
1486 4717 1761 4775 inferente
1786 4737 1801 4774 :
1838 4741 1857 4773 ι
1891 4723 1961 4778 At
1985 4740 2085 4794 ego

500 4796 759 4865 efficiam,
789 4810 849 4854 ut
881 4802 976 4870 qui
1012 4803 1312 4860 fmdissima
1342 4807 1559 4863 labores
1591 4810 1785 4867 haeresi
1805 4851 1820 4876 ,
1852 4816 2086 4885 amplius

501 4887 568 4941 ad
597 4891 862 4958 populum
897 4907 996 4961 pro
1025 4896 1295 4949 concione
1330 4897 1494 4951 verba
1525 4915 1633 4953 non
1668 4901 1859 4957 facias.
1901 4925 1920 4956 ι
1952 4904 2087 4961 Sisi-

501 4979 627 5031 nius
656 4996 921 5050 perquam
955 4985 1132 5041 facete
1167 4987 1356 5042 verbis
1386 4989 1507 5059 ejus
1537 5006 1876 5051 occurrens:
1916 5015 1934 5048 ι
1971 4998 2085 5069 Ego

503 5072 892 5142 vero,~inquit,
930 5077 1198 5146 plurimas
1233 5081 1401 5134 etiam
1439 5083 1536 5136 tibi
1574 5100 1728 5156 agam
1765 5091 2000 5158 gratias,
2038 5091 2086 5145 si

502 5177 601 5243 me!
632 5164 820 5221 labore
874 5178 929 5222 et
957 5184 1127 5224 onere
1179 5180 1331 5227 tanto
1375 5175 1651 5232 liberaris.
1696 5199 1715 5231 ι
1759 5179 1880 5246 Quo
1918 5185 2085 5239 verbo

500 5251 719 5308 tandem
747 5254 991 5313 Joannes
1013 5259 1187 5313 nexus
1215 5276 1229 5312 :
1265 5279 1284 5312 ι
1318 5260 1813 5337 Quandoquidem,
1845 5272 1944 5337 ait,
1978 5274 2081 5330 tibi

617 5377 633 5408 ⁸
671 5376 857 5432 Eccle.
887 5393 964 5440 ιι.
997 5378 1054 5432 8.

573 5512 649 5591 (ί)
681 5513 919 5591 Quodtc
950 5516 1252 5584 conspicio,
1292 5520 1472 5591 inquit
1494 5524 1716 5581 Sozam,

571 5580 648 5668 β)
686 5580 962 5668 Μυρξάξις
1008 5580 1349 5668 μετανοήσας
1369 5580 1605 5668 ἐἴσελθε
1627 5636 1642 5651 .
1687 5580 1947 5668 Ἔτοιμος
1968 5601 2075 5668 γὰρ

499 5653 609 5739 ἐγὼ
665 5653 1019 5739 προσίεσθας
1056 5660 1147 5709 τὸν
1207 5653 1598 5739 μετανοοῦντα,
1651 5668 1701 5720 εί
1767 5653 1944 5739 μόνον’
1980 5653 2076 5724 ττοῦ

498 5722 692 5804 λοιποῦ
713 5724 804 5803 ,μή
835 5727 946 5804 τοῖς
967 5726 1112 5804 ,ἴσοις
1145 5722 1433 5804 περιπέσοι
1468 5722 1679 5800 δεινοῖς.
1719 5722 2078 5804 ιιὸιιοειιέῂ-

500 5796 725 5846 sostomi
744 5796 1070 5852 sententiam
1106 5796 1232 5853 cuni
1259 5803 1427 5858 multa
1448 5796 1808 5864 admiratione
1837 5821 1887 5866 et
1914 5796 2076 5867 laude

2114 4496 2164 4553 D

2182 3243 2438 3308 λεπῶςδὲ
2459 3241 2799 3305 διατεθέντας
2827 3241 2922 3294 ἐπὶ
2948 3240 3027 3311 τῷ
3051 3240 3194 3309 λόγῳ
3216 3239 3314 3293 τοῦ
3354 3241 3625 3306 Ἰωάννου,
3647 3240 3753 3319 καὶ.

2187 3354 2210 3390 ε
2254 3336 2442 3407 Ὁρᾷς,
2496 3333 2840 3395 ἐπειπόντος,
2889 3334 2973 3387 ὅτι
3018 3333 3081 3386 σὺ
3115 3335 3276 3403 μόνος
3323 3331 3505 3397 θέλεις
3537 3328 3666 3387 εἶναι
3695 3335 3754 3402 τῇ

2182 3427 2597 3483 Κωνσταντίνου
2649 3424 2977 3491 ἐπίσκοποςς
3020 3443 3038 3476 ι
3079 3424 3140 3480 '0
3165 3426 3404 3489 Σισίνιος
3429 3425 3605 3490 αὖθις,
3631 3442 3651 3478 ι
3686 3427 3754 3477 Οὐ

2184 3522 2368 3585 τοῦτο,
2400 3520 2528 3591 εφη,
2558 3519 2670 3588 ἐγὼ
2693 3519 2839 3587 λέγω
2858 3532 2874 3550 ⁸
2917 3517 3034 3570 ἀλλ’
3064 3520 3146 3571 ὅτι
3190 3519 3308 3581 τοῖς
3340 3518 3532 3583 ἄλλοις
3564 3521 3758 3574 ἅπασιν

2186 3614 2492 3675 ἐπίσκοπος
2519 3611 2623 3679 ὢν,
2651 3611 2805 3682 παρὰ
2836 3610 2919 3663 σοὶ
2949 3609 3096 3680 μόνῳ
3124 3610 3223 3681 οὐχ
3245 3610 3422 3675 οὕτως
3456 3612 3600 3682 ἔχειν
3625 3611 3759 3677 λογὶο

2188 3712 2455 3782 ζομαι.-
2491 3707 2632 3764 Ἀλλ’
2655 3705 2784 3775 ἐγὼ,
2814 3707 2981 3776 φησὶν
3011 3706 3399 3777 ἀγανακτήσας
3437 3710 3464 3761 ὁ
3494 3708 3757 3776 Ἰωάννης,

2190 3800 2384 3855 παύσω
2413 3817 2473 3853 σε
2508 3799 2902 3869 προσομιλεῖν,
2937 3799 3228 3869 αίσχίστην
3270 3799 3534 3854 νοσοῦντα
3559 3800 3653 3868 τὴν
3677 3801 3759 3850 αἰ-

2191 3911 2365 3966 ρεσιν.
2408 3912 2427 3945 ι
2469 3891 2529 3945 '0
2561 3891 2618 3946 δὲ
2649 3891 2955 3964 χαριέντως
3005 3893 3152 3961 μάλα
3187 3893 3537 3963 ὑπήντησαν
3572 3912 3591 3945 ι
3628 3888 3760 3945 Ἀλλ’

2187 3985 2301 4055 ἐγὼ
2333 3987 2430 4040 καὶ
2463 3986 2694 4055 χάριτάς
2732 4000 2815 4037 σοι
2844 3983 3105 4045 πλείστας
3134 3985 3479 4055 ὁμολογήσω,
3512 3984 3759 4039 τοσούτου

2188 4079 2443 4149 καμάτου
2482 4094 2552 4148 με
2585 4076 2991 4147 ἀπαλλάξαντι.
3033 4094 3052 4127 ι
3094 4076 3409 4148 Μαλαχθεὶς
3440 4078 3486 4131 δ’
3518 4076 3759 4130 ἐντεῦθεν

2186 4172 2214 4224 ὁ
2259 4170 2537 4241 Ἰωάννης,
2571 4189 2588 4221 ι
2638 4170 2797 4222 Ἐπεί
2843 4185 2925 4233 σε,
2961 4173 3151 4238 φησὶν,
3188 4171 3313 4240 ἀνιᾷ
3355 4170 3416 4223 τὸ
3447 4172 3642 4239 λέγειν,
3668 4171 3760 4222 οὐκ

2188 4264 2255 4317 ἂν
2281 4263 2464 4332 ἐλοιμι
2491 4262 2720 4327 παῦσαι,
2744 4260 2881 4314 Θεοῦ
2905 4260 3064 4313 τοῦτο
3094 4261 3420 4331 πράξαντος.
3460 4282 3479 4316 ι
3508 4262 3683 4316 Πολλὰ
3704 4261 3760 4314 δὲ

2191 4356 2287 4408 καὶ
2331 4355 2499 4425 ἕτερα
2534 4354 2841 4424 χαριέντως
2892 4353 3165 4423 εἰρημένα
3216 4354 3406 4425 τάνδρὶ
3448 4355 3760 4424 ἀπομνημο-

2193 4448 2467 4502 νεύονται.
2502 4448 2611 4501 Καὶ
2647 4446 2840 4514 λόγους
2873 4446 2931 4498 δέ
2963 4462 3128 4514 φασιν
3158 4445 3259 4498 οὐκ
3290 4446 3574 4519 άκόμψους
3606 4446 3760 4500 αὐτὸν

2195 4539 2513 4610 συγγράψαι
2570 4537 2824 4600 πολλούς.
2860 4537 3080 4590 Μᾶλλον
3130 4535 3179 4590 δ’
3233 4540 3492 4610 ἐπῃνεῖτο
3531 4536 3757 4606 λέγωνῆ

2192 4633 2436 4700 γράφων.
2475 4629 2711 4699 Ἀριστα
2769 4629 2877 4697 γὰρ
2910 4628 3251 4698 ἀπεμιμεῖτο
3279 4630 3373 4681 καὶ
3405 4628 3757 4700 ύποκρινόμευ

2191 4742 2277 4788 νος
2311 4723 2554 4776 διετέλει.
2596 4720 2942 4789 Ἐπεκάθητο
2976 4722 3084 4789 γάρ
3119 4737 3170 4773 τι
3202 4721 3473 4791 προσηνὲς
3501 4716 3631 4793 ἦθος
3655 4722 3760 4780 τοῖς

2191 4816 2415 4887 χείλεσι,
2466 4815 2559 4867 καὶ
2591 4813 2753 4884 χάρις
2784 4815 2841 4865 ἐν
2890 4814 2956 4883 τῇ
3009 4815 3161 4883 φωνῇ
3214 4815 3309 4866 καὶ
3355 4813 3435 4883 τῷ
3472 4813 3757 4884 προσώπῳ,

2189 4907 2268 4979 τῷ
2308 4922 2364 4958 τε
2390 4905 2673 4975 βλέμματι
2704 4905 2801 4956 καὶ
2823 4902 2901 4971 τῷ
2926 4901 3194 4971 σχήματι,
3227 4905 3322 4957 καὶ
3345 4903 3444 4976 ὅλῃ
3469 4905 3533 4973 τῇ
3559 4903 3760 4971 κινήσει

2189 4998 2286 5052 τοῦ
2341 4997 2595 5066 σώματος
2656 4994 3007 5065 ἐπεχόρευσεν,
3064 4992 3221 5064 ἱκανὴ
3278 4995 3371 5047 τὸν
3424 4993 3759 5064 ἀκροώμενον

2194 5087 2630 5159 ἐφελκύσασθαι.
2676 5086 3035 5154 Καταθύμιος
3071 5085 3170 5155 μὲν
3200 5080 3294 5138 οὖν
3333 5086 3429 5139 καὶ
3468 5086 3555 5138 διὰ
3594 5082 3757 5135 ταῦτα

2196 5186 2368 5239 πᾶσιν
2398 5178 2467 5252 ἦν
2501 5184 2611 5245 τοῖς
2667 5182 2997 5252 περιφανέσι
3042 5181 3144 5259 τῆς
3200 5182 3509 5253 συγκλήτου
3545 5176 3753 5249 βουλῆς,

2195 5281 2292 5331 καὶ
2321 5276 2473 5345 παρὰ
2501 5275 2690 5328 πασῶν
2722 5273 2832 5327 τῶν
2862 5273 3176 5348 θρησκειῶν
3201 5275 3572 5347 ἐθαυμάζετο·
3605 5271 3756 5343 μάλιο

2186 5535 2329 5612 apud
2396 5549 2482 5612 me
2523 5533 2892 5612 Διερίιιιγίι-ἱιι
2928 5534 3183 5612 familiari
3252 5535 3327 5612 de
3371 5533 3537 5612 rebus
3573 5530 3751 5612 sacris

2185 5602 2484 5674 colloquio.
2520 5604 2555 5657 2
2586 5604 2734 5658 Junii
2764 5605 2876 5672 die,
2916 5623 3059 5661 anno
3114 5606 3329 5660 Domini
3391 5602 3753 5665 {559,8udisc

2184 5679 2317 5729 sinae
2347 5675 2694 5748 Lusatiorum
2721 5675 3005 5748 Philippus
3031 5677 3625 5748 Melaticbthon._qtta_tn
3653 5683 3751 5725 non

2188 5754 2393 5818 temere
2423 5744 2553 5797 alibi
2587 5741 2883 5818 scriptam,"
2903 5741 3073 5818 quam
3102 5748 3193 5802 hic
3223 5748 3365 5816 apud
3399 5741 3750 5812 Nicephoium

2184 5823 2240 5868 et
2279 5815 2582 5879 Socratem,
2612 5816 2883 5872 invenias.
