4062 6460
1476 264 1511 283 α

440 347 544 410 875

1672 335 2101 398 NlCEPIIORI
2145 335 2493 400 CALUSTI

3620 334 3725 398 876

441 463 615 515 fuisse
646 457 820 520 dixit,
864 456 907 511 si
947 456 1072 510 talis
1118 464 1301 521 esset,
1349 464 1407 509 ut
1449 459 1924 514 incantationibus
1970 469 2027 516 et

2151 462 2391 522 ινίσσαις
2425 476 2482 511 τε
2518 456 2734 528 χαίρειν
2768 455 2863 509 καὶ
2885 454 3139 524 αίμάτων
3173 452 3352 523 ῥοαῖς,
3389 451 3497 518 τὰς’
3522 455 3591 508 ἐκ
3628 457 3723 510 τοῦ

439 551 765 624 imposturis
822 558 1182 615 moveretur,
1248 548 1560 619 nidoreque
1614 550 1923 621 gauderet,
1976 560 2034 607 et

437 647 724 717 sanguinis
749 645 914 699 undis
948 642 1292 713 profluentes
1321 658 1354 700 ο
1384 644 1578 698 divino
1609 646 1871 714 paradiso
1898 662 2034 707 cono

438 746 731 798 taminaret
778 756 971 811 aquas.
1012 760 1029 791 ›
1066 739 1187 794 Νοη
1231 741 1395 811 longo
1424 749 1549 810 post
1576 746 1843 808 tempore.
1874 737 2033 793 dere-

436 844 601 904 pente
632 835 705 888 ita
748 833 842 888 ille
886 832 1156 886 adauctus
1206 842 1327 897 est,
1374 841 1436 885 ut
1467 832 1666 886 altiora
1710 829 1876 885 etiam
1915 830 2033 883 loca

438 926 760 979 inundaret.
798 923 901 979 l‘bi
934 933 1117 978 autem
1153 923 1220 977 ad
1265 924 1478 992 justum
1514 922 1738 976 modum
1761 961 1775 982 .
1820 929 1878 975 et
1909 935 2035 974 raro

434 1021 776 1089 completum
818 1018 1163 1073 excrevisset
1186 1061 1199 1082 ,
1239 1027 1296 1073 et
1330 1025 1446 1071 tum
1482 1015 1849 1070 nihilominus
1886 1013 2031 1068 unda

437 1114 667 1182 insuper
717 1111 839 1182 ejus
889 1110 1386 1173 accumularelur,
1440 1110 1696 1165 diversus
1744 1105 2034 1178 Egyplios

436 1206 584 1274 crpit
616 1205 806 1259 timur.
854 1205 1205 1260 Verebantur
1239 1218 1503 1273 namque,
1534 1218 1600 1255 ne
1639 1202 2033 1257 Alexandriam

438 1299 630 1352 urbem
664 1308 720 1352 et
750 1296 936 1368 Libym
971 1298 1248 1367 potiorem
1283 1305 1497 1366 partem
1525 1294 1899 1348 exundatione
1934 1309 2031 1347 sua

435 1392 705 1445 obrueret
735 1405 752 1445 :
793 1400 903 1443 tam
936 1389 1179 1443 ubertim
1215 1390 1376 1443 undae
1416 1388 1539 1457 ejus
1574 1384 1913 1456 proﬂuentes
1941 1401 2036 1440 ex-

437 1496 689 1536 currere.
735 1479 857 1548 Quo
903 1490 1153 1550 tempore
1196 1480 1339 1535 fama
1381 1490 1487 1545 est,
1518 1478 1724 1535 Graacse
1757 1480 2034 1548 supersti-

441 1575 611 1629 tionis
643 1574 903 1629 homines
930 1572 1277 1628 Alexandria:
1312 1586 1444 1628 casu
1474 1582 1584 1627 tam
1619 1573 1908 1642 inopinato
1938 1572 2036 1627 ad-

441 1672 663 1730 ductos,
705 1668 778 1719 ita
823 1667 973 1721 amni
1016 1665 1290 1729 illusisse,
1326 1674 1387 1720 ut
1419 1665 1474 1720 in
1510 1665 1747 1722 theatris
1776 1666 1943 1721 etiam
1978 1676 2035 1722 et

440 1757 777 1826 spectaculis
807 1756 1175 1811 exclamarint
1197 1797 1212 1821 ,
1245 1755 1477 1811 ﬂuvium
1507 1772 1634 1810 eum
1683 1764 1745 1811 ut
1779 1756 2034 1828 decrepi-

2139 551 2286 605 θείου
2345 547 2686 619 παραδείσου
2734 547 2977 617 μιαίνειν
3035 544 3326 617 suam;
3384 564 3402 596 ι
3434 544 3643 619 Βραχεῖ
3673 547 3731 602 δὲ

2138 645 2317 714 καιρῷ
2339 644 2509 705 πολὺς
2541 642 2741 710 ἁθρόον
2775 639 3080 711 ἐπιχυθεὶς.
3106 642 3203 691 καὶ
3228 639 3344 700 τοῖς
3367 636 3731 708 ὑψηλοτέροις

2139 737 2249 790 τῶν
2270 736 2455 789 τόπων
2478 733 2539 787 τὸ
2570 731 2788 804 ῥεῖθρον
2814 732 2992 803 ἠφίει.
3036 730 3129 794 Ὠς
3170 728 3227 783 δὲ
3258 730 3355 782 καὶ
3396 729 3485 782 τὸν
3518 729 3728 782 τέλειον

2138 829 2235 882 καὶ
2263 826 2509 890 σπανίως
2552 825 2939 896 πληρούμενον
2988 823 3244 893 ἔφθανεν,
3280 823 3437 877 οὐδὲν
3474 823 3535 877 δὲ
3566 819 3731 896 ἦττον

2140 923 2235 976 καὶ
2269 924 2363 975 ἐπὶ
2386 921 2669 992 τὸπρόσω
2696 920 2755 972 τὸ
2801 919 2950 989 ὕδωρ
2980 917 3344 988 ἐκορυφοῦτο.
3382 918 3462 981 είς
3502 919 3733 972 τούναν-

2137 1016 2254 1069 τίον
2284 1017 2312 1068 ό
2340 1015 2505 1084 φόϐος
2530 1014 2857 1087 περιίστατο
2894 1012 3243 1081 Αἰγυπτίοις.
3287 1012 3594 1067 Ἐδεδίεσαν
3624 1014 3735 1082 γάρ

2145 1107 2221 1178 μὴ
2263 1109 2358 1161 καὶ
2381 1106 2482 1176 τὴν
2522 1106 2887 1176 Ἀλεξάνδρου
2926 1106 3084 1160 πόλιν
3146 1106 3243 1160 καὶ
3268 1104 3480 1174 Λιϐύης
3508 1104 3572 1158 τὸ
3604 1104 3741 1175 κρά-
3766 1160 3783 1178 λ

2136 1176 2325 1254 τιστον
2353 1200 2656 1271 ἐπικλύσῃ,
2689 1200 2927 1268 ἄφθονον
2950 1197 3096 1252 οὕτω
3117 1198 3179 1252 τὸ
3200 1199 3417 1268 ῥεῖθρον
3440 1196 3735 1262 ἐπιδιδούς·

2137 1295 2303 1348 ὁπότε
2336 1295 2403 1365 δὴ
2426 1296 2589 1363 λόγος
2622 1294 2764 1364 πρὸς
2794 1294 2855 1346 τὸ
2883 1291 3037 1362 παρά
3062 1292 3295 1363 γνώμην
3324 1290 3470 1345 οὕτω
3503 1291 3741 1362 συμϐαῖ-
3790 1292 3799 1321 '-

2140 1405 2231 1442 νον
2259 1388 2391 1452 τοὺς
2439 1390 2497 1440 ἐν
2553 1385 2938 1458 Ἀλεξανδρείᾳ
2966 1384 3241 1456 Ἕλληνας
3283 1382 3738 1456 λοιδορουμένους

2138 1481 2218 1553 τῷ
2248 1482 2483 1552 ποταμῷ
2510 1480 2686 1544 οὔτως
2720 1478 3118 1544 ἐπιτωθάζειν,
3152 1477 3228 1542 ὡς
3261 1481 3356 1535 καὶ
3389 1481 3447 1531 ἐν
3476 1481 3592 1542 τοῖς
3624 1478 3741 1532 θεά-

2138 1594 2291 1648 τροις
2315 1577 2578 1648 ἀναϐοᾷν,
2609 1576 2685 1641 ὥς
2713 1571 2804 1641 οἶα
2835 1576 3017 1644 γέρων
3040 1577 3137 1629 καὶ
3158 1573 3345 1645 λῆρος,
3382 1571 3682 1645 ἐξούρησεν
3709 1571 3739 1623 ό

2141 1671 2423 1741 ποταμόςι
2453 1670 2522 1725 δι’
2554 1669 2615 1724 οὖ
2652 1670 2901 1725 πλεῖστοι
2931 1668 3043 1724 τῶν
3068 1667 3390 1740 Αἰγυπτίων
3414 1668 3477 1721 τὸ
3507 1667 3740 1736 πάτριον

2141 1763 2476 1834 ἀποθέμενοι
2512 1765 2697 1851 σέϐας,
2730 1763 2826 1819 καὶ¹
2867 1761 2968 1835 τὴν
3012 1763 3150 1832 παρ’
3194 1759 3431 1821 ἐκείνοις
3478 1760 3735 1814 δεισιδαι-

444 1861 560 1904 tum
592 1858 649 1904 et
677 1849 917 1904 delirum
941 1888 956 1915 ,
990 1858 1335 1919 postremum
1378 1849 1490 1920 jam
1534 1849 1858 1905 eminxisse.
1904 1849 2036 1905 Eam

2151 1832 2342 1923 μονίαν
2379 1835 2820 1921 κατεγνωίότες,
2856 1832 3158 1924 μετέθεντο
3180 1852 3318 1920 πρὸς
3342 1849 3606 1921 Χριστόν.
3634 1849 3742 1902 Καὶ

445 1959 577 1998 sane
608 1943 680 1998 ob
713 1957 938 1998 causam
973 1942 1372 2013 qualnplurimi
1406 1941 1648 2015 [Egyptii
1691 1944 1888 2013 patriis
1937 1958 2041 1999 cte-

446 2035 711 2092 remoniis
765 2034 963 2088 nuntio
1023 2034 1296 2099 remisso,
1341 2043 1400 2089 et
1460 2034 1863 2104 superstitione
1938 2050 2039 2091 sua

445 2122 726 2205 damnata,
762 2123 830 2178 ad
862 2122 1148 2179 Christum
1183 2139 1245 2178 se
1274 2124 1657 2180 contulerunt.
1696 2124 1822 2181 Haec
1854 2127 2040 2182 hacte-

445 2229 572 2268 nus.
607 2215 747 2268 Tum
793 2230 924 2271 vero
953 2224 1010 2271 et
1040 2215 1290 2287 prodigia
1333 2218 1559 2272 insolita
1591 2216 1710 2271 visa
1739 2226 1891 2285 sunt,
1918 2233 2043 2289 quae.

447 2308 632 2362 futura
679 2307 801 2362 orbi
848 2308 993 2363 mala
1043 2309 1471 2378 portenderunt.
1517 2309 1766 2365 Primum
1806 2327 2044 2382 namque

366 2390 375 2395 ’
448 2399 736 2469 inopinata
793 2409 850 2453 et
899 2398 1152 2455 insolens
1182 2399 1344 2454 stella
1377 2399 1433 2455 in
1465 2401 1608 2456 caelo
1640 2402 1836 2457 media:
1864 2404 2045 2459 noctis

451 2504 699 2560 tempore
725 2505 899 2560 prope
927 2490 1248 2546 Luciferum
1274 2492 1562 2563 refulgens
1587 2494 1868 2563 apparuit,
1897 2494 2046 2550 circa

450 2599 577 2637 tum
628 2583 810 2652 ipsum
862 2582 957 2653 qui
1008 2582 1284 2639 Zodiacus
1329 2584 1567 2651 dicitur,
1614 2586 1914 2642 circulum.
1969 2587 2046 2642 Ea
2118 2605 2123 2609 ·

450 2675 601 2745 quod
633 2684 866 2745 propter
904 2684 1266 2731 coruscantes
1298 2677 1484 2732 radios
1527 2676 1724 2748 ingens
1754 2688 1812 2733 et
1860 2678 2049 2733 lucida

449 2777 621 2833 esset,
654 2784 767 2823 non
803 2768 1109 2824 admodum
1142 2769 1406 2826 Lucifero
1436 2772 1625 2827 cessit.
1659 2772 1822 2843 307
1852 2771 2051 2829 Paula-

455 2863 553 2916 tim
589 2877 721 2917 vero
753 2861 822 2917 ad
866 2876 989 2918 eam
1035 2863 1234 2935 ingens
1277 2865 1449 2919 etiam
1491 2864 1730 2921 aliarum
1763 2866 2050 2923 stellarum

455 2957 540 3012 vis
602 2955 1028 3037 aggregabatur.
1098 2957 1491 3027 Spectaculum
1558 2959 1611 3014 id
1679 2959 1723 3016 si
1789 2962 2050 3028 vidisses,

454 3064 621 3121 apum
666 3049 947 3115 examini,
982 3066 1106 3121 quae
1144 3050 1292 3106 circa
1329 3053 1528 3107 ducem
1570 3067 1734 3107 suum
1767 3053 1821 3108 in
1858 3054 2049 3111 orbem

454 3144 766 3200 obvolitant
786 3182 802 3207 ,
830 3144 1188 3200 contulisses.
1223 3144 1293 3200 Et
1322 3160 1448 3216 qua:
1479 3145 1648 3202 veluti
1679 3162 1743 3202 ex
1777 3159 1968 3203 mutua
1996 3158 2053 3206 et

453 3240 700 3295 violenta
738 3239 1113 3295 concussione
1152 3238 1223 3294 ab
1254 3238 1518 3295 omnibus
1548 3241 1631 3295 eis
1666 3242 1901 3296 emicuit
1930 3242 2047 3310 lux,

457 3334 512 3388 in
547 3348 714 3388 unam
749 3332 1051 3404 quamdam
1095 3332 1388 3389 commista
1428 3332 1708 3389 ﬂammam
1740 3334 2048 3393 evadebat:

455 3436 513 3481 et
558 3425 726 3498 gladii
774 3441 1004 3496 prorsus
1051 3426 1353 3495 ancipitis,
1403 3427 1591 3497 magni
1640 3437 1699 3483 et
1753 3429 2047 3496 horrendi,

456 3535 583 3576 cum
634 3531 846 3575 terrore
888 3518 1129 3591 quodam
1182 3521 1474 3587 relucens,
1511 3521 1710 3577 faciem
1760 3523 2049 3579 reddebat.

458 3614 615 3683 Quod
673 3614 824 3669 enim
887 3613 1113 3684 reliquae
1176 3612 1350 3668 stella:
1412 3613 1466 3667 in
1533 3612 1681 3667 idem
1736 3614 2054 3670 reciderent

461 3709 663 3773 visum,
694 3715 754 3762 et
782 3721 915 3771 una,
950 3719 1126 3776 eaque
1157 3705 1296 3770 sola,
1329 3720 1455 3775 qua:
1484 3705 1727 3777 primum
1753 3714 2052 3776 conspecta

458 3803 678 3865 fuerat,
712 3800 905 3855 habitu
941 3808 1056 3854 toto
1078 3837 1093 3862 ,
1126 3799 1299 3853 veluti
1338 3797 1498 3852 radix
1528 3809 1625 3854 aut
1659 3798 1921 3868 capulum
1950 3797 2053 3852 ali-

458 3895 608 3962 quod
653 3901 982 3964 appareret,
1027 3902 1083 3969 et
1122 3890 1538 3961 quodammodo
1581 3893 1853 3963 fulgorem
1898 3891 2054 3946 exhi-

458 3990 589 4043 bita:
625 3988 777 4043 illius
809 3986 981 4041 stellae
1012 4000 1235 4041 onmem
1271 3984 1585 4056 proferret,
1625 3984 1857 4056 perinde
1887 3994 2054 4054 atque

459 4098 526 4137 ex
577 4081 806 4136 lucerna
859 4079 1144 4135 funiculus
1188 4077 1430 4146 ardens,
1477 4078 1558 4134 sic
1607 4076 1830 4133 flamma
1872 4076 1928 4131 in
1958 4093 2054 4132 su-

458 4176 629 4229 blime
679 4174 1004 4230 tollebatur.
1054 4172 1172 4228 Hoc
1220 4172 1447 4243 quidem
1498 4171 1676 4228 visum
1708 4172 1802 4252 sic
1846 4185 2051 4226 novum

458 4268 737 4339 quoddam
778 4268 1017 4339 praebuit
1049 4267 1453 4338 spectaculum.
1490 4266 1672 4321 Motus
1716 4274 1901 4320 autem
1934 4265 2055 4335 ejus

457 4375 689 4429 prorsus
715 4375 743 4413 a
777 4359 1062 4415 stellarum
1096 4361 1343 4415 omnium
1380 4374 1547 4414 cursu
1579 4358 1899 4413 differebat.
1935 4356 2056 4412 Pri-

458 4471 610 4508 mum
663 4454 871 4510 etenim
920 4468 989 4509 ex
1033 4468 1102 4508 eo
1160 4453 1307 4509 unde
1361 4452 1609 4508 diximus
1661 4452 1785 4507 loco
1839 4450 2054 4508 moveri

2144 1948 2276 2020 περὶ
2317 1948 2417 2018 μὲν
2446 1946 2641 2001 τούτου
2676 1946 2806 2001 τάδε
2826 1962 2840 1977 ο
2887 1945 3196 2017 τηνικαῦτα
3223 1945 3281 1999 δὲ
3305 1945 3400 1997 καὶ
3429 1942 3577 2013 ἕτερ’
3609 1943 3743 1995 ἄττα

2144 2042 2272 2108 ξένα
2298 2040 2479 2112 ὤφθη,
2512 2040 2549 2095 ἃ
2589 2040 2868 2111 ἐσομένων
2916 2038 3175 2110 μεγάλων
3224 2038 3416 2092 κακῶν
3465 2039 3531 2107 τῇ
3566 2037 3742 2088 οἰκου-

2148 2134 2288 2207 μένῃ
2320 2134 2555 2204 ἄγγελος
2597 2129 2765 2205 ἦσαν.
2799 2133 2909 2188 Καὶ
2951 2130 3175 2203 πρῶτον
3226 2129 3404 2200 ἀστὴρ
3439 2126 3742 2199 παράδοξος

2148 2228 2245 2282 καὶ
2277 2227 2456 2298 ἀήθης
2491 2227 2615 2281 κατ’
2657 2225 2893 2298 οὐρανὸν
2945 2218 3117 2292 ὧπτο,
3153 2224 3293 2278 κατά
3339 2224 3513 2293 μέσας
3546 2224 3745 2284 νύκτας

2147 2323 2454 2393 ἐκλάμπων
2484 2321 2581 2376 τοῦ
2607 2323 2895 2393 ἐωσφόρου
2929 2319 3124 2390 ἐγγὺς,
3167 2317 3292 2373 κατ’
3324 2317 3494 2390 αὐτὸν
3537 2319 3744 2370 ἐκεῖνον

2147 2416 2207 2481 ὃς
2239 2415 2488 2469 καλεῖται
2520 2412 2722 2477 κύκλος
2766 2412 3047 2476 Ζωδιακός
3070 2451 3084 2466 .
3121 2411 3255 2476 Ταῖς
3291 2411 3340 2465 δ’
3366 2411 3583 2465 ἐκεῖθεν
3610 2414 3744 2463 ἀπο-

2151 2508 2523 2578 παλλομέναις
2557 2509 2961 2578 μαρμαρυγαῖς
3006 2506 3186 2578 μέγας
3217 2522 3301 2568 τις
3334 2507 3428 2558 καὶ
3467 2507 3742 2573 ἐκςεγγὴς

2150 2600 2247 2665 ὢν,
2276 2603 2337 2655 οὐ
2368 2602 2513 2656 κατά
2535 2600 2672 2655 πολὺ
2701 2598 2798 2653 τοῦ
2843 2600 3128 2670 ἐωσφόρου
3163 2598 3439 2652 ἐλείπετο.
3477 2599 3612 2652 Κατ’
3641 2596 3749 2650 ὀλί-

2152 2713 2248 2766 γον
2276 2695 2321 2750 δ’
2353 2694 2441 2747 ἐπ’
2468 2692 2636 2748 αὐτὸν
2669 2693 2765 2747 καὶ
2812 2690 2951 2747 πολύ
2988 2709 3040 2746 τι
3083 2690 3213 2747 ἄλλο
3248 2690 3458 2761 πλῆθος
3507 2691 3745 2759 ἀστέρων

2153 2787 2464 2862 ἡθροίζετο.
2494 2786 2766 2851 Εἰκάσαις
2795 2786 2864 2841 ἂν
2894 2785 3018 2840 ίδὼν
3043 2784 3252 2857 σμῆνος
3275 2780 3418 2838 εἶναι
3456 2783 3741 2855 μελιττῶν,

2155 2883 2310 2954 παρά
2338 2884 2431 2937 τὸν
2463 2882 2770 2953 ἡγούμενον
2804 2880 3235 2951 σφαιρουμένων
3266 2880 3327 2931 τὸ
3356 2877 3564 2949 θέαμα.
3603 2878 3744 2929 Κάν·

2153 2978 2346 3033 τεῢθεν
2373 2978 2540 3032 οἱονεὶ
2568 2976 2670 3047 τῆς
2701 2975 2843 3045 πρὸς
2876 2973 3144 3045 ἀλλήλους
3180 2971 3531 3042 συνθλίψεως
3560 2970 3748 3041 βιασα-

2158 3072 2349 3143 μένης,
2380 3073 2441 3125 τὸ
2473 3071 2583 3125 τῶν
2634 3071 2896 3125 ἁπάντων
2930 3069 3047 3139 φῶς
3077 3070 3157 3132 είς
3191 3068 3321 3136 μίαν
3351 3069 3485 3123 τινὰ
3516 3082 3766 3136 συγκραο.

2156 3165 2248 3220 θὲν
2304 3164 2594 3234 ἀνέλαμπε
2660 3163 2874 3233 φλόγασ
2953 3161 3052 3216 καὶ
3130 3160 3412 3232 μαχαίρας
3502 3161 3749 3229 ἄντικρυς

2153 3261 2450 3332 ἀμφήκους
2487 3258 2739 3330 μεγάλης
2794 3258 2893 3312 καὶ
2926 3258 3171 3328 φοϐερᾶς
3230 3255 3572 3309 ἀπετέλεσεν
3619 3247 3752 3317 εἶδος

2154 3349 2473 3421 πληκτικῶς
2503 3346 2961 3418 ἐξαυγαζομένης
2981 3363 2995 3377 ·
3023 3346 3130 3400 τῶν
3159 3347 3256 3413 μὲν
3285 3345 3432 3398 ἄλλω
3452 3366 3473 3396 ν
3502 3344 3746 3413 ἀστέρων

2156 3442 2237 3505 είς
2268 3441 2431 3496 τοῦτο
2463 3440 2892 3512 μεταπεσόντων
2931 3439 3031 3507 τῆς
3076 3436 3177 3491 θέα
3191 3458 3231 3498 _:,
3265 3437 3388 3500 ἐνὸς
3433 3438 3499 3491 δὲ
3538 3435 3630 3489 καὶ
3661 3433 3755 3503 μό-

2154 3551 2246 3587 νου
2281 3532 2376 3586 τοῦ
2418 3532 2642 3604 πρώτου
2680 3531 3057 3602 θεωρηθέντος
3086 3530 3144 3583 ἐν
3173 3530 3328 3592 τάξει
3353 3530 3519 3600 ῥίζης
3546 3529 3688 3589 τινὸς
3715 3523 3744 3594 ἢ

2155 3629 2329 3698 λαϐῆς
2357 3627 2436 3699 τῷ
2464 3628 2629 3682 παντὶ
2661 3628 2904 3699 σχήματι
2943 3625 3406 3694 ὑποφαινομένου,
3440 3624 3534 3679 καὶ
3558 3616 3665 3676 οἷον
3690 3618 3749 3670 τὸ

2157 3724 2266 3776 πᾶν
2297 3720 2389 3774 τοῦ
2420 3719 2728 3790 δειχθέντος
2755 3719 2986 3790 ἀστέρος
3043 3708 3433 3778 ἀπότίκτοντος
3469 3717 3651 3776 σέλας,
3674 3711 3746 3773 ὡς

2157 3817 2226 3872 ἀν
2268 3819 2331 3869 ἐκ
2386 3800 2607 3885 λύχνου
2648 3814 2795 3876 τινὸς
2845 3811 3170 3884 θρυαλλίδος
3221 3809 3323 3881 τῆς
3379 3804 3745 3877 φλογὸςθπρδς

2158 3903 2293 3975 ὕψος
2323 3902 2746 3974 ἐξαιρουμένης.
2794 3899 3058 3956 Τοιοῦτον
3096 3901 3196 3973 μέν
3235 3898 3298 3953 τδ
3328 3902 3520 3967 φανὲν,
3558 3894 3745 3962 καινήν

2157 4014 2280 4052 τινα
2308 3995 2440 4049 Θέαν
2472 3995 2734 4065 παρέχον.
2772 3994 2841 4048 Ἦ
2877 3993 2932 4049 δέ
2957 4010 3022 4059 γε
3051 3986 3269 4064 κίνησις
3295 3992 3745 4062 παραλλάττουσα

2160 4091 2336 4161 πάντη
2365 4090 2504 4161 πρὸς
2540 4090 2759 4143 ἅπαντα
2806 4088 3011 4158 δρόμον
3064 4087 3332 4158 ἀστέρος·
3381 4088 3487 4156 τὴν
3513 4083 3622 4153 γὰρ
3656 4080 3763 4147 ἀρε
3872 4110 3885 4115 ’

2157 4182 2282 4253 χὴν,
2341 4182 2467 4236 ὅθεν
2521 4182 2762 4252 είρηται,
2809 4178 3082 4235 κινεῖσθαι
3138 4178 3475 4253 ἀρξάμενος,
3534 4170 3741 4229 συνανί·

2161 4291 2322 4344 σχετο
2350 4273 2429 4344 τῷ
2456 4273 2726 4345 ἑωσφόρῳ
2777 4272 2896 4342 ἅμα
2928 4271 3026 4325 καὶ
3064 4269 3395 4325 κατεδύετο⁶
3449 4262 3568 4322 εἶτα
3614 4262 3748 4318 κατὰ

2162 4367 2336 4439 βραχὺ
2380 4368 2592 4420 ἐκείνου
2642 4366 2993 4436 διιστάμενος
3026 4366 3194 4436 σχολῇ
3229 4364 3327 4417 καὶ
3358 4364 3529 4434 βάδην
3573 4353 3751 4414 κινού·
3798 4420 3805 4437 ί

2164 4472 2347 4526 μενος,
2374 4454 2452 4518 ὡς
2478 4455 2615 4525 πρὸς
2639 4453 2738 4518 τάς
2770 4455 3010 4517 ἄρκτους
3037 4454 3139 4526 τὴν
3172 4454 3402 4524 πορείαν
3441 4449 3634 4511 ἐποίει,
3659 4441 3749 4497 καὶ

460 4547 762 4619 incipiens,
800 4562 906 4603 una
940 4562 1067 4602 cum
1100 4544 1359 4602 Lucifero
1402 4556 1460 4602 et
1490 4545 1777 4601 oriebatur
1818 4553 1874 4599 et
1903 4544 2049 4599 occi-

2160 4549 2234 4613 ὼς
2270 4548 2410 4619 πρὸς
2443 4549 2571 4612 τοὺς
2605 4548 2918 4616 θεωμένους
2960 4548 3262 4618 ἐγκάρσιον
3314 4547 3404 4599 ἐπ’
3455 4537 3746 4615 ἀριστερᾶς
3791 4536 3817 4595 ’ἒλ

459 4638 643 4694 debat.
683 4638 890 4692 Deinde
923 4637 1190 4708 paulatim
1227 4639 1295 4692 ab
1329 4637 1424 4692 illo
1454 4636 1754 4701 absistens,
1812 4636 2060 4705 segniter

459 4742 515 4786 et
546 4732 885 4801 pedetentim
928 4733 1086 4804 quasi
1118 4734 1185 4789 ad
1218 4746 1378 4787 ursas
1422 4744 1797 4795 conversum,
1829 4744 2057 4783 cursum

392 4878 405 4885 -
462 4826 722 4886 tenebat.
749 4836 807 4882 et
840 4826 1014 4881 veluti
1059 4827 1127 4883 ad
1177 4834 1496 4896 spectantes
1537 4822 1766 4894 oblique
1806 4823 1877 4879 ad
1924 4823 2063 4879 sini-

460 4930 633 4974 stram
667 4935 766 4974 sua
798 4918 1160 4990 gradiebatur
1187 4918 1298 4973 via.
1327 4917 1612 4972 Ambitum
1641 4916 1870 4987 quidem
1903 4930 2062 4970 eum-

462 5012 586 5067 dem
616 5028 740 5066 eum
777 5012 954 5067 stellis
981 5011 1109 5066 aliis
1152 5009 1222 5066 ad
1255 5024 1396 5080 quas
1429 5019 1776 5074 accesserat,
1809 5023 2062 5063 commu-

464 5120 588 5160 nem
653 5104 1018 5175 perﬁcicbat:
1073 5103 1303 5174 proprio
1355 5112 1540 5158 autem
1593 5110 1783 5166 motu,
1838 5100 1934 5171 qui
1990 5100 2059 5154 ad

462 5196 972 5267 quadragesimum.
1004 5196 1313 5265 productus
1356 5205 1443 5251 est
1485 5196 1633 5250 diem
1657 5234 1671 5259 .
1710 5196 1801 5250 vix
1837 5192 2060 5249 tandem

464 5292 530 5343 ad
561 5306 746 5345 ursam
784 5291 1050 5361 majorem
1087 5291 1361 5359 pervenit.
1411 5290 1591 5359 Atque
1627 5290 1681 5344 in
1713 5288 1895 5343 media
1925 5286 2061 5342 astri

463 5386 585 5453 ejus
635 5395 827 5453 parte,
880 5382 973 5436 ubi
1023 5394 1370 5452 postremum
1423 5382 1761 5444 refulsisset,
1807 5384 2060 5438 evanuit.

463 5480 585 5545 Quo
631 5486 882 5547 tempore
931 5476 1194 5541 ensifera,
1245 5492 1343 5532 seu
1390 5478 1578 5547 potius
1627 5476 1779 5532 ensis
1822 5475 2059 5531 formam

467 5574 717 5629 referens
764 5572 881 5625 haec
930 5570 1089 5624 stella
1138 5571 1418 5640 apparuit.
1474 5569 1684 5624 Eodem
1731 5570 1900 5624 etiam
1950 5568 2063 5621 duo

468 5664 757 5719 hominum
791 5676 1026 5732 corpora
1071 5660 1188 5717 visa
1232 5669 1402 5716 sunt:
1450 5661 1688 5716 alterum
1736 5660 1959 5731 quidem
2008 5662 2061 5712 in

467 5754 624 5825 Syria
647 5795 663 5821 .
697 5770 866 5825 supra
911 5754 1215 5810 humanam
1251 5764 1509 5809 naturam
1556 5753 1940 5824 magnitudine
1971 5767 2067 5807 ex-

468 5848 671 5902 cedens
699 5865 715 5904 :
757 5849 996 5904 alterum
1027 5863 1162 5905 vero
1194 5849 1252 5905 in
1278 5846 1538 5920 Egypto,
1574 5838 1713 5902 infra
1761 5845 2062 5902 incredibi-

2160 4642 2260 4712 τὴν
2296 4640 2436 4695 ίδίαν
2478 4640 2723 4693 ἐποιεῖτο
2753 4638 2899 4694 ὀδόν.
2939 4637 3053 4710 Τήν
3082 4656 3147 4706 γε
3194 4639 3301 4708 μὴν
3332 4636 3522 4707 κοινὴν
3565 4631 3749 4699 περίο-

2160 4733 2254 4788 δον
2283 4732 2383 4805 τὴν
2412 4733 2585 4801 αὐτὴν
2615 4728 2731 4803 εἶχε
2775 4734 2886 4795 τοῖς
2917 4732 3121 4799 ἄλλοις,
3158 4730 3283 4786 καθ’
3328 4729 3427 4794 οὒς
3457 4730 3524 4784 ἂν
3555 4729 3751 4798 γίνοιτο

2096 4847 2107 4853 ί
2165 4829 2561 4899 πορευόμενος.
2591 4828 2701 4898 Τῆς
2727 4826 2772 4881 δ’
2803 4825 2939 4889 ἰδίας
2966 4827 3196 4896 πορείας
3225 4826 3319 4879 ἐπὶ
3342 4824 3751 4893 τεσσαράκοντα

2162 4921 2460 4990 γινομένης
2508 4921 2748 4991 ἡμέρας,
2799 4920 2955 4990 μόλις
2999 4920 3092 4972 ἐπὶ
3124 4920 3225 4988 τὴν
3258 4918 3507 4986 μεγάλην
3556 4913 3751 4983 ἄρκτον

2165 5011 2387 5065 ἐνέϐαλε
2413 5027 2427 5042 ο
2456 5013 2564 5065 κάν
2599 5011 2678 5085 τῷ
2711 5011 3032 5082 μεσαιτάτῳ
3064 5010 3239 5081 αὐτῆς
3267 5010 3334 5064 τὰ
3375 5008 3582 5062 ὕστατα
3614 5001 3750 5068 λάμ·

2164 5103 2295 5174 ψας,
2346 5104 2589 5177 ἀπέσϐη.
2625 5105 2767 5159 Καθ’
2804 5105 2865 5159 ὃν
2914 5105 2973 5159 δὲ
3002 5105 3200 5176 χρόνον
3239 5106 3266 5156 ό
3322 5095 3748 5173 μαχαιροφόρος,
3844 5096 3859 5109 ⁵

2168 5199 2375 5268 μᾶλλον
2405 5199 2462 5253 δὲ
2488 5200 2764 5270 ξιφοειδὴς
2795 5198 2956 5262 οὗτος
2994 5198 3240 5269 ἀνεφάνη
3275 5198 3477 5269 ἀστὴρ,
3512 5189 3607 5247 καί
3633 5197 3749 5240 τινα

2163 5290 2259 5344 δύο
2292 5291 2527 5361 σώματα
2556 5288 2716 5361 ὤφθη
2751 5290 3064 5361 ἀνθρώπων
3085 5307 3098 5322 ·
3137 5289 3198 5343 ἓν
3232 5290 3332 5361 μέν
3375 5291 3435 5341 ὲν
3463 5283 3632 5352 Συρίᾳ
3658 5277 3749 5345 τὴν

2167 5382 2525 5455 ἀνθρωπίνην
2553 5385 2698 5436 κατὰ
2742 5382 2978 5453 μέγεθος
3013 5382 3267 5437 ἐκϐαῖνον
3297 5380 3486 5450 φύσιν,
3530 5376 3748 5438 θάτερον

2166 5474 2211 5527 δ’
2243 5477 2305 5528 ἐν
2335 5475 2628 5545 Αἰγύπτῳ,
2662 5474 2745 5539 είς
2789 5475 3029 5529 ἀπιστον
3069 5474 3395 5547 βραχύτητα
3426 5465 3744 5532 καταλῆγον·

2162 5568 2324 5621 "AUC
2362 5571 2392 5621 ό
2435 5567 2537 5638 μὲν
2586 5568 2758 5638 Σύρος
2791 5567 2855 5621 τὺ
2885 5567 3121 5638 μέγεθος
3173 5570 3255 5631 εἰς
3304 5568 3465 5621 πέντε
3514 5552 3745 5612 ἐπεδίδου
3858 5560 3863 5567 ‘

2168 5661 2393 5733 πήχεις,
2428 5660 2870 5733 προστιθεμένης
2915 5664 3015 5716 καὶ
3055 5661 3361 5729 σπιθαμῆς,
3397 5653 3599 5719 καίπερ
3626 5641 3744 5707 «τῶν

2169 5753 2349 5808 ποδῶν
2383 5753 2549 5807 αὐτοῦ
2596 5755 2733 5826 πρὸς
2765 5756 2825 5808 τὸ
2873 5754 3064 5810 λοιπὸν
3099 5753 3197 5808 τοῦ
3244 5755 3498 5824 σώματος
3529 5733 3744 5826 μέγεθος

2170 5845 2430 5920 μηδαμοῦ
2486 5848 2549 5902 τὸ
2611 5824 2882 5917 ἀνάλογον
2939 5848 3296 5919 ἐσχηκότων·
3348 5846 3481 5900 εἵσω
3517 5834 3622 5904 γὰρ
3663 5824 3743 5878 καὶ
