4062 6428
407 368 511 433 877

1334 350 1933 422 ECCLESIASTICE
1974 355 2366 417 HISTORUE
2404 354 2547 418 LIB.
2599 353 2735 415 XII.

3552 355 3658 417 878

408 484 546 554 πρὸς
597 481 661 535 το
703 480 924 550 βλαισὸν
972 476 1428 545 ὐπεκὰμπτοντο·
1492 472 1773 535 Ἀντώνιος
1807 467 1874 542 ἦν
1905 470 1975 540 τῷ

2087 471 2191 525 lem
2232 481 2456 524 staturae
2502 470 2825 525 brevitatem
2862 471 3191 528 consistens.
3228 473 3398 547 Syrus
3443 475 3496 529 in
3538 477 3658 529 Ion-

409 575 684 647 ἀνθρώπῳ
711 573 771 627 τὸ
807 572 1001 641 ὄνομα.
1034 569 1289 622 Τοιοῦτον
1325 568 1388 638 δή
1418 585 1538 622 τινα
1568 567 1665 619 καὶ
1702 564 1865 628 αὐτὸς
1900 558 1981 617 εἷ-

406 668 496 723 δον
527 668 640 729 τοῖς
672 665 796 719 καθ’
822 664 970 733 ἡμᾶς
1006 661 1217 733 χρόνοις
1269 658 1639 728 ἀναφανέντα,
1677 658 1843 727 τέρας
1868 650 1982 710 οἷον

408 758 710 827 ὁρώμενον,
735 754 795 819 ὃν
817 752 958 825 γυνὴ
996 750 1230 822 βραχεῖα
1264 749 1409 819 μάλα
1442 749 1689 817 προῆγεν
1720 749 1800 810 είς
1841 745 1980 814 φῶς.

413 849 575 904 Οὕτω
598 848 656 901 δὲ
687 845 1129 915 κατεϐραχύνετο
1170 845 1197 896 6
1229 841 1549 909 Αἰγύπτιος,
1582 839 1657 901 ὡς
1691 836 1985 906 παραπλή-

411 958 526 995 σιον
550 937 689 993 εἶναι
720 938 960 1007 πέρδικι,
1010 937 1106 988 καὶ
1143 933 1266 1006 μηδ’
1309 933 1604 1004 ἀχάριστον
1667 932 1726 984 ἐν
1781 926 1982 993 κλωϐᾦ

408 1034 508 1105 τὴν
529 1032 740 1085 ἐκείνου
774 1026 917 1084 εἶναι
958 1026 1349 1098 προσομιλίαν,
1396 1025 1532 1096 πρὸς
1573 1022 1688 1094 ἔριν
1720 1020 1980 1089 κινούμε-

409 1143 496 1187 νος
533 1125 628 1178 καὶ
658 1123 979 1193 συναθύρων
1011 1123 1227 1190 ἐκείνῳ.
1261 1119 1334 1171 Τὸ
1372 1117 1428 1169 δὲ
1475 1117 1628 1185 ξένον
1671 1115 1752 1176 είς
1785 1111 1979 1182 ἀκοὴν,

409 1216 492 1268 ὅτι
540 1215 638 1268 καὶ
687 1213 952 1284 φρόνησις
998 1210 1149 1278 ἐνῆν,
1198 1206 1471 1278 ἀνθρώπῳ
1510 1205 1663 1275 καλῷ
1707 1202 1984 1274 ἐφαρμότ-

406 1326 598 1375 τουσα,
625 1306 779 1360 οὐδὲν
809 1306 915 1359 ὑπὸ
944 1304 1044 1375 τῆς
1082 1303 1423 1375 βραχύτητος
1456 1295 1978 1365 καταϐλαπτομένη.

403 1398 519 1455 Ἠν
564 1400 621 1453 δὲ
668 1398 856 1453 καὶτὸ
907 1396 1129 1468 φθέγμα
1162 1396 1263 1448 οὐκ
1309 1393 1590 1463 ἄμουσο;’
1631 1389 1685 1443 οἷ
1722 1405 1783 1440 τε
1833 1387 1983 1455 λόγοι

306 1474 313 1481 ’
405 1491 501 1544 τοῦ
548 1488 641 1545 νοῦ
679 1491 944 1560 παρεῖχον
993 1486 1231 1557 ὁρᾶσθαι
1288 1484 1389 1555 τὴν
1432 1481 1815 1551 γενναιότητα.
1870 1476 1982 1531 Καὶ

406 1583 575 1650 ἄμφω
597 1580 655 1634 δὲ
695 1579 774 1647 τῷ
812 1578 990 1649 χρόνῳ
1017 1578 1392 1646 ἀκμάσαντες,
1428 1575 1488 1627 οὐ
1539 1571 1737 1625 θᾶττον
1787 1567 1985 1638 μετῆλ-

407 1672 502 1725 θον
537 1671 627 1724 τὸν
669 1669 819 1740 βίον·
855 1671 885 1722 6
910 1668 1037 1738 ’μὲν
1082 1667 1192 1737 γὰρ
1238 1665 1499 1735 μέγιστος
1529 1664 1597 1715 τὰ
1644 1656 1983 1714 εἰκοσιπέντε

406 1762 624 1830 διεξιὼν
669 1763 790 1833 ἔτη,
819 1760 1069 1816 ἀπεϐίωο
1118 1762 1146 1812 6
1178 1758 1222 1810 δ’
1256 1758 1560 1827 ἐλάχιστος,
1599 1752 1661 1806 ού
1691 1747 1982 1821 παραπολὺ

2082 561 2386 631 gitudinem
2447 562 2762 617 cubitorum
2826 563 3072 633 quinque
3138 573 3195 621 et
3261 566 3423 623 unius
3483 567 3653 638 palmi

2083 664 2438 717 excreverat,
2479 656 2734 726 quamvis
2776 656 2948 725 pedes
2994 657 3115 728 ejus
3150 658 3376 729 reliquae
3406 662 3658 730 corporis

2084 747 2450 818 magnitudini
2496 749 2853 819 proportione
2907 766 3017 805 non
3069 752 3516 822 responderent:
3567 754 3656 807 in-

2084 846 2327 892 trorsum
2358 838 2502 892 enim
2531 839 2719 895 intorti
2750 849 2802 896 et
2834 841 2947 895 vari
2976 852 3135 897 erant
3162 860 3176 896 :
3210 843 3417 899 homini
3458 860 3655 899 nomen

2084 935 2205 981 erat
2252 918 2511 984 Antonio.
2566 929 2750 985 Talem
2801 939 2963 986 aetate
3021 948 3240 1003 quoque
3294 944 3481 989 nostra
3538 936 3656 1004 ipse

2083 1019 2221 1094 vidi,
2264 1035 2364 1089 pro
2412 1030 2662 1076 monstro
2703 1021 2989 1085 habitum.
3023 1039 3186 1094 quem
3237 1025 3421 1080 brevis
3466 1026 3657 1081 admo-

2084 1092 2215 1166 dum
2261 1120 2486 1167 staturae
2510 1113 2719 1168 mulier
2753 1116 2805 1169 in
2853 1092 3053 1172 ιιιοιξῐη⁷
3076 1119 3322 1187 protulit.
3368 1118 3656 1191 [Egyptins

2083 1214 2269 1259 autem
2305 1216 2412 1258 tam
2447 1204 2634 1261 brevis
2665 1207 2788 1270 fuit,
2822 1219 2882 1263 ut
2913 1210 3121 1278 perdici
3156 1213 3452 1280 persimilis
3484 1223 3653 1268 esset.

2084 1297 2273 1368 Neque
2315 1299 2587 1369 ingratum
2636 1303 3009 1370 spectaculum
3041 1313 3189 1367 erat,
3226 1307 3268 1359 si
3301 1324 3425 1361 cum
3471 1309 3563 1362 illo
3596 1310 3653 1363 in

2085 1390 2248 1462 globo
2296 1390 2605 1461 (hominum
2659 1393 2899 1464 scilicet),
2950 1409 3420 1460 conversaretur.
3474 1410 3532 1453 et
3586 1403 3652 1455 ad

2083 1480 2493 1537 contentionem
2544 1483 2819 1538 excitatus
2869 1485 3196 1542 colluderet.
3264 1487 3431 1561 308
3483 1491 3653 1545 Porro

2084 1572 2232 1643 quod
2302 1572 2559 1629 mirabile
2619 1573 2773 1629 dictu
2824 1585 2946 1642 est,
3007 1577 3299 1647 prudentia
3346 1582 3398 1636 ei
3452 1582 3651 1649 iuerat,

2083 1662 2263 1732 qualis
2325 1662 2536 1717 homini
2598 1664 2842 1721 formoso
2905 1671 3169 1738 competit
3218 1688 3234 1727 :
3296 1674 3501 1745 quippe
3561 1678 3652 1731 cui

2086 1753 2337 1825 corporis
2383 1755 2602 1833 exilitas
2643 1772 2708 1810 ea
2760 1757 2827 1812 de
2877 1774 2934 1814 re
2978 1760 3119 1815 nihil
3166 1761 3483 1821 ademisset.
3538 1767 3652 1823 Vox

404 1858 611 1910 τούτων
645 1856 994 1925 λειπόμενος.
1045 1852 1222 1906 Πολλὰ
1273 1850 1330 1903 δὲ
1361 1849 1459 1902 καὶ
1484 1847 1649 1915 ἕτερα
1676 1840 1975 1913 τηνικαῦτα

2084 1859 2116 1900 a
2164 1845 2334 1900 Musis
2391 1860 2500 1901 non
2567 1847 2919 1904 abhorrebat.
2974 1850 3169 1907 Sermo
3227 1856 3431 1910 mentis
3489 1873 3656 1927 gene-

405 1949 712 2019 συνέδραμε
755 1948 962 2016 τέρατα
986 1960 1002 1976 ·
1045 1942 1081 1998 ἃ
1113 1943 1256 1996 κατὰ
1299 1942 1463 2010 μέρος
1494 1936 1753 2002 διεξιέναι
1784 1934 1845 1986 ού
1892 1929 1983 1984 τοῦ

404 2041 675 2111 παρόντος
711 2035 852 2094 εῖναι
892 2038 1100 2108 νομίζω
1131 2035 1346 2105 καιροῦ.

2085 1935 2369 1992 rositatem
2410 1939 2764 2007 spectandam
2810 1942 3124 2001 exhibebat.
3166 1944 3412 2017 Uterque
3454 1952 3651 2006 eodem

2082 2025 2179 2080 illo
2235 2034 2483 2096 tempore
2537 2030 2770 2099 vigens,
2827 2049 2939 2088 non
2995 2037 3185 2091 statim
3249 2039 3420 2094 vitam
3482 2042 3647 2097 ﬁniit.

401 2137 671 2193 Maximus
732 2136 883 2191 enim
924 2135 1119 2206 viginti
1175 2132 1424 2201 quinque
1467 2125 1710 2200 explevit
1769 2138 1966 2185 annos.
2007 2121 2274 2203 minimus
2318 2135 2504 2180 autem
2572 2142 2684 2182 non
2716 2130 2951 2186 multum
3023 2135 3091 2188 ab
3119 2135 3201 2190 eis
3243 2137 3445 2193 abfuit.
3483 2140 3652 2196 Multa

403 2242 673 2303 praetcrea
707 2231 817 2285 alia
853 2241 966 2284 tum
998 2242 1335 2283 concurrere
1364 2223 1637 2296 prodigia,
1674 2234 1797 2290 quae
1832 2217 2115 2290 sigillatim
2148 2217 2364 2274 referre
2391 2234 2503 2274 non
2534 2220 2700 2294 hujus
2729 2222 2836 2279 loci
2874 2241 2995 2281 esse
3031 2240 3185 2298 puto.

964 2362 1216 2417 ΚΕΦΑΛ.
1260 2359 1399 2414 AM'.

403 2491 539 2560 Περὶ
590 2475 1515 2562 τῆς-δι’,ἁγχόνῃςἀναιρέσεως
1556 2473 1976 2562 ριῢρλεκτίννα-

467 2551 581 2617 εἰ·σῦ
634 2551 743 2610 τοῦ
773 2551 916 2606 νέου
942 2553 1060 2607 ὑπὸ
1090 2551 1535 2618 Ἀρουαγάστου
1559 2551 1667 2597 τοι)
1714 2554 1974 2610 (rapam-

466 2648 602 2701 γον.

473 2766 761 2827 Θεοδόσιος
795 2763 895 2832 μὲν
934 2758 1030 2814 οὖν
1055 2756 1200 2810 οὕτω
1227 2753 1326 2824 τὴν
1354 2753 1494 2824 πρὸς
1529 2750 1647 2805 Ἕω
1670 2749 1979 2821 ἀρχομένην

402 2860 620 2921 ίθύνων,
651 2854 921 2926 λαμπρῶς
945 2869 1005 2904 τε
1028 2850 1146 2919 ἅμα
1167 2847 1261 2902 καὶ⁸
1304 2843 1581 2915 ἐπιμελῶς
1622 2843 1848 2898 διετέλει
1893 2841 1981 2895 θε-

402 2950 660 3024 ραπεύων
686 2948 747 3001 τὸ
785 2946 968 3010 Θεῖον,
1002 2944 1124 3005 ταῖς
1172 2939 1496 3011 καθημέραν
1526 2937 1873 3009 προσθήκαις
1899 2936 1981 2998 είς

398 3045 639 3099 ἐπίδοσιν
699 3040 852 3109 ἄγων
914 3039 1006 3091 τὸν
1071 3034 1501 3106 Χριστιανισμόν
1535 3048 1551 3064 ·
1605 3031 1712 3086 ἀνὰ
1757 3031 1815 3084 δὲ
1878 3028 1979 3099 τὴν

410 3134 686 3205 Ἑσπέραν
712 3134 780 3187 τὰ
806 3131 1043 3202 δημόσια
1077 3128 1242 3181 πάλιν
1271 3128 1527 3197 πονήρως
1556 3119 1702 3195 εἶχεν
1731 3140 1746 3155 ⁶
1779 3123 1979 3195 ἠγγέλ-

399 3234 522 3285 λετο
548 3230 658 3301 γὰρ
686 3229 778 3281 τὸν
809 3229 867 3281 έν
895 3225 1111 3293 ἑσπέρᾳ
1154 3221 1399 3292 βασιλέα,
1439 3221 1543 3272 τὸν
1578 3221 1700 3271 νέον
1737 3216 1973 3270 Οὐαλεν-

398 3323 657 3386 τινιανὸν,
691 3322 898 3390 ἀγχόνῃ
931 3314 1321 3387 διαφθαρῆναι.
1377 3312 1626 3380 Ἐλέγετο
1661 3310 1723 3364 δὲ
1766 3309 1972 3379 ταύτην

396 3415 548 3486 αὑτῷ
577 3415 675 3485 τὴν
701 3411 1001 3481 ἐπιϐουλὴν
1023 3407 1292 3463 καττῦσαι
1318 3406 1406 3459 διὰ
1436 3405 1546 3457 τῶν
1575 3402 1972 3472 θαλαμοπόλων

396 3505 668 3576 εὐνούχων
702 3503 897 3566 ἄλλους
927 3518 988 3554 τε
1020 3499 1198 3562 τινας,
1239 3498 1337 3550 καὶ
1381 3497 1796 3566 Ἀρουαγόιστην
1826 3494 1972 3547 ἐκεῖ·

393 3616 508 3663 νον,
546 3598 604 3659 ὃς
637 3597 733 3666 τῆς
759 3596 850 3648 ὑπ’
881 3592 1032 3663 αὐτῷ
1081 3593 1266 3662 πάσης
1315 3590 1578 3659 στρατιᾶς
1628 3587 1729 3658 τὴν
1779 3587 1971 3657 ἐπιμέ-

393 3690 545 3743 λειαν
575 3682 740 3758 εἶχεν.
778 3685 933 3739 Ἐπεὶ
961 3686 1071 3754 γὰρ
1120 3677 1258 3735 εἶδον
1289 3684 1382 3732 τὸν
1413 3681 1534 3734 νέον
1579 3679 1655 3742 ὡς
1694 3679 1765 3731 τὰ
1801 3676 1972 3731 πολλὰ

392 3781 516 3837 κατ’
548 3780 700 3834 οὐδὲν
734 3777 1061 3846 λειπόμενον
1102 3773 1197 3827 τοῦ
1243 3774 1454 3842 πατρὸς
1510 3775 1577 3844 τῇ
1607 3774 1777 3844 ἀρχῇ,
1807 3770 1973 3843 χαλε-

393 3873 515 3935 πῶς
540 3888 600 3924 τε
645 3869 987 3939 διακείμενον
1041 3861 1121 3924 οἷς
1153 3865 1384 3923 ἐκείνοις
1433 3865 1629 3929 ἐδόκει,
1684 3865 1750 3917 ὲκ
1802 3864 1970 3931 μέσου

394 3967 569 4021 θεῖναι
611 3964 934 4018 διενοοῦντο.
984 3961 1258 4032 Ἀκρατὴς
1297 3958 1343 4011 δ’
1385 3952 1453 4028 ἦν
1498 3956 1646 4027 μάλα
1688 3952 1862 4023 θυμοῦ
1896 3969 1911 3984 ο
1943 3953 1971 4007 ὃ

394 4061 490 4114 καὶ
517 4058 615 4112 τοῦ
640 4060 740 4129 ζῇν
770 4056 934 4110 αὐτὸν
960 4053 1280 4125 περιφανῶς
1314 4050 1712 4117 ἔξεδίσκευσεν.
1745 4045 1836 4116 Τῷ
1862 4047 1972 4116 γὰρ

405 4150 787 4219 Ἀρουαγάστῃ
817 4148 897 4205 εἰς
937 4146 1131 4214 λόγους
1174 4142 1347 4198 ἐλθὼν
1381 4141 1524 4195 κατὰ
1564 4142 1634 4195 τὰ
1670 4140 1969 4211 ἀνάκτορα,

391 4243 518 4297 lusi.
539 4245 567 4296 6
590 4240 834 4309 διάλογος
856 4241 935 4303 είς
965 4237 1135 4309 ὀργὴν
1165 4237 1419 4307 ἐξέμηνε,
1448 4234 1601 4301 ξίφος
1616 4231 1843 4302 ῶρμησε
1867 4249 1970 4284 κα-

389 4336 461 4388 τὰ
482 4335 574 4388 τοῦ
607 4330 919 4403 στρατηγοῦ
954 4319 1280 4384 ’σπάσασθαι
1310 4342 1327 4358 ⁸
1363 4326 1627 4388 κωλυθεὶς
1660 4325 1717 4376 δὲ
1745 4323 1826 4393 (οὐ
1858 4323 1970 4393 γὰρ

390 4428 576 4481 εἴασεν
602 4428 631 4480 6
659 4424 962 4495 δορυφόρος
988 4418 1052 4477 οὗ
1085 4421 1144 4475 τὸ
1196 4420 1349 4490 ξίφος
1397 4419 1695 4473 ἐπεϐάλετο
1743 4418 1969 4486 ἕλκειν),

2603 2356 2834 2415 CAPUT
2861 2359 3156 2420 XXXVIII.

2074 2466 2342 2534 Quomodo
2372 2470 2776 2559 Valentinianus
2800 2475 2988 2559 junior
3011 2479 3072 2559 ab
3097 2480 3388 2552 Arbogasta
3412 2487 3539 2543 duce
3556 2508 3653 2559 per

2429 2543 2830 2613 suﬁ‘ocationem
2849 2548 2916 2600 sit
2939 2543 3303 2619 interempta}.

2150 2746 2219 2801 Et
2262 2744 2606 2802 Theodosius
2633 2746 2859 2818 quidem
2899 2747 3003 2806 hoc
3037 2752 3202 2808 modo
3229 2753 3506 2813 Orientale
3554 2775 3655 2831 gu-

2081 2838 2350 2895 bernabat
2383 2838 2696 2910 imperium,
2740 2857 2934 2915 magna
2979 2859 3112 2901 cura
3164 2849 3450 2919 magniﬁce
3481 2850 3653 2907 Deum

2081 2931 2292 2998 colens,
2316 2939 2374 2986 et
2422 2932 2673 3002 quotidie
2729 2935 2888 2991 novis
2942 2939 3356 2998 accessionibus
3387 2941 3655 2999 Christia—

2080 3024 2320 3079 nismum
2350 3024 2651 3095 adaugens.
2714 3026 2775 3081 In
2820 3026 3118 3085 Occidente
3161 3047 3291 3088 vero
3342 3037 3653 3105 respublica

2081 3116 2223 3171 male
2256 3115 2469 3171 habuit.
2530 3117 2814 3188 Siquidem
2873 3120 3151 3192 iuniorem
3205 3125 3651 3187 Valentinianum

2080 3209 2466 3279 imperatorem
2516 3211 2642 3282 gula
2711 3211 2884 3269 fracta
2930 3215 3236 3286 interiisse,
3271 3224 3650 3281 renuntiatum

2072 3311 2175 3356 est.
2203 3299 2418 3356 Cmdem
2450 3294 2693 3374 eam'per
2724 3306 2955 3377 insidias
2983 3309 3034 3364 ei
3069 3309 3287 3366 molitos
3314 3330 3436 3369 esse
3464 3316 3654 3373 ferunt

2072 3393 2443 3450 cubicularios
2498 3398 2807 3465 eunuchos,
2872 3410 3038 3472 atque
3110 3405 3249 3461 alios
3304 3409 3570 3477 quosdam
3632 3430 3648 3467 :

2072 3487 2547 3560 Arbogastemque
2588 3495 2823 3548 maxime
2856 3494 3029 3560 illum,
3053 3499 3147 3568 qui
3181 3500 3500 3557 militarium
3531 3506 3653 3574 ejus
3741 3518 3801 3541 ν

2072 3583 2358 3651 copiarum
2388 3584 2634 3639 omnium
2679 3587 2872 3642 habuit
2910 3603 3098 3644 curam
3139 3593 3652 3653 etadministratio-

2073 3687 2215 3728 nem.
2248 3673 2385 3729 Cum
2413 3675 2560 3731 enim
2586 3678 2839 3749 juvenem
2874 3678 3106 3749 imperio
3120 3682 3479 3751 gubernando
3502 3689 3653 3744 nulla

2070 3778 2244 3835 prope
2274 3781 2332 3820 re
2356 3767 2497 3836 patri
2521 3751 2836 3824 inferiorem
2868 3787 3011 3837 esse,
3041 3780 3098 3827 et
3128 3778 3366 3844 graviter
3387 3778 3650 3850 pleraque

2072 3872 2194 3928 quae
2243 3858 2351 3914 illis
2405 3861 2763 3930 placuissent,
2831 3864 2973 3920 ferre
3030 3867 3302 3932 viderent,
3353 3873 3649 3928 consilium

2071 3953 2192 4024 ejus
2215 3955 2564 4023 opprimendi
2592 3971 2814 4025 cepere.
2849 3957 2979 4011 Erat
3008 3968 3191 4014 autem
3226 3961 3319 4017 ira:
3350 3962 3647 4019 admodum

2071 4044 2385 4114 impatiens.
2440 4045 2572 4113 Qua:
2634 4064 2724 4104 res
2751 4049 2918 4104 etiam
2959 4062 3149 4120 aperte
3209 4054 3373 4108 caedis
3400 4054 3452 4109 ei
3484 4071 3649 4111 causa

2070 4137 2195 4193 fuit.
2226 4139 2369 4193 Cum
2395 4140 2693 4213 ArbogaSte
2740 4142 2888 4197 enim
2912 4143 2967 4198 in
3004 4148 3153 4216 regia
3184 4146 3511 4216 collocutus,
3553 4149 3647 4204 ubi

2069 4231 2238 4285 verba
2273 4230 2329 4285 in
2364 4232 2499 4286 iram
2532 4234 2774 4289 insanam
2829 4251 3077 4301 evasere,
3144 4253 3275 4294 ense
3326 4241 3649 4308 magistrum

2070 4323 2309 4377 militum
2354 4325 2653 4381 confodere
2682 4342 2967 4398 aggressus
2999 4338 3104 4384 est.
3159 4330 3264 4385 Sed
3324 4347 3353 4385 a
3387 4333 3646 4398 satellite.

2070 4406 2160 4468 eui
2183 4414 2390 4468 ferrum
2421 4417 2710 4472 extrahere
2760 4418 2915 4472 nisus
2945 4417 3151 4484 fuerat,
3184 4420 3474 4488 inhibitus,
3531 4431 3648 4479 tum

391 4520 512 4573 τότε
549 4522 649 4589 μὲν
677 4517 861 4584 λόγοις
911 4515 1158 4584 προσῆγε
1219 4514 1297 4584 τῷ
1342 4511 1726 4585 Ἀρουαγάστῃ
1753 4511 1851 4583 τὴν
1883 4510 1972 4564 θε-

2076 4508 2297 4577 quidem
2328 4510 2509 4564 verbis
2531 4510 2891 4581 Arbogastem
2947 4512 3128 4567 acrius
3157 4512 3502 4583 objurgatum
3533 4515 3651 4584 pla-

395 4612 628 4684 ραπείαν
669 4625 686 4645 ⁸
721 4611 750 4664 6
799 4608 856 4662 δὲ
905 4609 1016 4670 τοῖς
1051 4605 1232 4674 λόγοις
1299 4604 1505 4675 μᾶλλον
1557 4605 1657 4675 τὴν
1694 4604 1969 4673 σφετέραν

391 4704 626 4775 ¹Ιιικρίϐου
670 4702 947 4765 ὓπόνοιαν,
981 4702 1062 4762 είς
1090 4701 1299 4767 γνῶσιν
1349 4698 1754 4769 μεθισταμένην
1796 4713 1812 4731 ο
1843 4698 1972 4749 ὲπε-

394 4796 608 4866 ρομένῳ
624 4795 732 4863 γὰρ
775 4794 875 4861 τῆς
913 4791 1184 4859 τοσαύτης
1205 4791 1387 4861 ὁρμῆς
1416 4791 1516 4860 τὴν
1550 4790 1750 4850 αἰτίαν,
1779 4788 1972 4842 ἑαυτὸν

387 4883 791 4955 διαχρήσασθαι
821 4885 849 4936 6
874 4884 1004 4944 παῖς
1033 4881 1387 4952 ἀπεκρίνατο,
1422 4881 1614 4948 ὅτιπερ
1668 4877 1973 4948 βασιλεύων

389 4978 451 5031 οὐ
485 4954 818 5047 ξυγχωροῖτο
851 4976 1114 5041 πράττειν
1148 4973 1184 5028 ἃ.
1206 4972 1484 5043 βούλεται,
1531 4954 1628 5025 καί
1657 4973 1746 5025 διὰ
1789 4972 1973 5027 τοῦτο.

392 5072 502 5123 Καὶ
532 5072 559 5123 6
589 5070 685 5139 μὲν
726 5070 847 5121 τότε
886 5068 1053 5138 μηδέν
1082 5084 1133 5119 τι
1198 5065 1359 5119 πλέον
1411 5064 1970 5135 πολυπραγμονήσας,

394 5164 471 5233 μὴ
502 5161 861 5228 καταξιοῦντα
886 5144 1060 5224 οὕτως
1089 5158 1287 5229 ἔχοντα
1310 5159 1433 5230 ζῇν,
1463 5157 1689 5227 ὕστερον
1720 5159 1778 5208 ἐν
1819 5156 1970 5208 Βιέν-

392 5271 461 5326 νῃ
490 5257 588 5326 τῆς
612 5255 848 5320 Γαλλίας
878 5255 1068 5309 τοῦτον
1098 5254 1465 5326 ἠριστηκότα,
1503 5251 1596 5327 καὶ
1624 5248 1763 5320 πρὸς
1797 5249 1972 5316 τάφα-

390 5348 454 5417 νῆ
489 5348 598 5400 τῶν
629 5346 922 5417 βασιλείων
955 5350 1087 5417 περὶ
1112 5347 1173 5399 τὸ
1204 5345 1299 5399 τοῦ
1359 5342 1606 5413 ποταμοῦ
1641 5342 1817 5411 χεῖλος
1867 5358 1969 5408 με-

390 5438 595 5509 σούσης
624 5439 839 5510 ἡμέρας
875 5440 1151 5505 παιγνίοις
1199 5438 1312 5489 τισὶ
1343 5436 1676 5505 σχολάζοντα
1698 5432 1972 5501 θεασάμε-

391 5547 503 5596 νος,
536 5530 747 5597 πέμπει
781 5529 888 5581 τῶν
913 5545 1066 5591 τινας
1099 5528 1189 5581 ὑπ’
1224 5526 1396 5597 αὐτῷ,
1440 5525 1646 5596 ἀγχόνῃ
1679 5524 1740 5577 τὸ
1776 5522 1970 5593 μειρά-

387 5639 507 5676 κιον
522 5621 863 5695 διαφθεῖραι,
894 5622 1108 5686 οὐδενὸς
1138 5624 1246 5675 τῶν
1269 5620 1728 5691 ὑπηρετουμένων
1749 5633 1972 5687 συμπα-

390 5714 573 5785 ρόντος
600 5714 750 5786 αὐτῷ
777 5732 791 5747 ο
810 5715 965 5785 ὁγὰρ
988 5714 1178 5786 καιρὸς
1191 5714 1424 5785 ἀριστᾷν
1455 5712 1656 5776 αὐτοὺς
1687 5709 1973 5782 μετεστέλ-

387 5805 531 5860 λετο.
554 5806 663 5862 Καὶ
677 5808 706 5862 6
726 5807 823 5879 μὲν
843 5804 984 5861 οὕτω
998 5807 1200 5878 χειρῶν
1222 5807 1513 5877 ἀγριότητι
1528 5802 1862 5874 ἁπεπνίγετο
1882 5818 1896 5834 ·
1919 5803 1970 5855 οἱ

2075 4602 2238 4656 cavit.
2280 4601 2375 4658 Ille
2401 4613 2585 4657 autem
2613 4619 2681 4658 ex
2709 4604 2896 4658 verbis
2923 4605 3045 4674 ejus
3071 4605 3390 4674 Opinionem
3419 4606 3568 4662 illius
3592 4607 3648 4661 in

2074 4704 2324 4765 apertum
2353 4696 2678 4766 productam
2711 4697 3025 4752 accuratius
3078 4697 3503 4764 considerando,
3565 4714 3653 4752 sc-

2074 4802 2198 4840 cum
2229 4786 2348 4855 ipse
2386 4786 2691 4859 perpendit.
2729 4787 3035 4856 Inquirenti
3069 4789 3369 4843 enimtanti
3406 4790 3650 4859 impetus

2073 4894 2336 4935 causam:
2379 4881 2686 4935 Allaturutn
2720 4880 2823 4936 sibi
2857 4880 2960 4949 ipsi
3010 4897 3204 4937 manus
3261 4896 3401 4946 esse,
3461 4882 3649 4937 adole-

2074 4970 2232 5028 chns
2257 4974 2556 5044 respondit,
2591 4975 2738 5044 quod
2770 4989 2894 5028 cum
2935 4976 3235 5044 imperator
3259 4986 3425 5037 οδευι,
3470 4976 3651 5030 facere

2073 5059 2220 5136 quod
2246 5068 2427 5129 vellet,
2488 5078 2596 5120 non
2632 5068 3092 5136 permitteretur:
3151 5075 3488 5136 quapropter
3544 5067 3647 5121 sibi

2073 5160 2184 5213 vita
2217 5159 2338 5212 talis
2366 5158 2578 5226 ingrata
2628 5157 2791 5212 etiam
2824 5168 2990 5213 esset.
3027 5158 3205 5228 Atque
3260 5158 3349 5211 ille
3381 5168 3495 5212 tum
3525 5159 3650 5226 qui—

2071 5252 2196 5306 dem
2276 5250 2411 5305 nihil
2485 5251 2722 5322 amplius
2786 5250 3004 5305 curiose
3055 5259 3431 5321 percontatus.
3485 5247 3650 5319 309

2073 5344 2269 5399 Postea
2301 5355 2484 5398 autem
2506 5344 2728 5399 Viennae
2766 5343 2820 5398 in
2855 5342 3048 5406 Gallia,
3077 5359 3200 5399 cum
3228 5358 3353 5398 eum
3383 5358 3648 5412 pransum

2072 5436 2124 5490 in
2159 5435 2431 5490 abditiore
2474 5434 2634 5504 regite
2678 5435 2800 5489 loco
2840 5435 2907 5489 ad
2960 5434 3200 5488 [luminis
3258 5434 3429 5503 ripam
3484 5433 3648 5486 mcri-

2071 5525 2239 5579 diano
2270 5537 2516 5593 tempore
2562 5523 2775 5579 ludicro
2825 5526 3038 5580 cuidam
3080 5535 3360 5578 vacantem
3398 5523 3645 5589 vidisset,

2069 5631 2425 5688 percussores
2453 5617 2717 5685 quosdam
2749 5632 2817 5671 ex
2839 5616 2953 5671 suis
2983 5619 3032 5671 ei
3059 5617 3306 5680 immisit,
3361 5617 3454 5685 qui
3517 5615 3647 5670 ado-

2068 5708 2432 5764 lescentulum
2451 5707 2812 5763 suﬂ‘ocatione
2832 5717 3112 5771 necarent,
3141 5724 3264 5763 cum
3284 5723 3349 5763 cx
3378 5707 3646 5763 ministris

2068 5799 2118 5855 ei
2153 5814 2315 5856 nemo
2332 5800 2552 5857 adesset
2579 5817 2591 5855 :
2614 5808 2830 5870 tempus
2854 5799 3000 5854 enim
3026 5799 3148 5856 illos
3173 5802 3236 5855 ad
3257 5799 3642 5869 prandendum
