4062 6442
444 396 548 460 879

1683 390 2101 453 NlCEPIIORI
2140 390 2489 453 CALLISTI

3588 396 3699 459 ’8ῗο

444 518 787 564 υιοοιινρτιιι.
820 508 1006 577 Itaque
1045 509 1134 563 ille
1166 509 1243 564 sic
1272 509 1586 565 crudelibus
1651 512 2020 580 strangulatus

2133 509 2187 561 δέ
2216 526 2277 576 γε
2305 509 2364 561 τὸ
2394 509 2556 577 ἔργον
2589 506 3046 578 διαπραξάμενοι,
3086 508 3171 561 ἵνα
3203 507 3278 578 μὴ
3300 510 3362 562 ἐκ
3405 510 3493 564 τοῦ
3527 514 3700 583 σχεδὸν

444 608 523 653 est
555 598 831 653 manibus.
891 600 956 650 At
982 599 1147 653 caedis
1194 599 1314 669 ejus
1366 608 1695 668 patratores,
1760 618 1827 653 ne
1867 599 1911 653 si
1971 615 2036 651 ex

449 698 700 756 tempore
753 687 937 739 statim
973 704 1330 757 percussores
1386 689 1826 758 inquirerentur,
1878 686 2036 743 facile

446 779 788 847 deprehendi
844 788 1089 847 possent,
1123 779 1345 833 sudario
1370 780 1492 849 ejus
1528 791 1784 850 tanquam
1842 780 2039 848 laqueo

447 872 655 927 circum
689 873 892 926 collum
924 871 1116 941 ligato,
1179 872 1470 925 sublimem
1504 888 1629 926 eum
1670 872 2036 939 suspendere,

450 973 508 1016 ut
542 981 635 1017 sua
673 976 867 1032 Sponte
900 964 1003 1017 sibi
1065 965 1181 1033 ipse
1221 965 1401 1033 gulam
1465 965 1693 1032 fregisse
1730 963 2035 1017 videretur.

449 1056 931 1110 Atloleseentuluzu
986 1057 1150 1111 istum
1235 1055 1465 1109 miriﬁce
1521 1055 1752 1122 imperio
1806 1053 2033 1115 dignum

447 1148 624 1202 visum
654 1164 773 1203 esse
814 1151 989 1214 aiunt,
1026 1158 1249 1218 propter
1290 1149 1487 1201 bonam
1530 1146 1780 1216 corporis
1813 1146 2037 1199 habitu-

449 1239 659 1302 dinem,
694 1250 751 1293 et
778 1241 1042 1294 virtutum
1090 1239 1384 1292 multarum
1441 1250 1799 1297 concursum,
1833 1234 2038 1303 quibus

451 1333 752 1399 imperator
820 1332 999 1383 bonus
1071 1339 1392 1383 exornatur.
1470 1327 1842 1397 Magnitudinc
1907 1338 2037 1377 vero

447 1420 642 1483 animi,
703 1429 759 1475 et
802 1421 1017 1491 justitia
1095 1436 1328 1483 summa,
1385 1432 1593 1487 patrem
1656 1421 1819 1471 etiam
1873 1432 2035 1471 suum

450 1521 908 1580 exsuperaturam
946 1514 1134 1572 fuisse,
1157 1511 1425 1581 siquidem
1448 1510 1495 1563 ei
1521 1511 1572 1564 in
1597 1510 1774 1562 virum
1800 1513 2037 1563 evadere

451 1605 717 1661 licuisset.
742 1606 870 1659 ‘Tali
903 1606 993 1659 ille
1019 1616 1215 1668 morte,
1245 1618 1367 1658 cum
1393 1604 1695 1666 talisessct,
1716 1601 2033 1657 vicesimum

445 1698 623 1754 celatis
651 1713 821 1767 agens
846 1713 1072 1761 annum,
1104 1697 1269 1752 vitam
1305 1696 1466 1749 ﬁniit.

1010 1811 1236 1868 CAPUT
1270 1809 1514 1864 XXXIX.

450 1900 529 1954 De
585 1901 865 1971 tyrannide
918 1899 1143 1971 Eugenii
1185 1903 1239 1954 in
1302 1899 1627 1954 Occidente:
1678 1910 1723 1952 et
1786 1908 1843 1951 ut
1891 1904 2030 1953 hunc

516 1988 722 2041 quoque
778 1971 884 2024 Deo
920 1971 1151 2041 dilectus
1186 1974 1475 2039 imperator
1526 1971 1739 2037 vicerit,
1768 1986 1887 2023 cum
1913 1986 2029 2023 eam

518 2040 796 2096 victoriam
822 2040 988 2095 divini
1015 2041 1115 2093 uiri
1155 2042 1548 2110 prwdixissent.

520 2157 800 2226 Eugenius
830 2166 1041 2219 autem,
1102 2154 1303 2209 Grteeze
1354 2153 1768 2223 superstitionis
1823 2151 2027 2217 cultor,

447 2264 720 2302 summam
755 2263 938 2301 rerum
994 2247 1220 2311 involat,
1266 2255 1314 2300 ct
1374 2246 1678 2315 imperialia
1726 2245 1829 2299 sibi
1859 2245 2030 2298 sumit

439 2338 699 2407 insignia,
730 2338 1025 2408 adiuvante
1055 2336 1361 2405 Arbogaste
1399 2354 1410 2390 :
1449 2336 1543 2405 qui
1569 2334 1712 2405 quod
1761 2336 2027 2389 barbarus

439 2445 641 2500 genere
671 2441 835 2491 esset,
884 2430 1117 2499 imperio
1176 2445 1404 2482 manum
1460 2429 1690 2498 injicere
1740 2443 2026 2498 aggressus

440 2541 552 2580 non
585 2534 691 2579 est.
742 2524 1020 2593 Eugenius
1049 2534 1235 2577 autem
1296 2522 1516 2576 Latinas
1546 2521 1779 2588 primum
1812 2521 2025 2574 litteras

437 2618 629 2672 docuit
666 2635 676 2670 :
714 2617 913 2672 deinde
942 2617 1074 2671 ludo
1106 2617 1376 2671 litterario
1407 2616 1621 2676 relicto,
1673 2613 1726 2666 in
1755 2611 2023 2682 imperiali

436 2712 563 2763 aula
593 2709 867 2789 militavit.
898 2710 1078 2778 Atque
1101 2708 1175 2763 ibi
1208 2708 1260 2761 in
1281 2706 1531 2761 ordinem
1559 2707 2024 2775 antigrapbiario-

440 2820 561 2857 rum
592 2813 647 2858 et
672 2803 977 2868 imperialis
998 2801 1251 2879 pecunia:
1284 2799 1576 2854 custodum
1615 2811 1892 2866 receptus,
1926 2814 2017 2851 ce-

436 2896 608 2951 lebris
658 2896 893 2949 maxime
925 2904 981 2948 et
1028 2893 1173 2963 apud
1227 2893 1620 2960 imperatorem
1675 2891 1727 2944 in
1762 2906 2018 2960 magnum

434 2988 700 3042 honorem
734 2986 860 3051 fuit,
900 2987 1284 3055 magistrorum
1312 2986 1476 3062 etiam
1509 2983 1833 3062 dignitatem
1889 2999 2019 3036 con—

432 3091 678 3136 secutus.
727 3078 862 3135 Cum
905 3086 1091 3134 autem
1149 3060 1477 3147 praesentem
1542 3060 1820 3130 fortunam
1874 3077 2018 3130 ferre

437 3190 547 3228 non
577 3183 784 3243 posset,
807 3171 875 3226 ad
904 3170 1250 3243 tyrannidem
1289 3171 1593 3241 spectavit:
1655 3170 1912 3224 inductus
1953 3171 2017 3223 ad

437 3268 491 3322 id
519 3284 547 3321 a
588 3265 945 3335 quibusdam,
1003 3264 1097 3334 qui
1128 3278 1186 3317 se
1217 3278 1283 3317 ex
1338 3262 1597 3327 victimis,
1653 3270 1910 3315 extorum
1937 3260 2020 3313 in-

434 3362 721 3431 spectione
754 3370 811 3414 ct
858 3369 1134 3411 astrorum
1185 3352 1648 3420 scicntia,lutura
1680 3363 1839 3407 certo
1877 3352 2021 3408 scire

442 3452 864 3507 conﬁrmabant.
896 3449 1033 3504 Cum
1090 3447 1247 3503 multi
1304 3447 1453 3501 enim
1507 3445 1599 3500 alii
1658 3460 1725 3500 eo
1771 3455 2020 3514 tempore

438 3544 607 3598 rebus
637 3543 787 3598 bisce
818 3549 1109 3605 vacarunt,
1130 3549 1245 3594 tum
1276 3538 1509 3593 maxime
1545 3536 1838 3592 Flavianus
1862 3537 2018 3592 urbis

437 3639 627 3692 Romae
663 3634 971 3705 prmfectus,
1008 3632 1094 3686 vir
1145 3631 1202 3685 in
1238 3630 1547 3701 disciplinis
1584 3630 1900 3699 praeclarus,
1932 3639 2014 3682 at-

434 3743 544 3798 que
577 3728 623 3781 si
685 3726 827 3779 alius
887 3725 1206 3795 quisquam,
1260 3732 1314 3777 et
1366 3722 1485 3791 ipse
1538 3720 1781 3776 civilium
1830 3736 2017 3776 rerum

434 3819 596 3875 valde
622 3818 857 3889 peritus,
914 3828 1211 3886 rerumque
1243 3815 1547 3869 futurarum
1601 3813 1625 3883 (ρ
1647 3822 1707 3868 ιιι
1735 3814 1832 3883 ipsi
1868 3814 2019 3867 vide-

434 3909 616 3979 batur)
651 3919 803 3963 vates
833 3905 1165 3977 prarcipuus,
1202 3904 1434 3959 multum
1465 3907 1520 3957 in
1561 3906 1642 3959 eis
1663 3919 1845 3973 operae
1877 3905 2021 3958 loca-

432 4006 551 4057 vit:
582 4001 748 4073 310
774 4016 881 4070 qua
916 4008 1035 4052 arte
1061 3997 1365 4068 Eugenium
1399 4012 1640 4066 quoque,
1705 4006 1765 4051 ut
1808 3996 2016 4051 bellum

434 4099 760 4165 susciperet,
797 4090 1094 4163 permovit,
1124 4098 1277 4145 certo
1308 4089 1460 4144 illum
1492 4089 1763 4160 quidquid
1796 4104 2020 4159 aggres-

433 4202 529 4242 sus
554 4196 721 4252 esset,
753 4183 1130 4255 perfecturum
1168 4180 1469 4251 pollicitus.
1498 4180 1632 4235 Nam
1682 4191 1832 4235 sorte
1865 4180 2016 4236 fatali

436 4280 815 4334 Romanorum
854 4275 1148 4345 imperium
1178 4274 1244 4327 ad
1283 4287 1412 4327 eum
1442 4273 1742 4342 pertinere,
1779 4288 2019 4344 eumque

439 4373 572 4429 belli
624 4373 888 4426 victorem
959 4369 1098 4433 fore,
1161 4374 1219 4422 et
1273 4364 1592 4436 religionem
1649 4366 2017 4422 Christianam

435 4475 775 4519 mutaturum
806 4479 929 4519 esse
956 4463 1114 4518 dixit.
1138 4461 1254 4527 Qua
1285 4475 1382 4530 spe
1422 4458 1691 4515 adductus
1717 4460 2015 4531 Eugenius,

2143 600 2427 669 ζητήσεως
2473 600 2777 669 γενομένης
2803 600 3121 671 κατάφωροι
3151 600 3441 669 γένωνται,
3464 603 3522 657 τὸ
3568 606 3702 659 ἐκεί-

2142 711 2232 747 νου
2265 691 2604 761 ηιιτύμϐιον
2632 692 2830 745 ὡσανεὶ
2854 693 3048 763 βρόχον
3076 693 3155 763 τῷ
3188 694 3447 765 τραχήλῳ
3489 698 3705 765 περιϐα-

2142 785 2348 848 λόντες,
2384 788 2463 846 εἰς
2491 784 2622 853 ὕψος
2648 786 2908 853 ἀρτῶσιν,
2937 787 3011 848 ὡς
3038 785 3101 838 ἄν
3136 802 3200 853 γε
3236 786 3361 859 δόξῃ
3393 790 3457 856 τῇ
3478 791 3708 861 σφετέρᾳ

2141 879 2332 947 γνώμῃ
2363 876 2556 929 ἑαυτὸν
2586 878 2652 945 τῇ
2686 876 2894 947 ἀγχόνῃ
2922 876 3228 930 ἐπιϐαλεῖν.
3256 877 3392 930 Φασί
3422 894 3485 946 γε
3518 881 3622 948 μὴν
3649 883 3709 933 τὸ

2144 970 2435 1040 μειράκιον
2507 968 2669 1020 τοῦτο
2727 966 3024 1037 ὑπερφυῶς
3087 966 3237 1033 δόξαι
3287 968 3384 1037 τῆς
3440 968 3707 1039 βασιλείας

2140 1061 2313 1125 ἄξιον,
2338 1062 2413 1128 τῷ
2444 1077 2501 1112 τε
2525 1063 2617 1113 τοῦ
2652 1063 2907 1126 σώματος
2940 1054 2998 1112 εὖ
3030 1059 3199 1128 ἔχειν,
3228 1060 3321 1111 καὶ
3352 1060 3563 1112 πολλῶν
3588 1062 3710 1131 ἀρε-

2138 1152 2247 1207 τῶν
2281 1153 2575 1223 συνδρομῇ,
2602 1148 2682 1214 οἷς
2710 1153 2737 1204 ό
2763 1151 3042 1221 βασιλικὸς
3088 1152 3262 1215 τύπος
3311 1155 3711 1224 χαρακτηρίζει

2137 1265 2250 1301 ται.
2291 1248 2381 1315 Τῷ
2416 1248 2473 1300 δὲ
2534 1247 2904 1315 μεγαλοψύχῳ
2958 1246 3052 1298 καὶ
3094 1244 3171 1316 τῷ
3225 1246 3322 1315 τῆς
3372 1247 3709 1318 δικαιοσύνης

2137 1341 2294 1411 ἄκρῳ
2326 1342 2421 1393 καὶ
2454 1341 2545 1393 τὸν
2575 1341 2785 1393 ἐκείνου
2841 1339 3247 1406 ὑπερϐαλέσθαι
3300 1340 3532 1411 πατέρα,
3557 1341 3609 1393 εἴ
3648 1358 3709 1408 γε

2132 1436 2496 1502 συνεχωρεῖτο
2545 1434 2682 1503 πρὸς
2736 1432 2934 1502 ἄνδρας
2973 1430 3210 1487 τελέσαι.
3254 1431 3311 1486 ὐ
3351 1431 3453 1503 μὲν
3483 1431 3574 1486 οὖν
3610 1449 3710 1486 τοι-

2135 1524 2292 1589 οῦτος
2324 1525 2419 1588 ὢν,
2451 1523 2595 1578 οὕτω
2620 1524 2904 1590 τέθνηκεν,
2931 1521 3176 1575 εἰκοστὸν
3210 1520 3317 1575 ἀπὸ
3333 1522 3431 1592 τῆς
3447 1521 3708 1590 γενέσεως

2134 1616 2253 1681 ἔτος
2285 1618 2455 1688 ἄγων.

2703 1824 2960 1876 ΚΕΦΑΛ.
3022 1823 3149 1877 AG’.

2137 1917 2274 1983 Περὶ
2310 1915 2429 1981 τῆς
2480 1916 2547 1968 ἐν
2594 1915 2851 1983 Ἑσπέρςι
2894 1916 3189 1983 Εὑτενίου
3212 1906 3605 1982 τυραννίδος·
3631 1915 3710 1978 ὡς

2202 1989 2298 2039 καὶ
2330 1986 2545 2039 τοῦτον
2576 1990 2608 2039 ὀ
2638 1985 2925 2054 θεοφιλὴς
2958 1985 3338 2052 ἑτροπώσιιτο
3386 1986 3706 2050 βασιλεὺς,

2202 2058 2376 2110 θείων
2406 2056 2644 2123 ἀνδρῶν
2664 2055 3303 2125 προκαταγγειλὰντων
3326 2054 3446 2122 τὴν
3475 2055 3671 2122 νίκην.

2212 2170 2377 2241 Ἀνὴρ
2400 2171 2454 2223 δέ
2480 2187 2565 2232 τις
2592 2170 2873 2236 Εὑγένιος,
2926 2170 3127 2239 Ἕλλην
3155 2170 3215 2221 τὸ
3238 2167 3424 2232 σέϐας,
3473 2168 3709 2239 ὲπιπηδᾷ

2128 2264 2192 2331 τῇ
2229 2263 2394 2329 ἀρχῇ,
2425 2264 2518 2312 καὶ
2546 2261 2614 2310 τὰ
2642 2260 2738 2326 τῆς
2779 2256 3062 2326 βασιλείας
3092 2257 3466 2325 ἀμφιέννυται
3511 2254 3712 2324 σύμϐο-

2127 2354 2213 2419 λα,
2256 2352 2649 2421 συνεργοῦντος
2697 2352 3131 2422 ’Δρουαγάστοιπ
3153 2349 3211 2414 ὃς
3245 2349 3528 2419 βάρϐαρος
3556 2346 3632 2400 ὢν
3650 2346 3710 2399 τὸ

2126 2450 2305 2515 γένος,
2339 2448 2449 2499 οὐδ’
2506 2446 2789 2499 ἐπιϐαλεῖν
2818 2445 2885 2514 τῇ
2928 2447 3069 2514 ἀρχῇ
3112 2442 3502 2512 ἐπεχείρησεν.
3545 2441 3709 2508 Εὐγέο

2125 2559 2239 2603 νιος
2270 2542 2327 2592 δὲ
2373 2540 2714 2607 Ῥωμαῖκοὺς
2767 2538 2961 2604 λόγους
3023 2533 3330 2589 παιδεύσων
3362 2535 3442 2588 τὰ.
3497 2533 3707 2603 πρῶτα,

2125 2638 2319 2688 ἔπειτα
2347 2632 2639 2702 διαρρίψας
2668 2631 2738 2684 τὰ
2765 2631 3153 2699 παιδευτήρια,
3180 2628 3324 2682 κατά
3356 2627 3426 2681 τὰ
3467 2626 3711 2697 βασίλεια

2123 2726 2501 2796 ἐστρατεύετο,
2530 2726 2624 2777 καὶ
2657 2726 2715 2775 ἐν
2746 2727 2861 2786 τοῖς
2890 2724 3285 2791 ἀντιγραφεῦσι
3310 2721 3403 2774 τοῦ
3452 2720 3711 2792 βασιλέως

2123 2816 2381 2869 ἐτέτακτο
2404 2831 2419 2847 ·
2458 2815 2743 2883 ἐλλόγιμος
2773 2814 2829 2867 δὲ
2857 2814 2924 2867 τὰ
2980 2814 3220 2883 μάλιστα
3251 2813 3347 2878 ὢν,
3401 2814 3502 2868 διὰ
3550 2812 3712 2882 τιμῆς

2124 2908 2386 2976 πλείστης
2411 2906 2489 2975 τῷ
2521 2906 2736 2975 βασιλεί
2757 2902 2843 2976 ἦν,
2884 2907 2978 2959 καὶ
3001 2907 3059 2967 ἐς
3088 2905 3189 2971 τὴν
3232 2906 3342 2959 τῶν
3385 2905 3713 2977 μαγίστρων

2122 3003 2282 3066 ἀξίαν
2307 3001 2561 3052 διέϐαινε.
2606 2998 2717 3069 Τὴν
2750 2999 2803 3051 δὲ
2838 3000 3125 3067 παροῦσαν
3154 2998 3325 3067 τύχην
3365 2999 3449 3071 μὴ
3481 3000 3707 3068 δυνάμε-

2122 3112 2208 3155 νος
2241 3096 2504 3161 ἐνεγκεῖν,
2530 3093 2621 3145 ἐπὶ
2651 3092 2711 3144 τὸ
2738 3092 3025 3161 τυραννεῖν
3060 3091 3287 3144 ἔϐλεπεν
3328 3108 3343 3122 θ
3381 3094 3549 3163 ῆγετο
3599 3091 3702 3161 γὰρ

2125 3181 2380 3252 σφαγίοις
2417 3184 2524 3234 τισὶ
2562 3187 2657 3234 καὶ
2678 3179 3114 3248 ήπατοσκοπίαις
3143 3179 3237 3231 καὶ¹
3266 3179 3516 3250 ἀστέρων
3545 3179 3702 3232 τινῶν

2124 3277 2467 3345 καταλήψεσι
2507 3275 2696 3341 σαφῶς
2728 3273 2933 3325 εἰδέναι
2967 3274 3027 3325 τὸ
3064 3272 3262 3340 μέλλον
3296 3273 3703 3345 διισχυριζομέ-

2124 3385 2238 3430 νοις
2266 3367 2398 3422 τισί.
2428 3367 2617 3421 Πολλοί
2649 3382 2708 3417 τε
2738 3366 2849 3436 γὰρ
2896 3365 2993 3417 καὶ
3050 3365 3201 3419 ἄλλοι
3232 3368 3539 3435 τηνικαῦτα
3586 3366 3704 3420 τούσ

2122 3479 2237 3525 τοις
2263 3457 2404 3531 ἦσαν
2434 3460 2788 3530 σχολάζοντες
2821 3475 2835 3490 ο
2872 3461 2966 3512 καὶ
2993 3458 3056 3530 δὴ
3111 3461 3203 3512 καὶ.
3233 3460 3536 3524 Φλάϐιανὸς
3566 3462 3703 3513 ἐκεῖ·

2123 3571 2211 3617 νος
2250 3554 2277 3606 ὁ
2302 3554 2401 3622 τῆς
2430 3552 2652 3623 Ῥώμης
2684 3551 2952 3621 ὕπαρχος,
2981 3553 3310 3622 περιϐόητος
3329 3552 3514 3620 λόγοις
3544 3552 3700 3622 ἀνὴρ,

2122 3648 2218 3699 καὶ
2247 3646 2408 3714 εἴπερ
2437 3661 2526 3708 τις
2546 3644 2767 3712 περὶτὰ
2798 3644 3056 3697 πολιτικά
3090 3648 3332 3708 συνετὸς,
3363 3648 3462 3698 καὶ
3492 3645 3551 3698 τὸ
3581 3644 3702 3715 μέλ-

2120 3737 2211 3790 λον
2241 3736 2316 3798 ὼς
2345 3737 2483 3808 ᾣετο
2510 3736 2790 3805 μαντείαις
2820 3734 3247 3804 ἐξεπιστάμενος
3285 3751 3301 3767 ο
3328 3731 3451 3808 ᾖδὴ
3506 3736 3703 3807 μᾶλλον

2121 3826 2218 3878 καὶ
2244 3824 2331 3877 τὸν
2362 3825 2619 3889 Εὑγένιον
2664 3822 3004 3889 ὑπηγάγετο,
3042 3824 3137 3875 καὶ
3168 3825 3305 3893 πρὸς
3357 3843 3398 3893 μ
3443 3843 3546 3895 χην
3596 3824 3707 3876 ἐκί-

2122 3934 2250 3970 νει·
2323 3916 2582 3981 ἀσφαλῶς
2643 3914 2752 3984 γὰρ
2805 3914 3107 3982 κρατήσειν
3158 3914 3253 3967 τοῦ
3300 3917 3704 3988 ἐγχειρήματος

2120 4010 2430 4072 διετείνετο,
2466 4008 2560 4060 καί
2602 4023 2668 4073 γε
2727 4006 2876 4076 αὐτῷ
2922 4007 3189 4077 μοιρίδιον
3220 4002 3359 4062 εἶναι
3392 4010 3495 4081 τὴν
3531 4009 3703 4081 ἀρχὴν

2131 4102 2434 4169 Ῥωμαίων»
2458 4100 2735 4166 εἰσηγεῖτο
2774 4111 2786 4126 ·
2826 4100 3069 4166 νικήσειν
3123 4114 3182 4151 τε
3218 4097 3315 4167 τὴν
3349 4101 3556 4172 μάχην,
3611 4101 3703 4153 καὶ

2119 4196 2187 4265 τῇ
2214 4192 2555 4263 Χριστιανῶν
2586 4191 2860 4260 θρησκείᾳ
2888 4191 3191 4261 μεταϐολήν
3226 4209 3347 4245 τινα
3381 4193 3610 4246 ἔσεσθαι
3639 4191 3704 4246 δι’

2121 4278 2292 4333 αὑτοῦ
2326 4279 2594 4335 ὑπετίθει.
2624 4272 2722 4340 Αἴς
2746 4278 2864 4348 δῆτ’
2883 4278 3097 4331 ἐλπίσιν
3125 4280 3379 4346 Εύγένιος
3419 4281 3704 4352 βουκολού-

2122 4388 2307 4442 μενος,
2336 4369 2583 4441 μεγάλην
2634 4368 2900 4439 ἀθροίσας
2927 4369 3183 4439 δύναμιν,
3216 4370 3316 4433 τάς
3376 4354 3437 4425 ὲν
3496 4373 3705 4444 Ἰταλίᾳ

2122 4464 2335 4528 πύλας,
2402 4462 2469 4526 ἃς
2528 4462 2793 4532 Ῥωμαῖοι
2858 4462 3086 4525 Ἰουλίας
3149 4464 3380 4529 ’Ἄλπεις
3437 4466 3700 4529 καλοῦσι,

436 4559 790 4614 multitudine
816 4556 1023 4628 ingenti
1057 4566 1268 4619 coacta,
1301 4553 1587 4623 angustias
1618 4554 1671 4607 in
1709 4554 1860 4608 Italia
1876 4572 2013 4624 quas

2124 4554 2558 4626 προκαταλαϐὼν
2625 4555 2905 4625 ἐφρούρει.
2962 4556 3111 4609 Μίαν
3177 4557 3289 4628 γὰρ
3356 4561 3703 4630 στενωτάτην

431 4652 667 4708 Romani
704 4651 871 4718 Alpes
934 4649 1110 4703 Julias
1163 4656 1385 4713 vocant,
1451 4648 1767 4718 occupavit,
1819 4647 2013 4716 eisilue

433 4745 747 4813 praesidium
777 4742 1059 4812 imposuit.
1091 4739 1324 4796 Unicum
1357 4739 1526 4802 enim,
1551 4754 1789 4810 eumque
1820 4742 2015 4795 arctis—

428 4838 629 4891 simum
660 4835 981 4898 transitum,
1036 4832 1338 4901 przel‘ractis
1377 4832 1684 4904 ingentium
1744 4833 2012 4886 montium

428 4925 680 4994 rupibus,
718 4932 952 4991 utraque
981 4937 1045 4975 ex
1070 4929 1225 4990 parte
1257 4919 1492 4975 ﬁrmiter
1523 4921 1752 4979 munita:
1780 4921 2009 4979 habent.

428 5018 497 5072 Et
530 5016 807 5087 Eugenius
858 5013 925 5067 ad
955 5013 1300 5084 tyrannidem
1361 5023 1606 5077 evectus,
1652 5030 1717 5067 ea
1759 5014 1812 5067 in
1857 5014 2014 5070 Occi-

424 5110 738 5164 dentalibus
774 5108 1019 5177 partibus
1046 5114 1259 5176 agebat,
1292 5122 1413 5177 qua:
1434 5121 1561 5162 eum
1590 5105 1771 5161 facere
1792 5122 2010 5175 acquum

432 5211 574 5263 crat,
640 5200 733 5270 qui
786 5199 865 5254 sic
911 5198 1204 5267 imperium
1261 5199 1606 5267 arripuisset.
1666 5197 2011 5251 Theodosius

430 5309 600 5364 porro
644 5293 964 5359 imperator,
1018 5306 1081 5344 ea
1141 5305 1200 5343 re
1261 5289 1471 5353 audita,
1526 5304 1638 5342 non
1703 5290 2011 5343 minoribus

424 5401 645 5439 rursum
677 5400 836 5455 quam
871 5391 1054 5445 antea,
1091 5396 1213 5435 eum
1244 5390 1439 5435 contra
1468 5379 1763 5434 Maximum
1792 5381 1999 5435 bellum

425 5486 692 5541 moveret,
726 5476 877 5530 curis
914 5484 999 5528 est
1030 5474 1285 5527 obrutus.
1318 5471 1421 5527 Ubi
1463 5487 1592 5526 vero
1629 5482 1685 5526 et
1721 5473 1838 5541 ipse
1889 5490 1975 5526 ma

422 5584 587 5639 gnum
615 5568 945 5635 conscripsit
983 5566 1307 5630 exercitum,
1342 5579 1527 5617 secum
1565 5565 1680 5634 ipse
1746 5582 1861 5620 rem
1923 5568 2009 5620 di-

426 5663 693 5728 Spicicns,
734 5674 921 5714 utrum
983 5659 1248 5712 adversus
1296 5670 1581 5727 lytauuuui
1610 5659 1711 5719 ire.
1745 5676 1812 5712 an
1862 5661 2008 5715 illius

428 5755 724 5805 adventura
754 5761 1074 5822 exspectare
1114 5750 1362 5813 deberet,
1414 5752 1796 5807 addubitabat.
1846 5753 1897 5805 lu
1944 5769 2007 5807 ea

430 5844 819 5908 sollicitudine,
846 5843 1077 5899 consilio
1096 5843 1123 5897 J
1142 5843 1320 5897 ianuis
1350 5842 1617 5897 enitentis
1643 5845 1697 5897 in
1720 5845 2003 5898 'l'bebaitle

2119 4647 2239 4702 λίαν
2260 4648 2447 4719 έχουσι
2480 4648 2673 4715 δίοδον,
2699 4648 2985 4719 ἀπορρῶξι
3019 4649 3277 4719 μεγάλοις
3300 4650 3476 4720 ὀρέων
3508 4652 3703 4704 ἐκατέ-

2120 4740 2294 4811 ρωθεν
2316 4740 2574 4809 ἀσφαλῶς
2606 4741 3019 4809 πεφραγμέναι.
3071 4743 3178 4794 Καὶ
3225 4744 3252 4793 ό
3291 4742 3390 4812 μὲν
3440 4745 3702 4811 Εὑγένιος

2119 4826 2305 4896 ἀρθεὶς
2344 4828 2607 4895 τύραννος
2634 4831 2774 4881 κατά
2802 4828 2869 4881 τὰ
2890 4829 3142 4898 ἑσπέρια,
3176 4830 3402 4884 τοιαῦτα
3426 4832 3700 4902 ἔπραττεν

2115 4920 2214 4972 ὅσα
2244 4915 2312 4989 ἦν
2345 4920 2609 4983 είκὸςστὸν
2639 4919 2816 4982 οὕτως
2837 4920 2937 4989 τὴν
2970 4922 3143 4991 ἀρχὴν
3192 4922 3533 4992 δραξάμενον
3582 4925 3699 4977 δια-

2116 5011 2454 5081 πράττεσθαι
2490 5030 2504 5044 ο
2541 5013 2822 5077 Θεοδόσιος
2867 5014 2924 5067 δὲ
2962 5016 3204 5079 ἀκούσας
3248 5019 3276 5068 ὁ
3333 5016 3613 5083 βασιλεὺς.
3645 5022 3701 5069 ἐν

2118 5106 2403 5174 φροντίσιν
2425 5105 2583 5169 αὖθις
2605 5108 2962 5176 καθειστήκει
2981 5109 3205 5173 πολλαῖς
3232 5127 3247 5143 ο
3284 5112 3342 5163 οὐ
3375 5113 3567 5179 μείους
3593 5113 3701 5180 γὰρ

2113 5194 2276 5269 ἦσαν,
2310 5198 2341 5265 ἣ
2376 5200 2464 5252 ὅτε
2500 5200 2642 5252 κατά
2672 5200 2930 5269 Μαξίμου
2957 5203 3237 5270 κεκίνητο.
3273 5204 3487 5275 Πολλὴν
3517 5206 3575 5258 δὲ
3607 5205 3700 5258 καὶ

2113 5283 2269 5353 οὗτος
2306 5291 2606 5360 ἀξιόμαχον
2644 5294 2903 5361 στρατιὰν
2929 5296 3178 5364 ἀγείρας,
3211 5298 3402 5357 διττῶς
3437 5297 3696 5366 ἐμερίζε-

2114 5400 2174 5435 το
2211 5400 2225 5413 ο
2269 5384 2499 5453 πότερον
2534 5387 2624 5436 ἐπὶ
2656 5385 2749 5437 τὸν
2779 5385 3045 5448 τύραννον
3082 5388 3247 5456 ὁμόσε
3278 5389 3499 5458 χωρεῖν,
3532 5388 3565 5458 ἢ
3603 5404 3699 5439 πε-

2116 5475 2356 5544 ριμένειν
2392 5476 2615 5528 ἐπιόντα
2643 5477 2868 5530 ἐκεῖνον.
2908 5478 3064 5531 Οὕτω
3093 5480 3137 5531 δ’
3190 5481 3329 5549 ἔχων
3385 5478 3694 5548 φροντίδος,

2114 5566 2253 5632 ἔγνω
2274 5566 2379 5617 δεῖν
2403 5566 2697 5635 συμϐούλῳ
2726 5570 2853 5636 περὶ
2903 5570 3095 5623 τούτου
3121 5573 3427 5641 χρήσασθαι
3472 5571 3696 5640 Ἰωάννῃ

2112 5658 2188 5725 τῷ
2216 5661 2270 5708 ἐν
2293 5660 2521 5728 Θηϐαΐδι
2563 5660 2928 5725 διαλάμποντι
2971 5665 3192 5733 μοναχῲ
3220 5683 3232 5697 ·
3258 5665 3315 5718 ὃν
3346 5667 3404 5715 ὲν
3457 5662 3536 5731 τῷ
3591 5665 3695 5730 πρὸ

2115 5750 2346 5819 βραχέος
2383 5752 2675 5820 καταλόγῳ
2697 5755 2806 5805 τῶν
2832 5756 2993 5818 ὁσίως
3030 5757 3292 5823 βιούντων
3323 5757 3692 5822 ἐπιφανέστα-

2112 5860 2205 5897 τον
2229 5844 2515 5912 γεγονέναι
2541 5850 2637 5898 καὶ
2674 5848 2731 5900 ἐν
2765 5847 2948 5911 ἄλλοις
2974 5851 3071 5918 μὲν
3106 5851 3447 5922 περιϐοήτοις
3487 5846 3689 5913 ἔργοις,

2240 6016 2267 6033 ρ
