4062 6438
346 425 445 488 881

1307 412 1918 476 ECCLESIASTICAi
1958 413 2365 475 HISTORLE.
2391 415 2537 474 LIB.
2584 412 2718 473 ΧΠ.

3530 407 3633 467 sse

349 536 594 605 μάλιστα
650 534 709 586 δὲ
748 535 814 603 τῇ
862 532 1067 601 γνώσει
1114 530 1223 583 τῶν
1276 530 1557 600 ἐσομένων
1612 533 1938 599 εἰρήκαμεν.

2060 531 2330 593 monachi,
2370 529 2636 584 utendutn
2698 526 2805 582 sibi
2841 540 2962 580 esse
2995 524 3212 588 statuit,
3248 537 3410 592 quem
3471 537 3635 590 supra

346 630 455 693 Τῆς
488 628 599 696 γὰρ
638 626 793 689 θείας
830 624 1154 696 μεταλαχών
1199 624 1426 694 χάριτος
1479 626 1507 677 ὁ
1556 624 1717 693 ἀνὴρ,
1769 620 1941 675 πολλὰ

353 725 469 783 ταῖς
522 721 958 788 πυνθανομένοις
993 715 1297 787 προύλεγεν
1327 708 1429 768 ὀὗ
1478 715 1545 784 δὴ
1593 719 1790 782 πεῖραν
1849 716 1945 767 καὶ

347 816 444 867 ἐπὶ
480 814 560 883 τῷ
610 814 804 883 πρώην
851 814 974 883 ἔσχε
999 813 1270 881 τυράννῳ,
1325 812 1599 880 ἀναιμωτὶ
1641 811 1741 878 τὴν
1789 812 1945 878 νίκην

349 907 568 974 ἐκείνην
593 904 1014 974 προαγορεύσεις
1066 904 1311 957 ἔσεσθαι.
1358 903 1473 957 Καὶ
1527 903 1590 973 δὴ
1642 903 1945 973 Εὖτρύπιον

356 1000 449 1051 τὸν
475 998 753 1067 εὐνοῦχον,
779 997 835 1061 ὃς
863 993 931 1069 ἦν
953 998 1145 1068 ἐκείνῳ
1182 997 1528 1060 πιστότατος,
1579 997 1682 1050 ἀνὰ
1720 997 1819 1066 τὴν
1854 996 1948 1049 Αἴ-

355 1108 563 1160 γυπτον
600 1091 974 1156 ἕπεμπενέί
1043 1090 1143 1159 μὲν
1206 1090 1431 1159 εὐχερὲς
1488 1090 1721 1158 γένοιτο,
1784 1089 1948 1143 αὐτὸν

359 1181 563 1232 ἐκεῖνον
591 1180 679 1231 τὸν
713 1178 862 1231 ὅσιον
898 1177 1019 1248 μεθ’
1051 1176 1248 1230 ἑαυτοῦ
1282 1178 1484 1243 ἄξοντα
1520 1193 1534 1208 ο
1584 1178 1632 1229 εί
1692 1177 1741 1229 δ’
1797 1178 1946 1246 ἰσχυ-

362 1272 470 1342 ρῶς
499 1272 844 1339 ἀπαγορεύοι
871 1271 969 1341 τὴν
1002 1271 1208 1339 ἄφιξιν.
1238 1271 1298 1325 τὸ
1334 1270 1588 1340 ποιητέον
1623 1271 1716 1324 ἐπὶ
1744 1273 1813 1341 τῇ
1845 1270 1950 1339 μάο

357 1384 426 1435 χῃ
453 1367 647 1433 μαθεῖν
681 1366 1002 1435 βιάσασθαι.
1034 1367 1144 1418 Καὶ
1189 1368 1217 1419 ὁ
1245 1364 1346 1433 μὲν
1394 1364 1702 1436 Εὐτρᾶπιος
1746 1367 1825 1426 εἰς
1857 1364 1950 1416 Af-

356 1473 562 1522 γυπτον
601 1456 779 1527 ἥκων,
810 1458 1065 1526 οὐδαμῶς
1093 1455 1312 1510 ἔπειθεν
1352 1457 1611 1527 Ἰωάννην
1636 1459 1692 1518 ἐς
1722 1455 1952 1527 βασιλέα

358 1549 534 1600 ὲλοεῖν
567 1565 580 1580 ’
614 1550 916 1619 παρηγγύα
939 1549 998 1603 δέ
1023 1548 1204 1615 λέγειν
1245 1551 1476 1607 ἐκεῖνος.
1513 1549 1589 1611 ὡς
1615 1549 1757 1617 μετὰ
1783 1549 1950 1602 πολὺν

357 1643 517 1709 φονον
565 1645 781 1710 νικήσει
815 1643 916 1713 μὲν
956 1642 1048 1696 τὸν
1083 1641 1355 1711 τύραννον
1381 1658 1393 1673 ο
1435 1641 1573 1710 μετὰ
1603 1641 1656 1693 δὲ
1710 1642 1807 1711 τὴν
1872 1642 1951 1694 νί-

358 1753 483 1804 κην,
505 1736 567 1788 οὐ
601 1734 783 1803 πολλῷ
819 1734 1048 1803 ὕστερον
1080 1734 1223 1787 κατᾶ
1254 1736 1354 1803 τὴν
1395 1732 1629 1784 Ἰταλίαν
1654 1733 1750 1785 καὶ
1788 1732 1951 1794 αὐτὸς

362 1825 777 1894 μετολλὰξειτὸ
811 1826 933 1897 ζῇν.
979 1827 1297 1897 Ἀμφοτερα
1354 1826 1408 1877 δὲ
1454 1826 1502 1877 εί
1554 1825 1705 1889 τέλος
1768 1824 1946 1895 ἔσχον,

359 1918 392 1985 ἡ
427 1916 637 1988 ἱστορία
663 1917 919 1989 δηλώσει.
970 1917 1129 1970 Ἐπεὶ
1158 1922 1266 1988 γὰρ
1327 1918 1644 1987 ἀρκούντως
1681 1917 1829 1984 αὐτῷ
1880 1917 1949 1970 τὰ

359 2007 498 2074 πρὸς
530 2008 620 2060 τὸν
650 2009 888 2079 πόλεμον
915 2010 1350 2078 παρεσκεύαστο,
1378 2008 1945 2079 ἁναγορεύειβασιλὲα
1972 2000 1984 2008 ’

359 2096 455 2148 καὶ
494 2095 584 2148 τὸν
626 2096 740 2148 υἱὸν
766 2097 978 2150 ἐκείνου
1010 2096 1271 2166 Ὀνώριον
1302 2111 1318 2127 ⁶
1363 2097 1650 2167 ’Λρκάδιον
1678 2099 1786 2166 γὰρ
1809 2096 1947 2168 ἔφθη

361 2186 629 2257 πρότερον
683 2190 764 2251 εἰς
793 2188 894 2258 τὴν
944 2188 1229 2258 βασιλείαν
1284 2188 1598 2258 ἀναγαγών.
1640 2191 1876 2254 Τούτους
1905 2189 1951 2242 δ’

358 2281 529 2348 ἄμφω
558 2283 624 2350 τῇ
660 2282 1079 2336 Κωνσταντίνου
1124 2281 1322 2345 λιπὼν,
1390 2284 1550 2344 αὐτὸς
1612 2284 1794 2336 πᾶσαν
1851 2281 1950 2353 τὴν

360 2373 499 2441 πρὸς
515 2372 631 2425 Ἕω
657 2373 1120 2444 περιϐαλλόμενος
1140 2375 1389 2445 δύναμιν,
1410 2376 1548 2445 πρὸς
1567 2375 1664 2445 τὴν
1680 2376 1951 2447 Ἑσπέραν

359 2466 647 2535 ἠπείγετο.
685 2467 827 2521 Πολὺ
860 2468 916 2520 δέ
943 2487 995 2520 τι
1035 2466 1242 2534 πλῆθος
1298 2470 1395 2521 καὶ
1443 2468 1552 2522 τῶν
1613 2472 1950 2538 παριστρίων

363 2557 662 2628 βαρϐάρων
700 2559 985 2629 ἐφείπετο,
1028 2562 1248 2623 ἑκόντες
1272 2565 1586 2633 συμμαχεῖν
1624 2561 1772 2632 αύτῴ
1818 2564 1956 2635 ᾑρη-

367 2652 547 2719 μένοι.
576 2652 696 2705 Τῶν
722 2652 781 2706 δὲ
806 2648 1135 2723 στρατηγεῖν
1167 2654 1385 2722 ὀλίγους
1426 2651 1705 2718 εἶναιτοὺς
1735 2658 1952 2726 συμμά-

361 2762 490 2814 χους
518 2747 834 2815 φησάντων,
864 2749 957 2800 καὶ
988 2750 1184 2815 ἀργεῖν
1224 2749 1324 2817 τὴν
1358 2747 1576 2817 κίνησιν
1633 2748 1958 2819 βουλευομέ-

362 2853 490 2897 νων,
516 2834 591 2898 ὠς
628 2835 693 2889 ἂν
718 2833 852 2905 ἦρος
877 2836 1184 2907 ἀρχομένου
1233 2838 1330 2889 καὶ
1370 2836 1541 2906 ἄλλην
1594 2836 1953 2904 ὲπιλὲξωνται

365 2927 653 2995 στρατιὰν,
693 2929 761 2982 ἵν’
789 2930 878 3000 εἴη
905 2932 983 3001 τῷ
1039 2930 1240 3000 πλήθει
1304 2922 1614 3002 ἀνακράῖος
1670 2932 1955 2999 περιγενέ-

358 3021 491 3074 σθαι
518 3023 627 3075 τῶν
661 3023 969 3091 δυσμενῶν,
1038 3025 1244 3093 ἥκιστα
1298 3027 1418 3087 ταῖς
1459 3024 1568 3077 τῶν
1629 3023 1952 3094 στρατηγῶν

364 3116 686 3186 εἰσηγήσεσι
720 3117 1079 3188 προσέσχενὸ
1138 3117 1415 3179 Οειότατος
1463 3116 1717 3188 βασιλεύς
1746 3134 1762 3148 ⁸
1817 3117 1951 3188 μηδὲ

2052 624 2107 676 in
2161 639 2357 677 eorum
2413 624 2508 693 qui
2572 633 2817 677 sanetam
2862 618 3031 672 vitam
3075 625 3329 688 egerunt,
3392 614 3639 683 catalogo

2052 715 2446 779 clarissimum,
2503 723 2558 768 et
2598 730 2722 769 eum
2784 711 2909 767 aliis
2955 709 3301 765 admirandis
3354 707 3636 777 operibus,

2051 818 2164 861 tum
2205 809 2443 862 maxime
2482 809 2798 863 futurorum
2853 805 3085 861 scientia
3136 802 3413 857 celebrem
3469 800 3637 854 fuisse

2050 900 2309 955 diiimus.
2348 900 2485 955 Cum
2522 901 2666 955 enim
2727 901 2774 954 is
2827 899 3056 970 gratiam
3110 896 3353 951 divinam
3407 895 3639 947 sortitus

2050 1002 2219 1054 esset,
2248 992 2420 1046 multa
2450 1008 2573 1046 eum
2608 991 3025 1046 consulentibus
3062 990 3335 1060 praedixit.
3369 987 3539 1053 Cujus
3563 987 3638 1039 rei

2050 1083 2355 1154 perieulum
2387 1093 2443 1137 et
2466 1084 2746 1152 specimen
2776 1084 2830 1137 itt
2850 1083 3103 1151 proximo
3129 1091 3360 1153 tyranno
3386 1080 3639 1148 praebue-

2051 1193 2156 1239 rat,
2206 1179 2552 1232 incruentam
2609 1176 2755 1230 illam
2800 1176 3087 1231 victoriam
3146 1173 3517 1230 Theodosium
3557 1188 3641 1227 re-

2051 1278 2402 1339 portaturum
2467 1283 2594 1323 esse
2655 1267 3011 1323 vaticinatus.
3070 1266 3257 1337 Itaque
3313 1266 3637 1320 ﬁdissimum

2051 1362 2156 1417 sibi
2198 1361 2517 1415 eunuchum
2552 1358 2881 1431 Eulropium
2929 1359 2983 1413 in
3014 1356 3308 1430 IEgypmm
3371 1359 3543 1422 misit,
3582 1368 3641 1410 ut.

2048 1465 2145 1508 aut
2198 1454 2378 1507 virum
2439 1466 2716 1517 sanctum,
2768 1454 2815 1508 si
2872 1453 3031 1508 facile
3084 1455 3136 1507 id
3183 1452 3299 1507 lieri
3338 1460 3540 1520 posset.
3573 1450 3639 1503 agi

2051 1561 2110 1600 se
2134 1545 2439 1601 adduceret
2481 1567 2494 1601 :
2523 1557 2618 1617 aut
2649 1546 2717 1599 ab
2757 1547 2868 1613 illo,
2913 1544 2959 1600 si
2990 1552 3314 1600 constanter
3342 1544 3640 1598 adventum

2053 1636 2408 1700 detrectaret,
2439 1638 2570 1707 quid
2600 1639 2666 1692 de
2702 1638 2855 1692 hcllo-
2896 1637 3209 1691 faciendum
3242 1646 3409 1700 esset,
3444 1652 3642 1705 cogite-

2054 1740 2209 1785 scere
2259 1741 2580 1786 conaretur.
2623 1731 2922 1800 Eutropius
2976 1748 3042 1785 eo
3096 1733 3396 1800 profectus,
3437 1746 3645 1799 nequa-

2054 1840 2216 1894 quam
2252 1825 2449 1879 Joanui
2489 1836 2548 1878 ut
2578 1825 2645 1878 ad
2689 1826 3082 1893 imperatorem
3128 1826 3363 1887 venitet,
3413 1838 3643 1888 persua—

2053 1914 2146 1970 sit.
2182 1914 2528 1985 Quapropter
2558 1915 2730 1978 illum,
2765 1927 2822 1970 ut
2847 1925 3106 1971 eventum
3139 1914 3263 1969 belli
3295 1914 3639 1983 praediceret.

2053 2009 2287 2079 rogavit.
2320 2009 2496 2078 Atque
2527 2008 2639 2075 ille,
2671 2008 3048 2063 Theodosium
3099 2008 3320 2077 quidem
3381 2017 3505 2075 post
3536 2022 3641 2060 ca:-

2053 2102 2176 2154 dem
2219 2101 2472 2165 multam,
2510 2094 2795 2155 victoriam
2824 2102 2893 2155 de
2927 2111 3161 2172 tyranno
3176 2107 3637 2154 consecuturum:

2055 2208 2164 2245 non
2226 2193 2400 2247 multo
2451 2201 2634 2247 autem
2691 2203 2815 2262 post
2870 2193 3046 2263 ipsum
3110 2207 3331 2262 quoque
3387 2192 3442 2244 in
3491 2189 3639 2244 Italia

2054 2285 2387 2341 moriturum
2427 2302 2548 2341 esse
2580 2286 2883 2355 respondit.
2921 2285 3226 2355 Utrumque
3251 2286 3354 2341 hoc
3382 2301 3447 2339 an
3478 2300 3644 2340 even-

2055 2389 2173 2435 tum
2201 2379 2364 2434 talem
2410 2379 2687 2440 habuerit,
2716 2379 2946 2433 historia
2976 2378 3304 2433 dcclarabit.
3345 2378 3640 2448 Postquam

2054 2472 2201 2527 enim
2239 2470 2531 2540 ea‘quibus
2559 2469 2611 2523 in
2658 2470 2804 2523 bello
2830 2485 2973 2540 opus
3026 2481 3135 2535 est,
3170 2469 3390 2525 abunde
3422 2485 3643 2539 compa-

2058 2562 2238 2621 ravit,
2284 2559 2589 2614 Honorium
2645 2560 2809 2614 etiam
2868 2557 3040 2612 ﬁlium
3112 2561 3501 2628 imperatorem
3560 2573 3651 2613 re-

2057 2655 2371 2710 nuntiavit:
2400 2654 2696 2709 Arcadium
2754 2669 2995 2723 namque
3054 2662 3216 2708 antea
3248 2654 3315 2709 ad
3356 2652 3647 2723 imperium

2053 2757 2332 2805 evexerat.
2398 2746 2562 2818 311
2617 2745 2906 2801 Ambobus
2989 2746 3114 2802 ﬁliis
3168 2746 3647 2816 Constantinopoli

2056 2840 2285 2904 relictis,
2350 2839 2466 2910 ipse
2524 2855 2646 2901 cum
2691 2837 2867 2909 copiis
2947 2837 3326 2894 Orientalibus
3392 2842 3650 2896 omnibus

2056 2936 2109 2989 in
2137 2932 2486 2991 Occidentem
2517 2941 2603 2987 est
2629 2931 2932 3001 profectus.
2970 2929 3163 3001 Ingens
3200 2944 3384 2986 autem
3447 2933 3623 2988 Barba

2056 3043 2265 3089 rorum,
2289 3025 2381 3095 qui
2412 3024 2479 3077 ad
2521 3023 2717 3079 Istrum
2763 3025 2972 3088 colunt,
3009 3023 3324 3089 multitu-lo,
3363 3004 3648 3079 voluntate

2056 3136 2153 3175 sua
2195 3119 2462 3173 auxilium
2498 3120 2706 3181 terens,
2762 3134 2888 3172 eum
2954 3127 3140 3171 secuta
3178 3127 3280 3171 cst.
3315 3117 3487 3171 Porro
3516 3133 3642 3171 cum

362 3205 474 3274 γὰρ
501 3208 702 3275 χρῆναι
750 3206 1023 3275 τοσαύτην
1061 3211 1162 3275 μὲν
1235 3205 1522 3259 ἀσθένειαν
1557 3205 1635 3275 τῷ
1694 3207 1956 3258 παντοδυ-

2060 3213 2317 3265 ordinum
2349 3212 2517 3266 duces
2548 3211 2885 3280 paucitatem
2946 3210 3225 3263 sociorum
3257 3219 3647 3273 eausarentur,

366 3294 528 3363 νάμῳ
567 3293 721 3363 ὅπλῳ
783 3292 879 3346 τοῦ
934 3292 1172 3364 σταυροῦ
1219 3295 1526 3363 μαρτυρεῖν
1557 3310 1572 3324 ο
1626 3295 1955 3363 ἀντίρροπον

363 3384 409 3437 δ’
440 3387 505 3437 ὲκ
540 3384 634 3436 τοῦ
664 3385 912 3437 ἐναντίου
941 3384 1176 3453 δύναμιν
1199 3386 1264 3453 τῇ
1289 3382 1382 3435 τοῦ
1432 3382 1730 3453 Ἡρακλέος
1760 3384 1952 3435 εἰκόνι.

372 3496 395 3529 ε
418 3477 526 3530 Τοῦ
559 3478 666 3548 γὰρ
693 3476 829 3546 ἐμοῦ
856 3479 883 3530 ὀ
914 3475 1171 3547 σταυρὸς.
1208 3477 1422 3530 ἐκείνου
1454 3476 1510 3528 δὲ
1542 3478 1758 3545 ἡγεῖται
1787 3477 1815 3527 ὁ
1865 3474 1957 3528 Ἦ-

370 3571 601 3640 ρακλῆς.
635 3589 655 3622 ι
686 3570 876 3633 Οὕτως
918 3569 1112 3635 εἰπὼν,
1161 3570 1466 3641 ἀπεχώρει.
1511 3571 1664 3622 Ἐπεὶ
1701 3569 1748 3623 δ’
1799 3567 1959 3633 ἐξιὼν

367 3666 467 3733 τῆς
503 3664 920 3719 Κωνσταντίνου
975 3664 1114 3734 πρὸς
1166 3663 1249 3735 τῷ
1314 3663 1566 3732 Ἐὅδόμῳ
1608 3664 1850 3731 ἐγένετο,
1891 3665 1958 3734 τῇ

370 3755 559 3809 ἐνθάδε
595 3755 887 3827 ἐκκλησίᾳ,
918 3758 984 3828 ἢν
1039 3757 1228 3821 αὐτὸς,
1266 3757 1635 3826 διαφερόντως
1709 3757 1959 3826 Ἰωάννην

369 3850 462 3902 τὸν
484 3849 796 3919 Βαπτιστὴν
838 3850 1041 3918 τιμῶν,
1069 3849 1418 3919 ἀνεδείματο,
1479 3850 1658 3921 εἰσῄει
1723 3852 1961 3921 προσεύ-

372 3941 566 4009 ξασθαι
602 3942 701 4010 μὲν
753 3942 872 4011 Θεῷ
904 3960 918 3975 ο
951 3943 1034 4004 εἰς
1090 3943 1318 4014 ἀρωγὴν
1370 3942 1426 3996 δὲ
1485 3944 1960 4012 μετακαλέσασοαι

370 4036 468 4087 καὶ.
498 4037 590 4088 τὸν
633 4030 970 4105 Βαπτιστὴν,
1006 4034 1138 4089 ὥστ’
1194 4038 1382 4095 αἰσίαν
1419 4036 1568 4107 αὐτῷ
1620 4054 1682 4088 τε
1750 4039 1845 4089 καὶ
1893 4040 1959 4107 τῇ

373 4131 606 4199 στρατιᾷ
645 4129 932 4194 Ῥωμαίων
950 4129 1048 4199 τὴν
1081 4128 1309 4183 ἔκόασιν
1339 4131 1437 4198 τῆς
1466 4131 1652 4200 μάχης
1679 4130 1960 4198 γενέσοαν

373 4222 546 4291 καὶδὴ
581 4222 643 4273 τὸ
671 4221 818 4281 εἰκὸς
866 4221 1344 4290 ἀφοσιωσάμενος,
1380 4223 1461 4286 εἰς
1516 4224 1746 4277 Ἰταλίαν
1783 4225 1967 4290 ἐγένεο

373 4332 457 4370 το.
512 4312 807 4384 Ἐξαπῖνης
865 4314 924 4365 δὲ
983 4314 1105 4377 ταῖς
1157 4314 1393 4368 ’Λλπεσι
1459 4316 1813 4386 προσϐαλὼν,
1864 4318 1964 4381 τὰς

378 4412 603 4479 πρώτας
636 4409 803 4462 ἐσύλα
821 4407 1070 4478 φυλακὰς
1102 4408 1197 4461 τοῦ
1241 4411 1537 4479 τυράννου.
1565 4409 1639 4463 Τὸ
1691 4411 1749 4464 δὲ
1795 4411 1966 4482 ἄκρον

375 4502 477 4572 τῆς
513 4502 751 4571 παρόδου
779 4501 1158 4571 παραμείψας,
1198 4502 1323 4555 ἐπεὶ
1349 4504 1407 4564 ἐς
1447 4503 1508 4556 τὺ
1541 4504 1805 4567 κάταντες
1837 4505 1967 4573 ἦγε-

2061 3313 2117 3358 ct
2149 3302 2559 3372 expeditionem
2593 3302 2956 3356 dillerendam
2989 3303 3310 3369 suaderent,
3339 3312 3399 3355 ut
3433 3301 3648 3356 scilicet

2060 3395 2239 3464 primo
2270 3410 2402 3449 vere
2444 3394 2725 3471 exercitus
2760 3393 2903 3446 alius
2960 3394 3412 3455 contraheretur,
3452 3404 3509 3448 et
3546 3393 3621 3447 mi

2060 3488 2217 3541 litum
2268 3501 2503 3540 numero
2549 3486 2739 3541 hostes
2766 3485 3148 3552 vincerentur,
3213 3503 3560 3556 nequaquam
3594 3487 3647 3540 in

2061 3581 2357 3634 ductorum
2396 3579 2629 3635 consilio
2684 3578 3136 3647 religiosissimus
3170 3579 3444 3647 acquievit
3478 3579 3625 3648 impe

2062 3684 2231 3726 rator.
2264 3671 2487 3726 Minime
2534 3685 2772 3741 namque
2837 3679 3048 3724 tantam
3115 3670 3471 3724 tribuendam
3529 3685 3652 3724 esse

2063 3763 2504 3818 imbecillitatem
2535 3763 2678 3817 dixit
2724 3760 3090 3831 omnipotenti
3124 3764 3303 3817 crucis
3332 3770 3648 3826 armaturae,

2062 3871 2183 3926 quae
2227 3870 2294 3908 ex
2317 3853 2551 3908 adverso
2616 3853 2868 3908 Herculis
2917 3853 3140 3923 imagini
3197 3854 3447 3923 opposita
3482 3863 3650 3909 esset.

2072 3966 2089 3997 ι
2142 3946 2414 4000 Exercitui
2463 3946 2609 3998 enim
2652 3959 2798 4008 meo,
2862 3945 3063 4013 inquit,
3102 3961 3237 3999 crux
3276 3945 3465 4014 praeit;
3504 3945 3654 3999 illius

2065 4050 2252 4095 autem
2286 4041 2475 4107 cepias
2513 4036 2781 4093 llercules
2815 4037 2990 4092 ducit.
3026 4058 3043 4088 ι
3087 4038 3213 4094 llzec
3254 4039 3420 4115 verba
3472 4037 3656 4108 prolo-

2067 4144 2252 4196 cutus,
2285 4133 2390 4186 iter
2424 4131 2708 4200 ingressus
2767 4139 2873 4185 est.
2929 4129 3418 4199 Constantinopoli
3469 4141 3655 4185 autem

2068 4225 2371 4294 profectus,
2404 4223 2495 4277 ubi
2530 4224 2584 4277 in
2652 4222 2902 4292 Septimo
2944 4227 3020 4290 (t)
3051 4222 3116 4276 ad
3148 4224 3441 4276 ecclesiam
3479 4224 3653 4290 venit,

2068 4332 2232 4387 quam
2268 4318 2385 4386 ipse
2428 4315 2624 4371 Joanni
2694 4316 3125 4386 Baptistzet'eum
3178 4316 3326 4370 enim
3380 4317 3655 4386 przecipue

2067 4410 2407 4479 honorabat)
2459 4418 2867 4472 construxerat,
2914 4424 3033 4462 eam
3088 4416 3171 4462 est
3227 4412 3528 4477 ingressus,
3599 4419 3657 4464 ut

2070 4502 2233 4555 simul
2262 4511 2318 4555 et
2346 4502 2727 4567 precationem
2764 4500 2832 4554 ad
2875 4501 3046 4554 Deum
3101 4500 3329 4564 faceret,
3375 4512 3431 4556 et
3464 4501 3654 4572 Bapti-

375 4617 461 4663 το,
486 4598 592 4667 ὁρᾷ
626 4597 686 4649 τὸ
725 4595 909 4648 πεδίον
943 4595 1168 4665 σύμπαν
1213 4594 1487 4666 ἀμυθήτῳ
1536 4596 1729 4667 πλήθει
1778 4598 1957 4660 πεζῶν

2066 4604 2204 4647 stam
2285 4595 2351 4647 ad
2425 4592 2710 4647 ferendum
2757 4593 2860 4647 sibi
2912 4592 3173 4646 auxilium
3226 4593 3507 4650 invocaret
3555 4595 3654 4666 (ἓ),

380 4687 476 4739 καὶ
514 4687 727 4739 ἱππέων
760 4687 1201 4755 πεπυκνωμένον
1235 4704 1247 4717 ⁸
1275 4688 1334 4739 οὐ
1370 4687 1513 4739 πάνυ
1553 4686 1599 4739 δ’
1640 4688 1804 4740 αὑτοῦ
1835 4688 1969 4760 πόρ-

378 4782 462 4848 βε.)
493 4781 639 4833 κατὰ
670 4779 843 4833 νώτου
870 4779 966 4853 καὶ
996 4779 1194 4843 ἄλλους
1220 4780 1331 4833 τῶν
1387 4780 1666 4849 πολεμίων
1699 4783 1838 4834 κατὰ
1869 4784 1968 4850 τὴν

380 4873 632 4943 κορυφὴν
669 4873 969 4940 ἑστηκότας
1003 4871 1099 4925 τοῦ
1127 4873 1317 4944 ὅρους.
1364 4873 1459 4925 καὶ
1480 4873 1544 4925 τό
1574 4889 1637 4940 γε
1666 4873 1759 4926 νῦν
1782 4874 1966 4943 ἡρέμα

378 4967 517 5028 τέως
543 4966 767 5036 ἔχοντας
807 4982 821 4997 ⁸
853 4965 932 5027 ώς
976 4964 1020 5016 δ’
1083 4967 1115 5031 ἡ
1169 4964 1362 5034 πρώτη
1431 4964 1649 5033 φάλαγξ
1702 4967 1968 5020 κατιοῦσα

380 5061 497 5120 τοῖς
532 5062 589 5111 ἐν
609 5059 687 5129 τῷ
711 5057 881 5128 πεδίῳ
903 5057 1234 5128 προσέϐαλε,
1277 5060 1423 5128 μάχη
1452 5057 1701 5129 κρατερὰ
1729 5059 1827 5112 καὶ
1864 5062 1971 5128 ἀμ-

382 5151 646 5220 φήριστος
679 5153 1077 5223 ἀνερρήγνυτο.
1121 5152 1275 5205 Ἐπεὶ
1305 5150 1347 5203 δ’
1383 5153 1508 5203 ὅσον
1564 5152 1632 5204 τὰ
1663 5153 1722 5215 ἐς
1754 5152 1966 5223 ἅνθρω-

386 5242 551 5308 πινην
572 5237 804 5308 δύναμιν
838 5241 913 5308 μὴ
973 5239 1175 5308 εὐχερῆ
1214 5237 1314 5308 τὴν
1362 5240 1643 5309 σωτηρίαν
1697 5234 1838 5293 εἶναι
1891 5240 1968 5308 τῷ

386 5329 606 5400 στρατῷ
634 5330 1043 5400 κατελάμϐανε,
1073 5331 1237 5400 μέσον
1270 5330 1380 5383 τῶν
1410 5330 1506 5383 δύο
1535 5332 1968 5402 στρατευμάτων

384 5418 780 5489 ἐπειλημμένῳ
806 5434 821 5449 ·
845 5419 948 5488 ἤδη
980 5420 1091 5487 γὰρ
1125 5421 1217 5473 καὶ
1252 5423 1301 5472 oi
1328 5420 1471 5474 κατὰ
1518 5421 1618 5492 τὴν
1649 5420 1968 5491 ἀκρώρειαν

383 5510 723 5579 ἠρεμοῦντες
759 5512 902 5564 κατὰ
936 5511 1107 5565 νώτου
1167 5513 1540 5584 προσέϐαλλον
1571 5529 1585 5544 ο
1636 5515 1729 5566 καὶ
1774 5514 1896 5567 καθ’
1939 5513 1967 5565 ὃ

388 5603 490 5670 μὲν
516 5604 683 5674 μέρος
717 5602 982 5674 Ῥωμαῖοι
1038 5605 1335 5675 Ῥωμαίοις
1388 5608 1677 5677 ἐμάχοντο,
1733 5607 1968 5677 ἰσοπαλῆ

458 5740 537 5812 (ι)
588 5741 881 5811 ⁰¹Εὸδομον,
929 5742 1034 5797 hoc.
1071 5750 1189 5813 est.
1225 5742 1530 5813 Septimum
1576 5758 1644 5797 ex
1688 5744 1969 5799 suburbiis

382 5810 1009 5885 (gonstantinopolitana‘.
1052 5810 1492 5885 civitatis'unum
1526 5824 1635 5885 est.
1682 5814 1965 5885 (Procop.)

389 5880 563 5937 Stcuti
580 5880 899 5955 etalia‘ejus
924 5882 1082 5940 urbis
1102 5883 1253 5953 regio
1284 5892 1367 5940 est
1395 5884 1541 5953 apud
1563 5880 1966 5958 euntdem‘éétil-

2073 4701 2181 4756 quo
2244 4694 2491 4755 optatum
2540 4685 2645 4740 sibi
2706 4695 2761 4740 et
2819 4685 3073 4739 Romano
3125 4687 3395 4760 exercitui
3446 4689 3655 4744 exitqu

2072 4794 2255 4849 pugna
2307 4779 2555 4833 haberet.
2597 4777 2674 4833 Re
2729 4778 2805 4832 ibi
2860 4779 3071 4844 divina,
3137 4780 3210 4835 ita
3263 4790 3321 4833 ut
3381 4798 3481 4851 par
3515 4792 3657 4852 erat,

2072 4881 2317 4941 peracta,
2356 4883 2544 4940 postea
2595 4873 2649 4926 in
2695 4873 2907 4927 Italiam
2944 4875 3197 4942 pervenit
3236 4891 3248 4927 ε
3280 4883 3336 4929 et
3361 4876 3656 4931 confestim

2071 4965 2139 5019 ad
2184 4966 2352 5036 Alpes
2376 4968 2744 5028 contendens,
2782 4970 2958 5035 prima
3010 4969 3229 5035 tyranni
3274 4969 3530 5038 praesidia
3563 4987 3657 5025 ce-'

2072 5060 2173 5128 pit.
2206 5058 2385 5129 Atque
2411 5059 2504 5114 ubi
2532 5059 2764 5112 transitu
2822 5059 3090 5127 praacipiti
3124 5062 3428 5128 praeterito,
3462 5061 3658 5115 acclivi

2073 5153 2271 5206 itinere
2309 5154 2364 5203 in
2400 5151 2596 5205 collem
2633 5151 2927 5220 quemdam
2981 5152 3325 5210 conscendit.
3370 5153 3656 5219 planitiem

2072 5258 2292 5297 omnem
2331 5241 2723 5296 innumerabili
2766 5242 3016 5310 peditum
3082 5252 3139 5297 et
3171 5244 3420 5313 equitum
3476 5244 3660 5298 multi-

2075 5333 2265 5387 tudine
2307 5332 2506 5396 teneri,
2551 5349 2653 5388 nec
2692 5334 2763 5387 ita
2800 5335 2959 5403 longe
2998 5350 3027 5387 a
3067 5345 3219 5405 tergo
3249 5336 3385 5389 alias
3416 5336 3656 5391 hostium

2075 5434 2286 5478 turmas
2324 5423 2377 5477 in
2410 5424 2619 5479 vertice
2651 5425 2877 5490 montis,
2914 5428 3006 5494 qui
3046 5436 3177 5478 tunc
3213 5427 3434 5488 quidem
3485 5429 3658 5495 quLeti

2071 5515 2388 5579 erant,‘sibi
2419 5516 2713 5571 imminere
2741 5517 2898 5571 vidit.
2932 5516 3229 5586 Postquam
3265 5527 3450 5571 autem
3482 5519 3657 5582 prima

2073 5607 2222 5663 acies
2275 5623 2336 5663 se
2364 5608 2433 5664 de
2496 5609 2639 5664 colle
2699 5610 3021 5675 demittens,
3082 5625 3180 5663 eos
3227 5609 3319 5679 qui
3374 5610 3655 5680 planitiem

2071 5763 2250 5817 τερον,
2284 5748 2386 5817 hoc
2415 5755 2520 5813 est,
2551 5747 2883 5805 Secundum.

2144 5816 2223 5889 (2)
2260 5816 2568 5889 Σύμμαχον
2605 5820 2756 5888 αὑτῴ
2815 5821 3252 5875 ἐπικαλέσασθαι
3304 5821 3394 5877 τὸν
3453 5821 3659 5875 Bauti-

2077 5888 2230 5959 στήν.
2262 5888 2481 5947 Sozom.
2515 5889 2610 5945 lib.
2647 5906 2740 5958 vn,
2773 5908 2896 5961 cap.
2931 5896 3021 5945 24.
