4062 6432
455 413 562 477 883
638 455 649 469 .

1680 430 2106 496 NICEPHORI
2149 437 2493 501 CALLISTI
2595 495 2610 509 .

3598 451 3700 516 884

448 543 877 634 occupaverant,
947 553 1196 610 aggressa
1253 551 1357 606 est,
1420 543 1612 615 ingens
1669 556 1726 601 et
1790 546 2021 603 dubium

2137 548 2197 603 τὰ
2217 550 2311 602 τοῦ
2344 551 2585 620 πολέμου
2609 546 2752 623 ἦσαν
2788 552 2928 621 ζυγά
2953 571 2967 585 ο
3023 554 3147 609 καθ’
3171 554 3201 608 δ
3250 556 3308 611 δὲ
3337 558 3387 611 οί
3426 560 3697 634 σύμμαχοι

448 626 697 695 praelium
733 628 808 699 (l)
835 631 1186 687 commissum
1220 643 1328 690 est.
1382 633 1450 692 Et
1503 635 1604 702 ibi,
1639 647 1913 708 quantum
1967 639 2021 693 in

449 716 708 772 humanis
732 719 946 775 viribus
965 721 1127 777 situm
1154 733 1260 788 est,
1291 740 1403 781 non
1433 727 1597 785 facile
1620 729 1830 784 servari
1860 745 2024 798 posse

448 809 637 875 copias
665 825 809 874 snas,
842 826 869 863 ο
901 812 1119 870 duobus
1155 815 1399 872 hostium
1430 820 1770 876 exercitibus
1787 822 2027 883 circum-

446 910 664 966 ventas,
699 902 989 961 intellexit.
1015 904 1133 962 Jam
1168 909 1317 964 enim
1348 918 1404 965 et
1441 909 1542 973 illi.
1583 913 1676 981 qui
1702 913 1760 969 in
1810 929 2027 970 summo

448 1003 637 1049 monte
668 995 839 1064 quieti
872 998 1261 1067 constiterant,
1311 1017 1340 1056 a
1382 1012 1538 1073 tergo
1577 1019 1709 1059 suos
1742 1005 2031 1075 aggredie-

446 1084 652 1141 bantur
687 1105 702 1142 :
735 1097 793 1144 et
847 1106 953 1159 qua
1004 1092 1056 1146 in
1090 1102 1249 1162 parte
1310 1093 1544 1150 Romani
1578 1112 1703 1151 eum
1766 1096 2032 1153 Romanis

448 1180 786 1250 pugnabant,
814 1183 988 1253 aequis
1009 1183 1220 1242 viribus
1241 1186 1654 1244 decertabatur.
1688 1188 1795 1244 Ubi
1843 1201 2028 1245 autem

445 1271 744 1329 auxiliares
772 1273 1001 1331 Barbari
1030 1278 1447 1347 prmliabantur,
1475 1282 1649 1336 multo
1682 1281 1795 1337 illis
1847 1281 2030 1351 Euge-

444 1364 526 1419 nii
560 1367 762 1422 milites
789 1370 1108 1438 superiores
1131 1380 1313 1427 erant.
1365 1374 1670 1444 Imperator
1704 1374 1795 1429 ubi
1827 1373 2030 1430 auxilia

445 1472 545 1512 sua
576 1458 657 1514 sie
682 1459 921 1529 concidi,
945 1470 1006 1518 ut
1035 1462 1172 1529 dixi,
1209 1464 1371 1532 vidit,
1396 1465 1556 1538 humi
1585 1475 1911 1536 prosuatus,
1952 1467 2033 1523 la-

446 1551 655 1621 crymis
712 1553 892 1608 solum
971 1554 1191 1626 rigavit,
1274 1557 1385 1613 Deo
1443 1559 1777 1628 supplicans,
1834 1573 1903 1615 ne
1949 1560 2032 1615 sic

447 1640 822 1699 Romanorum
908 1646 1200 1717 imperium
1250 1649 1304 1704 in
1365 1664 1583 1704 summo
1638 1650 2034 1707 internecionis

447 1735 700 1805 periculo
726 1739 1056 1807 despiceret.
1083 1740 1221 1797 Eum
1257 1758 1386 1797 vero
1422 1744 1568 1800 Deus
1621 1746 2032 1816 quamprimum

446 1831 674 1885 exaudit
710 1849 725 1886 :
759 1832 920 1903 312
942 1835 992 1889 id
1031 1836 1179 1906 quod
1208 1837 1337 1893 belli
1367 1849 1603 1895 eventus
1621 1841 2026 1910 comprobavit.

447 1924 757 1982 Intervenit
791 1943 921 1995 nox,
952 1938 1010 1985 et
1034 1930 1313 1986 exercitus
1345 1932 1590 1987 animum
1622 1932 2024 2002 despondebat,

448 2015 757 2087 Imperator
803 2027 984 2074 autem
1018 2020 1188 2075 animi
1223 2020 1419 2077 anxius
1466 2031 1522 2077 et
1573 2023 1789 2078 consilii
1844 2022 2025 2093 inops,

448 2111 506 2165 in
531 2126 747 2167 summo
769 2113 993 2181 montis,
1023 2114 1080 2169 in
1108 2129 1218 2184 quo
1252 2124 1432 2170 castra
1466 2124 1522 2169 et
1570 2116 1874 2170 exercitum
1931 2116 2031 2169 ha-

453 2204 641 2269 bebat,
673 2208 909 2271 vertice,
936 2206 1307 2277 precatoriam
1352 2207 1579 2262 domum
1615 2207 1845 2263 invenit.
1880 2206 1940 2261 ln
1967 2222 2030 2262 ea

455 2308 671 2354 noctem
707 2307 900 2364 totam,
930 2314 1152 2355 rursum
1189 2312 1376 2354 rerum
1424 2301 1813 2376 universarum
1839 2299 2031 2355 Domi-

453 2403 585 2442 num
618 2387 946 2458 suppliciter
966 2404 1155 2452 orans,
1215 2388 1578 2459 consumpsit.
1629 2386 1866 2442 Circiter
1901 2400 2032 2440 vero

454 2481 582 2551 galli
650 2491 897 2547 cantum,
969 2490 1165 2537 contra
1231 2482 1400 2537 animi
1457 2481 1789 2537 sententiam
1839 2493 2034 2535 somno

456 2587 778 2643 Oppressus,
810 2580 866 2628 et
918 2571 976 2627 in
1016 2573 1164 2627 nudo
1193 2574 1310 2627 solo
1341 2573 1688 2643 provolutus,
1717 2572 1866 2626 viros
1896 2571 2034 2625 duos

452 2666 647 2722 videre
669 2665 823 2722 visus
849 2664 1210 2732 est,'candida
1234 2676 1392 2721 veste
1424 2664 1671 2727 indutos,
1699 2674 1756 2718 et
1784 2662 2036 2718 candidis

454 2762 626 2815 etiam
657 2759 820 2829 equis
860 2769 1070 2815 vectos.
1113 2759 1218 2826 Qui
1252 2759 1318 2811 ad
1352 2771 1478 2811 eum
1520 2755 1871 2815 accedentes.
1906 2754 2033 2809 forti

452 2868 579 2909 esse
609 2852 820 2916 animo,
857 2861 915 2907 et
953 2860 1161 2907 metum
1203 2852 1463 2921 abjicere,
1519 2860 1687 2919 atque
1728 2864 1854 2904 cum
1887 2847 2034 2902 dilu-

451 2946 578 3005 culo
603 2946 777 3003 aciem
811 2946 917 3002 rite
940 2946 1233 3009 instruere,
1263 2957 1319 3000 et
1338 2944 1604 3000 adversus
1650 2941 1835 2998 hostes
1862 2939 2037 2997 conﬁ-

452 3044 651 3099 denter
688 3041 895 3097 ducere
939 3040 1271 3111 inusserunt:
1328 3037 1581 3094 subsidio
1633 3050 1693 3091 se
1748 3050 1777 3090 a
1834 3034 1947 3089 Deo
1983 3033 2037 3089 ei

461 3140 680 3193 missos.
715 3148 770 3191 et
800 3136 854 3189 in
891 3135 1070 3205 prima
1112 3133 1234 3189 acie
1261 3141 1609 3204 pugnaturos
1646 3143 1792 3191 esse,
1824 3126 2035 3182 adden-

2131 640 2423 715 βάρϐαροι,
2451 645 2793 717 ὑπερτέρουν
2830 648 3081 702 πλεῖστον
3120 652 3171 703 οἱ
3203 650 3489 719 Εὐγενίου.
3529 654 3587 708 ’0
3609 656 3702 726 βα-

2130 734 2316 799 σιλεὺς
2381 736 2443 791 τὸ
2506 741 2856 810 συμμαχικὸν
2920 740 3096 806 οὕτως
3152 743 3295 813 ὀρῶν
3348 745 3704 817 διολλύμενον,

2129 828 2344 899 πρηνὴς
2372 829 2581 896 πεσὼν,
2624 832 2860 901 δάκρυσι
2911 833 2973 886 τὸ
3035 833 3264 888 δάπεδον
3312 835 3530 909 ἔϐρεχε,
3577 842 3705 893 Θεὸν

2129 920 2377 991 λιπαρῶν
2409 920 2484 992 μὴ
2514 920 2661 976 οὕτω
2705 921 2803 994 τὴν
2842 925 3136 994 Ῥωμαίων
3188 926 3364 998 ἀρχὴν
3410 929 3709 998 ἀπολλυμέ-

2129 1031 2229 1084 νην
2267 1014 2552 1085 περιιδεῖν.
2593 1014 2725 1078 Θεὸς
2752 1013 2795 1069 δ’
2828 1017 3029 1072 αὐτίκα
3063 1018 3355 1089 ἐπήκουεν,
3392 1020 3466 1084 ῶς
3522 1022 3615 1074 καὶ
3652 1021 3711 1075 τδ

2132 1104 2344 1159 ἀποϐάν
2384 1106 2578 1173 ἔδειξε.
2623 1108 2838 1172 Νυκτὸς
2880 1110 2988 1179 γάρ
3037 1111 3460 1182 ἐπιγενομένης,
3512 1111 3710 1183 ἠθύμει

2136 1196 2234 1269 μὲν
2260 1197 2290 1249 ό
2323 1200 2553 1269 στρατός
2575 1215 2589 1230 ·
2619 1201 2678 1253 ὲν
2710 1201 2903 1272 ἀπόρῳ
2922 1202 2968 1255 δ’
2986 1201 3063 1256 ὣν
3091 1206 3118 1258 ὁ
3143 1204 3388 1276 κρατῶν,
3416 1208 3559 1259 κατὰ
3614 1207 3710 1274 τὴν

2133 1291 2485 1362 ἀκρωνυχίαν
2515 1291 2609 1345 τοῦ
2638 1292 2798 1363 δρους
2831 1296 2890 1348 ἐν
2917 1286 2962 1363 ᾧ
2992 1296 3087 1349 καὶ
3109 1298 3168 1349 τὸ
3205 1297 3571 1367 στρατόπεδον
3622 1315 3713 1350 πε-

2137 1382 2472 1455 ριήθροιστο.
2510 1385 2801 1456 εὐκτήριον
2839 1383 2988 1440 οἷκον
3018 1386 3217 1457 εὑρὼν,
3253 1388 3524 1458 πάννυχος
3549 1388 3717 1442 διετέ-

2133 1475 2216 1530 λει
2243 1475 2336 1530 τὸν
2364 1476 2472 1530 τῶν
2494 1478 2633 1532 ὅλων
2660 1478 2943 1549 Δεσπότην
2993 1479 3152 1545 αὖθις
3204 1481 3528 1535 ἀντιϐολῶν.
3584 1480 3717 1549 Περὶ

2132 1569 2191 1624 δὲ
2220 1568 2598 1640 ἀλεκτρυόνων
2621 1569 2784 1641 ᾠδάς,
2823 1571 2978 1640 παρά
3030 1572 3260 1643 γνώμην
3290 1572 3445 1642 ὕπνῳ
3490 1572 3715 1634 κλαπεὶς

2135 1661 2230 1715 ἐπὶ
2247 1659 2405 1731 ψιλοῦ
2439 1663 2692 1732 κείμενος
2716 1662 2810 1717 τοῦ
2846 1664 3097 1733 ἐδάφους,
3153 1665 3330 1718 ἐδόκει
3370 1664 3463 1717 δύο
3521 1665 3716 1733 ἄνδρας

2137 1754 2294 1825 ὁρᾷν,
2339 1753 2510 1808 λευκὰ
2541 1755 2643 1824 μὲν
2683 1756 3185 1827 ἀναϐεϐλημένους,
3251 1756 3466 1820 λευκοῖς
3513 1757 3572 1811 δὲ
3625 1757 3717 1808 καὶ

2138 1848 2251 1909 τοῖς
2289 1845 2478 1906 ἵπποις
2526 1846 2844 1916 χρωμένους
2874 1861 2890 1878 ⁸
2934 1846 2985 1900 οἳ
3020 1848 3364 1917 προσιόντες,
3410 1848 3633 1920 θαρρεῖν
3660 1863 3716 1898 τε

2132 1934 2404 2002 ἐκέλευον,
2430 1935 2524 1987 καὶ
2563 1935 2624 1988 τὸ
2653 1934 2771 1998 δέος
2795 1933 3040 1988 ἐλαύνειν
3064 1952 3077 1965 ο
3113 1933 3234 2003 ἅμα
3255 1934 3300 1988 δ’
3332 1935 3411 2006 ἓῳ
3438 1935 3497 1987 ὲν
3528 1935 3717 2003 κόσμῳ

2132 2026 2463 2080 καθοπλίσαι
2483 2027 2580 2099 τὴν
2604 2027 2882 2099 στρατιὰν,
2905 2028 3130 2091 καὶτοῖς
3154 2027 3437 2097 πολεμίοις
3464 2027 3719 2093 ἀντεπεξ-

2137 2118 2274 2172 ιέναι
2325 2117 2699 2189 θαρρούντως.
2741 2116 3140 2189 Προσετίθεντό
3190 2134 3252 2186 γε
3300 2118 3435 2189 μὴν,
3500 2118 3577 2182 ὡς
3628 2118 3720 2171 καὶ

2134 2201 2282 2262 οὗτοι
2312 2209 2601 2278 ἐπίκουροι
2661 2208 2967 2278 πεμφθεῖεν
3028 2206 3178 2279 αὑτῷ
3219 2207 3358 2278 πρὸς
3418 2205 3579 2272 Θεοῦ,
3627 2211 3719 2259 καὶ

2135 2301 2417 2372 πρόμαχοι
2468 2301 2850 2372 συνεσόμενοι.
2906 2300 3015 2354 Καὶ
3044 2302 3072 2354 ὁ
3117 2301 3216 2371 μὲν
3264 2299 3527 2371 Ἰωάννην
3584 2293 3719 2353 εἶναι

2133 2394 2224 2449 τὸν
2257 2391 2649 2465 εὐαγγελιστὴν
2700 2393 2884 2461 ἔλεγεν
2918 2408 2935 2423 ⁸
2986 2391 3182 2464 ἀτερος
3246 2392 3293 2446 δ’
3337 2387 3482 2446 εἶναι
3528 2392 3718 2446 Φίλιπ-

2134 2504 2237 2547 πος
2277 2489 2304 2540 ὁ
2334 2486 2654 2549 ἀπόστολος.
2686 2484 2771 2539 Τὰ
2793 2485 2885 2541 ίσα
2916 2484 2972 2537 δὲ
3000 2486 3093 2539 καί
3120 2503 3207 2549 τις
3234 2484 3433 2539 ἐθεᾶτο
3462 2483 3723 2556 στρατιώ-

2134 2598 2235 2652 της
2265 2597 2281 2613 ο
2307 2580 2367 2643 ὃς
2402 2579 2482 2651 τῷ
2515 2578 2733 2649 λοχαγῷ
2760 2579 2861 2648 τὴν
2891 2576 3018 2649 δψιν
3056 2577 3331 2650 δηλώσας,
3364 2578 3450 2648 τῷ
3507 2576 3721 2650 χιλιάρ-

2136 2691 2217 2744 χῳ
2247 2673 2507 2743 ἐμήνυεν,
2536 2677 2565 2726 ὁ
2597 2670 2642 2724 δ’
2671 2670 2827 2735 αὖθις
2881 2669 2963 2742 τῷ
3018 2670 3336 2742 στρατηγῷ.
3390 2669 3635 2732 Ἐκεῖνος
3656 2668 3724 2720 ’δὲ

2137 2765 2324 2822 καινόν
2352 2783 2407 2818 τι
2438 2762 2803 2833 ἀπαγγέλλειν
2826 2765 2971 2834 ἔχειν
3030 2763 3429 2835 ὑπεμίμνησκε
3473 2762 3720 2833 βασιλεῖ’

2138 2860 2230 2913 καὶ
2250 2857 2309 2921 ὃς
2343 2856 2756 2931 μαθὼνμιηούκ
2784 2856 2922 2927 ἐμοῦ
2976 2858 3160 2930 χάριν,
3214 2857 3343 2928 ἔφη,
3385 2856 3593 2924 ταύτην
3616 2852 3720 2906 εἶδε

2136 2951 2235 3022 τὴν
2261 2949 2386 3015 ὄψιν
2419 2966 2432 2979 ⁸
2467 2949 2578 3018 ἐγὼ
2606 2948 2714 3019 γὰρ
2748 2950 2844 3003 καὶ
2875 2951 3232 3022 προεώρακα,
3287 2950 3389 3003 καὶ
3432 2948 3722 3002 πεπίστευ-

2140 3061 2212 3097 κα
2242 3043 2355 3106 τοϊς
2400 3041 2807 3112 ὑπεσχημένοις
2843 3039 2944 3111 τὴν
2977 3041 3158 3112 νίκην.
3206 3039 3349 3094 Ἀλλ’
3390 3040 3479 3094 ἵνα
3530 3038 3603 3109 μή
3642 3053 3720 3096 τις

2143 3148 2213 3201 με
2237 3130 2455 3201 οίηθείη
2499 3129 2691 3190 ἅπλῶς
2733 3126 2878 3194 οὕτω
2923 3129 3025 3196 τῆς
3073 3128 3254 3198 μάχης
3304 3127 3579 3196 ἐφίεσθαι,
3632 3127 3721 3177 καὶ

456 3240 540 3287 tes
587 3229 663 3300 (Ξ
695 3230 733 3296 ).
780 3228 848 3281 Ει
910 3230 1051 3283 alter
1087 3227 1354 3282 Joannem
1411 3221 1830 3292 evangelistam,
1898 3219 2035 3272 alter

2142 3224 2398 3277 πλάττειν
2429 3223 2518 3276 τὸν
2547 3222 2778 3291 ὄνειρον,
2820 3222 2882 3274 τὸ
2943 3219 3063 3274 ῐσον
3116 3221 3245 3274 ίδεῖν
3302 3220 3399 3273 καλ⁸
3450 3220 3538 3272 τὸν
3596 3214 3721 3284 ὲμδν

456 3333 643 3378 autem
706 3322 1019 3391 Philippum
1052 3320 1362 3391 apostolum
1426 3333 1485 3373 se
1517 3332 1640 3373 esse
1691 3314 1853 3370 dixit.
1886 3312 2037 3367 Idem

456 3430 588 3471 vero
613 3430 683 3471 ex
738 3414 1009 3469 militibus
1039 3413 1206 3467 etiam
1260 3411 1483 3481 quidam
1519 3408 1677 3470 vidit,
1706 3405 1797 3476 qui
1828 3403 2040 3459 ordinis

455 3511 540 3567 sui
591 3508 797 3565 dictori
831 3507 1103 3562 visionem
1139 3518 1261 3560 eam
1322 3502 1610 3558 indicavit.
1668 3500 1762 3555 llle
1798 3515 1920 3554 eam
1971 3497 2037 3551 ad

459 3605 771 3664 tribunum,
804 3609 970 3671 atque
999 3602 1047 3656 is
1075 3600 1143 3656 ad
1175 3597 1661 3655 exercitusducem
1697 3595 1906 3650 retulit.
1939 3591 2042 3648 Hic

456 3713 626 3768 porro
662 3711 776 3750 rem
809 3695 994 3759 talem,
1028 3703 1089 3748 ut
1119 3708 1325 3748 novum
1356 3691 1602 3761 quidem,
1631 3689 1776 3759 apud
1803 3689 2041 3758 impera-

459 3804 635 3850 torem
656 3790 931 3859 exposuit.
968 3785 1082 3855 Qua
1117 3786 1208 3841 ille
1230 3786 1418 3842 audita
1447 3802 1460 3839 :
1491 3802 1510 3836 ι
1549 3784 1673 3839 Νοη
1704 3798 1822 3838 mea
1848 3795 2038 3843 causa,

460 3886 660 3955 inquit,
729 3883 889 3937 miles
937 3896 1035 3936 eos
1065 3881 1223 3935 vidit.
1291 3878 1401 3950 Ego
1427 3879 1575 3933 enim
1635 3879 1789 3948 prior
1814 3875 1950 3939 vidi,
1985 3883 2042 3928 et

457 3974 752 4031 victoriam
789 3973 925 4027 mihi
968 3971 1233 4043 pollicitis
1278 3971 1512 4027 credidi.
1568 3969 1771 4025 Verum
1824 3983 1892 4022 ne
1917 3967 2043 4035 quis

463 4084 555 4125 me
586 4069 673 4123 sic.
704 4077 913 4123 temere
946 4076 1002 4121 et
1040 4063 1244 4135 cupide
1273 4065 1341 4119 ad
1374 4078 1612 4133 pugnam
1651 4058 1905 4131 progredi
1947 4065 2044 4112 aut

461 4162 741 4218 somnium
778 4161 982 4231 (ingere
1009 4168 1188 4230 putet,
1227 4154 1610 4212 universitatis
1653 4154 1823 4224 hujus
1854 4151 2045 4207 Domi-

457 4270 569 4310 nus
599 4253 797 4309 hocita
834 4251 1179 4322 procuravit,
1216 4258 1277 4303 ut
1329 4248 1488 4302 miles
1528 4260 1684 4301 meus
1709 4244 1856 4310 idem
1893 4242 2045 4296 vide-

460 4356 565 4411 ret,
597 4358 656 4403 et
690 4348 845 4403 testis
872 4346 1122 4414 locuples
1148 4343 1421 4399 sermonis
1456 4343 1561 4395 mei
1595 4347 1762 4395 esset.
1801 4334 2044 4391 Proinde

463 4442 660 4496 timore
739 4454 904 4509 quam
965 4437 1286 4508 longissime
1360 4434 1598 4504 abiecto,
1650 4430 2046 4499 antesignanos

460 4534 620 4593 istos,
657 4531 752 4600 qui
807 4530 869 4584 in
919 4529 1096 4599 prima
1136 4526 1257 4582 acie
1312 4525 1677 4586 dimicabant,
1717 4536 2039 4590 sequamur.

458 4624 538 4680 Ne
587 4624 714 4695 quis
761 4639 892 4677 vero
934 4633 1187 4678 nostrum
1254 4634 1319 4675 ex
1387 4618 1634 4677 hostium
1687 4612 2046 4669 multitudine

458 4718 746 4774 victoriam
801 4717 1059 4779 aestimet,
1117 4713 1215 4770 sed
1270 4712 1457 4783 potius
1512 4708 1681 4762 alacri
1727 4704 1937 4760 ﬁducia
1983 4706 2038 4759 in

460 4812 639 4869 Deum
684 4809 810 4871 lixa,
844 4812 1154 4876 praeeuntes
1185 4802 1357 4856 duces
1385 4804 1785 4866 consequatur.
1819 4813 1839 4846 ι
1881 4792 2043 4864 Ejus-

461 4899 677 4957 cemodi
725 4898 911 4954 verbis
946 4896 1038 4952 ubi
1080 4894 1375 4949 militibus
1414 4890 1662 4947 animum
1704 4886 1942 4949 addidit,
1975 4900 2044 4940 ex

461 4997 622 5051 collis
644 4995 852 5051 vertice
885 4993 1065 5047 aciem
1113 4996 1382 5045 structam
1416 4987 1592 5043 duxit.
1636 4984 1916 5054 Engenius
1947 4981 2044 5037 ubi

462 5086 762 5142 Theodosii
799 5085 1103 5141 exercitum
1136 5079 1417 5153 pugnandi
1451 5093 1639 5143 amore
1672 5077 1857 5141 teneri,
1878 5076 2040 5139 vidit,

537 5246 615 5312 (ί)
646 5244 760 5298 Hoc
801 5242 1048 5314 praelium
1103 5238 1440 5314 Claudianus
1486 5245 1648 5306 poeta
1696 5236 1751 5291 in
1794 5234 2042 5314 Panegy-

463 5306 607 5371 riuo.
638 5316 703 5369 ad
756 5306 1060 5368 Honorium
1096 5323 1290 5362 recens
1326 5309 1712 5377 imperatorem
1758 5306 2056 5372 renuntia:

466 5395 604 5455 tum,
642 5383 1034 5463 pulcherrimis
1063 5378 1403 5434 carminibus
1424 5385 1509 5441 est
1537 5378 1856 5448 complexus
1886 5392 1901 5429 :

725 5503 762 5514 —-
783 5502 854 5512 --
896 5470 1126 5525 Victoria
1147 5470 1295 5523 velox

577 5544 835 5611 Auspiciis
870 5542 1049 5612 effecta
1077 5541 1177 5594 tuis
1202 5556 1220 5594 :
1248 5542 1521 5610 pugnastis
1546 5548 1782 5608 uterque.

578 5614 655 5671 Tu
676 5606 825 5683 fatis,
845 5606 1148 5683 genitorque
1170 5606 1333 5664 manu
1353 5627 1371 5664 :
1391 5620 1440 5664 te
1466 5606 1684 5680 propter
1702 5617 1750 5683 et
1783 5606 1949 5677 Alpes

578 5681 792 5739 Invadit
818 5681 1195 5753 faciles,cauto
1229 5697 1320 5735 nec
1347 5683 1547 5753 profuit
1576 5681 1712 5753 hosti

575 5754 790 5808 Munitis
812 5750 1023 5808 hazsisse
1046 5752 1173 5805 locis
1198 5768 1216 5804 :
1242 5750 1360 5820 spes
1383 5753 1540 5806 irrita
1563 5750 1697 5805 ualli

575 5823 890 5888 Concidit,et
906 5823 1131 5889 scopulis
1148 5818 1430 5891 patuerunt
1449 5822 1683 5875 claustra
1704 5818 1941 5891 revulsis.

580 5892 647 5953 Te
670 5902 885 5967 prapter
910 5893 1096 5967 gelidis
1136 5890 1324 5964 Aquilo
1361 5894 1424 5946 de
1460 5901 1635 5946 monte
1663 5890 1906 5961 procellis

2146 3320 2492 3386 στρατιώτην
2510 3314 2866 3386 ᾠκονόμησεν
2895 3316 2922 3365 ὁ
2963 3313 3078 3366 τῶν
3118 3312 3256 3366 ὅλων
3308 3310 3612 3379 Δεσπότης,
3651 3306 3721 3366 ὼς

2142 3409 2209 3463 ἄν
2237 3425 2299 3477 γε
2326 3408 2422 3462 καὶ
2475 3407 2688 3477 μάρτυς
2738 3405 3040 3476 ἀξιόχρεως
3087 3404 3189 3474 τῆς
3243 3402 3383 3474 ἐμῆς
3430 3401 3722 3472 διηγήσεως

2143 3502 2378 3571 γένοιτο.
2407 3499 2517 3553 Καὶ
2549 3500 2614 3568 δὴ
2650 3499 2711 3551 τὸ
2750 3498 2867 3561 δέος
2909 3496 3301 3569 διαρρίψαντες
3355 3492 3719 3567 πορρωτέρω,

2142 3599 2260 3658 τοῖς
2297 3592 2610 3665 προμάχοις
2640 3589 2925 3661 ὲπὼμεθα.
2962 3590 3056 3660 Μή
3090 3607 3174 3649 τις
3205 3588 3264 3642 δὲ
3291 3588 3368 3658 τῷ
3392 3587 3590 3658 πλήθει
3618 3584 3722 3636 τῶν

2142 3687 2423 3757 πολεμίων
2445 3684 2543 3754 τὴν
2596 3683 2755 3752 νίκην
2789 3682 3127 3752 σταθμάσθω
3162 3700 3176 3711 ’
3239 3679 3360 3749 Θεῷ
3415 3681 3474 3733 δὲ
3528 3676 3724 3747 μᾶλλον

2145 3779 2419 3851 θαρρείτω
2444 3778 2544 3847 ὅλῃ
2583 3774 2870 3845 προθυμία
2894 3776 3007 3837 τοῖς
3030 3772 3360 3845 ἡγουμένοις
3389 3772 3671 3841 ἑπόμενος,
3700 3788 3718 3819 ι

2145 3870 2302 3925 Οὕτω
2328 3869 2385 3923 δὲ
2417 3870 2477 3924 τὸ
2501 3868 2824 3938 στράτευμα
2852 3864 3162 3937 προθυμίας
3190 3865 3512 3936 ἐμπλήσας,
3542 3864 3604 3916 εκ
3629 3859 3724 3929 τῆς

2143 3961 2241 4015 τοῦ
2273 3960 2435 4030 ὅρους
2468 3960 2713 4028 κορυφῆς
2745 3955 2997 4021 συντάξει
3022 3954 3183 4008 τοῦτο
3241 3953 3506 4024 κατῆγεν.
3558 3952 3723 4020 Εὐγέ-

2144 4071 2256 4119 νιος
2284 4054 2331 4106 δ’
2360 4050 2573 4105 ἐκεῖθεν
2606 4049 2783 4113 οὕτως
2817 4048 2942 4103 ἰδὼν
2974 4047 3417 4119 πολεμησείοντα
3438 4047 3531 4099 τὸν
3568 4060 3726 4112 στρα-

2145 4148 2258 4211 τὸν,
2282 4144 2377 4199 καὶ
2418 4141 2581 4207 αὐτὸς
2608 4140 2709 4213 τὴν
2733 4141 2942 4195 οἰκείαν
2972 4140 3203 4210 δύναμιν
3236 4138 3596 4201 καθοπλίσας,
3649 4135 3725 4195 είς

2146 4235 2459 4309 παράταξιν
2500 4234 2751 4305 ἔστησεν.
2792 4232 3029 4297 Ἐκεῖνος
3054 4232 3098 4285 δ’
3128 4232 3222 4286 ὲπί
3249 4247 3397 4294 τινος
3449 4231 3601 4302 ἀνῄει
3628 4241 3724 4294 γη-

2145 4334 2333 4401 λόφου,
2393 4330 2629 4399 θανατᾷν
2676 4327 2767 4380 τὸν
2819 4324 3046 4397 βασιλέα
3094 4325 3342 4394 φάσκων,
3394 4320 3490 4374 καὶ
3537 4318 3724 4372 ἑκόντα

2146 4426 2245 4494 τῆς
2272 4423 2559 4492 παρούσης
2585 4416 3032 4474 ἀπαλλάττεσθαι
3058 4415 3203 4487 ζωῆς
3260 4413 3565 4486 ᾑρημένον.
3600 4409 3724 4469 Τοῖς

2149 4533 2213 4583 γε
2245 4515 2352 4587 μὴν
2393 4514 2723 4586 στρατηγοῖς
2753 4509 2921 4564 αὐτοῦ
2958 4508 3249 4569 ἐπέταττε,
3302 4505 3442 4576 μηδὲ
3476 4503 3720 4565 κτείνειν,

2081 4587 2125 4642 υ
2153 4609 2292 4667 ἀλλὰ
2313 4607 2496 4673 ζῶντα
2533 4607 2669 4678 πρὸς
2704 4604 2870 4659 αὐτὸν
2901 4605 3078 4672 ἄγειν.
3115 4601 3210 4663 Ὠς
3246 4601 3292 4654 δ’
3341 4599 3398 4653 αι
3454 4596 3726 4668 φάλαγγες

2147 4703 2288 4756 κατᾶ
2320 4700 2574 4771 μέτωπον
2623 4699 2880 4769 ἔστησαν,
2920 4698 2980 4751 τὸ
3034 4696 3133 4764 μὲν
3177 4694 3380 4763 πλῆθος
3437 4687 3725 4759 ὑπερφυῶς

2148 4793 2554 4847 πολλαπλάσιον
2612 4791 2721 4846 τῶν
2767 4791 3043 4860 πολεμίων
3090 4783 3160 4859 ἦν
3195 4802 3210 4820 ο
3263 4784 3632 4856 εὐαρίθμητον
3671 4777 3725 4830 δὲ

2148 4890 2242 4942 καὶ
2267 4886 2468 4957 κομιδῆ
2526 4884 2704 4957 βραχὺ
2750 4887 2812 4939 τὸ
2861 4886 3491 4952 ἀντιπαραταττόμενον.
3548 4876 3614 4929 Ἢ
3672 4872 3725 4924 δὲ

2151 4978 2397 5049 συμϐολὴ
2451 4980 2576 5047 περὶ
2608 4980 2699 5030 τὸν
2745 4977 3015 5047 ποταμὸν,
3073 4974 3130 5039 ὃς
3182 4973 3428 5027 καλεῖται
3488 4966 3721 5038 Φρίνδος,

2149 5074 2379 5139 ὲἶνίνιετῖο.
2412 5072 2525 5124 Καὶ
2556 5070 2620 5138 δὴ
2650 5069 2846 5140 πρῶτα
2900 5069 3001 5137 μὲν
3030 5067 3057 5120 ό
3093 5064 3472 5138 στρατηλάτης
3524 5054 3725 5114 Bamb-

2257 5234 2440 5289 Obruit
2469 5232 2716 5301 adveisas
2748 5237 2907 5296 acies,
2941 5229 3280 5298 revolutaque
3313 5226 3420 5301 tela

2266 5306 2428 5358 Vertit
2448 5306 2501 5358 in
2522 5298 2791 5362 ’σείριον-ει,
2820 5312 2868 5355 et
2894 5302 3099 5362 turbine
3127 5299 3354 5366 reppulit
3384 5298 3586 5366 hastas.

2258 5375 2301 5431 0
2331 5376 2553 5429 nimium
2581 5373 2767 5427 dilecte
2808 5372 2938 5434 Deo,
2978 5370 3061 5437 cui
3091 5365 3269 5440 fundit
3300 5368 3363 5421 ab
3394 5365 3564 5440 antris

2254 5445 2440 5515 Αιοίιιδ
2474 5452 2713 5498 armatas
2744 5442 2973 5515 hiemes,
3005 5436 3101 5515 cui
3121 5438 3313 5515 militat
3335 5436 3515 5515 (rather.

2261 5510 2331 5567 1ιί
2362 5516 2628 5585 conjurati
2657 5514 2873 5585 veniunt
2903 5510 2973 5565 ad
3004 5510 3227 5585 classica
3253 5508 3416 5560 renti.

2259 5576 2470 5652 Alpina?
2486 5586 2704 5637 rubuere
2725 5584 2887 5635 nives.
2919 5589 2966 5633 et
3005 5577 3262 5652 Frigidus
3280 5576 3452 5652 aliquis

2260 5646 2478 5708 Mutalis
2503 5654 2719 5723 fumavit
2753 5654 2940 5723 aquis;
2978 5646 3231 5723 turbaque
3267 5646 3545 5723 cadentum

2260 5726 2461 5787 Staret,
2495 5714 2551 5778 iii
2574 5724 2788 5794 rapidus
2800 5714 2809 5721 ’
2811 5722 3034 5791 jurisset
3057 5720 3288 5790 ﬂtmtin‘a.
3312 5714 3555 5785 sanguis.

2227 5819 2302 5890 (ε)
2323 5819 2533 5874 'l‘heod.
2566 5819 2663 5873 nn.
2688 5832 2740 5879 ν,
2767 5831 2888 5889 car-
2922 5814 3013 5879 3‘.-
