4062 6446
411 385 520 447 885

1339 387 1950 448 ECCLESHS'I‘ICAZ
1992 392 2384 450 lllS’l'OllizE
2427 392 2573 451 ΗΒ·
2617 394 2758 452 Xll.

3590 392 3695 451 88“)

413 513 528 559 (ιος
585 496 963 570 άναρῤωσθεὶς
991 497 1090 566 τὴν
1121 497 1323 567 ψυχὴν,
1353 499 1443 550 ἐπὶ
1467 499 1621 552 τόσον
1660 501 1864 561 ἐκλόνει
1895 503 1995 564 vi;

2122 518 2216 572 pse
2254 522 2475 574 quoque
2507 508 2698 575 copias
2729 524 2858 561 suas
2891 507 3190 583 instructas
3223 507 3276 561 in
3337 509 3508 561 aciem
3568 525 3698 576 pro-

411 587 729 657 φέιλαγγας,
755 587 829 650 ὡς
880 589 1194 660 εἰσδραμεῖν
1236 589 1439 652 εὐθέως
1467 593 1562 644 καὶ
1596 592 1886 664 διαρῤἦξαι
1939 593 2004 646 τά

411 679 618 748 πλήθη,
643 682 736 732 καὶ
756 682 812 742 ἐς
828 681 1006 752 φυγὴν
1020 681 1217 752 τρέψαι
1251 683 1382 744 τοὺς
1402 682 1651 753 πρώτους
1677 685 1995 746 διώκοντας.

408 773 474 826 Οἱ
500 771 556 825 δὲ
585 772 683 840 τῆς
707 772 1038 842 τυραννικῆς
1058 773 1418 843 παρατάξεως
1441 775 1730 846 ἡγεμόνες,
1752 774 1842 836 οὓς
1863 775 2006 828 κατά

412 866 582 917 νώτου
609 865 822 917 κεῖσθαι
865 863 956 917 καὶ
989 865 1395 935 περικαθῆσθαι
1432 867 1529 937 τὴν
1561 868 1737 936 ἄκραν
1775 868 2003 936 εἰρήκα-

417 974 538 1026 μεν,
575 955 808 1027 πρέσϐιν
842 956 901 1018 ἐς
947 957 1232 1010 Θεοδόσιον
1289 957 1635 1027 πέμψαντες,
1689 963 2004 1029 συμμαχεῖν

416 1048 610 1119 ὲκείνῳ
647 1050 1041 1119 κατήγγελλον,
1077 1051 1134 1103 εῖ
1158 1069 1222 1118 γε
1259 1053 1506 1120 μείζονος
1538 1054 1703 1122 τιμῆς
1737 1052 1867 1122 παρ’
1908 1054 2006 1106 αύ-

415 1141 491 1211 τῷ
530 1142 761 1196 ἔσοιντο.
795 1143 1057 1207 Βασιλεὺς
1094 1143 1150 1196 δὲ
1189 1143 1290 1214 τὴν
1340 1143 1641 1214 πρεσϐείαν
1701 1144 1961 1215 προσίετο
1990 1161 2002 1174 ·

416 1239 508 1288 καὶ
533 1238 660 1290 ἐπεὶ
690 1238 902 1308 χάρτην
934 1238 1033 1308 οὐχ
1061 1237 1209 1306 εὗρε,
1237 1238 1420 1290 δέλτον
1446 1237 1650 1303 λαϐὼν,
1684 1240 1751 1310 ἤν
1785 1256 1868 1301 τις
1897 1239 2006 1292 τῶν

416 1333 787 1405 παρεστώτων
821 1335 1061 1404 τυχαίως
1099 1335 1351 1404 ἐφέρετο,
1387 1336 1448 1386 ὲν
1505 1335 1682 1409 ταύτῃ
1739 1335 2011 1407 κατέγρα-

415 1442 544 1491 φεν,
575 1426 642 1496 ἣν
687 1427 963 1494 ἐπίσημον
1016 1429 1110 1479 καὶ
1155 1431 1539 1496 ’προσήκουσαν
1584 1427 1806 1480 ἕκαστοι
1857 1427 2011 1492 τάξιν

413 1517 602 1582 ἕξουσι
626 1518 759 1589 παρ’
789 1519 960 1589 αὐτῷ,
991 1521 1045 1572 ετ
1081 1537 1143 1586 γε
1179 1521 1349 1591 πέρας
1376 1524 1442 1592 τῇ
1487 1521 1779 1592 ὑποσχέσει
1832 1521 2011 1574 αἴσιον

417 1611 674 1680 θήσουσι.
710 1612 888 1667 Καίοὶ
931 1611 1030 1679 μὲν
1070 1611 1243 1674 οὕτως
1291 1615 1354 1666 ἐκ
1401 1613 1680 1686 πολεμίων
1733 1613 2012 1684 σύμμαχοι

415 1703 612 1775 ἀθρόον
633 1704 842 1776 βασιλεῖ
860 1701 1002 1777 ἦσαν
1023 1720 1038 1734 ·
1064 1705 1145 1758 ἔτι
1173 1705 1227 1759 δὲ
1256 1706 1353 1776 τῆς
1378 1706 1556 1776 μάχης
1578 1705 1657 1776 τῷ
1686 1706 1852 1775 πεδίῳ
1884 1705 2017 1758 καθ-

419 1798 745 1866 ισταμένης,
800 1799 895 1850 καὶ
944 1800 1017 1868 μή
1063 1815 1148 1851 πω
1182 1797 1448 1867 κλινάσης
1506 1798 1599 1851 ἐπὶ
1653 1797 1858 1867 θάτερα
1912 1797 2013 1867 τῆς

2111 597 2286 649 duxit.
2350 597 2416 652 Et
2477 598 2529 652 in
2570 600 2841 653 tumulum
2895 599 3188 668 quemdam
3238 600 3586 662 conscendit,
3645 608 3702 654 ct

2112 689 2500 758 imperatorem
2528 692 2667 745 mori
2694 707 2896 760 cupere
2921 692 2998 760 (l)
3029 707 3093 745 ac
3120 707 3216 744 sua
3239 701 3434 760 sponte
3463 691 3530 743 ad
3558 705 3701 742 mor-

2113 792 2220 837 tem
2251 784 2621 852 cppetendam
2659 800 2957 854 preperare
2996 785 3173 838 dixit:
3207 782 3554 850 ducibusque
3586 782 3702 836 suis

2106 876 2387 943 praecepit,
2421 885 2479 929 ut
2504 892 2569 930 ne
2603 876 2753 930 illum
2782 877 3128 939 occiderent.
3168 877 3266 932 sed
3299 877 3485 931 vivum
3511 877 3697 943 potius

2109 966 2176 1020 ad
2205 982 2264 1022 se
2318 967 2684 1022 adducerent.
2751 969 3051 1038 Postquam
3111 970 3258 1024 acies
3307 969 3382 1022 ita
3451 969 3702 1022 adversis

2111 1060 2390 1116 frontibus
2445 1063 2774 1125 constitere,
2840 1063 3072 1116 mirifica
3126 1061 3404 1115 variarum
3453 1059 3700 1131 gentium

2113 1153 2416 1206 multitudo
2443 1155 2497 1207 in
2533 1153 2776 1207 hostium
2838 1155 3097 1223 partibus
3159 1168 3286 1208 esse
3335 1154 3449 1206 visa
3488 1159 3595 1205 est.
3634 1151 3703 1202 At

2111 1245 2207 1314 qui
2241 1254 2438 1300 contra
2470 1261 2568 1300 eos
2617 1246 2672 1300 in
2714 1245 2888 1300 armis
2916 1247 3113 1300 ordine
3143 1261 3247 1300 suo
3296 1245 3540 1308 stabant,
3578 1260 3700 1313 per-

2111 1355 2277 1410 quam
2320 1339 2506 1408 pauci,
2550 1338 2626 1392 ita
2665 1347 2726 1392 ut
2762 1354 2956 1394 eorum
3021 1353 3286 1392 nutucrus
3350 1337 3512 1391 facile
3575 1336 3698 1388 iniri

2113 1442 2320 1500 posset,
2359 1440 2542 1486 erant.
2585 1430 2770 1486 Coitio
2797 1431 2974 1501 prima
3010 1429 3079 1485 ad
3119 1429 3347 1483 ﬂuvium
3381 1428 3478 1497 qui
3528 1426 3704 1496 Frigi-

2113 1523 2218 1577 dus
2241 1524 2468 1586 dicitur,
2505 1525 2780 1579 estfacta.
2813 1523 2976 1593 313
3023 1522 3281 1592 Magister
3328 1522 3559 1574 militum
3604 1519 3704 1572 Ba-

2113 1617 2324 1678 curius,
2362 1630 2560 1684 magno
2584 1615 2754 1670 animi
2787 1616 2992 1669 robore
3045 1623 3342 1682 concepto,
3411 1621 3700 1679 tantopere

2115 1706 2484 1776 impressione
2532 1723 2630 1762 sua
2692 1708 2936 1761 hostium
2971 1707 3269 1774 phalanges
3329 1703 3591 1764 turbavit,
3647 1711 3706 1753 ut

2118 1800 2304 1853 statim
2336 1799 2420 1852 sui
2454 1801 2832 1864 incurrerent,
2875 1809 2932 1854 et
2963 1799 3262 1852 ordinibus
3317 1797 3492 1865 ruptis
3526 1794 3578 1847 in
3616 1792 3704 1845 fu-

417 1889 618 1976 όρμῆς,
653 1890 888 1956 ἐξαίσιός
917 1867 1084 1944 ποθεν
1135 1891 1435 1959 ὲπαιγίσας
1473 1892 1673 1960 ἄνεμος
1723 1895 1816 1946 καὶ
1862 1894 2010 1945 ἀντι·

2119 1909 2234 1962 gam
2295 1906 2391 1946 eos
2425 1901 2728 1956 verterent,
2766 1890 2860 1960 qui
2902 1891 3180 1960 persecuti
3215 1903 3313 1942 eos
3360 1887 3539 1956 pridie
3588 1886 3708 1938 fue-

420 1975 716 2047 πρόσωπος
749 1981 993 2042 πνεύσας
1023 1981 1134 2042 τοῖς
1172 1979 1482 2048 πολεμίοις,
1511 1975 1624 2032 οἷον
1671 1975 1812 2032 εἶναι
1879 1981 2010 2049 μηδ’

418 2071 609 2125 ἄλλοτέ
644 2087 774 2124 ποτε
833 2073 1161 2138 ἱστορεῖσθαι
1213 2073 1464 2136 πνεῦσαι,
1518 2072 1616 2135 τὰς
1677 2073 1775 2142 μὲν
1825 2073 2011 2139 τάξεις

419 2163 619 2217 διέλυε.
654 2163 736 2216 Τά
765 2163 873 2234 γὰρ
917 2163 1044 2235 βέλη
1073 2181 1133 2216 τε
1179 2165 1271 2217 καὶ
1304 2165 1526 2218 ἀκόντια
1563 2166 1663 2219 ὅσα
1699 2165 1838 2219 κατὰ
1881 2167 2012 2219 Ῥω-

425 2259 606 2328 μαίων
639 2257 958 2342 ἐπέμπονπο
991 2257 1050 2324 ἐξ
1079 2257 1378 2312 ἀντιτύπου
1408 2258 1698 2330 δυνάμεως
1749 2261 2012 2330 ἀναστρέ-

423 2367 565 2420 φων,
600 2350 744 2404 κατά
769 2350 880 2403 τῶν
910 2351 1241 2421 πεμπόντων
1287 2351 1488 2423 μᾶλλον
1511 2352 1660 2423 ἠφίει
1697 2367 1712 2383 ο
1767 2355 1861 2405 κα)⁵
1915 2351 2013 2416 τὰς

421 2444 646 2497 ἐκείνων
672 2444 910 2507 ἀσπίδας
943 2445 1042 2498 σὺν
1091 2443 1275 2516 πολλῷ
1318 2445 1575 2515 συρφετῷ
1626 2445 1722 2500 καὶ
1745 2445 2013 2517 άμυθήτῳ

421 2536 572 2590 κόνει
601 2535 709 2590 τῶν
762 2538 994 2590 ἐκείνων
1063 2537 1265 2608 χειρῶν
1326 2538 1691 2609 ἀφαρπάζων,
1751 2540 2012 2601 καὶτοὺς

427 2630 662 2700 ἱμάντας
693 2631 1053 2701 διαρῤηγνὺς,
1086 2631 1174 2683 ἐπ’
1198 2630 1379 2685 αὐτῶν
1416 2631 1605 2685 ἐκύλιε
1641 2633 1784 2684 κατὰ
1837 2634 2012 2701 στόμα

427 2721 662 2790 βάλλων,
690 2722 786 2775 καὶ
817 2722 951 2774 ὅπου
983 2721 1046 2792 δή
1089 2739 1222 2775 ποτε
1253 2738 1268 2754 ·
1297 2723 1366 2775 τὰ
1386 2722 1431 2776 δ’
1475 2725 1539 2776 ἐκ
1575 2722 1685 2776 τῶν
1729 2722 2012 2775 Θεοδοσίου

427 2815 784 2885 πεμπόμενα,
824 2815 1164 2886 σφοδροτέρᾳ
1191 2815 1344 2888 ῥύμῃ
1376 2815 1664 2870 καὶταῦτα
1713 2817 1834 2870 κατ’
1865 2815 2013 2870 ὲκεί-

427 2925 534 2962 νων
563 2907 736 2960 ἐκίνει
773 2923 786 2938 ·
820 2903 904 2971 οἷς
925 2909 988 2979 δὴ
1017 2910 1112 2962 καὶ
1163 2910 1563 2981 θαρρήσαντες,
1611 2911 1707 2964 ἆτε
1757 2910 1821 2980 δὴ
1868 2912 2011 2980 ἀπή-

429 3018 624 3070 μαντοι
658 3002 1032 3072 διαμένοντες,
1063 3002 1257 3072 θράσει
1295 3003 1480 3072 πολλῴ
1518 3003 1734 3072 ῥέοντες
1765 3005 1891 3067 τοὺς
1917 3021 2016 3057 πο-

425 3094 654 3163 λεμίους
690 3093 1065 3149 κατέκτειναν.
1115 3097 1176 3148 Οί
1218 3095 1275 3147 δὲ
1336 3096 1588 3163 πολέμιοι
1621 3098 1719 3166 τὴν
1758 3098 2012 3167 προφανῆ

2115 1993 2260 2038 rant.
2295 1985 2473 2039 Porro
2521 1985 2690 2039 duces
2724 1985 3023 2056 tyrannicae
3083 1983 3208 2052 ejus
3261 1980 3423 2041 aciei,
3472 1993 3636 2048 quam
3675 1995 3704 2031 a

2115 2089 2271 2149 tergo
2305 2094 2582 2133 summum
2614 2087 2857 2132 montem
2911 2077 3182 2131 insedisse
3235 2076 3502 2135 diximus,
3536 2072 3705 2125 misso

2114 2171 2182 2225 ad
2215 2171 2592 2226 Theodosium
2631 2180 2880 2239 oratore,
2941 2171 3007 2225 ad
3050 2181 3234 2240 partes
3257 2169 3377 2238 ejus
3411 2183 3470 2222 se
3504 2166 3706 2220 transi-

2117 2275 2276 2320 turos
2338 2280 2461 2320 esse
2507 2275 2859 2337 receperunt,
2919 2266 2964 2320 si
3008 2263 3235 2335 majoris
3294 2261 3581 2332 dignitatis
3625 2261 3707 2312 eis

2113 2355 2261 2424 apud
2290 2371 2418 2412 eum
2442 2357 2603 2413 locus
2635 2365 2786 2415 esset
2824 2373 2840 2412 :
2872 2357 3177 2428 imperator
3212 2353 3543 2424 legationem
3585 2366 3705 2406 eam

2115 2453 2387 2520 suscepit.
2415 2449 2632 2506 Etcum
2669 2452 2882 2506 charta:
2941 2449 3102 2519 copia
3140 2462 3252 2502 non
3285 2455 3454 2507 esset,
3492 2444 3703 2506 tabula,

2115 2558 2277 2612 quam
2307 2560 2371 2598 ex
2397 2543 2788 2599 assistentibus
2821 2543 3097 2597 militibus
3124 2541 3352 2612 quidam
3401 2555 3532 2593 casu
3571 2551 3709 2607 quo—

2117 2635 2244 2688 dam
2281 2633 2520 2701 ferebat,
2562 2644 2805 2705 arrepta,
2834 2634 2890 2689 in
2937 2650 3000 2688 ea
3027 2648 3190 2702 quem
3215 2633 3451 2701 quisque
3485 2631 3706 2684 illorum

2116 2729 2448 2800 praeclarum
2480 2737 2538 2782 et
2559 2727 2984 2784 convenientem
3016 2726 3198 2780 locum
3239 2725 3383 2794 apud
3416 2738 3476 2778 sc
3545 2721 3708 2776 habi-

2121 2833 2282 2878 turus
2311 2830 2476 2886 esset,
2510 2820 2557 2877 si
2612 2821 2905 2891 promissis
2937 2827 3173 2882 starent,
3201 2833 3377 2886 eaque
3408 2815 3474 2869 ad
3543 2813 3705 2868 linem

2115 2915 2364 2970 debitum
2430 2914 2825 2985 perducerent,
2890 2912 3211 2981 descripsit.
3262 2910 3344 2963 Ad
3409 2912 3557 2962 hunc
3631 2905 3705 2958 illi

2119 3012 2342 3063 modum
2372 3008 2536 3062 simul
2576 3021 2770 3062 omnes
2797 3022 2862 3060 ex
2899 3005 3156 3060 hostibus
3181 3001 3318 3056 socii
3354 3000 3709 3069 imperatoris

2119 3112 2249 3158 sunt
2285 3101 2436 3157 facti.
2466 3101 2666 3156 Adhuc
2713 3098 3044 3167 campestris
3074 3111 3258 3166 pugna
3297 3094 3502 3148 acriter
3559 3107 3709 3146 com-

426 3187 649 3257 γνόντες
700 3190 1024 3261 ἐπικουρίαν
1075 3189 1150 3252 ὡς
1185 3189 1370 3242 θεόθεν
1425 3190 1701 3262 ἐπῄει,τά
1758 3191 1898 3244 ὅπλα
1935 3190 2015 3263 ῥί-

2122 3197 2468 3258 mittebatur,
2493 3194 2729 3249 necdum
2753 3193 2998 3246 victoria:
3030 3190 3273 3260 impetus
3301 3187 3358 3241 in
3380 3187 3704 3240 alterutram

428 3299 677 3347 πτοντες,
703 3285 920 3353 φειδοῦς
947 3285 1047 3352 τῆς
1071 3285 1134 3336 ἐκ
1166 3283 1435 3354 βασιλέως
1458 3284 1774 3353 ἠντιϐόλουν
1805 3287 2012 3355 τυχεῖν.

439 3373 497 3423 '0
528 3371 586 3424 δὲ
619 3372 780 3434 εὐθὺς
810 3366 926 3424 εἷκε
965 3373 1060 3425 καὶ
1093 3372 1428 3442 συγγνώμην
1464 3372 1658 3428 ἐδίδου.
1692 3373 1800 3426 Καὶ
1824 3373 1886 3445 δὴ
1917 3375 2016 3426 αύ-

426 3466 542 3528 τοῖς
568 3483 628 3519 τε
670 3466 766 3520 καὶ
808 3469 923 3530 τοῖς
981 3465 1301 3534 αύτομόλως
1350 3465 1599 3519 ἐλθοῦσιν
1659 3467 1876 3534 ἔπεμπε
1923 3468 2016 3520 τὸν

426 3560 696 3628 τύραννον
725 3561 980 3628 ἀγαγεῖν.
1013 3559 1080 3614 Οἱ
1108 3561 1164 3613 δὲ
1198 3562 1293 3632 βοῇ
1321 3561 1556 3627 θέοντες,
1585 3563 1676 3614 τὸν
1694 3561 1858 3628 λόφον
1889 3562 2018 3632 ἀνῇ⁴

427 3670 584 3720 εσαν,
610 3653 697 3722 ἐφ’
720 3647 783 3708 οὗ
803 3653 1112 3724 καθήμενος
1141 3653 1212 3705 τὰ
1250 3653 1572 3724 πραχθέντα
1602 3655 1811 3724 ἠγνόει.
1848 3655 2019 3721 Εὐγέ-

429 3765 541 3810 νιος
571 3748 628 3802 δὲ
658 3748 738 3820 τῷ
773 3747 868 3801 τοῦ
902 3747 1109 3819 δρόμου
1138 3748 1299 3818 τάχει
1333 3749 1428 3801 καὶ
1459 3748 1536 3819 τῷ
1568 3748 1747 3819 συχνῷ
1769 3749 2016 3818 ἄσθματι

430 3845 617 3898 καινόν
636 3861 689 3896 τι
721 3843 1012 3910 ἀγγέλλειν
1043 3843 1189 3914 ἔχειν
1227 3844 1458 3913 νομίσας
1509 3844 1774 3909 ἐκείνους,
1813 3847 1908 3898 καὶ
1942 3845 2019 3896 νί-

430 3955 532 4006 κης
562 3937 831 4004 ἀγγέλους
865 3938 1068 4008 μᾶλλον
1103 3939 1233 4007 παρ’
1262 3937 1429 3990 αὑτὸν
1458 3937 1637 4008 ἣκειν,
1690 3937 1854 4000 εὐθὺς
1882 3939 2016 4006 ἀνη-

433 4031 602 4100 ρώτα,
642 4049 661 4082 ‹
705 4031 768 4084 Et
794 4031 1178 4100 πεπεδημένος
1217 4031 1313 4084 καὶ
1373 4029 1505 4098 ζῶν,
1535 4030 2015 4101 ώςηπροσετάχθη,

431 4125 528 4178 καὶ
562 4123 840 4186 Θεοδόσιος
864 4125 1079 4188 ἄγεται.
1131 4144 1149 4175 ι
1176 4124 1299 4178 Τῶν
1326 4123 1372 4176 δ’
1403 4124 1687 4188 εἰπόντων,
1727 4124 1849 4192 «Μὴ
1877 4126 2021 4176 ἐκεῖ·

432 4235 520 4270 νον
551 4216 686 4286 πρὸς
724 4215 804 4280 σὲ,
843 4215 902 4267 σὲ
924 4216 981 4268 δὲ
1014 4215 1218 4282 μᾶλλον
1262 4217 1399 4285 πρὸς
1450 4217 1661 4268 ἐκεῖνον
1727 4213 2017 4284 ἐπέμφθη-

435 4329 534 4381 μεν
558 4311 788 4378 ἀγαγεῖν
812 4327 827 4341 ·
851 4310 884 4378 ὴ
919 4311 1028 4381 γὰρ
1048 4309 1173 4377 νίκη
1214 4307 1306 4360 τὸν
1363 4307 1626 4377 τύραννον
1679 4307 2020 4376 μυσαχθεῖσα

431 4403 529 4471 τὴν
555 4402 784 4467 ἔννομον
816 4398 1102 4469 βασιλείαν
1131 4395 1416 4466 ἠσπάσατο
1449 4409 1462 4423 ⁶
1513 4396 1677 4448 τοῦτο
1714 4397 1825 4465 γὰρ
1852 4398 1880 4448 ὁ
1911 4397 2022 4448 τῶν

431 4497 568 4549 ὅλων
601 4495 856 4548 ἐκέλευσε
898 4492 1165 4563 πρύτανις
1192 4508 1206 4520 ο
1247 4509 1266 4543 ι
1304 4489 1468 4552 εὐθὺς
1510 4489 1606 4542 τοῦ
1633 4489 1826 4558 δίφρου
1857 4491 2020 4542 αὑτὸν

2117 3299 2330 3361 partem
2368 3288 2696 3352 inclinabat,
2733 3300 2860 3340 cum
2897 3282 3108 3354 ingenti
3137 3281 3191 3335 vi
3227 3281 3484 3335 alicunde
3512 3289 3710 3333 ventus

2117 3379 2646 3437 vehementissimus
2672 3379 2942 3434 adversus
2965 3377 3156 3430 hostes
3186 3373 3446 3436 obortus,
3481 3371 3704 3440 qualem

2119 3490 2400 3545 nunquam
2423 3482 2583 3530 antea
2611 3471 2832 3526 ﬂavisse
2867 3467 3148 3524 memoria:
3173 3467 3456 3538 proditum
3489 3475 3598 3529 est,
3651 3464 3706 3518 in

2117 3585 2214 3626 ora
2246 3569 2469 3623 illorum
2504 3562 2674 3620 irruit
2709 3573 2766 3618 et
2815 3561 3046 3616 ordines
3077 3561 3260 3615 solvit.
3298 3559 3366 3613 Et
3397 3558 3506 3611 tela
3541 3566 3708 3625 atque

2117 3659 2366 3730 sagittas,
2419 3671 2546 3726 qua:
2605 3665 2800 3709 contra
2851 3653 3132 3708 Romanos
3197 3649 3619 3710 emittebantnr,
3656 3647 3708 3700 vi

2119 3751 2358 3823 quadam
2422 3747 2734 3803 reluctante
2801 3745 2857 3799 in
2922 3759 3018 3799 eos
3065 3750 3399 3798 convertens
3443 3742 3539 3808 qui
3591 3739 3713 3793 illas

2119 3845 2444 3908 emiserant,
2473 3841 2696 3912 rejicit:
2735 3847 2791 3894 et
2819 3837 3067 3909 clypeos,
3105 3851 3236 3891 cum
3287 3834 3458 3888 multa
3510 3849 3710 3902 purga-

2121 3947 2438 3992 mentorum
2469 3934 2755 4004 congerie,
2790 3942 2846 3986 et
2890 3931 3119 4000 pulvere
3147 3927 3462 3983 incredibili
3494 3915 3708 3984 illatus.

2120 4048 2188 4088 ex
2228 4045 2420 4085 eorum
2453 4028 2709 4081 manibus
2738 4025 2980 4093 rapiens,
3039 4030 3096 4076 et
3145 4021 3262 4075 lora
3312 4016 3706 4081 conscindens,

2120 4136 2216 4175 eos
2239 4119 2294 4172 in
2318 4118 2539 4172 illorum
2585 4131 2680 4169 ora
2714 4123 2772 4169 et
2827 4113 3078 4168 nitembra
3109 4125 3455 4180 quaecunque
3494 4124 3702 4164 concu-

2123 4215 2268 4266 tiens
2304 4208 2600 4279 provolvit.
2649 4205 2781 4272 Qum
2819 4209 2966 4260 vero'
3011 4219 3041 4257 a
3101 4201 3510 4257 'l‘heodosianis
3538 4200 3709 4269 jacie-

2123 4305 2328 4359 bantur
2357 4303 2488 4367 tela,
2525 4299 2745 4354 acriore
2780 4298 2948 4352 etiam
2980 4298 3035 4350 in
3070 4295 3194 4348 illos
3225 4295 3431 4362 impetu
3458 4292 3713 4345 fereban-

2126 4406 2234 4452 tur.
2267 4394 2444 4461 Quam
2473 4393 2546 4448 ob
2586 4406 2809 4447 causam
2833 4391 3034 4444 animis
3072 4387 3283 4457 magnis
3321 4385 3629 4454 conceptis,
3655 4394 3710 4437 et

2122 4489 2271 4559 quod
2323 4487 2524 4557 integri
2559 4485 2727 4541 etiam
2780 4484 3198 4553 permanebant,
3247 4478 3457 4550 ingenti
3511 4478 3710 4532 fiducia

436 4589 896 4649 κατασπάσαντες
940 4585 1035 4639 καὶ
1074 4583 1254 4654 δεσμὰ
1292 4583 1630 4652 περιθέντες,
1669 4584 2015 4653 αἰχμάλωτον

2128 4583 2207 4637 illi
2243 4581 2298 4635 in
2355 4579 2710 4635 adversarios
2769 4587 3016 4638 ruentes,
3071 4590 3166 4628 eos
3221 4572 3467 4628 Caedunt.
3523 4571 3712 4640 Itaque

430 4677 567 4752 ἦγον
592 4680 728 4750 πρὸς
766 4679 995 4750 βασιλέα
1045 4679 1137 4730 τὸν
1203 4676 1312 4745 πρὸ
1371 4675 1602 4746 βραχέος
1652 4675 2016 4746 μεγάλαυχον.

443 4772 504 4823 '0
528 4770 586 4823 δὲ
620 4771 687 4821 τὰ
710 4772 768 4828 ἐς
801 4765 1253 4820 Οὑαλεντινιανὸν
1307 4761 1778 4833 πλημμεληθέντα
1824 4763 2020 4830 ἐκείνῳ

432 4865 690 4935 παρῆγεν
712 4862 792 4926 είς
826 4861 1016 4930 μέσον,
1049 4859 1146 4912 καὶ
1191 4857 1290 4928 τὴν
1341 4856 1662 4927 παράνομον
1720 4853 2026 4924 βασιλείαν,

431 4957 530 5018 τάς
557 4958 606 5007 τ’
639 4954 941 5024 ἐμφυλίους
998 4953 1204 5020 μάχας,
1247 4952 1386 5021 πρὸς
1438 4948 1494 5000 δὲ
1530 4950 1626 5002 καὶ
1661 4949 1753 5001 τὸν
1803 4948 2026 5020 σύμμα-

434 5066 530 5118 χον
558 5048 754 5117 ἐκείνῳ
775 5043 1103 5108 διετώθαζεν
1157 5041 1454 5111 Ἡρακλέα.
1515 5043 1582 5094 Ὃ
1635 5041 1680 5094 δ’
1732 5044 1947 5095 ἀκούων
1997 5045 2026 5095 ό

433 5139 724 5207 τύραννος,
756 5140 871 5200 τοῖς
907 5137 1038 5188 ποσὶ
1070 5134 1168 5187 τοῦ
1219 5132 1552 5201 κρατοῦντος
1614 5133 1808 5186 ἑαυτὸν
1854 5135 2024 5186 ἐλεει-

435 5227 543 5290 νῶς
571 5228 824 5299 ἔρριπτε,
855 5228 949 5279 καὶ
981 5225 1155 5277 ἐδεῖτο
1185 5221 1479 5284 σώζεσθαι.
1519 5222 1609 5273 Ἐν
1641 5213 1686 5288 ᾧ
1740 5221 1797 5273 δὲ
1842 5222 2025 5290 ἱκέτης

433 5311 525 5388 ἦν,
555 5317 664 5368 τῶν
687 5333 769 5377 τις
794 5314 1142 5385 στρατιωτῶν
1160 5311 1220 5365 τὸ
1243 5311 1392 5379 ξίφος
1423 5309 1796 5378 σπασάμενος,
1812 5309 1915 5375 τῆς
1937 5327 2029 5362 κε-

437 5407 617 5476 φαλῆς
645 5408 810 5460 αὐτὸν
837 5407 1177 5474 ἀφαιρεῖται.
1221 5403 1641 5472 ’Δρουαγάστης
1693 5401 1751 5453 δὲ
1789 5402 1816 5452 ὁ
1837 5401 2029 5454 τοσού-

435 5519 547 5553 των
577 5502 672 5554 καὶ
711 5499 1050 5570 τηλικούτων
1091 5497 1276 5552 κακῶν
1318 5497 1512 5558 αἴτιος,
1558 5497 1704 5563 φυγῇ
1747 5493 2026 5563 χρώμενος

437 5595 532 5647 ἐπὶ
561 5594 716 5645 δυσὶν
742 5591 1000 5662 ἡμέραις,
1035 5592 1156 5643 ἐπεὶ
1183 5588 1257 5659 μὴ
1290 5588 1432 5655 ἔγνω
1469 5588 1566 5639 τοῦ
1623 5587 1816 5640 λοιποῦ
1877 5585 2028 5654 αὐτῷ

440 5687 684 5756 βιωσιμα
712 5681 878 5748 εἶναι,
903 5685 1161 5754 αὐτόχειρ
1197 5681 1276 5752 τῷ
1336 5683 1524 5752 οἰκείῳ
1591 5680 1735 5749 ξίφει
1789 5679 2024 5745 ἐγένετο.

2129 4676 2318 4729 hostes
2340 4672 2631 4728 manifeste
2662 4685 2824 4739 opem
2849 4683 2972 4723 eam
2999 4667 3267 4721 divinitus
3300 4665 3556 4718 accidere
3587 4681 3710 4717 cer—

2128 4777 2344 4834 nentes,
2379 4767 2551 4821 armis
2589 4763 2844 4835 abjectis,
2892 4761 2960 4816 ad
3013 4760 3364 4830 imperatoris
3402 4759 3714 4812 miscricor-

2129 4861 2298 4922 diam,
2331 4859 2552 4914 veniam
2585 4858 2652 4912 ab
2690 4871 2758 4910 eo
2792 4863 3065 4923 petentes,
3100 4843 3491 4918 confugerunt.
3539 4851 3713 4916 Atque

2128 4955 2224 5010 ille
2248 4969 2367 5016 eos,
2403 4951 2666 5022 precibus
2686 4948 2909 5010 cedens,
2949 4946 3135 5001 statim
3189 4945 3244 4997 in
3284 4943 3518 5013 gratiam
3565 4958 3713 4995 reci--

2130 5047 2213 5116 pit
2270 5062 2284 5099 :
2339 5057 2548 5112 eosque
2596 5051 2652 5097 et
2715 5040 3028 5108 transfugas
3078 5037 3236 5099 alios,
3305 5044 3364 5088 ut
3421 5045 3710 5104 tyrannum

2131 5139 2353 5206 captum
2391 5136 2459 5190 ad
2487 5150 2547 5190 se
2595 5134 2954 5196 adducerent,
2995 5131 3166 5185 misit.
3211 5130 3291 5184 llli
3349 5144 3482 5182 vero
3516 5127 3716 5181 vocife-

2132 5239 2340 5291 rantes,
2378 5241 2572 5296 magna
2621 5225 2907 5280 celeritate
2951 5224 3006 5278 in
3042 5222 3314 5280 tumulum
3357 5219 3621 5278 evadunt,
3661 5219 3713 5270 in

2131 5336 2242 5387 quo
2266 5319 2357 5372 illc
2392 5333 2554 5373 casus
2595 5319 2716 5387 ejus
2746 5317 3054 5371 etiamnum
3117 5313 3340 5383 ignarus
3373 5309 3713 5364 considebant.

2132 5408 2411 5478 Eugenius
2448 5425 2516 5465 ex
2575 5409 2805 5463 incitato
2859 5422 3028 5462 cursu
3104 5416 3158 5459 et
3215 5404 3439 5458 assiduo
3495 5400 3713 5452 illorum

2132 5502 2407 5566 anhelitu,
2443 5502 2569 5555 novi
2599 5501 2903 5570 quidquam
2940 5514 3039 5553 eos
3079 5496 3300 5559 all'erre,
3364 5503 3531 5562 atque
3576 5495 3716 5544 adeo

2128 5595 2374 5648 victoriae
2424 5593 2650 5647 nuntios
2707 5593 2811 5647 sibi
2863 5591 3126 5645 advenire
3168 5598 3345 5648 ratus,
3383 5586 3592 5646 statim,
3642 5599 3711 5636 an

2131 5683 2350 5738 vinctas
2395 5695 2451 5738 cl
2487 5684 2668 5746 vivus,
2701 5684 2860 5738 sicuti
2889 5689 3222 5751 praeceptum
3287 5680 3488 5741 fuerat,
3528 5676 3710 5729 Theo-

515 5806 591 5874 (t)
634 5805 1070 5860 Moritnricntcm
1099 5813 1150 5858 et
1184 5819 1214 5858 e
1248 5805 1499 5874 prrcsenti
1569 5804 1678 5858 vita
1747 5817 1870 5856 mox
1937 5801 2292 5859 decessurum
2347 5806 2736 5875 imperatorem
2771 5803 2888 5858 acie
2958 5815 3144 5856 secum
3192 5807 3397 5854 structa
3448 5796 3714 5870 congredi

439 5877 598 5932 dixit.
637 5877 848 5932 'l‘hcod.
