  <div class='ocr_page' id='page_1' title='image "/cluster/home/n/w/nwhite01/storage/ocr_20150623/146:no.2/coo.31924054870518/452.png"; bbox 0 0 4062 6450; ppageno 0'>
   <div class='ocr_carea' id='block_1_1' title="bbox 346 403 452 467">
    <p class='ocr_par' dir='ltr' id='par_1_1' title="bbox 346 403 452 467">
     <span class='ocr_line' id='line_1_1' title="bbox 346 403 452 467; baseline 0 -1"><span class='ocrx_word' id='word_1_1' title='bbox 346 403 452 467; x_wconf 82' lang='grc'><strong>889</strong></span> 
     </span>
    </p>
   </div>
   <div class='ocr_carea' id='block_1_2' title="bbox 1246 416 2625 492">
    <p class='ocr_par' dir='ltr' id='par_1_2' title="bbox 1246 416 2625 492">
     <span class='ocr_line' id='line_1_2' title="bbox 1246 416 2625 492; baseline 0.014 -19"><span class='ocrx_word' id='word_1_2' title='bbox 1246 416 1837 482; x_wconf 71' lang='lat' dir='ltr'><strong>ECCLESl.\S&#39;l&#39;iC.‘;i</strong></span> <span class='ocrx_word' id='word_1_3' title='bbox 1880 425 2261 484; x_wconf 63' lang='lat' dir='ltr'><strong>iiib&#39;i‘1)..l.ii</strong></span> <span class='ocrx_word' id='word_1_4' title='bbox 2301 429 2441 488; x_wconf 79' lang='lat' dir='ltr'><strong>LIB.</strong></span> <span class='ocrx_word' id='word_1_5' title='bbox 2491 430 2625 492; x_wconf 71' lang='grc' dir='ltr'><strong>ΧΗ.</strong></span> 
     </span>
    </p>
   </div>
   <div class='ocr_carea' id='block_1_3' title="bbox 3509 429 3614 495">
    <p class='ocr_par' dir='ltr' id='par_1_3' title="bbox 3509 429 3614 495">
     <span class='ocr_line' id='line_1_3' title="bbox 3509 429 3614 495; baseline -0.038 0"><span class='ocrx_word' id='word_1_6' title='bbox 3509 429 3614 495; x_wconf 74' lang='lat'><strong>89)</strong></span> 
     </span>
    </p>
   </div>
   <div class='ocr_carea' id='block_1_4' title="bbox 347 522 1931 616">
    <p class='ocr_par' dir='ltr' id='par_1_4' title="bbox 347 522 1916 603">
     <span class='ocr_line' id='line_1_4' title="bbox 347 522 1916 603; baseline 0.011 -28"><span class='ocrx_word' id='word_1_7' title='bbox 347 522 536 586; x_wconf 78' lang='grc' dir='ltr'>ἐντός“</span> <span class='ocrx_word' id='word_1_8' title='bbox 568 524 782 594; x_wconf 77' lang='grc' dir='ltr'>μεγάλη</span> <span class='ocrx_word' id='word_1_9' title='bbox 808 525 863 578; x_wconf 82' lang='grc' dir='ltr'><strong>δέ</strong></span> <span class='ocrx_word' id='word_1_10' title='bbox 904 527 1021 580; x_wconf 71' lang='grc' dir='ltr'>λίαν</span> <span class='ocrx_word' id='word_1_11' title='bbox 1062 531 1092 598; x_wconf 83' lang='grc' dir='ltr'>ἡ</span> <span class='ocrx_word' id='word_1_12' title='bbox 1139 528 1289 594; x_wconf 78' lang='grc' dir='ltr'>πόλις</span> <span class='ocrx_word' id='word_1_13' title='bbox 1338 534 1431 585; x_wconf 72' lang='grc' dir='ltr'><strong>καὶ</strong></span> <span class='ocrx_word' id='word_1_14' title='bbox 1466 535 1916 603; x_wconf 68' lang='grc' dir='ltr'><strong>πολυάνθρωπος.</strong></span> 
     </span>
    </p>
   </div>
   <div class='ocr_carea' id='block_1_5' title="bbox 2037 522 3611 616">
    <p class='ocr_par' dir='ltr' id='par_1_5' title="bbox 2042 532 3611 616">
     <span class='ocr_line' id='line_1_5' title="bbox 2042 532 3611 616; baseline 0.008 -24"><span class='ocrx_word' id='word_1_15' title='bbox 2042 541 2126 594; x_wconf 69' lang='lat' dir='ltr'><strong>iia-</strong></span> <span class='ocrx_word' id='word_1_16' title='bbox 2160 543 2377 612; x_wconf 76' lang='lat' dir='ltr'><strong>populis</strong></span> <span class='ocrx_word' id='word_1_17' title='bbox 2442 554 2658 612; x_wconf 65' lang='lat' dir='ltr'><strong>prmcst,</strong></span> <span class='ocrx_word' id='word_1_18' title='bbox 2726 547 2920 613; x_wconf 68' lang='lat' dir='ltr'><strong>ingens</strong></span> <span class='ocrx_word' id='word_1_19' title='bbox 2969 558 3024 600; x_wconf 90' lang='lat' dir='ltr'><strong>et</strong></span> <span class='ocrx_word' id='word_1_20' title='bbox 3060 532 3368 616; x_wconf 86' lang='lat' dir='ltr'><strong>populosa:</strong></span> <span class='ocrx_word' id='word_1_21' title='bbox 3419 550 3475 602; x_wconf 90' lang='lat' dir='ltr'><strong>in</strong></span> <span class='ocrx_word' id='word_1_22' title='bbox 3510 551 3611 604; x_wconf 91' lang='lat' dir='ltr'><strong>hac</strong></span> 
     </span>
    </p>
   </div>
   <div class='ocr_carea' id='block_1_6' title="bbox 360 611 1927 697">
    <p class='ocr_par' dir='ltr' id='par_1_6' title="bbox 360 611 1927 697">
     <span class='ocr_line' id='line_1_6' title="bbox 360 611 1927 697; baseline 0.012 -33"><span class='ocrx_word' id='word_1_23' title='bbox 360 611 449 666; x_wconf 79' lang='grc' dir='ltr'><strong>Ἐν</strong></span> <span class='ocrx_word' id='word_1_24' title='bbox 470 613 535 684; x_wconf 77' lang='grc' dir='ltr'>δὴ</span> <span class='ocrx_word' id='word_1_25' title='bbox 557 614 729 687; x_wconf 80' lang='grc' dir='ltr'>ταύτῃ</span> <span class='ocrx_word' id='word_1_26' title='bbox 756 619 942 683; x_wconf 77' lang='grc' dir='ltr'><strong>στάσις</strong></span> <span class='ocrx_word' id='word_1_27' title='bbox 1000 622 1235 694; x_wconf 75' lang='grc' dir='ltr'><strong>μεγίστη</strong></span> <span class='ocrx_word' id='word_1_28' title='bbox 1264 625 1503 692; x_wconf 79' lang='grc' dir='ltr'>ἐγένετο,</span> <span class='ocrx_word' id='word_1_29' title='bbox 1526 629 1705 681; x_wconf 83' lang='grc' dir='ltr'>αἰτίαν</span> <span class='ocrx_word' id='word_1_30' title='bbox 1725 629 1927 697; x_wconf 72' lang='grc' dir='ltr'>σχοῦσα</span> 
     </span>
    </p>
   </div>
   <div class='ocr_carea' id='block_1_7' title="bbox 344 698 1927 789">
    <p class='ocr_par' dir='ltr' id='par_1_7' title="bbox 344 698 1927 789">
     <span class='ocr_line' id='line_1_7' title="bbox 344 698 1927 789; baseline 0.01 -31"><span class='ocrx_word' id='word_1_31' title='bbox 344 698 580 762; x_wconf 74' lang='grc' dir='ltr'><strong>⁸ἶιοιάνδε.</strong></span> <span class='ocrx_word' id='word_1_32' title='bbox 662 711 913 783; x_wconf 80' lang='grc' dir='ltr'>Ἡνίοχος</span> <span class='ocrx_word' id='word_1_33' title='bbox 957 715 1290 788; x_wconf 85' lang='grc' dir='ltr'>Βουθερίχου</span> <span class='ocrx_word' id='word_1_34' title='bbox 1341 718 1400 783; x_wconf 81' lang='grc' dir='ltr'>ὃς</span> <span class='ocrx_word' id='word_1_35' title='bbox 1462 722 1771 789; x_wconf 77' lang='grc' dir='ltr'>τηνικαῦτα</span> <span class='ocrx_word' id='word_1_36' title='bbox 1817 725 1927 775; x_wconf 81' lang='grc' dir='ltr'><strong>τῶν</strong></span> 
     </span>
    </p>
   </div>
   <div class='ocr_carea' id='block_1_8' title="bbox 346 800 1927 887">
    <p class='ocr_par' dir='ltr' id='par_1_8' title="bbox 346 800 1927 887">
     <span class='ocr_line' id='line_1_8' title="bbox 346 800 1927 887; baseline 0.009 -33"><span class='ocrx_word' id='word_1_37' title='bbox 346 800 481 872; x_wconf 86' lang='grc' dir='ltr'>παρ’</span> <span class='ocrx_word' id='word_1_38' title='bbox 524 803 808 873; x_wconf 79' lang='grc' dir='ltr'>Ἰλλυριοῖς</span> <span class='ocrx_word' id='word_1_39' title='bbox 861 810 1049 879; x_wconf 80' lang='grc' dir='ltr'>ἠγεῖτο</span> <span class='ocrx_word' id='word_1_40' title='bbox 1106 814 1483 881; x_wconf 80' lang='grc' dir='ltr'><strong>στρατιωτῶν,</strong></span> <span class='ocrx_word' id='word_1_41' title='bbox 1547 816 1640 867; x_wconf 69' lang='grc' dir='ltr'>τὸν</span> <span class='ocrx_word' id='word_1_42' title='bbox 1688 818 1927 887; x_wconf 78' lang='grc' dir='ltr'><strong>οἰνοχόον</strong></span> 
     </span>
    </p>
   </div>
   <div class='ocr_carea' id='block_1_9' title="bbox 347 894 1924 974">
    <p class='ocr_par' dir='ltr' id='par_1_9' title="bbox 347 894 1924 974">
     <span class='ocr_line' id='line_1_9' title="bbox 347 894 1924 974; baseline 0.01 -28"><span class='ocrx_word' id='word_1_43' title='bbox 347 894 595 964; x_wconf 74' lang='grc' dir='ltr'>αἰσχρῶς</span> <span class='ocrx_word' id='word_1_44' title='bbox 648 896 795 961; x_wconf 81' lang='grc' dir='ltr'>ίδὼν,</span> <span class='ocrx_word' id='word_1_45' title='bbox 857 901 1137 971; x_wconf 80' lang='grc' dir='ltr'><strong>ἐπείρασε.</strong></span> <span class='ocrx_word' id='word_1_46' title='bbox 1197 906 1494 974; x_wconf 77' lang='grc' dir='ltr'>Συσχεθεὶς</span> <span class='ocrx_word' id='word_1_47' title='bbox 1548 908 1603 960; x_wconf 83' lang='grc' dir='ltr'>δὲ</span> <span class='ocrx_word' id='word_1_48' title='bbox 1629 908 1718 960; x_wconf 70' lang='grc' dir='ltr'><strong>διὰ</strong></span> <span class='ocrx_word' id='word_1_49' title='bbox 1745 910 1924 972; x_wconf 79' lang='grc' dir='ltr'>τοῦτο,</span> 
     </span>
    </p>
   </div>
   <div class='ocr_carea' id='block_1_10' title="bbox 350 987 1925 1070">
    <p class='ocr_par' dir='ltr' id='par_1_10' title="bbox 350 987 1925 1070">
     <span class='ocr_line' id='line_1_10' title="bbox 350 987 1925 1070; baseline 0.009 -29"><span class='ocrx_word' id='word_1_50' title='bbox 350 987 457 1041; x_wconf 80' lang='grc' dir='ltr'><strong>ὑπὸ</strong></span> <span class='ocrx_word' id='word_1_51' title='bbox 491 988 742 1059; x_wconf 79' lang='grc' dir='ltr'>φρουρὰν</span> <span class='ocrx_word' id='word_1_52' title='bbox 787 994 1025 1061; x_wconf 84' lang='grc' dir='ltr'>ἐγένετο.</span> <span class='ocrx_word' id='word_1_53' title='bbox 1076 996 1234 1051; x_wconf 71' lang='grc' dir='ltr'>Ἐπεὶ</span> <span class='ocrx_word' id='word_1_54' title='bbox 1279 999 1325 1052; x_wconf 90' lang='grc' dir='ltr'><strong>δ.’</strong></span> <span class='ocrx_word' id='word_1_55' title='bbox 1355 1002 1630 1070; x_wconf 77' lang='grc' dir='ltr'>ἐπίσημος</span> <span class='ocrx_word' id='word_1_56' title='bbox 1662 1002 1925 1070; x_wconf 81' lang='grc' dir='ltr'>ἱπποδρο-</span> 
     </span>
    </p>
   </div>
   <div class='ocr_carea' id='block_1_11' title="bbox 355 1080 1929 1164">
    <p class='ocr_par' dir='ltr' id='par_1_11' title="bbox 355 1080 1929 1164">
     <span class='ocr_line' id='line_1_11' title="bbox 355 1080 1929 1164; baseline 0.01 -32"><span class='ocrx_word' id='word_1_57' title='bbox 355 1080 452 1150; x_wconf 85' lang='grc' dir='ltr'><strong>μία</strong></span> <span class='ocrx_word' id='word_1_58' title='bbox 480 1082 750 1138; x_wconf 76' lang='grc' dir='ltr'>τελεῖσθαι</span> <span class='ocrx_word' id='word_1_59' title='bbox 780 1086 920 1139; x_wconf 80' lang='grc' dir='ltr'>κατὰ</span> <span class='ocrx_word' id='word_1_60' title='bbox 949 1087 1045 1157; x_wconf 84' lang='grc' dir='ltr'>τὴν</span> <span class='ocrx_word' id='word_1_61' title='bbox 1072 1090 1230 1142; x_wconf 85' lang='grc' dir='ltr'>πόλιν</span> <span class='ocrx_word' id='word_1_62' title='bbox 1256 1090 1504 1159; x_wconf 81' lang='grc' dir='ltr'>ἔμελλεν,</span> <span class='ocrx_word' id='word_1_63' title='bbox 1535 1095 1562 1144; x_wconf 88' lang='grc' dir='ltr'><strong>ό</strong></span> <span class='ocrx_word' id='word_1_64' title='bbox 1613 1094 1790 1164; x_wconf 83' lang='grc' dir='ltr'>δῆμος</span> <span class='ocrx_word' id='word_1_65' title='bbox 1816 1095 1929 1147; x_wconf 84' lang='grc' dir='ltr'>ἐλι-</span> 
     </span>
    </p>
   </div>
   <div class='ocr_carea' id='block_1_12' title="bbox 352 1175 1927 1255">
    <p class='ocr_par' dir='ltr' id='par_1_12' title="bbox 352 1175 1927 1255">
     <span class='ocr_line' id='line_1_12' title="bbox 352 1175 1927 1255; baseline 0.009 -28"><span class='ocrx_word' id='word_1_66' title='bbox 352 1175 515 1245; x_wconf 76' lang='grc' dir='ltr'>πάρει</span> <span class='ocrx_word' id='word_1_67' title='bbox 574 1177 908 1250; x_wconf 81' lang='grc' dir='ltr'><strong>συγγνώμης</strong></span> <span class='ocrx_word' id='word_1_68' title='bbox 972 1184 1063 1236; x_wconf 85' lang='grc' dir='ltr'>τὸν</span> <span class='ocrx_word' id='word_1_69' title='bbox 1122 1185 1342 1255; x_wconf 79' lang='grc' dir='ltr'>ἡνίοχον</span> <span class='ocrx_word' id='word_1_70' title='bbox 1402 1187 1690 1251; x_wconf 81' lang='grc' dir='ltr'>ἀξιοῦσθαι</span> <span class='ocrx_word' id='word_1_71' title='bbox 1738 1186 1927 1252; x_wconf 82' lang='grc' dir='ltr'><strong>δεξιῶς</strong></span> 
     </span>
    </p>
   </div>
   <div class='ocr_carea' id='block_1_13' title="bbox 350 1268 1927 1349">
    <p class='ocr_par' dir='ltr' id='par_1_13' title="bbox 350 1268 1927 1349">
     <span class='ocr_line' id='line_1_13' title="bbox 350 1268 1927 1349; baseline 0.007 -29"><span class='ocrx_word' id='word_1_72' title='bbox 350 1268 543 1336; x_wconf 77' lang='grc' dir='ltr'>ἔχοντα</span> <span class='ocrx_word' id='word_1_73' title='bbox 578 1272 714 1340; x_wconf 77' lang='grc' dir='ltr'>πρὸς</span> <span class='ocrx_word' id='word_1_74' title='bbox 738 1272 796 1324; x_wconf 74' lang='grc' dir='ltr'>τὸ</span> <span class='ocrx_word' id='word_1_75' title='bbox 818 1273 1002 1343; x_wconf 80' lang='grc' dir='ltr'>ἔργον,</span> <span class='ocrx_word' id='word_1_76' title='bbox 1042 1278 1131 1329; x_wconf 75' lang='grc' dir='ltr'>καὶ</span> <span class='ocrx_word' id='word_1_77' title='bbox 1166 1279 1427 1347; x_wconf 74' lang='grc' dir='ltr'>ἀφίεσθαι</span> <span class='ocrx_word' id='word_1_78' title='bbox 1456 1279 1533 1349; x_wconf 78' lang='grc' dir='ltr'><strong>τῷ</strong></span> <span class='ocrx_word' id='word_1_79' title='bbox 1576 1280 1775 1343; x_wconf 86' lang='grc' dir='ltr'>ἁγῶνι.</span> <span class='ocrx_word' id='word_1_80' title='bbox 1838 1281 1927 1343; x_wconf 83' lang='grc' dir='ltr'><strong>Ὠς</strong></span> 
     </span>
    </p>
   </div>
   <div class='ocr_carea' id='block_1_14' title="bbox 346 1363 1930 1448">
    <p class='ocr_par' dir='ltr' id='par_1_14' title="bbox 346 1363 1930 1448">
     <span class='ocr_line' id='line_1_14' title="bbox 346 1363 1930 1448; baseline 0.009 -34"><span class='ocrx_word' id='word_1_81' title='bbox 346 1363 404 1415; x_wconf 81' lang='grc' dir='ltr'>δὲ</span> <span class='ocrx_word' id='word_1_82' title='bbox 438 1365 609 1418; x_wconf 66' lang='grc' dir='ltr'>πολλὰ</span> <span class='ocrx_word' id='word_1_83' title='bbox 636 1368 918 1437; x_wconf 77' lang='grc' dir='ltr'><strong>δεηθέντες</strong></span> <span class='ocrx_word' id='word_1_84' title='bbox 962 1373 1113 1426; x_wconf 73' lang='grc' dir='ltr'>οὐδὲν</span> <span class='ocrx_word' id='word_1_85' title='bbox 1144 1373 1332 1444; x_wconf 74' lang='grc' dir='ltr'>ἤνυον,</span> <span class='ocrx_word' id='word_1_86' title='bbox 1372 1379 1454 1440; x_wconf 87' lang='grc' dir='ltr'><strong>εἰς</strong></span> <span class='ocrx_word' id='word_1_87' title='bbox 1502 1372 1783 1448; x_wconf 80' lang='grc' dir='ltr'>μεγίστην</span> <span class='ocrx_word' id='word_1_88' title='bbox 1817 1379 1930 1428; x_wconf 82' lang='grc' dir='ltr'>ἐκι-</span> 
     </span>
    </p>
   </div>
   <div class='ocr_carea' id='block_1_15' title="bbox 347 1457 1927 1537">
    <p class='ocr_par' dir='ltr' id='par_1_15' title="bbox 347 1457 1927 1537">
     <span class='ocr_line' id='line_1_15' title="bbox 347 1457 1927 1537; baseline 0.01 -31"><span class='ocrx_word' id='word_1_89' title='bbox 347 1457 534 1510; x_wconf 70' lang='grc' dir='ltr'>νοῦντο</span> <span class='ocrx_word' id='word_1_90' title='bbox 573 1460 797 1514; x_wconf 66' lang='grc' dir='ltr'>στάσιν·</span> <span class='ocrx_word' id='word_1_91' title='bbox 831 1467 925 1517; x_wconf 76' lang='grc' dir='ltr'>καὶ</span> <span class='ocrx_word' id='word_1_92' title='bbox 958 1466 1396 1537; x_wconf 84' lang='grc' dir='ltr'>χαλεπήναντες.</span> <span class='ocrx_word' id='word_1_93' title='bbox 1448 1470 1682 1533; x_wconf 87' lang='grc' dir='ltr'>πολλούς</span> <span class='ocrx_word' id='word_1_94' title='bbox 1731 1487 1789 1521; x_wconf 89' lang='grc' dir='ltr'><strong>τε</strong></span> <span class='ocrx_word' id='word_1_95' title='bbox 1818 1472 1927 1523; x_wconf 76' lang='grc' dir='ltr'>τῶν</span> 
     </span>
    </p>
   </div>
   <div class='ocr_carea' id='block_1_16' title="bbox 351 1544 1924 1627">
    <p class='ocr_par' dir='ltr' id='par_1_16' title="bbox 351 1544 1924 1627">
     <span class='ocr_line' id='line_1_16' title="bbox 351 1544 1924 1627; baseline 0.011 -32"><span class='ocrx_word' id='word_1_96' title='bbox 351 1544 651 1609; x_wconf 65' lang='grc' dir='ltr'>βασιλικῶν</span> <span class='ocrx_word' id='word_1_97' title='bbox 676 1550 886 1603; x_wconf 83' lang='grc' dir='ltr'>ἀνεῖλον</span> <span class='ocrx_word' id='word_1_98' title='bbox 916 1554 1214 1623; x_wconf 79' lang='grc' dir='ltr'><strong>ἀρχόντων,</strong></span> <span class='ocrx_word' id='word_1_99' title='bbox 1252 1558 1347 1607; x_wconf 75' lang='grc' dir='ltr'><strong>καὶ</strong></span> <span class='ocrx_word' id='word_1_100' title='bbox 1382 1556 1708 1627; x_wconf 79' lang='grc' dir='ltr'>Βουθερίχον</span> <span class='ocrx_word' id='word_1_101' title='bbox 1736 1560 1924 1612; x_wconf 78' lang='grc' dir='ltr'>αὐτόν.</span> 
     </span>
    </p>
   </div>
   <div class='ocr_carea' id='block_1_17' title="bbox 352 1635 1927 1720">
    <p class='ocr_par' dir='ltr' id='par_1_17' title="bbox 352 1635 1927 1720">
     <span class='ocr_line' id='line_1_17' title="bbox 352 1635 1927 1720; baseline 0.009 -32"><span class='ocrx_word' id='word_1_102' title='bbox 352 1637 587 1703; x_wconf 80' lang='grc' dir='ltr'>Ἀλλους</span> <span class='ocrx_word' id='word_1_103' title='bbox 618 1643 674 1694; x_wconf 70' lang='grc' dir='ltr'>δὲ</span> <span class='ocrx_word' id='word_1_104' title='bbox 716 1643 889 1705; x_wconf 78' lang='grc' dir='ltr'>λίθοις</span> <span class='ocrx_word' id='word_1_105' title='bbox 941 1635 1282 1714; x_wconf 77' lang='grc' dir='ltr'>κατέχωσαν.</span> <span class='ocrx_word' id='word_1_106' title='bbox 1333 1649 1529 1702; x_wconf 85' lang='grc' dir='ltr'>ἔπειτα</span> <span class='ocrx_word' id='word_1_107' title='bbox 1561 1651 1655 1702; x_wconf 68' lang='grc' dir='ltr'>καὶ</span> <span class='ocrx_word' id='word_1_108' title='bbox 1690 1650 1927 1720; x_wconf 63' lang='grc' dir='ltr'>δημοσία</span> 
     </span>
    </p>
   </div>
   <div class='ocr_carea' id='block_1_18' title="bbox 349 1733 1930 1813">
    <p class='ocr_par' dir='ltr' id='par_1_18' title="bbox 349 1733 1930 1813">
     <span class='ocr_line' id='line_1_18' title="bbox 349 1733 1930 1813; baseline 0.01 -32"><span class='ocrx_word' id='word_1_109' title='bbox 349 1733 678 1801; x_wconf 75' lang='grc' dir='ltr'>κατέσυρον.</span> <span class='ocrx_word' id='word_1_110' title='bbox 726 1736 882 1791; x_wconf 79' lang='grc' dir='ltr'>Ἐπεὶ</span> <span class='ocrx_word' id='word_1_111' title='bbox 941 1740 1071 1805; x_wconf 78' lang='grc' dir='ltr'>γοῦν</span> <span class='ocrx_word' id='word_1_112' title='bbox 1103 1741 1245 1808; x_wconf 79' lang='grc' dir='ltr'>ἔγνω</span> <span class='ocrx_word' id='word_1_113' title='bbox 1273 1743 1448 1796; x_wconf 78' lang='grc' dir='ltr'>ταῦτα</span> <span class='ocrx_word' id='word_1_114' title='bbox 1481 1747 1507 1796; x_wconf 89' lang='grc' dir='ltr'><strong>ό</strong></span> <span class='ocrx_word' id='word_1_115' title='bbox 1540 1745 1818 1813; x_wconf 72' lang='grc' dir='ltr'>βασιλεὺς,</span> <span class='ocrx_word' id='word_1_116' title='bbox 1850 1747 1930 1807; x_wconf 86' lang='grc' dir='ltr'><strong>είς</strong></span> 
     </span>
    </p>
   </div>
   <div class='ocr_carea' id='block_1_19' title="bbox 300 1825 1929 1908">
    <p class='ocr_par' dir='ltr' id='par_1_19' title="bbox 300 1825 1929 1908">
     <span class='ocr_line' id='line_1_19' title="bbox 300 1825 1929 1908; baseline 0.014 -36"><span class='ocrx_word' id='word_1_117' title='bbox 300 1866 304 1870; x_wconf 94' lang='grc'><strong>.</strong></span> <span class='ocrx_word' id='word_1_118' title='bbox 350 1825 589 1896; x_wconf 76' lang='grc' dir='ltr'><strong>ἄμετρον</strong></span> <span class='ocrx_word' id='word_1_119' title='bbox 632 1828 850 1897; x_wconf 78' lang='grc' dir='ltr'><strong>ἀνήφθη</strong></span> <span class='ocrx_word' id='word_1_120' title='bbox 907 1831 1256 1902; x_wconf 72' lang='grc' dir='ltr'>ὀργήν-’καὶ</span> <span class='ocrx_word' id='word_1_121' title='bbox 1285 1835 1383 1887; x_wconf 84' lang='grc' dir='ltr'>τοῦ</span> <span class='ocrx_word' id='word_1_122' title='bbox 1418 1836 1592 1906; x_wconf 72' lang='grc' dir='ltr'>θυμοῦ</span> <span class='ocrx_word' id='word_1_123' title='bbox 1619 1836 1716 1906; x_wconf 78' lang='grc' dir='ltr'>τὴν</span> <span class='ocrx_word' id='word_1_124' title='bbox 1749 1836 1929 1908; x_wconf 76' lang='grc' dir='ltr'>ῥύμην</span> 
     </span>
    </p>
   </div>
   <div class='ocr_carea' id='block_1_20' title="bbox 353 1918 1925 1995">
    <p class='ocr_par' dir='ltr' id='par_1_20' title="bbox 353 1918 1925 1995">
     <span class='ocr_line' id='line_1_20' title="bbox 353 1918 1925 1995; baseline 0.006 -27"><span class='ocrx_word' id='word_1_125' title='bbox 353 1918 425 1986; x_wconf 82' lang='grc' dir='ltr'>μὴ</span> <span class='ocrx_word' id='word_1_126' title='bbox 455 1918 715 1985; x_wconf 75' lang='grc' dir='ltr'><strong>ἐνεγκὼν,</strong></span> <span class='ocrx_word' id='word_1_127' title='bbox 749 1921 963 1990; x_wconf 77' lang='grc' dir='ltr'>παρῆκε</span> <span class='ocrx_word' id='word_1_128' title='bbox 988 1924 1093 1985; x_wconf 84' lang='grc' dir='ltr'>τὰς</span> <span class='ocrx_word' id='word_1_129' title='bbox 1113 1924 1273 1991; x_wconf 79' lang='grc' dir='ltr'>ἡνίας</span> <span class='ocrx_word' id='word_1_130' title='bbox 1302 1925 1398 1977; x_wconf 81' lang='grc' dir='ltr'>τοῦ</span> <span class='ocrx_word' id='word_1_131' title='bbox 1429 1924 1712 1994; x_wconf 84' lang='grc' dir='ltr'>λογισμοῦ,</span> <span class='ocrx_word' id='word_1_132' title='bbox 1742 1926 1838 1979; x_wconf 79' lang='grc' dir='ltr'>καὶ</span> <span class='ocrx_word' id='word_1_133' title='bbox 1860 1929 1925 1995; x_wconf 83' lang='grc' dir='ltr'>τῇ</span> 
     </span>
    </p>
   </div>
   <div class='ocr_carea' id='block_1_21' title="bbox 349 2014 1930 2089">
    <p class='ocr_par' dir='ltr' id='par_1_21' title="bbox 349 2014 1930 2089">
     <span class='ocr_line' id='line_1_21' title="bbox 349 2014 1930 2089; baseline 0.005 -24"><span class='ocrx_word' id='word_1_134' title='bbox 349 2014 544 2085; x_wconf 78' lang='grc' dir='ltr'>ἀλογίᾳ</span> <span class='ocrx_word' id='word_1_135' title='bbox 584 2016 685 2084; x_wconf 83' lang='grc' dir='ltr'>τὴν</span> <span class='ocrx_word' id='word_1_136' title='bbox 715 2015 894 2085; x_wconf 77' lang='grc' dir='ltr'>ψῆφον</span> <span class='ocrx_word' id='word_1_137' title='bbox 926 2016 1268 2086; x_wconf 80' lang='grc' dir='ltr'>ἐπήνεγκεν·</span> <span class='ocrx_word' id='word_1_138' title='bbox 1328 2018 1362 2089; x_wconf 79' lang='grc' dir='ltr'>ἢ</span> <span class='ocrx_word' id='word_1_139' title='bbox 1395 2019 1459 2088; x_wconf 83' lang='grc' dir='ltr'>δὴ</span> <span class='ocrx_word' id='word_1_140' title='bbox 1512 2021 1612 2088; x_wconf 82' lang='grc' dir='ltr'>τῆς</span> <span class='ocrx_word' id='word_1_141' title='bbox 1660 2020 1930 2088; x_wconf 83' lang='grc' dir='ltr'><strong>τοσαύτης</strong></span> 
     </span>
    </p>
   </div>
   <div class='ocr_carea' id='block_1_22' title="bbox 349 2107 1926 2182">
    <p class='ocr_par' dir='ltr' id='par_1_22' title="bbox 349 2107 1926 2182">
     <span class='ocr_line' id='line_1_22' title="bbox 349 2107 1926 2182; baseline 0.003 -22"><span class='ocrx_word' id='word_1_142' title='bbox 349 2110 534 2170; x_wconf 86' lang='grc' dir='ltr'>ἀδείας</span> <span class='ocrx_word' id='word_1_143' title='bbox 580 2110 993 2180; x_wconf 83' lang='grc' dir='ltr'>ἐπειλημμένη,</span> <span class='ocrx_word' id='word_1_144' title='bbox 1048 2107 1247 2179; x_wconf 72' lang='grc' dir='ltr'>οἷάπερ</span> <span class='ocrx_word' id='word_1_145' title='bbox 1289 2113 1591 2182; x_wconf 83' lang='grc' dir='ltr'>αὐτόνομος</span> <span class='ocrx_word' id='word_1_146' title='bbox 1644 2114 1926 2179; x_wconf 82' lang='grc' dir='ltr'>τύραννος,</span> 
     </span>
    </p>
   </div>
   <div class='ocr_carea' id='block_1_23' title="bbox 347 2201 1929 2273">
    <p class='ocr_par' dir='ltr' id='par_1_23' title="bbox 347 2201 1929 2273">
     <span class='ocr_line' id='line_1_23' title="bbox 347 2201 1929 2273; baseline 0.002 -20"><span class='ocrx_word' id='word_1_147' title='bbox 347 2201 509 2253; x_wconf 79' lang='grc' dir='ltr'>ἄδικα</span> <span class='ocrx_word' id='word_1_148' title='bbox 541 2203 673 2271; x_wconf 76' lang='grc' dir='ltr'>ξίφη</span> <span class='ocrx_word' id='word_1_149' title='bbox 707 2205 849 2256; x_wconf 86' lang='grc' dir='ltr'>κατὰ</span> <span class='ocrx_word' id='word_1_150' title='bbox 899 2204 1121 2257; x_wconf 83' lang='grc' dir='ltr'>πάντων</span> <span class='ocrx_word' id='word_1_151' title='bbox 1180 2205 1510 2273; x_wconf 77' lang='grc' dir='ltr'>ἐγύμνωσεο</span> <span class='ocrx_word' id='word_1_152' title='bbox 1561 2207 1653 2257; x_wconf 72' lang='grc' dir='ltr'>καὶ</span> <span class='ocrx_word' id='word_1_153' title='bbox 1703 2206 1929 2273; x_wconf 79' lang='grc' dir='ltr'><strong>ἀπηνῶς</strong></span> 
     </span>
    </p>
   </div>
   <div class='ocr_carea' id='block_1_24' title="bbox 349 2291 1929 2361">
    <p class='ocr_par' dir='ltr' id='par_1_24' title="bbox 349 2291 1929 2361">
     <span class='ocr_line' id='line_1_24' title="bbox 349 2291 1929 2361; baseline 0.001 -18"><span class='ocrx_word' id='word_1_154' title='bbox 349 2291 525 2356; x_wconf 77' lang='grc' dir='ltr'>οὕτως</span> <span class='ocrx_word' id='word_1_155' title='bbox 553 2295 616 2347; x_wconf 85' lang='grc' dir='ltr'>οὐ</span> <span class='ocrx_word' id='word_1_156' title='bbox 646 2294 771 2357; x_wconf 78' lang='grc' dir='ltr'>τοὺς</span> <span class='ocrx_word' id='word_1_157' title='bbox 806 2292 1168 2361; x_wconf 80' lang='grc' dir='ltr'>ὑπευθύνους,</span> <span class='ocrx_word' id='word_1_158' title='bbox 1224 2296 1359 2353; x_wconf 83' lang='grc' dir='ltr'><strong>ἀλλά</strong></span> <span class='ocrx_word' id='word_1_159' title='bbox 1392 2298 1484 2349; x_wconf 71' lang='grc' dir='ltr'>καὶ</span> <span class='ocrx_word' id='word_1_160' title='bbox 1539 2299 1663 2356; x_wconf 77' lang='grc' dir='ltr'>τοὺς</span> <span class='ocrx_word' id='word_1_161' title='bbox 1719 2295 1929 2357; x_wconf 79' lang='grc' dir='ltr'>ἀθώους</span> 
     </span>
    </p>
   </div>
   <div class='ocr_carea' id='block_1_25' title="bbox 350 2387 1931 2457">
    <p class='ocr_par' dir='ltr' id='par_1_25' title="bbox 350 2387 1931 2457">
     <span class='ocr_line' id='line_1_25' title="bbox 350 2387 1931 2457; baseline 0 -19"><span class='ocrx_word' id='word_1_162' title='bbox 350 2387 694 2440; x_wconf 82' lang='grc' dir='ltr'>ἀποκτείνειν</span> <span class='ocrx_word' id='word_1_163' title='bbox 724 2387 966 2442; x_wconf 86' lang='grc' dir='ltr'>ἐκέλευε.</span> <span class='ocrx_word' id='word_1_164' title='bbox 999 2390 1112 2443; x_wconf 77' lang='grc' dir='ltr'><strong>Καὶ</strong></span> <span class='ocrx_word' id='word_1_165' title='bbox 1140 2391 1221 2452; x_wconf 84' lang='grc' dir='ltr'><strong>είς</strong></span> <span class='ocrx_word' id='word_1_166' title='bbox 1252 2389 1416 2451; x_wconf 79' lang='grc' dir='ltr'>ἑπτὰ,</span> <span class='ocrx_word' id='word_1_167' title='bbox 1449 2388 1523 2450; x_wconf 83' lang='grc' dir='ltr'>ὥς</span> <span class='ocrx_word' id='word_1_168' title='bbox 1563 2405 1719 2454; x_wconf 82' lang='grc' dir='ltr'>φασι,</span> <span class='ocrx_word' id='word_1_169' title='bbox 1753 2387 1931 2457; x_wconf 85' lang='grc' dir='ltr'>χιλιά-</span> 
     </span>
    </p>
   </div>
   <div class='ocr_carea' id='block_1_26' title="bbox 349 2478 1929 2552">
    <p class='ocr_par' dir='ltr' id='par_1_26' title="bbox 349 2478 1929 2552">
     <span class='ocr_line' id='line_1_26' title="bbox 349 2478 1929 2552; baseline 0 -22"><span class='ocrx_word' id='word_1_170' title='bbox 349 2479 443 2539; x_wconf 75' lang='grc' dir='ltr'>ὃας</span> <span class='ocrx_word' id='word_1_171' title='bbox 476 2478 781 2548; x_wconf 59' lang='grc' dir='ltr'>ἀνθρώπων</span> <span class='ocrx_word' id='word_1_172' title='bbox 828 2481 856 2533; x_wconf 79' lang='grc' dir='ltr'><strong>ό</strong></span> <span class='ocrx_word' id='word_1_173' title='bbox 892 2482 1052 2548; x_wconf 83' lang='grc' dir='ltr'>φόνος</span> <span class='ocrx_word' id='word_1_174' title='bbox 1111 2480 1450 2552; x_wconf 80' lang='grc' dir='ltr'>προύχώρει,</span> <span class='ocrx_word' id='word_1_175' title='bbox 1500 2480 1713 2548; x_wconf 74' lang='grc' dir='ltr'>ἀμήτου</span> <span class='ocrx_word' id='word_1_176' title='bbox 1771 2480 1929 2548; x_wconf 78' lang='grc' dir='ltr'>δίκην</span> 
     </span>
    </p>
   </div>
   <div class='ocr_carea' id='block_1_27' title="bbox 351 2570 1930 2644">
    <p class='ocr_par' dir='ltr' id='par_1_27' title="bbox 351 2570 1930 2644">
     <span class='ocr_line' id='line_1_27' title="bbox 351 2570 1930 2644; baseline -0.002 -22"><span class='ocrx_word' id='word_1_177' title='bbox 351 2571 460 2623; x_wconf 81' lang='grc' dir='ltr'>τῶν</span> <span class='ocrx_word' id='word_1_178' title='bbox 493 2572 914 2642; x_wconf 72' lang='grc' dir='ltr'>προστυχόντων</span> <span class='ocrx_word' id='word_1_179' title='bbox 951 2571 1341 2644; x_wconf 75' lang='grc' dir='ltr'>θεριζομένων,</span> <span class='ocrx_word' id='word_1_180' title='bbox 1393 2570 1470 2641; x_wconf 83' lang='grc' dir='ltr'>μὴ</span> <span class='ocrx_word' id='word_1_181' title='bbox 1520 2570 1756 2638; x_wconf 86' lang='grc' dir='ltr'>κρίσεως</span> <span class='ocrx_word' id='word_1_182' title='bbox 1792 2572 1930 2638; x_wconf 84' lang='grc' dir='ltr'>μήτε</span> 
     </span>
    </p>
   </div>
   <div class='ocr_carea' id='block_1_28' title="bbox 290 2661 1931 2735">
    <p class='ocr_par' dir='ltr' id='par_1_28' title="bbox 290 2661 1931 2735">
     <span class='ocr_line' id='line_1_28' title="bbox 290 2661 1931 2735; baseline 0 -22"><span class='ocrx_word' id='word_1_183' title='bbox 290 2696 295 2701; x_wconf 75' lang='grc' dir='ltr'><strong>ι</strong></span> <span class='ocrx_word' id='word_1_184' title='bbox 358 2663 466 2730; x_wconf 82' lang='grc' dir='ltr'>μὴν</span> <span class='ocrx_word' id='word_1_185' title='bbox 488 2663 790 2727; x_wconf 81' lang='grc' dir='ltr'>ἐξετάσεως</span> <span class='ocrx_word' id='word_1_186' title='bbox 843 2666 1179 2735; x_wconf 76' lang='grc' dir='ltr'>ἡγουμένης.</span> <span class='ocrx_word' id='word_1_187' title='bbox 1216 2665 1337 2717; x_wconf 76' lang='grc' dir='ltr'>Εἰσὶ</span> <span class='ocrx_word' id='word_1_188' title='bbox 1381 2663 1438 2716; x_wconf 77' lang='grc' dir='ltr'>δὲ</span> <span class='ocrx_word' id='word_1_189' title='bbox 1495 2663 1549 2715; x_wconf 86' lang='grc' dir='ltr'>οἴ</span> <span class='ocrx_word' id='word_1_190' title='bbox 1600 2677 1733 2732; x_wconf 84' lang='grc' dir='ltr'>φασι</span> <span class='ocrx_word' id='word_1_191' title='bbox 1768 2661 1931 2732; x_wconf 63' lang='grc' dir='ltr'>ῥητὸν</span> 
     </span>
    </p>
   </div>
   <div class='ocr_carea' id='block_1_29' title="bbox 352 2748 1934 2822">
    <p class='ocr_par' dir='ltr' id='par_1_29' title="bbox 352 2748 1934 2822">
     <span class='ocr_line' id='line_1_29' title="bbox 352 2748 1934 2822; baseline -0.001 -19"><span class='ocrx_word' id='word_1_192' title='bbox 352 2751 657 2819; x_wconf 80' lang='grc' dir='ltr'>προστάξαι</span> <span class='ocrx_word' id='word_1_193' title='bbox 683 2751 885 2822; x_wconf 74' lang='grc' dir='ltr'>πλῆθος</span> <span class='ocrx_word' id='word_1_194' title='bbox 911 2754 1004 2804; x_wconf 84' lang='grc' dir='ltr'>τὸν</span> <span class='ocrx_word' id='word_1_195' title='bbox 1040 2751 1271 2821; x_wconf 84' lang='grc' dir='ltr'><strong>βασιλέα</strong></span> <span class='ocrx_word' id='word_1_196' title='bbox 1302 2750 1681 2821; x_wconf 83' lang='grc' dir='ltr'>ἀναιρεθῆναι.</span> <span class='ocrx_word' id='word_1_197' title='bbox 1719 2748 1934 2802; x_wconf 81' lang='grc' dir='ltr'><strong>Ἐντεῦ-</strong></span> 
     </span>
    </p>
   </div>
   <div class='ocr_carea' id='block_1_30' title="bbox 355 2841 1931 2916">
    <p class='ocr_par' dir='ltr' id='par_1_30' title="bbox 355 2841 1931 2916">
     <span class='ocr_line' id='line_1_30' title="bbox 355 2841 1931 2916; baseline -0.001 -20"><span class='ocrx_word' id='word_1_198' title='bbox 355 2845 445 2897; x_wconf 88' lang='grc' dir='ltr'><strong>θεν</strong></span> <span class='ocrx_word' id='word_1_199' title='bbox 469 2846 547 2908; x_wconf 79' lang='grc' dir='ltr'>δὲ,</span> <span class='ocrx_word' id='word_1_200' title='bbox 581 2841 667 2898; x_wconf 70' lang='grc' dir='ltr'>οἷα</span> <span class='ocrx_word' id='word_1_201' title='bbox 692 2846 860 2914; x_wconf 85' lang='grc' dir='ltr'>φιλεῖ,</span> <span class='ocrx_word' id='word_1_202' title='bbox 886 2847 983 2899; x_wconf 70' lang='grc' dir='ltr'><strong>καὶ</strong></span> <span class='ocrx_word' id='word_1_203' title='bbox 1032 2846 1200 2916; x_wconf 80' lang='grc' dir='ltr'>μηδὲν</span> <span class='ocrx_word' id='word_1_204' title='bbox 1256 2845 1649 2916; x_wconf 76' lang='grc' dir='ltr'>προσηκόντων</span> <span class='ocrx_word' id='word_1_205' title='bbox 1692 2844 1869 2910; x_wconf 79' lang='grc' dir='ltr'>φόνων</span> <span class='ocrx_word' id='word_1_206' title='bbox 1896 2841 1931 2912; x_wconf 79' lang='grc' dir='ltr'>ἡ</span> 
     </span>
    </p>
   </div>
   <div class='ocr_carea' id='block_1_31' title="bbox 356 2935 1933 3010">
    <p class='ocr_par' dir='ltr' id='par_1_31' title="bbox 356 2935 1933 3010">
     <span class='ocr_line' id='line_1_31' title="bbox 356 2935 1933 3010; baseline -0.003 -21"><span class='ocrx_word' id='word_1_207' title='bbox 356 2939 511 3002; x_wconf 83' lang='grc' dir='ltr'>πόλις</span> <span class='ocrx_word' id='word_1_208' title='bbox 545 2939 864 3008; x_wconf 81' lang='grc' dir='ltr'>ἐπίμπλατο</span> <span class='ocrx_word' id='word_1_209' title='bbox 886 2956 898 2971; x_wconf 88' lang='grc'><strong>·</strong></span> <span class='ocrx_word' id='word_1_210' title='bbox 953 2940 1012 2991; x_wconf 77' lang='grc' dir='ltr'>οὐ</span> <span class='ocrx_word' id='word_1_211' title='bbox 1051 2940 1158 3010; x_wconf 86' lang='grc' dir='ltr'>γὰρ</span> <span class='ocrx_word' id='word_1_212' title='bbox 1188 2938 1354 3006; x_wconf 88' lang='grc' dir='ltr'>μόνον</span> <span class='ocrx_word' id='word_1_213' title='bbox 1396 2937 1446 2990; x_wconf 81' lang='grc' dir='ltr'><strong>οί</strong></span> <span class='ocrx_word' id='word_1_214' title='bbox 1482 2936 1766 3005; x_wconf 77' lang='grc' dir='ltr'>ἐγχώριοι,</span> <span class='ocrx_word' id='word_1_215' title='bbox 1796 2935 1933 2988; x_wconf 81' lang='grc' dir='ltr'>ἀλλα</span> 
     </span>
    </p>
   </div>
   <div class='ocr_carea' id='block_1_32' title="bbox 350 3024 1932 3095">
    <p class='ocr_par' dir='ltr' id='par_1_32' title="bbox 350 3024 1932 3095">
     <span class='ocr_line' id='line_1_32' title="bbox 350 3024 1932 3095; baseline 0 -19"><span class='ocrx_word' id='word_1_216' title='bbox 350 3027 447 3077; x_wconf 75' lang='grc' dir='ltr'>καὶ</span> <span class='ocrx_word' id='word_1_217' title='bbox 472 3024 616 3091; x_wconf 80' lang='grc' dir='ltr'>ξένοι</span> <span class='ocrx_word' id='word_1_218' title='bbox 643 3027 786 3089; x_wconf 84' lang='grc' dir='ltr'>τινὲς</span> <span class='ocrx_word' id='word_1_219' title='bbox 819 3026 1328 3091; x_wconf 87' lang='grc' dir='ltr'>καταπλεύσαντες,</span> <span class='ocrx_word' id='word_1_220' title='bbox 1364 3026 1496 3095; x_wconf 83' lang='grc' dir='ltr'>παρ’</span> <span class='ocrx_word' id='word_1_221' title='bbox 1522 3024 1715 3078; x_wconf 79' lang='grc' dir='ltr'>ἐλπίδα</span> <span class='ocrx_word' id='word_1_222' title='bbox 1752 3026 1932 3076; x_wconf 68' lang='grc' dir='ltr'>πᾶσαν</span> 
     </span>
    </p>
   </div>
   <div class='ocr_carea' id='block_1_33' title="bbox 354 3101 1930 3189">
    <p class='ocr_par' dir='ltr' id='par_1_33' title="bbox 354 3101 1930 3189">
     <span class='ocr_line' id='line_1_33' title="bbox 354 3101 1930 3189; baseline -0.001 -20"><span class='ocrx_word' id='word_1_223' title='bbox 354 3119 621 3172; x_wconf 77' lang='grc' dir='ltr'>ἑάλωσαν.</span> <span class='ocrx_word' id='word_1_224' title='bbox 655 3120 765 3172; x_wconf 74' lang='grc' dir='ltr'><strong>Καὶ</strong></span> <span class='ocrx_word' id='word_1_225' title='bbox 792 3120 1005 3189; x_wconf 76' lang='grc' dir='ltr'>θρήνων</span> <span class='ocrx_word' id='word_1_226' title='bbox 1032 3118 1156 3183; x_wconf 76' lang='grc' dir='ltr'>ἀξια</span> <span class='ocrx_word' id='word_1_227' title='bbox 1192 3101 1484 3187; x_wconf 79' lang='grc' dir='ltr'>ἐπεγένετο</span> <span class='ocrx_word' id='word_1_228' title='bbox 1527 3118 1697 3186; x_wconf 78' lang='grc' dir='ltr'>παθη,</span> <span class='ocrx_word' id='word_1_229' title='bbox 1732 3112 1844 3169; x_wconf 75' lang='grc' dir='ltr'>οἷον</span> <span class='ocrx_word' id='word_1_230' title='bbox 1868 3116 1930 3185; x_wconf 81' lang='grc' dir='ltr'>δὴ</span> 
     </span>
    </p>
   </div>
   <div class='ocr_carea' id='block_1_34' title="bbox 2031 634 3617 696">
    <p class='ocr_par' dir='ltr' id='par_1_34' title="bbox 2031 634 3617 696">
     <span class='ocr_line' id='line_1_34' title="bbox 2031 634 3617 696; baseline 0.006 -9"><span class='ocrx_word' id='word_1_231' title='bbox 2031 634 2230 688; x_wconf 89' lang='lat' dir='ltr'><strong>seditio</strong></span> <span class='ocrx_word' id='word_1_232' title='bbox 2266 637 2497 691; x_wconf 82' lang='lat' dir='ltr'><strong>maxima</strong></span> <span class='ocrx_word' id='word_1_233' title='bbox 2524 646 2751 693; x_wconf 86' lang='lat' dir='ltr'><strong>estorta</strong></span> <span class='ocrx_word' id='word_1_234' title='bbox 2787 640 2888 693; x_wconf 89' lang='lat' dir='ltr'><strong>hac</strong></span> <span class='ocrx_word' id='word_1_235' title='bbox 2921 642 2989 693; x_wconf 90' lang='lat' dir='ltr'><strong>de</strong></span> <span class='ocrx_word' id='word_1_236' title='bbox 3044 656 3229 695; x_wconf 89' lang='lat' dir='ltr'><strong>causa.</strong></span> <span class='ocrx_word' id='word_1_237' title='bbox 3265 641 3323 695; x_wconf 88' lang='lat' dir='ltr'><strong>In</strong></span> <span class='ocrx_word' id='word_1_238' title='bbox 3359 642 3617 696; x_wconf 81' lang='lat' dir='ltr'><strong>Butheri-</strong></span> 
     </span>
    </p>
   </div>
   <div class='ocr_carea' id='block_1_35' title="bbox 2031 726 3617 804">
    <p class='ocr_par' dir='ltr' id='par_1_35' title="bbox 2031 726 3617 804">
     <span class='ocr_line' id='line_1_35' title="bbox 2031 726 3617 804; baseline 0.006 -24"><span class='ocrx_word' id='word_1_239' title='bbox 2031 726 2143 784; x_wconf 88' lang='lat' dir='ltr'><strong>chi.</strong></span> <span class='ocrx_word' id='word_1_240' title='bbox 2170 727 2262 795; x_wconf 86' lang='lat' dir='ltr'><strong>qui</strong></span> <span class='ocrx_word' id='word_1_241' title='bbox 2300 736 2412 780; x_wconf 90' lang='lat' dir='ltr'><strong>tum</strong></span> <span class='ocrx_word' id='word_1_242' title='bbox 2459 730 2791 785; x_wconf 75' lang='lat' dir='ltr'><strong>militaribus</strong></span> <span class='ocrx_word' id='word_1_243' title='bbox 2832 733 2884 785; x_wconf 90' lang='lat' dir='ltr'><strong>in</strong></span> <span class='ocrx_word' id='word_1_244' title='bbox 2948 732 3165 803; x_wconf 81' lang='lat' dir='ltr'><strong>Illyrico</strong></span> <span class='ocrx_word' id='word_1_245' title='bbox 3213 736 3387 803; x_wconf 84' lang='lat' dir='ltr'><strong>cepiis</strong></span> <span class='ocrx_word' id='word_1_246' title='bbox 3424 736 3617 804; x_wconf 70' lang='lat' dir='ltr'><strong>prml‘e—</strong></span> 
     </span>
    </p>
   </div>
   <div class='ocr_carea' id='block_1_36' title="bbox 2031 823 3613 900">
    <p class='ocr_par' dir='ltr' id='par_1_36' title="bbox 2031 823 3613 900">
     <span class='ocr_line' id='line_1_36' title="bbox 2031 823 3613 900; baseline 0.006 -25"><span class='ocrx_word' id='word_1_247' title='bbox 2031 832 2152 875; x_wconf 87' lang='lat' dir='ltr'><strong>ctus</strong></span> <span class='ocrx_word' id='word_1_248' title='bbox 2174 823 2369 885; x_wconf 79' lang='lat' dir='ltr'><strong>fuerat,</strong></span> <span class='ocrx_word' id='word_1_249' title='bbox 2389 824 2706 892; x_wconf 88' lang='lat' dir='ltr'><strong>piucernam</strong></span> <span class='ocrx_word' id='word_1_250' title='bbox 2727 828 2913 893; x_wconf 72' lang='lat' dir='ltr'><strong>auriga</strong></span> <span class='ocrx_word' id='word_1_251' title='bbox 2932 830 3118 881; x_wconf 88' lang='lat' dir='ltr'><strong>oculos</strong></span> <span class='ocrx_word' id='word_1_252' title='bbox 3141 829 3440 898; x_wconf 83' lang='lat' dir='ltr'><strong>adjcccrat,</strong></span> <span class='ocrx_word' id='word_1_253' title='bbox 3463 831 3613 900; x_wconf 89' lang='lat' dir='ltr'><strong>ejus-</strong></span> 
     </span>
    </p>
   </div>
   <div class='ocr_carea' id='block_1_37' title="bbox 2032 914 3613 990">
    <p class='ocr_par' dir='ltr' id='par_1_37' title="bbox 2032 914 3613 990">
     <span class='ocr_line' id='line_1_37' title="bbox 2032 914 3613 990; baseline 0.007 -25"><span class='ocrx_word' id='word_1_254' title='bbox 2032 929 2138 981; x_wconf 89' lang='lat' dir='ltr'><strong>qne</strong></span> <span class='ocrx_word' id='word_1_255' title='bbox 2172 914 2495 982; x_wconf 69' lang='lat' dir='ltr'><strong>pudicitiam</strong></span> <span class='ocrx_word' id='word_1_256' title='bbox 2548 927 2801 971; x_wconf 86' lang='lat' dir='ltr'><strong>tentarat.</strong></span> <span class='ocrx_word' id='word_1_257' title='bbox 2839 916 2902 971; x_wconf 86' lang='lat' dir='ltr'><strong>Et</strong></span> <span class='ocrx_word' id='word_1_258' title='bbox 2933 936 2994 972; x_wconf 87' lang='lat' dir='ltr'><strong>ea</strong></span> <span class='ocrx_word' id='word_1_259' title='bbox 3031 921 3098 972; x_wconf 91' lang='lat' dir='ltr'><strong>de</strong></span> <span class='ocrx_word' id='word_1_260' title='bbox 3147 936 3309 974; x_wconf 88' lang='lat' dir='ltr'><strong>causa</strong></span> <span class='ocrx_word' id='word_1_261' title='bbox 3358 937 3613 990; x_wconf 85' lang='lat' dir='ltr'><strong>compre—</strong></span> 
     </span>
    </p>
   </div>
   <div class='ocr_carea' id='block_1_38' title="bbox 2032 1004 3612 1083">
    <p class='ocr_par' dir='ltr' id='par_1_38' title="bbox 2032 1004 3612 1083">
     <span class='ocr_line' id='line_1_38' title="bbox 2032 1004 3612 1083; baseline 0.005 -26"><span class='ocrx_word' id='word_1_262' title='bbox 2032 1004 2259 1068; x_wconf 89' lang='lat' dir='ltr'><strong>hensus,</strong></span> <span class='ocrx_word' id='word_1_263' title='bbox 2296 1007 2347 1060; x_wconf 88' lang='lat' dir='ltr'><strong>in</strong></span> <span class='ocrx_word' id='word_1_264' title='bbox 2378 1008 2627 1061; x_wconf 80' lang='lat' dir='ltr'><strong>custodia</strong></span> <span class='ocrx_word' id='word_1_265' title='bbox 2664 1008 3040 1063; x_wconf 82' lang='lat' dir='ltr'><strong>detinebatnr.</strong></span> <span class='ocrx_word' id='word_1_266' title='bbox 3075 1012 3237 1083; x_wconf 80' lang='lat'><strong>316</strong></span> <span class='ocrx_word' id='word_1_267' title='bbox 3263 1013 3398 1068; x_wconf 89' lang='lat' dir='ltr'><strong>Cum</strong></span> <span class='ocrx_word' id='word_1_268' title='bbox 3429 1024 3612 1067; x_wconf 91' lang='lat' dir='ltr'><strong>autem</strong></span> 
     </span>
    </p>
   </div>
   <div class='ocr_carea' id='block_1_39' title="bbox 2033 1097 3608 1175">
    <p class='ocr_par' dir='ltr' id='par_1_39' title="bbox 2033 1097 3608 1175">
     <span class='ocr_line' id='line_1_39' title="bbox 2033 1097 3608 1175; baseline 0.006 -24"><span class='ocrx_word' id='word_1_269' title='bbox 2033 1097 2248 1167; x_wconf 81' lang='lat' dir='ltr'><strong>insigne</strong></span> <span class='ocrx_word' id='word_1_270' title='bbox 2301 1099 2490 1175; x_wconf 89' lang='lat' dir='ltr'><strong>curule</strong></span> <span class='ocrx_word' id='word_1_271' title='bbox 2516 1108 2795 1154; x_wconf 80' lang='lat' dir='ltr'><strong>certamen</strong></span> <span class='ocrx_word' id='word_1_272' title='bbox 2847 1101 2900 1155; x_wconf 85' lang='lat' dir='ltr'><strong>in</strong></span> <span class='ocrx_word' id='word_1_273' title='bbox 2944 1119 3006 1156; x_wconf 87' lang='lat' dir='ltr'><strong>ea</strong></span> <span class='ocrx_word' id='word_1_274' title='bbox 3040 1105 3173 1157; x_wconf 88' lang='lat' dir='ltr'><strong>urbe</strong></span> <span class='ocrx_word' id='word_1_275' title='bbox 3237 1107 3608 1175; x_wconf 79' lang='lat' dir='ltr'><strong>peragendum</strong></span> 
     </span>
    </p>
   </div>
   <div class='ocr_carea' id='block_1_40' title="bbox 2031 1174 3607 1264">
    <p class='ocr_par' dir='ltr' id='par_1_40' title="bbox 2031 1174 3607 1264">
     <span class='ocr_line' id='line_1_40' title="bbox 2031 1174 3607 1264; baseline 0.004 -22"><span class='ocrx_word' id='word_1_276' title='bbox 2031 1200 2198 1250; x_wconf 86' lang='lat' dir='ltr'><strong>esset,</strong></span> <span class='ocrx_word' id='word_1_277' title='bbox 2232 1174 2561 1258; x_wconf 66' lang='lat' dir='ltr'><strong>supplicavit</strong></span> <span class='ocrx_word' id='word_1_278' title='bbox 2600 1176 2778 1258; x_wconf 85' lang='lat' dir='ltr'><strong>plebs,</strong></span> <span class='ocrx_word' id='word_1_279' title='bbox 2843 1203 2901 1246; x_wconf 87' lang='lat' dir='ltr'><strong>ut</strong></span> <span class='ocrx_word' id='word_1_280' title='bbox 2928 1194 3153 1261; x_wconf 53' lang='lat' dir='ltr'><strong>auriga,</strong></span> <span class='ocrx_word' id='word_1_281' title='bbox 3209 1196 3301 1263; x_wconf 87' lang='lat' dir='ltr'><strong>qui</strong></span> <span class='ocrx_word' id='word_1_282' title='bbox 3341 1196 3607 1264; x_wconf 77' lang='lat' dir='ltr'><strong>singulari</strong></span> 
     </span>
    </p>
   </div>
   <div class='ocr_carea' id='block_1_41' title="bbox 2033 1279 3611 1355">
    <p class='ocr_par' dir='ltr' id='par_1_41' title="bbox 2033 1279 3611 1355">
     <span class='ocr_line' id='line_1_41' title="bbox 2033 1279 3611 1355; baseline 0.006 -22"><span class='ocrx_word' id='word_1_283' title='bbox 2033 1279 2087 1333; x_wconf 91' lang='lat' dir='ltr'><strong>in</strong></span> <span class='ocrx_word' id='word_1_284' title='bbox 2117 1281 2422 1335; x_wconf 73' lang='lat' dir='ltr'><strong>certamine</strong></span> <span class='ocrx_word' id='word_1_285' title='bbox 2454 1297 2522 1335; x_wconf 88' lang='lat' dir='ltr'><strong>eo</strong></span> <span class='ocrx_word' id='word_1_286' title='bbox 2550 1292 2670 1336; x_wconf 90' lang='lat' dir='ltr'><strong>erat</strong></span> <span class='ocrx_word' id='word_1_287' title='bbox 2693 1283 2986 1346; x_wconf 86' lang='lat' dir='ltr'><strong>industria,</strong></span> <span class='ocrx_word' id='word_1_288' title='bbox 3021 1285 3203 1339; x_wconf 86' lang='lat' dir='ltr'><strong>delicti</strong></span> <span class='ocrx_word' id='word_1_289' title='bbox 3230 1288 3400 1355; x_wconf 76' lang='lat' dir='ltr'><strong>gratia</strong></span> <span class='ocrx_word' id='word_1_290' title='bbox 3433 1288 3611 1355; x_wconf 77' lang='lat' dir='ltr'><strong>fieret,</strong></span> 
     </span>
    </p>
   </div>
   <div class='ocr_carea' id='block_1_42' title="bbox 2031 1372 3622 1443">
    <p class='ocr_par' dir='ltr' id='par_1_42' title="bbox 2031 1372 3622 1443">
     <span class='ocr_line' id='line_1_42' title="bbox 2031 1372 3622 1443; baseline 0.005 -16"><span class='ocrx_word' id='word_1_291' title='bbox 2031 1384 2089 1427; x_wconf 83' lang='lat' dir='ltr'><strong>et</strong></span> <span class='ocrx_word' id='word_1_292' title='bbox 2123 1373 2170 1427; x_wconf 89' lang='lat' dir='ltr'><strong>is</strong></span> <span class='ocrx_word' id='word_1_293' title='bbox 2193 1372 2415 1428; x_wconf 88' lang='lat' dir='ltr'><strong>ludicro</strong></span> <span class='ocrx_word' id='word_1_294' title='bbox 2450 1374 2499 1428; x_wconf 92' lang='lat' dir='ltr'><strong>ei</strong></span> <span class='ocrx_word' id='word_1_295' title='bbox 2534 1375 2804 1430; x_wconf 89' lang='lat' dir='ltr'><strong>interesse</strong></span> <span class='ocrx_word' id='word_1_296' title='bbox 2834 1386 3041 1443; x_wconf 77' lang='lat' dir='ltr'><strong>posset.</strong></span> <span class='ocrx_word' id='word_1_297' title='bbox 3072 1376 3177 1433; x_wconf 88' lang='lat' dir='ltr'><strong>Ubi</strong></span> <span class='ocrx_word' id='word_1_298' title='bbox 3213 1394 3344 1433; x_wconf 85' lang='lat' dir='ltr'><strong>vero</strong></span> <span class='ocrx_word' id='word_1_299' title='bbox 3370 1390 3476 1432; x_wconf 89' lang='lat' dir='ltr'><strong>tam</strong></span> <span class='ocrx_word' id='word_1_300' title='bbox 3533 1396 3622 1435; x_wconf 86' lang='lat' dir='ltr'><strong>se-</strong></span> 
     </span>
    </p>
   </div>
   <div class='ocr_carea' id='block_1_43' title="bbox 2032 1466 3614 1535">
    <p class='ocr_par' dir='ltr' id='par_1_43' title="bbox 2032 1466 3614 1535">
     <span class='ocr_line' id='line_1_43' title="bbox 2032 1466 3614 1535; baseline 0.004 -17"><span class='ocrx_word' id='word_1_301' title='bbox 2032 1466 2160 1518; x_wconf 91' lang='lat' dir='ltr'><strong>dula</strong></span> <span class='ocrx_word' id='word_1_302' title='bbox 2184 1466 2573 1535; x_wconf 84' lang='lat' dir='ltr'><strong>deprecatione</strong></span> <span class='ocrx_word' id='word_1_303' title='bbox 2600 1467 2652 1520; x_wconf 89' lang='lat' dir='ltr'><strong>id</strong></span> <span class='ocrx_word' id='word_1_304' title='bbox 2680 1483 2786 1519; x_wconf 88' lang='lat' dir='ltr'><strong>non</strong></span> <span class='ocrx_word' id='word_1_305' title='bbox 2818 1466 3208 1533; x_wconf 84' lang='lat' dir='ltr'><strong>impetrarunt,</strong></span> <span class='ocrx_word' id='word_1_306' title='bbox 3230 1470 3294 1523; x_wconf 85' lang='lat' dir='ltr'><strong>ad</strong></span> <span class='ocrx_word' id='word_1_307' title='bbox 3318 1472 3614 1524; x_wconf 85' lang='lat' dir='ltr'><strong>maximum</strong></span> 
     </span>
    </p>
   </div>
   <div class='ocr_carea' id='block_1_44' title="bbox 2035 1558 3616 1632">
    <p class='ocr_par' dir='ltr' id='par_1_44' title="bbox 2035 1558 3616 1632">
     <span class='ocr_line' id='line_1_44' title="bbox 2035 1558 3616 1632; baseline 0.004 -21"><span class='ocrx_word' id='word_1_308' title='bbox 2035 1558 2246 1612; x_wconf 86' lang='lat' dir='ltr'><strong>incitati</strong></span> <span class='ocrx_word' id='word_1_309' title='bbox 2283 1568 2411 1613; x_wconf 89' lang='lat' dir='ltr'><strong>snnt</strong></span> <span class='ocrx_word' id='word_1_310' title='bbox 2455 1559 2775 1613; x_wconf 86' lang='lat' dir='ltr'><strong>tumultum.</strong></span> <span class='ocrx_word' id='word_1_311' title='bbox 2832 1559 2937 1613; x_wconf 82' lang='lat' dir='ltr'><strong>Per</strong></span> <span class='ocrx_word' id='word_1_312' title='bbox 2991 1561 3332 1616; x_wconf 87' lang='lat' dir='ltr'><strong>iracundiam</strong></span> <span class='ocrx_word' id='word_1_313' title='bbox 3379 1579 3616 1632; x_wconf 83' lang='lat' dir='ltr'><strong>namque</strong></span> 
     </span>
    </p>
   </div>
   <div class='ocr_carea' id='block_1_45' title="bbox 2033 1650 3616 1723">
    <p class='ocr_par' dir='ltr' id='par_1_45' title="bbox 2033 1650 3616 1723">
     <span class='ocr_line' id='line_1_45' title="bbox 2033 1650 3616 1723; baseline 0.004 -21"><span class='ocrx_word' id='word_1_314' title='bbox 2033 1650 2325 1718; x_wconf 83' lang='lat' dir='ltr'><strong>plerosque</strong></span> <span class='ocrx_word' id='word_1_315' title='bbox 2380 1652 2731 1719; x_wconf 85' lang='lat' dir='ltr'><strong>imperatoris</strong></span> <span class='ocrx_word' id='word_1_316' title='bbox 2784 1655 3066 1723; x_wconf 81' lang='lat' dir='ltr'><strong>principes</strong></span> <span class='ocrx_word' id='word_1_317' title='bbox 3118 1656 3269 1709; x_wconf 86' lang='lat' dir='ltr'><strong>viros</strong></span> <span class='ocrx_word' id='word_1_318' title='bbox 3322 1664 3379 1708; x_wconf 90' lang='lat' dir='ltr'><strong>et</strong></span> <span class='ocrx_word' id='word_1_319' title='bbox 3437 1655 3616 1722; x_wconf 85' lang='lat' dir='ltr'><strong>ipsum</strong></span> 
     </span>
    </p>
   </div>
   <div class='ocr_carea' id='block_1_46' title="bbox 2031 1728 3620 1813">
    <p class='ocr_par' dir='ltr' id='par_1_46' title="bbox 2031 1728 3620 1813">
     <span class='ocr_line' id='line_1_46' title="bbox 2031 1728 3620 1813; baseline 0.003 -21"><span class='ocrx_word' id='word_1_320' title='bbox 2031 1738 2422 1793; x_wconf 63' lang='lat' dir='ltr'><strong>Bitherichum</strong></span> <span class='ocrx_word' id='word_1_321' title='bbox 2445 1753 2733 1797; x_wconf 83' lang='lat' dir='ltr'><strong>necarunt.</strong></span> <span class='ocrx_word' id='word_1_322' title='bbox 2755 1745 2901 1797; x_wconf 82' lang='lat' dir='ltr'><strong>Alios</strong></span> <span class='ocrx_word' id='word_1_323' title='bbox 2917 1728 3402 1813; x_wconf 34' lang='lat' dir='ltr'><strong>autem&#39;lapidibus</strong></span> <span class='ocrx_word' id='word_1_324' title='bbox 3419 1746 3620 1797; x_wconf 88' lang='lat' dir='ltr'><strong>obruc-</strong></span> 
     </span>
    </p>
   </div>
   <div class='ocr_carea' id='block_1_47' title="bbox 2034 1832 3619 1903">
    <p class='ocr_par' dir='ltr' id='par_1_47' title="bbox 2034 1832 3619 1903">
     <span class='ocr_line' id='line_1_47' title="bbox 2034 1832 3619 1903; baseline 0.005 -23"><span class='ocrx_word' id='word_1_325' title='bbox 2034 1838 2183 1892; x_wconf 91' lang='lat' dir='ltr'><strong>runt,</strong></span> <span class='ocrx_word' id='word_1_326' title='bbox 2242 1839 2295 1883; x_wconf 92' lang='lat' dir='ltr'><strong>et</strong></span> <span class='ocrx_word' id='word_1_327' title='bbox 2335 1839 2519 1897; x_wconf 84' lang='lat' dir='ltr'><strong>postea</strong></span> <span class='ocrx_word' id='word_1_328' title='bbox 2556 1832 2720 1884; x_wconf 82' lang='lat' dir='ltr'><strong>etiam</strong></span> <span class='ocrx_word' id='word_1_329' title='bbox 2780 1848 2877 1900; x_wconf 84' lang='lat' dir='ltr'><strong>per</strong></span> <span class='ocrx_word' id='word_1_330' title='bbox 2904 1832 3151 1902; x_wconf 87' lang='lat' dir='ltr'><strong>publicas</strong></span> <span class='ocrx_word' id='word_1_331' title='bbox 3183 1833 3301 1887; x_wconf 86' lang='lat' dir='ltr'><strong>vias</strong></span> <span class='ocrx_word' id='word_1_332' title='bbox 3339 1844 3619 1903; x_wconf 89' lang='lat' dir='ltr'><strong>raptantes</strong></span> 
     </span>
    </p>
   </div>
   <div class='ocr_carea' id='block_1_48' title="bbox 2035 1917 3619 1997">
    <p class='ocr_par' dir='ltr' id='par_1_48' title="bbox 2035 1917 3619 1997">
     <span class='ocr_line' id='line_1_48' title="bbox 2035 1917 3619 1997; baseline 0.004 -27"><span class='ocrx_word' id='word_1_333' title='bbox 2035 1930 2341 1974; x_wconf 81' lang='lat' dir='ltr'><strong>traxerunt.</strong></span> <span class='ocrx_word' id='word_1_334' title='bbox 2368 1917 2541 1986; x_wconf 85' lang='lat' dir='ltr'><strong>Quam</strong></span> <span class='ocrx_word' id='word_1_335' title='bbox 2575 1923 2652 1976; x_wconf 89' lang='lat' dir='ltr'><strong>rei</strong></span> <span class='ocrx_word' id='word_1_336' title='bbox 2687 1924 3069 1997; x_wconf 75' lang='lat' dir='ltr'><strong>indignitatem</strong></span> <span class='ocrx_word' id='word_1_337' title='bbox 3099 1933 3386 1992; x_wconf 83' lang='lat' dir='ltr'><strong>postquam</strong></span> <span class='ocrx_word' id='word_1_338' title='bbox 3439 1924 3619 1992; x_wconf 88' lang='lat' dir='ltr'><strong>impe-</strong></span> 
     </span>
    </p>
   </div>
   <div class='ocr_carea' id='block_1_49' title="bbox 2034 2010 3619 2073">
    <p class='ocr_par' dir='ltr' id='par_1_49' title="bbox 2034 2010 3619 2073">
     <span class='ocr_line' id='line_1_49' title="bbox 2034 2010 3619 2073; baseline 0.003 -13"><span class='ocrx_word' id='word_1_339' title='bbox 2034 2016 2185 2061; x_wconf 89' lang='lat' dir='ltr'><strong>rator</strong></span> <span class='ocrx_word' id='word_1_340' title='bbox 2211 2010 2504 2073; x_wconf 78' lang='lat' dir='ltr'><strong>intellexit,</strong></span> <span class='ocrx_word' id='word_1_341' title='bbox 2536 2011 2761 2065; x_wconf 91' lang='lat' dir='ltr'><strong>immani</strong></span> <span class='ocrx_word' id='word_1_342' title='bbox 2799 2013 2875 2065; x_wconf 87' lang='lat' dir='ltr'><strong>ira</strong></span> <span class='ocrx_word' id='word_1_343' title='bbox 2908 2026 3178 2067; x_wconf 83' lang='lat' dir='ltr'><strong>accensus</strong></span> <span class='ocrx_word' id='word_1_344' title='bbox 3217 2024 3299 2068; x_wconf 86' lang='lat' dir='ltr'><strong>est</strong></span> <span class='ocrx_word' id='word_1_345' title='bbox 3331 2030 3345 2066; x_wconf 91' lang='lat'><strong>:</strong></span> <span class='ocrx_word' id='word_1_346' title='bbox 3387 2022 3444 2068; x_wconf 89' lang='lat' dir='ltr'><strong>et</strong></span> <span class='ocrx_word' id='word_1_347' title='bbox 3466 2014 3619 2067; x_wconf 81' lang='lat' dir='ltr'><strong>furo-</strong></span> 
     </span>
    </p>
   </div>
   <div class='ocr_carea' id='block_1_50' title="bbox 2035 2103 3614 2173">
    <p class='ocr_par' dir='ltr' id='par_1_50' title="bbox 2035 2103 3614 2173">
     <span class='ocr_line' id='line_1_50' title="bbox 2035 2103 3614 2173; baseline 0.001 -19"><span class='ocrx_word' id='word_1_348' title='bbox 2035 2105 2110 2154; x_wconf 89' lang='lat' dir='ltr'><strong>ris</strong></span> <span class='ocrx_word' id='word_1_349' title='bbox 2138 2103 2406 2170; x_wconf 88' lang='lat' dir='ltr'><strong>impetum</strong></span> <span class='ocrx_word' id='word_1_350' title='bbox 2453 2118 2561 2155; x_wconf 91' lang='lat' dir='ltr'><strong>non</strong></span> <span class='ocrx_word' id='word_1_351' title='bbox 2591 2105 2798 2166; x_wconf 83' lang='lat' dir='ltr'><strong>ferens,</strong></span> <span class='ocrx_word' id='word_1_352' title='bbox 2824 2104 3057 2157; x_wconf 85' lang='lat' dir='ltr'><strong>rationis</strong></span> <span class='ocrx_word' id='word_1_353' title='bbox 3089 2104 3338 2157; x_wconf 88' lang='lat' dir='ltr'><strong>habenas</strong></span> <span class='ocrx_word' id='word_1_354' title='bbox 3387 2104 3614 2173; x_wconf 87' lang='lat' dir='ltr'><strong>abjecit,</strong></span> 
     </span>
    </p>
   </div>
   <div class='ocr_carea' id='block_1_51' title="bbox 2034 2196 3618 2265">
    <p class='ocr_par' dir='ltr' id='par_1_51' title="bbox 2034 2196 3618 2265">
     <span class='ocr_line' id='line_1_51' title="bbox 2034 2196 3618 2265; baseline 0.001 -17"><span class='ocrx_word' id='word_1_355' title='bbox 2034 2204 2089 2248; x_wconf 89' lang='lat' dir='ltr'><strong>et</strong></span> <span class='ocrx_word' id='word_1_356' title='bbox 2142 2197 2447 2264; x_wconf 82' lang='lat' dir='ltr'><strong>appetitum</strong></span> <span class='ocrx_word' id='word_1_357' title='bbox 2504 2198 2716 2251; x_wconf 86' lang='lat' dir='ltr'><strong>calculo</strong></span> <span class='ocrx_word' id='word_1_358' title='bbox 2742 2210 2796 2250; x_wconf 89' lang='lat' dir='ltr'><strong>et</strong></span> <span class='ocrx_word' id='word_1_359' title='bbox 2828 2198 3103 2251; x_wconf 82' lang='lat' dir='ltr'><strong>sententia</strong></span> <span class='ocrx_word' id='word_1_360' title='bbox 3155 2213 3253 2250; x_wconf 81' lang='lat' dir='ltr'><strong>sua</strong></span> <span class='ocrx_word' id='word_1_361' title='bbox 3284 2196 3618 2265; x_wconf 84' lang='lat' dir='ltr'><strong>comproba-</strong></span> 
     </span>
    </p>
   </div>
   <div class='ocr_carea' id='block_1_52' title="bbox 2036 2288 3620 2360">
    <p class='ocr_par' dir='ltr' id='par_1_52' title="bbox 2036 2288 3620 2360">
     <span class='ocr_line' id='line_1_52' title="bbox 2036 2288 3620 2360; baseline 0.002 -22"><span class='ocrx_word' id='word_1_362' title='bbox 2036 2288 2131 2339; x_wconf 85' lang='lat' dir='ltr'><strong>vit.</strong></span> <span class='ocrx_word' id='word_1_363' title='bbox 2157 2288 2260 2351; x_wconf 77' lang='lat' dir='ltr'><strong>Qui</strong></span> <span class='ocrx_word' id='word_1_364' title='bbox 2285 2288 2506 2343; x_wconf 88' lang='lat' dir='ltr'><strong>licentia</strong></span> <span class='ocrx_word' id='word_1_365' title='bbox 2539 2298 2686 2343; x_wconf 89' lang='lat' dir='ltr'><strong>tanta</strong></span> <span class='ocrx_word' id='word_1_366' title='bbox 2717 2299 2955 2359; x_wconf 87' lang='lat' dir='ltr'><strong>recepta.</strong></span> <span class='ocrx_word' id='word_1_367' title='bbox 2982 2290 3149 2344; x_wconf 85' lang='lat' dir='ltr'><strong>veluti</strong></span> <span class='ocrx_word' id='word_1_368' title='bbox 3184 2301 3449 2360; x_wconf 81' lang='lat' dir='ltr'><strong>tyrannus</strong></span> <span class='ocrx_word' id='word_1_369' title='bbox 3469 2288 3620 2341; x_wconf 87' lang='lat' dir='ltr'><strong>arbi-</strong></span> 
     </span>
    </p>
   </div>
   <div class='ocr_carea' id='block_1_53' title="bbox 2035 2380 3618 2449">
    <p class='ocr_par' dir='ltr' id='par_1_53' title="bbox 2035 2380 3618 2449">
     <span class='ocr_line' id='line_1_53' title="bbox 2035 2380 3618 2449; baseline 0.001 -18"><span class='ocrx_word' id='word_1_370' title='bbox 2035 2380 2141 2431; x_wconf 85' lang='lat' dir='ltr'><strong>trio</strong></span> <span class='ocrx_word' id='word_1_371' title='bbox 2189 2394 2290 2432; x_wconf 84' lang='lat' dir='ltr'><strong>suo</strong></span> <span class='ocrx_word' id='word_1_372' title='bbox 2329 2380 2544 2449; x_wconf 81' lang='lat' dir='ltr'><strong>legibus</strong></span> <span class='ocrx_word' id='word_1_373' title='bbox 2580 2381 2798 2434; x_wconf 86' lang='lat' dir='ltr'><strong>solutus</strong></span> <span class='ocrx_word' id='word_1_374' title='bbox 2857 2382 3072 2444; x_wconf 86' lang='lat' dir='ltr'><strong>vivens,</strong></span> <span class='ocrx_word' id='word_1_375' title='bbox 3130 2382 3349 2448; x_wconf 83' lang='lat' dir='ltr'><strong>gladios</strong></span> <span class='ocrx_word' id='word_1_376' title='bbox 3395 2380 3618 2449; x_wconf 83' lang='lat' dir='ltr'><strong>iniquos</strong></span> 
     </span>
    </p>
   </div>
   <div class='ocr_carea' id='block_1_54' title="bbox 2035 2471 3618 2539">
    <p class='ocr_par' dir='ltr' id='par_1_54' title="bbox 2035 2471 3618 2539">
     <span class='ocr_line' id='line_1_54' title="bbox 2035 2471 3618 2539; baseline 0.001 -16"><span class='ocrx_word' id='word_1_377' title='bbox 2035 2471 2303 2525; x_wconf 79' lang='lat' dir='ltr'><strong>adversus</strong></span> <span class='ocrx_word' id='word_1_378' title='bbox 2325 2489 2519 2527; x_wconf 88' lang='lat' dir='ltr'><strong>omnes</strong></span> <span class='ocrx_word' id='word_1_379' title='bbox 2551 2474 2796 2539; x_wconf 82' lang='lat' dir='ltr'><strong>strinxit,</strong></span> <span class='ocrx_word' id='word_1_380' title='bbox 2837 2484 2894 2528; x_wconf 89' lang='lat' dir='ltr'><strong>et</strong></span> <span class='ocrx_word' id='word_1_381' title='bbox 2913 2474 3219 2529; x_wconf 87' lang='lat' dir='ltr'><strong>crudeliter</strong></span> <span class='ocrx_word' id='word_1_382' title='bbox 3263 2491 3373 2528; x_wconf 91' lang='lat' dir='ltr'><strong>non</strong></span> <span class='ocrx_word' id='word_1_383' title='bbox 3430 2482 3618 2527; x_wconf 86' lang='lat' dir='ltr'><strong>sontes</strong></span> 
     </span>
    </p>
   </div>
   <div class='ocr_carea' id='block_1_55' title="bbox 2038 2566 3620 2636">
    <p class='ocr_par' dir='ltr' id='par_1_55' title="bbox 2038 2566 3620 2636">
     <span class='ocr_line' id='line_1_55' title="bbox 2038 2566 3620 2636; baseline 0.004 -22"><span class='ocrx_word' id='word_1_384' title='bbox 2038 2571 2248 2617; x_wconf 86' lang='lat' dir='ltr'><strong>tantum</strong></span> <span class='ocrx_word' id='word_1_385' title='bbox 2291 2566 2460 2631; x_wconf 86' lang='lat' dir='ltr'><strong>ipsos,</strong></span> <span class='ocrx_word' id='word_1_386' title='bbox 2488 2582 2681 2620; x_wconf 79' lang='lat' dir='ltr'><strong>verum</strong></span> <span class='ocrx_word' id='word_1_387' title='bbox 2733 2566 2983 2621; x_wconf 88' lang='lat' dir='ltr'><strong>insontes</strong></span> <span class='ocrx_word' id='word_1_388' title='bbox 3023 2582 3245 2636; x_wconf 89' lang='lat' dir='ltr'><strong>quoque</strong></span> <span class='ocrx_word' id='word_1_389' title='bbox 3275 2575 3332 2620; x_wconf 86' lang='lat' dir='ltr'><strong>et</strong></span> <span class='ocrx_word' id='word_1_390' title='bbox 3366 2567 3620 2620; x_wconf 78' lang='lat' dir='ltr'><strong>innoxios</strong></span> 
     </span>
    </p>
   </div>
   <div class='ocr_carea' id='block_1_56' title="bbox 2036 2657 3619 2727">
    <p class='ocr_par' dir='ltr' id='par_1_56' title="bbox 2036 2657 3619 2727">
     <span class='ocr_line' id='line_1_56' title="bbox 2036 2657 3619 2727; baseline 0.001 -18"><span class='ocrx_word' id='word_1_391' title='bbox 2036 2658 2222 2710; x_wconf 87' lang='lat' dir='ltr'><strong>necari</strong></span> <span class='ocrx_word' id='word_1_392' title='bbox 2250 2657 2438 2727; x_wconf 83' lang='lat' dir='ltr'><strong>jussit.</strong></span> <span class='ocrx_word' id='word_1_393' title='bbox 2475 2659 2554 2711; x_wconf 84' lang='lat' dir='ltr'><strong>Ad</strong></span> <span class='ocrx_word' id='word_1_394' title='bbox 2583 2670 2796 2725; x_wconf 82' lang='lat' dir='ltr'><strong>septem</strong></span> <span class='ocrx_word' id='word_1_395' title='bbox 2828 2660 2999 2713; x_wconf 85' lang='lat' dir='ltr'><strong>millia</strong></span> <span class='ocrx_word' id='word_1_396' title='bbox 3025 2660 3313 2713; x_wconf 88' lang='lat' dir='ltr'><strong>hominum</strong></span> <span class='ocrx_word' id='word_1_397' title='bbox 3339 2659 3518 2713; x_wconf 70' lang='lat' dir='ltr'><strong>caedes</strong></span> <span class='ocrx_word' id='word_1_398' title='bbox 3555 2674 3619 2712; x_wconf 89' lang='lat' dir='ltr'><strong>ea</strong></span> 
     </span>
    </p>
   </div>
   <div class='ocr_carea' id='block_1_57' title="bbox 2039 2751 3623 2821">
    <p class='ocr_par' dir='ltr' id='par_1_57' title="bbox 2039 2751 3623 2821">
     <span class='ocr_line' id='line_1_57' title="bbox 2039 2751 3623 2821; baseline 0.003 -20"><span class='ocrx_word' id='word_1_399' title='bbox 2039 2764 2329 2819; x_wconf 69' lang='lat' dir='ltr'><strong>progressa</strong></span> <span class='ocrx_word' id='word_1_400' title='bbox 2367 2766 2489 2805; x_wconf 85' lang='lat' dir='ltr'><strong>esse</strong></span> <span class='ocrx_word' id='word_1_401' title='bbox 2527 2751 2752 2816; x_wconf 88' lang='lat' dir='ltr'><strong>dicitur,</strong></span> <span class='ocrx_word' id='word_1_402' title='bbox 2791 2769 2898 2805; x_wconf 90' lang='lat' dir='ltr'><strong>non</strong></span> <span class='ocrx_word' id='word_1_403' title='bbox 2933 2767 3093 2807; x_wconf 80' lang='lat' dir='ltr'><strong>secus</strong></span> <span class='ocrx_word' id='word_1_404' title='bbox 3128 2763 3295 2821; x_wconf 89' lang='lat' dir='ltr'><strong>atque</strong></span> <span class='ocrx_word' id='word_1_405' title='bbox 3351 2751 3407 2805; x_wconf 92' lang='lat' dir='ltr'><strong>in</strong></span> <span class='ocrx_word' id='word_1_406' title='bbox 3444 2766 3623 2805; x_wconf 85' lang='lat' dir='ltr'><strong>messe</strong></span> 
     </span>
    </p>
   </div>
   <div class='ocr_carea' id='block_1_58' title="bbox 2036 2843 3619 2914">
    <p class='ocr_par' dir='ltr' id='par_1_58' title="bbox 2036 2843 3619 2914">
     <span class='ocr_line' id='line_1_58' title="bbox 2036 2843 3619 2914; baseline 0.003 -20"><span class='ocrx_word' id='word_1_407' title='bbox 2036 2846 2295 2912; x_wconf 85' lang='lat' dir='ltr'><strong>quadam,</strong></span> <span class='ocrx_word' id='word_1_408' title='bbox 2326 2843 2477 2899; x_wconf 78' lang='lat' dir='ltr'><strong>ferro</strong></span> <span class='ocrx_word' id='word_1_409' title='bbox 2507 2862 2644 2911; x_wconf 84' lang='lat' dir='ltr'><strong>quos</strong></span> <span class='ocrx_word' id='word_1_410' title='bbox 2663 2861 2783 2900; x_wconf 90' lang='lat' dir='ltr'><strong>sors</strong></span> <span class='ocrx_word' id='word_1_411' title='bbox 2807 2845 3096 2900; x_wconf 78' lang='lat' dir='ltr'><strong>obtulisset</strong></span> <span class='ocrx_word' id='word_1_412' title='bbox 3123 2845 3317 2900; x_wconf 84' lang='lat' dir='ltr'><strong>obvios</strong></span> <span class='ocrx_word' id='word_1_413' title='bbox 3335 2854 3619 2914; x_wconf 89' lang='lat' dir='ltr'><strong>carpente,</strong></span> 
     </span>
    </p>
   </div>
   <div class='ocr_carea' id='block_1_59' title="bbox 2038 2937 3623 3007">
    <p class='ocr_par' dir='ltr' id='par_1_59' title="bbox 2038 2937 3623 3007">
     <span class='ocr_line' id='line_1_59' title="bbox 2038 2937 3623 3007; baseline 0.003 -18"><span class='ocrx_word' id='word_1_414' title='bbox 2038 2953 2140 2990; x_wconf 88' lang='lat' dir='ltr'><strong>nec</strong></span> <span class='ocrx_word' id='word_1_415' title='bbox 2161 2937 2394 3007; x_wconf 86' lang='lat' dir='ltr'><strong>judicio,</strong></span> <span class='ocrx_word' id='word_1_416' title='bbox 2423 2939 2842 3006; x_wconf 66' lang='lat' dir='ltr'><strong>necqumslione</strong></span> <span class='ocrx_word' id='word_1_417' title='bbox 2873 2940 3077 2992; x_wconf 87' lang='lat' dir='ltr'><strong>habita.</strong></span> <span class='ocrx_word' id='word_1_418' title='bbox 3110 2938 3253 2992; x_wconf 89' lang='lat' dir='ltr'><strong>Sunt</strong></span> <span class='ocrx_word' id='word_1_419' title='bbox 3301 2939 3390 3007; x_wconf 91' lang='lat' dir='ltr'><strong>qni</strong></span> <span class='ocrx_word' id='word_1_420' title='bbox 3428 2941 3623 2993; x_wconf 84' lang='lat' dir='ltr'><strong>dicunt</strong></span> 
     </span>
    </p>
   </div>
   <div class='ocr_carea' id='block_1_60' title="bbox 2041 3029 3624 3099">
    <p class='ocr_par' dir='ltr' id='par_1_60' title="bbox 2041 3029 3624 3099">
     <span class='ocr_line' id='line_1_60' title="bbox 2041 3029 3624 3099; baseline 0.002 -17"><span class='ocrx_word' id='word_1_421' title='bbox 2041 3029 2431 3095; x_wconf 87' lang='lat' dir='ltr'><strong>imperatorem</strong></span> <span class='ocrx_word' id='word_1_422' title='bbox 2462 3039 2673 3082; x_wconf 89' lang='lat' dir='ltr'><strong>certum</strong></span> <span class='ocrx_word' id='word_1_423' title='bbox 2705 3031 2988 3083; x_wconf 83' lang='lat' dir='ltr'><strong>hominum</strong></span> <span class='ocrx_word' id='word_1_424' title='bbox 3037 3033 3128 3099; x_wconf 90' lang='lat' dir='ltr'><strong>qui</strong></span> <span class='ocrx_word' id='word_1_425' title='bbox 3166 3032 3624 3085; x_wconf 78' lang='lat' dir='ltr'><strong>interﬁcerentur</strong></span> 
     </span>
    </p>
   </div>
   <div class='ocr_carea' id='block_1_61' title="bbox 2038 3120 3620 3183">
    <p class='ocr_par' dir='ltr' id='par_1_61' title="bbox 2038 3120 3620 3183">
     <span class='ocr_line' id='line_1_61' title="bbox 2038 3120 3620 3183; baseline 0.003 -12"><span class='ocrx_word' id='word_1_426' title='bbox 2038 3133 2332 3172; x_wconf 88' lang='lat' dir='ltr'><strong>numerum</strong></span> <span class='ocrx_word' id='word_1_427' title='bbox 2364 3120 2644 3175; x_wconf 82' lang='lat' dir='ltr'><strong>statuisse.</strong></span> <span class='ocrx_word' id='word_1_428' title='bbox 2703 3122 2946 3177; x_wconf 88' lang='lat' dir='ltr'><strong>Proinde</strong></span> <span class='ocrx_word' id='word_1_429' title='bbox 3006 3125 3166 3177; x_wconf 87' lang='lat' dir='ltr'><strong>sicuti</strong></span> <span class='ocrx_word' id='word_1_430' title='bbox 3221 3123 3341 3177; x_wconf 86' lang='lat' dir='ltr'><strong>ﬁeri</strong></span> <span class='ocrx_word' id='word_1_431' title='bbox 3394 3124 3620 3183; x_wconf 88' lang='lat' dir='ltr'><strong>assolet.</strong></span> 
     </span>
    </p>
   </div>
   <div class='ocr_carea' id='block_1_62' title="bbox 354 3209 1931 3284">
    <p class='ocr_par' dir='ltr' id='par_1_62' title="bbox 354 3209 1930 3284">
     <span class='ocr_line' id='line_1_62' title="bbox 354 3209 1930 3284; baseline -0.002 -20"><span class='ocrx_word' id='word_1_432' title='bbox 354 3216 443 3265; x_wconf 72' lang='grc' dir='ltr'>καὶ</span> <span class='ocrx_word' id='word_1_433' title='bbox 482 3213 601 3267; x_wconf 86' lang='grc' dir='ltr'>τόδε</span> <span class='ocrx_word' id='word_1_434' title='bbox 624 3229 637 3246; x_wconf 86' lang='grc'><em>’</em></span> <span class='ocrx_word' id='word_1_435' title='bbox 682 3213 944 3284; x_wconf 69' lang='grc' dir='ltr'>Ἐμπόρῳ</span> <span class='ocrx_word' id='word_1_436' title='bbox 971 3214 1077 3265; x_wconf 81' lang='grc' dir='ltr'>τινὶ</span> <span class='ocrx_word' id='word_1_437' title='bbox 1129 3212 1315 3275; x_wconf 75' lang='grc' dir='ltr'>παῖδες</span> <span class='ocrx_word' id='word_1_438' title='bbox 1348 3210 1771 3281; x_wconf 67' lang='grc' dir='ltr'>συνελήφθησαν</span> <span class='ocrx_word' id='word_1_439' title='bbox 1803 3209 1930 3262; x_wconf 81' lang='grc' dir='ltr'>δύο·</span> 
     </span>
    </p>
   </div>
   <div class='ocr_carea' id='block_1_63' title="bbox 2037 3209 3619 3284">
    <p class='ocr_par' dir='ltr' id='par_1_63' title="bbox 2044 3210 3619 3282">
     <span class='ocr_line' id='line_1_63' title="bbox 2044 3210 3619 3282; baseline 0.001 -18"><span class='ocrx_word' id='word_1_440' title='bbox 2044 3210 2248 3265; x_wconf 80' lang='lat' dir='ltr'><strong>factum</strong></span> <span class='ocrx_word' id='word_1_441' title='bbox 2290 3221 2350 3265; x_wconf 95' lang='lat' dir='ltr'><strong>ut</strong></span> <span class='ocrx_word' id='word_1_442' title='bbox 2397 3214 2562 3266; x_wconf 87' lang='lat' dir='ltr'><strong>etiam</strong></span> <span class='ocrx_word' id='word_1_443' title='bbox 2605 3230 2798 3267; x_wconf 87' lang='lat' dir='ltr'><strong>eorum</strong></span> <span class='ocrx_word' id='word_1_444' title='bbox 2828 3215 2978 3282; x_wconf 85' lang='lat' dir='ltr'><strong>quia</strong></span> <span class='ocrx_word' id='word_1_445' title='bbox 3007 3230 3171 3270; x_wconf 86' lang='lat' dir='ltr'><strong>causa</strong></span> <span class='ocrx_word' id='word_1_446' title='bbox 3201 3224 3390 3269; x_wconf 86' lang='lat' dir='ltr'><strong>essent</strong></span> <span class='ocrx_word' id='word_1_447' title='bbox 3431 3213 3619 3278; x_wconf 89' lang='lat' dir='ltr'><strong>alieni,</strong></span> 
     </span>
    </p>
   </div>
   <div class='ocr_carea' id='block_1_64' title="bbox 354 3300 1932 3375">
    <p class='ocr_par' dir='ltr' id='par_1_64' title="bbox 354 3300 1932 3375">
     <span class='ocr_line' id='line_1_64' title="bbox 354 3300 1932 3375; baseline -0.002 -20"><span class='ocrx_word' id='word_1_448' title='bbox 354 3306 498 3374; x_wconf 76' lang='grc' dir='ltr'>ὑπὲρ</span> <span class='ocrx_word' id='word_1_449' title='bbox 528 3300 603 3358; x_wconf 84' lang='grc' dir='ltr'>ὧν</span> <span class='ocrx_word' id='word_1_450' title='bbox 632 3306 960 3375; x_wconf 85' lang='grc' dir='ltr'>παραδιδοὺς</span> <span class='ocrx_word' id='word_1_451' title='bbox 993 3305 1208 3367; x_wconf 74' lang='grc' dir='ltr'>ἑαυτὸν,</span> <span class='ocrx_word' id='word_1_452' title='bbox 1263 3304 1509 3366; x_wconf 73' lang='grc' dir='ltr'>ἐκείνους</span> <span class='ocrx_word' id='word_1_453' title='bbox 1562 3303 1730 3355; x_wconf 84' lang='grc' dir='ltr'>ἐδεῖτο</span> <span class='ocrx_word' id='word_1_454' title='bbox 1764 3303 1932 3365; x_wconf 76' lang='grc' dir='ltr'>σώζε-</span> 
     </span>
    </p>
   </div>
   <div class='ocr_carea' id='block_1_65' title="bbox 357 3392 1933 3466">
    <p class='ocr_par' dir='ltr' id='par_1_65' title="bbox 357 3392 1933 3466">
     <span class='ocr_line' id='line_1_65' title="bbox 357 3392 1933 3466; baseline -0.003 -16"><span class='ocrx_word' id='word_1_455' title='bbox 357 3399 483 3451; x_wconf 88' lang='grc' dir='ltr'>σθαι</span> <span class='ocrx_word' id='word_1_456' title='bbox 507 3416 520 3429; x_wconf 73' lang='grc' dir='ltr'><strong>ο</strong></span> <span class='ocrx_word' id='word_1_457' title='bbox 556 3399 749 3462; x_wconf 65' lang='grc' dir='ltr'>μισθὸν</span> <span class='ocrx_word' id='word_1_458' title='bbox 772 3399 849 3463; x_wconf 83' lang='grc' dir='ltr'>δὲ,</span> <span class='ocrx_word' id='word_1_459' title='bbox 903 3399 999 3449; x_wconf 75' lang='grc' dir='ltr'>καὶ</span> <span class='ocrx_word' id='word_1_460' title='bbox 1046 3399 1168 3450; x_wconf 83' lang='grc' dir='ltr'>ὅσον</span> <span class='ocrx_word' id='word_1_461' title='bbox 1195 3392 1263 3464; x_wconf 76' lang='grc' dir='ltr'>ἧν</span> <span class='ocrx_word' id='word_1_462' title='bbox 1306 3397 1502 3465; x_wconf 81' lang='grc' dir='ltr'>ἐκείνῳ</span> <span class='ocrx_word' id='word_1_463' title='bbox 1541 3398 1764 3466; x_wconf 76' lang='grc' dir='ltr'>χρυσίον</span> <span class='ocrx_word' id='word_1_464' title='bbox 1797 3411 1933 3459; x_wconf 64' lang='grc' dir='ltr'>προ-</span> 
     </span>
    </p>
   </div>
   <div class='ocr_carea' id='block_1_66' title="bbox 357 3488 1931 3561">
    <p class='ocr_par' dir='ltr' id='par_1_66' title="bbox 357 3488 1931 3561">
     <span class='ocr_line' id='line_1_66' title="bbox 357 3488 1931 3561; baseline -0.005 -16"><span class='ocrx_word' id='word_1_465' title='bbox 357 3494 539 3561; x_wconf 83' lang='grc' dir='ltr'>ίσχετο</span> <span class='ocrx_word' id='word_1_466' title='bbox 569 3491 679 3551; x_wconf 76' lang='grc' dir='ltr'>τοῖς</span> <span class='ocrx_word' id='word_1_467' title='bbox 719 3489 1105 3559; x_wconf 73' lang='grc' dir='ltr'>στρατιώταις.</span> <span class='ocrx_word' id='word_1_468' title='bbox 1167 3491 1229 3543; x_wconf 88' lang='grc' dir='ltr'><strong>Οἱ</strong></span> <span class='ocrx_word' id='word_1_469' title='bbox 1263 3488 1307 3541; x_wconf 88' lang='grc' dir='ltr'>δ’</span> <span class='ocrx_word' id='word_1_470' title='bbox 1340 3490 1701 3558; x_wconf 71' lang='grc' dir='ltr'>ἀπάνθρωποι</span> <span class='ocrx_word' id='word_1_471' title='bbox 1735 3488 1931 3539; x_wconf 83' lang='grc' dir='ltr'>ἐκεῖνοι</span> 
     </span>
    </p>
   </div>
   <div class='ocr_carea' id='block_1_67' title="bbox 353 3579 1933 3656">
    <p class='ocr_par' dir='ltr' id='par_1_67' title="bbox 353 3579 1933 3656">
     <span class='ocr_line' id='line_1_67' title="bbox 353 3579 1933 3656; baseline -0.005 -17"><span class='ocrx_word' id='word_1_472' title='bbox 353 3588 451 3656; x_wconf 79' lang='grc' dir='ltr'>τῆς</span> <span class='ocrx_word' id='word_1_473' title='bbox 484 3588 772 3656; x_wconf 68' lang='grc' dir='ltr'>συμφορᾶς</span> <span class='ocrx_word' id='word_1_474' title='bbox 804 3585 1145 3655; x_wconf 86' lang='grc' dir='ltr'>ἐλεήσαντες,</span> <span class='ocrx_word' id='word_1_475' title='bbox 1176 3582 1402 3651; x_wconf 77' lang='grc' dir='ltr'>θάτερον</span> <span class='ocrx_word' id='word_1_476' title='bbox 1428 3583 1487 3633; x_wconf 86' lang='grc' dir='ltr'>ὃν</span> <span class='ocrx_word' id='word_1_477' title='bbox 1512 3581 1576 3634; x_wconf 84' lang='grc' dir='ltr'>ἂν</span> <span class='ocrx_word' id='word_1_478' title='bbox 1602 3582 1791 3649; x_wconf 78' lang='grc' dir='ltr'>ἐληται</span> <span class='ocrx_word' id='word_1_479' title='bbox 1824 3579 1933 3631; x_wconf 84' lang='grc' dir='ltr'>τῶν</span> 
     </span>
    </p>
   </div>
   <div class='ocr_carea' id='block_1_68' title="bbox 354 3673 1933 3744">
    <p class='ocr_par' dir='ltr' id='par_1_68' title="bbox 354 3673 1933 3744">
     <span class='ocr_line' id='line_1_68' title="bbox 354 3673 1933 3744; baseline -0.004 -15"><span class='ocrx_word' id='word_1_480' title='bbox 354 3679 520 3730; x_wconf 79' lang='grc' dir='ltr'>υἱέων</span> <span class='ocrx_word' id='word_1_481' title='bbox 544 3677 693 3729; x_wconf 83' lang='grc' dir='ltr'>λύειν</span> <span class='ocrx_word' id='word_1_482' title='bbox 725 3677 997 3742; x_wconf 83' lang='grc' dir='ltr'>ἐκέλευον,</span> <span class='ocrx_word' id='word_1_483' title='bbox 1021 3675 1121 3744; x_wconf 82' lang='grc' dir='ltr'>τὴν</span> <span class='ocrx_word' id='word_1_484' title='bbox 1154 3675 1368 3727; x_wconf 79' lang='grc' dir='ltr'>ἱκεσίαν</span> <span class='ocrx_word' id='word_1_485' title='bbox 1398 3674 1699 3743; x_wconf 65' lang='grc' dir='ltr'>δεχόμενοι.</span> <span class='ocrx_word' id='word_1_486' title='bbox 1731 3673 1933 3740; x_wconf 81' lang='grc' dir='ltr'>Ἀμφω</span> 
     </span>
    </p>
   </div>
   <div class='ocr_carea' id='block_1_69' title="bbox 357 3765 1933 3840">
    <p class='ocr_par' dir='ltr' id='par_1_69' title="bbox 357 3765 1933 3840">
     <span class='ocr_line' id='line_1_69' title="bbox 357 3765 1933 3840; baseline -0.004 -17"><span class='ocrx_word' id='word_1_487' title='bbox 357 3774 464 3840; x_wconf 67' lang='grc' dir='ltr'><strong>γαρ</strong></span> <span class='ocrx_word' id='word_1_488' title='bbox 516 3772 754 3839; x_wconf 79' lang='grc' dir='ltr'>ἀφιέναι,</span> <span class='ocrx_word' id='word_1_489' title='bbox 810 3771 911 3822; x_wconf 77' lang='grc' dir='ltr'>οὐκ</span> <span class='ocrx_word' id='word_1_490' title='bbox 973 3767 1254 3820; x_wconf 80' lang='grc' dir='ltr'>ἀκίνδυνον</span> <span class='ocrx_word' id='word_1_491' title='bbox 1312 3768 1496 3834; x_wconf 82' lang='grc' dir='ltr'>σφίσιν</span> <span class='ocrx_word' id='word_1_492' title='bbox 1549 3766 1813 3829; x_wconf 79' lang='grc' dir='ltr'>ἐτίθεντο,</span> <span class='ocrx_word' id='word_1_493' title='bbox 1859 3765 1933 3827; x_wconf 89' lang='grc' dir='ltr'>ὼς</span> 
     </span>
    </p>
   </div>
   <div class='ocr_carea' id='block_1_70' title="bbox 356 3858 1935 3931">
    <p class='ocr_par' dir='ltr' id='par_1_70' title="bbox 356 3858 1935 3931">
     <span class='ocr_line' id='line_1_70' title="bbox 356 3858 1935 3931; baseline -0.005 -13"><span class='ocrx_word' id='word_1_494' title='bbox 356 3865 565 3930; x_wconf 76' lang='grc' dir='ltr'>ἐνδεοῦς</span> <span class='ocrx_word' id='word_1_495' title='bbox 595 3863 997 3931; x_wconf 80' lang='grc' dir='ltr'>καθισταμένου</span> <span class='ocrx_word' id='word_1_496' title='bbox 1021 3860 1115 3913; x_wconf 79' lang='grc' dir='ltr'><strong>τοῦ</strong></span> <span class='ocrx_word' id='word_1_497' title='bbox 1142 3860 1403 3931; x_wconf 80' lang='grc' dir='ltr'>ἀριθμοῦ.</span> <span class='ocrx_word' id='word_1_498' title='bbox 1430 3859 1542 3927; x_wconf 81' lang='grc' dir='ltr'><strong>Τῆς</strong></span> <span class='ocrx_word' id='word_1_499' title='bbox 1569 3859 1625 3913; x_wconf 88' lang='grc' dir='ltr'><strong>δε</strong></span> <span class='ocrx_word' id='word_1_500' title='bbox 1658 3858 1935 3927; x_wconf 84' lang='grc' dir='ltr'>πατρικῆς</span> 
     </span>
    </p>
   </div>
   <div class='ocr_carea' id='block_1_71' title="bbox 358 3951 1938 4024">
    <p class='ocr_par' dir='ltr' id='par_1_71' title="bbox 358 3951 1938 4024">
     <span class='ocr_line' id='line_1_71' title="bbox 358 3951 1938 4024; baseline -0.001 -16"><span class='ocrx_word' id='word_1_501' title='bbox 358 3956 575 4024; x_wconf 78' lang='grc' dir='ltr'>φύσεως</span> <span class='ocrx_word' id='word_1_502' title='bbox 631 3956 725 4009; x_wconf 71' lang='grc' dir='ltr'>καὶ</span> <span class='ocrx_word' id='word_1_503' title='bbox 784 3957 862 4016; x_wconf 85' lang='grc' dir='ltr'><strong>εἰς</strong></span> <span class='ocrx_word' id='word_1_504' title='bbox 910 3955 1255 4023; x_wconf 71' lang='grc' dir='ltr'>ἀμφοτέρους</span> <span class='ocrx_word' id='word_1_505' title='bbox 1311 3952 1550 4023; x_wconf 79' lang='grc' dir='ltr'>ὁρώσης,</span> <span class='ocrx_word' id='word_1_506' title='bbox 1603 3951 1809 4005; x_wconf 83' lang='grc' dir='ltr'>κλαίων</span> <span class='ocrx_word' id='word_1_507' title='bbox 1842 3953 1938 4007; x_wconf 73' lang='grc' dir='ltr'>καὶ</span> 
     </span>
    </p>
   </div>
   <div class='ocr_carea' id='block_1_72' title="bbox 356 4044 1935 4121">
    <p class='ocr_par' dir='ltr' id='par_1_72' title="bbox 356 4044 1935 4121">
     <span class='ocr_line' id='line_1_72' title="bbox 356 4044 1935 4121; baseline -0.004 -18"><span class='ocrx_word' id='word_1_508' title='bbox 356 4051 709 4121; x_wconf 80' lang='grc' dir='ltr'>ὀδυρόμενος,</span> <span class='ocrx_word' id='word_1_509' title='bbox 741 4048 847 4100; x_wconf 77' lang='grc' dir='ltr'>οὐδ’</span> <span class='ocrx_word' id='word_1_510' title='bbox 882 4050 1073 4116; x_wconf 83' lang='grc' dir='ltr'>ἐτέρου</span> <span class='ocrx_word' id='word_1_511' title='bbox 1107 4047 1382 4117; x_wconf 76' lang='grc' dir='ltr'>διέκρινεν</span> <span class='ocrx_word' id='word_1_512' title='bbox 1416 4047 1650 4115; x_wconf 73' lang='grc' dir='ltr'>αἵρεσιν.</span> <span class='ocrx_word' id='word_1_513' title='bbox 1705 4044 1861 4098; x_wconf 76' lang='grc' dir='ltr'>Οὕτω</span> <span class='ocrx_word' id='word_1_514' title='bbox 1890 4044 1935 4097; x_wconf 83' lang='grc' dir='ltr'>δ’</span> 
     </span>
    </p>
   </div>
   <div class='ocr_carea' id='block_1_73' title="bbox 358 4136 1938 4208">
    <p class='ocr_par' dir='ltr' id='par_1_73' title="bbox 358 4136 1938 4208">
     <span class='ocr_line' id='line_1_73' title="bbox 358 4136 1938 4208; baseline -0.003 -16"><span class='ocrx_word' id='word_1_515' title='bbox 358 4140 417 4192; x_wconf 81' lang='grc' dir='ltr'><strong>ἐν</strong></span> <span class='ocrx_word' id='word_1_516' title='bbox 446 4140 636 4208; x_wconf 81' lang='grc' dir='ltr'>ἀπόρῳ</span> <span class='ocrx_word' id='word_1_517' title='bbox 666 4138 1095 4205; x_wconf 76' lang='grc' dir='ltr'>καθεστηκότος,</span> <span class='ocrx_word' id='word_1_518' title='bbox 1127 4136 1322 4205; x_wconf 81' lang='grc' dir='ltr'>ἐπίσης</span> <span class='ocrx_word' id='word_1_519' title='bbox 1351 4139 1461 4206; x_wconf 75' lang='grc' dir='ltr'>γὰρ</span> <span class='ocrx_word' id='word_1_520' title='bbox 1490 4138 1695 4203; x_wconf 61' lang='grc' dir='ltr'>ἀμφοῖν</span> <span class='ocrx_word' id='word_1_521' title='bbox 1718 4136 1938 4188; x_wconf 84' lang='grc' dir='ltr'>ἐνικᾶτο</span> 
     </span>
    </p>
   </div>
   <div class='ocr_carea' id='block_1_74' title="bbox 354 4227 1935 4301">
    <p class='ocr_par' dir='ltr' id='par_1_74' title="bbox 354 4227 1935 4301">
     <span class='ocr_line' id='line_1_74' title="bbox 354 4227 1935 4301; baseline -0.003 -17"><span class='ocrx_word' id='word_1_522' title='bbox 354 4231 434 4300; x_wconf 82' lang='grc' dir='ltr'>τῷ</span> <span class='ocrx_word' id='word_1_523' title='bbox 466 4232 698 4301; x_wconf 81' lang='grc' dir='ltr'>φίλτρῳ,</span> <span class='ocrx_word' id='word_1_524' title='bbox 731 4232 826 4282; x_wconf 76' lang='grc' dir='ltr'>καὶ</span> <span class='ocrx_word' id='word_1_525' title='bbox 861 4230 1030 4297; x_wconf 73' lang='grc' dir='ltr'>ἄμφω</span> <span class='ocrx_word' id='word_1_526' title='bbox 1050 4228 1177 4290; x_wconf 81' lang='grc' dir='ltr'>τοὺς</span> <span class='ocrx_word' id='word_1_527' title='bbox 1213 4227 1408 4290; x_wconf 84' lang='grc' dir='ltr'>παῖδας</span> <span class='ocrx_word' id='word_1_528' title='bbox 1451 4228 1724 4291; x_wconf 76' lang='grc' dir='ltr'>ἀπώλεσε,</span> <span class='ocrx_word' id='word_1_529' title='bbox 1757 4227 1935 4297; x_wconf 74' lang='grc' dir='ltr'>ξίφεσι</span> 
     </span>
    </p>
   </div>
   <div class='ocr_carea' id='block_1_75' title="bbox 282 4306 1937 4394">
    <p class='ocr_par' dir='ltr' id='par_1_75' title="bbox 282 4306 1937 4394">
     <span class='ocr_line' id='line_1_75' title="bbox 282 4306 1937 4394; baseline -0.002 -17"><span class='ocrx_word' id='word_1_530' title='bbox 282 4306 289 4309; x_wconf 42' lang='grc'><em>’</em></span> <span class='ocrx_word' id='word_1_531' title='bbox 355 4326 465 4377; x_wconf 81' lang='grc' dir='ltr'>τῶν</span> <span class='ocrx_word' id='word_1_532' title='bbox 508 4323 860 4394; x_wconf 69' lang='grc' dir='ltr'>στρατιωτῶν</span> <span class='ocrx_word' id='word_1_533' title='bbox 890 4320 1355 4390; x_wconf 78' lang='grc' dir='ltr'>διαχρησαμένων</span> <span class='ocrx_word' id='word_1_534' title='bbox 1382 4321 1604 4383; x_wconf 80' lang='grc' dir='ltr'>αὐτούς.</span> <span class='ocrx_word' id='word_1_535' title='bbox 1652 4320 1817 4373; x_wconf 70' lang='grc' dir='ltr'>Ἀλλὰ</span> <span class='ocrx_word' id='word_1_536' title='bbox 1842 4323 1937 4374; x_wconf 65' lang='grc' dir='ltr'><strong>κο.)⁸</strong></span> 
     </span>
    </p>
   </div>
   <div class='ocr_carea' id='block_1_76' title="bbox 355 4412 1937 4486">
    <p class='ocr_par' dir='ltr' id='par_1_76' title="bbox 355 4412 1937 4486">
     <span class='ocr_line' id='line_1_76' title="bbox 355 4412 1937 4486; baseline -0.003 -17"><span class='ocrx_word' id='word_1_537' title='bbox 355 4417 575 4486; x_wconf 77' lang='grc' dir='ltr'>οἰκέτης</span> <span class='ocrx_word' id='word_1_538' title='bbox 612 4414 848 4485; x_wconf 83' lang='grc' dir='ltr'>δεσπότῃ</span> <span class='ocrx_word' id='word_1_539' title='bbox 871 4413 1061 4483; x_wconf 85' lang='grc' dir='ltr'>ἀγαθῴ</span> <span class='ocrx_word' id='word_1_540' title='bbox 1087 4412 1348 4483; x_wconf 82' lang='grc' dir='ltr'>τιμωρῶν</span> <span class='ocrx_word' id='word_1_541' title='bbox 1384 4415 1640 4482; x_wconf 78' lang='grc' dir='ltr'>ἀγομένῳ</span> <span class='ocrx_word' id='word_1_542' title='bbox 1669 4414 1809 4482; x_wconf 76' lang='grc' dir='ltr'>πρὸς</span> <span class='ocrx_word' id='word_1_543' title='bbox 1839 4415 1937 4481; x_wconf 85' lang='grc' dir='ltr'>τὴν</span> 
     </span>
    </p>
   </div>
   <div class='ocr_carea' id='block_1_77' title="bbox 360 4503 1824 4578">
    <p class='ocr_par' dir='ltr' id='par_1_77' title="bbox 360 4503 1824 4578">
     <span class='ocr_line' id='line_1_77' title="bbox 360 4503 1824 4578; baseline -0.005 -16"><span class='ocrx_word' id='word_1_544' title='bbox 360 4508 599 4578; x_wconf 64' lang='grc' dir='ltr'>σφαγὴ),</span> <span class='ocrx_word' id='word_1_545' title='bbox 637 4504 833 4561; x_wconf 68' lang='grc' dir='ltr'>ἑαυτὸν</span> <span class='ocrx_word' id='word_1_546' title='bbox 862 4509 939 4566; x_wconf 80' lang='grc' dir='ltr'>εἰς</span> <span class='ocrx_word' id='word_1_547' title='bbox 969 4505 1253 4572; x_wconf 84' lang='grc' dir='ltr'>ἀναίρεσιν</span> <span class='ocrx_word' id='word_1_548' title='bbox 1295 4503 1596 4570; x_wconf 75' lang='grc' dir='ltr'>προθύμως</span> <span class='ocrx_word' id='word_1_549' title='bbox 1630 4503 1824 4556; x_wconf 85' lang='grc' dir='ltr'>ἐδίδου.</span> 
     </span>
    </p>
   </div>
   <div class='ocr_carea' id='block_1_78' title="bbox 2038 3303 3622 3375">
    <p class='ocr_par' dir='ltr' id='par_1_78' title="bbox 2038 3303 3622 3375">
     <span class='ocr_line' id='line_1_78' title="bbox 2038 3303 3622 3375; baseline 0.002 -18"><span class='ocrx_word' id='word_1_550' title='bbox 2038 3303 2184 3357; x_wconf 69' lang='grc' dir='ltr'>οωόο</span> <span class='ocrx_word' id='word_1_551' title='bbox 2209 3303 2405 3357; x_wconf 77' lang='lat' dir='ltr'><strong>civitas</strong></span> <span class='ocrx_word' id='word_1_552' title='bbox 2428 3305 2498 3359; x_wconf 87' lang='lat' dir='ltr'><strong>sit</strong></span> <span class='ocrx_word' id='word_1_553' title='bbox 2530 3307 2822 3375; x_wconf 79' lang='lat' dir='ltr'><strong>completa.</strong></span> <span class='ocrx_word' id='word_1_554' title='bbox 2849 3307 2965 3361; x_wconf 84' lang='lat' dir='ltr'><strong>Non</strong></span> <span class='ocrx_word' id='word_1_555' title='bbox 2993 3308 3143 3361; x_wconf 84' lang='lat' dir='ltr'><strong>cives</strong></span> <span class='ocrx_word' id='word_1_556' title='bbox 3170 3309 3318 3361; x_wconf 84' lang='lat' dir='ltr'><strong>enim</strong></span> <span class='ocrx_word' id='word_1_557' title='bbox 3350 3316 3404 3360; x_wconf 92' lang='lat' dir='ltr'><strong>et</strong></span> <span class='ocrx_word' id='word_1_558' title='bbox 3425 3307 3622 3360; x_wconf 65' lang='lat' dir='ltr'><strong>incolae</strong></span> 
     </span>
    </p>
   </div>
   <div class='ocr_carea' id='block_1_79' title="bbox 2038 3396 3623 3467">
    <p class='ocr_par' dir='ltr' id='par_1_79' title="bbox 2038 3396 3623 3467">
     <span class='ocr_line' id='line_1_79' title="bbox 2038 3396 3623 3467; baseline 0 -18"><span class='ocrx_word' id='word_1_559' title='bbox 2038 3404 2276 3456; x_wconf 89' lang='lat' dir='ltr'><strong>tantum,</strong></span> <span class='ocrx_word' id='word_1_560' title='bbox 2315 3396 2409 3450; x_wconf 91' lang='lat' dir='ltr'><strong>sed</strong></span> <span class='ocrx_word' id='word_1_561' title='bbox 2445 3397 2690 3466; x_wconf 79' lang='lat' dir='ltr'><strong>hospites</strong></span> <span class='ocrx_word' id='word_1_562' title='bbox 2718 3399 2907 3462; x_wconf 85' lang='lat' dir='ltr'><strong>etiam,</strong></span> <span class='ocrx_word' id='word_1_563' title='bbox 2943 3400 3036 3467; x_wconf 82' lang='lat' dir='ltr'><strong>qui</strong></span> <span class='ocrx_word' id='word_1_564' title='bbox 3080 3400 3315 3454; x_wconf 77' lang='lat' dir='ltr'><strong>navibus</strong></span> <span class='ocrx_word' id='word_1_565' title='bbox 3338 3414 3406 3453; x_wconf 89' lang='lat' dir='ltr'><strong>eo</strong></span> <span class='ocrx_word' id='word_1_566' title='bbox 3446 3414 3623 3467; x_wconf 85' lang='lat' dir='ltr'><strong>appu-</strong></span> 
     </span>
    </p>
   </div>
   <div class='ocr_carea' id='block_1_80' title="bbox 2037 3486 3623 3560">
    <p class='ocr_par' dir='ltr' id='par_1_80' title="bbox 2037 3486 3623 3560">
     <span class='ocr_line' id='line_1_80' title="bbox 2037 3486 3623 3560; baseline 0.001 -19"><span class='ocrx_word' id='word_1_567' title='bbox 2037 3486 2243 3554; x_wconf 86' lang='lat' dir='ltr'><strong>lerant,</strong></span> <span class='ocrx_word' id='word_1_568' title='bbox 2273 3499 2472 3558; x_wconf 69' lang='lat' dir='ltr'><strong>prwter</strong></span> <span class='ocrx_word' id='word_1_569' title='bbox 2495 3491 2962 3560; x_wconf 84' lang='lat' dir='ltr'><strong>exspectationem</strong></span> <span class='ocrx_word' id='word_1_570' title='bbox 2994 3506 3212 3545; x_wconf 89' lang='lat' dir='ltr'><strong>omnem</strong></span> <span class='ocrx_word' id='word_1_571' title='bbox 3234 3490 3623 3559; x_wconf 74' lang='lat' dir='ltr'><strong>comprehensi</strong></span> 
     </span>
    </p>
   </div>
   <div class='ocr_carea' id='block_1_81' title="bbox 2038 3580 3625 3652">
    <p class='ocr_par' dir='ltr' id='par_1_81' title="bbox 2038 3580 3625 3652">
     <span class='ocr_line' id='line_1_81' title="bbox 2038 3580 3625 3652; baseline 0.002 -19"><span class='ocrx_word' id='word_1_572' title='bbox 2038 3588 2187 3634; x_wconf 89' lang='lat' dir='ltr'><strong>sunt.</strong></span> <span class='ocrx_word' id='word_1_573' title='bbox 2220 3580 2287 3634; x_wconf 89' lang='lat' dir='ltr'><strong>Et</strong></span> <span class='ocrx_word' id='word_1_574' title='bbox 2319 3581 2563 3650; x_wconf 75' lang='lat' dir='ltr'><strong>profecto</strong></span> <span class='ocrx_word' id='word_1_575' title='bbox 2593 3583 2804 3650; x_wconf 82' lang='lat' dir='ltr'><strong>ploratu</strong></span> <span class='ocrx_word' id='word_1_576' title='bbox 2832 3583 2993 3652; x_wconf 82' lang='lat' dir='ltr'><strong>digna</strong></span> <span class='ocrx_word' id='word_1_577' title='bbox 3053 3583 3129 3637; x_wconf 93' lang='lat' dir='ltr'><strong>ibi</strong></span> <span class='ocrx_word' id='word_1_578' title='bbox 3168 3584 3462 3637; x_wconf 80' lang='lat' dir='ltr'><strong>commissa</strong></span> <span class='ocrx_word' id='word_1_579' title='bbox 3492 3593 3625 3636; x_wconf 85' lang='lat' dir='ltr'><strong>sunt</strong></span> 
     </span>
    </p>
   </div>
   <div class='ocr_carea' id='block_1_82' title="bbox 2038 3666 3650 3744">
    <p class='ocr_par' dir='ltr' id='par_1_82' title="bbox 2038 3666 3650 3744">
     <span class='ocr_line' id='line_1_82' title="bbox 2038 3666 3650 3744; baseline 0.002 -20"><span class='ocrx_word' id='word_1_580' title='bbox 2038 3670 2304 3734; x_wconf 80' lang='lat' dir='ltr'><strong>facinora,</strong></span> <span class='ocrx_word' id='word_1_581' title='bbox 2342 3673 2503 3741; x_wconf 87' lang='lat' dir='ltr'><strong>quale</strong></span> <span class='ocrx_word' id='word_1_582' title='bbox 2530 3674 2616 3727; x_wconf 59' lang='grc' dir='ltr'><strong>εει</strong></span> <span class='ocrx_word' id='word_1_583' title='bbox 2640 3683 2694 3728; x_wconf 92' lang='lat' dir='ltr'><strong>ct</strong></span> <span class='ocrx_word' id='word_1_584' title='bbox 2721 3674 2852 3727; x_wconf 88' lang='lat' dir='ltr'><strong>illud</strong></span> <span class='ocrx_word' id='word_1_585' title='bbox 2889 3693 2902 3728; x_wconf 90' lang='lat'><strong>:</strong></span> <span class='ocrx_word' id='word_1_586' title='bbox 2969 3675 3293 3729; x_wconf 74' lang='lat' dir='ltr'><strong>ltlercatoi-is</strong></span> <span class='ocrx_word' id='word_1_587' title='bbox 3336 3666 3650 3744; x_wconf 53' lang='lat' dir='ltr'><strong>cnjnsdain&#39;</strong></span> 
     </span>
    </p>
   </div>
   <div class='ocr_carea' id='block_1_83' title="bbox 2040 3762 3626 3836">
    <p class='ocr_par' dir='ltr' id='par_1_83' title="bbox 2040 3762 3626 3836">
     <span class='ocr_line' id='line_1_83' title="bbox 2040 3762 3626 3836; baseline 0.003 -20"><span class='ocrx_word' id='word_1_588' title='bbox 2040 3762 2135 3817; x_wconf 87' lang='lat' dir='ltr'><strong>lilii</strong></span> <span class='ocrx_word' id='word_1_589' title='bbox 2171 3763 2282 3818; x_wconf 90' lang='lat' dir='ltr'><strong>duo</strong></span> <span class='ocrx_word' id='word_1_590' title='bbox 2314 3773 2445 3818; x_wconf 90' lang='lat' dir='ltr'><strong>sunt</strong></span> <span class='ocrx_word' id='word_1_591' title='bbox 2471 3767 2636 3834; x_wconf 88' lang='lat' dir='ltr'><strong>capti.</strong></span> <span class='ocrx_word' id='word_1_592' title='bbox 2667 3765 2771 3819; x_wconf 87' lang='lat' dir='ltr'><strong>Pro</strong></span> <span class='ocrx_word' id='word_1_593' title='bbox 2806 3767 3030 3836; x_wconf 89' lang='lat' dir='ltr'><strong>quibus,</strong></span> <span class='ocrx_word' id='word_1_594' title='bbox 3081 3779 3139 3819; x_wconf 91' lang='lat' dir='ltr'><strong>nt</strong></span> <span class='ocrx_word' id='word_1_595' title='bbox 3187 3768 3494 3821; x_wconf 87' lang='lat' dir='ltr'><strong>incolumes</strong></span> <span class='ocrx_word' id='word_1_596' title='bbox 3547 3766 3626 3820; x_wconf 91' lang='lat' dir='ltr'><strong>illi</strong></span> 
     </span>
    </p>
   </div>
   <div class='ocr_carea' id='block_1_84' title="bbox 2040 3860 3625 3929">
    <p class='ocr_par' dir='ltr' id='par_1_84' title="bbox 2040 3860 3625 3929">
     <span class='ocr_line' id='line_1_84' title="bbox 2040 3860 3625 3929; baseline 0.001 -18"><span class='ocrx_word' id='word_1_597' title='bbox 2040 3865 2394 3911; x_wconf 86' lang='lat' dir='ltr'><strong>servarentur</strong></span> <span class='ocrx_word' id='word_1_598' title='bbox 2443 3870 2716 3927; x_wconf 89' lang='lat' dir='ltr'><strong>precatus,</strong></span> <span class='ocrx_word' id='word_1_599' title='bbox 2755 3860 2999 3929; x_wconf 85' lang='lat' dir='ltr'><strong>seipsum</strong></span> <span class='ocrx_word' id='word_1_600' title='bbox 3056 3865 3120 3913; x_wconf 89' lang='lat' dir='ltr'><strong>ad</strong></span> <span class='ocrx_word' id='word_1_601' title='bbox 3157 3876 3347 3915; x_wconf 88' lang='lat' dir='ltr'><strong>necem</strong></span> <span class='ocrx_word' id='word_1_602' title='bbox 3392 3860 3625 3915; x_wconf 90' lang='lat' dir='ltr'><strong>obtulit:</strong></span> 
     </span>
    </p>
   </div>
   <div class='ocr_carea' id='block_1_85' title="bbox 2038 3951 3626 4021">
    <p class='ocr_par' dir='ltr' id='par_1_85' title="bbox 2038 3951 3626 4021">
     <span class='ocr_line' id='line_1_85' title="bbox 2038 3951 3626 4021; baseline 0.002 -19"><span class='ocrx_word' id='word_1_603' title='bbox 2038 3951 2392 4019; x_wconf 87' lang='lat' dir='ltr'><strong>pretiumque</strong></span> <span class='ocrx_word' id='word_1_604' title='bbox 2430 3962 2694 4020; x_wconf 71' lang='lat' dir='ltr'><strong>praetcrea</strong></span> <span class='ocrx_word' id='word_1_605' title='bbox 2723 3962 2989 4021; x_wconf 86' lang='lat' dir='ltr'><strong>quantum</strong></span> <span class='ocrx_word' id='word_1_606' title='bbox 3033 3954 3149 4007; x_wconf 91' lang='lat' dir='ltr'><strong>auri</strong></span> <span class='ocrx_word' id='word_1_607' title='bbox 3195 3955 3443 4018; x_wconf 87' lang='lat' dir='ltr'><strong>haberet,</strong></span> <span class='ocrx_word' id='word_1_608' title='bbox 3479 3953 3626 4006; x_wconf 88' lang='lat' dir='ltr'><strong>mili-</strong></span> 
     </span>
    </p>
   </div>
   <div class='ocr_carea' id='block_1_86' title="bbox 2040 4042 3625 4112">
    <p class='ocr_par' dir='ltr' id='par_1_86' title="bbox 2040 4042 3625 4112">
     <span class='ocr_line' id='line_1_86' title="bbox 2040 4042 3625 4112; baseline 0.003 -17"><span class='ocrx_word' id='word_1_609' title='bbox 2040 4042 2191 4096; x_wconf 87' lang='lat' dir='ltr'><strong>tibus</strong></span> <span class='ocrx_word' id='word_1_610' title='bbox 2222 4057 2280 4097; x_wconf 83' lang='lat' dir='ltr'><strong>sc</strong></span> <span class='ocrx_word' id='word_1_611' title='bbox 2309 4043 2565 4097; x_wconf 86' lang='lat' dir='ltr'><strong>daturum</strong></span> <span class='ocrx_word' id='word_1_612' title='bbox 2596 4043 2872 4112; x_wconf 84' lang='lat' dir='ltr'><strong>pollicitus</strong></span> <span class='ocrx_word' id='word_1_613' title='bbox 2909 4053 3011 4097; x_wconf 89' lang='lat' dir='ltr'><strong>est.</strong></span> <span class='ocrx_word' id='word_1_614' title='bbox 3049 4045 3175 4099; x_wconf 84' lang='lat' dir='ltr'><strong>Feri</strong></span> <span class='ocrx_word' id='word_1_615' title='bbox 3210 4061 3341 4099; x_wconf 90' lang='lat' dir='ltr'><strong>vero</strong></span> <span class='ocrx_word' id='word_1_616' title='bbox 3375 4055 3430 4099; x_wconf 91' lang='lat' dir='ltr'><strong>et</strong></span> <span class='ocrx_word' id='word_1_617' title='bbox 3461 4047 3625 4100; x_wconf 88' lang='lat' dir='ltr'><strong>inhu-</strong></span> 
     </span>
    </p>
   </div>
   <div class='ocr_carea' id='block_1_87' title="bbox 2041 4139 3624 4215">
    <p class='ocr_par' dir='ltr' id='par_1_87' title="bbox 2041 4139 3624 4215">
     <span class='ocr_line' id='line_1_87' title="bbox 2041 4139 3624 4215; baseline 0 -23"><span class='ocrx_word' id='word_1_618' title='bbox 2041 4140 2188 4192; x_wconf 88' lang='lat' dir='ltr'><strong>mani</strong></span> <span class='ocrx_word' id='word_1_619' title='bbox 2211 4139 2309 4203; x_wconf 86' lang='lat' dir='ltr'><strong>illi,</strong></span> <span class='ocrx_word' id='word_1_620' title='bbox 2332 4154 2519 4193; x_wconf 89' lang='lat' dir='ltr'><strong>casum</strong></span> <span class='ocrx_word' id='word_1_621' title='bbox 2550 4139 2650 4193; x_wconf 88' lang='lat' dir='ltr'><strong>viri</strong></span> <span class='ocrx_word' id='word_1_622' title='bbox 2680 4140 2948 4215; x_wconf 83' lang='lat' dir='ltr'><strong>miserati,</strong></span> <span class='ocrx_word' id='word_1_623' title='bbox 3000 4140 3233 4193; x_wconf 89' lang='lat' dir='ltr'><strong>alterum</strong></span> <span class='ocrx_word' id='word_1_624' title='bbox 3264 4156 3427 4209; x_wconf 90' lang='lat' dir='ltr'><strong>quem</strong></span> <span class='ocrx_word' id='word_1_625' title='bbox 3457 4141 3624 4193; x_wconf 85' lang='lat' dir='ltr'><strong>vellet</strong></span> 
     </span>
    </p>
   </div>
   <div class='ocr_carea' id='block_1_88' title="bbox 2040 4229 3631 4300">
    <p class='ocr_par' dir='ltr' id='par_1_88' title="bbox 2040 4229 3631 4300">
     <span class='ocr_line' id='line_1_88' title="bbox 2040 4229 3631 4300; baseline 0.001 -17"><span class='ocrx_word' id='word_1_626' title='bbox 2040 4244 2107 4283; x_wconf 86' lang='lat' dir='ltr'><strong>ex</strong></span> <span class='ocrx_word' id='word_1_627' title='bbox 2134 4229 2280 4293; x_wconf 82' lang='lat' dir='ltr'><strong>ﬁliis,</strong></span> <span class='ocrx_word' id='word_1_628' title='bbox 2317 4229 2578 4299; x_wconf 89' lang='lat' dir='ltr'><strong>precibus</strong></span> <span class='ocrx_word' id='word_1_629' title='bbox 2608 4230 2712 4283; x_wconf 90' lang='lat' dir='ltr'><strong>hoc</strong></span> <span class='ocrx_word' id='word_1_630' title='bbox 2745 4231 2863 4300; x_wconf 89' lang='lat' dir='ltr'><strong>ejus</strong></span> <span class='ocrx_word' id='word_1_631' title='bbox 2895 4230 3113 4291; x_wconf 88' lang='lat' dir='ltr'><strong>dantes,</strong></span> <span class='ocrx_word' id='word_1_632' title='bbox 3144 4232 3418 4284; x_wconf 80' lang='lat' dir='ltr'><strong>redimere</strong></span> <span class='ocrx_word' id='word_1_633' title='bbox 3453 4231 3631 4300; x_wconf 84' lang='lat' dir='ltr'><strong>jusse-</strong></span> 
     </span>
    </p>
   </div>
   <div class='ocr_carea' id='block_1_89' title="bbox 2042 4318 3626 4390">
    <p class='ocr_par' dir='ltr' id='par_1_89' title="bbox 2042 4318 3626 4390">
     <span class='ocr_line' id='line_1_89' title="bbox 2042 4318 3626 4390; baseline -0.001 -17"><span class='ocrx_word' id='word_1_634' title='bbox 2042 4328 2192 4374; x_wconf 89' lang='lat' dir='ltr'><strong>runt.</strong></span> <span class='ocrx_word' id='word_1_635' title='bbox 2260 4318 2316 4375; x_wconf 91' lang='lat' dir='ltr'><strong>Si</strong></span> <span class='ocrx_word' id='word_1_636' title='bbox 2345 4320 2492 4374; x_wconf 89' lang='lat' dir='ltr'><strong>enim</strong></span> <span class='ocrx_word' id='word_1_637' title='bbox 2532 4328 2835 4390; x_wconf 88' lang='lat' dir='ltr'><strong>utrumque</strong></span> <span class='ocrx_word' id='word_1_638' title='bbox 2898 4320 3266 4383; x_wconf 81' lang='lat' dir='ltr'><strong>dimitterent,</strong></span> <span class='ocrx_word' id='word_1_639' title='bbox 3322 4321 3626 4389; x_wconf 89' lang='lat' dir='ltr'><strong>periculum</strong></span> 
     </span>
    </p>
   </div>
   <div class='ocr_carea' id='block_1_90' title="bbox 2042 4413 3626 4482">
    <p class='ocr_par' dir='ltr' id='par_1_90' title="bbox 2042 4413 3626 4482">
     <span class='ocr_line' id='line_1_90' title="bbox 2042 4413 3626 4482; baseline 0.001 -16"><span class='ocrx_word' id='word_1_640' title='bbox 2042 4413 2147 4467; x_wconf 90' lang='lat' dir='ltr'><strong>sibi</strong></span> <span class='ocrx_word' id='word_1_641' title='bbox 2187 4413 2319 4482; x_wconf 75' lang='lat' dir='ltr'><strong>ipsis</strong></span> <span class='ocrx_word' id='word_1_642' title='bbox 2352 4425 2638 4468; x_wconf 86' lang='lat' dir='ltr'><strong>creaturos</strong></span> <span class='ocrx_word' id='word_1_643' title='bbox 2668 4430 2810 4480; x_wconf 88' lang='lat' dir='ltr'><strong>esse,</strong></span> <span class='ocrx_word' id='word_1_644' title='bbox 2848 4430 3082 4468; x_wconf 91' lang='lat' dir='ltr'><strong>numero</strong></span> <span class='ocrx_word' id='word_1_645' title='bbox 3107 4429 3371 4469; x_wconf 70' lang='lat' dir='ltr'><strong>cmsornm</strong></span> <span class='ocrx_word' id='word_1_646' title='bbox 3420 4413 3626 4482; x_wconf 85' lang='lat' dir='ltr'><strong>aliquid</strong></span> 
     </span>
    </p>
   </div>
   <div class='ocr_carea' id='block_1_91' title="bbox 2043 4506 3632 4577">
    <p class='ocr_par' dir='ltr' id='par_1_91' title="bbox 2043 4506 3632 4577">
     <span class='ocr_line' id='line_1_91' title="bbox 2043 4506 3632 4577; baseline -0.002 -17"><span class='ocrx_word' id='word_1_647' title='bbox 2043 4506 2368 4571; x_wconf 87' lang='lat' dir='ltr'><strong>decedente,</strong></span> <span class='ocrx_word' id='word_1_648' title='bbox 2400 4507 2687 4563; x_wconf 83' lang='lat' dir='ltr'><strong>dixerunt.</strong></span> <span class='ocrx_word' id='word_1_649' title='bbox 2713 4506 2850 4563; x_wconf 89' lang='lat' dir='ltr'><strong>Cum</strong></span> <span class='ocrx_word' id='word_1_650' title='bbox 2884 4522 3064 4561; x_wconf 75' lang='lat' dir='ltr'><strong>autem</strong></span> <span class='ocrx_word' id='word_1_651' title='bbox 3094 4516 3319 4577; x_wconf 87' lang='lat' dir='ltr'><strong>paterna</strong></span> <span class='ocrx_word' id='word_1_652' title='bbox 3353 4515 3548 4559; x_wconf 90' lang='lat' dir='ltr'><strong>natura</strong></span> <span class='ocrx_word' id='word_1_653' title='bbox 3575 4514 3632 4557; x_wconf 87' lang='lat' dir='ltr'><strong>et</strong></span> 
     </span>
    </p>
   </div>
   <div class='ocr_carea' id='block_1_92' title="bbox 358 4596 3631 4673">
    <p class='ocr_par' dir='ltr' id='par_1_92' title="bbox 358 4596 3631 4673">
     <span class='ocr_line' id='line_1_92' title="bbox 358 4596 3631 4673; baseline 0 -16"><span class='ocrx_word' id='word_1_654' title='bbox 358 4605 534 4673; x_wconf 87' lang='lat' dir='ltr'><strong>pictas</strong></span> <span class='ocrx_word' id='word_1_655' title='bbox 585 4603 637 4655; x_wconf 93' lang='lat' dir='ltr'><strong>in</strong></span> <span class='ocrx_word' id='word_1_656' title='bbox 698 4610 993 4666; x_wconf 88' lang='lat' dir='ltr'><strong>utrumque</strong></span> <span class='ocrx_word' id='word_1_657' title='bbox 1038 4608 1389 4667; x_wconf 81' lang='lat' dir='ltr'><strong>rcspectarct,</strong></span> <span class='ocrx_word' id='word_1_658' title='bbox 1463 4598 1601 4652; x_wconf 79' lang='lat' dir='ltr'><strong>[lens</strong></span> <span class='ocrx_word' id='word_1_659' title='bbox 1670 4597 1763 4651; x_wconf 81' lang='lat' dir='ltr'><strong>ille</strong></span> <span class='ocrx_word' id='word_1_660' title='bbox 1796 4607 1853 4651; x_wconf 89' lang='lat' dir='ltr'><strong>et</strong></span> <span class='ocrx_word' id='word_1_661' title='bbox 1887 4598 2216 4666; x_wconf 70' lang='lat' dir='ltr'><strong>lamentatus,</strong></span> <span class='ocrx_word' id='word_1_662' title='bbox 2276 4616 2568 4671; x_wconf 85' lang='lat' dir='ltr'><strong>quemnam</strong></span> <span class='ocrx_word' id='word_1_663' title='bbox 2637 4618 2704 4658; x_wconf 81' lang='lat' dir='ltr'><strong>ex</strong></span> <span class='ocrx_word' id='word_1_664' title='bbox 2741 4614 2972 4672; x_wconf 89' lang='lat' dir='ltr'><strong>utroque</strong></span> <span class='ocrx_word' id='word_1_665' title='bbox 3034 4596 3271 4671; x_wconf 84' lang='lat' dir='ltr'><strong>optaret,</strong></span> <span class='ocrx_word' id='word_1_666' title='bbox 3336 4603 3631 4658; x_wconf 81' lang='lat' dir='ltr'><strong>decernere</strong></span> 
     </span>
    </p>
   </div>
   <div class='ocr_carea' id='block_1_93' title="bbox 360 4692 3631 4766">
    <p class='ocr_par' dir='ltr' id='par_1_93' title="bbox 360 4692 3631 4766">
     <span class='ocr_line' id='line_1_93' title="bbox 360 4692 3631 4766; baseline 0 -15"><span class='ocrx_word' id='word_1_667' title='bbox 360 4714 467 4751; x_wconf 88' lang='lat' dir='ltr'><strong>non</strong></span> <span class='ocrx_word' id='word_1_668' title='bbox 507 4697 700 4766; x_wconf 87' lang='lat' dir='ltr'><strong>potuit.</strong></span> <span class='ocrx_word' id='word_1_669' title='bbox 740 4697 916 4761; x_wconf 86' lang='lat' dir='ltr'><strong>Atque</strong></span> <span class='ocrx_word' id='word_1_670' title='bbox 960 4695 1030 4745; x_wconf 87' lang='lat' dir='ltr'><strong>ita</strong></span> <span class='ocrx_word' id='word_1_671' title='bbox 1064 4692 1232 4745; x_wconf 89' lang='lat' dir='ltr'><strong>animi</strong></span> <span class='ocrx_word' id='word_1_672' title='bbox 1282 4692 1572 4762; x_wconf 78' lang='lat' dir='ltr'><strong>ambiguus</strong></span> <span class='ocrx_word' id='word_1_673' title='bbox 1616 4692 1929 4761; x_wconf 84' lang='lat' dir='ltr'><strong>(utriusque</strong></span> <span class='ocrx_word' id='word_1_674' title='bbox 1966 4694 2113 4747; x_wconf 89' lang='lat' dir='ltr'><strong>enim</strong></span> <span class='ocrx_word' id='word_1_675' title='bbox 2182 4710 2248 4749; x_wconf 82' lang='lat' dir='ltr'><strong>ex</strong></span> <span class='ocrx_word' id='word_1_676' title='bbox 2309 4712 2468 4764; x_wconf 67' lang='lat' dir='ltr'><strong>aequo</strong></span> <span class='ocrx_word' id='word_1_677' title='bbox 2530 4712 2719 4750; x_wconf 86' lang='lat' dir='ltr'><strong>amore</strong></span> <span class='ocrx_word' id='word_1_678' title='bbox 2776 4697 3121 4754; x_wconf 75' lang='lat' dir='ltr'><strong>vincebatur)</strong></span> <span class='ocrx_word' id='word_1_679' title='bbox 3155 4707 3454 4764; x_wconf 88' lang='lat' dir='ltr'><strong>utrumque</strong></span> <span class='ocrx_word' id='word_1_680' title='bbox 3510 4712 3631 4766; x_wconf 85' lang='lat' dir='ltr'><strong>per-</strong></span> 
     </span>
    </p>
   </div>
   <div class='ocr_carea' id='block_1_94' title="bbox 359 4785 3628 4861">
    <p class='ocr_par' dir='ltr' id='par_1_94' title="bbox 359 4785 3628 4861">
     <span class='ocr_line' id='line_1_94' title="bbox 359 4785 3628 4861; baseline 0.001 -19"><span class='ocrx_word' id='word_1_681' title='bbox 359 4791 517 4852; x_wconf 78' lang='lat' dir='ltr'><strong>uidit,</strong></span> <span class='ocrx_word' id='word_1_682' title='bbox 558 4788 779 4844; x_wconf 88' lang='lat' dir='ltr'><strong>militari</strong></span> <span class='ocrx_word' id='word_1_683' title='bbox 807 4789 951 4840; x_wconf 81' lang='lat' dir='ltr'><strong>ferro</strong></span> <span class='ocrx_word' id='word_1_684' title='bbox 980 4801 1204 4839; x_wconf 63' lang='lat' dir='ltr'><strong>caesum.</strong></span> <span class='ocrx_word' id='word_1_685' title='bbox 1242 4785 1348 4839; x_wconf 76' lang='lat' dir='ltr'><strong>Sed</strong></span> <span class='ocrx_word' id='word_1_686' title='bbox 1382 4794 1437 4839; x_wconf 91' lang='lat' dir='ltr'><strong>ct</strong></span> <span class='ocrx_word' id='word_1_687' title='bbox 1488 4800 1681 4840; x_wconf 86' lang='lat' dir='ltr'><strong>servus</strong></span> <span class='ocrx_word' id='word_1_688' title='bbox 1712 4785 1934 4854; x_wconf 90' lang='lat' dir='ltr'><strong>quidam</strong></span> <span class='ocrx_word' id='word_1_689' title='bbox 1978 4787 2111 4841; x_wconf 89' lang='lat' dir='ltr'><strong>hero</strong></span> <span class='ocrx_word' id='word_1_690' title='bbox 2134 4803 2254 4846; x_wconf 91' lang='lat' dir='ltr'><strong>suo.</strong></span> <span class='ocrx_word' id='word_1_691' title='bbox 2280 4805 2391 4857; x_wconf 90' lang='lat' dir='ltr'><strong>quo</strong></span> <span class='ocrx_word' id='word_1_692' title='bbox 2424 4788 2660 4861; x_wconf 81' lang='lat' dir='ltr'><strong>benigno</strong></span> <span class='ocrx_word' id='word_1_693' title='bbox 2692 4805 2825 4845; x_wconf 86' lang='lat' dir='ltr'><strong>usus</strong></span> <span class='ocrx_word' id='word_1_694' title='bbox 2852 4792 3049 4856; x_wconf 83' lang='lat' dir='ltr'><strong>fuerat,</strong></span> <span class='ocrx_word' id='word_1_695' title='bbox 3074 4804 3196 4844; x_wconf 93' lang='lat' dir='ltr'><strong>cum</strong></span> <span class='ocrx_word' id='word_1_696' title='bbox 3241 4792 3287 4845; x_wconf 90' lang='lat' dir='ltr'><strong>is</strong></span> <span class='ocrx_word' id='word_1_697' title='bbox 3316 4792 3382 4845; x_wconf 87' lang='lat' dir='ltr'><strong>ad</strong></span> <span class='ocrx_word' id='word_1_698' title='bbox 3425 4791 3628 4846; x_wconf 66' lang='lat' dir='ltr'><strong>cmdem</strong></span> 
     </span>
    </p>
   </div>
   <div class='ocr_carea' id='block_1_95' title="bbox 358 4878 2419 4949">
    <p class='ocr_par' dir='ltr' id='par_1_95' title="bbox 358 4878 2419 4949">
     <span class='ocr_line' id='line_1_95' title="bbox 358 4878 2419 4949; baseline -0 -14"><span class='ocrx_word' id='word_1_699' title='bbox 358 4884 676 4945; x_wconf 75' lang='lat' dir='ltr'><strong>duceretur,</strong></span> <span class='ocrx_word' id='word_1_700' title='bbox 711 4895 870 4949; x_wconf 89' lang='lat' dir='ltr'><strong>opem</strong></span> <span class='ocrx_word' id='word_1_701' title='bbox 907 4880 1111 4941; x_wconf 81' lang='lat' dir='ltr'><strong>ferens,</strong></span> <span class='ocrx_word' id='word_1_702' title='bbox 1148 4878 1388 4947; x_wconf 89' lang='lat' dir='ltr'><strong>seipsum</strong></span> <span class='ocrx_word' id='word_1_703' title='bbox 1446 4879 1511 4933; x_wconf 87' lang='lat' dir='ltr'><strong>ad</strong></span> <span class='ocrx_word' id='word_1_704' title='bbox 1545 4894 1733 4933; x_wconf 88' lang='lat' dir='ltr'><strong>necem</strong></span> <span class='ocrx_word' id='word_1_705' title='bbox 1766 4879 1933 4934; x_wconf 86' lang='lat' dir='ltr'><strong>alacri</strong></span> <span class='ocrx_word' id='word_1_706' title='bbox 1975 4880 2163 4933; x_wconf 85' lang='lat' dir='ltr'><strong>animo</strong></span> <span class='ocrx_word' id='word_1_707' title='bbox 2193 4881 2419 4937; x_wconf 89' lang='lat' dir='ltr'><strong>obtulit.</strong></span> 
     </span>
    </p>
   </div>
   <div class='ocr_carea' id='block_1_96' title="bbox 934 4998 2014 5058">
    <p class='ocr_par' dir='ltr' id='par_1_96' title="bbox 934 4998 2014 5058">
     <span class='ocr_line' id='line_1_96' title="bbox 934 4998 2014 5058; baseline 0.006 -7"><span class='ocrx_word' id='word_1_708' title='bbox 934 5000 979 5051; x_wconf 80' lang='grc' dir='ltr'>Κ</span> <span class='ocrx_word' id='word_1_709' title='bbox 990 5000 1184 5052; x_wconf 74' lang='grc' dir='ltr'>ΕΦΑΛ.</span> <span class='ocrx_word' id='word_1_710' title='bbox 1231 4998 1367 5052; x_wconf 76' lang='lat' dir='ltr'><strong>MA&#39;.</strong></span> <span class='ocrx_word' id='word_1_711' title='bbox 1970 5004 2014 5058; x_wconf 80' lang='grc' dir='ltr'><strong>Ι)</strong></span> 
     </span>
    </p>
   </div>
   <div class='ocr_carea' id='block_1_97' title="bbox 359 5092 1936 5163">
    <p class='ocr_par' dir='ltr' id='par_1_97' title="bbox 359 5092 1936 5163">
     <span class='ocr_line' id='line_1_97' title="bbox 359 5092 1936 5163; baseline -0.001 -13"><span class='ocrx_word' id='word_1_712' title='bbox 359 5096 501 5162; x_wconf 75' lang='grc' dir='ltr'>Περὶ</span> <span class='ocrx_word' id='word_1_713' title='bbox 531 5095 642 5162; x_wconf 77' lang='grc' dir='ltr'>τῆς</span> <span class='ocrx_word' id='word_1_714' title='bbox 670 5094 776 5148; x_wconf 80' lang='grc' dir='ltr'>τοῦ</span> <span class='ocrx_word' id='word_1_715' title='bbox 805 5094 1144 5146; x_wconf 77' lang='grc' dir='ltr'>ἐπισκόπου</span> <span class='ocrx_word' id='word_1_716' title='bbox 1182 5092 1539 5161; x_wconf 56' lang='grc' dir='ltr'>Ἀμϐροσίου</span> <span class='ocrx_word' id='word_1_717' title='bbox 1574 5096 1936 5163; x_wconf 71' lang='grc' dir='ltr'>παρῤησίαςο</span> 
     </span>
    </p>
   </div>
   <div class='ocr_carea' id='block_1_98' title="bbox 433 5163 1946 5230">
    <p class='ocr_par' dir='ltr' id='par_1_98' title="bbox 433 5163 1946 5230">
     <span class='ocr_line' id='line_1_98' title="bbox 433 5163 1946 5230; baseline 0.001 -12"><span class='ocrx_word' id='word_1_718' title='bbox 433 5167 513 5230; x_wconf 88' lang='grc' dir='ltr'><strong>ώς</strong></span> <span class='ocrx_word' id='word_1_719' title='bbox 543 5171 655 5218; x_wconf 75' lang='grc' dir='ltr'>οὐκ</span> <span class='ocrx_word' id='word_1_720' title='bbox 700 5164 891 5228; x_wconf 70' lang='grc' dir='ltr'>ἀνῆκε</span> <span class='ocrx_word' id='word_1_721' title='bbox 952 5164 1248 5226; x_wconf 54' lang='lat' dir='ltr'><strong>(deodeo-io)</strong></span> <span class='ocrx_word' id='word_1_722' title='bbox 1279 5164 1390 5228; x_wconf 71' lang='grc' dir='ltr'><strong>τὴν</strong></span> <span class='ocrx_word' id='word_1_723' title='bbox 1419 5168 1498 5228; x_wconf 76' lang='grc' dir='ltr'>εἰς</span> <span class='ocrx_word' id='word_1_724' title='bbox 1550 5163 1621 5217; x_wconf 79' lang='grc' dir='ltr'>τὰ</span> <span class='ocrx_word' id='word_1_725' title='bbox 1650 5166 1776 5217; x_wconf 63' lang='lat' dir='ltr'><strong>(lein</strong></span> <span class='ocrx_word' id='word_1_726' title='bbox 1802 5168 1946 5219; x_wconf 77' lang='grc' dir='ltr'><strong>ἀνά·</strong></span> 
     </span>
    </p>
   </div>
   <div class='ocr_carea' id='block_1_99' title="bbox 435 5233 1942 5301">
    <p class='ocr_par' dir='ltr' id='par_1_99' title="bbox 435 5233 1942 5301">
     <span class='ocr_line' id='line_1_99' title="bbox 435 5233 1942 5301; baseline 0 -12"><span class='ocrx_word' id='word_1_727' title='bbox 435 5252 615 5301; x_wconf 80' lang='grc' dir='ltr'>κτορα</span> <span class='ocrx_word' id='word_1_728' title='bbox 662 5234 908 5287; x_wconf 79' lang='grc' dir='ltr'>εῑσοδον</span> <span class='ocrx_word' id='word_1_729' title='bbox 932 5251 945 5264; x_wconf 77' lang='grc' dir='ltr'><strong><em>ο</em></strong></span> <span class='ocrx_word' id='word_1_730' title='bbox 989 5233 1085 5285; x_wconf 78' lang='grc' dir='ltr'>καὶ</span> <span class='ocrx_word' id='word_1_731' title='bbox 1119 5234 1249 5299; x_wconf 78' lang='grc' dir='ltr'>περὶ</span> <span class='ocrx_word' id='word_1_732' title='bbox 1288 5233 1396 5285; x_wconf 87' lang='grc' dir='ltr'>τοῦ</span> <span class='ocrx_word' id='word_1_733' title='bbox 1428 5235 1616 5301; x_wconf 76' lang='grc' dir='ltr'>νόμου</span> <span class='ocrx_word' id='word_1_734' title='bbox 1648 5233 1719 5286; x_wconf 77' lang='grc' dir='ltr'><strong>ὃν</strong></span> <span class='ocrx_word' id='word_1_735' title='bbox 1754 5237 1942 5296; x_wconf 72' lang='grc' dir='ltr'>ἔθετο,</span> 
     </span>
    </p>
   </div>
   <div class='ocr_carea' id='block_1_100' title="bbox 436 5302 1945 5372">
    <p class='ocr_par' dir='ltr' id='par_1_100' title="bbox 436 5302 1945 5372">
     <span class='ocr_line' id='line_1_100' title="bbox 436 5302 1945 5372; baseline 0 -13"><span class='ocrx_word' id='word_1_736' title='bbox 436 5307 533 5359; x_wconf 80' lang='grc' dir='ltr'>καὶ</span> <span class='ocrx_word' id='word_1_737' title='bbox 592 5305 724 5372; x_wconf 78' lang='grc' dir='ltr'>περὶ</span> <span class='ocrx_word' id='word_1_738' title='bbox 785 5302 905 5356; x_wconf 81' lang='grc' dir='ltr'><strong>τῶν</strong></span> <span class='ocrx_word' id='word_1_739' title='bbox 960 5304 1167 5357; x_wconf 68' lang='grc' dir='ltr'>ἄλλων</span> <span class='ocrx_word' id='word_1_740' title='bbox 1215 5304 1402 5357; x_wconf 68' lang='grc' dir='ltr'>αὐτοῦ</span> <span class='ocrx_word' id='word_1_741' title='bbox 1437 5320 1539 5371; x_wconf 63' lang='lat' dir='ltr'><strong>sm;</strong></span> <span class='ocrx_word' id='word_1_742' title='bbox 1559 5306 1849 5359; x_wconf 74' lang='grc' dir='ltr'>αινέσεών</span> <span class='ocrx_word' id='word_1_743' title='bbox 1880 5322 1945 5359; x_wconf 79' lang='grc' dir='ltr'><strong>τε</strong></span> 
     </span>
    </p>
   </div>
   <div class='ocr_carea' id='block_1_101' title="bbox 434 5375 763 5443">
    <p class='ocr_par' dir='ltr' id='par_1_101' title="bbox 434 5375 763 5443">
     <span class='ocr_line' id='line_1_101' title="bbox 434 5375 763 5443; baseline -0.006 -14"><span class='ocrx_word' id='word_1_744' title='bbox 434 5376 532 5429; x_wconf 80' lang='grc' dir='ltr'><strong>καί</strong></span> <span class='ocrx_word' id='word_1_745' title='bbox 551 5375 763 5443; x_wconf 74' lang='grc' dir='ltr'>ἔργων.</span> 
     </span>
    </p>
   </div>
   <div class='ocr_carea' id='block_1_102' title="bbox 2538 5000 3132 5072">
    <p class='ocr_par' dir='ltr' id='par_1_102' title="bbox 2538 5000 3132 5072">
     <span class='ocr_line' id='line_1_102' title="bbox 2538 5000 3132 5072; baseline -0.002 -15"><span class='ocrx_word' id='word_1_746' title='bbox 2538 5002 2699 5072; x_wconf 83' lang='lat'><strong>317</strong></span> <span class='ocrx_word' id='word_1_747' title='bbox 2730 5001 2957 5058; x_wconf 83' lang='lat' dir='ltr'><strong>CAPUT</strong></span> <span class='ocrx_word' id='word_1_748' title='bbox 2996 5000 3132 5056; x_wconf 80' lang='lat' dir='ltr'><strong>xu.</strong></span> 
     </span>
    </p>
   </div>
   <div class='ocr_carea' id='block_1_103' title="bbox 2050 5087 3631 5162">
    <p class='ocr_par' dir='ltr' id='par_1_103' title="bbox 2050 5087 3631 5162">
     <span class='ocr_line' id='line_1_103' title="bbox 2050 5087 3631 5162; baseline 0.003 -22"><span class='ocrx_word' id='word_1_749' title='bbox 2050 5087 2387 5162; x_wconf 22' lang='lat' dir='ltr'><strong>Deﬂepiscopi</strong></span> <span class='ocrx_word' id='word_1_750' title='bbox 2415 5091 2674 5146; x_wconf 72' lang='lat' dir='ltr'><strong>Ambrosii</strong></span> <span class='ocrx_word' id='word_1_751' title='bbox 2701 5094 2910 5145; x_wconf 80' lang='lat' dir='ltr'><strong>dicendi</strong></span> <span class='ocrx_word' id='word_1_752' title='bbox 2935 5104 2985 5145; x_wconf 87' lang='lat' dir='ltr'><strong>et</strong></span> <span class='ocrx_word' id='word_1_753' title='bbox 3010 5092 3269 5162; x_wconf 79' lang='lat' dir='ltr'><strong>arguendi</strong></span> <span class='ocrx_word' id='word_1_754' title='bbox 3294 5092 3553 5154; x_wconf 71' lang='lat' dir='ltr'><strong>libertate,</strong></span> <span class='ocrx_word' id='word_1_755' title='bbox 3576 5104 3631 5145; x_wconf 82' lang='lat' dir='ltr'><strong>ut</strong></span> 
     </span>
    </p>
   </div>
   <div class='ocr_carea' id='block_1_104' title="bbox 2123 5160 3630 5233">
    <p class='ocr_par' dir='ltr' id='par_1_104' title="bbox 2123 5160 3630 5233">
     <span class='ocr_line' id='line_1_104' title="bbox 2123 5160 3630 5233; baseline 0.002 -21"><span class='ocrx_word' id='word_1_756' title='bbox 2123 5160 2464 5233; x_wconf 76' lang='lat' dir='ltr'><strong>Theodosium</strong></span> <span class='ocrx_word' id='word_1_757' title='bbox 2492 5162 2557 5214; x_wconf 82' lang='lat' dir='ltr'><strong>ub</strong></span> <span class='ocrx_word' id='word_1_758' title='bbox 2578 5164 2819 5232; x_wconf 81' lang='lat' dir='ltr'><strong>ingressu</strong></span> <span class='ocrx_word' id='word_1_759' title='bbox 2855 5164 3038 5233; x_wconf 79' lang='lat' dir='ltr'><strong>templi</strong></span> <span class='ocrx_word' id='word_1_760' title='bbox 3076 5160 3170 5216; x_wconf 82' lang='lat' dir='ltr'><strong>Dei</strong></span> <span class='ocrx_word' id='word_1_761' title='bbox 3195 5165 3557 5229; x_wconf 76' lang='lat' dir='ltr'><strong>prohibuerit:</strong></span> <span class='ocrx_word' id='word_1_762' title='bbox 3581 5176 3630 5215; x_wconf 78' lang='lat' dir='ltr'><strong>et</strong></span> 
     </span>
    </p>
   </div>
   <div class='ocr_carea' id='block_1_105' title="bbox 2120 5231 3631 5302">
    <p class='ocr_par' dir='ltr' id='par_1_105' title="bbox 2120 5231 3631 5302">
     <span class='ocr_line' id='line_1_105' title="bbox 2120 5231 3631 5302; baseline 0.003 -21"><span class='ocrx_word' id='word_1_763' title='bbox 2120 5232 2183 5282; x_wconf 82' lang='lat' dir='ltr'><strong>de</strong></span> <span class='ocrx_word' id='word_1_764' title='bbox 2210 5231 2338 5299; x_wconf 80' lang='lat' dir='ltr'><strong>lege,</strong></span> <span class='ocrx_word' id='word_1_765' title='bbox 2369 5248 2530 5301; x_wconf 81' lang='lat' dir='ltr'><strong>quam</strong></span> <span class='ocrx_word' id='word_1_766' title='bbox 2563 5231 2758 5302; x_wconf 61' lang='lat' dir='ltr'><strong>pos-uit.</strong></span> <span class='ocrx_word' id='word_1_767' title='bbox 2788 5244 2835 5286; x_wconf 85' lang='lat' dir='ltr'><strong>et</strong></span> <span class='ocrx_word' id='word_1_768' title='bbox 2865 5236 2929 5286; x_wconf 83' lang='lat' dir='ltr'><strong>de</strong></span> <span class='ocrx_word' id='word_1_769' title='bbox 2957 5231 3080 5288; x_wconf 68' lang='lat' dir='ltr'><strong>aliis</strong></span> <span class='ocrx_word' id='word_1_770' title='bbox 3113 5235 3347 5302; x_wconf 84' lang='lat' dir='ltr'><strong>ejusdem</strong></span> <span class='ocrx_word' id='word_1_771' title='bbox 3369 5235 3631 5287; x_wconf 69' lang='lat' dir='ltr'><strong>Ambrosii</strong></span> 
     </span>
    </p>
   </div>
   <div class='ocr_carea' id='block_1_106' title="bbox 2122 5302 2808 5371">
    <p class='ocr_par' dir='ltr' id='par_1_106' title="bbox 2122 5302 2808 5371">
     <span class='ocr_line' id='line_1_106' title="bbox 2122 5302 2808 5371; baseline 0.007 -19"><span class='ocrx_word' id='word_1_772' title='bbox 2122 5303 2341 5371; x_wconf 74' lang='lat' dir='ltr'><strong>egregiis</strong></span> <span class='ocrx_word' id='word_1_773' title='bbox 2370 5302 2521 5355; x_wconf 74' lang='lat' dir='ltr'><strong>dictis</strong></span> <span class='ocrx_word' id='word_1_774' title='bbox 2560 5312 2607 5356; x_wconf 84' lang='lat' dir='ltr'><strong>et</strong></span> <span class='ocrx_word' id='word_1_775' title='bbox 2634 5305 2808 5371; x_wconf 75' lang='lat' dir='ltr'><strong>(actis.</strong></span> 
     </span>
    </p>
   </div>
   <div class='ocr_carea' id='block_1_107' title="bbox 436 5486 1931 5559">
    <p class='ocr_par' dir='ltr' id='par_1_107' title="bbox 436 5486 1931 5559">
     <span class='ocr_line' id='line_1_107' title="bbox 436 5486 1931 5559; baseline 0 -20"><span class='ocrx_word' id='word_1_776' title='bbox 436 5487 549 5559; x_wconf 84' lang='grc' dir='ltr'><strong>Τὴν</strong></span> <span class='ocrx_word' id='word_1_777' title='bbox 573 5488 707 5557; x_wconf 82' lang='grc' dir='ltr'>γοῦν</span> <span class='ocrx_word' id='word_1_778' title='bbox 740 5487 1033 5557; x_wconf 78' lang='grc' dir='ltr'>συμφορὰν</span> <span class='ocrx_word' id='word_1_779' title='bbox 1064 5486 1271 5556; x_wconf 82' lang='grc' dir='ltr'>ταύτην</span> <span class='ocrx_word' id='word_1_780' title='bbox 1329 5487 1659 5557; x_wconf 76' lang='grc' dir='ltr'>’Λμῦρόσιος</span> <span class='ocrx_word' id='word_1_781' title='bbox 1719 5490 1747 5540; x_wconf 90' lang='grc' dir='ltr'>ὁ</span> <span class='ocrx_word' id='word_1_782' title='bbox 1803 5487 1931 5551; x_wconf 77' lang='grc' dir='ltr'>θεῖος</span> 
     </span>
    </p>
   </div>
   <div class='ocr_carea' id='block_1_108' title="bbox 2037 5486 3631 5559">
    <p class='ocr_par' dir='ltr' id='par_1_108' title="bbox 2068 5487 3631 5553">
     <span class='ocr_line' id='line_1_108' title="bbox 2068 5487 3631 5553; baseline 0.003 -14"><span class='ocrx_word' id='word_1_783' title='bbox 2068 5528 2091 5553; x_wconf 77' lang='grc'><strong>,</strong></span> <span class='ocrx_word' id='word_1_784' title='bbox 2124 5487 2274 5541; x_wconf 80' lang='lat' dir='ltr'><strong>lianc</strong></span> <span class='ocrx_word' id='word_1_785' title='bbox 2314 5496 2518 5543; x_wconf 86' lang='lat' dir='ltr'><strong>tantam</strong></span> <span class='ocrx_word' id='word_1_786' title='bbox 2559 5505 2862 5544; x_wconf 66' lang='lat' dir='ltr'><strong>aerumnam</strong></span> <span class='ocrx_word' id='word_1_787' title='bbox 2886 5489 3048 5545; x_wconf 87' lang='lat' dir='ltr'><strong>divus</strong></span> <span class='ocrx_word' id='word_1_788' title='bbox 3080 5488 3408 5544; x_wconf 83' lang='lat' dir='ltr'><strong>Ambrosius</strong></span> <span class='ocrx_word' id='word_1_789' title='bbox 3436 5489 3631 5544; x_wconf 83' lang='lat' dir='ltr'><strong>audie-</strong></span> 
     </span>
    </p>
   </div>
   <div class='ocr_carea' id='block_1_109' title="bbox 370 5576 1947 5652">
    <p class='ocr_par' dir='ltr' id='par_1_109' title="bbox 370 5576 1947 5652">
     <span class='ocr_line' id='line_1_109' title="bbox 370 5576 1947 5652; baseline 0 -19"><span class='ocrx_word' id='word_1_790' title='bbox 370 5580 582 5651; x_wconf 86' lang='grc' dir='ltr'>μαθὼν,</span> <span class='ocrx_word' id='word_1_791' title='bbox 612 5580 734 5633; x_wconf 81' lang='grc' dir='ltr'>ἐπεὶ</span> <span class='ocrx_word' id='word_1_792' title='bbox 770 5581 908 5650; x_wconf 83' lang='grc' dir='ltr'><strong>μετά</strong></span> <span class='ocrx_word' id='word_1_793' title='bbox 936 5583 1036 5649; x_wconf 80' lang='grc' dir='ltr'>τὴν</span> <span class='ocrx_word' id='word_1_794' title='bbox 1067 5580 1333 5649; x_wconf 71' lang='grc' dir='ltr'>Εὑγενίου</span> <span class='ocrx_word' id='word_1_795' title='bbox 1362 5581 1521 5650; x_wconf 82' lang='grc' dir='ltr'>νίκην</span> <span class='ocrx_word' id='word_1_796' title='bbox 1554 5576 1691 5652; x_wconf 71' lang='grc' dir='ltr'>ἧκεν</span> <span class='ocrx_word' id='word_1_797' title='bbox 1719 5583 1793 5643; x_wconf 62' lang='grc' dir='ltr'>εἰ,</span> <span class='ocrx_word' id='word_1_798' title='bbox 1833 5584 1947 5634; x_wconf 80' lang='lat' dir='ltr'><strong>Ms-</strong></span> 
     </span>
    </p>
   </div>
   <div class='ocr_carea' id='block_1_110' title="bbox 441 5742 1940 5813">
    <p class='ocr_par' dir='ltr' id='par_1_110' title="bbox 441 5742 1940 5813">
     <span class='ocr_line' id='line_1_110' title="bbox 441 5742 1940 5813; baseline -0.003 -16"><span class='ocrx_word' id='word_1_799' title='bbox 441 5746 518 5813; x_wconf 84' lang='lat' dir='ltr'><strong>(l)</strong></span> <span class='ocrx_word' id='word_1_800' title='bbox 553 5745 608 5798; x_wconf 89' lang='lat' dir='ltr'><strong>lu</strong></span> <span class='ocrx_word' id='word_1_801' title='bbox 630 5745 918 5811; x_wconf 70' lang='lat' dir='ltr'><strong>Nicephnri</strong></span> <span class='ocrx_word' id='word_1_802' title='bbox 945 5742 1132 5796; x_wconf 55' lang='lat' dir='ltr'><strong>Graeco</strong></span> <span class='ocrx_word' id='word_1_803' title='bbox 1155 5743 1447 5808; x_wconf 63' lang='lat' dir='ltr'><strong>exee&#39;iplari</strong></span> <span class='ocrx_word' id='word_1_804' title='bbox 1486 5742 1711 5810; x_wconf 60' lang='lat' dir='ltr'><strong>Engenii</strong></span> <span class='ocrx_word' id='word_1_805' title='bbox 1741 5757 1940 5793; x_wconf 81' lang='lat' dir='ltr'><strong>nomen</strong></span> 
     </span>
    </p>
   </div>
   <div class='ocr_carea' id='block_1_111' title="bbox 367 5813 1944 5885">
    <p class='ocr_par' dir='ltr' id='par_1_111' title="bbox 367 5813 1944 5885">
     <span class='ocr_line' id='line_1_111' title="bbox 367 5813 1944 5885; baseline -0.005 -18"><span class='ocrx_word' id='word_1_806' title='bbox 367 5817 609 5885; x_wconf 59' lang='lat' dir='ltr'><strong>pesitum</strong></span> <span class='ocrx_word' id='word_1_807' title='bbox 656 5823 785 5867; x_wconf 77' lang='lat' dir='ltr'><strong>cst:</strong></span> <span class='ocrx_word' id='word_1_808' title='bbox 835 5815 930 5867; x_wconf 76' lang='lat' dir='ltr'><strong>sed</strong></span> <span class='ocrx_word' id='word_1_809' title='bbox 977 5828 1079 5879; x_wconf 66' lang='lat' dir='ltr'><strong>ego</strong></span> <span class='ocrx_word' id='word_1_810' title='bbox 1116 5827 1212 5879; x_wconf 85' lang='lat' dir='ltr'><strong>pro</strong></span> <span class='ocrx_word' id='word_1_811' title='bbox 1241 5827 1305 5863; x_wconf 83' lang='lat' dir='ltr'><strong>eo</strong></span> <span class='ocrx_word' id='word_1_812' title='bbox 1349 5814 1637 5885; x_wconf 66' lang='lat' dir='ltr'><strong>Maximum</strong></span> <span class='ocrx_word' id='word_1_813' title='bbox 1701 5813 1944 5875; x_wconf 75' lang='lat' dir='ltr'><strong>reposui,</strong></span> 
     </span>
    </p>
   </div>
   <div class='ocr_carea' id='block_1_112' title="bbox 371 5882 1943 5963">
    <p class='ocr_par' dir='ltr' id='par_1_112' title="bbox 371 5882 1943 5963">
     <span class='ocr_line' id='line_1_112' title="bbox 371 5882 1943 5963; baseline 0.001 -30"><span class='ocrx_word' id='word_1_814' title='bbox 371 5882 595 5963; x_wconf 55' lang='lat' dir='ltr'><strong>propter</strong></span> <span class='ocrx_word' id='word_1_815' title='bbox 667 5898 1096 5955; x_wconf 59' lang='lat' dir='ltr'><strong>cense-quentia,</strong></span> <span class='ocrx_word' id='word_1_816' title='bbox 1166 5887 1254 5938; x_wconf 79' lang='lat' dir='ltr'><strong>ub:</strong></span> <span class='ocrx_word' id='word_1_817' title='bbox 1312 5886 1517 5938; x_wconf 59' lang='lat' dir='ltr'><strong>dicitur</strong></span> <span class='ocrx_word' id='word_1_818' title='bbox 1574 5882 1943 5936; x_wconf 65' lang='lat' dir='ltr'><strong>&#39;t’beoeosium</strong></span> 
     </span>
    </p>
   </div>
   <div class='ocr_carea' id='block_1_113' title="bbox 2048 5578 3629 5652">
    <p class='ocr_par' dir='ltr' id='par_1_113' title="bbox 2048 5578 3629 5652">
     <span class='ocr_line' id='line_1_113' title="bbox 2048 5578 3629 5652; baseline 0.003 -22"><span class='ocrx_word' id='word_1_819' title='bbox 2048 5588 2151 5632; x_wconf 83' lang='lat' dir='ltr'><strong>rat.</strong></span> <span class='ocrx_word' id='word_1_820' title='bbox 2187 5578 2250 5631; x_wconf 86' lang='lat' dir='ltr'><strong>Et</strong></span> <span class='ocrx_word' id='word_1_821' title='bbox 2273 5595 2398 5634; x_wconf 89' lang='lat' dir='ltr'><strong>cum</strong></span> <span class='ocrx_word' id='word_1_822' title='bbox 2433 5589 2555 5649; x_wconf 86' lang='lat' dir='ltr'><strong>post</strong></span> <span class='ocrx_word' id='word_1_823' title='bbox 2588 5580 2883 5637; x_wconf 78' lang='lat' dir='ltr'><strong>Maximum</strong></span> <span class='ocrx_word' id='word_1_824' title='bbox 2917 5581 2993 5652; x_wconf 78' lang='grc' dir='ltr'><strong>(ι)</strong></span> <span class='ocrx_word' id='word_1_825' title='bbox 3041 5581 3335 5635; x_wconf 86' lang='lat' dir='ltr'><strong>devictum</strong></span> <span class='ocrx_word' id='word_1_826' title='bbox 3370 5580 3629 5636; x_wconf 81' lang='lat' dir='ltr'><strong>Theodo—</strong></span> 
     </span>
    </p>
   </div>
   <div class='ocr_carea' id='block_1_114' title="bbox 2045 5742 3630 5813">
    <p class='ocr_par' dir='ltr' id='par_1_114' title="bbox 2045 5742 3630 5813">
     <span class='ocr_line' id='line_1_114' title="bbox 2045 5742 3630 5813; baseline -0.002 -16"><span class='ocrx_word' id='word_1_827' title='bbox 2045 5744 2577 5813; x_wconf 83' lang='lat' dir='ltr'><strong>Constantinopolim</strong></span> <span class='ocrx_word' id='word_1_828' title='bbox 2634 5761 2911 5799; x_wconf 87' lang='lat' dir='ltr'><strong>reversum</strong></span> <span class='ocrx_word' id='word_1_829' title='bbox 2958 5760 3095 5797; x_wconf 83' lang='lat' dir='ltr'><strong>esse.</strong></span> <span class='ocrx_word' id='word_1_830' title='bbox 3150 5742 3475 5813; x_wconf 81' lang='lat' dir='ltr'><strong>Ambrosius</strong></span> <span class='ocrx_word' id='word_1_831' title='bbox 3514 5742 3630 5810; x_wconf 62' lang='lat' dir='ltr'><strong>epi-</strong></span> 
     </span>
    </p>
   </div>
   <div class='ocr_carea' id='block_1_115' title="bbox 2049 5810 3630 5885">
    <p class='ocr_par' dir='ltr' id='par_1_115' title="bbox 2049 5810 3630 5885">
     <span class='ocr_line' id='line_1_115' title="bbox 2049 5810 3630 5885; baseline 0.001 -20"><span class='ocrx_word' id='word_1_832' title='bbox 2049 5830 2248 5881; x_wconf 79' lang='lat' dir='ltr'><strong>smptis</strong></span> <span class='ocrx_word' id='word_1_833' title='bbox 2296 5810 2665 5867; x_wconf 73' lang='lat' dir='ltr'><strong>Theodosium</strong></span> <span class='ocrx_word' id='word_1_834' title='bbox 2728 5818 2797 5868; x_wconf 89' lang='lat' dir='ltr'><strong>ob</strong></span> <span class='ocrx_word' id='word_1_835' title='bbox 2850 5826 2955 5868; x_wconf 84' lang='lat' dir='ltr'><strong>tant</strong></span> <span class='ocrx_word' id='word_1_836' title='bbox 3014 5813 3359 5885; x_wconf 69' lang='lat' dir='ltr'><strong>tyrannicum</strong></span> <span class='ocrx_word' id='word_1_837' title='bbox 3410 5810 3630 5868; x_wconf 76' lang='lat' dir='ltr'><strong>facinus</strong></span> 
     </span>
    </p>
   </div>
   <div class='ocr_carea' id='block_1_116' title="bbox 2050 5885 2875 5956">
    <p class='ocr_par' dir='ltr' id='par_1_116' title="bbox 2050 5885 2875 5956">
     <span class='ocr_line' id='line_1_116' title="bbox 2050 5885 2875 5956; baseline -0.004 -17"><span class='ocrx_word' id='word_1_838' title='bbox 2050 5885 2250 5956; x_wconf 71' lang='lat' dir='ltr'><strong>tenipio</strong></span> <span class='ocrx_word' id='word_1_839' title='bbox 2289 5885 2579 5942; x_wconf 70' lang='lat' dir='ltr'><strong>Mediolani</strong></span> <span class='ocrx_word' id='word_1_840' title='bbox 2613 5887 2875 5941; x_wconf 70' lang='lat' dir='ltr'><strong>excludit.</strong></span> 
     </span>
    </p>
   </div>
   <div class='ocr_carea' id='block_1_117' title="bbox 3112 6060 3145 6080">
    <p class='ocr_par' dir='ltr' id='par_1_117' title="bbox 3112 6060 3145 6080">
     <span class='ocr_line' id='line_1_117' title="bbox 3112 6060 3145 6080; baseline 0 0"><span class='ocrx_word' id='word_1_841' title='bbox 3112 6060 3145 6080; x_wconf 67' lang='grc' dir='ltr'><em>κ</em></span> 
     </span>
    </p>
   </div>
  </div>
