4062 6432
512 365 614 428 891
1753 360 1798 416 Ν
1814 362 1930 418 lCE
1943 359 2106 417 l’llOl

2224 360 2310 417 CA
2325 362 2437 420 LLI
2451 361 2536 422 ST
2549 361 2568 420 ῐ
3685 365 3776 428 89?.

509 481 629 535 sius
690 479 1062 534 Mediolanum
1102 474 1365 540 vetuisset,
1415 488 1470 532 et
1505 477 1560 532 in
1593 478 1883 531 ecclesiam
1948 478 2106 530 sicuti

2215 479 2481 544 διόλανον,
2521 481 2617 534 καὶ
2655 480 2736 544 είς
2775 479 2874 551 τήν
2927 481 3228 550 ἐκκλησίαν
3265 484 3340 546 ὡς
3379 483 3501 548 ἔθος
3545 485 3778 557 εἰσήγετο

509 588 631 627 mos
650 581 755 633 est,
775 577 1058 640 precatum
1085 572 1212 633 iret,
1240 578 1295 623 et
1317 569 1427 638 jam
1457 568 1524 624 ad
1555 568 1702 624 fores
1724 567 1846 636 ejus
1866 569 2108 635 adesset,

511 677 810 720 occurrens
828 663 876 716 ei
901 663 1245 726 Ambrosius,
1269 670 1326 717 et
1347 678 1589 733 purpura
1607 664 1727 735 ejus
1740 663 2109 735 apprehenSa,

510 760 569 811 in
606 755 963 811 multitudine
997 755 1201 820 media,
1227 771 1295 809 ne
1323 771 1604 810 sacrarum
1637 756 1837 810 aedium
1863 758 2112 811 vestibu-

508 853 623 906 lum
651 857 919 919 tangeret,
946 847 1226 918 prohibet.
1266 848 1515 904 «Resiste
1541 849 1644 919 (1),
1675 847 1894 918 inquit:
1926 850 2106 904 virum

507 945 658 997 enim
725 943 1028 1010 impurum,
1085 952 1142 995 et
1212 955 1413 996 manus
1484 942 1752 1012 sanguine
1829 942 2106 998 innocenti

504 1037 625 1091 fere
704 1035 884 1089 adhuc
923 1035 1215 1104 perinique
1266 1033 1544 1088 stillantes
1601 1034 2104 1097 circumferentem,

509 1128 594 1180 fas
623 1141 732 1179 non
764 1135 867 1189 est,
911 1136 1040 1178 ante
1075 1125 1380 1194 legitimam
1436 1124 1794 1195 debitamque
1832 1129 2107 1196 pmniten-

511 1219 672 1280 tiam,
707 1232 920 1272 sacram
951 1216 1166 1286 ingredi
1203 1215 1402 1279 aedem,
1435 1215 1867 1270 autdivinorum
1900 1228 2107 1287 myste-

506 1311 721 1364 riorqu
759 1309 1083 1380 participem
1113 1309 1254 1364 ﬁeri.
1287 1309 1508 1364 Videris
1534 1311 1682 1364 enim
1720 1312 1882 1375 mihi,
1907 1328 1940 1365 ο
2004 1313 2106 1365 im-

507 1414 751 1471 perator,
781 1419 891 1456 nou
918 1403 1270 1457 considerare
1291 1403 1476 1457 animo
1511 1411 1721 1458 tantum
1755 1414 1835 1458 tot
1869 1404 2104 1458 caedium

517 1495 728 1549 scelus.
760 1494 951 1564 Neque
989 1504 1284 1565 postquam
1321 1495 1415 1550 ira:
1451 1495 1606 1550 furor
1639 1495 1940 1558 deferbuit,
1965 1498 2106 1551 ratio

511 1587 630 1655 ipsa
675 1596 888 1640 tantum
937 1586 1450 1657 agnoscitfacinus.
1487 1587 1742 1643 Fortasse
1801 1587 2106 1659 imperialis

509 1690 764 1750 potestas
795 1680 1196 1750 impedimento
1230 1681 1328 1735 tibi
1353 1691 1460 1745 est,
1495 1682 1793 1750 quominus
1816 1692 2103 1752 peccatum

511 1773 818 1842 perspicias
845 1791 858 1826 :
893 1782 950 1828 et
979 1774 1150 1828 veluti
1179 1775 1358 1830 nubes
1387 1775 1639 1844 quaedam
1671 1776 1920 1844 potentia
1952 1787 2101 1832 tanta

508 1866 711 1919 rationi
739 1867 955 1937 objecta
986 1876 1092 1922 est.
1149 1868 1256 1923 Sed
1316 1884 1555 1939 peropus
1593 1878 1701 1935 est,
1759 1883 2013 1925 naturam
2050 1881 2102 1926 te

507 1968 656 2012 tuam
708 1959 836 2014 fatis
875 1961 1194 2026 obnoxiam,
1229 1971 1290 2015 ut
1344 1961 1562 2018 scilicet
1608 1964 1817 2018 caduca
1851 1965 2014 2018 simul
2046 1975 2102 2018 et

507 2052 653 2107 ﬂuxa
682 2056 773 2115 sit,
799 2063 856 2109 et
879 2056 1086 2109 avitum
1111 2063 1280 2126 atque
1305 2071 1333 2110 a
1354 2057 1535 2126 primo
1566 2069 1793 2127 parente
1812 2071 2098 2128 acceptum

506 2145 816 2212 pulverem,
853 2163 919 2201 ex
951 2163 1061 2216 quo
1087 2148 1462 2212 constitimus,
1507 2159 1564 2205 et
1599 2151 1658 2204 in
1713 2165 1880 2220 quem
1941 2153 2100 2206 brevi

506 2238 826 2295 dilﬂuentes
852 2251 1226 2309 revertemur,
1263 2243 1658 2298 considerare:
1700 2260 1802 2300 nec
1840 2261 2102 2314 purpura:

506 2331 666 2392 ﬂore.
701 2333 794 2402 qui
839 2334 1151 2390 luminibus
1193 2335 1397 2391 mentis
1427 2335 1616 2400 oﬂleit,
1676 2337 1732 2391 in
1765 2337 2100 2394 oblivionem

507 2427 631 2496 ejus
663 2443 826 2496 quam
862 2428 954 2482 illa
991 2429 1204 2497 obtegit
1263 2430 1522 2500 corporis
1571 2431 1971 2498 imbecillitatis
2005 2434 2104 2488 ad-

509 2517 664 2575 duci.
696 2519 949 2588 Agnosce
986 2521 1179 2592 igitur,
1212 2531 1265 2576 te
1298 2522 1546 2593 ejusdem
1587 2537 1800 2580 natura;
1827 2534 1884 2580 et
1913 2525 2106 2580 condi-

511 2612 682 2666 tionis
752 2612 1099 2679 hominibus,
1183 2624 1351 2684 atque
1421 2615 1560 2669 adeo
1629 2620 1916 2672 conservis
1995 2619 2105 2674 tuis

509 2701 806 2768 imperare.
832 2701 1156 2758 Communis
1179 2704 1328 2758 enim
1352 2705 1600 2760 omnium
1627 2707 1891 2764 dominus
1920 2719 1976 2764 et
2001 2710 2106 2764 im-

508 2804 736 2861 perator
761 2802 846 2849 est
881 2810 1066 2850 rerum
1099 2795 1371 2852 Conditor
1441 2798 1854 2856 universarum.
1891 2804 2103 2868 Quibus

507 2899 644 2938 vero
661 2885 909 2940 divinqu
938 2887 1250 2944 intueberis
1275 2889 1453 2944 oculis
1485 2891 1750 2960 templum
1776 2892 1800 2946 ’ί
1829 2891 2100 2958 Qualibus

507 2975 746 3046 pedibus
797 2987 1052 3032 sanctum
1099 2978 1235 3034 illud
1265 2979 1510 3035 calcabis
1559 2981 1782 3036 solum?
1813 2985 2102 3048 Quomodo

508 3083 707 3123 manus
746 3067 999 3135 extolles,
1032 3085 1154 3140 quae
1201 3070 1352 3126 caede
1396 3070 1581 3140 iniqua
1623 3071 1925 3128 diﬂluunt?
1959 3073 2108 3142 Quo-

2215 570 2504 637 εὖξασθαι,
2537 571 2634 626 καὶ
2662 573 2800 643 πρὸς
2825 576 2946 636 ταῖς
2977 573 3172 645 θύραις
3206 575 3445 643 ἐγένετο,
3481 576 3780 647 ὑπαντήσας

2226 665 2580 736 Ἀμϐρὸσιος,
2601 669 2700 721 καὶ
2725 669 2826 736 τῆς
2851 669 3176 738 ἁλουργίδος
3195 668 3496 739 λαϐόμενος
3522 671 3612 724 ἐπὶ
3644 674 3782 744 μέσῳ

2211 751 2289 824 τῷ
2319 759 2537 828 πλήθει,
2560 759 2670 812 τῶν
2701 760 2865 830 ἱερῶν
2884 761 3190 814 ἐπιϐαίνειν
3221 761 3515 832 προθύρων
3535 763 3777 817 ἐκώλυενί

2219 869 2239 902 ι
2293 852 2575 921 Ἐπίσχες,
2601 853 2827 919 φάσκων
2852 867 2868 883 ⁶
2893 853 3117 924 ἀνάγνῳ
3141 854 3252 922 γὰρ
3277 854 3468 923 χεῖρας
3502 854 3674 925 ἀνδρὶ,
3697 857 3784 908 καὶ

2213 945 2448 1014 αἵματος
2480 946 2810 1011 σταζούσας,
2860 945 3049 1016 σχεδὸν
3099 945 3262 1000 ἄδικα
3309 946 3679 1018 περιφέροντι,
3714 949 3783 1019 μή

2212 1035 2436 1103 Θεμιτὸν
2464 1031 2606 1088 εἶναι
2641 1036 2750 1105 πρὸ
2801 1037 2903 1105 τῆς
2965 1037 3278 1107 ἀνηκούσης
3343 1038 3636 1106 μετανοίας
3683 1039 3783 1092 τῶν

2213 1126 2379 1194 ιερῶν
2405 1125 2710 1178 ἐπιϐαίνειν
2734 1126 2928 1191 ούδῶν,
2955 1126 2988 1198 ἢ
3023 1128 3368 1196 ,μυστηρίων
3418 1126 3579 1181 θείων
3601 1144 3783 1180 κοινω-

2212 1217 2302 1269 νὸν
2333 1217 2587 1287 δρᾶσθαι.
2628 1218 2854 1281 Ἔοικας
2897 1220 3006 1289 γάρ
3062 1236 3176 1288 μοι,
3208 1213 3253 1272 ὦ
3311 1219 3556 1288 βασιλεύ,
3591 1220 3710 1290 μηδ’
3733 1222 3784 1272 ἐν

2210 1309 2286 1378 νῷ
2324 1309 2506 1376 βαλεῖ]
2535 1307 2597 1361 τὸ
2639 1308 2898 1362 τοσοῦτον
2947 1311 3045 1380 τῆς
3081 1310 3402 1379 μιαιφονίας
3443 1309 3626 1380 ἔργον,
3661 1309 3784 1378 μηδέ

2209 1399 2286 1471 τῷ
2319 1401 2477 1470 θυμῷ
2498 1400 2747 1471 λήγοντι,
2787 1401 2880 1456 τον
2913 1401 3179 1472 λογισμὸν
3232 1401 3537 1469 ἐπιγνῶναι
3568 1401 3626 1454 τὸ
3679 1400 3787 1452 τόλ-

2213 1512 2392 1565 μημα.
2435 1496 2598 1558 Ἴσως
2629 1493 2737 1564 γὰρ
2765 1496 2796 1564 ή
2833 1494 3091 1565 βασιλική
3117 1493 3417 1547 δυναστεία
3441 1493 3690 1561 ἐμποδών
3711 1510 3786 1546 σοι

2209 1588 2537 1640 καθίσταται
2565 1587 2629 1641 τὸ
2657 1589 2972 1659 ἁμάρτημα
3012 1588 3246 1641 συνιδεῖν
3273 1602 3289 1620 ⁸
3317 1584 3406 1641 οἷα
3435 1588 3545 1656 γάρ
3574 1604 3656 1649 τις
3707 1604 3785 1638 νε-
3861 1629 3870 1640 .

2209 1680 2347 1746 φέλη
2380 1681 2413 1744 ἡ
2463 1679 2685 1746 ἐξουσία
2716 1680 2792 1750 τῷ
2851 1680 2931 1751 σῷ
2985 1681 3267 1734 ἐπίκειται
3313 1680 3586 1750 λογισμῷ.
3640 1678 3786 1730 Ἀλλά

2209 1771 2391 1841 χρεὼν
2433 1773 2490 1824 ἐν
2541 1773 2614 1842 νῷ
2671 1774 2858 1827 λαϐεῖν
2888 1773 2948 1827 τὸ
2982 1775 3081 1844 τῆς
3126 1777 3228 1845 σῆς
3265 1775 3535 1846 ἐπίκηρον
3561 1775 3784 1844 φύσεως,

2212 1867 2306 1917 καὶ
2337 1865 2413 1928 ὡς
2445 1865 2614 1935 θνητή
2671 1884 2728 1918 τε
2757 1865 2877 1936 ἅμα
2918 1867 3013 1918 καὶ¹
3066 1867 3290 1938 ῥέουσα,
3337 1867 3432 1920 καὶ
3463 1867 3553 1919 τὸν
3582 1865 3785 1935 προπά-

2214 1975 2348 2028 τορα
2383 1957 2533 2027 χοῦν,
2579 1958 2636 2023 ἐξ
2670 1952 2730 2013 οὗ
2767 1959 3210 2029 συνεστήκαμεν,
3249 1960 3343 2012 καὶ
3372 1961 3454 2022 είς
3481 1958 3539 2012 ὃν
3573 1959 3634 2010 ού
3663 1958 3788 2027 μετά

2213 2049 2350 2101 πολὺ
2414 2048 2858 2120 διαρῤεύσομεν·
2917 2050 3013 2102 καὶ
3067 2049 3142 2118 μὴ
3197 2049 3276 2119 τῷ
3327 2050 3428 2118 τῆς
3485 2046 3787 2117 ἁλουργίδος

2213 2143 2365 2198 ἄνθει
2397 2141 2590 2213 ὥσπερ
2625 2142 3055 2214 ἐπιπροσθοῦντι
3082 2145 3164 2206 εἰς
3205 2144 3379 2214 λήθην
3405 2144 3586 2214 ἥκειν,
3619 2134 3678 2194 οὗ
3701 2157 3789 2191 κα-

2213 2236 2407 2290 λύπτει
2447 2237 2700 2308 σώματος
2731 2237 2832 2308 τὴν
2864 2238 3176 2292 ἀσθένειαν.
3204 2235 3384 2291 Γνῶθι
3408 2237 3590 2290 τοίνυν
3614 2235 3686 2296 ὼς
3708 2234 3788 2285 ἀνα

2214 2327 2452 2395 θρώπων
2473 2329 2666 2400 ἄρχεις
2698 2329 2955 2400 ὁμοφυῶν
2987 2348 3044 2384 τε
3096 2329 3192 2384 καὶ
3243 2329 3591 2399 ὁμοδούλων·
3623 2325 3787 2388 κοινὸς

2215 2420 2324 2490 γὰρ
2356 2421 2614 2476 ἁπάντων
2663 2421 2932 2496 δεσπότης
2981 2425 3077 2477 καί
3131 2423 3395 2494 βασιλεὺς
3429 2428 3457 2478 ὁ
3505 2423 3616 2476 τῶν
3667 2419 3791 2474 ὅλων

2215 2515 2586 2586 Δημιουργός.
2619 2517 2811 2569 Τοίνυν
2839 2519 3017 2580 ποίοις
3049 2518 3356 2588 ὀφθαλμοῖς
3383 2519 3481 2572 τὸν
3514 2517 3654 2571 θεῖον
3683 2513 3791 2584 ὄψει

2215 2610 2391 2674 νεὼν;
2447 2610 2582 2663 [loci
2634 2609 2692 2663 δὲ
2723 2611 2900 2676 ποίοις
2956 2612 3018 2664 τὸ
3053 2612 3290 2667 δάπεδον
3321 2614 3507 2667 ἐκεῖνο
3541 2611 3791 2680 πατήσεις

2213 2701 2278 2753 τὸ
2301 2700 2495 2768 ἄγιον;
2530 2702 2652 2765 Πῶς
2681 2703 2737 2756 δέ
2761 2705 2853 2758 καὶ
2881 2707 3070 2776 χεῖρας
3099 2707 3278 2774 ἀρεῖς,
3311 2706 3406 2760 τὸν
3433 2707 3617 2760 ἄδικον
3645 2703 3791 2772 φόνον

2217 2794 2633 2866 ἀπορῤεούσαςς
2681 2795 2805 2859 Πῶς
2851 2797 2910 2850 δέ
2955 2799 3050 2851 καὶ
3091 2798 3152 2852 τὸ
3193 2798 3337 2852 θεῖον
3390 2799 3488 2852 τοῦ
3534 2798 3792 2852 Δεσπὸτου

2219 2890 2382 2960 σῶμα
2417 2888 2645 2950 ταύταις
2676 2889 2967 2959 ἐνθήσεις;
2997 2889 3123 2953 Πῶς
3148 2889 3206 2943 δὲ
3242 2892 3334 2944 καὶ
3365 2894 3428 2945 τὸ
3457 2891 3638 2961 τίμιον
3664 2883 3790 2956 αἷμα

2220 2982 2536 3054 προσοίσεις
2561 2982 2642 3053 τῷ
2676 2982 2928 3054 στόματι,
2961 2981 3032 3036 δι’
3059 2973 3121 3037 οὗ
3155 2982 3315 3054 θυμῷ
3354 2983 3791 3055 βουκολούμενος,

2222 3075 2484 3130 τοσοῦτον
2509 3070 2649 3147 αἷμα
2667 3076 2895 3146 ἐξέχεας
2914 3094 2932 3142 ς
2953 3076 3120 3146 Στῆθι
3137 3077 3321 3130 τοίνυν
3347 3078 3428 3141 ὡς
3453 3075 3790 3148 πορρωτέρω,

507 3155 676 3211 modo
699 3158 867 3212 etiam
903 3158 1155 3213 divinum
1185 3157 1408 3215 Domini
1463 3176 1671 3231 corpus
1696 3163 1780 3216 eis
1807 3163 2101 3235 excipies?

2217 3171 2315 3222 καὶ
2351 3169 2426 3238 μὴ
2460 3169 2662 3236 διπλῆν
2692 3170 2841 3222 ποίει
2872 3167 3059 3238 σαυτῷ
3085 3169 3180 3224 καὶ
3209 3171 3564 3240 μακροτέραν
3586 3171 3681 3232 τὴν
3703 3180 3794 3215 πα-

509 3245 799 3313 Quomodo
817 3249 1145 3319 sanguinem
1167 3251 1474 3321 pretiosum
1509 3252 1577 3306 ad
1613 3267 1677 3308 os
1734 3252 1956 3321 afferes,
2006 3271 2106 3325 per

511 3341 661 3410 quod
696 3340 773 3394 ira
797 3343 1155 3398 transversim
1183 3353 1360 3412 actus,
1421 3355 1638 3400 tantum
1683 3347 1930 3403 eﬂudisti
1982 3365 2110 3404 san-

513 3435 730 3504 guinis?
764 3435 939 3502 Quam
976 3437 1303 3508 longissime
1339 3438 1509 3509 igitur
1538 3439 1769 3507 absiste,
1796 3458 1979 3513 neque
2011 3443 2111 3499 tibi

512 3523 619 3594 ipsi
696 3535 986 3595 peccatum
1058 3529 1388 3600 adaugendo
1468 3529 1818 3598 iniquitatem
1896 3535 2112 3589 condu-

491 3617 659 3687 pliea
681 3618 782 3688 (2).
823 3619 1118 3675 Vinculum
1150 3630 1336 3676 autem
1369 3623 1516 3693 quod
1551 3623 1697 3678 Deus
1750 3625 1969 3681 caelitus
1997 3628 2111 3682 cal-

511 3711 642 3764 culo
707 3728 808 3765 suo
839 3714 1250 3782 comprobavit.
1293 3716 1535 3785 suscipe,
1571 3716 1721 3786 quod
1749 3717 1848 3771 tibi
1899 3719 2112 3774 incolu-

511 3805 764 3858 mitatem
827 3820 1018 3857 veram
1113 3805 1501 3860 conciliabit.»
1559 3806 1864 3876 Imperator
1923 3817 2110 3864 autem

508 3897 779 3951 antistitis
812 3897 1034 3951 dicendi
1068 3897 1388 3954 libertatem
1412 3899 1746 3965 admiratus,
1782 3901 1972 3958 verbis
1991 3904 2112 3972 eius

509 3991 705 4053 cessit;
727 4005 852 4043 nam
871 3991 927 4045 in
951 3991 1157 4047 divinis
1185 3991 1400 4062 legibus
1425 3992 1698 4049 educatus
1710 3995 1910 4063 fuerat,
1931 4007 2113 4053 certo-

507 4098 617 4152 que
650 4083 880 4149 sciebat,
913 4099 1164 4154 quaenam
1222 4084 1652 4156 imperatorum,
1690 4087 1859 4159 318
1887 4097 1944 4144 et
1987 4106 2111 4160 qua:

509 4179 679 4228 etiam
708 4177 1098 4247 episcoporum
1133 4187 1330 4234 essent
1353 4179 1564 4234 munia.
1599 4180 1667 4235 Et
1695 4181 2109 4251 cogitabundus

507 4266 859 4335 aliquandiu,
892 4284 1019 4324 cum
1050 4269 1331 4342 lacrymis,
1357 4272 1703 4342 ptenitentiae
1720 4274 1929 4330 aculeis
1943 4275 2106 4339 ictus,

509 4360 564 4414 in
595 4361 800 4428 regiam
829 4372 913 4417 est
939 4378 1219 4419 reversus.
1257 4363 1327 4418 Et
1349 4374 1473 4420 octo
1505 4365 1787 4420 continuis
1817 4365 2110 4420 mensibus

507 4454 737 4524 elapsis,
796 4456 1030 4513 illustris
1098 4459 1377 4514 Natalium
1423 4459 1629 4516 Christi
1688 4453 1913 4516 adven-it
1963 4461 2107 4526 dies,

2219 3259 2506 3332 ρανομίαν.
2541 3261 2712 3330 Δέχου
2740 3259 2798 3314 δέ
2825 3261 2916 3315 τὸν
2943 3260 3171 3331 δεσμὸν,
3203 3256 3248 3330 ᾧ
3280 3262 3420 3327 Θεὸς
3451 3260 3656 3319 ἄνωθεν
3705 3256 3794 3323 τὴν

2212 3354 2395 3425 ψῆφον
2431 3355 2740 3424 ἐπήνεγκεν
2765 3369 2779 3384 ⁸
2838 3353 3078 3424 ἀληθοῦς
3112 3354 3158 3408 δ’
3192 3355 3411 3423 ὑγιείας
3463 3354 3647 3410 οὐτοσὶ
3674 3350 3795 3419 πρό-

2217 3446 2388 3512 ξενος.
2435 3465 2455 3499 »
2505 3446 2565 3500 '0
2593 3447 2652 3500 δέ
2710 3445 2974 3516 βασιλεὺς
3021 3447 3115 3501 τὸν
3181 3449 3338 3518 ἱερέα
3370 3449 3661 3517 θαυμάσας
3703 3442 3792 3509 τῆς

2215 3542 2558 3613 παρῤησίας,
2585 3544 2680 3597 καὶ
2704 3544 2819 3604 τοῖς
2850 3541 3032 3608 λόγοις
3064 3541 3216 3608 εἴξας
3240 3561 3255 3575 ·
3291 3544 3460 3608 θείοις
3487 3544 3596 3612 γὰρ
3622 3539 3792 3608 νόμοις

2215 3633 2546 3702 ἐτέθραπτο,
2581 3635 2678 3687 καὶ
2714 3632 2905 3702 σαφῶς
2926 3633 3049 3705 ⁴ἤδει
3087 3632 3208 3688 τίνα
3240 3636 3340 3705 μὲν
3367 3635 3654 3706 βασιλέων,
3685 3629 3794 3680 τίνα

2213 3728 2272 3782 δὲ
2308 3729 2504 3798 ἱερέων
2533 3729 2601 3781 τὰ
2632 3727 2742 3782 ἴδια
2763 3741 2778 3757 °
2820 3726 3052 3789 σύννους
3081 3727 3315 3780 ἐπιπολὺ
3344 3729 3444 3783 καὶ
3477 3717 3795 3794 δεδακρυμέ-

2214 3835 2304 3883 νος
2329 3821 2444 3882 τοῖς
2475 3820 2575 3887 τῆς
2603 3819 2898 3888 μετανοίας
2921 3816 3177 3886 κέντροις
3217 3820 3573 3888 νυττόμενος,
3607 3814 3682 3871 εἰς
3732 3805 3794 3858 τά

2215 3909 2469 3980 βασίλεια
2502 3907 2987 3978 καθυπέστρεφεν.
3036 3907 3214 3963 Ὀκτὼ
3241 3905 3286 3958 δ’
3315 3905 3520 3977 ἐφεξῆς
3552 3911 3794 3970 παρῳχη-

2214 4001 2390 4054 κότων
2423 3999 2636 4070 μηνῶν,
2666 4002 2700 4068 ἠ
2735 4001 3047 4073 περιφανὴς
3080 4001 3190 4054 τῶν
3221 3999 3526 4053 Γενεθλίων
3573 3982 3792 4061 Χριστοῦ

2214 4093 2520 4147 κατέλαϐεν
2553 4095 2739 4165 ἑορτή.
2800 4093 2860 4147 '0
2894 4094 2952 4148 δὲ
2984 4094 3228 4163 κρατῶν,
3255 4095 3315 4149 ἐν
3366 4095 3482 4156 τοῖς
3514 4080 3793 4161 βασιλείοις

2213 4187 2479 4256 καθῆστο,
2503 4186 2908 4258 ὀλοφυρόμενός
2951 4204 3012 4240 τε
3047 4191 3143 4241 καὶ
3175 4186 3432 4256 δακρύων
3467 4180 3647 4236 λιϐάσι
3678 4185 3793 4227 κατ-

2214 4279 2468 4349 αρδεύων
2509 4280 2570 4333 τὸ
2604 4281 2920 4350 πρόσωπον.
2969 4280 3129 4334 Οὕτω
3169 4280 3214 4334 δ’
3246 4279 3444 4350 έχοντα
3474 4270 3791 4340 θεασάμενος

2225 4369 2513 4438 Ῥουφῖνος
2534 4371 2561 4423 ὁ
2591 4373 2923 4442 μάγιστρος,
2954 4371 3098 4441 ὑπὲρ
3118 4370 3370 4435 ἃπαντας
3399 4388 3448 4424 τι
3459 4357 3788 4449 μώμενοςέκ

2215 4461 2514 4530 συνηθείας
2544 4461 2621 4532 τῷ
2659 4463 2898 4532 βασιλεῖ,
2934 4463 3125 4534 ἡρέμα
3157 4464 3404 4534 προσιὼν
3437 4463 3498 4515 τὸ
3541 4455 3649 4509 τῶν
3678 4447 3784 4499 ’δαο

507 4555 673 4616 atque
693 4548 994 4619 imperator
1020 4551 1076 4606 in
1109 4552 1494 4622 imperialibus
1515 4553 1730 4609 aadibus
1763 4553 1996 4610 sedebat
2022 4553 2106 4607 la-

2214 4555 2397 4626 κρύων
2437 4555 2847 4610 ἀνεπυνθάνετο
2877 4558 3076 4611 αι’τιον.
3108 4556 3170 4610 '0
3210 4557 3255 4608 δ’
3288 4557 3354 4609 ἐκ
3396 4551 3590 4627 βάθους
3630 4537 3786 4614 βίαιόν

509 4652 788 4705 mentans.
821 4651 876 4698 et
910 4643 1280 4716 lacrymarum
1332 4647 1571 4703 humore
1624 4647 1820 4702 faciem
1890 4647 2104 4717 rigans.

2206 4667 2260 4702 τι
2286 4651 2382 4703 καὶ
2410 4650 2774 4720 σφοδρότερον
2804 4649 3143 4720 ἀνοιμώξας,
3183 4651 3512 4719 συχνότερον
3544 4631 3785 4705 κατὲῥίδει

509 4733 685 4804 Quem
743 4735 802 4790 in
837 4747 995 4794 tanto
1028 4738 1180 4796 luctu
1224 4741 1412 4797 vivere
1439 4741 1536 4796 ubi
1584 4741 1818 4796 Ruﬁnus
1845 4741 2106 4812 magister

2214 4741 2268 4795 τὸ
2296 4742 2572 4813 δάκρυονο
2617 4743 2883 4814 καὶπρὸς
2938 4744 3149 4796 ἐκεῖνον
3188 4741 3482 4811 στραφεὶς,
3517 4753 3536 4785 ί
3579 4729 3649 4784 Σὺ
3677 4721 3784 4814 i‘éf’

511 4830 688 4894 (hunc
733 4840 916 4887 autem
945 4848 1112 4902 supra
1145 4835 1285 4890 alios
1317 4850 1514 4890 omnes
1554 4835 1646 4889 ille
1675 4845 1907 4906 propter
1938 4835 2106 4890 lami-

509 5021 577 5077 ad
608 5036 735 5076 eum
769 5023 1024 5088 accessit,
1051 5034 1109 5078 et
1135 5024 1505 5094 lacrymarum
1527 5037 1749 5077 causam
1778 5022 2122 5092 inquisivit.-

510 5116 574 5168 Et
607 5115 720 5181 ille,
740 5116 906 5172 altius
921 5116 1236 5172 vehementi
1259 5125 1313 5171 et
1335 5115 1448 5170 acri
1479 5116 1648 5172 ducto
1669 5117 1938 5186 suspirio,
1967 5132 2104 5184 pro-

509 5207 673 5263 lixius
702 5207 875 5263 ﬂevit.
911 5209 1123 5264 Deinde
1152 5208 1221 5262 ad
1245 5208 1401 5262 illum
1427 5223 1771 5265 conversus:
1816 5228 1836 5261 ι
1863 5208 1944 5262 Tu
1975 5208 2103 5276 qui-

510 5299 657 5361 dem,
715 5298 916 5370 inquit,
990 5298 1215 5362 Ruﬁne,
1270 5297 1418 5353 ludis
1473 5317 1486 5353 :
1559 5313 1906 5368 nequaquam
1959 5298 2106 5352 enim

511 5395 781 5448 malorum
815 5407 1066 5447 meorum
1095 5406 1294 5447 sensus
1319 5391 1388 5447 ad
1417 5400 1468 5447 te
1521 5391 1797 5461 pervenit.
1848 5390 1980 5444 Mihi
2007 5405 2109 5443 au-

511 5494 620 5538 tem
683 5501 784 5538 cur
817 5499 1030 5555 gemam
1085 5493 1142 5538 et
1189 5483 1428 5553 lugeam,
1493 5498 1675 5539 causae
1723 5491 1964 5548 exstant,
2015 5481 2109 5550 qui

513 5585 726 5631 tantam
759 5591 884 5646 quae
920 5575 1056 5630 mihi
1079 5575 1302 5640 accidit,
1339 5589 1645 5630 arumnam
1669 5574 1929 5630 sentiam.
1963 5574 2111 5639 Quo-

515 5670 679 5724 modo
709 5683 844 5722 vcro
877 5683 979 5738 ego
1009 5683 1118 5722 non
1135 5668 1384 5738 ’aﬂligar,
1411 5682 1535 5722 cum
1577 5665 1754 5722 servis
1785 5677 1840 5720 et
1890 5665 2107 5720 mendi-

586 5783 828 5910 (ί)ὡὶωο
877 5781 1047 5840 verba
1094 5782 1465 5840 Theodoritus
1510 5797 1619 5838 non
1676 5781 1862 5846 habet,
1923 5781 2015 5848 l_ib.
2048 5787 2122 5845 v,’

586 5869 637 5910 ι).
738 5893 753 5909 .

515 5867 637 5920 cap.
664 5867 753 5910 tu.

2205 4832 2334 4901 ἔφη,
2380 4809 2650 4900 'l’oucpive,
2678 4809 2896 4896 παίζεις
2919 4847 2934 4863 ·
2965 4830 3224 4900 αἴσθησις
3255 4809 3366 4899 γάρ
3401 4820 3624 4924 cot'cdp;

507 4928 706 4982 liarem
766 4929 1230 4985 consuetudinem
1291 4927 1620 4998 honorabat)
1682 4928 1842 4994 vidit,
1883 4929 2105 4999 placide

2214 4923 2399 4976 δεινῶν
2430 4922 2686 4993 οὐδαμῶς
2714 4939 2728 4952 ο
2761 4923 2888 4989 ἐμοὶ
2932 4923 2992 4976 δὲ
3049 4922 3259 4975 στένειν
3291 4923 3384 4974 καὶ
3435 4910 3635 4981 ὀλόφύρ

3641 4901 3782 4956 εσθαι

2214 5016 2507 5088 πάρεστιν,
2549 5016 3007 5086 ἐπαισθανομένῳ
3037 5016 3248 5086 σφόδρα
3292 5014 3393 5084 τὴν
3427 4998 3781 5068 ἐπεισφρήσα··

2219 5121 2320 5160 σαν
2350 5106 2661 5177 συμφοράν.
2700 5107 2810 5159 Καὶ
2845 5104 2966 5168 πῶς
3016 5109 3127 5174 γὰρ
3153 5105 3252 5157 οὐκ
3295 5106 3351 5155 ἐν
3376 5095 3566 5156 δεινοῖς
3599 5089 3777 5177 ἔγωγε,

2216 5174 2564 5268 ὃτιπερντοῖς
2593 5198 2694 5268 μὲν
2725 5197 2970 5260 οἰκέταις
3004 5196 3101 5249 καὶ
3132 5196 3464 5266 προσαίταις
3500 5180 3616 5240 κατ’
3646 5174 3755 5268 ἐξον
3796 5229 3802 5239 .

2218 5291 2341 5342 σίαν
2396 5291 2606 5358 ἐφεῖται
2660 5293 2846 5344 πᾶσαν
2893 5292 2977 5353 είς
3029 5290 3120 5342 τὸν
3175 5289 3320 5341 θεῖον
3366 5281 3538 5340 ἀδεῶς
3569 5267 3778 5366 εἰσιέναι.ι

2217 5384 2353 5437 νεών
2375 5401 2390 5417 ο
2423 5387 2550 5454 ἐμοὶ
2584 5386 2630 5438 δ’
2658 5387 2720 5438 οὐ
2756 5385 2923 5456 μόνον
2955 5377 3113 5447 οὗτος
3143 5385 3204 5438 οὑ
3237 5384 3488 5470 βάσιμος,
3525 5365 3656 5470 de“.

2217 5477 2450 5546 οὺρανὺς
2502 5479 2667 5540 αὐτὸς
2725 5477 3190 5542 ἀποκέκλεισται;
3225 5476 3366 5530 Οὐδέ
3414 5469 3521 5538 γὰρ
3552 5459 3776 5546 dyon”?

2215 5571 2316 5638 τῆς
2347 5571 2496 5634 Θείας
2523 5572 2745 5642 ἐκείνης
2780 5571 2998 5640 φωνῆς,
3025 5571 3060 5641 ἢ
3082 5568 3382 5641 διαρρήδην
3411 5551 3776 5653 ψηφίῗετῗῖἶλ

2219 5664 2309 5715 ἐπὶ
2343 5663 2446 5733 γῆς
2475 5664 2739 5734 δεδεμένα
2760 5667 2874 5728 τοῖς
2904 5662 3116 5734 tepebat
3149 5662 3287 5716 Θεοῦ
3319 5657 3457 5713 κάπὶ
3493 5649 3605 5707 τοῖς
3629 5643 3776 5703 οὐρα·

2287 5783 2362 5849 (‘2)
2397 5782 2736 5846 Ambrosius,
2769 5781 2866 5838 lib.
2909 5781 3078 5852 Epist.
3124 5797 3175 5845 ν,
3207 5795 3296 5848 cp.
3332 5774 3425 5832 28.
