4062 6480
361 426 465 489 893

1279 427 1868 488 ECCLESIASTlCrE
1908 429 2286 487 HlSTOllL'E
2326 430 2469 489 LIB.
2516 430 2653 490 ΧΗ.

3505 427 3617 492 894

361 541 474 602 νοῖς
526 541 584 593 ὲν
639 539 718 609 τῷ
765 541 1003 608 ἀσφαλεῖ
1056 540 1414 597 καθεστάναι.
1454 562 1472 594 ι
1544 544 1602 596 Ὀ
1654 545 1700 596 δ’
1751 544 1936 608 εὐθὺς,

2045 547 2125 598 cis
2155 545 2344 608 ctiam,
2388 545 2596 613 absque
2639 552 2787 598 metu
2833 542 3005 606 omni,
3069 540 3314 596 divinum
3354 540 3615 610 templum

366 650 386 683 ι
435 630 576 684 Ἀλλ’
608 630 764 701 είτῷ
797 631 896 701 σῷ,
935 633 1092 702 φησὶ,
1141 634 1334 704 κράτει
1393 635 1562 698 δοκεῖ,
1620 633 1937 706 δραμοῦμαι

359 723 424 790 δὴ
456 722 593 792 πρὸς
617 723 706 816 τὸν
740 723 911 792 ίερέα,
938 724 1032 776 καὶ
1067 724 1245 777 πάντα
1275 725 1456 778 κάλων
1505 727 1716 796 κινήσω
1750 728 1940 796 δεόμε-

361 833 452 880 νος
479 813 734 867 ὥστεσοι
755 815 910 868 λύσιν
941 815 1222 871 ἐπιϐαλεῖν
1246 821 1360 881 τοῖς
1381 817 1618 886 δεσμοῖς.
1635 839 1653 871 ι
1674 848 1744 860 —
1768 819 1939 872 «Ἀλλ’

362 908 422 961 ού
451 908 698 962 πείσεταί
723 925 826 971 σοι,
847 904 905 960 εὖ
937 907 1075 970 οἶδα,
1114 911 1280 976 φησὶν
1305 911 1332 962 6
1367 913 1602 980 κρατῶν.
1641 912 1757 965 Ἐπ’
1785 916 1942 982 ἀκρι-

368 1001 460 1060 ϐὲς
489 1000 595 1069 γὰρ
649 1001 952 1066 ἐπίσταμαι
997 1001 1096 1068 τῆς
1145 1001 1478 1072 ’Δμόροσίου
1534 1003 1720 1074 ψήφου
1772 1005 1832 1058 τὸ
1863 1005 1940 1058 δί-

369 1108 544 1144 καιον.
568 1091 704 1143 Οὐδὲ
737 1091 845 1162 γάρ
874 1109 1005 1144 ποτε
1038 1094 1131 1145 τὸν
1164 1097 1263 1163 τῆς
1321 1093 1604 1162 βασιλείας
1646 1097 1810 1160 ὄγκον
1839 1101 1940 1162 τῆς

370 1180 518 1242 θείας
556 1183 890 1250 προτιμήσει
921 1183 1112 1252 τιμῆς.
1145 1200 1164 1233 ι
1225 1183 1318 1246 Ὠς
1341 1184 1397 1236 δὲ
1428 1184 1602 1239 πολλὰ
1631 1185 1805 1255 λέγων
1836 1187 1941 1240 ὐπ-

371 1275 604 1342 ισχνεῖτο
655 1273 868 1328 πείθειν
894 1276 922 1327 6
963 1276 1246 1342 Ῥουφῖνος
1293 1276 1642 1346 Ἀμϐρόσιον,
1676 1277 1939 1347 πράττειν

367 1364 429 1416 τὸ
461 1367 871 1435 παριστάμενον
904 1368 1056 1437 ἠφίει
1088 1370 1114 1420 ὁ
1141 1368 1420 1437 βασιλεύς.
1448 1371 1602 1422 Καὶό
1623 1371 1722 1439 μὲν
1746 1369 1935 1441 ἀπῄει·

365 1460 483 1520 ταῖς
517 1458 572 1510 δὲ
603 1459 860 1527 σφοδραῖς
893 1461 1002 1512 τῶν
1032 1460 1385 1529 ὑποσχέσεων
1435 1461 1784 1531 βουκοληθεὶς
1810 1461 1940 1514 Θεο-

365 1549 563 1614 δόσιος,
602 1549 738 1618 μετὰ
792 1549 966 1620 βραχὺ
1019 1551 1251 1630 κατόπιν
1301 1552 1395 1603 καὶ
1427 1552 1589 1614 αὐτὸς
1623 1552 1934 1621 ἠκολούθει.

380 1640 466 1704 Ὠς
518 1642 563 1694 δ’
611 1643 691 1702 είς
748 1641 940 1710 λόγους
999 1641 1314 1714 Ἀμϐροσίῳ
1375 1643 1654 1712 Ῥουφῖνος
1698 1645 1935 1714 ἐγένετο,

368 1732 658 1784 ὑπολαϐὼν
706 1733 734 1784 6
767 1733 912 1797 θεῖος
951 1736 1112 1804 ἀνὴρ,
1142 1755 1160 1787 ι
1203 1734 1352 1788 Ἀλλ’
1407 1736 1592 1797 ἔοικάς
1630 1755 1742 1806 μοι,
1788 1735 1939 1788 Ῥου-

368 1826 509 1892 φῖνε,
541 1825 719 1894 ἔλεγε,
745 1828 807 1878 τὸ
841 1828 949 1880 τῶν
979 1829 1157 1881 κυνῶν
1179 1829 1396 1891 ἀναιδὲς
1426 1829 1501 1892 ὠς
1530 1829 1779 1882 πλεῖστον
1807 1828 1938 1898 ἐζη-

2047 639 2390 707 ingrediendi
2450 639 2622 692 libera
2658 638 2729 692 sit
2758 645 3038 706 potestas:
3107 635 3238 690 mihi
3293 648 3456 703 porro
3505 647 3616 686 non

2047 733 2212 785 modo
2247 731 2299 784 id
2363 741 2588 802 tangere
2627 745 2738 784 non
2781 729 2932 792 licet,
2973 743 3163 782 verum
3199 726 3364 780 etiam
3418 725 3617 778 caelum

2047 825 2224 893 ipsum
2257 825 2502 878 clausum
2561 823 2690 878 est?
2717 821 2906 891 Neque
2924 821 3070 875 enim
3108 818 3278 873 divini
3318 818 3464 871 illius
3496 833 3620 870 ora-

2047 915 2156 970 culi
2185 931 2293 969 non
2359 914 2609 980 memini,
2665 916 2810 983 quod
2865 912 3088 966 disertis
3147 909 3333 964 verbis
3391 907 3615 961 statuit:

2046 1010 2398 1077 Qumcunque
2445 1023 2475 1060 a
2510 1005 2888 1061 sacerdotibus
2936 1003 3033 1057 Dei
3072 1001 3236 1070 ligata
3289 1000 3497 1055 fuerint
3565 998 3617 1050 in

2048 1105 2230 1163 terris,
2269 1117 2332 1154 ea
2362 1099 2526 1152 etiam
2569 1099 2624 1152 in
2677 1097 2832 1153 caelis
2879 1105 3030 1151 certo
3068 1111 3187 1150 esse
3245 1095 3431 1162 ligata.
3477 1089 3617 1144 Tum

2047 1192 2334 1248 confestim
2361 1191 2497 1245 ille:
2538 1208 2556 1241 ι
2582 1191 2652 1245 At
2704 1191 2771 1255 si,
2811 1189 2907 1251 ait,
2968 1187 3198 1256 imperio
3251 1196 3345 1239 tuo
3382 1183 3619 1242 videtur,

2046 1285 2373 1338 conveniam
2421 1281 2833 1352 quamprimum
2861 1279 3197 1339 antistitem,
3225 1283 3280 1329 et
3340 1274 3473 1328 nihil
3512 1286 3620 1325 non

2047 1375 2292 1439 tentabo,
2326 1383 2387 1430 ut
2415 1375 2635 1428 vincula
2687 1380 2779 1427 tua
2835 1371 3028 1425 solvat.
3057 1388 3074 1420 ι
3105 1397 3176 1407 —
3212 1386 3230 1417 ι
3257 1366 3460 1421 Verum
3510 1378 3623 1415 nou

2046 1466 2401 1534 obsequetur,
2461 1464 2764 1531 imperator
2797 1460 2998 1528 inquit,
3060 1458 3149 1511 ille
3179 1455 3300 1518 tibi,
3343 1462 3425 1508 sat
3480 1453 3618 1506 scio.

2046 1556 2394 1625 Perspectam
2425 1555 2575 1608 enim
2606 1553 2838 1608 maxime
2874 1551 3052 1605 habeo
3083 1547 3361 1603 Ambrosii
3393 1553 3614 1599 senten-

2047 1650 2136 1704 tiae
2162 1648 2497 1718 aequitatem.
2529 1645 2818 1714 Nunquam
2840 1644 2932 1698 ille
2952 1641 3170 1711 imperii
3198 1635 3620 1708 amplitudinem

2046 1741 2235 1797 divino
2258 1739 2798 1810 praeferethonori.»
2861 1738 3160 1805 Postquam
3214 1739 3396 1785 autem
3452 1727 3623 1781 nittlta

2045 1835 2367 1902 prolocutus
2394 1831 2646 1894 Ruﬁn-us,
2692 1829 2973 1900 pollicitus
3027 1833 3117 1881 est
3171 1839 3234 1878 se
3267 1819 3620 1876 Ambrosium

370 1915 604 1968 λωκέναι
632 1933 644 1946 ·
678 1919 894 1987 σφαγῆς
916 1919 1024 1990 γὰρ
1052 1919 1324 1990 τοσαύτης
1355 1922 1505 1991 παρὰ
1525 1921 1684 1990 δίκην
1717 1914 1796 1983 (ὦ
1825 1920 1941 1974 Θεία

2051 1928 2111 1981 in
2137 1924 2463 1981 sententiam
2499 1937 2654 1979 suam
2688 1922 3058 1975 adducturum
3084 1956 3100 1982 ,
3132 1917 3435 1983 imperator
3467 1927 3622 1972 eum,

370 2007 566 2077 δίκηί)
599 2012 1001 2083 γεγενημένης,
1062 2015 1158 2066 καὶ
1213 2016 1303 2067 ἐπὶ
1345 2014 1600 2066 τοσοῦτον
1625 2013 1769 2082 ὑμᾶς
1801 2011 1943 2065 κατὰ

369 2100 468 2170 τῆς
503 2101 654 2162 θείας
692 2104 900 2166 είκόνος
960 2105 1358 2174 λυττήσαντας,
1405 2103 1530 2157 οὔτε
1574 2105 1690 2166 δέος
1731 2103 1942 2172 εἰστρέ-

370 2210 478 2262 χει,
509 2192 620 2247 οῠτ’
650 2195 813 2259 αίδὼς
848 2198 1073 2250 ἐπανθεῖ
1127 2201 1239 2262 τοῖς
1295 2198 1645 2268 προσώποιςο
1695 2197 1832 2252 ἀλλὰ
1882 2195 1943 2249 τὸ

368 2281 471 2349 τῆς
491 2283 754 2354 αἰσχύνης
783 2286 1150 2350 ἁποξέσαντες
1181 2288 1471 2357 κάλυμμα,
1501 2286 1707 2340 τοιαῦτ’
1730 2285 1942 2338 αἰτοῦν-

368 2386 461 2430 τες
493 2370 741 2439 πρόσιτε.
775 2391 793 2424 ι
851 2373 940 2437 Ὠς
966 2375 1011 2426 δ’
1045 2375 1124 2428 ἔτι
1167 2376 1448 2441 Ῥουφῖνος
1479 2376 1738 2429 ἐπέκειτο
1776 2375 1941 2428 λιπα-

372 2459 500 2526 ρῶν,
555 2464 650 2514 καὶ
678 2463 803 2516 ὅσον
853 2463 1009 2519 οὔπω
1036 2466 1198 2536 ἥκειν
1252 2467 1406 2536 ἔλεγε
1440 2468 1534 2519 καὶ
1561 2467 1652 2518 τὸν
1689 2465 1938 2535 βασιλέα,

369 2550 514 2622 ζήλῳ
541 2555 672 2626 θείῳ
698 2557 1074 2627 πυρποληθεὶς
1115 2557 1467 2630 Ἀμϐρόσιος,
1524 2577 1544 2610 ι
1593 2557 1760 2628 Ἐγὼ,
1796 2559 1940 2629 μέγα
1981 2619 1984 2622 .

369 2644 658 2714 ἀνέκραξε,
689 2647 963 2716 Ῥουφῖνε,
988 2651 1266 2720 προλέγω,
1287 2650 1360 2714 ὡς
1379 2649 1628 2720 ἀπείρξω
1661 2651 1756 2704 καὶ
1782 2646 1941 2714 αὖθις

369 2739 666 2806 προσιόντα
701 2741 810 2794 τῶν
841 2742 1004 2813 ίερῶν
1034 2743 1369 2813 περιϐόλων.
1411 2743 1474 2796 Εἰ
1518 2743 1564 2796 δ’
1594 2743 1787 2814 ἐκείνῳ
1811 2761 1939 2797 σκο-

369 2830 468 2891 πὸς
494 2836 775 2901 τυραννεῖν
829 2835 1186 2906 μεταθεμένῳ
1246 2839 1348 2906 τὴν
1394 2837 1696 2906 βασιλείαν,
1748 2836 1861 2906 ἐγὼ
1885 2839 1941 2890 δὲ

368 2919 504 2973 ἀλλὰ
530 2923 651 2990 μεθ’
676 2923 871 2993 ἡδονῆς
896 2925 990 2978 τὸν
1039 2926 1128 2980 διά
1154 2927 1313 2980 τοῦτο
1371 2929 1743 3000 προσοίσομαι
1773 2928 1941 2983 θάνα-

366 3026 478 3065 τον.
512 3033 530 3063 ι
553 3012 719 3066 Ταῦτ’
748 3015 990 3080 ἀκούσας
1027 3017 1329 3087 Ῥουφῖνος,
1361 3021 1438 3090 τῷ
1469 3019 1690 3089 βασιλεῖ
1709 3020 1942 3088 διεπέμ-

368 3120 502 3156 πετο
536 3108 823 3176 παραινῶν
857 3109 968 3162 τῶν
1001 3112 1321 3182 ἀνακτόρων
1350 3111 1428 3182 μὴ
1465 3115 1738 3182 προϊέναι.
1792 3111 1854 3166 '0
1883 3112 1941 3164 δὲ

367 3198 494 3252 καθ’
523 3198 643 3251 ὁδοῦ
700 3202 767 3254 τὰ
817 3203 1136 3271 ἠγγελμένα
1204 3205 1416 3273 μαθὼν,
1459 3224 1477 3256 ι
1522 3207 1775 3275 Ἀπειμι,
1810 3205 1938 3274 ἔφη,

369 3287 603 3357 ἐκδίκως
657 3290 757 3353 τὰς
793 3295 1083 3361 παροινίας
1148 3295 1585 3365 είσδεδεγμένος.
1625 3314 1643 3347 ι
1708 3297 1862 3350 Ἐπεὶ
1894 3296 1939 3350 δ’

369 3380 604 3449 ἔγγιστα
636 3382 729 3434 τοῦ
761 3382 866 3436 νεὼ
888 3386 1156 3452 ἐγεγόνει,
1179 3387 1310 3440 εἵσω
1339 3389 1438 3457 μὲν
1466 3388 1644 3441 ἐλθεῖν
1666 3389 1768 3441 οὐκ
1791 3388 1944 3442 ἐτόλ-

371 3490 481 3544 μα·
517 3476 652 3546 πρὸς
682 3477 726 3530 δ’
756 3476 1086 3546 ’Λμόρόσιον
1119 3481 1478 3549 ἀφικόμενος,
1508 3479 1587 3549 τῷ
1620 3481 1730 3549 γὰρ
1759 3481 1940 3534 ἀσπα-

368 3565 541 3637 στικῷ
601 3568 735 3637 οίκῳ
788 3569 1053 3638 καθῆστο,
1109 3571 1219 3623 τῶν
1275 3571 1490 3625 ἀλύτων
1550 3571 1670 3643 ᾔτει
1711 3571 1940 3643 λυθῆναι

369 3659 608 3728 δεσμῶν.
648 3661 705 3713 Ὀ
736 3661 793 3714 δὲ
825 3663 964 3716 ἀλλὰ
1014 3664 1141 3726 τοὺς
1199 3663 1378 3727 θείους
1440 3665 1682 3735 θεσμοὺς
1742 3667 1940 3718 πατεῖν

370 3756 578 3808 ἐκεῖνον
610 3754 888 3825 διήλεγχε,
920 3759 1253 3827 τυραννικήν
1301 3773 1362 3811 τε
1389 3758 1576 3813 ἐκάλει
1605 3759 1706 3828 τὴν
1735 3775 1942 3827 παρου-

373 3847 498 3901 σίαν
529 3849 622 3902 καὶ
678 3850 799 3920 Θεῷ
855 3851 942 3906 διὰ
990 3852 1168 3923 μάχης
1214 3852 1375 3908 ίέναι.
1435 3853 1494 3907 Ὀ
1529 3852 1606 3918 δὲ,
1642 3870 1662 3903 ι
1707 3852 1848 3906 Ἀλλ’
1878 3854 1941 3907 οὐ

367 3940 520 3997 ταῦτ’
553 3943 699 4012 ἐμοὶ,
731 3943 806 4007 ὡς
832 3944 958 4015 φῂς,
1013 3943 1484 4016 περισπούδαστα,
1522 3946 1662 4013 μετὰ
1706 3945 1944 4014 θράσους

365 4029 477 4082 τῶν
515 4029 677 4100 ἱερῶν
727 4031 989 4098 ἐπιϐῆναι
1043 4030 1356 4101 προθύρων.
1407 4032 1474 4083 Σὲ
1503 4032 1560 4085 δὲ
1614 4033 1775 4102 μόνον
1806 4033 1942 4084 αἰτῶ

367 4121 527 4175 λῦσαί
552 4140 654 4192 μου
685 4126 782 4184 τὰς
819 4122 1006 4187 πέδας,
1056 4127 1151 4176 καὶ
1181 4124 1280 4192 τὴν
1307 4125 1495 4190 κοινὴν
1529 4123 1626 4193 τρῦ
1677 4124 1942 4178 δεσπότου

372 4215 793 4283 φιλανθρωπίαν
845 4215 1192 4284 μιμήσασθαι
1220 4231 1234 4246 ο
1288 4215 1381 4267 καὶ
1409 4214 1484 4286 μὴ
1511 4216 1636 4283 ἐμοὶ
1668 4217 1814 4286 μόνῳ
1842 4216 1944 4285 τὴν

370 4305 758 4373 φιλάνθρωπον
812 4303 1154 4371 ὲπιζυγῶσαι
1205 4304 1351 4356 κατὰ
1380 4303 1479 4356 τοῦ
1528 4303 1825 4374 προσώπου
1848 4305 1944 4357 θύ-

372 4413 495 4464 ραν,
527 4397 595 4467 ἢν
633 4399 784 4466 κοινῇ
819 4397 958 4450 πᾶσι
993 4397 1274 4464 μετανοεῖν
1308 4393 1608 4465 ᾑρημένοις
1643 4396 1739 4448 καὶ
1763 4394 1943 4465 πολλῷ

353 4489 677 4560 ,χρωμένοις
722 4487 799 4557 τῷ
856 4487 1150 4562 μεταμέλῳ
1199 4489 1228 4540 6
1276 4487 1373 4540 τοῦ
1433 4487 1617 4550 ἐλέους
1670 4488 1943 4555 δεσπότης

2049 2017 2192 2086 quod
2228 2014 2625 2074 constituisset,
2658 2012 2842 2066 facere
2875 2007 3151 2076 permisit.
3195 2004 3346 2058 Abiit
3395 2003 3511 2066 ille,
3567 2009 3624 2054 et

2045 2105 2396 2160 Theodosius
2428 2102 2744 2171 ingentibus
2797 2100 2943 2154 illius
2988 2095 3277 2168 promissis
3326 2091 3618 2152 adductus,

2042 2200 2207 2268 paulo
2234 2207 2355 2266 post
2380 2212 2507 2251 eum
2537 2206 2622 2250 est
2653 2194 3006 2249 subsecutus.
3043 2189 3311 2244 Caeterum
3343 2185 3437 2239 ubi
3469 2183 3624 2236 Ruﬁ-

2041 2285 2148 2344 nus
2177 2304 2300 2342 cum
2331 2286 2622 2341 Ambrosio
2639 2293 2724 2340 est
2748 2283 3074 2347 collocutus,
3113 2279 3281 2334 verba
3301 2277 3420 2348 ejus
3450 2276 3621 2328 inter—

2041 2381 2255 2451 pellans
2305 2379 2390 2432 vir
2422 2379 2679 2432 divinus:
2745 2374 2874 2430 «Tu
2933 2387 3092 2435 vero,
3147 2370 3348 2440 inquit,
3400 2365 3620 2425 Ruﬁne,

2043 2487 2243 2528 canum
2298 2469 2692 2540 impudentiam
2753 2465 3052 2536 plurimum
3092 2461 3336 2517 aemulari
3394 2457 3620 2511 videris.

2042 2563 2180 2619 Cum
2209 2575 2446 2630 namque
2461 2568 2665 2628 praeter
2691 2558 2804 2627 jus,
2824 2571 2858 2611 0
2885 2555 3069 2609 divina
3095 2549 3378 2606 vindicta!
3413 2555 3620 2600 tantam

2044 2655 2252 2711 caedem
2281 2650 2756 2724 perpetraveritis,
2782 2655 2838 2704 et
2871 2657 3018 2702 tanta
3045 2645 3200 2700 rabie
3226 2643 3282 2698 in
3326 2640 3621 2710 imaginem

2043 2747 2144 2802 Dei
2173 2745 2486 2810 saevieritis,
2534 2756 2712 2812 neque
2741 2751 2923 2796 metus
2949 2737 3110 2793 vobis
3161 2734 3407 2798 incessit,
3439 2746 3622 2799 neque

2043 2839 2214 2894 rubor
2235 2837 2291 2892 in
2317 2852 2414 2893 ore
2440 2843 2630 2892 vestro
2659 2832 2988 2889 emorescit:
3027 2829 3122 2886 sed
3137 2824 3492 2884 verecundiae
3517 2838 3619 2890 pu-

2042 2931 2178 2988 dore
2209 2931 2450 2996 deterso,
2491 2944 2616 2984 cum
2642 2927 2909 2997 petitione
2937 2925 3028 2980 tali
3051 2921 3343 2978 advertitis.
3361 2917 3525 2988 319
3545 2915 3620 2971 Ut

2044 3040 2178 3079 vero
2206 3023 2442 3080 Ruﬁnus
2465 3021 2544 3077 illi
2575 3021 2750 3089 magis
2771 3033 2835 3073 ac
2873 3016 3045 3087 magis
3075 3010 3438 3085 supplicando
3456 3009 3617 3064 insti-

2045 3117 2129 3182 tit,
2167 3124 2224 3170 et
2258 3115 2646 3184 imperatorem
2674 3125 2894 3180 quoque
2915 3107 3142 3179 jamjam
3172 3103 3434 3159 advenire
3456 3098 3617 3161 dixit,

2044 3210 2232 3266 divino
2297 3207 2497 3262 ardore
2551 3206 2812 3260 incensus
2898 3198 3247 3260 Ambrosius,
3314 3209 3440 3250 cum
3508 3191 3620 3247 cla-

2044 3317 2200 3357 more
2293 3307 2525 3368 magna“:
2615 3314 2634 3347 ι
2674 3293 2785 3364 Ego
2879 3291 2980 3347 tibi
3064 3287 3328 3359 prmdico,
3398 3281 3618 3344 Ruﬁne,

2046 3392 2251 3463 inquit,
2283 3405 2372 3445 me
2405 3389 2606 3444 iterum
2628 3383 3012 3441 advenientem
3036 3381 3191 3435 illum
3219 3375 3392 3432 sacris
3407 3373 3622 3428 aedibus

2045 3482 2453 3555 prohibiturum
2488 3493 2631 3534 esse.
2665 3479 2736 3530 At
2787 3475 2833 3530 si
2867 3474 2960 3529 ille
2990 3470 3223 3542 imperio
3245 3482 3404 3538 sequo
3467 3475 3619 3534 post-

2043 3554 2256 3640 habito,
2288 3571 2638 3646 tyrannidem
2697 3581 2961 3623 exercere
3015 3563 3226 3622 statuit,
3281 3554 3635 3630 perlibenter.

2044 3684 2147 3740 ego
2179 3669 2284 3723 hac
2317 3667 2386 3722 de
2418 3678 2586 3721 causa
2611 3670 2842 3717 mortem
2882 3658 3065 3714 adibo.
3092 3676 3108 3708 ι
3164 3654 3263 3710 His
3309 3651 3495 3708 verbis
3518 3665 3618 3703 au-

2045 3762 2197 3831 ditis,
2228 3759 2464 3814 Ruﬁnus
2490 3772 2588 3826 per
2619 3753 3049 3813 internuntium,
3077 3763 3147 3804 ne
3205 3745 3417 3801 aedibus
3449 3744 3622 3810 impe-

2045 3851 2277 3909 ratoriis
2309 3847 2762 3922 progrederetur,
2789 3842 3109 3914 imperatori
3139 3836 3492 3908 signiﬁcavit.
3519 3834 3620 3885 At-

2043 3959 2153 4015 que
2191 3942 2306 4005 ille,
2333 3941 2426 3995 ubi
2449 3940 2596 3995 inter
2625 3934 2870 3991 eundum
2899 3933 3156 4005 nuntium
3210 3943 3338 3985 eum
3368 3924 3618 3992 accepit:

2049 4054 2069 4089 ι
2093 4036 2195 4102 Εο,
2225 4035 2427 4104 inquit,
2455 4031 2655 4087 merito
2679 4045 2800 4084 meo
2831 4025 3265 4097 obiurgationem
3314 4030 3370 4073 et
3423 4024 3620 4072 contu-

2043 4127 2263 4182 meliam
2288 4135 2641 4194 excepturus.
2668 4140 2686 4173 ι
2711 4121 2780 4175 Ει
2827 4119 2921 4174 ubi
2953 4115 3205 4187 proxime
3251 4111 3317 4165 ad
3348 4108 3613 4176 templum

2043 4217 2536 4287 accessit,ingredi
2593 4215 2647 4269 id
2673 4212 2896 4283 quidem
2953 4223 3119 4263 ausus
3180 4221 3287 4258 non
3351 4202 3476 4257 fuit.
3511 4200 3616 4256 Ubi

2045 4321 2227 4367 autem
2257 4308 2324 4364 ad
2363 4307 2735 4365 Ambrosium,
2760 4304 2853 4372 qui
2893 4303 2948 4355 in
2971 4301 3086 4354 aede
3118 4296 3437 4351 salutator-ia
3479 4307 3614 4346 con—

2045 4400 2283 4467 sederat,
2319 4397 2492 4462 venit,
2526 4403 2587 4449 ut
2620 4391 2940 4448 insolubilia
2970 4387 3191 4443 vincula
3219 4399 3318 4439 sua
3353 4381 3615 4436 solveret.

2047 4509 2172 4550 eum
2197 4491 2428 4562 rogavit.
2465 4487 2788 4544 Ambrosius
2807 4500 2942 4540 vero
2972 4483 3125 4537 illum
3178 4477 3498 4533 sanctiones
3530 4474 3615 4525 di-

368 4579 631 4648 άνέῳξεν.
676 4599 694 4630 ι
726 4578 1058 4649 Ἀμϐρόσιος
1092 4579 1173 4639 δὲ,
1209 4597 1226 4630 ι
1277 4579 1441 4634 Ἀλλὰ
1475 4582 1652 4644 ποῖος,
1691 4580 1876 4647 φησὶν,
1912 4581 1939 4631 ὁ

2045 4586 2205 4639 vinas
2230 4583 2552 4654 proculcare
2590 4579 2793 4647 arguit,
2819 4584 2875 4631 et
2921 4575 3223 4629 adventum
3253 4569 3395 4639 ejus,
3419 4565 3511 4634 qui
3544 4565 3618 4617 ita

372 4674 680 4744 μετάμελος
741 4673 879 4747 μετὰ
911 4669 1187 4741 τοσαύτην
1236 4669 1589 4741 παρανομίαν
1639 4676 1734 4724 καὶ
1766 4670 1939 4742 θυμοῦ

368 4767 608 4837 ἀκράτου
641 4766 970 4833 ἀσέλγειαν;
1031 4758 1180 4831 Ἀρα
1210 4762 1268 4815 δὲ
1301 4763 1477 4825 ποίοις
1525 4763 1845 4833 φαρμάκοις
1873 4764 1942 4816 τὰ

365 4855 593 4908 δυσίατα
620 4855 804 4906 ἐκεῖνα
834 4852 1208 4921 ὲθεράπευσας
1238 4851 1427 4920 πάθης
1458 4871 1477 4902 ι
1521 4851 1580 4905 '0
1601 4851 1663 4904 δὲ
1686 4851 1942 4922 βασιλεὺς

368 4948 576 5018 ἡρέμα,
607 4964 626 4999 ι
668 4944 829 4998 Ἀλλὰ
862 4946 953 4998 σδν
975 4944 1162 5014 ἔργον,
1185 4937 1230 4996 ὦ
1250 4944 1357 4997 θεῖε
1382 4945 1531 5015 ἄνερ,
1565 4945 1738 4997 ταῦτα
1769 4945 1940 5012 δεῖξαι

368 5043 466 5095 καὶ
497 5042 728 5107 κεράσαι
787 5055 880 5108 μοι
907 5039 1006 5108 τῆς
1058 5038 1208 5101 θείας
1243 5038 1490 5107 ἰατρείας
1531 5040 1602 5091 τὰ
1629 5038 1902 5110 φάρμακα
1923 5055 1938 5071 ’

367 5134 502 5203 ἐμὸν
531 5134 587 5186 δὲ
613 5132 671 5186 τὸ
699 5133 956 5195 δέξασθαι
990 5130 1187 5197 ταῦτα,
1216 5130 1319 5184 κᾶν
1344 5133 1442 5185 καὶ
1471 5129 1609 5184 πολὺ
1643 5132 1702 5183 τὸ
1736 5133 1941 5200 στύφον

367 5226 679 5296 δριμμύσον
723 5227 1059 5294 ὲπάγωνται.
1126 5243 1145 5276 ι
1209 5225 1346 5276 Τότε
1412 5224 1560 5276 θείου
1620 5225 1942 5293 Πνεύματος

367 5318 635 5387 πλησθεὶς
664 5319 692 5371 6
716 5319 773 5369 ‘A
786 5318 1064 5388 μδρόσιος,
1093 5337 1112 5368 ι
1161 5318 1336 5380 Ἐπεὶ,
1371 5317 1526 5386 φησὶ,
1553 5317 1629 5386 τῷ
1662 5316 1820 5386 θυμῷ
1842 5319 1940 5384 τὴν

366 5409 527 5480 δίκην
554 5411 772 5478 ἐκείνην
797 5410 1130 5480 ἐπέτρεψας,
1161 5410 1255 5462 καὶ
1283 5409 1383 5478 τὴν
1413 5409 1593 5478 ψῆφον
1615 5410 1713 5478 οὐχ
1735 5411 1762 5461 6
1793 5408 1941 5476 λογι-

369 5505 506 5571 σμὸς
558 5505 616 5556 ἐν
655 5501 730 5570 τῷ
771 5501 1080 5555 καθεστῶτι
1150 5501 1328 5570 μένων
1383 5500 1720 5571 ἐξήνεγκεν,
1775 5501 1940 5555 ἀλλ’ὀ

350 5593 541 5664 θυμὸς
599 5594 870 5663 ἀλογίστῳ
922 5593 1116 5662 θράσει
1171 5595 1514 5663 φερόμενοςο
1563 5593 1838 5664 ἐγγράψαι
1882 5611 1938 5646 σε

369 5689 582 5740 κελεύω
617 5687 802 5755 νόμον,
838 5686 1354 5754 καταψηφιζόμενον
1385 5687 1480 5738 τοῦ
1510 5686 1686 5755 θυμοῦ
1711 5686 1807 5746 cdt;
1835 5686 1940 5756 ψή-

369 5796 527 5847 φους,
556 5781 650 5831 καὶ
671 5781 798 5841 τοὺς
822 5781 934 5841 τοῖς
965 5779 1078 5840 σοῖς
1094 5779 1550 5844 διακονουμένους
1575 5779 1938 5847 προστάγμα-

372 5888 452 5924 σιν
477 5873 835 5932 ἐπιτάττοντα
861 5874 915 5936 ἐς
943 5872 1274 5946 τριακοστὴν
1304 5873 1514 5945 ἡμέραν
1535 5873 1937 5928 ἀναϐάλλεσθαι

2049 4677 2162 4733 Deo
2187 4682 2536 4747 repugnaret,
2574 4669 2924 4743 tyrannidum
2961 4663 3275 4735 appellavit.
3326 4659 3405 4713 Ibi
3433 4657 3617 4711 Theo-

2045 4770 2268 4826 dosius:
2313 4769 2411 4823 «At
2439 4782 2558 4836 ego,
2591 4763 2790 4833 inquit,
2826 4776 2936 4815 non
2973 4759 3024 4812 id
3075 4755 3260 4811 studio
3307 4751 3504 4808 habeo,
3557 4758 3619 4801 ut

2043 4877 2169 4916 cum
2200 4859 2490 4918 temeraria
2512 4852 2844 4911 conﬁdentia
2873 4863 3091 4905 sacrum
3121 4844 3399 4913 ingrediar
3447 4840 3617 4894 vesti-

2042 4954 2257 5008 bulum.
2302 4950 2378 5006 Te
2395 4957 2577 5003 autem
2628 4959 2752 5009 oro,
2791 4952 2852 4996 ut
2877 4939 3095 4994 vincula
3136 4951 3254 4990 mea
3298 4934 3500 4994 solvas,
3564 4939 3640 4984 et

2044 5057 2394 5101 communem
2455 5037 2670 5094 Domini
2744 5034 3136 5104 benignitatem
3186 5028 3452 5088 imitatus,
3506 5039 3616 5077 non

2045 5138 2145 5192 soli
2193 5135 2325 5190 mihi
2356 5136 2410 5186 in
2441 5131 2637 5185 faciem
2701 5124 3095 5180 misericordiae
3158 5122 3308 5175 fores
3365 5117 3616 5177 claudas,

2043 5244 2180 5298 quas
2207 5223 2575 5281 communiter
2610 5219 2866 5274 omnibus
2902 5213 3378 5284 resipiscentibus,
3413 5217 3468 5263 et
3498 5223 3619 5276 po:-

2045 5319 2281 5374 nitentia
2340 5316 2511 5369 multa
2555 5311 2862 5371 utentibus,
2912 5303 3304 5362 misericordia:
3357 5300 3619 5355 Dominus

2043 5411 2282 5482 aperuit.
2309 5430 2326 5460 ι
2363 5407 2691 5463 Ambrosius
2723 5418 2886 5467 vero,
2936 5420 2952 5453 ι
2983 5400 3190 5455 Verum
3223 5397 3308 5452 dic
3355 5411 3475 5464 age,
3534 5394 3588 5446 in

2043 5503 2184 5573 quit,
2214 5516 2335 5571 quae
2361 5508 2449 5552 tua
2500 5497 2687 5559 fuerit,
2734 5502 2857 5564 post
2917 5500 3120 5545 tantam
3169 5485 3515 5555 iniquitatem
3561 5491 3618 5535 et

2041 5593 2259 5650 effrenis
2289 5590 2382 5644 irae
2403 5588 2782 5659 petulantiam.
2811 5581 3154 5655 pwnitentia.
3186 5577 3375 5644 Qualia
3396 5574 3617 5629 tandem

2044 5684 2445 5740 incurabilibus
2507 5678 2898 5735 aﬂectionibus
2928 5671 3228 5730 adhibuisti
3287 5667 3611 5722 remediah

2043 5779 2157 5834 Sub
2178 5779 2293 5831 hmc
2327 5772 2540 5845 placide
2577 5773 2874 5846 imperator
2912 5766 3051 5822 dixit
3084 5781 3096 5818 :
3145 5784 3163 5817 ι
3196 5765 3324 5816 'l'uae
3375 5775 3531 5822 vero,
3582 5774 3614 5812 ιι

2042 5867 2362 5931 vir'divinc,
2395 5868 2446 5922 id
2482 5875 2562 5920 est
2587 5880 2784 5933 operae,
2821 5861 3066 5915 indicare
3102 5856 3260 5925 mihi,
3317 5861 3376 5911 et
3401 5861 3609 5928 tempe-
