4062 6438
544 363 654 427 895

1784 366 2191 426 NICEPllOlU
2238 367 2574 429 CALLISTI

3681 380 3783 443 896-

548 493 674 531 rare
694 491 864 532 sacra:
899 477 1184 530 ιιιριιῐοίιιιε
1216 477 1478 532 remedia.
1517 478 1698 534 Meum
1715 490 1902 535 autem
1933 481 2097 536 fuerit

2198 482 2326 551 ,τὰς
2350 481 2662 550 δημοτικάς
2696 482 2790 536 καὶ
2819 484 2929 539 τῶν
2981 488 3076 544 ἐπὶ
3105 487 3324 558 Θανάτῳ
3377 490 3786 560 καταδικαζομέ-

547 584 612 624 ea
643 570 949 638 suscipere,
979 569 1194 624 etiamsi
1232 569 1466 624 mullum
1523 570 1761 627 habent
1809 574 2124 628 acrimonia:

546 668 601 712 et
631 659 969 724 asperitatis.
1013 677 1030 710 ›
1064 659 1140 712 lbi
1171 668 1284 713 tum
1320 661 1648 717 Ambrosius
1693 663 1882 719 divino
1911 664 2120 734 Spiritu

545 751 742 820 plenus
787 769 802 806 :
843 771 860 802 ι
895 752 1382 822 Quandoquidem,
1418 756 1516 820 ait,
1550 756 1630 810 ira
1663 758 1974 812 concitatus
1999 759 2123 814 vin-

545 842 746 896 dictam
789 845 950 896 aliam
1002 847 1336 914 pra-cepisti,
1385 856 1442 902 et
1474 851 1803 904 sententiam
1835 851 1977 904 illam
2011 868 2121 906 non

543 935 684 988 ratio
706 938 760 989 in
791 938 1096 1006 tranquillo
1131 948 1278 993 statu
1308 955 1409 994 suo
1463 943 1798 1007 consistens,
1843 943 1936 998 sed
1968 943 2122 998 furor

541 1025 731 1080 insana
759 1037 816 1080 et
843 1030 1064 1083 vecordi
1101 1030 1330 1086 audacia
1359 1033 1662 1102 productus
1694 1035 1840 1099 tulit,
1868 1049 1920 1088 ut
1944 1037 2119 1106 legem

538 1123 595 1168 ct
626 1117 1078 1173 constitutionem
1119 1121 1194 1187 (l)
1232 1122 1549 1193 promulges
1593 1123 1827 1194 impero,
1871 1141 1995 1196 quae
2024 1129 2121 1182 ira:

539 1206 780 1260 calculos
803 1209 1152 1277 condemnet,
1189 1213 1571 1283 etjussionum
1609 1223 1830 1271 tuarum
1881 1218 2120 1273 admini-

540 1298 673 1352 stris
716 1299 984 1372 iujungat.
1042 1313 1102 1357 ut
1152 1307 1370 1374 publica
1421 1307 1630 1376 judicia
1688 1321 1747 1365 et
1792 1311 2117 1380 capitalium

541 1401 832 1444 causarum
865 1407 1056 1462 pmnas
1101 1397 1166 1450 ad
1201 1398 1535 1454 tricesimam
1569 1417 1742 1470 usque
1780 1401 1924 1456 diem
1959 1403 2121 1459 dill‘e-

540 1494 668 1535 rant
699 1484 798 1552 (2).
835 1486 904 1540 Et
935 1496 994 1541 ut
1038 1489 1330 1544 sententiae
1361 1493 1625 1560 capitales
1649 1493 1700 1544 in
1737 1494 2001 1564 scriptum
2025 1511 2118 1550 rc-

538 1573 681 1639 lalae,
721 1585 930 1631 rectum
956 1591 1010 1632 et
1037 1593 1292 1648 pacatum
1352 1585 1874 1654 rationisjudicium
1919 1603 2118 1658 exspe-

540 1675 715 1720 ctent.
786 1668 950 1740 320
1006 1671 1181 1726 Porro
1233 1675 1432 1730 diebus
1492 1675 1582 1731 bis
1621 1677 1859 1746 elapsis,
1915 1679 2118 1749 quibus

535 1758 1012 1826 judiciurumcura
1041 1767 1332 1821 conmissa
1361 1777 1468 1830 est,
1497 1769 1766 1837 scriptum
1805 1771 2114 1840 proferant,

541 1858 602 1903 ut
628 1851 844 1907 scilicet
900 1869 1022 1908 cum
1070 1857 1184 1926 jam
1217 1859 1297 1911 ira
1332 1859 1692 1927 deferbuerit,
1720 1869 1788 1915 ct-
1816 1862 1955 1916 ratio
2005 1863 2112 1918 sibi

541 1936 642 2006 ipsi
687 1941 938 1997 restituta
971 1943 1159 2007 luerit,
1201 1949 1532 2002 sententiam
1575 1951 1739 2005 latam
1774 1967 1872 2020 per
1901 1952 2116 2022 disqui-

538 2030 796 2085 sitionem
833 2037 1197 2104 perpendant,
1256 2039 1475 2110 juslaue
1533 2043 1624 2106 sit,
1661 2059 1727 2097 an
1783 2045 1998 2115 ipiqua.
2037 2047 2113 2101 Ac

536 2121 811 2190 siquidem
838 2135 1028 2180 contra
1056 2125 1146 2196 jus
1169 2143 1232 2182 ea
1259 2141 1524 2200 concepta
1548 2133 1736 2200 fuerit,
1757 2137 1939 2190 statim
1986 2151 2110 2192 eam

535 2216 894 2272 consciudct:
924 2221 1010 2274 sin
1043 2233 1256 2282 contra,
1289 2224 1460 2278 multo
1513 2225 1678 2280 etiam
1711 2230 1880 2298 magis
1909 2228 2112 2282 conﬁr-

534 2306 729 2361 mabit.
782 2309 850 2364 Et
883 2311 1099 2366 dierum
1143 2314 1374 2368 istorum
1415 2331 1678 2372 numerus
1732 2319 1798 2371 ad
1851 2315 1907 2373 id
1960 2323 2109 2390 quod

533 2397 810 2456 conducat
853 2402 1086 2456 maxime
1117 2407 1556 2474 cognoscendum
1592 2411 1856 2476 proderit.
1925 2413 2108 2468 Pera)-

531 2489 706 2560 qutu’n
737 2491 886 2545 enim
919 2506 1024 2556 est,
1071 2505 1285 2564 tempus
1313 2497 1364 2550 id
1404 2501 1767 2562 intchedere,
1801 2505 1944 2571 quod
1979 2521 2104 2559 cum

532 2581 888 2650 imperatoris
913 2585 1048 2639 iram
1083 2587 1282 2654 placet,
1334 2598 1453 2643 tum
1487 2591 1674 2645 furore
1718 2594 2104 2662 languescente

531 2673 856 2730 humanitati
884 2685 938 2730 et
969 2679 1362 2736 misericordia:
1386 2683 1566 2736 locum
1594 2684 1711 2738 det.
1751 2705 1766 2736 ι
1797 2684 2103 2755 Imperator

529 2766 698 2834 igitur
760 2769 928 2823 divini
982 2771 1244 2826 antistitis
1294 2775 1670 2842 praescriptum
1726 2780 1990 2848 suscepit,
2047 2791 2103 2836 ct

525 2861 797 2926 optimum
831 2861 884 2916 id
915 2877 1036 2918 esse
1059 2865 1216 2918 dixit.
1248 2865 1551 2922 Confestim
1587 2871 1752 2924 etiam
1787 2873 1865 2942 (5)
1893 2874 2102 2928 οοιιειίο

524 2951 794 3004 tutionem
827 2956 1176 3024 coiiscripsit,
1204 2968 1261 3012 et
1289 2969 1349 3012 ut
1377 2961 1429 3012 in
1459 2963 1854 3030 Sempiternum
1927 2967 2100 3022 robur

523 3057 680 3096 suum
701 3043 994 3109 obtineret,
1019 3063 1216 3103 manus
1242 3065 1354 3106 sua:
1379 3053 1783 3122 subscriptione
1819 3073 1937 3110 eam
1968 3075 2098 3114 cou-

523 3135 777 3191 lirmavit.
805 3139 926 3204 Quo
955 3139 1122 3206 facto,
1141 3143 1424 3197 vinculum
1451 3161 1670 3214 quoque
1688 3149 1837 3202 illius
1855 3151 2094 3206 solutum

519 3235 624 3290 est,
661 3242 784 3282 cum
807 3229 1028 3299 quidem
1052 3233 1270 3301 publice
1301 3236 1454 3304 prius
1491 3239 1787 3306 imperator
1807 3252 2092 3309 peccatum

517 3334 680 3374 suum
724 3322 781 3374 in
814 3323 1046 3378 ecclesia
1066 3326 1352 3380 confessus
1381 3327 1597 3396 fuisset,
1626 3341 1682 3384 et
1713 3332 1951 3387 libenter
1996 3335 2092 3390 ad-

476 3407 480 3411 ’
520 3410 742 3466 modum
764 3413 1122 3468 constitutum
1142 3417 1477 3485 [uenitentke
1499 3431 1714 3489 tempus
1736 3428 2088 3494 suscepisset.

516 3501 636 3566 Quo
667 3511 913 3572 tempore
945 3505 999 3558 in
1035 3506 1186 3560 luctu
1224 3511 1451 3578 degens,
1509 3512 1892 3580 imperialibus
1921 3532 2092 3573 orna-

518 3593 718 3647 mentis
747 3609 878 3649 usus
911 3609 1019 3650 non
1049 3607 1152 3653 est.
1197 3600 1406 3656 Deinde
1446 3601 1503 3656 in
1540 3605 1678 3659 sacri
1721 3609 1904 3675 templi
1939 3612 2090 3667 aedes

513 3681 810 3748 admissus,
845 3700 952 3740 non
983 3695 1134 3744 stans
1159 3689 1272 3756 ille,
1319 3706 1498 3762 neque
1531 3697 1764 3762 genibus
1789 3699 1966 3767 ﬂexis,
2004 3719 2090 3757 re-

518 3787 641 3826 rum
709 3775 1094 3832 universarum
1169 3782 1458 3836 Dominum
1512 3787 1768 3854 precibus
1809 3791 2084 3860 placavit:

511 3864 608 3918 sed
631 3880 837 3933 pronus
877 3867 931 3921 in
979 3870 1154 3924 solum
1185 3873 1452 3941 abiectus,
1508 3879 1878 3936 miserabilem
1939 3885 2082 3941 illam

511 3952 736 4008 llavidis
763 3956 951 4010 emisit
979 3973 1170 4013 vocem
1202 3979 1218 4015 :
1263 3963 1495 4018 Adhaesit
1540 3972 1860 4036 pavimento,
1901 3977 2083 4030 anima

507 4059 648 4108 inea,
673 4047 876 4112 viviﬁca
893 4066 972 4103 me
986 4053 1270 4107 secundum
1296 4057 1504 4110 verbum
1523 4061 1718 4114 luum'.
1747 4081 1766 4113 ι
1790 4063 2081 4121 Etcomam

505 4134 736 4202 insuper
767 4140 994 4205 vellens,
1025 4141 1373 4215 fruntemque
1401 4149 1780 4216 diverberatis,
1813 4165 1870 4210 et
1903 4158 2079 4214 solum

501 4225 764 4298 lacrymis
799 4232 1190 4304 madelaciens,
1225 4239 1410 4294 delicti
1453 4245 1670 4300 veniam
1706 4247 1774 4300 ad
1804 4264 1929 4303 eum
1961 4267 2078 4307 mo-

503 4318 632 4373 dum
663 4323 841 4390 petiit.
885 4325 1181 4409 Postquam
1211 4349 1342 4388 vero
1379 4342 1595 4406 tempus
1654 4341 1895 4404 advenit,
1950 4358 2074 4398 cum

2226 588 2336 623 νων
2382 577 2481 635 τὶς
2517 574 2828 644 τιμωρίας·
2899 581 2995 635 καὶ
3048 581 3438 650 γεγραμμέναι
3495 583 3785 649 μενέτωσαν

2224 663 2324 732 τὴν
2356 661 2528 732 ὀρθὴν
2561 664 2656 717 καὶ
2684 665 2964 738 ἀτάραχον
2992 671 3100 723 τῶν
3130 670 3410 740 λογισμῶν
3446 673 3787 742 ἐκδεχόμεναι

2225 751 2430 819 κρίσιν.
2457 754 2498 805 Τ
2504 752 2580 805 ῶν
2610 753 2656 804 δ’
2687 757 2910 826 ἡμερῶν
2939 759 3148 814 τούτων
3168 761 3515 828 διελθουσῶν,
3540 757 3620 828 οἷς
3642 763 3788 818 τοῦτο

2227 843 2411 913 μέλον,
2473 849 2541 898 τὰ
2591 852 2968 920 γεγραμμένα
3013 853 3424 912 δεικνύτωσανο
3465 857 3541 921 ὡς
3594 859 3658 913 ἂν
3703 863 3788 912 τοῦ

2223 933 2401 1005 θυμοῦ
2431 937 2717 1008 λήξαντος,
2749 942 2873 996 καθ’
2901 945 3094 1000 ἑαυτὸν
3140 949 3168 1000 δ
3197 949 3458 1019 λογισμὸς
3488 951 3788 1020 γενόμενος,

2221 1026 2470 1092 ἐξετάσει
2498 1029 2617 1102 δοίη
2646 1033 2713 1086 τὰ
2751 1035 3096 1103 ἐγνωσμένα,
3151 1039 3252 1093 εἴτ’
3282 1043 3340 1093 ὲν
3387 1042 3514 1113 δίκῃ
3549 1044 3654 1112 εἴη,
3687 1045 3788 1096 εἴτε

2221 1115 2316 1169 καὶ
2343 1117 2505 1173 ἄδικα
2526 1135 2542 1151 ⁸
2589 1122 2695 1176 κᾶν
2752 1125 2852 1194 μὲν
2879 1129 3032 1198 παρὰ
3075 1129 3256 1202 δίκην,
3290 1131 3454 1195 εὐθὺς
3482 1133 3785 1205 διαρῤήξεν

2220 1209 2270 1262 εί
2324 1211 2368 1262 δ’
2401 1211 2470 1267 αὖ
2501 1215 2842 1284 τούναντίον,
2902 1219 3200 1290 βεσαιώσει
3231 1225 3454 1294 μᾶλλον.
3509 1226 3664 1280 Καὶὸ
3688 1226 3788 1279 τῶν

2220 1301 2446 1372 ἡμερῶν
2479 1305 2714 1377 ἀριθμὸς
2741 1309 3090 1382 λυσιτελήσει
3150 1317 3290 1388 πρὸς
3320 1316 3398 1388 τῷ
3427 1319 3486 1372 τὸ
3523 1323 3788 1392 συμφέρον

2221 1394 2460 1461 μάλιστα
2513 1398 2836 1468 διαγνῶναι.
2893 1405 3056 1470 Εἰκὸς
3111 1408 3223 1478 γὰρ
3273 1406 3417 1463 εἶναι
3450 1412 3546 1464 τὸν
3573 1414 3788 1484 ἐνμέσῳ
3841 1481 3846 1488 _

2217 1482 2407 1536 τοῦτον
2447 1487 2663 1556 χρόνον,
2687 1491 2789 1561 τήν
2820 1509 2880 1544 τε
2926 1493 3194 1564 βασιλέως
3251 1501 3559 1568 μαλάσσειν
3607 1482 3781 1576 ὀργὴν,

2219 1575 2312 1627 καὶ
2339 1575 2434 1628 τοῦ
2470 1577 2646 1648 θυμοῦ
2679 1587 3166 1652 παρακμάζοντος,
3203 1591 3340 1658 ἐλέῳ
3369 1593 3466 1645 καὶ
3498 1575 3785 1664 φιλανθρω-

2219 1667 2320 1738 πίᾳ
2347 1670 2602 1736 γενέσθαι
2634 1673 2842 1744 χώραν.
2876 1695 2894 1728 ι
2945 1677 3005 1732 '0
3040 1667 3300 1749 βασιλεὺς
3346 1685 3528 1738 τοίνυν
3579 1687 3672 1759 τὴν
3699 1685 3780 1740 τοῦ

2219 1759 2365 1814 θείου
2401 1762 2592 1850 lapsu);
2651 1767 2942 1838 εἰσήγησιν
2974 1773 3148 1842 ἡδέως
3199 1775 3518 1845 δεξάμενος,
3547 1783 3636 1832 καὶ
3666 1781 3772 1850 ἀρί-

2219 1867 2348 1922 στην
2379 1846 2522 1906 εἶναι
2553 1857 2758 1926 φήσας,
2797 1860 2964 1923 εὐθὺς
2998 1865 3091 1916 καὶ
3122 1866 3218 1918 τὸν
3239 1866 3404 1936 νόμον
3427 1868 3634 1939 ἔγραφε
3659 1888 3671 1901 ·
3696 1873 3782 1923 καὶ

2218 1943 2274 2004 ἐς
2306 1943 2365 1996 τὸ
2417 1945 2668 2016 διηνεκὲς
2727 1951 2786 2002 τὸ
2843 1951 3059 2021 βέϐαιον
3108 1955 3278 2024 ἔχειν,
3304 1961 3542 2025 καὶτοῖς
3572 1964 3782 2025 οἰκείοις

2213 2033 2498 2098 δακτύλοις
2525 2041 2988 2110 κατησφαλίζετο.
3031 2039 3107 2099 Οὗ
3139 2048 3202 2116 δὴ
3238 2053 3564 2120 γενομένου,
3616 2055 3705 2107 καὶ
3756 2054 3782 2106 ὁ

2213 2124 2412 2195 δεσμὸς
2463 2127 2740 2185 διελύετο·
2798 2135 3039 2207 δημοσία
3091 2139 3312 2205 πρῶτον
3363 2143 3464 2211 τὴν
3519 2145 3782 2217 ἁμαρτίαν

2213 2217 2300 2270 ἐπ’
2361 2220 2667 2291 ἐκκλησίας
2742 2226 3186 2299 ὁμολογήσαντος
3259 2233 3354 2287 τοῦ
3425 2238 3778 2306 κρατοῦντος,

2209 2310 2388 2379 ὴπίως
2416 2314 2461 2363 δ’
2487 2311 2548 2366 εὖ
2580 2317 2731 2383 μάλα
2757 2319 2853 2371 καὶ
2885 2320 2978 2372 τὸν
3004 2322 3295 2392 ὁρισθέντα
3315 2327 3496 2398 τούτῳ
3518 2330 3597 2391 εἰς
3623 2329 3780 2398 μετά-

2209 2418 2360 2454 νοιαν
2396 2403 2586 2471 χρόνον
2620 2407 3012 2477 είσδεξαμένου
3039 2427 3055 2443 ο
3097 2413 3156 2466 ὲν
3185 2408 3226 2480 ᾧ
3261 2409 3420 2484 οίάγε
3452 2420 3680 2485 πενθῶν,
3709 2421 3777 2487 τῷ

2209 2493 2480 2566 βασιλικῷ
2515 2495 2614 2548 οὐκ
2643 2499 2921 2570 ἐχρήσατο
2968 2503 3182 2574 κόσμῳ.
3229 2507 3464 2560 Ἔπειτα
3495 2511 3602 2564 τῶν
3629 2513 3778 2565 θείων

2206 2587 2519 2654 περιϐόλων
2565 2591 2844 2658 ἀξιωθεὶς,
2883 2595 2981 2664 οὐχ
3039 2596 3236 2660 ἑστὼς,
3273 2597 3398 2652 οὗτε
3449 2601 3556 2672 μὴν
3587 2605 3780 2664 γόητα

2204 2679 2428 2746 κλίνων,
2459 2686 2552 2736 τὸν
2573 2686 2684 2738 τῶν
2708 2687 2846 2740 ὅλων
2873 2689 3014 2742 ίλέου
3040 2691 3319 2762 Δεσπότην
3342 2710 3357 2726 ·
3387 2698 3675 2766 πρηνὴς.δ’
3696 2698 3778 2750 ἐπ’

2203 2771 2431 2838 ἐδάφους
2457 2776 2815 2847 ἐρριμμένος,
2845 2783 2946 2851 τὴν
2970 2785 3270 2852 Δαυῖτικὴν
3296 2787 3519 2859 ἐκείνην
3542 2791 3780 2856 ίλεεινῶί

2201 2865 2382 2934 ἀφῆκε
2409 2870 2594 2940 φωνήν
2620 2885 2633 2900 ⁸
2675 2873 3007 2943 Ἐκολλήθη
3037 2875 3116 2942 τῷ
3145 2878 3351 2948 ἐδάφει
3384 2882 3426 2949 ἡ
3451 2883 3619 2952 ψυχή
3638 2899 3768 2952 μου·

2201 2955 2390 3024 ζῆσόν
2410 2977 2490 3028 με
2527 2961 2680 3016 κατὰ
2735 2965 2844 3019 τὸν
2891 2970 3082 3037 λόγον
3133 2984 3274 3024 σου.
3337 2971 3550 3026 Τίλλων
3598 2976 3653 3028 δὲ
3683 2977 3772 3038 τὰς

2199 3049 2394 3119 τρίχας
2422 3054 2520 3106 καὶ
2545 3054 2605 3106 τὸ
2632 3056 2886 3125 μέτωπον
2916 3059 3163 3124 τύπτων,
3200 3063 3443 3132 δάκρυσί
3476 3084 3532 3120 τε
3567 3068 3766 3138 βρέχων

2198 3142 2258 3192 τὸ
2301 3141 2517 3210 ἔδαφος,
2584 3150 2680 3200 καὶ
2727 3149 2827 3219 τὴν
2875 3151 3091 3204 ἐκεῖθεν
3140 3153 3260 3223 ᾔτει
3312 3157 3651 3228 συγγνώμην
3695 3157 3766 3224 τῷ

2197 3237 2526 3303 πταίσματι.
2571 3238 2660 3302 Ὣς
2689 3239 2746 3292 δὲ
2781 3241 2873 3294 καὶ
2897 3243 3090 3311 καιρὸς
3119 3246 3312 3315 ἐνέστη
3350 3249 3479 3300 καθ’
3515 3249 3572 3302 ὃν
3594 3245 3766 3319 ἐχρῆν,

2195 3323 2386 3397 ὥσπερ
2415 3322 2484 3397 ἦν
2507 3327 2628 3390 ἔθος
2657 3333 2720 3402 τῇ
2759 3331 2882 3403 ἱερᾷ
2911 3336 3162 3406 τραπέζῃ
3191 3339 3258 3388 τά
3291 3338 3448 3406 δῶρα
3481 3357 3768 3408 προσενεγ-

2194 3421 2334 3484 κεῖν,
2398 3422 2708 3492 σύνδακρυς
2775 3425 2986 3478 ἐκεῖθεν
3056 3429 3396 3498 ἀνεγερθεὶς,
3456 3433 3561 3484 τῶν
3615 3433 3762 3485 θείων

2192 3514 2512 3582 ἀνακτόρων
2535 3516 2706 3585 ὲπέὸη
2735 3532 2750 3548 ο
2776 3519 2870 3570 καὶ
2900 3520 2968 3572 τὰ
3019 3521 3248 3574 εἰωθότα
3283 3521 3436 3589 δῶρα
3472 3541 3761 3591 προσενεγ-

2191 3601 2322 3666 κὼν,
2347 3604 2494 3658 ἔνδον
2541 3607 2652 3658 τῶν
2707 3609 2873 3679 ἱερῶν
2909 3611 3203 3677 κιγκλίδων
3230 3612 3477 3678 ἐγένετο,
3511 3616 3585 3685 τῷ
3621 3616 3760 3683 ίερα·

2189 3698 2319 3767 τείῳ
2346 3699 2481 3751 ὅπου
2505 3699 2568 3769 δὴ
2597 3703 2661 3754 ὲκ
2692 3702 2930 3755 παλαιοῦ
2955 3703 3074 3767 ἔθος
3103 3700 3170 3775 ἦν
3198 3708 3322 3768 τοις
3351 3706 3592 3776 βασιλεῖς
3621 3709 3759 3760 ἵστα-

2190 3788 2336 3851 σθαι,
2373 3789 2494 3844 κατ’
2522 3791 2720 3864 ἐξοχὴν
2748 3793 2842 3846 τοῦ
2880 3794 3010 3848 λαοῦ
3069 3799 3542 3867 κεχωρισμένους.
3580 3803 3642 3852 Ὃ
3671 3817 3756 3851 κο-

2187 3881 2413 3943 λακείας
2441 3883 2647 3949 μᾶλλον
2677 3885 2710 3954 ἢ
2743 3886 3002 3953 εὐταξίας
3033 3884 3174 3940 εἶναι
3205 3888 3535 3957 ὑπειληφὼς
3566 3895 3592 3944 ὁ
3634 3893 3758 3961 Ἀμ-

2187 3973 2424 4044 6ρόσιος,
2479 3977 2574 4028 καὶ
2632 3975 2726 4028 τὸν
2787 3977 3070 4047 βασιλικὸν
3115 3979 3192 4044 ὡς
3245 3984 3426 4052 χρεὼν
3465 3986 3754 4056 τηνικαῦτα

2184 4063 2350 4116 τόπον
2379 4065 2712 4136 ἐρρύθμιζε,
2739 4069 2831 4122 τὶν
2854 4069 2962 4138 πρὸ
2991 4070 3100 4123 τῶν
3131 4071 3461 4142 δρυφάκτων
3506 4079 3623 4149 ἦτοι
3652 4077 3752 4128 τῶν

2181 4148 2278 4201 τοῦ
2309 4150 2576 4220 ίερατείου
2613 4154 2910 4221 κιγκλίδων
2937 4172 2952 4188 ·
3019 4156 3161 4211 ὥστε
3207 4162 3302 4214 τοῦ
3349 4165 3451 4232 μὲν
3478 4148 3606 4218 λαοῦ
3659 4166 3750 4232 τὴν

2184 4243 2479 4314 προεδρίαν
2517 4244 2610 4298 τὸν
2645 4246 2954 4316 κρατοῦντα
2987 4248 3152 4318 ἔχειν,
3179 4253 3350 4306 αὑτοῦ
3389 4256 3446 4309 δὲ
3480 4257 3752 4326 προκαθῆ-

2185 4332 2311 4386 σθαι
2343 4335 2470 4397 τοὺς
2504 4337 2714 4407 ἱερέας.
2745 4339 2850 4393 Ἧν
2874 4339 2938 4411 δὴ
2971 4344 3066 4394 καὶ
3108 4344 3230 4396 τότε
3287 4346 3387 4416 μὲν
3417 4348 3494 4410 ὡς
3529 4349 3752 4417 ἀρίστην

499 4426 626 4465 eum
658 4427 810 4471 more
841 4430 1087 4489 recepto,
1120 4439 1323 4480 munus
1361 4429 1428 4482 ad
1457 4445 1670 4486 sacram
1706 4448 1953 4489 mensam
1999 4437 2079 4491 af-

2198 4425 2418 4495 ίπῄνεσε
2482 4429 2798 4496 Θεοδόσιος·
2865 4435 3176 4504 ὲκράτυναν
3217 4437 3278 4490 δὲ
3309 4439 3360 4492 oi
3415 4439 3748 4508 καθεξῆς⁰ἢ

497 4500 646 4558 ferre
675 4517 979 4575 oporteret,
1029 4513 1340 4584 lacrymans
1396 4523 1662 4587 surrexit,
1723 4537 1778 4580 et
1826 4527 2075 4584 divinum

496 4597 799 4652 sacrarium
831 4601 1114 4672 ingressus
1142 4619 1264 4664 est:
1296 4622 1353 4666 et
1381 4613 1530 4670 dono
1563 4633 1630 4671 ex
1671 4623 2078 4680 consuetudine

494 4688 700 4756 oblato,
736 4691 881 4748 intra
938 4711 1126 4754 sacros
1149 4704 1427 4760 cancellos
1491 4711 1817 4776 permansit,
1857 4711 1910 4764 in
1945 4729 2079 4767 san-

494 4781 669 4837 ctiore
694 4787 1044 4844 sacerdotum
1069 4793 1212 4860 loco,
1250 4796 1344 4852 ubi
1371 4799 1680 4868 antiquitus
1707 4802 2074 4872 imperatores

493 4875 800 4931 consistere
845 4895 967 4936 mos
999 4892 1137 4951 erat,
1167 4897 1395 4957 pr0pter
1420 4888 1706 4960 dignitatis
1759 4897 2073 4953 sublimita-

491 4973 599 5018 tem
627 4983 657 5020 a
689 4968 848 5036 plebe
871 4985 1208 5045 segregatos.
1229 4979 1402 5044 Quam
1430 4997 1545 5035 rem
1567 4987 1714 5052 quod
1740 4986 2070 5046 Ambrosius

485 5056 820 5113 adulationis
854 5069 1026 5135 magis
1053 5083 1220 5134 quam
1243 5070 1456 5127 ordinis
1483 5076 1618 5130 recti
1649 5092 1771 5132 esse
1810 5083 2060 5152 putabat,

595 5149 610 5179 ¹
647 5150 795 5208 Psal.
836 5170 1028 5222 cum,
1055 5160 1148 5214 25.

555 5292 632 5360 (1)
659 5291 1008 5377 Constitutio
1032 5297 1333 5355 Theodosii
1359 5301 1434 5358 de
1470 5303 1696 5374 judiciis
1732 5307 2063 5377 capitalibus

482 5377 592 5416 non
633 5366 1062 5432 piare-ipitandis.

554 5436 632 5500 (2)
662 5435 1006 5510 Theodosius
1038 5446 1198 5492 antea
1225 5441 1342 5510 lege
1377 5452 1673 5506 sanxerat,
1710 5455 1768 5498 ut
1806 5458 1902 5502 aut
1929 5464 2059 5502 con-

483 5503 690 5574 victum
746 5505 898 5574 velox
930 5523 1089 5574 poma
1145 5503 1519 5572 subd'uceret,
1563 5503 1668 5566 aut
1710 5515 2054 5570 liberandum

480 5573 730 5625 Cttslodia
755 5573 1014 5629 diuturna
1037 5591 1146 5631 non
1179 5591 1502 5634 tiiacelaret.
1535 5581 1598 5637 L.
1631 5583 1703 5638 De
1732 5595 1848 5642 test.
1886 5587 1946 5642 C.
1983 5591 2058 5642 De

481 5643 676 5694 cusfod
691 5681 705 5694 .
733 5657 878 5694 reor.

553 5710 996 5794 typunstitut'io
1040 5715 1336 5794 Tbepdosii
1383 5719 1680 5794 lalisfuit:
1721 5723 1893 5794 Impp.
1955 5725 2060 5778 Va—

484 5777 806 5834 lentinianus
839 5791 888 5836 et
921 5783 1233 5842 Theodosius
1267 5791 1436 5860 Augg.
1461 5777 1723 5848 Fiat-iuno
1753 5777 1906 5851 l’frP‘.
1935 5777 2060 5868 Illy-

2185 4517 2282 4568 καὶ
2301 4519 2358 4580 ἐς
2395 4517 2557 4590 δεῦρο
2588 4521 2646 4586 ἐξ
2695 4523 2906 4576 ἐκείνου
2963 4527 3324 4594 φυλάσσεται.
3380 4529 3523 4598 Ἐγὼ
3570 4531 3625 4585 δὲ
3663 4532 3748 4583 καὶ

2185 4604 2332 4674 ἅπαξ
2364 4610 2458 4661 τοῦ
2493 4608 2649 4674 ἔτους
2677 4609 2819 4667 εἶδον
2851 4617 2978 4679 τοὺς
3001 4618 3124 4671 καθ’
3155 4621 3300 4690 ἡμᾶς
3331 4620 3598 4690 θεοφιλῶς
3621 4639 3750 4692 κρα-

2175 4699 2410 4764 τοῦντας
2444 4706 2590 4758 κατὰ
2613 4707 2705 4759 τὸν
2739 4709 2831 4761 τοῦ
2861 4712 3104 4780 μεγάλου
3142 4715 3421 4768 Σαὸὅάτου
3451 4717 3642 4786 καιρὸν
3674 4715 3746 4783 τῷ

2179 4791 2424 4862 μεγίστῳ
2455 4794 2604 4863 δόμῳ
2636 4798 2734 4868 τῆς
2769 4798 2862 4851 τοῦ
2892 4801 3028 4854 Θεοῦ
3058 4804 3256 4875 ξοφίας
3314 4805 3466 4860 ἔνδον
3496 4808 3603 4858 τῶν
3628 4806 3747 4859 ἁδύ-

2170 4899 2280 4934 των
2317 4887 2621 4952 είσιόντας,
2649 4894 2745 4943 καὶ
2775 4895 3137 4960 σταυροειδῶς
3169 4896 3266 4966 τὴν
3294 4897 3446 4967 θείαν
3476 4897 3746 4968 τράπεζαν

2172 4974 2436 5044 άρώμασι
2463 4978 2781 5049 θυμιῶντας
2817 4988 3050 5049 καινοῖς,
3088 4991 3178 5039 καὶ
3207 4988 3358 5058 δῶρα
3383 4991 3560 5060 ταύτῃ
3588 4994 3743 5056 προσ·

2172 5068 2432 5136 άγοντας.
2497 5073 2643 5126 Ἀλλ’
2675 5076 2769 5128 ἐπὶ
2819 5077 2880 5129 τὸ
2935 5079 3298 5149 προκείμενον
3359 5081 3550 5148 ἴωμεν.
3598 5079 3740 5132 Ἐπεὶ

2161 5312 2280 5365 rici.
2319 5312 2380 5368 Si
2419 5317 2681 5391 vindicari
2704 5321 2757 5373 in
2787 5320 2992 5391 aliquos
3020 5327 3266 5389 severius,
3303 5337 3485 5380 contra
3512 5341 3737 5382 nostram

2165 5387 2617 5462 consuetudinem,
2677 5405 2774 5456 pro
2823 5387 2998 5446 causa:
3049 5387 3263 5448 intuitu»
3287 5397 3615 5462 iusserimus,
3648 5415 3734 5450 uo-

2162 5451 2336 5506 lumus
2383 5457 2569 5534 statim
2606 5451 2702 5534 eos
2756 5471 2850 5534 aut
2879 5465 3054 5517 subire
3095 5451 3321 5534 puniunt,
3353 5475 3448 5519 aut
3512 5467 3738 5533 excipere

2165 5527 2504 5603 sententiam,
2545 5529 2638 5579 sed
2669 5545 2762 5592 per
2799 5531 2905 5583 dies
2937 5527 3156 5602 triginta
3204 5552 3358 5603 super
3391 5546 3536 5589 statu
3567 5527 3736 5588 eorum

2165 5606 2280 5669 sors
2313 5603 2364 5644 et
2395 5595 2893 5670 fortunasuspeusa
2932 5595 3030 5655 sit:
3057 5603 3188 5656 Reos
3219 5595 3345 5656 sa'ne
3374 5607 3595 5670 accipiat
3630 5606 3733 5656 rin-

2166 5659 2403 5784 εἰσωποὶ
2437 5669 2700 5734 custodia,
2731 5659 2804 5724 ἐι
2855 5673 3082 5726 excubiis
3147 5675 3426 5729 solertibus
3469 5659 3737 5744 uigilanter

2166 5745 2196 5781 ο
2230 5747 2372 5784 serve
2403 5772 2416 5784 .

2166 5745 2416 5786 ουσανυιιι.
