4062 6442
387 417 451 476 ‘37

1272 420 1876 479 ECCLESIASTICE
1920 426 2304 486 illS'i'Ollli‘E
2348 431 2474 487 LIB
2540 431 2672 490 XII.

3497 432 3600 495 8'33

345 529 453 597 γὰρ
488 525 658 598 εἰσῄει
713 529 740 579 ό
789 527 1091 593 Θεοδόσιος,
1136 530 1342 601 ἠρέμα,
1384 535 1437 586 ετ
1484 551 1626 597 τινος
1669 536 1863 604 δέοιτο,
1890 539 1916 589 ό

2023 540 2320 610 imperialis
2345 561 2563 614 quoque
2594 546 2847 600 stationis
2888 546 3092 608 locum,
3138 547 3208 600 ita
3236 557 3295 601 ut
3324 562 3421 616 par
3455 560 3595 614 erat,

355 621 681 691 ’Λμόρὸσιος
710 622 896 692 ἤρετο.
958 620 1065 673 Τοῦ
1093 622 1137 673 δ’
1189 624 1435 686 εἰπόντος
1490 627 1588 693 τὴν
1618 628 1726 678 τῶν
1758 628 1920 681 θείων

350 711 670 781 μυστηρίων
724 711 1019 779 ἀναμένειν
1070 713 1399 782 μετάληψιν,
1453 716 1668 786 ἐδήλου,
1703 717 1777 787 τῷ
1814 720 1921 771 τῶν

343 804 609 856 διακόνων
644 801 844 871 πρώτῳ
874 803 1134 875 ὑπουργῷ
1166 806 1537 876 χρησάμενος,
1594 810 1815 878 μηνύων
1844 811 1920 874 ὡς

353 916 369 947 ι
404 895 484 947 Τά
509 894 678 959 ἔνδον,
705 890 748 947 ὦ
771 894 1013 964 βασιλεῦ,
1043 898 1222 966 μόνοις
1251 900 1359 951 εἰσ)⁵
1383 901 1494 960 τοῖς
1528 900 1736 968 ἱερεῦσι
1760 902 1917 968 βατὰ,

347 991 456 1050 τοῖς
488 987 545 1039 δὲ
575 987 756 1050 ἄλλοις
796 989 963 1040 πᾶσιν
1016 990 1441 1059 ἁπρόσψαυστα.
1488 992 1670 1058 Ἔξιθι
1714 994 1916 1058 τοίνυν,

350 1085 440 1136 καὶ
502 1083 614 1141 τοῖς
654 1081 836 1143 ἄλλοις
885 1082 1133 1133 κοινώνει
1185 1084 1283 1151 τῆς
1319 1083 1581 1143 στάσεως·
1630 1084 1920 1154 Ἀλουργῖῗ

350 1175 457 1246 γάρ
496 1173 753 1241 βασιλέας
811 1175 909 1242 οὐχ
948 1175 1131 1243 ἱερέας
1174 1177 1339 1229 ποιεῖ,
1381 1194 1398 1225 ι
1459 1175 1568 1226 Καὶ
1596 1175 1774 1228 ταῦτα
1804 1176 1858 1227 δὲ
1891 1175 1918 1226 ὁ

348 1268 587 1337 θεοειδὴς
648 1265 943 1335 δεξάμενος
994 1264 1269 1334 βασιλεὺς,
1326 1267 1641 1336 άντεδήλου,
1687 1267 1760 1327 ὡς
1798 1287 1815 1318 ι
1844 1268 1916 1320 Οὐ

349 1360 540 1427 θράσει
576 1360 902 1428 φερόμενος,
940 1358 1078 1412 ἀλλὰ
1109 1362 1183 1428 τῷ
1225 1361 1281 1412 ὲν
1346 1359 1920 1414 Κωνσταντινουπόλει

345 1450 457 1503 ἔθει
485 1451 775 1520 ἑπόμενος,
804 1454 913 1502 τῶν
939 1450 1237 1517 κιγκλίδων
1262 1452 1394 1504 εἴσω
1425 1453 1751 1521 γεγένημαι.
1775 1451 1920 1518 Ἐγὼ

343 1540 400 1592 δὲ
439 1543 532 1591 καὶ
581 1540 745 1609 τῆσδε
797 1541 963 1610 χάριν
1014 1542 1117 1611 τῆς
1164 1540 1408 1610 ἰατρείας
1443 1520 1676 1610 χάριτάς
1702 1558 1783 1593 σοι
1812 1538 1920 1608 ἔχω

351 1634 614 1700 μεγάλας.
652 1651 673 1683 ι
722 1630 880 1686 Οὕτω
910 1632 1003 1686 καὶ
1052 1635 1081 1685 ὁ
1117 1630 1371 1700 βασιλεὺς
1421 1634 1514 1685 καὶ
1560 1635 1587 1685 ὁ
1629 1634 1919 1702 ἀρχιερεὺς

350 1725 624 1791 ὑπερφυεῖ
652 1723 954 1791 διέλαμπον
979 1725 1173 1793 ἀρετῇ,
1207 1724 1281 1786 ὡς
1315 1725 1414 1793 ἐμὲ
1445 1725 1520 1793 μὴ
1546 1725 1745 1796 ῥαδίως
1773 1725 1920 1791 ἔχειν

349 1816 565 1883 ποτέρῳ
598 1815 804 1868 τούτων
843 1814 902 1867 τὸ
947 1816 1214 1882 πρωτεῖον
1263 1814 1549 1885 παρέχειν.
1586 1818 1831 1882 Ἀγαμαι
1863 1816 1917 1865 is

2027 633 2080 686 in
2112 635 2359 689 ordinem
2386 653 2544 690 suum
2578 638 2804 705 redegit,
2842 653 2940 705 pro
2970 637 3227 692 tabulatis
3259 654 3356 692 seu
3385 641 3599 693 cancel—

2024 724 2091 778 li.»
2132 728 2359 779 sacrarii
2394 730 2520 781 sede
2551 728 2627 781 illi
2660 729 2964 795 designata,
3003 738 3060 780 ut
3087 731 3388 797 imperator
3420 734 3597 784 hono-

2026 816 2283 868 ratiorem
2319 817 2540 885 quidem
2580 835 2688 886 prie
2722 820 2922 887 populo
2985 820 3276 873 stationem
3345 820 3595 883 haberet,

2021 922 2133 975 prae
2165 908 2256 960 illo
2287 922 2469 961 autem
2500 910 2816 963 sacerdotes
2852 913 3029 963 loqum
3083 911 3460 965 sublimiorem
3500 912 3601 965 0b-

2025 998 2281 1051 tinerent.
2314 999 2471 1067 321
2508 1000 2640 1052 Eum
2677 1000 2923 1052 ordinem
2954 1011 3010 1053 ut
3040 1002 3306 1068 optimum
3341 1001 3597 1055 Theodo-

2024 1089 2137 1142 sius
2175 1099 2284 1141 tum
2339 1090 2607 1153 laudavit,
2650 1092 2853 1159 posteri
2902 1110 3121 1160 quoque
3160 1094 3595 1147 confirmarunt:

2023 1183 2115 1248 qui
2147 1182 2274 1235 inde
2302 1182 2367 1235 ad
2407 1184 2517 1235 haec
2546 1198 2715 1250 usque
2739 1196 2983 1251 tempora
3015 1195 3290 1238 servatur.
3316 1185 3428 1253 Ego
3461 1202 3594 1239 veto

2021 1274 2188 1327 semel
2222 1290 2404 1326 annuo
2443 1284 2686 1342 tempore
2747 1287 2947 1327 nostra:
3002 1277 3177 1329 aetatis
3212 1275 3304 1329 Dei
3336 1280 3600 1331 amantis-

2021 1365 2189 1417 simos
2225 1365 2519 1433 principes.
2585 1368 2761 1435 magni
2821 1365 3042 1419 Sahbati
3078 1367 3187 1427 die,
3229 1382 3384 1420 sacra
3438 1367 3599 1437 adyta

2024 1455 2240 1507 maximi
2268 1455 2363 1508 Dei
2393 1456 2689 1523 Sapientiae
2715 1456 2896 1524 templi
2928 1456 3138 1524 ingredi
3184 1455 3315 1518 vidi,
3350 1472 3472 1509 cum
3496 1459 3599 1510 sub

2022 1546 2205 1600 crucis
2253 1546 2454 1605 lorina.‘
2490 1552 2539 1600 in
2571 1564 2721 1601 satra
2760 1563 2947 1600 mensa
2980 1564 3118 1600 nova
3162 1547 3446 1602 adolerent
3472 1564 3598 1599 aro-

2025 1646 2187 1697 mata,
2215 1637 2427 1690 etdona
2456 1639 2503 1689 ei
2534 1639 2821 1691 inferrent.
2847 1637 2951 1690 Sed
2985 1639 3048 1688 ad
3072 1638 3385 1690 institutum
3412 1653 3601 1691 revet-

2025 1738 2221 1781 tamur.
2251 1729 2542 1797 Postquam
2572 1732 2627 1781 in
2657 1730 2958 1785 sacrarium
2998 1731 3277 1799 ingressus
3298 1738 3382 1782 est
3409 1728 3593 1782 Theo-

2023 1816 2234 1880 dosius,
2296 1819 2495 1871 blande
2554 1834 2704 1881 eum,
2767 1819 2811 1872 si
2842 1820 2971 1886 quid
3034 1820 3214 1880 vellet,
3273 1818 3599 1874 Ambrosius

352 1909 590 1979 μάλιστα
638 1907 733 1961 τοῦ
787 1909 888 1975 μὲν
935 1908 1035 1976 τὴν
1091 1899 1428 1978 ποῷρησίαν,
1459 1907 1553 1959 τοῦ
1584 1907 1640 1960 δὲ
1666 1906 1760 1975 τὴν
1788 1908 1916 1972 περὶ

2023 1908 2398 1977 interrogavit.
2440 1907 2533 1962 ille
2571 1925 2703 1962 vero
2727 1925 2785 1961 se
2839 1909 2911 1963 ibi
2945 1904 3260 1963 divinorum
3306 1904 3599 1979 mysterio-

346 2002 415 2053 τὰ
438 2000 557 2053 θεῖα
595 2000 883 2053 εὐλάϐειαν
905 2016 919 2031 ·
980 1999 1073 2054 καὶ
1112 1999 1206 2051 τοῦ
1241 1998 1339 2068 μὲν
1372 2001 1462 2050 τὸν
1490 1997 1672 2067 ζῆλον,
1705 1998 1915 2049 ἐκείνου

345 2096 483 2148 δὲτὸ
517 2096 654 2164 πρδς
682 2094 816 2147 Θεὸν
843 2094 1170 2164 ἀκραιφνές.
1204 2092 1439 2156 Τούτους
1467 2093 1524 2145 δὲ
1560 2094 1685 2154 τοὺς
1718 2093 1918 2162 νόμους

344 2186 434 2249 οὓς
455 2187 514 2252 ἐξ
544 2185 872 2254 Ἀμϐροσίου
902 2185 1256 2250 πεπαίδευτο,
1291 2188 1387 2238 καὶ
1415 2187 1472 2247 ἐς
1495 2184 1593 2252 τὴν
1627 2186 1919 2237 Κωνσταν-

274 2272 281 2277 ”
344 2280 491 2332 τίνου
516 2275 705 2339 ἀνιὼν,
761 2277 1007 2346 ἀκριϐῶς
1040 2275 1418 2344 διεφύλαττεν.
1493 2274 1645 2327 Ἐπεὶ
1676 2276 1781 2344 γάρ
1815 2276 1917 2327 κά-

346 2372 496 2422 κεῖσε
548 2370 743 2438 ἑορτῆς
794 2369 1071 2437 ἀγομένης
1104 2371 1180 2431 εἰς
1212 2369 1304 2420 τὸν
1347 2367 1489 2419 θεῖον
1526 2366 1728 2436 ἀνῆκτο
1758 2368 1913 2431 νεὼν,

347 2461 412 2513 τά
444 2460 593 2529 δῶρα
627 2462 692 2528 τῇ
727 2461 965 2530 μυστικῇ
1004 2459 1253 2529 τραπέζῃ
1296 2457 1709 2527 προσενεγκὼν,
1739 2458 1916 2511 ὀπίσω

348 2554 560 2623 χωρῶν.
595 2553 756 2615 εὐθὺς
784 2553 1127 2622 ἐξελήλυθεν.
1174 2553 1280 2604 Τοῦ
1308 2551 1353 2604 δ’
1403 2552 1705 2622 ἀρχιερέως
1765 2551 1918 2621 (Νε-

348 2649 566 2714 λτάριος
596 2646 653 2697 δὲ
690 2645 993 2717 τηνικαῦτα
1044 2640 1147 2715 ἦν)
1180 2644 1637 2715 δυσχεράναντος,
1662 2644 1754 2696 καὶ
1789 2645 1913 2695 ὅτου

347 2739 505 2807 χάριν
548 2736 724 2788 ὀπίσω
757 2737 1053 2806 ἀνέδραμε,
1097 2735 1535 2806 διαμηνύσαντος
1564 2775 1578 2798 ,
1605 2733 1915 2804 ἀχθεσθεὶς,

350 2848 369 2880 ι
404 2829 593 2893 Μόλις,
620 2830 748 2897 ἔφη,
781 2829 1045 2898 βασιλέως
1070 2831 1163 2881 καὶ
1189 2829 1382 2898 ἱερέως
1410 2824 1676 2894 ἐγνωνοτὸ
1708 2828 1872 2896 μέσον
1897 2843 1911 2858 ·

349 2923 501 2990 μόλις
551 2914 708 2990 εὗρον
754 2921 853 2987 τῆς
911 2919 1168 2988 ἀληθείας
1221 2919 1567 2973 διδάσκαλον.
1601 2920 1778 2972 Μόνον
1807 2920 1917 2987 γάρ

346 3013 513 3078 ἀξίως
556 3013 887 3082 Ἀμὸρόσιον
944 3008 1085 3063 εἶδον
1124 3011 1218 3064 τοῦ
1278 3010 1644 3063 ὲπισκοπικοῦ
1691 3028 1919 3081 τετυχη-

345 3102 479 3154 κότα
506 3101 791 3169 ὀνόματος.
838 3120 857 3153 ι
896 3100 1069 3152 Πόσον
1102 3098 1308 3167 ἀγαθόν
1343 3102 1487 3151 ἐστιν
1512 3099 1735 3168 ἐλεγχος
1766 3103 1913 3152 ἀπα-

2023 2017 2140 2054 rum
2172 2000 2578 2069 perceptionem
2612 2009 3058 2067 exspectaturum
3109 2017 3230 2055 esse
3282 2002 3589 2070 respondit.

2020 2093 2268 2147 Antistes
2337 2091 2596 2161 primario
2646 2091 2876 2145 diacono
2932 2093 3273 2147 internuntio
3331 2110 3483 2157 usus,
3540 2095 3593 2147 ei

2018 2183 2347 2254 significavit
2412 2184 2714 2237 sacrarium
2751 2183 2983 2238 interius
3013 2200 3041 2237 a
3074 2186 3206 2237 solis
3237 2184 3376 2239 adiri
3407 2200 3592 2239 sacer-

2019 2276 2258 2341 dotibus,
2300 2276 2541 2343 reliquos
2568 2284 2748 2329 autem
2784 2291 2975 2329 omnes
3009 2291 3065 2330 se
3099 2276 3250 2330 aditu
3312 2278 3431 2346 ejus
3463 2277 3592 2330 abs-

2022 2368 2216 2421 tinere.
2253 2385 2270 2418 ι
2305 2367 2625 2421 Exeundum
2645 2367 2811 2436 igitur
2831 2366 2933 2419 sibi
2965 2382 3106 2430 esse,
3127 2375 3193 2420 .et
3228 2368 3282 2420 in
3313 2368 3593 2421 communi

2018 2475 2143 2513 cum
2206 2460 2330 2514 aliis
2388 2460 2511 2515 loco
2540 2460 2799 2513 standum
2828 2475 2984 2512 esse:
3026 2475 3324 2527 purpuram
3358 2460 3597 2529 impera-

2024 2563 2193 2613 tores,
2255 2568 2364 2604 non
2426 2551 2741 2605 sacerdotes
2801 2550 3003 2615 facere,
3054 2551 3597 2619 dicens.lmperator

1970 2712 1975 2715 ἦ
2023 2640 2247 2694 divinus
2276 2641 2351 2694 illi
2384 2654 2606 2694 rursum
2658 2640 3175 2709 renuntiarijussit,
3229 2657 3336 2694 non
3370 2645 3593 2697 temeri-

2026 2742 2133 2787 tate
2160 2748 2217 2788 se
2242 2732 2563 2797 adductum,
2586 2731 2681 2786 sed
2710 2731 3167 2786 consuetudinem
3194 2748 3313 2802 quae
3331 2732 3597 2788 Constan-

2027 2825 2259 2890 ttIIOpOli
2291 2832 2630 2887 servaretur,
2671 2832 2944 2886 secutum,
2987 2822 3128 2877 intra
3180 2825 3405 2878 sacrarii
3465 2841 3596 2879 can—

2023 2918 2188 2972 cellos
2223 2898 2456 2970 venisse.
2489 2915 2704 2982 Magnas
2740 2930 2868 2967 vero
2895 2928 2961 2967 eo
2986 2914 3152 2968 etiam
3178 2916 3397 2969 nomine
3416 2916 3481 2970 de
3500 2918 3591 2970 tali

2021 3011 2361 3064 institutione
2376 3023 2433 3062 se
2456 3007 2529 3061 illi
2549 3009 2944 3075 gratiasagere.
2978 3026 2997 3056 ι
3028 3008 3107 3061 Ad
3129 3008 3273 3062 hunc
3297 3009 3510 3064 scilicet
3538 3019 3595 3063 et

2026 3103 2247 3157 modum
2284 3101 2581 3169 imperator
2610 3108 2666 3151 et
2700 3099 2994 3168 episcopus
3053 3098 3282 3154 mirifica
3343 3102 3595 3155 enituere

346 3193 463 3263 θὴς,
527 3193 803 3261 ὲγκαίρως
836 3190 970 3260 παρ’
1023 3189 1217 3260 ἀνδρὸς
1249 3190 1421 3258 ἀρετῇ
1462 3189 1556 3241 καὶ
1591 3190 1909 3260 δικαιοσύνῃ

2022 3199 2245 3258 virtute,
2286 3202 2343 3246 ut
2374 3192 2506 3245 mihi
2543 3192 2842 3245 decernere
2886 3192 3044 3246 facile
3106 3207 3214 3245 non
3272 3194 3363 3257 sit,
3410 3185 3600 3248 utrum.

344 3286 743 3353 διαλάμποντος
766 3282 1187 3353 είσφερόμενος;
1213 3280 1305 3352 Τῷ
1330 3280 1373 3334 δ’
1405 3280 1717 3352 ’Λμϐροσίῳ
1739 3282 1916 3350 τούτῳ

347 3378 515 3431 πολλὰ
570 3378 669 3446 μὲν
706 3376 798 3429 καὶ
826 3374 960 3428 ἄλλα
987 3371 1347 3442 κατώρθωται
1401 3373 1725 3443 ίεραρχικῆς
1760 3377 1915 3445 ἐνερ-

347 3470 499 3539 γείας
538 3468 759 3533 ἐπάξια,
816 3466 852 3521 ἃ
882 3468 1009 3530 τοῖς·
1044 3467 1223 3518 ἐκεῖσε
1278 3466 1387 3518 τῶν
1417 3465 1727 3536 ἐπιχωρίων
1768 3467 1916 3528 εἰκὸς

350 3564 639 3635 ἐγνῶσθαι.
673 3544 812 3629 Ἐγὼ
830 3562 886 3614 δὲ
920 3562 1017 3614 καὶ
1044 3559 1201 3611 τοῦτο
1232 3558 1341 3611 τῶν
1371 3560 1585 3612 ἐκείνου
1613 3558 1915 3628 πυθόμενος

346 3657 496 3722 ἄξιον
542 3656 759 3722 μνήμης
796 3651 877 3717 δν,
931 3653 997 3720 τῇ
1041 3652 1352 3720 συγγραφῇ
1368 3649 1674 3713 καταλέξω.
1705 3651 1826 3701 ἰ’ῶν
1856 3652 1915 3702 ἐν

346 3748 488 3799 τέλει
512 3762 593 3806 τις
623 3744 888 3811 Ἑλλήνων
907 3741 1176 3811 θρησκείᾳ
1196 3740 1596 3808 πεπεδημένος,
1618 3739 1914 3807 καθύϐριζε

344 3843 435 3893 τὸν
468 3839 695 3907 βασιλέα
752 3834 1076 3905 Γρατιανδν,
1118 3832 1317 3910 ⁶πολλῷ
1370 3829 1512 3886 εἶναι
1561 3834 1653 3887 τὸν
1701 3834 1912 3886 ἐκείνου

349 3931 561 3999 πατέρα
593 3928 879 3996 κρείττονα
917 3925 1163 3993 φάσκων,
1215 3925 1590 3994 Γραψαμένων
1616 3924 1661 3978 δ’
1701 3926 1914 3977 ἐκείνου

343 4022 527 4087 τινῶν,
559 4021 790 4075 θάνατον
840 4019 967 4088 ἔσχε
1017 4020 1077 4072 τὸ
1121 4020 1415 4088 ἐπιτίμιον.
1485 4019 1573 4080 Ὠς
1602 4017 1646 4071 δ’
1681 4019 1914 4088 ἄγεσθαι

345 4118 444 4184 τὴν
473 4118 570 4169 ἐπὶ
601 4115 835 4168 θάνατον
892 4112 1108 4182 ἔμελλε,
1150 4113 1356 4182 σπουδῇ
1401 4112 1729 4181 ’Λμϐρόσιος
1784 4130 1917 4163 κατ-

348 4210 621 4280 ελάμϐανε
646 4209 714 4261 τὰ
751 4205 1000 4277 βασίλεια
1026 4206 1240 4258 ἱκεσίαν
1265 4207 1505 4276 κινήσων
1551 4205 1692 4275 ὑπὲρ
1720 4204 1913 4258 αὐτοῦ.

348 4304 484 4370 Περὶ
499 4301 555 4353 δὲ
578 4299 709 4352 θέαν
731 4298 1073 4366 κυνηγεσίων
1097 4295 1401 4364 Γρατιανοῦ
1424 4296 1915 4365 ὲνασχολουμένου,

342 4396 414 4466 ἣν
446 4392 687 4453 ἀνέσεως
714 4392 850 4451 ἰδίας
881 4390 1048 4458 χάριν
1075 4390 1122 4441 ol
1156 4386 1396 4456 βασιλεῖς
1430 4388 1693 4458 πράττειν
1720 4389 1913 4443 εἱώθαο

348 4504 453 4547 σιν,
484 4485 661 4546 οὐδεὶς
703 4481 813 4534 τῶν
847 4482 941 4533 ἐπὶ
969 4480 1078 4532 τῶν
1114 4478 1379 4532 πυλώνων
1428 4480 1781 4549 τεταγμένων
1813 4479 1915 4549 τὴν

2026 3281 2183 3335 alteri
2214 3279 2520 3349 praeferam.
2548 3279 2852 3334 Plurimum
2908 3296 3041 3334 sane
3070 3281 3217 3334 illius
3275 3283 3331 3336 in
3362 3283 3594 3338 dicendo

2023 3372 2356 3433 libertatem,
2392 3370 2552 3440 hujus
2601 3380 2783 3424 autem
2835 3372 2891 3424 in
2926 3376 3092 3424 rebus
3127 3373 3327 3428 divinis
3361 3374 3551 3443 religio
3574 3406 3592 3415 -

2025 3478 2183 3515 nem:
2217 3471 2273 3515 et
2322 3462 2451 3516 item
2484 3462 2633 3516 illius
2680 3462 2955 3520 ardorem.
2998 3462 3165 3533 hujus
3191 3467 3493 3543 .sinceram
3535 3469 3591 3522 in

2028 3553 2196 3607 Deum
2231 3554 2392 3608 fidem
2411 3553 2676 3609 admiror.
2707 3553 2883 3622 Leges
2912 3570 3007 3608 eas
3034 3571 3172 3624 quas
3196 3542 3264 3611 ah
3298 3542 3591 3615 Ambrosio

2023 3645 2307 3711 didicerat,
2328 3646 2492 3700 etiam
2519 3645 3050 3715 Constantinopolim
3084 3663 3341 3704 reversus
3359 3650 3594 3721 diligen-

2027 3750 2110 3794 ter
2144 3742 2400 3794 servavit.
2434 3741 2571 3793 Cum
2606 3740 2749 3795 enim
2802 3750 2859 3794 et
2895 3741 2968 3794 ibi
3022 3742 3111 3795 die
3162 3743 3303 3798 festo
3347 3747 3591 3800 divinam

2025 3834 2303 3902 ingressus
2334 3832 2529 3896 aedem,
2558 3834 2766 3888 donum
2793 3848 2952 3887 suum
2990 3835 3230 3904 mystica:
3286 3852 3485 3894 mensae
3514 3842 3595 3894 in-

2022 3926 2213 3989 ferret,
2242 3924 2425 3979 statim
2459 3926 2809 3980 retrocedens
2852 3926 2981 3980 inde
3005 3927 3159 3983 exiit.
3194 3928 3461 4000 Episcopo
3489 3948 3593 3986 au-
3662 3942 3665 3945 '

2024 4024 2133 4068 tem
2166 4013 2476 4083 (Nectarius
2498 4016 2544 4068 is
2575 4023 2688 4069 tum
2702 4016 2839 4082 erat)
2868 4015 3069 4071 factum
3102 4017 3155 4071 id
3185 4034 3326 4090 aegre
3355 4014 3590 4088 ferente,

2021 4118 2075 4159 et
2106 4122 2345 4176 quanam
2375 4107 2443 4161 de
2487 4122 2650 4161 causa
2674 4124 2743 4162 ex
2770 4110 3012 4163 sacrario
3037 4111 3220 4166 abiret
3252 4114 3590 4181 inquirente,

2020 4212 2147 4252 cum
2203 4198 2438 4266 quadam
2474 4197 2769 4253 molestia:
2812 4217 2829 4250 ι
2868 4200 2969 4255 Vix
3016 4201 3313 4272 aliquando
3347 4208 3588 4272 tandem,

2022 4286 2220 4359 inquit.
2257 4290 2400 4359 quod
2434 4290 2731 4345 discrimen
2773 4292 2844 4346 sit
2898 4294 3043 4349 inter
3093 4297 3480 4366 imperatorem
3531 4313 3590 4356 et

2022 4393 2306 4434 sacrorum
2355 4381 2655 4435 antistitem
2684 4385 2937 4453 cognovi.
2981 4385 3081 4439 Vix
3115 4388 3362 4443 veritatis
3393 4391 3587 4445 docto-

2022 4488 2137 4527 rem
2171 4472 2375 4528 inveni.
2410 4473 2588 4528 Uuum
2622 4490 2877 4543 namque,
2908 4476 3002 4545 qui
3036 4492 3134 4543 pro
3191 4478 3457 4548 dignitate
3489 4498 3587 4537 sua

345 4572 649 4642 παρουσίαν
669 4569 764 4621 τοῦ
792 4570 1093 4621 ἐπισκόπου
1121 4568 1384 4636 ἐμήνυσε,
1407 4568 1480 4635 μὴ
1509 4566 1728 4619 εὐθέτου
1753 4566 1914 4636 δῆθεν

2021 4564 2317 4632 episcopali
2334 4565 2558 4619 n0mine
2577 4573 2725 4619 recte
2744 4577 2951 4630 utatur,
2970 4568 3320 4623 Ambrosium
3351 4576 3549 4641 reperi.
3564 4595 3583 4627 ι

347 4667 521 4728 ὄντος.
552 4660 804 4732 καιροῦ.κ
836 4660 894 4711 '0
918 4658 964 4711 δ’
996 4657 1295 4727 ὑπεχώρει,
1324 4659 1425 4726 μὲν
1486 4657 1733 4712 ὲκεῖθενυ
1783 4659 1918 4727 πρὸς

345 4750 399 4801 δὲ
425 4753 493 4819 τῇ
525 4748 673 4819 πύλῃ
693 4741 1038 4819 γενόμενοςῇ
1066 4747 1190 4806 τοὺς
1219 4745 1387 4815 θῆρας
1419 4747 1662 4815 εἰσῆγον,
1690 4746 1918 4810 καὶτοῖς

345 4838 674 4907 κυνηγέταις
716 4837 909 4889 ἑαυτὸν
966 4836 1314 4905 παραμίξας,
1370 4835 1549 4888 λαθὼν
1582 4837 1777 4908 εἰσῄει.
1811 4839 1920 4891 Καὶ

342 4931 406 4983 οὐ
440 4930 709 4999 πρότερον
759 4927 971 4980 ἐκεῖθεν
1019 4927 1232 4996 ἐξῆλθε,
1268 4927 1439 4979 πολλὰ
1468 4928 1773 4996 Γρατιανοῦ
1823 4930 1919 4982 καὶ

342 5021 453 5072 τῶν
478 5024 608 5089 περὶ
643 5022 849 5072 ἐκεῖνον
875 5017 1329 5091 ἀντιϐολούντων,
1362 5016 1467 5080 ἕως
1496 5018 1596 5090 τὴν
1627 5020 1726 5087 τῆς
1753 5037 1919 5074 κατα-

343 5114 501 5180 δίκης
562 5112 741 5180 ψῆφον
792 5111 1101 5180 τάνθρώπῳ
1128 5109 1404 5180 διέρρηξε,
1462 5112 1552 5163 καὶ
1586 5111 1754 5181 ἄλλην
1794 5112 1919 5182 ὲξή-

346 5220 531 5271 νεγκε,
566 5203 959 5274 συγχωροῦσαν
1007 5204 1067 5254 τὸ
1098 5202 1352 5271 ἔγκλημα
1384 5205 1457 5271 τῷ
1494 5204 1749 5270 ἀγομένῳ
1781 5204 1917 5270 πρὸς

345 5295 598 5348 θάνατον.
632 5294 805 5362 Εἴπερ
825 5309 907 5354 τις
938 5292 994 5343 δὲ
1019 5293 1149 5360 περὶ
1174 5292 1272 5360 τὴν
1301 5293 1547 5362 φυλακὴν
1585 5294 1692 5344 τῶν
1721 5295 1919 5362 ἐκκλη-

346 5386 645 5439 σιαστικῶν
671 5385 854 5452 νόμων
879 5385 1165 5445 σπουδαῖος
1196 5385 1335 5451 ἄγαν
1369 5385 1583 5450 ἐγένετο
1615 5385 1641 5435 ό
1682 5386 1735 5435 Ἀ
1749 5385 1916 5454 p.696-

346 5497 482 5541 a;o;,
518 5477 864 5546 καταστῆσαί
921 5494 979 5529 τε
1034 5479 1161 5539 τοὺς
1215 5478 1274 5529 ἐν
1328 5477 1512 5545 κύκλῳ
1566 5478 1659 5530 καὶ
1700 5477 1915 5547 παιδεία

345 5572 508 5624 Οείων
557 5572 738 5639 νόμων
773 5571 1081 5636 ὑπαγαγεῖν
1129 5570 1469 5634 δεξιώτατος.
1500 5571 1642 5640 Πλὴν
1672 5573 1734 5623 ἐκ
1770 5573 1913 5625 πάνυ

343 5661 556 5714 πολλῶν
588 5661 690 5712 ὅσα
724 5659 1083 5730 κατορθώσας
1131 5659 1313 5729 ὤφθη,
1347 5662 1540 5714 τοσάδε
1598 5680 1688 5731 μοι
1723 5663 1912 5734 ἐνθάδε

339 5754 603 5824 είρήσθω.
653 5752 837 5807 Ἱκανὰ
866 5754 973 5821 γάρ
1005 5752 1200 5817 δεῖξαι,
1232 5755 1363 5823 ὅσης
1389 5755 1646 5824 ηὑμοίρει
1675 5755 1763 5808 διὰ
1815 5755 1913 5823 τὴν

2022 4655 2296 4721 Quantum
2334 4656 2742 4712 commoditatis
2795 4658 3124 4730 objurgatio,
3181 4661 3473 4721 affectione
3513 4671 3591 4720 vi-

2023 4749 2161 4801 tiosa
2220 4761 2438 4812 carens,
2520 4748 2565 4802 si
2620 4748 2675 4801 in
2748 4760 2993 4818 tempore
3054 4766 3084 4805 a
3142 4753 3261 4807 viro
3330 4768 3589 4824 spectatae

2022 4838 2249 4891 virtutis
2273 4849 2328 4892 et
2354 4838 2579 4909 justitia‘.
2627 4838 2977 4905 adhibeatur,
3006 4830 3276 4897 indicans.
3311 4845 3590 4903 Ambrosii

2021 4931 2184 5001 hujus
2216 4932 2384 4985 multa
2420 4946 2639 5000 quoque
2671 4931 2776 4984 alia
2814 4942 2943 4984 sunt
2979 4944 3129 4988 recte
3181 4934 3344 5001 facta,
3375 4939 3591 5007 episeo-

2020 5022 2127 5091 pali
2163 5022 2353 5074 virtuti
2372 5022 2781 5087 convenientia,
2805 5039 2927 5092 quae
2963 5024 3069 5079 loci
3095 5028 3213 5095 ejus
3237 5027 3434 5083 incolis
3460 5042 3588 5085 nota

2018 5129 2140 5168 esse
2164 5130 2260 5181 par
2291 5125 2373 5168 est
2404 5113 2590 5183 322.
2621 5115 2734 5183 Ego
2762 5126 2944 5171 autem
2978 5134 3148 5171 unmn
3181 5137 3399 5189 quoque
3430 5122 3583 5182 illud,

2019 5207 2164 5273 quod
2183 5205 2246 5260 de
2278 5222 2344 5259 eo
2370 5207 2578 5269 audivi,
2611 5208 2872 5260 memoria
2904 5209 3152 5278 dignum,
3189 5212 3432 5267 historia:
3458 5215 3586 5267 huic

2020 5298 2277 5352 inseram.
2342 5299 2420 5351 Ex
2485 5301 2895 5368 magistratibus
2953 5302 3200 5372 quidam,
3274 5305 3584 5360 Graecorum

2018 5391 2395 5458 superstitioni
2415 5391 2684 5457 addictus,
2703 5392 3088 5463 imperatorem
3112 5396 3429 5451 Gratianum
3458 5413 3588 5451 con-

2024 5482 2169 5535 Vinio
2193 5483 2554 5551 prosciderat,
2591 5500 2830 5554 eumque
2863 5502 2890 5539 a
2916 5497 3069 5555 patre
3099 5504 3199 5541 suo
3223 5488 3585 5555 degenerasse

2015 5574 2247 5625 dixerat.
2282 5574 2401 5639 Quo
2444 5575 2665 5629 nomine
2714 5592 2838 5630 cum
2872 5588 3158 5633 accusatus
3187 5593 3215 5631 a
3253 5579 3584 5647 quihusdam
3672 5562 3683 5575 ’

2015 5668 2228 5732 fuisset,
2267 5668 2459 5737 capitis
2484 5670 2776 5723 damnatus
2807 5681 2910 5725 est.
2941 5671 3005 5726 Et
3026 5673 3135 5742 jam
3164 5673 3254 5727 ille
3277 5675 3341 5726 ad
3375 5673 3587 5744 suppli-

2016 5759 2158 5814 cium
2189 5761 2311 5815 duci
2345 5761 2597 5826 debebat,
2637 5781 2758 5819 cum
2789 5764 3113 5821 Atithrosius
3148 5781 3245 5836 pro
3299 5784 3362 5820 eo
3392 5769 3587 5836 depre—
