4062 6424
343 392 447 457 901

913 500 1167 556 ΚΕΦΑΛ.
1228 497 1361 554 Ml".

339 616 484 688 Περί
514 615 626 688 τῆς
663 614 731 666 ἐν
774 611 1103 688 Ἀντιοχείᾳ
1130 613 1460 688 [grandisne
1498 611 1919 688 στάσεως-ἐπὶ

339 691 343 694 ’
407 680 485 755 ἑῇ
513 680 703 753 ἀτίμῳ
731 680 1071 755 καθαιρέσει
1093 681 1212 755 τῶν
1242 681 1617 755 ἁκδριᾴντων
1635 697 1649 713 ο
1706 683 1809 755 καί
1838 682 1919 747 ὡς

408 750 657 810 διέλυσε
682 754 798 821 τὴν
830 753 934 806 τοῦ
955 750 1266 819 βασιλέως
1295 752 1504 822 ὀργὴν,
1534 754 1919 822 πρεσϐεύσας

411 825 748 890 Φλαϐιανὸς
773 825 805 876 ὁ
834 823 1189 887 ἐπίσκοπος.

421 959 583 1017 Ἀλλὰ
619 957 816 1028 ξυνέϐη
848 974 915 1026 γε
962 957 1244 1029 προτέραν
1285 957 1503 1029 ἐκείνην
1537 957 1631 1011 τοῦ
1679 955 1919 1020 συζύγου

343 1056 560 1110 θανεῖνο
594 1052 664 1106 δι’
695 1055 761 1122 ἢν
795 1053 886 1104 καί
916 1068 968 1103 τι
1023 1051 1419 1121 ἐπιγενόμενον
1468 1050 1532 1104 τὸ
1566 1049 1700 1121 περὶ
1743 1049 1919 1122 αὐτὴν

344 1148 437 1200 τοῦ
482 1145 746 1217 βασιλέως
800 1146 1027 1213 φίλτρον
1079 1143 1319 1213 μάλιστα
1368 1142 1574 1208 ἐδειξε’
1630 1143 1726 1197 καὶ
1770 1143 1919 1205 ὅπως

343 1240 556 1308 ἐκείνην
590 1238 650 1290 οὔ
680 1236 774 1291 τοῦ
811 1236 1003 1307 λέχους
1029 1235 1215 1306 χάριν,
1252 1235 1391 1290 ἀλλά
1427 1234 1504 1305 τῷ
1539 1237 1789 1304 περιόντι
1816 1235 1920 1304 τῆς

340 1333 545 1403 ἀρετῆς
584 1330 786 1401 μᾶλλον
818 1330 1001 1398 ἐτίμα.
1036 1329 1182 1382 Τίδέ
1218 1327 1399 1394 τοῦτο,
1437 1328 1608 1392 λέξων
1655 1327 1916 1399 ἔρχομαι.

341 1425 476 1489 Ταῖς
509 1425 730 1495 συχναῖς
764 1424 972 1493 μάχαις
1001 1422 1085 1485 είς
1124 1421 1339 1476 ἐνδειαν
1384 1420 1592 1493 χρυσοῦ
1625 1421 1920 1490 γενόμενος

337 1522 365 1572 ὸ
396 1517 638 1589 κρατῶν,
665 1515 953 1586 εῐσπραξίν
981 1531 1103 1568 τινα
1129 1513 1289 1585 ξένην
1314 1514 1466 1583 παρά
1493 1516 1554 1567 τὸ
1576 1513 1769 1575 είωθδς
1798 1514 1920 1576 ταῖς

337 1613 561 1666 πόλεσιν
586 1608 951 1663 ἐπιτέθεικεν.
988 1609 1098 1662 Καὶ
1126 1608 1177 1661 οἱ
1230 1606 1329 1677 μὲν
1357 1605 1683 1677 ἁπανταχοῦ
1717 1605 1918 1658 ὑποτε-

338 1710 448 1768 λεῖς
479 1707 570 1758 τὸν
601 1705 786 1775 φόρον,
823 1702 928 1756 κᾶν
961 1702 1141 1772 βίαιος
1299 1701 1760 1770 είσεπράττοντο’
1806 1698 1835 1750 ὁ
1860 1697 1917 1749 δέ

336 1802 435 1869 τῆς
471 1799 748 1868 Ἀντιόχου
779 1797 952 1868 δῆμος
983 1797 1084 1865 τὴν
1119 1794 1313 1865 καινὴν
1335 1795 1436 1848 οὐκ
1465 1794 1701 1866 ἤνεγκεν
1731 1792 1918 1860 εἰσφο-

339 1898 456 1966 ράν.
490 1891 629 1954 Τοὺς
660 1891 707 1941 δ’
731 1890 1169 1962 εἰσπράττοντας
1191 1887 1336 1958 ὁρῶν
1368 1888 1508 1943 ἄλλα
1528 1904 1589 1941 τε
1641 1886 1915 1958 πράττον-

335 2003 452 2050 τας,
485 1985 583 2038 καὶ
606 1981 698 2043 οὓς
738 1982 837 2053 μὲν
868 1982 1318 2052 ἀναρτωμένους,
1363 1980 1562 2045 ἄλλους
1608 1979 1655 2033 δ’
1689 1979 1916 2050 ἀπηνῶς

337 2077 692 2148 συρομένους,
728 2076 994 2147 φρουραῖς
1020 2091 1081 2126 τε
1130 2072 1628 2146 καθειργομένους,
1666 2073 1750 2137 είς
1780 2072 1912 2126 στά-

336 2188 421 2222 σιν
448 2168 689 2239 ἐχώρει·
738 2167 833 2221 καὶ
879 2165 1054 2221 πολλὰ
1087 2164 1190 2236 μὲν
1217 2165 1410 2236 ἑδρασέ
1443 2182 1499 2218 τε
1546 2166 1646 2220 καὶ
1696 2161 1851 2219 εἶπεν
1879 2166 1917 2220 ἀ

333 2256 490 2327 ὄχλος
548 2258 726 2309 ποιεῖν
758 2255 941 2321 εἴωθε,
981 2257 1261 2325 πρόφασιν
1296 2256 1378 2319 είς
1429 2254 1663 2321 ἀταξίαν
1708 2255 1913 2312 λαϐών.

336 2345 500 2408 Τέλος
529 2343 587 2397 δέ
617 2344 713 2398 καὶ
743 2346 846 2413 τὴν
878 2345 977 2415 τῆς
1006 2343 1278 2413 βασιλίδος
1301 2345 1515 2416 χαλκῆν
1542 2346 1729 2398 είκόνα
1762 2344 1913 2398 Πλα-

337 2437 526 2506 κίλλης
580 2438 760 2507 (τοῦτο
819 2434 929 2507 γὰρ
999 2434 1070 2509 ἦν
1125 2441 1266 2511 αὐτῇ
1324 2439 1520 2509 δνομα)
1588 2439 1917 2505 καθελόντες

240 2596 245 2599 _
336 2531 610 2601 ἀφρόνως,
640 2531 738 2584 καὶ
768 2531 968 2602 σχοίνῳ
994 2532 1401 2603 προσάψαντες,
1430 2533 1494 2585 ἐκ
1521 2530 1678 2596 ποδὸς
1706 2526 1914 2599 εἷλκον,

335 2627 428 2680 ἐπὶ
451 2623 626 2678 πολλὰ
661 2623 803 2696 μέρη
834 2624 936 2692 τῆς
989 2624 1199 2689 πόλεως
1230 2626 1491 2698 σύροντες
1516 2641 1530 2656 ο
1568 2624 1666 2678 καὶ
1703 2620 1794 2679 οἷα
1838 2625 1918 2678 εί-

334 2719 428 2783 κὺς
454 2718 628 2791 δῆμον
661 2718 946 2791 μεμηνότα
996 2719 1094 2772 καὶ
1137 2718 1560 2790 χαλεπαίνοντα,
1601 2716 1827 2788 ῦϐριζόν
1854 2735 1918 2772 τε

334 2814 414 2875 είς
445 2813 589 2882 μέγα
611 2811 648 2866 ἃ.
680 2813 817 2882 μηδέ
853 2811 1038 2880 λέγειν
1066 2811 1269 2883 χρεών.
1294 2812 1481 2865 Ταῦτα
1509 2810 1573 2881 δὴ
1605 2809 1794 2881 μαθὼν
1820 2811 1919 2883 βα-

337 2907 554 2973 σιλεὺς,
588 2904 848 2976 χαλεπῶς
901 2905 1147 2958 ἐνεκότει
1191 2901 1269 2975 τῷ
1299 2903 1501 2974 πλήθει
1524 2921 1542 2939 ο
1581 2904 1677 2957 καὶ
1726 2902 1919 2976 ὥσπερ

334 2997 500 3063 είκδς,
553 2996 624 3049 τὰ
668 2995 732 3047 ἐκ
778 2992 1016 3048 παλαιοῦ
1077 2994 1353 3063 προσόντα
1407 2993 1584 3066 ταύτῃ
1644 2995 1919 3065 προνόμια

334 3089 697 3160 ἀφελόμενος,
728 3089 793 3156 τῇ
852 3085 1058 3156 γείτονι
1090 3086 1247 3138 πόλει
1303 3086 1703 3157 ἀπεχαρίζετο.
1757 3085 1920 3141 Οὕτω

332 3184 445 3253 γὰρ
471 3182 610 3254 ᾤετο
663 3179 850 3250 σφόδρ’
891 3181 1143 3235 ἀνιάσειν
1192 3180 1517 3251 Ἀντιοχεῖς·
1568 3181 1808 3252 καὶγὰρ
1858 3180 1920 3246 ἐξ

335 3277 570 3347 ἀρχαίου
603 3274 929 3345 ζηλοτύπως
958 3274 995 3345 ἡ
1034 3272 1328 3335 Λαοδίκεια
1353 3276 1419 3344 τῇ
1458 3272 1732 3345 Ἀντιόχου
1762 3273 1918 3328 καθί-

339 3385 525 3424 στατο.
575 3367 824 3423 Ἦπείλει
866 3366 925 3420 δέ
956 3365 1094 3437 πρὸς
1147 3365 1327 3435 τούτῳ
1358 3366 1461 3437 τήν
1488 3383 1549 3419 τε
1600 3367 1761 3421 πόλιν
1812 3368 1916 3436 ἐμ-

338 3464 569 3534 πρῆξαι,
603 3464 701 3515 καὶ
734 3459 1066 3527 καταλῦσαι,
1098 3460 1191 3513 τὸν
1225 3459 1414 3513 ἐνόντα
1445 3459 1503 3527 ἐξ
1547 3460 1779 3531 ἀρχαίου
1824 3461 1918 3515 κό-

336 3571 495 3624 σμον,
529 3557 625 3609 καὶ
654 3556 733 3619 εἰς
778 3555 977 3625 κώμην
1016 3552 1372 3625 μεταϐαλεῖν,
1406 3555 1503 3607 καὶ
1528 3553 1760 3626 ἄροτρον
1793 3555 1918 3608 κατ’

336 3650 508 3718 αὐτῆς
537 3648 814 3719 ἐμπῆξαι·
867 3650 963 3703 καὶ
1023 3649 1104 3713 είς
1146 3647 1272 3702 νοῦν
1308 3647 1490 3702 ἔκειτο
1526 3649 1758 3711 πολλοὺς
1804 3648 1916 3706 τῶν

349 3742 670 3812 Ἀντιοχέων
701 3740 1034 3812 διαφθεῖραι,
1067 3742 1161 3795 καὶ
1188 3742 1526 3813 σωφρονίσαι
1559 3743 1636 3814 μὴ
1673 3743 1769 3797 τοῦ
1803 3743 1916 3797 λοι-

336 3833 441 3888 ποῦ
470 3833 693 3888 τοιαῦτα
721 3833 1052 3887 διανοεῖσθαι
1083 3833 1237 3904 δρᾷν.
1271 3834 1335 3887 Οἱ
1360 3832 1405 3886 δ’
1432 3834 1616 3887 ἐκεῖσε
1640 3834 1740 3905 τῆς
1764 3835 1918 3901 ἐξου-

338 3925 461 3989 σίας
483 3925 909 3995 ἐπειλημμένοι,
938 3926 1035 3979 καί
1068 3942 1224 3988 τινας
1273 3924 1633 3989 συλλαϐόντες
1682 3924 1914 3994 ἀνεῖλον,

334 4018 842 4089 διαπραττομένους
871 4018 933 4072 τὸ
979 4018 1261 4089 τόλμημα,
1301 4020 1432 4090 πρὶν
1480 4018 1514 4090 ἢ
1559 4020 1653 4073 τὸν
1687 4019 1917 4090 βασιλέα

337 4109 542 4177 γνῶναι
570 4107 631 4160 τὸ
662 4107 869 4179 δρᾶμα.
909 4108 967 4161 '0
1016 4107 1362 4177 δὲ’βασιλεὺς
1413 4109 1636 4162 ἐκέλευε
1671 4111 1770 4179 μὲν
1822 4112 1916 4165 καὶ

333 4198 556 4267 ¹ἠπείλει
602 4198 849 4267 γίνεσθαι
882 4199 949 4253 τά
1000 4199 1152 4253 δεινά
1181 4214 1197 4230 ο
1237 4198 1296 4251 οὐ
1350 4197 1458 4270 μὴν
1501 4199 1596 4252 καὶ
1625 4202 1705 4261 είς
1752 4198 1917 4269 ἔργον

333 4288 649 4355 ἐξέϐαινενο
683 4290 712 4342 ὁ
752 4290 861 4361 γὰρ
909 4290 1238 4360 ’Λμϐροσίου
1272 4290 1439 4360 νόμος
1489 4291 1702 4361 ἐπεῖχε.
1738 4291 1813 4345 Τὸ
1858 4290 1917 4346 δὲ

335 4384 544 4454 πλῆθος
577 4385 679 4455 τῆς
705 4383 912 4447 πόλεως
946 4383 1042 4437 καὶ
1075 4382 1214 4455 μόνῃ
1255 4384 1322 4453 τῇ
1364 4382 1475 4436 τῶν
1524 4382 1717 4438 δεινῶν
1756 4385 1913 4455 φήμῃ

331 4477 715 4545 καταπλαγὲν,
758 4475 857 4547 τὴν
893 4476 1089 4546 μανίαν
1120 4475 1374 4545 ἀφέντες,
1416 4475 1716 4546 μετάμελοι
1747 4470 1911 4547 ἦσαν,

1278 384 1879 448 ECt‘.LESIASTlC/E
1918 384 2312 446 HISTORLE
2354 387 2494 446 LIB.
2543 386 2686 448 XII.

1950 502 2003 560 A

3502 389 3532 432 0

2484 436 2494 446 .
2543 386 2686 448 XII.
3502 386 3610 451 902

2484 499 2650 572 324
2687 498 2914 557 CAPUT
2957 499 3144 556 xun.
3317 540 3327 550 .

2026 609 2101 663 De
2125 610 2353 663 tumultu
2378 618 2427 663 et
2450 610 2703 663 seditione
2725 609 3068 673 Antiocltena,
3110 610 3172 664 ob
3202 610 3610 680 ignominiosam

2092 690 2398 734 statuarum
2423 680 2769 750 dejectionem
2799 696 2818 733 :
2848 688 2895 732 et
2917 688 2976 732 ut
3010 682 3151 750 iram
3182 689 3231 734 et
3268 681 3605 749 indignatio-

2094 767 2212 804 nem
2238 766 2303 803 ea
2329 752 2391 821 de
2417 749 2580 804 causa
2627 751 2964 818 imperatoris
3020 749 3313 804 Flavianus
3341 753 3608 821 episcopus

2095 821 2298 890 legatus
2333 820 2558 876 lenierit.

2091 955 2310 1010 Accidit
2352 967 2537 1012 autem
2607 967 2665 1011 ιιι
2698 957 3016 1027 priorltam
3065 957 3266 1028 conjux
3318 958 3441 1026 ejus
3480 955 3607 1009 fatis

2022 1048 2377 1102 concederet.
2410 1049 2642 1117 Propter
2681 1065 2845 1119 quam
2887 1066 3012 1105 cum
3044 1065 3176 1105 casu
3221 1049 3464 1120 quodam
3499 1049 3603 1102 ali—

2021 1140 2154 1209 quid
2213 1150 2403 1210 postea
2458 1141 2791 1208 accidisset,
2849 1152 3093 1213 quantus
3148 1143 3499 1212 imperatoris
3548 1144 3603 1196 in

2022 1235 2172 1288 illam
2223 1250 2383 1290 amor
2429 1235 2620 1301 fuerit,
2661 1237 2717 1291 id
2777 1238 3018 1292 tnaxime
3068 1236 3374 1291 declaravit
3409 1256 3422 1290 :
3454 1236 3599 1305 quod

2022 1328 2239 1383 scilicet
2288 1344 2400 1383 non
2431 1330 2674 1401 conjugii
2711 1338 2926 1385 tantum
2961 1332 3160 1403 gratia,
3207 1347 3400 1386 verum
3436 1334 3600 1385 etiam

2020 1429 2246 1489 propter
2275 1421 2646 1477 excellentem
2688 1422 2959 1477 virtutem
2996 1437 3118 1477 eam
3170 1423 3469 1492 plurimum
3502 1424 3603 1479 ho-

2020 1512 2256 1566 norarit.
2297 1513 2439 1581 Quid
2485 1514 2537 1568 id
2573 1514 2764 1578 fuerit,
2796 1530 3096 1584 esponam.
3145 1514 3312 1571 Bellis
3342 1515 3606 1587 frequen-

2019 1603 2169 1659 tibus
2216 1604 2569 1675 imperatoris
2633 1609 2770 1664 tisco
2834 1610 3131 1673 exhausto,
3188 1611 3459 1665 tributum
3518 1610 3601 1675 is,

2019 1704 2224 1765 praeter
2264 1698 2509 1764 solitum,
2559 1714 2770 1757 novum
2817 1702 3138 1758 civitatibus
3190 1702 3480 1771 imposuit.
3535 1703 3604 1757 Et

2021 1787 2115 1842 alii
2146 1788 2373 1858 quidem
2415 1791 2622 1861 ubique
2646 1792 2898 1849 locorum
2936 1795 3217 1849 tributarii
3248 1796 3436 1865 populi
3468 1811 3605 1865 pen-

2021 1882 2236 1937 sionem
2296 1899 2418 1938 eam
2472 1888 2727 1955 quamvis
2794 1890 3299 1945 extraordinariam
3347 1892 3603 1946 confere-

2018 1975 2174 2031 bant.
2208 1978 2454 2043 Populus
2488 1990 2674 2036 autem
2707 1981 3096 2039 Antiochenus
3125 1984 3361 2053 vectigal
3393 2000 3600 2039 novum

2017 2082 2127 2124 non
2161 2071 2309 2127 tulit.
2330 2071 2401 2127 Et
2426 2088 2553 2128 cum
2580 2083 2865 2130 exactores
2888 2085 3146 2131 cerneret
3170 2093 3296 2131 cum
3332 2078 3603 2148 pleraque

2018 2159 2123 2215 alia
2151 2161 2355 2230 iacere,
2394 2174 2509 2219 tum
2552 2181 2618 2219 ex
2663 2166 2882 2221 civibus
2911 2167 3180 2237 quosdam
3234 2169 3601 2238 suspendere,

2017 2256 2320 2313 nonnullos
2383 2258 2687 2314 crudeliter
2750 2260 2993 2323 trahere.
3051 2261 3191 2315 alios
3250 2262 3306 2316 in
3378 2261 3604 2317 vincula

2019 2348 2336 2419 conjicere,
2393 2348 2728 2405 seditionem
2782 2351 2997 2418 movit;
3046 2352 3331 2422 multaque
3376 2360 3434 2408 et
3471 2354 3604 2409 fecit

2019 2446 2078 2493 et
2136 2437 2277 2494 dixit
2331 2454 2430 2509 per
2482 2441 2807 2504 tumultum,
2857 2456 2983 2510 quae
3039 2444 3237 2513 vulgus
3280 2443 3446 2509 solet,
3507 2445 3601 2499 ubi

2022 2529 2371 2585 occasionem
2405 2528 2474 2584 ad
2505 2529 2756 2585 ordinem
2797 2530 3105 2585 tollendum
3142 2539 3199 2585 et
3242 2548 3430 2586 rerum
3478 2547 3603 2588 om-

2020 2621 2176 2676 nium
2204 2620 2590 2676 confusionem
2618 2620 2992 2675 inducendam
3017 2621 3280 2691 arripuit.
3312 2622 3604 2678 Posuemo

2019 2729 2154 2771 vero
2184 2714 2557 2785 imperatricis
2596 2729 2817 2786 quoque
2848 2714 3089 2771 Placillae
3121 2714 3250 2785 (hoc
3276 2715 3421 2770 enim
3456 2715 3606 2770 illius

2020 2822 2226 2862 nomen
2256 2807 2397 2879 erat)
2429 2817 2671 2864 statuam
2701 2824 2899 2863 aeream
2932 2824 3036 2865 suo
3064 2809 3188 2864 loco
3222 2811 3607 2880 imprudente:-
3710 2882 3713 2885 ν

2020 2900 2316 2971 deiectam,
2341 2909 2396 2956 et
2444 2900 2567 2956 funi
2608 2901 2844 2971 pedibus
2893 2901 3232 2972 adaptatam,
3264 2919 3363 2973 per
3400 2904 3604 2960 multas

2021 2993 2179 3049 urbis
2207 3003 2397 3064 partes
2426 2995 2619 3056 traxit,
2659 3002 2716 3049 et
2761 3010 2865 3066 pro
2910 3010 2977 3051 eo
3017 3006 3185 3067 atque
3218 2997 3377 3067 plebs
3409 3001 3606 3053 l‘ureus

2023 3094 2191 3156 atque
2246 3085 2541 3157 indignans
2595 3087 2876 3151 assuevit,
2930 3090 3284 3145 contumeliis
3352 3091 3602 3161 magnis,

2024 3192 2163 3247 quas
2191 3176 2380 3231 dicere
2410 3192 2552 3246 opus
2584 3194 2693 3233 non
2736 3186 2842 3244 est,
2880 3178 3089 3235 affecit.
3133 3180 3291 3246 Quod
3334 3180 3602 3252 ﬂagitium

2020 3280 2310 3341 postquam
2347 3270 2650 3341 imperator
2679 3282 2959 3341 patratum
2991 3274 3229 3339 audivit,
3256 3276 3506 3346 graviter
3542 3279 3601 3333 in

2018 3381 2145 3421 eum
2178 3364 2442 3433 populum
2471 3364 2812 3421 excanduit:
2843 3376 2899 3421 et
2950 3367 3115 3422 sicuti
3163 3383 3261 3437 par
3296 3378 3439 3437 erat,
3477 3387 3602 3441 quas

2014 3461 2330 3532 antiquitus
2367 3461 2696 3518 obtinebant
2728 3461 3016 3532 privilegia
3044 3463 3154 3518 illis
3182 3464 3410 3529 ademit,
3430 3476 3598 3537 atque

2020 3571 2083 3611 ea
2127 3554 2325 3609 vicinae
2356 3554 2481 3609 urbi
2514 3555 2815 3628 concessit.
2856 3556 2934 3610 Eo
2964 3557 3113 3611 enim
3170 3558 3335 3613 modo
3362 3576 3507 3630 aegre
3542 3577 3603 3615 se

2020 3649 2316 3703 admodum
2349 3647 2716 3702 Antiocltenis
2746 3647 3023 3704 facturum
3071 3649 3298 3717 putabat
3329 3668 3342 3704 :
3374 3652 3601 3723 jamdu-

2022 3743 2150 3795 dum
2184 3756 2427 3810 namque
2461 3739 2730 3795 Laodicea
2783 3741 2969 3796 invida
3002 3743 3357 3799 aemulatione
3404 3745 3603 3799 adver-

2021 3848 2118 3889 sus
2150 3833 2503 3888 Antiochiam
2551 3834 2870 3889 tenebatur.
2915 3834 3298 3892 Comminatus
3329 3848 3597 3905 prieterea

2019 3925 2134 3981 illis
2179 3937 2282 3991 est,
2334 3941 2391 3982 se
2447 3927 2644 3981 urbem
2684 3942 2802 3981 eam
2842 3927 3224 3991 incensurum,
3274 3943 3603 3987 ornamenta

2019 4019 2209 4075 omnia
2257 4021 2551 4074 vetustatis
2591 4019 2641 4074 ei
2693 4019 3110 4088 adempturum,
3156 4022 3211 4076 in
3262 4023 3444 4077 vicum
3477 4039 3601 4078 eam

2020 4121 2398 4176 mutaturum,
2467 4120 2524 4167 et
2570 4120 2757 4166 aratro
2816 4114 3253 4180 proseissurum.
3303 4116 3363 4170 In
3412 4116 3604 4173 animo

2017 4208 2186 4262 etiam
2224 4205 2445 4268 habuit,
2479 4205 2685 4260 multos
2731 4220 2796 4258 ex
2842 4205 3206 4259 Antiochenis
3234 4207 3358 4261 neci
3393 4209 3599 4267 dedere

2019 4309 2077 4355 et
2110 4297 2399 4367 castigare,
2445 4311 2516 4350 ne
2565 4304 2758 4366 postea
2797 4296 2907 4350 tale
2962 4296 3264 4367 quidquam
3302 4298 3600 4357 admittere

2021 4393 2074 4445 in
2108 4391 2357 4446 animum
2396 4388 2745 4443 inducerent.
2776 4386 2879 4454 Qui
2908 4403 3040 4443 vero
3071 4389 3146 4444 ibi
3178 4405 3302 4446 cum
3327 4402 3602 4461 potestate

2022 4483 2374 4554 magistratus
2427 4495 2540 4535 rem
2591 4480 3097 4546 administrabant,
3150 4484 3451 4540 nonnullos
3503 4489 3599 4554 qui

333 4574 430 4623 καὶ
466 4568 542 4634 ὡς
573 4568 844 4622 ἐνεστῶτα
893 4569 1134 4639 ὁρῶντες
1167 4567 1238 4622 τὰ
1268 4569 1721 4647 προσδοκώμενα,
1775 4569 1912 4641 βαθὺ

2020 4574 2238 4629 facinus
2269 4582 2478 4628 tantum
2519 4572 2637 4627 ausi
2688 4572 2927 4634 fuerant,
2959 4574 3392 4643 comprehensos
3446 4577 3599 4646 prius

338 4663 635 4727 στένοντες,
677 4650 931 4731 δακρύων
968 4660 1194 4724 λιϐάδας
1226 4663 1588 4731 κατέπεμπον
1613 4677 1626 4691 ·
1660 4663 1754 4715 καὶ
1785 4678 1920 4714 κατ-

339 4754 657 4823 ηντιϐόλουν
695 4753 850 4821 Θεὸν,
878 4755 939 4808 τὸ
981 4756 1269 4824 ἀγριαῖνον
1298 4751 1393 4806 τοῦ
1423 4754 1601 4823 θυμοῦ
1633 4757 1922 4823 καταστεῖ-

334 4842 424 4898 λαι
459 4846 535 4918 τῷ
570 4846 802 4917 βασιλεῖ,
836 4847 931 4900 καὶ
960 4846 1058 4917 τὴν
1084 4846 1258 4916 ὀργὴν
1291 4845 1374 4906 είς
1426 4847 1571 4916 μέγα
1602 4848 1917 4916 ἀναπτομέ-

332 4956 435 5009 νην
466 4938 729 5011 πραῧναι.
761 4939 1085 5008 Πανδήμους
1133 4938 1189 4990 δέ
1226 4935 1511 4999 ποιοῦντες
1560 4935 1738 5000 λιτάς,
1776 4936 1915 5006 μέλη

334 5032 460 5086 τινὰ
483 5033 800 5104 ὀλοφυρμοῦ
826 5033 1013 5103 πλήρη
1041 5033 1137 5084 καὶ
1172 5031 1519 5102 συμπαθείας
1573 5030 1919 5102 συνθέμενοι,

333 5125 457 5185 ταῖς
493 5123 784 5193 μελῳδίαις
814 5124 1037 5194 ἐπῇδον,
1064 5122 1158 5175 καὶ
1181 5122 1272 5175 τὸν
1299 5121 1449 5191 σφῶν
1477 5121 1632 5192 ἱερέα
1665 5122 1756 5175 τὸν
1775 5122 1919 5176 θεῖον

335 5214 638 5270 Φλαϐιανδν
665 5215 910 5286 πρέσϐυν
946 5215 1088 5286 ὺπέρ
1117 5214 1300 5268 αὐτῶν
1346 5212 1424 5284 τῷ
1463 5213 1760 5284 κρατοῦντι
1787 5214 1921 5268 ἀνέ-

336 5327 575 5380 πεμπον.
611 5312 708 5373 Ὃς
728 5308 794 5380 δὴ
819 5309 914 5362 καὶ
936 5307 1035 5380 τὴν
1061 5306 1361 5378 πρεσϐείαν
1383 5305 1527 5377 ὑπὲρ
1554 5308 1652 5378 τῆς
1680 5307 1920 5377 ποίμνης

335 5401 539 5468 ἀνύων,
572 5402 781 5473 σφόδρα
804 5402 929 5456 κατ’
959 5401 1139 5455 αὐτῶν
1167 5402 1476 5468 ἀνιωμένου
1501 5400 1598 5453 τοῦ
1627 5399 1916 5469 βασιλέως,

335 5494 502 5566 τέχνῃ
533 5495 595 5564 δή
625 5512 733 5548 τινι
761 5495 887 5558 τοὺς
936 5495 1090 5557 νέους
1124 5493 1424 5563 μετελθὼν,
1452 5488 1535 5556 οἷς
1587 5490 1710 5555 έθος
1764 5494 1917 5562 παρά

334 5585 435 5654 τὴν
470 5586 758 5656 βασιλικὴν
799 5586 1079 5655 τράπεζαν
1117 5585 1288 5658 ᾄδειν,
1335 5585 1371 5639 ἂ
1427 5586 1567 5655 μέλη
1603 5586 1812 5638 ἐλεεινά
1861 5588 1919 5638 ἐν

335 5679 452 5738 ταῖς
494 5676 669 5741 λιταῖς
705 5672 830 5749 ᾖδον
881 5679 1201 5759 ’ἐψτιοχείᾖ
1231 5679 1422 5748 ἡρέμα
1452 5677 1688 5746 ψάλλειν
1715 5680 1915 5731 ἐποίει.

347 5768 471 5838 Ὑφ’
496 5765 571 5823 ὧν
592 5773 621 5822 ὁ
649 5770 807 5837 λόγος
830 5772 921 5825 τὸν
942 5769 1254 5841 κρατοῦντα
1281 5769 1609 5841 διαχυθέντα
1631 5773 1714 5833 είς
1738 5768 1919 5823 οἶκτον

343 5863 668 5931 patefiant:
703 5863 799 5934 τὴν
829 5865 1001 5936 ὀργήν
1024 5879 1039 5894 ο
1077 5862 1424 5934 κρατηθέντα
1451 5864 1509 5918 δὲ
1543 5863 1620 5934 τῷ
1652 5863 1805 5934 ἐλέῳ,
1840 5865 1910 5933 τῇ

2021 4668 2309 4730 necarunt,
2339 4681 2505 4734 quam
2555 4665 2856 4733 imperator
2894 4662 3096 4718 factum
3145 4665 3197 4718 id
3237 4667 3489 4721 resciret.
3532 4667 3601 4722 Et

2021 4763 2324 4827 imperator
2375 4756 2730 4812 mandaverat
2790 4755 3061 4825 quidem,
3125 4765 3182 4811 et
3240 4748 3349 4811 tam
3404 4775 3601 4830 gravrs
3694 4786 3699 4793 -

2021 4866 2213 4921 pmnas
2262 4851 2505 4904 minatus
2558 4849 2761 4913 iuerat,
2797 4848 2892 4903 sed
2929 4863 3021 4902 eas
3056 4848 3123 4901 ad
3158 4865 3272 4903 rem
3308 4866 3415 4904 non
3462 4867 3602 4907 eou-

2024 4942 2169 4996 tulit.
2213 4942 2480 4996 ()bstabat
2513 4939 2663 4994 enim
2698 4940 2745 4996 ei
2779 4939 3059 4994 Ambrosii
3091 4940 3201 4995 lex.
3234 4941 3397 5012 325
3431 4943 3602 5000 Porro

2022 5032 2179 5088 urbis
2231 5031 2533 5087 multitudo
2573 5031 2692 5086 sola
2744 5030 2996 5101 gravium
3042 5046 3231 5086 rerum
3268 5033 3416 5088 fama
3470 5051 3604 5091 con-

2018 5136 2292 5191 sternata,
2327 5125 2516 5182 furore
2554 5124 2757 5189 relicto
2778 5124 2833 5180 in
2883 5126 3267 5195 paenitentiam
3299 5128 3516 5195 incidit,
3544 5141 3602 5185 et

2018 5219 2251 5290 perinde
2283 5226 2451 5288 atque
2496 5216 2568 5272 ob
2613 5217 2808 5272 oculos
2839 5219 3057 5273 versari
3095 5220 3332 5283 videret,
3366 5236 3491 5291 quar
3545 5224 3597 5276 in

2019 5311 2437 5382 exspectatione
2482 5319 2644 5366 erant
2687 5308 2851 5373 mala.
2885 5310 3053 5364 altius
3091 5311 3404 5381 suspirans,
3433 5323 3488 5367 et
3518 5315 3603 5369 la.

2018 5419 2334 5475 crymarum
2389 5403 2502 5457 vim
2565 5402 2934 5473 profundens,
2976 5405 3087 5457 Deo
3131 5406 3488 5474 supplicavit,
3543 5417 3601 5462 ut

2018 5497 2379 5551 ferocientem
2414 5496 2772 5564 imperatoris
2810 5498 3056 5550 animum
3098 5511 3502 5565 compesceret,
3544 5508 3602 5553 ct

2022 5599 2312 5659 tantopere
2359 5590 2659 5645 excitatam
2708 5589 2846 5643 iram
2898 5590 3198 5657 mitigaret.
3245 5587 3308 5644 Et
3349 5589 3599 5657 publicas

2017 5695 2291 5751 peragens
2309 5678 2765 5749 supplicationes,
2787 5681 3030 5735 carmina
3051 5680 3298 5749 quaedam
3323 5681 3598 5746 luctuosa,

2018 5782 2074 5826 et
2137 5771 2205 5824 ad
2262 5771 2806 5826 commiserationéut
2865 5771 3195 5826 movendam
3254 5773 3596 5840 composita,

2022 5878 2318 5919 numeroso
2369 5872 2638 5920 concentu
2690 5865 2955 5920 cantavit.
3009 5864 3344 5936 Episcopum
3408 5874 3596 5921 autem
