4062 6432
498 371 602 432 903

1771 353 2192 415 NICEPIIORI
2233 348 2576 411 CALLlS'i'I

3666 337 3770 402 904

499 503 664 546 suum
723 485 910 540 divum
951 474 1300 547 Flavianum,
1342 481 1436 551 qui
1477 494 1577 548 pro
1628 477 1711 533 eis
1757 476 2083 545 deprecare-

2190 473 2347 525 πόλει
2380 469 2715 523 σπείσασθαι
2744 465 2980 539 δάκρυσι
3008 465 3070 520 τὸ
3104 467 3257 535 πόμα
3303 462 3766 532 ἐγκερασάμενον.

503 593 616 643 tur,
663 579 729 633 ad
778 580 1191 645 imperatorem,
1238 582 1515 627 oratorem
1567 568 1883 643 misitauui
1936 566 2084 635 lega-

503 675 712 726 tionem
751 686 870 721 eam
906 684 1005 737 pro
1054 682 1217 736 grege
1250 681 1352 719 suo
1397 664 1616 727 obiens,
1654 676 1778 714 cum
1824 660 2081 729 princeps

504 765 861 818 vehementer
895 759 1261 813 Antiochenis
1301 757 1551 810 infensus
1596 762 1769 816 esset,
1795 763 1913 805 arte
1944 767 2081 819 qua-

502 859 626 911 dam
670 854 1137 914 adolescentulos,
1184 851 1278 920 qui
1319 851 1385 904 ad
1442 848 1797 917 imperatoris
1836 859 2078 897 men-iam

500 962 701 1000 canere
732 945 879 1000 soliti
928 954 1109 1006 erant,
1147 956 1462 1012 aggressus,
1500 948 1559 992 ut
1616 935 1953 991 miserabilia
1992 933 2078 987 illa

500 1038 770 1101 carmina,
822 1036 1031 1105 quibus
1091 1035 1146 1087 in
1197 1030 1700 1101 supplicationibus
1751 1026 2083 1085 Autiocheui

502 1131 826 1192 utebantur,
864 1137 1149 1188 cauerent,
1184 1126 1395 1180 cﬂ‘ecit.
1428 1124 1522 1178 Eis
1569 1124 1959 1192 imperatorem
1993 1120 2087 1172 de-

502 1222 760 1284 libutum,
799 1220 938 1273 iram
994 1219 1352 1273 miseratione
1382 1208 1758 1271 commutaSse
1785 1232 1799 1269 :
1827 1223 1885 1268 et
1921 1214 2090 1267 mise-

501 1312 742 1365 ricordia
774 1312 1005 1371 victum,
1031 1310 1231 1377 poculo
1256 1309 1517 1379 lacrymis
1542 1316 1848 1375 temperato
1878 1308 2089 1374 (evenit

498 1425 513 1455 (
538 1405 648 1458 nim
686 1414 747 1456 ut
772 1413 890 1457 tum
924 1403 1164 1472 phialam
1208 1401 1261 1454 in
1298 1400 1554 1455 manibus
1587 1397 1846 1466 teneret),
1876 1398 2004 1451 urbi
2036 1397 2088 1449 ei

504 1496 924 1551 reconciliatum
975 1510 1097 1549 esse
1144 1494 1398 1549 fuerunt.
1434 1492 1574 1547 Tum
1604 1507 1738 1545 vero
1773 1489 1941 1545 rebus
1966 1506 2088 1543 om-

501 1590 668 1643 nibus
718 1588 912 1652 vigens
945 1588 1257 1643 Antiochia:
1298 1587 1458 1641 divus
1502 1601 1727 1655 quoque
1753 1584 2087 1656 Chrysosto-

503 1696 646 1747 mus,
672 1682 933 1751 episcopo
962 1682 1016 1735 in
1051 1680 1330 1751 legatione
1364 1693 1594 1749 peregre
1620 1679 1875 1747 profecto
1906 1692 2086 1746 popu-

502 1773 616 1825 lum
678 1772 874 1827 sedulo
926 1770 1294 1826 concionibus
1354 1778 1441 1825 est
1493 1773 1839 1824 consolatus.
1895 1768 2087 1838 Magna

2195 567 2399 633 Ἔτυχε
2426 564 2533 630 γὰρ
2569 561 2769 631 φιάλην
2797 558 3105 627 τηνικαῦτα
3144 557 3412 635 κατέχων.
3444 556 3577 608 Τότε
3606 555 3649 607 δ’
3684 556 3768 621 ἐφ’

2188 658 2395 711 ἅπασιν
2447 654 2716 723 ἀκμάζων
2761 654 2904 705 κατὰ
2945 652 3046 721 τὴν
3090 651 3365 719 Ἀντιόχου
3417 648 3512 702 καὶ
3556 651 3584 701 ὁ
3632 648 3768 712 Θεῖος

2188 748 2602 818 Χρυσόστομος,
2644 748 2738 799 τοῦ
2790 747 3055 815 ίεράρχου
3091 742 3376 811 ἀποδήμου
3402 745 3467 811 τῇ
3505 742 3771 811 πρεσϐείᾳ

2189 844 2577 912 τυγχάνοντος,
2610 840 2788 907 λόγοις
2817 828 3177 908 παραμυθίας
3209 836 3300 889 τδν
3331 833 3503 900 δῆμον
3531 838 3771 903 κατεῖχεο

2190 936 2366 996 Πολὺς
2398 937 2508 1003 γὰρ
2541 930 2610 1005 ἦν
2660 935 2779 992 ταῖ,
2812 930 3195 991 διδασκαλίαις
3243 929 3403 998 ῥέων.
3444 928 3551 979 Καὶ
3580 930 3636 979 ἐν
3663 926 3773 978 δέει

2188 1032 2250 1083 τὸ
2310 1028 2519 1097 πλῆθος
2558 1027 2729 1097 όρῶν,
2780 1025 2878 1079 ἆτε
2931 1025 2994 1093 δὴ
3055 1023 3383 1091 προφάσεως
3421 1020 3772 1089 εἰλημμένος,

2193 1122 2329 1187 πρὸς
2358 1122 2627 1189 εὐθυμίαν
2667 1121 2762 1172 καὶ
2792 1119 2996 1185 ἀρετὴν
3029 1115 3357 1184 ἁνηρέθιζεν
3381 1128 3394 1143 ·
3424 1114 3608 1181 ἡρέμα
3655 1129 3774 1173 πως

2191 1216 2286 1268 καὶ
2318 1215 2411 1267 τὸν
2446 1214 2655 1265 ἄνακτα
2699 1210 3003 1278 ἐγκωμίοις
3056 1209 3436 1276 καταστέφων,
3469 1208 3567 1258 ὅσα
3619 1204 3778 1256 σϐεν-

2190 1306 2340 1358 νύειν
2373 1305 2474 1374 μὲν
2498 1300 2640 1357 οἶδεν
2667 1303 2861 1373 ὀργὴν,
2898 1297 3082 1357 οἶκτον
3133 1300 3189 1352 δὲ
3229 1301 3323 1353 καὶ
3358 1297 3773 1368 φιλανθρωπίαν

2194 1399 2431 1467 μάλιστα
2460 1397 2801 1460 ἐπεισάγειν.
2831 1392 3029 1446 Πολλοὶ
3056 1391 3101 1444 δ’
3131 1391 3269 1443 εἰσὶν
3301 1388 3395 1452 οὓς
3421 1389 3552 1459 περὶ
3579 1389 3773 1441 τούτου

2189 1491 2385 1557 λόγους
2452 1486 2786 1552 συνέταξεν,
2861 1481 3254 1550 Ἀνδριάνττις
3324 1482 3534 1543 ἐπιθεὶς
3592 1481 3772 1542 αὐτοῖς

2189 1579 2384 1649 ὄνομα.
2417 1579 2590 1645 Λόγος
2619 1593 2684 1645 γε
2720 1573 2827 1645 μὴν
2872 1573 2983 1643 ἔχει
3019 1576 3164 1626 κατὰ
3191 1572 3289 1640 τὴν
3337 1565 3514 1625 νύκτα]
3557 1570 3674 1641 μεθ’
3707 1572 3773 1640 ἣν

2192 1670 2419 1740 ἔμελλεν
2469 1669 2688 1740 ἡμέρας
2744 1667 3050 1736 γενομένης
3104 1663 3401 1734 κινηθῆναι
3431 1662 3531 1733 τὴν
3560 1663 3769 1725 στάσιν,

2192 1762 2413 1816 εἴδωλον
2467 1764 2524 1814 ὲν
2564 1760 2857 1829 γυναικείῳ
2888 1758 3122 1827 όφοῆναι
3178 1758 3423 1826 σχήματι
3478 1757 3772 1825 μετάρσιον

502 1867 648 1918 enim
691 1874 812 1919 erat
836 1865 1089 1919 doctrina
1118 1864 1260 1934 ejus.
1290 1862 1473 1932 Atque
1505 1862 1574 1928 is,
1626 1861 1774 1930 quod
1829 1836 2083 1915 multitu-

2191 1858 2273 1916 εὶς
2304 1854 2441 1921 ἀέρα
2468 1853 2614 1916 θέον,
2650 1851 2875 1921 μεγέθει
2906 1850 3008 1920 μὲν
3059 1849 3338 1920 μέγιστον,
3371 1847 3547 1901 δεινὸν
3577 1849 3633 1900 δὲ
3677 1846 3772 1916 τὴν

501 1957 689 2011 dinem
718 1966 945 2025 propter
965 1970 1188 2009 causam
1224 1963 1431 2008 tantam
1457 1952 1515 2007 in
1539 1960 1687 2005 metu
1707 1965 1828 2006 esse
1853 1950 2082 2012 videret,

503 2049 570 2102 ad
606 2048 776 2102 animi
826 2063 950 2102 eam
996 2046 1461 2116 tranquillitatem
1491 2052 1546 2099 et
1577 2046 1841 2097 virtutem
1877 2040 2089 2095 exvita-

502 2141 613 2194 bat.
690 2139 907 2194 Sensim
975 2139 1143 2193 etiam
1200 2136 1628 2207 quodammodo
1697 2136 2086 2204 imperatorem

498 2232 758 2286 laudibus
780 2215 863 2285 eis
887 2245 1184 2295 exornans,
1205 2245 1342 2299 quas
1365 2228 1432 2282 ad
1456 2227 1593 2281 iram
1622 2226 1846 2296 quidem
1868 2226 2086 2279 exstin-

497 2325 797 2393 guendam,
844 2327 910 2378 ad
969 2323 1405 2394 placabilitatem
1440 2330 1623 2375 autem
1670 2329 1729 2373 ct
1772 2318 2088 2373 misericor-

497 2416 646 2470 diam
680 2416 1078 2479 inducendam,
1106 2415 1429 2472 commodas
1463 2429 1586 2469 esse
1618 2413 1852 2469 sciebat.
1905 2410 2087 2465 Multae

498 2520 630 2563 sunt
655 2512 795 2579 ejus,
823 2525 964 2578 quas
1003 2508 1109 2562 hoc
1142 2516 1471 2579 argumento
1504 2505 1842 2575 composuit,
1875 2503 2087 2558 oratio-

496 2618 600 2657 nes
633 2616 771 2671 quas
804 2601 1153 2671 ἀνδριάντας,
1199 2600 1305 2654 hoc
1349 2606 1454 2665 est,
1505 2607 1737 2662 statuas,
1771 2595 2079 2666 inscripsit.

502 2694 669 2748 Fama
707 2692 836 2759 fert,
868 2710 933 2749 ea
980 2702 1167 2756 nocte,
1201 2708 1324 2760 qua:
1350 2693 1496 2746 diem
1524 2704 1637 2760 quo
1667 2690 1941 2743 tumultus
1980 2705 2083 2760 po-

498 2788 709 2855 pularis
752 2796 1066 2842 commotus
1091 2797 1197 2849 est,
1242 2784 1549 2855 praacessit,
1600 2784 1964 2839 snnulacrum
1998 2783 2085 2836 fe-

2191 1946 2338 2015 ὃψιν,
2365 1945 2439 2007 ὡς
2467 1945 2561 1996 καὶ
2587 1944 2753 2011 φόϐον
2788 1942 3044 2011 ἐμποιεῖν
3085 1938 3301 1992 ίκανόν⁶
3337 1938 3365 1990 ὃ
3408 1938 3642 2007 διαέριον
3671 1938 3772 1989 ἀνὰ

2192 2038 2295 2099 τὰς
2324 2035 2521 2105 ἀγυιὰς
2551 2035 2650 2105 τῆς
2682 2034 2892 2096 πόλεως
2911 2034 3131 2106 τρέχον,
3163 2031 3391 2100 μάστιγί
3412 2048 3520 2084 τινι
3555 2030 3774 2099 δυσὴχῳ

2194 2131 2286 2184 τὸν
2315 2130 2455 2194 ἀέρα
2483 2128 2717 2181 ὲκλόνει.
2751 2122 2861 2178 Ἦν
2886 2125 2930 2178 δ’
2964 2128 2994 2179 ὁ
3016 2122 3169 2196 ἦχος,
3197 2119 3308 2189 οἷος
3340 2124 3405 2178 ἄν
3435 2139 3520 2184 τις
3563 2124 3641 2184 εἰς
3680 2122 3776 2172 θυ-

2201 2225 2300 2293 μὸν
2336 2220 2777 2289 προσκαλέσαιτο
2815 2219 3010 2289 Οῆρας,
3068 2218 3201 2288 περὶ
3250 2218 3318 2271 τὰ
3372 2214 3598 2269 τοιαῦτα
3645 2215 3775 2266 θέαν

2186 2315 2618 2386 διαπονούμενος
2643 2332 2658 2347 ο
2692 2315 2760 2368 δι’
2792 2310 2867 2367 ὧν
2923 2315 3125 2380 ἔδοξεν,
3156 2313 3232 2376 ὡς
3279 2312 3490 2382 δαίμων
3518 2328 3601 2372 τις
3650 2310 3778 2362 ἁλά-

2189 2428 2339 2481 στωρ
2374 2410 2434 2473 ἐξ
2458 2408 2759 2477 ἐπιϐουλῆς
2786 2407 2885 2478 τὴν
2917 2409 3106 2460 στάσιν
3137 2407 3383 2475 ὴρέοισε.
3431 2404 3602 2468 Πολὺς
3625 2403 3669 2456 δ’
3708 2405 3773 2456 αν

2186 2507 2285 2558 καὶ
2312 2503 2472 2573 φόνος
2511 2503 2709 2574 ἐρρύη,
2747 2504 2795 2555 εί
2827 2503 2906 2571 μὴ
2934 2502 3097 2572 τάχος
3124 2501 3249 2553 ὅσον
3280 2502 3308 2552 ὁ
3345 2498 3603 2567 βασιλεὺς
3642 2497 3774 2564 Ἀμ-

2188 2597 2410 2669 ϐροσὶου
2441 2596 2607 2649 εἴκων
2636 2600 2754 2657 ταῖς
2777 2597 3159 2665 παραινέσεσι,
3188 2591 3403 2647 διέλυσε
3434 2592 3534 2662 τὴν
3562 2591 3732 2659 ὀργήν
3752 2602 3769 2616 ⁸

2187 2690 2264 2753 ὡς
2287 2691 2545 2743 πλεῖστον
2571 2689 2848 2753 αἰδεσθεὶς
2883 2691 2988 2742 ὑπὸ
3013 2690 3111 2759 τῆς
3146 2687 3286 2757 ἄγαν
3337 2686 3646 2748 εὐσεϐείας,
3681 2699 3774 2736 και

2187 2783 2289 2854 τὴν
2323 2783 2605 2853 ἱερατικὴν
2637 2784 2848 2836 ἱκεσίαν
2873 2782 3197 2836 Φλαϐιανοῦ.

498 2882 664 2936 minae
715 2882 910 2936 habitu
944 2882 1123 2937 visum
1165 2897 1291 2937 esse
1324 2881 1567 2935 sublime
1608 2879 1666 2935 in
1744 2894 1873 2935 aere
1944 2891 2159 2945 errare,
2201 2878 2584 2949 magnitudine
2627 2878 2859 2953 ingenti,
2912 2886 2970 2933 et
3018 2887 3248 2949 aspectu
3301 2881 3443 2935 adeo
3494 2877 3655 2943 truci,
3711 2880 3773 2931 ut

496 2982 787 3035 horrorem
816 2982 1051 3034 multum
1084 2979 1470 3046 spectantibus
1504 2978 1752 3034 aﬂerret.
1778 2977 1837 3032 ld
1869 2978 1923 3031 in
1956 2992 2084 3032 aere
2125 2990 2226 3047 per
2296 2977 2452 3031 urbis
2526 2977 2740 3053 plateas
2766 2990 3022 3042 currens,
3055 2976 3270 3047 ﬂagello
3295 2979 3536 3049 graviter
3558 2976 3768 3033 sonanti

499 3095 683 3134 aerem
713 3078 1147 3135 diverberabat:
1184 3080 1330 3133 unde
1358 3079 1580 3134 sonitus
1603 3077 1833 3149 prodiit,
1868 3077 2090 3147 qualem
2132 3074 2298 3129 edere
2366 3083 2800 3139 consueverunt,
2857 3089 2986 3128 cum
3019 3074 3086 3128 ad
3114 3075 3252 3128 iram
3285 3084 3341 3131 et
3362 3077 3604 3134 furorem
3631 3081 3771 3134 leras

498 3178 815 3243 concitant,
860 3178 956 3249 qui
1008 3193 1199 3232 earum
1246 3178 1564 3250 spectacula
1612 3177 1807 3233 edunt.
1883 3175 2125 3231 Proinde
2167 3174 2356 3245 Opinio
2404 3173 2533 3239 fuit,
2587 3170 2915 3242 pestiferum
3000 3171 3239 3241 aliquem
3283 3173 3585 3229 daamonem
3633 3173 3773 3230 sedi-

497 3273 705 3327 tionem
733 3288 855 3327 eam
889 3272 1154 3329 insidiose
1203 3275 1598 3329 commovisse.
1642 3272 1812 3328 Multa
1840 3286 1973 3326 vero
2010 3271 2086 3326 ibi
2127 3284 2351 3339 quoque
2415 3270 2595 3325 caedes
2635 3277 2786 3324 esset
2850 3277 3100 3337 peracta,
3147 3268 3255 3324 nisi
3306 3268 3606 3339 imperator
3643 3271 3771 3324 Am-

458 3424 469 3427 -
495 3364 667 3419 ln-osii
688 3365 1171 3420 cohortationibus
1195 3366 1857 3437 cedens,quamprimum
1907 3366 2047 3420 iram
2083 3364 2380 3418 frenasset.
2407 3362 2574 3434 326
2596 3362 2902 3418 Plurimum
2931 3362 3022 3417 ille
3041 3360 3212 3416 etiam
3234 3372 3463 3432 propter
3505 3364 3769 3434 insignem

494 3461 758 3531 pietatem
789 3463 1163 3533 episcopalem
1194 3464 1660 3533 supplicationem
1688 3460 1939 3517 Flaviani
1964 3472 2052 3517 est
2094 3462 2390 3517 reveritus.

1064 3605 1295 3662 CAPUT
1337 3604 1530 3661 XLIV.

494 3720 576 3775 De
610 3722 992 3776 Macedoniam
1033 3720 1329 3775 clarissimo
1361 3722 1617 3774 monacho
1640 3737 1660 3775 :
1695 3736 1818 3789 qua:
1854 3721 2086 3790 impera-

571 3794 675 3846 tori
729 3792 1014 3845 Theodosio
1054 3808 1149 3861 per
1184 3792 1300 3861 ejus
1330 3792 1486 3845 duces
1523 3792 1587 3845 de
1611 3803 1913 3846 statuarum
1941 3807 2086 3844 ever-

567 3868 714 3918 sione
742 3862 1086 3917 nuntiaverit.
1907 3894 1939 3903 ..

567 4044 707 4101 Cum
744 4044 1093 4101 Antiochiam
1126 4046 1205 4101 illi
1239 4033 1646 4120 pervenissent,
1680 4048 1775 4118 qui
1805 4050 1875 4103 ab
1908 4051 2084 4120 impe-

496 4147 687 4192 ratore
731 4153 799 4192 eo
828 4138 894 4192 ad
928 4138 1191 4208 injuriam
1224 4113 1617 4195 vindicandam
1652 4141 1805 4199 missi
1838 4142 2081 4201 fuerant.

499 4229 814 4285 Elebechus
849 4232 1115 4301 magister
1144 4232 1413 4298 militum,
1436 4242 1493 4288 et
1523 4232 1799 4290 Caesarius
1825 4233 2082 4305 Gregorii

492 4323 689 4388 frater,
741 4326 837 4396 qui
893 4336 1007 4379 tum
1050 4327 1298 4396 magistri
1348 4335 1679 4401 potestatem
1714 4329 1771 4383 in
1809 4328 2080 4398 imperiali

491 4417 618 4471 aula
650 4415 979 4483 obtinebat;
1025 4417 1083 4472 in
1115 4428 1265 4473 metu
1294 4417 1453 4473 fuere
1495 4419 1645 4474 cives
1675 4435 1873 4476 omnes
1914 4420 2082 4476 minis

492 4511 769 4574 exterriti,
798 4519 857 4566 et
880 4510 1136 4566 inducias
1167 4526 1266 4581 per
1293 4508 1676 4566 internuntios
1728 4521 1784 4568 et
1830 4526 2083 4568 oratores

490 4618 625 4659 suos
653 4604 722 4658 ab
750 4605 835 4659 eis
868 4606 1103 4675 petiere.
1150 4604 1406 4660 Monachi
1437 4620 1678 4676 namque
1712 4608 1808 4677 qui
1845 4608 1900 4662 in
1934 4623 2083 4661 sum-

492 4699 600 4752 mis
626 4696 910 4752 montibus
938 4697 1218 4768 degebant
1248 4698 1427 4769 (multi
1455 4710 1635 4754 autem
1671 4711 1785 4754 tum
1814 4702 2080 4756 virtutem

492 4802 548 4846 et
579 4791 839 4861 pietatem
894 4800 1225 4845 exercentes
1273 4792 1504 4847 miritice
1559 4792 1884 4861 ﬂorebant),
1920 4802 2085 4865 tugu-

493 4884 652 4937 riolis
676 4882 793 4936 suis
819 4882 1052 4949 relictis,
1080 4882 1134 4936 in
1163 4883 1361 4937 urbem
1387 4895 1684 4951 venerunt,
1712 4887 2081 4956 plurimisque

2773 3597 3025 3653 ΚΕΦΔΛ.
3060 3598 3193 3654 MA'.

2192 3715 2331 3787 Περ]
2371 3712 2749 3787 Μακεδονίᾳ)
2789 3713 2917 3787 ’τοῦ
2943 3713 3298 3787 περιϐοήτου
3352 3716 3423 3771 ἐν
3443 3715 3733 3787 μοναχοῖς
3755 3735 3770 3750 ο

2264 3732 2331 3782 ερι
2371 3732 2749 3768 πακεοονιου
2803 3732 2911 3768 του
2943 3732 3018 3767 πε
3057 3732 3298 3781 ιοοητου
3352 3732 3423 3771 εν
3443 3733 3733 3787 μοναχοις
3755 3735 3770 3750 ο

2264 3782 2359 3839 οἶα
2384 3783 2644 3864 ﬂuente?
2661 3784 2966 3864 ρερδοσίῳ
2989 3732 3095 3864 ῥέίὰ
3112 3786 3235 3864 fdi!
3254 3787 3489 3864 οζκείων
3511 3789 3649 3857 ἐμή)
3665 3801 3774 3864 uas

2267 3854 2624 3925 στρατηγῶν
2660 3853 2759 3907 διὰ
2786 3855 2902 3923 τὴν
2939 3854 3061 3908 τῶν
3092 3856 3469 3924 ἀνδριάντων
3507 3853 3774 3926 κάθαιρε·

2262 3945 2386 3983 σιν.

2262 4042 2386 4097 Τῶν
2412 4042 2456 4096 δ’
2488 4044 2552 4095 ὲκ
2586 4042 2852 4113 βασιλέως
2905 4041 3214 4096 σταλέντων
3254 4043 3395 4096 κατὰ
3440 4044 3539 4116 τὴν
3576 4046 3774 4098 Ἀντιό-

2188 4155 2289 4208 χου
2346 4134 2911 4206 γεγενημένων,ὦστε
2945 4135 3107 4205 δίκην
3134 4136 3327 4191 λαϐεῖν
3381 4138 3481 4209 τῆς
3531 4137 3772 4211 ὕϐρεως·

2187 4229 2257 4303 ἦν
2310 4233 2356 4287 δ’
2403 4231 2702 4304 Ἐλέϐηχος
2747 4235 2775 4285 ὀ
2839 4233 3169 4303 στρατηγὸς,
3233 4235 3331 4287 καὶ
3390 4235 3713 4305 Καισάριος,
3747 4235 3775 4286 ό

2189 4325 2500 4397 Γρηγορίου
2540 4326 2641 4396 μὲν
2691 4322 2946 4393 ἁδελφὸς,
2995 4327 3189 4395 ἡγεῖτο
3219 4325 3277 4379 δὲ
3316 4326 3619 4395 τηνικαῦτα
3665 4328 3771 4382 τῶν

2191 4418 2485 4490 βασιλείων
2517 4417 2619 4489 τὴν
2651 4417 2956 4489 μάγιστρον
2996 4419 3255 4489 χειρίζων
3291 4421 3502 4492 ἀρχὴν⁸
3548 4424 3629 4484 είς
3656 4421 3770 4482 δέος

2191 4510 2294 4582 μὲν
2317 4511 2521 4574 πάντες
2551 4509 2885 4564 καθίσταντο
2913 4513 3012 4575 τὰς
3038 4511 3271 4576 ἀπειλὰς
3297 4514 3647 4584 πεφρικότες,
3677 4515 3770 4568 καὶ

2187 4604 2482 4677 ἀνακωχὴν
2514 4608 2582 4677 τῇ
2626 4605 2895 4677 πρεσϐείᾳ
2941 4606 3127 4678 ⁴ρξτουν.
3165 4608 3234 4662 ΟΖ
3275 4625 3338 4678 γε
3380 4610 3486 4679 μὴν
3514 4609 3582 4661 τὰ
3627 4608 3771 4679 ἄκρα

2190 4699 2301 4752 τῶν
2336 4699 2509 4769 ὀρέων
2559 4699 2977 4772 κατειληφότες,
3010 4700 3199 4754 πολλοὶ
3226 4700 3284 4754 δὲ
3339 4701 3643 4772 τηνικαῦτα
3678 4700 3770 4768 ην-

2189 4794 2318 4846 θουν
2384 4794 2555 4862 ἀρετῇ
2619 4791 2919 4860 ὑπερφυῶς
2983 4790 3321 4856 ἀσκοῦντες,
3378 4795 3475 4853 τὰς
3531 4789 3772 4851 καλύϐας

2189 4885 2447 4955 ἀφέντες,
2479 4884 2572 4936 ἐπὶ⁸
2602 4884 2699 4951 τὴν
2733 4883 2890 4937 πόλιν
2918 4877 3073 4954 ἧκον.
3122 4883 3484 4952 Παραινέσεις
3513 4882 3570 4936 δὲ
3626 4881 3770 4934 πλεί·

495 4975 982 5031 cohortationibus
1042 4977 1213 5031 simul
1283 4988 1337 5031 et
1390 4977 1885 5048 deprecationibus
1948 4995 2077 5033 cum

2190 4995 2339 5042 στας,
2383 4979 2484 5031 οὐκ
2517 4976 2775 5039 ἐλάττους
2809 4977 2866 5029 δὲ
2914 4978 3010 5030 καὶ
3064 4977 3277 5039 ἱκεσίας
3332 4978 3610 5047 προσῆγον
3664 4976 3773 5029 τοῖς

494 5070 633 5126 viris
668 5070 750 5125 eis
799 5080 1060 5140 egerunt.
1097 5070 1345 5138 Quorum
1379 5087 1522 5127 unus
1552 5080 1673 5125 erat
1714 5071 2076 5127 Macedonius

496 5163 743 5229 nomine,
776 5163 904 5219 vita:
953 5163 1135 5219 civilis
1169 5179 1402 5234 prorsus
1448 5165 1761 5233 imperitus,
1795 5176 1851 5218 et
1898 5179 2079 5233 neque

427 5244 439 5273 ⁴
497 5262 674 5319 sacris
707 5254 955 5321 Litteris,
991 5272 1173 5327 neque
1209 5258 1402 5325 primis
1429 5258 1741 5311 litterarum
1789 5257 2085 5311 elementis

496 5352 772 5416 initiatus,
830 5353 924 5407 sed
972 5367 1143 5421 puras
1190 5350 1282 5405 die
1322 5360 1598 5419 nocteque
1644 5366 1841 5420 preces
1895 5363 2079 5403 rerum

497 5443 881 5498 universarum
934 5444 1047 5498 Deo
1082 5443 1285 5497 olferre
1337 5442 1558 5504 doctus,
1604 5448 1771 5510 atque
1815 5441 1869 5494 in
1920 5455 2083 5493 mon-

500 5538 636 5591 tium
675 5538 1065 5593 cacuminibus
1115 5538 1308 5591 vivere
1357 5536 1577 5591 solitus.
1609 5533 1748 5590 Tum
1791 5549 1920 5589 vero
1953 5548 2081 5588 cum

498 5630 730 5698 reliquis
766 5630 1157 5695 descenderat,
1188 5644 1251 5683 ac
1274 5645 1453 5699 neque
1488 5629 1847 5699 imperatoris
1879 5629 2082 5687 minas.

497 5735 675 5788 neque
706 5740 897 5777 eorum
930 5723 1025 5794 qui
1059 5725 1128 5776 ab
1181 5723 1277 5777 illo
1321 5723 1480 5777 missi
1518 5723 1762 5788 fuerant,
1808 5731 2081 5777 terrorem

501 5825 792 5880 reputans,
847 5816 900 5869 in
962 5817 1140 5869 media
1200 5815 1337 5869 urbe
1389 5816 1616 5871 alterius
1677 5814 2079 5884 comprehensa

2192 5072 2451 5140 ἀνδράσιν
2488 5072 2722 5133 ἐκείνοις
2748 5086 2761 5099 '
2794 5064 2870 5123 ὧν
2911 5064 3012 5133 εἷς,
3058 5069 3397 5132 Μακεδόνιος
3444 5071 3639 5138 ὄνομα,
3675 5083 3750 5138 μη

2192 5161 2280 5214 δέν
2312 5179 2365 5214 τι
2398 5160 2508 5214 τῶν
2532 5163 2673 5214 κατὰ
2701 5161 2791 5214 τὸν
2813 5161 2928 5232 βίον
2958 5164 3347 5231 ἐπιστάμενος,
3378 5163 3471 5215 καὶ
3492 5161 3599 5215 τῶν
3616 5161 3771 5214 Θείωι

2192 5255 2249 5308 δὲ
2288 5256 2506 5323 λογίων,
2545 5256 2680 5309 ἀλλὰ
2723 5256 2819 5309 καὶ
2876 5256 3228 5326 γραμμάτων
3281 5255 3529 5327 ἀμύητος
3556 5269 3572 5287 ⁸
3613 5255 3770 5324 εὐχᾶς

2192 5366 2256 5418 γε
2292 5350 2399 5418 μὴν
2438 5350 2655 5420 νύκτωρ
2698 5352 2791 5402 καὶ
2843 5351 2965 5419 μεθ’
2995 5350 3209 5419 ἡμέραν
3249 5349 3503 5419 καθαρὰς
3556 5349 3631 5419 τῷ
3665 5349 3770 5401 τῶν

2192 5441 2330 5495 ὅλων
2358 5443 2515 5503 εξδ’,ς
2568 5443 2907 5510 προσφέρειν
2942 5440 3086 5511 Θεῷ,
3128 5444 3251 5504 ταῖς
3286 5442 3618 5512 ὑπερϐολαῖς
3663 5441 3772 5494 τῶν

2192 5535 2364 5604 ὀρέων
2391 5536 2605 5587 δίαιταν
2652 5533 2813 5601 ἔχων.
2853 5534 2987 5587 Τότε
3036 5534 3082 5587 δ’
3130 5535 3223 5589 οὖν
3265 5537 3362 5590 σὺν
3412 5537 3521 5598 τοῖς
3566 5536 3770 5596 λοιποῖς

2194 5628 2423 5692 κατιὼν,
2462 5630 2556 5680 καὶ
2590 5629 2730 5697 μήτε
2773 5628 2873 5699 τὴν
2903 5628 3196 5701 βασιλικὴν
3236 5631 3467 5702 ἀπειλὴν
3492 5633 3548 5684 ὲν
3585 5629 3659 5700 νῷ
3690 5629 3771 5683 θέ-

2196 5740 2375 5792 μενος,
2410 5721 2528 5775 ἀλλ’
2564 5723 2683 5775 οὐδὲ
2744 5724 2856 5775 τῶν
2888 5725 3318 5792 ἀπεσταλμένων
3361 5727 3420 5780 τὸ
3459 5726 3596 5788 δέος,
3632 5725 3770 5778 κατὰ

2194 5816 2369 5885 μέσην
2398 5814 2499 5885 τὴν
2550 5818 2708 5871 πόλιν
2737 5815 2968 5887 θατέρου
3013 5818 3115 5889 τῆς
3164 5818 3411 5891 χλανίδος
3447 5817 3763 5889 λαϐόμ;νος,
