4062 6460
317 359 426 417 eos
1267 343 1868 410 ECCLESIASTlC/E
1912 335 2297 400 lllS'l‘tlltlJi
2335 338 2400 395 ιλ
2421 337 2474 392 ιι,
2522 303 2655 392 Fili.
3473 325 3578 382 906

323 467 416 519 καὶ
448 467 616 532 ἄμφω
659 461 978 516 ἀποϐαίνειν
1022 461 1300 513 ἐκέλευεν.
1338 461 1402 512 Ol
1431 459 1486 511 δὲ
1517 457 1693 528 βραχύ
1723 475 1776 509 τι
1807 471 1900 520 γε-
1933 501 1934 508 η

2041 467 2180 516 oste,
2218 463 2291 504 ιιι*
2314 463 2515 517 imque
2554 461 2622 500 ex
2654 461 2800 513 equo
2827 439 3162 498 descendere
3190 439 3376 511 jussit.
3409 438 3476 492 Et
3505 437 3581 490 illi

325 531 538 626 ρόντιον
569 552 880 622 βλέποντες,
909 549 1155 619 δυστυχῆ
1193 549 1364 618 ῥάκια
1409 544 1903 615 περιϐεϐλημένον,

2045 546 2150 599 xile
2189 540 2536 598 silicernium
2572 535 2772 606 pannis
2806 533 3011 588 vilibus
3057 531 3321 587 amictqu
3354 545 3588 585 centena

324 647 546 719 πρῶτον
577 643 676 716 μὲν
716 643 946 715 ἤχθοντο
969 659 982 674 ·
1020 643 1140 696 ἐπεὶ
1168 641 1226 695 δέ
1250 657 1398 703 τινες
1431 639 1532 710 τὴν
1553 639 1758 708 ἀρετὴν
1780 637 1908 704 ὲσή-

329 757 506 812 μηναν
542 737 637 791 τοῦ
665 736 882 806 ἀνδρὸς,
915 735 1078 795 εὐθὺς
1111 735 1220 788 τῶν
1263 734 1452 788 ἵππων
1479 733 1910 801 καταπηδήσαν-

325 849 441 896 τες,
471 831 566 884 καὶ
596 831 713 892 τοῖς
737 828 870 882 ποσὶ
895 828 991 880 τοῦ
1019 829 1278 898 γέροντος
1305 827 1534 890 ἑαυτοὺς
1581 823 1911 899 ἑπιῤῥὶψαν-

329 941 446 991 τες,
472 924 690 992 ἀγνοεῖν
715 921 866 983 ὅστις
909 923 1018 989 εἰη,
1053 919 1410 973 διετείνοντο⁴
1445 920 1536 972 καὶ
1575 901 1912 988 συγγνώμης

335 1021 521 1088 τυχεῖν
547 1015 725 1070 ἱκέται
752 1009 916 1084 ἦσαν.
949 1014 1008 1066 'U
1025 1013 1080 1068 δὲ
1101 1014 1252 1076 θείας
1267 1012 1488 1084 χάριτος
1515 1011 1732 1082 πλήρης
1754 1012 1914 1080 γενό-

345 1127 529 1180 μενος,
561 1107 786 1163 τοιαῦτα
815 1107 951 1178 πρὸς
981 1105 1176 1168 αὐτοὺς
1207 1103 1578 1174 ἀνεφθέγξατο
1599 1119 1617 1136 ο
1661 1121 1680 1156 ι
1711 1104 1913 1172 Δέομαι

342 1205 467 1257 τάδε
521 1201 731 1272 βασιλεῖ
781 1200 1049 1260 ἀνειπεῖν,
1084 1197 1215 1265 φίλα
1275 1197 1440 1250 τέκνα
1465 1211 1478 1226 ⁸
1515 1197 1727 1268 Κριὼν,
1765 1197 1916 1267 βασι.

342 1295 458 1359 λεῦ,
498 1292 900 1364 ἐκλογίζεσθαι.
933 1291 1008 1354 ὡς
1037 1291 1096 1344 οὐ
1131 1290 1390 1362 βασιλεὺς
1421 1291 1602 1360 μόνος,
1632 1291 1768 1344 ἀλλὰ
1822 1292 1916 1344 καὶ

341 1385 630 1456 ἄνθρωπος
657 1379 709 1436 εἴ
734 1400 748 1414 ·
781 1383 857 1452 μὴ
896 1381 1075 1434 τοίνυν
1108 1381 1248 1452 πρὸς
1284 1381 1375 1434 τὸν
1401 1381 1502 1452 τῆς
1538 1383 1714 1452 ἀρχῆς
1751 1381 1916 1448 ὄγκον

341 1480 468 1549 ὅρα,
505 1477 644 1531 ἀλλὰ
691 1477 788 1531 καὶ
821 1475 957 1545 πρὸς
992 1474 1092 1546 τὴν
1148 1473 1315 1544 φύσιν
1369 1472 1560 1544 αὐτήν.
1593 1471 1919 1544 Ἀνθρωπος

343 1575 453 1642 γὰρ
479 1569 577 1634 ὣν,
605 1568 914 1638 ἀνθρώπων
945 1566 1137 1638 ἄρχειν
1165 1565 1399 1636 ἐτάχθης
1423 1578 1439 1598 ⁸
1473 1561 1524 1619 οἳ
1551 1567 1634 1620 σοὶ
1663 1567 1921 1634 ὁμοφυεῖς

347 1665 442 1718 καὶ
470 1663 754 1733 ὁμόδουλοι
807 1661 980 1724 ὅντες,
1018 1659 1143 1714 κατ’
1175 1660 1363 1713 εἰκόνα
1397 1658 1551 1712 θείαν
1584 1660 1648 1710 ὲν
1697 1658 1795 1729 τῆς
1825 1658 1921 1728 δη-

351 1751 643 1822 μιουργίας
666 1749 1013 1819 τετίμηνται.
1047 1747 1244 1802 Τοίνυν
1301 1749 1376 1819 μὴ
1420 1745 1596 1810 οὕτως
1649 1747 1922 1817 ἀλογίστῳ

350 1843 546 1912 θράσει
579 1839 722 1894 κατὰ
764 1839 864 1910 τῆς
892 1837 1044 1904 θείας
1077 1839 1286 1902 είκόνος
1341 1839 1624 1910 χωρήσῃς.
1673 1838 1778 1892 Τὸν
1812 1838 1924 1906 γὰρ

351 1934 448 2005 τῆς
482 1933 688 1996 εἰκόνος
725 1929 1048 2000 παροξύνεις
1081 1933 1378 2001 Δεσπότην,
1412 1934 1536 1996 τοὺς
1571 1931 1692 1984 κατ’
1739 1931 1923 1984 εἰκόνα

352 2027 628 2100 ἡρημένος
680 2024 954 2089 κολάζειν.
988 2023 1234 2076 Συνιδεῖν
1284 2024 1392 2094 γὰρ
1448 2025 1694 2092 ἄμεινον,
1739 2023 1816 2087 ὡς
1857 2024 1922 2076 σὺ

355 2119 565 2191 χαλκῆς
611 2117 818 2178 εἰκόνος
849 2101 1194 2186 χαλεπαίνων
1241 2115 1320 2186 τῷ
1360 2116 1579 2188 πλήθει,
1615 2115 1764 2170 δεινὰ
1797 2117 1930 2186 δρᾶ-

359 2230 448 2266 σαι
479 2209 730 2273 διανοεῖς.
763 2191 927 2264 Ὅσον
955 2209 1000 2262 δ’
1024 2209 1187 2262 εἰκὼν
1221 2208 1466 2278 ἔμψυχος
1495 2207 1706 2279 ἀψύχου
1733 2208 1926 2276 διαφέ-

361 2319 439 2374 ρει
467 2301 692 2364 εἰκόνος,
724 2299 778 2352 τί
805 2301 910 2370 χρὴ
942 2299 1036 2350 καὶ
1081 2297 1296 2364 Myer);
1331 2297 1492 2368 δῆλον
1537 2299 1647 2368 γὰρ
1688 2295 1802 2362 τοῖς
1836 2299 1932 2352 καὶ

365 2392 588 2462 μέτριον
619 2390 861 2460 εἰληχόσι
917 2387 1010 2442 τὸν
1057 2387 1204 2446 νοῦν.
1244 2383 1366 2442 Ἐπὶ
1401 2389 1458 2443 δὲ
1489 2388 1665 2463 τούτῳ
1708 2391 1932 2444 κάκεῖνο

365 2483 755 2552 ἐκλογιζέσθω,
801 2484 878 2547 ὡς
928 2483 992 2536 ὲκ
1039 2483 1132 2536 τοῦ
1188 2483 1388 2555 ῥᾴστου
1448 2481 1580 2554 ἡμῖν
1629 2475 1829 2548 πολλὰς
1870 2487 1934 2538 ἐκ

371 2577 569 2647 χαλκοῦ
623 2575 1030 2646 δημιουργῆσαι
1067 2577 1307 2642 εἰκόνας,
1365 2576 1488 2628 ἀντὶ
1540 2578 1670 2646 μιᾶς
1718 2576 1936 2646 ἐκείνης

367 2673 435 2739 ἢν
475 2671 746 2740 ἀλογίστῳ
777 2670 969 2739 θράσει
1027 2671 1356 2740 μαινόμενος
1396 2669 1570 2742 δῆμος
1619 2669 1934 2725 διέσπασεν.

377 2761 605 2831 Ἱέκείνῳ
633 2761 688 2815 δὲ
719 2762 954 2830 πάμπαν
981 2759 1286 2832 ἀμήχανον,
1307 2761 1408 2817 κᾶν
1431 2764 1485 2816 εἰ
1508 2781 1564 2818 τι
1591 2759 1724 2834 δρᾷν
1748 2763 1940 2836 ἐθελή-

371 2863 475 2916 σοι,
511 2852 639 2922 μίαν
657 2849 790 2920 γοῦν
815 2853 976 2923 τρίχα
997 2851 1104 2904 τῶν
1121 2853 1484 2926 ἀνῃρημένων
1499 2854 1880 2927 δημιουργεῖν.
1913 2873 1934 2909 ι

375 2944 444 2996 Ἀ
472 2943 538 3014 δὴ
569 2944 703 3014 πρὸς
733 2943 828 2996 τοῦ
866 2937 1032 3010 σοφοῦ
1059 2944 1270 2998 ἐκείνου
1303 2945 1694 3011 διακούσαντες
1743 2948 1938 3020 γέρον-

369 3054 484 3099 τος,
512 3034 588 3100 ὡς
620 3035 837 3106 ἀφελῶς
867 3031 1037 3098 οὕτως
1068 3038 1304 3108 εἰρήκει,
1333 3039 1414 3108 τῷ
1446 3039 1660 3110 βασιλεῖ
1688 3041 1942 3110 διαγγέλ-

2013 651 2118 699 tes.
2153 635 2392 706 primum
2442 631 2671 686 moleste
2703 628 2756 683 id
2799 628 3014 682 tulere:
3045 625 3245 680 deinde
3285 639 3316 679 a
3359 625 3588 694 quibus-

2011 729 2138 784 dam
2171 726 2239 781 de
2269 725 2476 779 virtute
2522 719 2766 776 hominis
2800 717 3072 773 certiores
3105 714 3258 778 facti,
3293 713 3585 768 confestim

1965 835 1968 839 '
2013 837 2079 876 ex
2129 818 2287 889 equis
2319 815 2620 880 desiluere,
2677 821 2735 869 et
2768 813 2834 866 ad
2883 811 3048 882 pedes
3084 809 3233 866 seuis
3285 807 3586 879 provoluti.

2015 928 2128 968 non
2163 910 2384 966 novisse
2416 915 2477 965 se
2527 917 2654 963 etim
2689 905 3056 967 aliirmarunt,
3095 903 3427 972 veniamque
3470 913 3594 972 pre-

2017 1005 2179 1060 cibus
2227 1002 2296 1057 ab
2347 1007 2416 1056 eo
2458 998 2830 1070 postularunt.
2879 997 2975 1052 llle
3009 1011 3143 1050 vero
3190 994 3380 1049 divina
3417 994 3592 1063 gratia

2019 1097 2286 1164 repletus,
2325 1092 2479 1146 hisce
2508 1092 2574 1145 ad
2631 1105 2726 1144 eos
2755 1089 2940 1144 verbis
2971 1099 3056 1144 est
3086 1103 3218 1143 usus
3249 1106 3260 1141 :
3297 1107 3315 1138 ι
3349 1073 3416 1142 Ut
3441 1103 3596 1141 man-

2019 1189 2144 1243 data
2185 1187 2300 1240 haec
2349 1185 2413 1238 ad
2449 1185 2836 1254 imperatorem
2893 1180 3174 1245 referatis,
3227 1180 3418 1236 dilecti
3473 1179 3590 1238 lilii.

2020 1298 2142 1337 oro.
2173 1281 2486 1336 Meminisse
2521 1283 2658 1342 te,'o
2697 1275 3026 1348 imperator,
3081 1285 3320 1346 oportet.
3365 1289 3474 1330 non
3507 1291 3597 1328 so-

2023 1377 2132 1431 ldm
2171 1373 2499 1444 principem,
2533 1361 2696 1444 327
2737 1368 2831 1425 sed
2865 1368 3145 1422 hominem
3179 1367 3344 1421 etiam
3377 1349 3428 1422 te
3451 1382 3592 1421 esse.

2025 1468 2260 1524 Proinde
2310 1482 2422 1521 non
2484 1468 2550 1520 ad
2613 1463 2834 1534 imperii
2898 1471 3112 1517 tantum
3174 1461 3597 1533 amplitudinem

2025 1563 2262 1632 rrspice,
2305 1558 2402 1616 sed
2457 1569 2712 1612 naturam
2771 1571 2992 1626 quoque
3050 1557 3226 1626 ipsam
3283 1552 3600 1608 considera.

2022 1656 2160 1711 Cum
2213 1653 2360 1708 enim
2424 1653 2591 1707 homo
2647 1651 2744 1715 sis,
2795 1649 3085 1704 hominum
3149 1648 3246 1702 tibi
3307 1647 3600 1718 imperium

2027 1748 2387 1803 commissum
2443 1757 2569 1801 est:
2605 1744 2698 1814 qui
2753 1759 2878 1798 cum
2933 1741 3185 1814 ejusdem
3239 1751 3422 1797 tecum
3475 1749 3606 1794 sunt

2028 1842 2217 1904 sortis,
2245 1849 2300 1896 et
2327 1839 2581 1895 conservi
2605 1839 2744 1894 adeo
2775 1837 2877 1903 tui,
2923 1848 3040 1892 tum
3069 1837 3139 1892 ab
3170 1835 3286 1906 ipsa
3317 1835 3604 1890 creatione

2030 1935 2268 2005 imagine
2299 1935 2398 1989 Dei
2427 1932 2771 1989 cohonesrati
2821 1939 2971 1988 sunt.
3005 1929 3194 2000 Itaque
3240 1945 3308 1984 ne
3341 1937 3452 1982 tam
3495 1943 3602 1980 ve—

2029 2027 2163 2080 s‘ana
2187 2023 2418 2080 audacia
2441 2023 2705 2079 adversus
2729 2021 2968 2077 divinam
2993 2021 3286 2091 imaginem
3309 2023 3598 2092 grasseris,

2033 2117 2179 2172 vide.
2216 2108 2474 2187 lmaginis
2502 2110 2974 2180 enimDominum
3003 2113 3068 2168 ad
3104 2115 3240 2169 iram
3273 2113 3602 2177 concitabis,

2031 2211 2075 2262 si
2111 2209 2165 2262 in
2192 2224 2287 2264 eos
2315 2199 2410 2279 qui
2441 2209 2733 2278 imaginem
2765 2207 2912 2263 illius
2951 2215 3174 2276 gerunt.
3207 2206 3424 2260 saevias.
3459 2205 3598 2258 Tum

2032 2306 2217 2352 autem
2256 2294 2390 2352 illud
2426 2299 2593 2351 etiam
2630 2307 2682 2353 te
2729 2290 3004 2368 dispicere
3043 2298 3224 2363 decet,
3275 2307 3327 2354 te
3376 2308 3605 2370 propter

2035 2403 2233 2443 aeream
2273 2387 2570 2458 imaginem
2603 2388 2943 2442 multitudini
2981 2388 3280 2451 inlensutn,
3307 2389 3608 2444 crudeliter

2038 2485 2092 2536 in
2132 2497 2253 2537 eam
2289 2482 2732 2537 animadvertere
2777 2482 2936 2536 velle.
2968 2481 3185 2549 Quanto
3217 2493 3400 2536 autem
3432 2485 3611 2554 imago

2037 2577 2281 2630 animata
2312 2574 2628 2629 inanimatae
2662 2584 2908 2644 praestet,
2939 2575 3072 2644 quid
3112 2576 3296 2630 dicere
3325 2591 3464 2647 opus
3489 2577 3612 2630 est?

2039 2664 2177 2722 Nam
2221 2665 2276 2720 id
2317 2665 2400 2722 eis
2457 2667 2647 2732 etiam,
2704 2666 2798 2736 qui
2832 2667 2916 2722 vel
2972 2668 3308 2722 mediocrem
3361 2669 3614 2724 obtinent

2041 2767 2310 2823 mentem,
2337 2768 2573 2814 constat.
2608 2757 2746 2812 Illud
2781 2769 3045 2829 praeterea
3076 2759 3162 2836 lae
3189 2759 3422 2830 cogites,
3450 2761 3612 2815 nobis

2042 2849 2268 2920 quidem
2301 2849 2562 2920 perfacile
2593 2864 2738 2914 esse,
2773 2851 2960 2918 plures
3003 2866 3065 2905 ex
3098 2866 3210 2906 tere
3241 2850 3426 2905 facere
3476 2851 3616 2906 ima-

2042 2947 2198 3018 gines
2231 2959 2332 3015 pro
2359 2957 2468 2998 una
2491 2941 2608 3006 illa,
2641 2957 2806 3014 quam
2843 2943 3063 2998 vecordi
3092 2946 3401 3001 temeritate
3423 2947 3613 3001 insana

2045 3036 2201 3107 plebs
2245 3028 2574 3090 comminuit
2618 3050 2632 3088 :
2680 3043 2733 3087 te
2781 3042 2964 3086 autem
3013 3049 3358 3104 nequaquam
3404 3037 3618 3093 emam

370 3127 562 3178 λουσιο
614 3125 712 3180 καὶ
767 3125 874 3178 οὐκ
913 3125 1178 3196 ἐλάχιστα
1226 3129 1292 3197 τῇ
1335 3127 1640 3182 Φλαϐιανοῦ
1675 3133 1934 3200 πρεσϐείᾳ

2048 3143 2248 3201 posse,
2296 3125 2658 3196 quantumvis
2711 3124 3052 3190 contendas,
3111 3139 3171 3183 ut
3219 3131 3304 3185 vel
3357 3135 3614 3204 capillum

373 3220 700 3289 συνήραντο,
735 3218 878 3272 ὥστε
925 3219 1021 3272 τοῦ
1069 3217 1244 3288 θυμοῦ
1283 3220 1361 3292 τῷ
1410 3220 1627 3292 βασιλεῖ
1673 3225 1944 3278 κατασϐέ-

375 3327 468 3390 σαι
493 3313 591 3380 τὴν
618 3311 813 3380 φλόγα.
844 3313 953 3366 Καὶ
987 3314 1097 3383 γὰρ
1121 3314 1178 3376 ἐς
1203 3303 1431 3383 ὕστερον
1459 3315 1622 3382 ἀφεὶς
1641 3314 1741 3385 τὴν
1771 3314 1943 3386 ὀργὴν

376 3405 589 3466 καὶτὰς
611 3404 866 3467 ἀπειλὰς,
898 3407 1086 3476 κοινὴν
1115 3405 1414 3474 ἀπολογίαν
1441 3405 1520 3476 τῷ
1549 3405 1748 3476 πλήθει
1773 3407 1944 3476 ἐγρα-

376 3513 468 3564 φε,
502 3497 564 3550 τὸ
593 3497 846 3566 ἔγκλημα
879 3497 1180 3566 συγχωρῶν
1205 3513 1219 3527 ·
1253 3497 1312 3552 ἐν
1403 3498 1621 3568 καὶτῆς
1646 3497 1819 3568 ὀργῆς
1848 3498 1946 3568 τὴν

376 3583 559 3638 αἰτίαν
587 3583 850 3650 ἐδήλωσε.
882 3583 1098 3654 Διεξῄει
1120 3583 1242 3655 ’γὰρ
1285 3584 1384 3638 σὺν
1417 3584 1598 3648 ἄλλοις
1629 3586 1724 3639 καὶ
1763 3585 1946 3651 τοῦτο,

374 3674 452 3738 ὡς
479 3693 498 3727 ι
527 3674 644 3728 Οὐκ
669 3675 856 3746 ἐχρῆν,
886 3675 1022 3746 ἐμοῦ
1076 3673 1206 3740 ἴσως
1255 3675 1678 3748 ἐξαμαρτόντος,
1713 3681 1950 3747 γυναῖκα

377 3767 564 3837 πάσης
587 3766 790 3837 ἀρετῆς
819 3769 916 3822 καὶ
950 3769 1223 3841 εὐφημίας
1253 3770 1432 3836 ἀξίαν,
1465 3770 1560 3824 καὶ
1604 3771 1778 3824 ταῦτα
1809 3774 1951 3841 μετά

377 3860 480 3932 τὴν
509 3859 718 3914 ὲνθένδε
766 3861 1118 3932 ἀπαλλαγὴν,
1163 3860 1439 3931 τοσαύτην
1482 3862 1788 3932 ὑποστῆναι
1852 3865 1951 3934 τὴν

382 3950 694 4020 παροινίαν.
723 3951 784 4004 Εἰ
811 3953 918 4024 γὰρ
942 3953 1126 4023 ἐχρῆν,
1160 3953 1283 4006 κατ’
1311 3954 1444 4024 ἐμοῦ
1479 3954 1616 4018 τέως
1645 3956 1774 4016 ἔδει,
1792 3957 1950 4026 φησι,

380 4043 460 4114 τῷ
487 4043 646 4115 θυμῷ
676 4046 1010 4116 χρήσασθαι.
1053 4063 1072 4096 r
1113 4047 1432 4116 Προσετίθει
1485 4049 1542 4100 δὲ
1572 4048 1646 4118 τῷ
1679 4050 1843 4113 τέλει,
1879 4051 1952 4114 ὼς

382 4139 480 4193 καὶ
527 4140 734 4209 σφόδρα
763 4137 1014 4208 χαλεπῶς
1043 4139 1280 4210 διετέθη,
1317 4141 1426 4192 τῶν
1458 4157 1612 4206 τινας
1663 4119 1955 4211 ἐπισήμων

381 4233 451 4302 τῇ
477 4223 630 4282 πόλει
659 4231 810 4298 παρὰ
849 4228 947 4300 τὴν
976 4229 1186 4283 ἐκείνου
1221 4231 1448 4301 γνώμην
1479 4232 1790 4303 ἀνῃρῆσθαι
1815 4237 1956 4305 ἀκη-

385 4321 548 4384 κοώς.
587 4319 760 4374 Τοῦτο
784 4320 936 4384 τέλος
979 4319 1106 4391 ἔσχε
1149 4320 1249 4374 καὶ
1290 4323 1324 4392 ἡ
1371 4323 1513 4376 κατὰ
1539 4325 1638 4394 τὴν
1683 4324 1956 4396 Ἀντιόχου

2049 3237 2218 3278 unum
2273 3233 2468 3275 eorum
2499 3218 2594 3290 qui
2633 3219 2758 3274 caesi
2790 3219 2920 3286 sint,
2952 3235 3140 3274 creare
3179 3224 3384 3280 valeas.
3427 3245 3443 3278 ι
3493 3229 3620 3286 llaec

2049 3319 2128 3375 illi
2160 3333 2191 3373 a
2221 3332 2354 3372 sene
2385 3315 2638 3386 sapiente
2662 3313 2872 3380 audita,
2907 3314 3071 3369 sicuti
3113 3315 3442 3385 simpliciter
3469 3321 3616 3376 dicta

2047 3419 2231 3480 erant,
2288 3409 2362 3465 ita
2424 3407 2744 3478 imperatori
2794 3408 3204 3464 renuntiarunt.
3256 3411 3378 3468 Non
3420 3429 3618 3485 parum

2049 3504 2244 3570 etiam,
2279 3501 2444 3557 sicuti
2479 3501 2613 3567 dixi,
2643 3500 2892 3556 Flaviani
2919 3501 3122 3571 legatio
3155 3503 3264 3560 illis
3289 3507 3522 3575 proluit.
3561 3525 3624 3564 ut

2053 3597 2150 3650 ira:
2192 3595 2410 3650 ﬂamma
2455 3593 2510 3647 in
2543 3592 2878 3662 imperatore
2911 3595 3386 3664 cxstingueretur.
3428 3601 3622 3657 Postea

2055 3701 2292 3756 namque
2330 3686 2413 3738 ira
2459 3693 2516 3739 et
2545 3685 2712 3740 minis
2744 3685 2989 3752 omissis,
3025 3702 3374 3745 communem
3415 3697 3622 3763 pepqu

2054 3781 2282 3851 scripsit
2314 3780 2717 3846 defensionem,
2768 3779 2980 3836 crimen
3035 3781 3116 3837 illi
3170 3785 3512 3855 condonans,
3571 3792 3623 3844 in

2055 3892 2164 3946 qua
2193 3875 2291 3930 irae
2313 3875 2480 3930 etiam
2511 3889 2736 3930 causam
2769 3877 3046 3945 exposuit.
3085 3877 3236 3934 Inter
3261 3881 3369 3935 alia
3393 3885 3541 3938 enim
3571 3897 3628 3941 et

2058 3969 2193 4026 illud
2229 3966 2685 4022 commemoravit
2717 3983 2732 4019 :
2771 3985 2790 4019 ι
2828 3967 3058 4024 Etiamsi
3109 3985 3212 4041 ego
3263 3971 3407 4029 forte
3463 3977 3626 4046 quid-

2057 4078 2221 4131 quam
2273 4060 2650 4129 deliquissem,
2709 4059 2936 4115 minime
2993 4071 3176 4119 tamen
3235 4073 3624 4126 contumeliam

2061 4163 2294 4218 tantam,
2337 4155 2620 4207 mulierem
2667 4153 2846 4207 omnis
2897 4153 3118 4212 virtutis
3161 4159 3328 4214 laude
3381 4163 3627 4234 dignam,

2061 4247 2226 4315 idque
2254 4259 2378 4300 cum
2405 4245 2520 4316 jam
2547 4243 2638 4298 illa
2666 4259 2733 4298 ex
2763 4245 2863 4300 hac
2899 4247 3011 4300 vita
3047 4248 3316 4319 migrarit,
3351 4257 3629 4316 sustinere

2060 4325 2287 4396 decuit:
2321 4354 2386 4394 ac
2419 4338 2464 4392 si
2497 4337 2630 4409 quid
2680 4337 2883 4394 factum
2927 4343 3199 4412 Oportuit,
3235 4345 3506 4404 adversus
3541 4367 3628 4407 me

387 4416 577 4477 στάσις
607 4412 976 4482 ἐπιγενομένη
1022 4412 1100 4484 τῷ
1130 4414 1436 4484 ἀνδριάντι.
1472 4418 1582 4470 Καί
1631 4434 1696 4485 γε
1748 4421 1934 4488 ταύτηε

2065 4427 2248 4482 lurore
2301 4423 2380 4482 uti
2423 4427 2807 4483 conveniebat.
2841 4449 2858 4482 ι
2889 4429 2968 4485 Ad
3003 4431 3164 4487 linem
3201 4451 3424 4512 quoque
3457 4457 3631 4510 appo-

385 4505 686 4575 διεξῆλθον,
715 4507 840 4560 ὅσον
864 4505 1074 4576 ὤνησεν
1099 4506 1476 4578 όἈ-μϐροσίου
1503 4509 1686 4580 νόμος,
1717 4511 1954 4576 δεικνὺς,

387 4603 486 4671 τήν
511 4617 570 4654 τε
607 4599 920 4672 παρρησίαν
946 4598 1041 4654 τοῦ
1084 4601 1292 4668 ἀσόφου
1323 4601 1580 4672 γέροντος
1627 4605 1702 4674 μὴ
1753 4623 1957 4671 συγκα-

389 4691 554 4760 λύψαι
601 4692 692 4744 τὸν
723 4693 920 4763 χρόνον
938 4692 1284 4761 πειρώμενος
1311 4710 1326 4726 ο
1379 4695 1603 4762 προσέτι
1647 4694 1705 4748 δὲ
1749 4697 1962 4760 δεικνὺς

2067 4517 2225 4572 suit:
2265 4517 2602 4573 Gravissime
2646 4534 2705 4573 se
2761 4521 2980 4588 tulisse,
3033 4525 3180 4594 quod
3213 4531 3507 4598 praeclaros
3531 4535 3636 4588 ali.

2065 4619 2202 4680 quot
2235 4612 2288 4665 in
2335 4625 2398 4664 ea
2437 4611 2572 4664 urbe
2619 4609 2790 4678 viros,
2824 4627 3030 4685 prattcr
3074 4623 3404 4676 sententiam
3453 4639 3633 4693 suam,

2069 4701 2432 4774 interemptos
2471 4715 2596 4760 esse
2663 4705 2990 4764 audivisset.
3055 4710 3207 4766 llune
3249 4712 3412 4769 linem
3446 4717 3639 4774 habuit

395 4787 490 4838 καὶ
516 4789 617 4856 τὴν
663 4785 758 4838 τοῦ
792 4785 1058 4856 βασιλέως
1099 4789 1327 4858 περὶτὰ
1361 4788 1480 4841 θεῖα
1521 4789 1831 4852 εὐλάϐειαν,
1870 4809 1934 4842 κα

2067 4795 2270 4851 seditio
2297 4810 2500 4852 contra
2523 4805 2763 4854 statuam
2803 4799 3112 4857 Antiochiae
3143 4807 3640 4880 concitata.Atque

391 4875 488 4929 τοῦ
535 4876 680 4931 θείου
717 4873 1022 4932 Φλαϐιανοῦ
1065 4879 1166 4948 τὴν
1215 4880 1626 4950 ποιμαντικήνο
1672 4881 1821 4942 ὅπως
1867 4882 1932 4950 τῇ

2070 4885 2186 4942 haec
2216 4887 2408 4953 retuli,
2447 4899 2507 4943 ut
2541 4901 2810 4959 quantum
2845 4893 3121 4952 Ambrosii
3154 4899 3243 4953 lex
3282 4873 3640 4960 emolumenti

394 4970 632 5040 ποίμνης
678 4969 1115 5039 ὑπεριστάμενος
1151 4967 1342 5034 δεξιῶς
1386 4969 1484 5041 τὴν
1521 4969 1816 5041 πρεσϐείαν
1863 4989 1964 5040 με·

393 5059 579 5127 τὴλθε,
603 5061 702 5131 τὴν
731 5063 796 5114 ὲκ
838 5059 1102 5130 βασιλέως
1133 5060 1299 5125 λύσας
1326 5061 1522 5132 ὀργήν.

2071 4980 2354 5044 attulerit,
2387 4982 2733 5038 ostenderem
2764 4999 2778 5038 :
2809 4996 2864 5040 et
2911 4987 3128 5042 dicendi
3164 4991 3476 5049 libertatem
3503 4995 3640 5050 iusi-
3689 5042 3696 5049 .

2069 5069 2273 5138 pientis
2305 5072 2452 5128 illius
2496 5075 2666 5140 senis,
2706 5079 2774 5132 ab
2810 5079 3088 5135 oblivione
3139 5093 3194 5136 et
3241 5093 3554 5154 temporum
3594 5093 3643 5142 vi

396 5151 1043 5224 vindicaremzdenique
1094 5165 1155 5208 ut
1194 5155 1542 5226 imperatoris
1579 5156 1632 5212 in
1707 5157 1872 5212 rebus
1909 5155 2114 5214 divinis
2173 5163 2518 5233 religionem,
2581 5177 2696 5222 tum
2739 5179 2920 5224 autem
2949 5174 3280 5241 pastoralem
3345 5151 3458 5232 divi
3519 5180 3642 5235 Fla-

397 5247 546 5302 viani
585 5265 802 5316 curam,
863 5263 924 5308 ut
970 5252 1226 5307 videlicet
1257 5253 1349 5307 ille
1398 5267 1498 5322 pro
1524 5268 1686 5324 grege
1717 5271 1869 5318 ,suo,
1907 5256 1993 5307 cui
2068 5263 2336 5346 praeluit,‘
2371 5263 2650 5326 laborans,
2697 5266 3031 5336 legationem
3088 5281 3234 5327 recte
3291 5273 3530 5342 obterit,
3587 5285 3644 5330 et

393 5346 664 5414 principis
695 5347 828 5400 iram
862 5349 1114 5419 sopierit,
1147 5350 1470 5408 indicarem.

649 5877 921 5938 PATROL.
953 5876 1069 5936 Gn.
1104 5866 1346 5936 CXLV!

3593 5423 3613 5450 /

3127 5886 3252 5950 ‘29
