4062 6484
320 433 426 497 909
1245 426 1845 491 ECCLESlAbTiCE
1887 427 1934 483 Ii

2039 424 2203 482 [‘OIll
2236 425 2276 480 Ε
2315 422 2460 482 LiB.
2495 420 2634 480 Χῐῐ.
3481 408 3582 472 9ζο

323 538 476 627 μενοὶ
528 553 643 616 τοῖς
688 547 926 614 Σκύθαις
970 548 1157 613 κακῶς
1212 549 1524 619 ἔπραττον
1575 547 1738 617 φύσει
1787 545 1935 613 γὰρ.

2042 556 2188 606 eque
2227 539 2428 604 ipsum,
2495 542 2679 609 neque’
2718 536 2970 594 comites.
3025 545 3189 601 atque
3234 530 3373 585 adeo
3411 543 3583 597 equos

317 621 461 719 ἦσαν
490 641 785 714 θηριώδεις
819 641 916 694 καὶ
942 639 1251 711 βάρϐαρον
1290 637 1454 709 τέχνῃ
1489 637 1553 708 δή
1586 653 1698 689 τινι
1721 636 1784 688 ὲκ
1806 633 1902 688 τοῦ

2039 631 2203 685 nibus
2258 631 2628 695 vehebantur,
2687 626 2991 697 conspicati
3024 667 3038 685 ,
3097 623 3470 695 praeterirent.
3519 621 3585 674 Et

322 738 462 806 ἄγαν
497 734 694 807 ἀγρίου
727 733 809 796 είς
841 732 1162 803 ἡμερότητα
1194 729 1450 795 καθίστα,
1481 730 1678 784 ὲστιῶν
1703 745 1764 782 τε
1809 728 1906 781 καὶ

320 832 519 899 δώροις
571 827 1097 896 φιλοφρονούμενος,
1148 824 1247 878 καὶ
1301 822 1482 891 λόγοις
1536 820 1812 876 ἐπιεικέσι
1845 819 1905 872 τδ

327 920 591 993 θηριῶδες
648 919 878 972 ἐκείνων
956 916 1468 988 ὲκμειλισσόμενος.
1525 914 1636 967 Kal.
1701 911 1764 980 δή
1822 930 1906 973 τις

329 1013 560 1068 ἐκείνων
613 1005 694 1072 οἷς
755 1009 1051 1082 ἔπραττεν,
1104 1007 1341 1077 εὔπορον
1391 1001 1535 1060 εἶναι
1588 1003 1905 1063 ὑπολαϐὼν,

330 1104 613 1166 ἐπίϐουλος
665 1100 861 1171 ἐκείνῳ
908 1099 1228 1163 καθίστατο,
1273 1098 1366 1152 καὶ
1420 1098 1562 1151 ἑλεῖν
1608 1096 1701 1150 τὸν
1759 1096 1907 1146 ὅσιον

331 1198 609 1267 ἐπειρᾶτο.
626 1196 830 1268 Βρόχον
853 1186 909 1247 δὲ
933 1189 1392 1263 παρασκευάσας,
1425 1189 1575 1253 ἐπεὶ,
1600 1191 1673 1271 ὡς
1701 1186 1904 1248 εἰώθει,

331 1290 674 1359 ἐρειδόμενος
724 1287 912 1341 ἀσπίδι
961 1287 1077 1348 τοῖς
1129 1283 1396 1349 ἐναντίοις
1424 1284 1691 1350 Θεότιμος
1738 1280 1909 1332 διελέ-

331 1398 482 1450 γετο,
546 1378 800 1449 ἀνασχὼν
838 1378 1044 1438 ἐκεῖνος
1100 1373 1201 1445 τὴν
1245 1375 1440 1443 χεῖρα.
1491 1370 1800 1433 ἀκοντίζειν
1851 1368 1910 1420 τὸ

334 1469 566 1540 σχοινίον
609 1467 868 1537 ἔμελλενο
902 1464 980 1528 ὡς
1010 1466 1146 1532 πρὸς
1177 1462 1354 1531 ἑαυτῴ
1384 1461 1480 1514 καὶ
1523 1461 1583 1512 τὸ
1626 1461 1910 1529 σύμπνουν

332 1563 527 1631 ἐκείνῳ
555 1558 801 1614 ἐλκύσων
836 1556 1024 1626 φῦλον.
1054 1557 1208 1624 "Attat
1253 1556 1311 1609 δὲ
1339 1556 1404 1624 τῇ
1437 1555 1784 1625 ἐπιχειρήσει
1819 1552 1913 1601 καὶ

335 1655 369 1722 ἠ
395 1652 519 1722 χεὶρ
549 1650 694 1705 οὕτω
725 1655 803 1713 είς
836 1651 975 1720 ἀέρα
1020 1650 1364 1718 ἐκτεταμένη
1399 1647 1639 1717 διέμεινε
1662 1662 1676 1677 ο
1726 1648 1819 1697 καὶ
1845 1644 1908 1698 οὐ

336 1740 603 1811 πρότερον
626 1738 735 1791 τῶν
766 1739 1014 1811 ἀοράτων
1045 1737 1247 1808 ἀφείθη
1290 1736 1531 1806 δεσμῶν,
1558 1735 1664 1796 ἕως
1693 1732 1753 1785 οὖ
1784 1731 1915 1784 Θεό-

336 1849 498 1903 τιμον
524 1829 830 1903 λιπαρῆσαι
860 1830 920 1883 τὸ
960 1830 1137 1894 Θεῖον,
1182 1829 1413 1884 πλείστα
1442 1828 1552 1880 τῶν
1591 1826 1767 1881 ἀλλων
1803 1826 1914 1877 ίκε-

338 1928 651 1980 τευσάντων
705 1923 1021 1995 βαρϐάρων.
1059 1923 1234 1990 Λόγος
1264 1938 1328 1989 γε
1365 1923 1474 1990 μὴν
1509 1920 1623 1989 ἔχει
1665 1917 1916 1987 κομήτην

342 2017 400 2082 ἐξ
431 2016 608 2088 ἀρχῆς
630 2015 780 2078 ὅντα,
806 2015 899 2083 ἀφ’
924 2009 984 2067 οὗ
1013 2014 1088 2085 τῷ
1114 2014 1426 2082 φιλοσοφεῖν
1458 2011 1746 2073 ἐπέϐαλεν,
1773 2008 1916 2063 οὕτω

295 2144 303 2151 -
340 2109 613 2179 διαμεῖναι
669 2107 764 2161 καὶ
830 2108 885 2169 ἐς
914 2149 917 2153 μ
945 2106 1098 2168 τέλος
1121 2119 1135 2133 ·
1186 2100 1327 2157 εἶναι
1378 2104 1436 2156 δὲ
1487 2102 1582 2155 καὶ
1612 2101 1712 2170 τὴν
1746 2100 1917 2165 ἄλλην

339 2202 551 2255 δίαιταν
604 2199 756 2270 αὐτῷ
790 2199 945 2267 λιτὴν
981 2199 1145 2252 πάνυ.
1181 2199 1402 2268 Τροφῆς
1437 2197 1495 2250 δὲ
1538 2197 1635 2267 οὐχ
1678 2195 1776 2248 ἕνα
1801 2194 1918 2265 ᾔδει

342 2292 567 2363 καιρόν·
602 2292 863 2362 διάφορος
894 2291 939 2342 δ’
995 2286 1063 2360 ἦν
1087 2307 1102 2323 ο
1131 2289 1362 2362 ὡρίζετο
1394 2290 1503 2358 γὰρ
1550 2286 1765 2354 τοῦτον,
1791 2286 1915 2339 ὁπό-

342 2400 442 2438 ταν
465 2384 644 2436 πεινοϊ
671 2382 703 2452 ἢ
728 2382 892 2450 διψοί.
928 2383 1039 2436 Καὶ
1057 2381 1166 2452 γὰρ
1185 2382 1306 2444 ταῖς
1335 2380 1617 2450 ἀληθείαις
1646 2380 1920 2433 καὶτοῦτο

347 2475 643 2545 φιλόσοφον
663 2471 755 2546 ἦν,
780 2473 995 2536 τούτοις
1019 2474 1098 2545 μὴ
1122 2474 1258 2544 πρὸς
1283 2475 1590 2545 ῥᾳστώνην,
1619 2471 1755 2525 ἀλλὰ
1786 2473 1923 2542 πρδς

351 2566 539 2635 χρείαν
573 2567 767 2620 εῐκειν.

2007 742 2134 780 cum
2207 725 2309 789 illi,
2370 734 2562 795 utpote
2606 724 2701 793 qui
2768 721 2988 794 plurimi
3023 727 3230 778 essent,
3265 718 3319 771 in
3356 715 3588 785 Scythas

2005 821 2271 887 impetum
2324 818 2595 874 facientes
2631 818 2831 871 damna
2875 807 3398 881 inferrent‘(natura
3438 809 3587 863 enim

2005 910 2108 966 feri
2165 920 2223 965 et
2274 910 2495 966 barbari
2546 911 2752 978 erant),
2800 918 2917 977 arte
2969 907 3231 977 quadam,
3273 920 3335 956 ex
3386 899 3587 972 agresti

2004 1005 2304 1058 admodum
2354 1017 2509 1057 more
2553 1002 2620 1057 ad
2657 1002 3096 1057 mansuetiorem
3142 999 3313 1054 vitam
3351 1011 3449 1052 eos
3483 1005 3592 1050 tra-

2009 1092 2192 1157 duxit,
2226 1090 2486 1145 convivio
2525 1091 2831 1161 excipiens,
2858 1104 2914 1145 et
2939 1091 3102 1145 donis
3131 1088 3237 1144 sibi
3264 1087 3597 1149 concilians,

2013 1183 2309 1251 verbisque
2340 1182 2771 1236 humanioribus
2826 1180 3058 1235 ferinam
3095 1180 3320 1234 illorum
3357 1175 3594 1232 crudeli-

2014 1284 2182 1330 tatem
2204 1257 2684 1331 demulcensted
2716 1274 2864 1328 enim
2888 1290 2956 1329 cx
2985 1274 3067 1329 eis
3101 1272 3316 1327 llunnis
3345 1269 3595 1340 quidam,

2011 1368 2219 1438 quibus
2258 1367 2580 1437 benigniter
2617 1367 2887 1427 faciebat,
2940 1366 3278 1435 locupletem
3311 1377 3439 1419 eum
3475 1377 3598 1417 esse

2017 1461 2345 1524 arbitratus,
2383 1459 2615 1514 insidias
2656 1460 2865 1513 homini
2898 1467 3094 1514 sancto
3141 1456 3366 1521 struxit,
3398 1464 3454 1509 et
3503 1470 3597 1508 ca-

2017 1567 2148 1623 pere
2176 1567 2304 1606 eum
2352 1551 2665 1606 contendit.
2710 1552 2774 1605 Et
2807 1552 3005 1621 laqueo
3041 1560 3259 1620 parato,
3291 1562 3419 1602 cum
3449 1562 3602 1599 more

2014 1645 2254 1713 quodam
2285 1659 2409 1707 suo,
2452 1645 2649 1715 clypeo
2696 1643 2922 1697 innixus
2958 1642 3276 1696 Theotimus
3310 1640 3377 1693 ad
3415 1639 3603 1692 hostes

2021 1737 2181 1791 verba
2210 1741 2439 1799 faceret,
2480 1750 2642 1788 manu
2677 1734 2769 1789 ille
2792 1736 3009 1795 sublata
3053 1733 3332 1805 conjicere
3370 1733 3426 1785 iu
3474 1746 3603 1784 cum

2021 1830 2207 1884 funem
2245 1827 2445 1891 voluit,
2486 1838 2545 1882 nt
2582 1827 2750 1882 simul
2788 1828 2855 1882 ad
2896 1843 2955 1882 se
2997 1841 3123 1881 cum
3159 1841 3226 1880 eo
3260 1841 3384 1894 qua:
3421 1825 3606 1891 auspi-

2026 1919 2110 1973 ria
2143 1921 2267 1990 ejus
2302 1920 2641 1989 sequebatur
2668 1928 2888 1989 gentem
2925 1918 3292 1988 pertraheret.
3327 1915 3431 1970 Sed
3473 1930 3606 1969 ecce

2028 2029 2133 2066 una
2167 2029 2289 2069 cum
2322 2023 2522 2066 conatu
2566 2026 2765 2066 manus
2799 2011 2919 2082 ejus
2965 2011 3018 2063 in
3052 2023 3180 2063 aere
3226 2017 3449 2063 extenta
3495 2005 3607 2059 hae-

2026 2106 2099 2160 sit
2127 2123 2140 2159 :
2176 2120 2354 2175 neque
2387 2105 2544 2174 prius
2575 2104 2667 2158 illa
2709 2103 2952 2158 vinculis
2991 2102 3198 2157 talibus
3239 2116 3362 2169 qua:
3392 2099 3445 2152 in
3476 2113 3610 2152 cun-

2026 2208 2278 2265 spectum
2322 2214 2431 2251 non
2477 2197 2763 2261 caderent,
2797 2197 3033 2250 liberata
3077 2203 3182 2258 est,
3216 2208 3379 2262 quam
3429 2191 3611 2244 Theu-

2029 2300 2199 2344 tunus
2251 2288 2419 2344 Deum
2464 2305 2565 2361 pro
2608 2304 2677 2344 eo
2719 2298 2976 2345 exoraret
3020 2307 3034 2342 :
3075 2286 3225 2358 quod
3269 2284 3492 2356 quidem
3551 2291 3612 2337 nt

2030 2382 2282 2447 faceret,
2308 2383 2608 2453 plurimum
2652 2397 2777 2437 eum
2817 2381 3015 2451 reliqui
3059 2380 3289 2435 Barbari
3324 2387 3609 2448 rogarunt.

2033 2473 2199 2528 Fama
2239 2490 2464 2544 quoque
2509 2474 2638 2540 fert,
2674 2473 3125 2544 quandoquidem
3154 2482 3430 2538 comatus,
3485 2486 3610 2525 cum

2036 2583 2097 2620 se.
2137 2567 2203 2622 ad
2260 2567 2313 2621 id
2370 2583 2547 2633 genus
2601 2567 2970 2638 philosOpbia:
3024 2566 3369 2627 contulisset,
3410 2563 3613 2625 fuerat,

316 2662 511 2731 .talem
543 2677 670 2716 eum
721 2677 902 2731 usque
938 2662 1006 2717 ad
1041 2662 1162 2716 vita:
1195 2663 1358 2716 linem
1393 2662 1789 2731 permansisse.
1827 2661 2060 2731 Reliqua
2128 2679 2261 2718 vero
2328 2665 2671 2734 quotidiana}
2737 2664 2865 2721 vitae
2902 2663 3246 2719 consuetudo
3283 2661 3333 2717 ei
3386 2663 3617 2732 simplex

350 2756 509 2811 valde
558 2757 685 2811 fuit.
741 2758 1005 2813 Alimenti
1035 2758 1293 2826 capiendi
1346 2772 1454 2811 non
1512 2750 1719 2825 "unum,
1789 2758 1888 2813 sed
1953 2759 2235 2814 diversum
2287 2762 2532 2817 habebat
2573 2772 2827 2831 tempus:
2863 2771 2977 2818 tum
3026 2762 3174 2817 enim
3224 2762 3278 2815 id
3345 2762 3618 2825 sumebat,

349 2869 475 2910 cum
506 2855 766 2919 esurirct,
796 2865 893 2910 aut
927 2855 1131 2911 sitiret.
1160 2855 1295 2910 Nam
1326 2865 1382 2911 et
1414 2855 1520 2911 hoc
1543 2855 1708 2927 plane
1744 2856 2063 2926 philosophi
2132 2865 2239 2917 est,
2310 2861 2479 2915 rebus
2521 2860 2606 2915 his
2657 2858 2725 2913 ad
2773 2867 3160 2915 necessrtatcm
3190 2898 3207 2923 ,
3278 2872 3386 2911 non
3425 2857 3489 2911 ad
3519 2872 3620 2912 vo-

351 2952 615 3023 luptatem
650 2953 780 3008 frui.

925 3074 1175 3129 κΕφΑΑ.
1201 3075 1351 3144 Mq'.

354 3169 490 3236 Περὶ
522 3166 630 3222 τοῦ
659 3167 830 3236 drive
888 3168 1236 3236 Ἑπιςρανιόυ
1296 3167 1406 3220 τοῦ
1437 3165 1777 3236 ἐπισκόπου
1818 3167 1930 3221 Κύ-

425 3233 603 3309 πρου,
625 3233 747 3303 οἷός
770 3235 849 3309 ἦν
873 3254 886 3267 ’
916 3233 1030 3291 καί
1053 3239 1181 3308 περὶ
1208 3237 1329 3290 τῶν
1355 3237 1711 3305 παραδόξων
1741 3235 1932 3306 ἔργων
1957 3236 2000 3292 C

425 3307 638 3363 αὑτοῦ.

440 3424 530 3476 Ἐν
556 3412 733 3493 τούτῳ
761 3422 817 3475 δὲ
846 3422 1000 3493 ῆνθει
1031 3424 1124 3476 καὶ
1169 3422 1493 3493 Ἐπιφάνιος
1522 3425 1550 3475 ὁ
1583 3423 1684 3492 τὴν
1706 3423 1936 3492 Κύπρον

361 3514 671 3586 ἱερατεύειν
696 3513 908 3585 λαχών·
941 3514 1000 3568 ὃν
1026 3514 1087 3568 ού
1143 3517 1303 3585 μόνον
1334 3515 1514 3580 ζῶντα
1547 3516 1818 3585 ἐπίσημον
1859 3516 1937 3577 είς

362 3607 534 3668 ἀκρον
569 3601 741 3656 ἐποίει
765 3603 800 3672 ἡ
827 3603 1003 3674 βιοτὴ,
1047 3605 1184 3659 ἀλλὰ
1224 3609 1318 3659 καὶ
1344 3607 1474 3668 Θεὸς
1507 3605 1681 3675 τιμῶν
1726 3605 1818 3658 τὸν
1851 3606 1940 3659 ἀν·-

363 3697 489 3768 δρα,
520 3695 840 3767 παραδόξων
900 3696 1079 3767 ἔργων
1124 3698 1427 3769 αὐτουργὸν
1460 3697 1688 3762 ἐδείκνυ,
1732 3700 1826 3751 καὶ
1858 3698 1940 3749 ἔτι

366 3791 625 3861 περιόντα
656 3789 753 3842 κα)⁵
798 3790 1229 3859 τελευτήσαντα.
1276 3790 1389 3842 Καὶ
1430 3791 1540 3861 γὰρ
1581 3791 1760 3857 λόγος,
1802 3790 1830 3843 ὃ
1867 3792 1939 3858 μὴ

367 3882 614 3946 περιόντι
655 3880 936 3951 ὑπῆρξεν,
992 3880 1323 3935 ἀποθανόντι
1373 3881 1652 3950 γενέσθαι.
1706 3881 1941 3943 Πολλοὺς

371 3973 480 4045 γὰρ
513 3974 910 4045 δαιμονῶντας,
942 3973 1095 4043 παρά
1120 3974 1211 4028 τὸν
1234 3974 1405 4042 τάφον
1432 3973 1636 4041 ίόντας,
1659 3972 1943 4026 ἀπαλλάτ-

368 4064 562 4119 τεσθαι
594 4064 696 4135 τῆς
729 4065 998 4135 μάστιγος
1025 4080 1038 4094 ’
1069 4066 1166 4119 καὶ
1188 4065 1365 4130 ἰάσεις
1393 4065 1559 4130 ἄλλας
1585 4066 1684 4118 καὶ
1707 4067 1764 4130 ἐς
1785 4065 1943 4135 δεῦρο

368 4158 434 4228 δὴ
487 4157 851 4228 πράττεσθαι.
904 4157 1083 4213 Πολλά
1111 4159 1169 4213 δὲ
1203 4158 1299 4213 καὶ
1325 4159 1711 4226 ζῶντιιίτούτῳ
1739 4159 1945 4230 πρᾶξαι

370 4230 722 4303 ἀνατιθέασιν
753 4249 804 4301 oi
851 4249 1133 4321 ἐγχώριοι.
1169 4249 1314 4320 Ἐγὼ
1355 4251 1412 4304 δὲ
1464 4250 1527 4305 τὸ
1557 4252 1637 4314 είς
1669 4250 1769 4321 ἐμὲ
1812 4247 1947 4324 ἧκον

366 4340 786 4412 ὲκδιηγήσομαι.
816 4335 925 4395 Ἦν
951 4343 1052 4412 μὲν
1076 4341 1185 4412 γὰρ
1226 4341 1576 4413 μεταδοτικὸς
1605 4342 1749 4406 λίαν,
1771 4343 1839 4414 ῆν
1863 4359 1945 4406 τις

368 4431 542 4486 ὶδεῐτο
558 4432 750 4501 πένης,
782 4432 815 4502 ἢ
847 4433 1168 4504 ναυαγίῳ,ἢ
1194 4433 1546 4504 ἀλλοτρόπως
1570 4421 1913 4504 δυστυχήσας
1933 4451 1944 4461 ·

373 4525 448 4588 ὡς
489 4524 547 4579 δὲ
575 4525 673 4594 τὴν
703 4525 914 4579 οἰκείαν
942 4527 1131 4580 οὐσίαν
1176 4525 1349 4581 πάλαι
1377 4527 1658 4581 ἀνάλωσεν
1686 4528 1744 4580 ὲν
1770 4528 1949 4580 socci--

373 4632 489 4678 τοις
516 4617 679 4688 (πόση
715 4619 826 4686 γὰρ
852 4616 917 4672 ἂν
945 4620 1043 4672 καὶ
1065 4613 1194 4690 ἧνςὶ
1217 4621 1333 4683 τοῖς
1366 4619 1466 4689 τῆς
1495 4618 1794 4691 ἐκκλησίας
1820 4622 1953 4691 χρή-

381 4724 546 4774 μασιν
574 4709 876 4779 ἁπεχρῆτο,
905 4715 999 4764 καὶ
1020 4711 1097 4773 είς
1118 4710 1258 4779 δέον,
1284 4710 1346 4766 τὸ
1375 4711 1470 4765 τοῦ
1508 4711 1695 4781 λόγου,
1714 4713 1952 4767 ἐσπάθα.

384 4799 554 4854 nam
589 4801 646 4854 δὲ
669 4797 811 4872 ἦσαν
846 4802 1019 4874 ταύτῃ
1070 4804 1139 4856 τὰ
1173 4805 1444 4875 χρήματα
1466 4821 1479 4835 ο
1515 4802 1599 4870 οἷς
1628 4807 1738 4877 γὰρ
1795 4808 1955 4878 μέλον

378 4892 644 4961 θεοφιλῶς
674 4893 1009 4961 ἀναλίσκειν,
1045 4898 1140 4951 καὶ
1171 4897 1378 4961 ζῶντες
1405 4898 1499 4952 καὶ
1530 4899 1638 4953 τῶν
1669 4894 1769 4954 ὦδε
1793 4902 1960 4954 ἀπσί·

379 5002 590 5056 ροντες,
624 4990 690 5059 τῇ
719 4987 842 5042 κατ’
892 4989 1057 5043 αὑτὸν
1098 4991 1365 5062 ἐκκλησίᾳ
1394 4992 1627 5047 πλεῖστα
1663 4996 1949 5065 παρεῖχον.

379 5079 489 5132 Καὶ
518 5080 629 5150 γὰρ
659 5082 718 5133 ἐν
752 5080 968 5137 ἐλπίσιν
992 5080 1136 5157 ἦσαν
1161 5090 1452 5157 χρησταῖς,
1483 5089 1557 5153 ὡς
1593 5089 1717 5142 λίαν
1750 5091 1961 5144 οίκονο-

384 5172 544 5240 μικδς
573 5175 669 5228 καὶ
699 5174 956 5248 θεοφιλὴς
983 5176 1057 5231 ὢν
1083 5180 1112 5232 ὁ
1150 5182 1314 5251 ἀνὴρ,
1349 5182 1492 5235 κατά
1519 5181 1750 5253 γνώμην
1775 5185 1959 5245 αὐτοῖς

379 5262 630 5335 διαθήσει
662 5267 731 5321 τά
764 5267 1040 5339 δεδομένα.
1077 5273 1186 5325 Καί
1217 5289 1347 5325 ποτε
1388 5276 1626 5343 μετρίων
1653 5278 1961 5331 καταστάν-

380 5373 491 5410 των
520 5360 633 5413 τῶν
661 5363 968 5432 χρημάτων
1000 5367 1066 5435 τῇ
1098 5370 1267 5437 συχνῇ
1316 5367 1622 5436 μεταδόσει,
1656 5369 1960 5440 χαλεπῆναι

380 5447 475 5503 τὸν
505 5451 647 5505 αύτά
708 5454 1056 5525 διανέμοντα,
1090 5459 1186 5511 καὶ
1233 5459 1656 5530 ἐπιμέμψασθαι
1704 5460 1779 5524 ὡς
1824 5462 1964 5528 ἄγαν

383 5540 468 5612 είη
499 5543 814 5617 δαπανηρός
836 5564 851 5578 ο
875 5550 1085 5602 ἐκεῖνον
1115 5550 1180 5603 δὲ.
1206 5552 1328 5623 μηδ’
1360 5553 1502 5606 οὕτω
1529 5571 1581 5606 τι
1616 5552 1961 5622 καθυφεῖναι,

385 5633 690 5707 φιλοτίμως
751 5640 1195 5710 ἐπιχορηγοῦντα
1249 5649 1360 5709 τοῖς
1413 5645 1675 5700 ἐνδεέσιν.
1723 5645 1876 5699 Ἐπεὶ
1919 5646 1964 5698 δ’

382 5724 531 5781 ἅπαν
553 5730 653 5800 ἤδη
682 5731 742 5784 τὸ
774 5735 1001 5803 χρυσίον
1033 5735 1299 5801 ἀνάλωτο,
1331 5740 1573 5809 προσιών
1598 5756 1682 5804 τις
1734 5740 1812 5811 τῷ
1864 5741 1966 5795 δω-

453 5861 529 5933 (1)
569 5863 789 5921 Sozom.
822 5868 958 5924 Eod.
994 5883 1113 5939 cap.
1160 5868 1249 5923 :26.

2494 3071 2659 3144 33o
2698 3070 2923 3129 CAPUT
2966 3070 3155 3128 XLVI.

2042 3165 2114 3220 De
2150 3174 2335 3220 sancto
2358 3164 2659 3232 Epiphanio
2680 3168 2921 3234 epismpo
2951 3165 3135 3237 Cypri,
3149 3167 3323 3232 qualis
3352 3164 3544 3235 fuerit:
3571 3175 3624 3223 et

2421 3238 2483 3289 de
2507 3238 2751 3289 admirati
2761 3239 2838 3289 dis
2850 3241 2962 3304 ejus
2975 3236 3235 3307 operibus.

2042 3472 2045 3477 ,
2113 3416 2249 3471 Tum
2314 3432 2447 3472 vero
2502 3433 2726 3487 quoque
2787 3417 2978 3474 ﬂoruit
3029 3414 3400 3490 Epiphanius,
3459 3419 3623 3492 Cypri

2041 3512 2385 3581 episcopus:
2424 3513 2521 3581 qui
2576 3511 2662 3565 vir
2706 3526 2817 3565 non
2875 3513 3054 3567 solum
3106 3514 3302 3568 vivens
3334 3555 3348 3579 ,
3398 3525 3629 3585 propter

2045 3607 2169 3657 vitae
2213 3604 2568 3660 sanctitatem
2622 3603 2972 3660 clarissimus
2999 3605 3143 3670 fuit;
3191 3607 3285 3662 sed
3317 3621 3445 3662 cum
3483 3609 3629 3663 Deus

2044 3699 2209 3753 etiam
2247 3698 2645 3763 cohonestans,
2681 3697 3046 3753 mirificorum
3098 3714 3327 3769 operum
3388 3710 3632 3770 patrate-

2048 3807 2163 3845 rem
2206 3805 2330 3845 esse
2377 3790 2644 3854 ostendit,
2693 3791 3052 3860 superstitem
3104 3792 3271 3846 simul
3326 3804 3381 3847 et
3432 3792 3632 3848 defun-

2047 3893 2192 3935 ctum
2222 3881 2321 3951 (ί).
2366 3881 2429 3934 Et
2459 3882 2602 3936 fama
2640 3883 2881 3945 obtinet.
2932 3882 3084 3953 quod
3118 3884 3245 3940 vivo
3279 3900 3388 3938 non
3421 3887 3629 3948 evenit.

2051 3977 2101 4029 id
2137 3986 2356 4031 mortuo
2389 3975 2707 4031 accidisse:
2752 3987 2811 4031 ut
2852 3975 3066 4032 scilicet
3113 3977 3460 4034 daemonibus
3511 3980 3632 4048 agi-

2051 4069 2147 4123 tati
2183 4069 2340 4123 multi
2377 4068 2442 4123 ad
2474 4069 2789 4137 sepulcrum
2814 4070 2936 4140 ejus
2982 4069 3340 4135 accedentes,
3382 4071 3538 4141 plaga
3569 4088 3633 4128 ea

2047 4166 2445 4225 liberarentur.
2495 4178 2552 4220 et
2609 4166 2795 4220 multa:
2845 4176 3111 4235 praeterea
3157 4168 3279 4223 alia:
3316 4171 3637 4225 sanationes

2052 4257 2219 4310 hodie
2250 4271 2472 4327 quoque
2500 4256 2567 4310 ad
2606 4256 2658 4309 id
2693 4257 2847 4311 ﬁant.
2877 4257 3047 4313 Multa
3085 4274 3218 4314 vero
3248 4262 3415 4315 etiam
3447 4263 3638 4318 viven-

2054 4361 2161 4404 tem
2200 4365 2326 4409 c.um
2379 4349 2747 4405 admiratione
2781 4350 3027 4406 omnium
3058 4351 3278 4415 fecisse,
3306 4354 3497 4410 incolae
3517 4358 3639 4426 ejus
3720 4398 3727 4403 -

2056 4444 2251 4499 insulae
2291 4443 2498 4497 ferunt.
2554 4444 2669 4513 Ego
2718 4452 2927 4510 autem,
2987 4454 3257 4517 quantum
3294 4448 3347 4501 in
3385 4464 3506 4504 mea
3538 4466 3636 4520 po-

2059 4544 2254 4592 testate
2287 4537 2454 4591 situm
2490 4536 2679 4599 fuerit,
2718 4551 3015 4606 exponam.
3046 4537 3431 4610 Fuitnamque
3468 4544 3640 4611 perli-

2062 4630 2267 4685 beralis
2292 4628 2345 4684 in
2380 4644 2606 4700 egenos,
2644 4630 2763 4685 sive
2800 4631 3109 4702 naufragio,
3144 4632 3261 4686 sive
3305 4634 3416 4687 alio
3442 4634 3642 4689 adver-

2058 4736 2133 4775 sa:
2202 4720 2441 4777 fortuna:
2512 4722 2678 4776 modo
2743 4723 2936 4793 jactati
3005 4734 3213 4778 essent.
3284 4723 3386 4780 Ubi
3453 4736 3638 4780 autem

2062 4815 2265 4869 virtute
2299 4831 2360 4869 ea
2395 4830 2509 4869 rem
2544 4814 2873 4871 familiarem
2898 4831 3053 4870 suam
3088 4816 3314 4887 (quanta
3357 4828 3540 4872 autem
3576 4837 3640 4874 ea

2061 4907 2212 4977 fuit?)
2245 4909 2614 4977 consumpsit,
2668 4908 2919 4964 ecclesiae
2959 4912 3220 4979 pecuniis
3277 4921 3364 4966 est
3410 4912 3639 4976 abusus,

2061 5016 2198 5070 quas
2234 5000 2645 5070 quodammodo
2693 5002 2752 5055 in
2800 5002 3098 5058 honestum
3157 5014 3214 5058 et
3266 5007 3641 5062 necessarium

2066 5109 2224 5147 nsum
2262 5093 2592 5163 dilapidavit
2622 5110 2635 5148 :
2671 5096 2859 5150 multae
2889 5107 3073 5152 autem
3122 5098 3203 5152 ha:
3235 5098 3477 5155 fuerant.
3504 5100 3642 5156 Nam

2062 5187 2267 5257 quibus
2309 5202 2456 5244 curae
2502 5196 2645 5254 erat,
2694 5197 2756 5242 ut
2793 5188 3161 5246 substantiam
3214 5209 3369 5247 suam
3419 5195 3472 5248 in
3524 5196 3642 5264 pios

2066 5295 2199 5333 usus
2233 5288 2552 5351 erogarent,
2589 5290 2646 5334 et
2680 5281 2933 5338 viventes
2964 5293 3022 5338 et
3053 5286 3371 5342 morientes
3406 5287 3642 5356 plurima

2063 5371 2316 5427 ecclesiae
2349 5372 2469 5444 ejus
2510 5372 2813 5427 donarunt.
2867 5374 2926 5429 In
2965 5376 3111 5432 bona
3144 5378 3294 5431 enim
3331 5394 3428 5447 spe
3460 5389 3642 5441 erant,

2065 5462 2243 5517 virum
2277 5465 2369 5517 Dei
2402 5476 2702 5528 amantem,
2729 5475 2784 5520 et
2824 5467 3128 5537 prudenter
3152 5470 3419 5539 pecunias
3451 5471 3637 5526 distrio

2068 5554 2347 5619 Ιιιιειιῑειιι,
2383 5571 2447 5607 ex
2475 5556 2747 5610 sententia
2778 5573 2904 5623 sua,
2928 5560 3198 5630 quidquid
3234 5558 3308 5615 ita
3333 5562 3644 5626 dedissent,

2066 5662 2440 5721 expensnrum
2488 5665 2630 5702 esse.
2672 5650 2739 5703 Et
2773 5666 2896 5705 cum
2931 5653 3231 5722 aliquando
3270 5665 3500 5726 propter
3533 5656 3647 5710 fre-

2068 5750 2328 5810 quentem
2387 5741 2760 5811 largitionem,
2807 5748 3058 5813 pecuniae
3107 5748 3408 5804 admodum
3453 5748 3642 5805 decre-
