4062 6470
507 377 604 441 9H

1688 416 1696 435 .
1738 371 2165 437 NlCEPHORI
2209 370 2560 433 CALLlSTl
3645 375 3737 439 912

507 496 734 557 vissent,
774 492 1042 563 quosdam
1082 491 1135 545 id
1172 490 1402 545 moleste
1435 490 1699 553 ferentes,
1752 499 1809 544 et
1837 488 2087 544 ecclesia:

2201 486 2379 555 ματίῳ
2406 482 2465 541 οὗ
2494 486 2687 553 διῆγεν
2715 488 2743 539 ό
2776 485 3082 555 οίκονόμος,
3116 485 3261 556 μέγα
3292 501 3343 538 τι
3379 486 3470 539 καὶ
3492 486 3743 556 ὑπερφυὲς

504 598 855 641 cei-enomum
909 582 1215 653 prmcipue,
1261 579 1693 650 reprehendisse
1736 595 1890 640 eum,
1940 576 2087 647 quod

506 687 613 730 tam
648 682 1012 743 sumptuosus
1041 681 1097 727 et
1138 670 1405 742 prodigus
1444 679 1620 733 esset,
1665 668 1872 723 ferunt.
1910 665 2089 722 Caete-

506 783 625 822 rum
661 783 729 822 ne
759 777 873 821 tum
905 766 1134 836 quidem
1164 765 1233 820 de
1270 779 1426 818 more
1458 777 1583 826 suo,
1619 762 1751 831 quin
1783 761 2091 816 liberaliter

504 858 883 928 indigentibus
929 858 1251 928 largiretur,
1301 855 1606 925 quidquam
1651 854 1888 909 remisit.
1948 854 2089 909 Cum

503 962 689 1006 :tlllelll
720 956 832 1021 jalll
864 965 1063 1004 aurum
1108 964 1273 1003 ontne
1302 955 1697 1016 consumptum
1727 956 1897 1009 6556!,
1932 960 2092 1001 8008‘

501 1046 642 1101 dens
685 1043 913 1116 quidam
947 1044 1018 1099 ad
1051 1058 1176 1097 eam
1202 1043 1453 1106 domum,
1496 1041 1551 1094 in
1592 1055 1699 1111 qua
1732 1041 2090 1110 dispensator

503 1137 607 1193 iste
630 1136 849 1207 agebat,
887 1137 1168 1207 ingentem
1194 1134 1494 1203 quamdam
1525 1143 1582 1188 et
1628 1132 1918 1186 miriﬁcam
1959 1147 2089 1187 eru-

502 1242 719 1282 tnenam
771 1243 900 1283 cum
960 1243 1162 1298 magno
1215 1229 1340 1282 auri
1393 1226 1639 1296 pondere
1680 1226 1735 1280 ei
1786 1226 1838 1279 in
1892 1240 2090 1280 manus

500 1319 655 1375 dedit
688 1336 703 1374 :
735 1330 792 1374 et
821 1320 1009 1374 statim
1050 1319 1215 1382 abiit,
1253 1334 1433 1389 neque
1461 1319 1587 1388 quis
1618 1319 1732 1387 ipse
1768 1326 1937 1384 esset,
1987 1333 2086 1372 ne-

499 1428 610 1482 que
636 1412 731 1481 qui
763 1411 816 1465 id
848 1411 1114 1475 misisset,
1139 1410 1411 1466 indicans.
1433 1412 1702 1481 Perquam
1727 1424 1857 1465 vero
1884 1409 2084 1464 mirum

502 1506 680 1559 visum
712 1514 798 1559 est
829 1504 1005 1558 latere
1063 1519 1216 1567 eum,
1266 1503 1360 1571 qui
1399 1511 1611 1556 tantam
1671 1502 1781 1556 vim
1836 1503 2086 1571 pecunim

499 1597 769 1659 dedisset,
829 1596 1119 1651 voluisse:
1180 1598 1498 1665 factumque
1554 1595 1608 1649 id
1664 1594 2087 1649 considerantes

502 1691 778 1751 homines,
821 1690 1067 1761 divinam
1121 1704 1243 1743 eam
1300 1704 1425 1743 esse
1477 1688 1894 1753 liberalitatem,
1948 1702 2085 1742 con-

496 1784 769 1851 jecturam
800 1780 1020 1836 iecere.
1076 1781 1258 1850 Atque
1305 1780 1408 1835 hoc
1457 1780 1683 1850 quidem
1739 1783 1821 1837 sic
1872 1790 2083 1835 actum.

2195 577 2484 647 βαλάντον
2529 578 2711 649 πολλῷ
2762 580 2993 650 χρυσίου
3060 579 3203 649 ὁ).κῷ
3258 578 3614 648 βαρυνόμενον
3657 580 3744 633 ἀνὰ

2192 673 2384 742 χεῖρας
2412 672 2614 740 βαλὼν,
2652 674 2833 726 ἀπιὼν
2880 672 3075 743 ᾤχετο,
3118 672 3258 742 μήτε
3292 671 3376 734 τίς
3406 672 3434 723 6
3462 672 3580 735 δοὺς
3606 671 3637 742 ἢ
3666 676 3748 726 καὶ

2190 764 2551 835 ὁπεπομφὼς
2605 766 2765 835 δῆλον
2822 767 3163 836 πεποιηκώς.
3213 765 3319 817 Καί
3354 781 3420 834 γε
3467 766 3748 834 παράδοξον

2189 856 2313 910 λίαν
2348 857 2548 921 ἐδόκει,
2580 857 2821 911 ἐπιδόσει
2851 856 3122 910 τοσούτων
3154 856 3455 927 χρημάτων
3484 857 3746 923 ἄγνωστον

2192 950 2385 1006 ἑαυτὸν
2434 949 2582 1011 ὅστις
2615 944 2682 1021 ἦν
2741 950 2769 1002 6
2816 949 2963 1013 δοὺς,
3014 947 3383 1016 καταστῆσαι.
3424 949 3519 1014 Εἰς
3562 950 3677 1003 νοῦν
3702 952 3751 1003 δὲ

2192 1043 2435 1110 θέμενοι,
2486 1039 2768 1112 θειοτέραν
2817 1034 2960 1093 εἶναι
2993 1041 3093 1110 τὴν
3127 1040 3330 1110 πρᾶξιν
3364 1041 3647 1095 συνέϐαλον
3698 1040 3754 1095 ἆ-

2194 1148 2421 1198 παντες.
2475 1134 2651 1188 Τοῦτο
2685 1134 2786 1205 μὲν
2830 1135 2896 1205 δὴ
2931 1133 3213 1188 τοιοῦτον
3252 1134 3441 1206 ἕτερον
3493 1134 3548 1187 δὲ
3598 1136 3753 1188 αὑτοῦ

2191 1226 2568 1296 πυνθάνομαι,
2620 1228 2821 1299 ἐπίσης
2852 1227 2954 1298 μὲν
3008 1227 3297 1299 Γρηγορίῳ
3329 1227 3470 1298 ἕχον,
3500 1228 3557 1292 ὃς
3601 1229 3754 1281 πάλαι

2190 1317 2290 1386 τὴν
2318 1317 2620 1388 ἐκκλησίαν
2638 1317 2977 1389 ἐπετρόπευε
3005 1318 3106 1389 τῆς
3140 1319 3284 1373 κατὰ
3318 1304 3515 1372 Πόντον
3536 1319 3753 1371 Νεοκαι-

2194 1409 2448 1479 σαρείας.
2487 1411 2561 1464 Οὐ
2590 1410 2699 1481 μήν
2725 1427 2787 1478 γε
2841 1411 2992 1479 παρὰ
3046 1410 3207 1465 τοῦτο
3261 1411 3515 1464 ἀπιστεῖν
3544 1410 3753 1473 δίκαιον,

2191 1499 2284 1552 καὶ
2331 1499 2637 1568 Ἐπιφανίῳ
2684 1501 2751 1554 τὰ
2790 1500 2884 1557 ha
2941 1500 3356 1572 διαπεπρᾶχθαι
3382 1516 3397 1531 ⁸
3448 1501 3570 1554 ἐπεί
3598 1501 3756 1569 τοίγε

2191 1592 2310 1645 οὐδὲ
2345 1593 2556 1663 Πέτρος
2589 1593 2752 1660 μόνον
2784 1594 2813 1645 6
2853 1594 2960 1647 τῶν
2988 1594 3310 1648 ἀποστόλων
3340 1595 3651 1665 κορυφαῖος,
3681 1611 3756 1645 νε-

2192 1684 2327 1754 κρὸν
2349 1684 2546 1739 ἀνίστα
2570 1702 2584 1715 ⁸
2621 1684 2760 1738 ἀλλά
2801 1687 2899 1739 καὶ
2939 1685 3196 1755 Ἰωάννης
3231 1688 3374 1740 κατά
3399 1685 3496 1757 τὴν
3517 1686 3754 1755 Ἔφεσον,

2192 1778 2289 1828 καὶ
2316 1776 2556 1847 ἀλλαχοῦ
2581 1777 2759 1847 ἕτεροι
2785 1795 2798 1806 ³
2825 1778 2885 1831 οὐ
2910 1778 3016 1848 μὴν
3037 1779 3091 1832 δὲ
3114 1778 3253 1832 ἀλλὰ
3274 1779 3371 1833 καὶ
3394 1780 3450 1833 αἱ
3476 1778 3757 1848 θυγατέρες

500 1876 664 1929 Aliud
716 1890 847 1929 vero
882 1875 951 1928 de
983 1890 1050 1930 eo
1082 1874 1270 1932 audio.
1307 1875 1455 1944 quod
1494 1872 1749 1944 Gregorii
1780 1874 1927 1929 illius
1980 1876 2085 1927 mi-

2192 1845 2468 1922 Φιλίππου
2510 1871 2652 1923 κατᾶ
2679 1845 2779 1940 τὴν
2820 1845 3143 1941 iam”.
3175 1872 3256 1925 Τὰ
3279 1870 3324 1924 δ’
3352 1871 3494 1926 αὐτὰ
3520 1845 3758 1934 πολλάκις

501 1970 694 2025 raculo
723 1968 905 2025 simile
943 1968 1068 2031 fuit,
1107 1967 1201 2037 qui
1238 1967 1371 2022 olim
1405 1966 1778 2023 Neocaesareaa
1812 1968 1866 2021 in
1910 1968 2087 2022 Ponto

497 2065 787 2119 ecclesiam
846 2063 1277 2132 gubernaverat.
1338 2060 1499 2131 331
1551 2060 1741 2131 Neque
1793 2069 2087 2131 propterea

501 2157 663 2213 tidem
695 2172 803 2210 non
833 2155 1040 2209 habere
1078 2153 1316 2223 prodigii
1353 2155 1474 2223 ejus
1512 2153 1838 2208 testimonio
1864 2168 2088 2223 aequum

496 2260 606 2317 est,
634 2249 781 2321 quod
816 2249 960 2302 idem
997 2246 1343 2316 Epiphanius
1374 2246 1654 2315 peregerit
1686 2261 1700 2297 :
1740 2245 2091 2316 quandoqui-

498 2344 621 2399 dem
658 2355 839 2411 neqne
884 2341 1082 2395 Petrus
1130 2338 1286 2393 solus
1342 2338 1724 2406 apostolorum
1762 2339 2089 2407 coryphazus

497 2447 553 2492 et
585 2437 871 2509 princeps,
902 2443 1184 2487 mortuum
1215 2430 1605 2494 exsuscitavit,
1631 2430 1730 2485 sed
1763 2439 1820 2483 et
1844 2429 2090 2484 Joannes

501 2528 727 2600 Ephesi,
765 2538 823 2582 et
862 2525 954 2580 alii
990 2525 1144 2589 alibi,
1183 2526 1294 2577 into
1328 2524 1495 2577 etiam
1537 2521 1818 2592 llierapoli
1845 2521 2087 2591 Philippi

500 2621 647 2676 tiliae.
685 2620 843 2689 Saepe
873 2633 1114 2688 namque
1159 2618 1371 2679 evenit,
1415 2616 1579 2669 sicuti
1609 2630 1707 2684 par
1736 2625 1794 2670 et
1821 2615 2089 2671 credibile

497 2723 602 2774 est.
640 2724 700 2767 ut
726 2711 921 2766 eadem
965 2720 1022 2765 et
1072 2710 1202 2764 olim
1260 2717 1501 2772 veteres,
1551 2716 1609 2763 et
1661 2720 1866 2762 nosme
1911 2708 2092 2763 :rtatis

498 2806 597 2863 Dei
630 2815 884 2860 amantes
925 2803 1206 2867 homines,
1247 2800 1515 2855 miracula
1548 2799 1738 2855 edant.
1778 2798 1935 2867 Quod
1989 2816 2090 2855 au-

502 2912 612 2955 tem
678 2897 906 2951 historia
963 2904 1405 2949 commemorare
1453 2891 1645 2960 jubet,
1705 2890 1787 2946 sic
1848 2889 2018 2946 habet
2069 2909 2084 2946 :

497 2992 811 3062 Aliquando
842 3003 1063 3045 sacrum
1098 2988 1249 3042 hunc
1285 2985 1661 3056 Epiphaniam
1710 2983 1822 3040 duo
1853 2985 2085 3055 quidam

499 3089 552 3143 in
604 3087 690 3139 via
748 3082 995 3138 mendici
1040 3081 1455 3135 observarunt:
1489 3087 1706 3133 etcum
1753 3093 1865 3132 non
1910 3078 2087 3148 paeni-

500 3180 728 3235 tendum
759 3176 969 3246 al-iqu:d
1007 3191 1064 3230 se
1095 3175 1164 3229 ab
1210 3189 1277 3229 eo
1308 3183 1642 3242 accepturos
1676 3172 2083 3240 existimarent,
2115 3200 2160 3259 ο

499 3275 637 3327 alter
679 3272 732 3325 in
783 3270 923 3335 solo,
990 3268 1242 3338 spiritum
1298 3268 1595 3320 continens
1639 3266 1870 3336 perinde
1921 3274 2087 3336 atque

499 3374 756 3420 iuurtuus
787 3372 961 3425 esset,
993 3362 1258 3433 jacebat:
1305 3360 1449 3414 alter
1483 3367 1669 3414 autem
1721 3360 1892 3414 veluti
1927 3360 2088 3415 fami-

500 3460 654 3513 liaris
698 3461 821 3528 ejus
858 3458 1170 3511 lamentaus
1204 3464 1261 3509 et
1298 3453 1458 3521 ﬂens,
1488 3454 1734 3524 inopiam
1774 3468 1899 3507 eam
1945 3452 2086 3507 assio

501 3553 767 3615 mutabat,
804 3561 864 3606 ut
894 3550 1109 3603 funeris
1142 3548 1423 3617 impensas
1448 3560 1556 3600 non
1609 3545 1861 3610 haberet,
1897 3554 1953 3598 et
1995 3562 2090 3614 pe-

505 3646 722 3699 nuriam
768 3652 977 3696 tantam
1022 3655 1150 3695 cum
1206 3640 1648 3710 reprehensione
1683 3639 1805 3708 ejus
1833 3637 2089 3708 deplora-

500 3738 615 3794 bat.
665 3737 837 3791 Porro
874 3734 1224 3805 Epiphanius
1271 3734 1625 3802 praeteriens,
1664 3732 1802 3787 nihil
1854 3733 2085 3803 quidem

497 3835 647 3889 aliud
679 3850 842 3903 quant
873 3832 1021 3904 quod
1050 3831 1257 3903 jacenti
1291 3829 1371 3884 illi
1402 3829 1651 3900 requiem
1694 3838 1954 3901 precatus
1977 3840 2084 3896 est,

499 3929 658 3983 dixit.
699 3925 971 3996 Exiguum
1006 3935 1191 3979 autem
1222 3922 1486 3994 quiddam
1524 3923 1589 3977 ad
1630 3923 1782 3977 illum
1823 3924 2086 3979 funeran-

494 4023 628 4073 dum
671 4018 909 4089 ploranti
945 4015 1124 4079 dedit;
1155 4014 1245 4069 illa
1278 4016 1445 4068 verba
1484 4013 1794 4084 adjiciens:
1829 4032 1847 4065 ι
1884 4013 2086 4068 Curam

498 4115 666 4186 hujus
706 4110 921 4167 funeris
956 4109 1118 4174 habe,
1174 4119 1229 4163 et
1272 4109 1495 4163 tandem
1526 4107 1662 4163 ﬂere
1690 4107 1903 4163 desine.
1948 4109 2086 4164 Nam

455 4212 465 4222 ‘
495 4208 587 4263 hic
623 4222 773 4261 nunc
808 4220 918 4258 non
955 4211 1234 4273 resurget.
1267 4202 1499 4258 Mortem
1530 4211 1741 4266 autem,
1778 4218 1903 4273 quae
1929 4216 2087 4257 com.

497 4301 682 4356 munis
715 4298 968 4353 omnium
994 4308 1051 4352 et
1084 4297 1447 4362 inevitabilis,
1483 4298 1821 4353 necessitate
1845 4297 2086 4367 quadam

493 4393 753 4449 obeunda
781 4402 885 4459 est,
919 4392 1104 4445 animo
1151 4398 1203 4444 te
1252 4392 1380 4444 forti
1428 4390 1573 4446 ferre
1610 4401 1850 4462 oportet.
1893 4412 1911 4444 ι
1963 4391 2089 4447 Haec

494 4480 864 4551 Epiphanius.
898 4479 1073 4547 dixit,
1122 4489 1179 4533 et
1219 4480 1380 4544 abiit,
1437 4489 1672 4551 coeptam
1731 4482 2086 4551 perfecturus

2194 1956 2282 2016 οἷα
2319 1963 2469 2026 εἰκὸς
2521 1962 2880 2033 ἐξειργάσθαι
2913 1965 3113 2034 συνέϐη
3152 1966 3303 2037 παρά
3343 1983 3405 2019 τε
3461 1965 3565 2019 τῶν
3606 1965 3760 2018 πάλαι

2194 2055 2291 2109 καὶ
2323 2054 2419 2108 νῦν
2474 2055 2742 2124 θεοφιλῶν
2776 2056 3008 2127 ἀνδρῶν.
3040 2059 3106 2110 Ὃ
3154 2058 3213 2111 δὲ
3245 2057 3428 2126 λέγειν
3481 2059 3514 2129 ἡ
3564 2058 3761 2127 ἱστορία

2195 2145 2477 2216 ὥρμηται,
2532 2147 2735 2200 τοιόνδε
2788 2149 2948 2201 ἐστί’
2987 2148 3129 2201 Ποτὲ
3178 2150 3451 2219 παριόντα
3504 2151 3593 2202 τὸν
3627 2148 3763 2219 ἱερὸν

2193 2240 2407 2294 τουτονὶ
2451 2241 2775 2307 Ἐπιφάνιον
2795 2239 2891 2319 δόο
2924 2242 3071 2305 τινὲς
3104 2244 3549 2317 ἐπιτηρήσαντες
3587 2244 3763 2297 ἐνόδιοι

2194 2335 2449 2404 πένητες,
2482 2334 2578 2387 καὶ
2611 2332 2967 2402 λογισάμενοι
2996 2332 3185 2404 μεῖζόν
3215 2352 3269 2389 τι
3321 2336 3383 2401 ἐξ
3423 2336 3630 2390 ἐκείνου
3675 2336 3763 2387 λα·

2195 2427 2331 2493 δεῖν,
2367 2430 2395 2480 ό
2431 2426 2532 2493 μὲν
2556 2427 2644 2479 ἐπ’
2672 2428 2908 2494 ἐδάφους
2942 2427 3221 2490 ἀπλωθεὶς
3255 2429 3467 2495 ἔκειτο,
3492 2429 3767 2491 συστείλας

2194 2523 2255 2574 τὸ
2278 2516 2467 2590 ἆσθμα
2498 2516 2589 2575 οἷα
2611 2522 2774 2592 δῆθεν
2814 2523 3011 2594 νεκρός
3034 2538 3051 2554 ο
3085 2526 3113 2577 ὁ
3165 2523 3211 2576 δ’
3241 2521 3332 2578 οἷα
3387 2523 3626 2595 συνήθης
3654 2523 3765 2575 ὀλο-

2193 2614 2507 2684 φυρόμενος
2541 2612 2730 2669 ἔκλαιε
2757 2629 2772 2646 ⁸
2809 2614 2905 2669 καὶ
2935 2617 3343 2687 ἐσχηματίζετο
3368 2618 3432 2672 τὸ
3469 2619 3590 2689 μηδ’
3613 2616 3769 2671 εὐπό-

2196 2725 2307 2777 ρως
2335 2707 2479 2779 ἔχειν
2509 2706 2740 2761 θάπτειν
2768 2709 2953 2775 αὐτὸν,
2983 2713 3084 2780 τῆς
3107 2710 3320 2775 ἐνδείας
3339 2712 3769 2782 καταμεμφόμε-

2193 2817 2301 2862 νος.
2321 2802 2380 2853 '0
2411 2800 2456 2853 δ’
2476 2800 2795 2869 Ἐπιφάνιος
2821 2802 3037 2873 παριὼν
3070 2803 3225 2858 οὐδὲν
3256 2805 3356 2874 μὲν
3390 2804 3571 2871 ἔλεγε,
3610 2804 3768 2873 μόνην

2191 2891 2240 2944 δ’
2300 2893 2612 2948 ἀνάπαυσιν
2661 2893 2736 2962 τῷ
2796 2896 3038 2967 κειμένῳ
3068 2896 3364 2967 ὲπηύχετο.
3422 2897 3603 2969 Βραχὺ
3633 2897 3686 2950 δέ
3721 2912 3767 2945 τι

2194 2986 2335 3058 πρὸς
2361 2986 2585 3056 κηδείαν
2618 2985 2764 3053 δοὺς,
2805 3006 2826 3041 ι
2870 2988 3166 3059 Ἐπιμελοῦ
3196 2988 3291 3044 τοῦ
3319 2992 3607 3060 κειμένου,
3647 3009 3664 3041 ι
3701 2991 3769 3051 τξι

2191 3081 2482 3152 δακρύοντι
2508 3083 2612 3153 ἔφη
2634 3098 2650 3113 ·
2685 3101 2705 3134 ι
2765 3080 2861 3135 καὶ
2898 3066 3113 3137 παῦσᾶι
3144 3082 3347 3136 κλαίων
3387 3085 3549 3137 ποτέ·
3579 3083 3638 3136 οὐ
3672 3083 3770 3150 γὰρ

2192 3174 2288 3227 νῦν
2327 3175 2714 3244 ἀναστήσεται.
2752 3174 2827 3228 Τὸ
2868 3175 2928 3229 δὲ
2959 3177 3142 3230 κοινόν
3167 3193 3226 3230 τε
3274 3176 3372 3231 καὶ
3410 3176 3771 3248 ἀπαραίτητον

2193 3266 2289 3320 καὶ
2337 3268 2710 3337 ἀποκείμενον
2765 3268 2824 3336 ἐξ
2850 3269 3102 3339 ἀνάγκης
3151 3269 3324 3336 τέλος,
3360 3269 3550 3342 χρεὼν
3582 3270 3674 3324 καὶ
3720 3267 3773 3319 σὲ

2194 3361 2388 3432 φέρειν
2438 3361 2730 3430 γενναίως.
2772 3380 2790 3413 ι
2830 3360 3001 3416 Ταῦτ’
3055 3363 3231 3417 είπὼν
3274 3364 3620 3432 Ἐπιφάνιος,
3679 3378 3774 3414 πα-

2194 3454 2361 3526 ρῆλθε
2394 3455 2497 3526 τὴν
2558 3456 2834 3526 σςρετέραν
2869 3455 3105 3510 διανύων
3165 3457 3307 3512 ὀδόν.
3351 3458 3449 3523 Ὠς
3505 3461 3560 3514 δὲ
3610 3458 3770 3516 οὐδεὶς

2191 3548 2383 3617 ἔτερος
2447 3548 2590 3601 κατά
2633 3547 2731 3619 τὴν
2780 3548 2896 3602 ὁδον
2928 3548 3261 3618 διεφαίνετο,
3305 3554 3333 3603 ό
3380 3551 3555 3614 ἑστώς
3583 3568 3641 3603 τε
3688 3551 3774 3601 καὶ

2190 3638 2518 3710 ὀδυρόμενος
2546 3638 2807 3710 αἴσθησιν
2835 3638 3001 3709 δῆθεν
3034 3639 3109 3711 τῷ
3157 3642 3403 3713 κειμένῳ
3436 3643 3607 3696 ἐδίδου
3633 3642 3771 3708 ἐγεί-

2194 3735 2407 3803 ρεσθαι.
2452 3731 2675 3803 Ἐπῄνει
2703 3732 2762 3786 δὲ
2786 3730 2904 3802 ἅμα
2940 3733 3007 3803 τῇ
3036 3735 3272 3802 κινήσει,
3305 3734 3385 3793 ὡς
3414 3735 3598 3804 σοφῶς
3631 3733 3770 3803 μάλα

2192 3830 2605 3899 ἑσχηματίσατο
2649 3827 2744 3881 τὸν
2792 3829 2988 3899 νεκρόν
3013 3846 3025 3861 ·
3061 3834 3175 3896 καὶ,
3218 3849 3236 3882 ι
3282 3832 3423 3901 Ἀγε
3460 3832 3548 3904 δὴ,
3574 3832 3771 3897 ἔλεγεν,

2192 3922 2475 3993 ἐξεγείρου
2502 3939 2516 3953 ·
2557 3923 2653 3974 καὶ
2696 3922 2824 3988 τόγε
2865 3921 2960 3975 νῦν
3011 3924 3077 3993 τῇ
3110 3925 3177 3993 σῇ
3228 3925 3669 3995 ὲντρυφήσωμεν
3699 3936 3778 3974 σο·-

2195 4016 2437 4086 φιστείᾳ.
2474 4034 2491 4066 ι
2537 4015 2693 4068 Ἐπεὶ⁵
2753 4014 2800 4066 δ’
2834 4016 3045 4079 ἐκεῖνος
3080 4015 3237 4069 οὐδὲν
3272 4017 3486 4085 μᾶλλον
3526 4014 3649 4070 οὔτε
3695 4012 3774 4064 λέ-

2191 4125 2380 4178 γονςος
2408 4110 2630 4178 ἡκουεν,
2657 4104 2780 4159 οὔτε
2810 4108 2945 4159 πᾶσι
2972 4107 3198 4179 τρόποις
3231 4110 3572 4179 παρέχοντος
3598 4105 3779 4172 αἴσθη-

2196 4219 2281 4255 σιν
2303 4200 2364 4254 τδ
2393 4199 2501 4265 ζῶν
2533 4196 2676 4253 εἶναι
2701 4199 2995 4271 ὑπέφαινε,
3029 4200 3237 4272 σπουδῇ
3260 4199 3354 4253 τὸν
3382 4202 3537 4272 ἱερέα
3561 4199 3742 4253 ἐδίωκε
3760 4208 3775 4225 ⁸

2194 4293 2565 4362 καὶ.‹ρθάσας,
2597 4295 2697 4364 τὴν
2726 4294 2784 4362 ὲξ
2819 4294 3030 4358 ἐνδείας
3064 4295 3219 4364 σφῶν
3250 4296 3508 4365 μηχανὴν
3545 4291 3779 4360 κατεμή-

2193 4407 2325 4443 νυε’
2376 4392 2474 4445 καὶ
2524 4393 2644 4452 ταῖς
2678 4390 2965 4457 ἀληθείαις
3025 4390 3232 4443 κλαίων
3282 4391 3379 4442 καὶ
3438 4388 3776 4461 ὀδυρόμενος,

2194 4486 2421 4555 ἁνιστᾷν
2467 4487 2560 4536 τὸν
2608 4485 2830 4555 ἑταῖρον
2881 4481 3267 4552 κατελιπάρει.
3312 4484 3555 4545 Ἐκεῖνος
3605 4481 3660 4534 δὲ
3711 4479 3779 4548 μὴ

492 4575 959 4629 ambulationem.
999 4571 1136 4629 Cum
1189 4586 1374 4627 autem
1425 4589 1487 4628 ea
1533 4574 1589 4628 in
1624 4574 1709 4629 via
1750 4591 1915 4631 nemo
1940 4578 2084 4635 alius

2192 4576 2571 4648 δυσχεραίνειν
2615 4579 2706 4629 ἐπὶ
2748 4577 2822 4647 τῷ
2859 4576 3101 4647 δράματι
3130 4578 3399 4643 ἐπειπὼν,
3460 4574 3782 4629 όπὲσω,άν;-

491 4676 806 4738 appareret,
854 4666 947 4722 ille
984 4665 1080 4736 qui
1122 4666 1207 4722 sic
1242 4673 1474 4720 steterat
1509 4675 1564 4720 et
1598 4667 1942 4737 ploraverat,
1994 4671 2082 4741 ja-

493 4769 735 4825 centem,
773 4760 984 4815 indicio
1035 4758 1198 4830 pedis
1249 4761 1622 4815 conz'ussione
1667 4761 1823 4829 dato,
1865 4775 2086 4819 utcon-

494 4862 772 4922 surgeret,
803 4854 1139 4907 admonuit:
1178 4853 1458 4921 simulque
1510 4870 1637 4908 eum
1686 4855 1956 4916 laudavit.
1990 4858 2084 4925 qui

396 4968 399 4969 ν
497 4957 605 4998 tam
637 4945 860 5015 egregie
884 4946 1093 5000 mortui
1117 4945 1359 5001 hominis
1379 4947 1630 5003 habitum
1654 4949 1965 5015 retulisset;
1994 4960 2046 5003 et
2072 4969 2089 5007 :

499 5056 517 5088 ι
576 5038 691 5109 Age
741 5038 977 5115 tandem
1014 5054 1270 5110 exsurge,
1317 5039 1520 5109 inquit,
1571 5048 1632 5093 ut
1675 5040 1729 5095 in
1784 5043 2081 5112 praesentia

492 5129 755 5184 versutize
803 5138 911 5184 tua!
959 5129 1193 5186 hilarius
1237 5131 1474 5187 vivendo
1511 5134 1759 5188 fructum
1805 5136 2081 5206 percipia-

488 5238 634 5278 mus.
693 5242 711 5275 ›
755 5222 860 5280 Ubi
911 5236 1097 5279 autem
1150 5223 1247 5280 ille
1282 5227 1523 5296 amplius
1571 5242 1749 5297 neque
1803 5229 2081 5284 dicentem

489 5314 689 5380 audiit,
722 5329 901 5386 neque
947 5317 1128 5371 modis
1163 5316 1422 5372 omnibus
1466 5317 1932 5388 signiﬁcationem
1976 5322 2080 5374 ali-

486 5422 679 5478 quam,
712 5424 771 5464 se
801 5410 1010 5473 vivere,
1040 5410 1335 5475 exhibuit;
1371 5411 1512 5464 alter
1557 5426 1723 5465 cursu
1756 5412 1927 5468 celeri
1959 5415 2081 5484 epi-

487 5515 716 5572 scopum
780 5512 864 5556 est
925 5512 1298 5564 consecutus,
1362 5505 1524 5572 eique
1596 5504 1849 5558 fraudem
1914 5523 2080 5575 quam

491 5594 677 5664 inopia
712 5597 891 5649 coacti
921 5594 1224 5650 commenti
1264 5604 1478 5661 essent,
1552 5598 1819 5653 indicavit
1849 5618 1861 5652 :

2196 4685 2438 4740 πεμπενο
2459 4668 2718 4722 ἀναλύειν
2748 4670 2856 4738 γὰρ
2876 4671 2937 4719 τὸ
2968 4669 3191 4736 γεγονὸς
3218 4668 3350 4733 Θεὸς
3371 4669 3478 4724 οὐκ
3508 4666 3778 4739 ἠϐούλετο·

2195 4761 2580 4815 πιστώσασθαι
2629 4762 2882 4824 ἅπαντας
2928 4762 3224 4833 ᾑρημένος,
3254 4761 3329 4825 ὥς
3363 4780 3429 4832 γε
3466 4763 3675 4831 οἴομαι,
3714 4756 3780 4818 ὡς

2196 4856 2359 4909 αὐτόν
2391 4853 2444 4922 γ’
2490 4856 2701 4907 ἐκεῖνον
2756 4854 2891 4907 Θεὸν
2928 4854 3089 4907 πάνθ’
3116 4853 3332 4926 ὁρῶντα
3369 4855 3469 4909 καὶ
3520 4853 3783 4907 ἀκούοντα

2193 4949 2504 5012 ἀπατῶσιν,
2541 4949 2656 5003 ὅσοι
2683 4949 2747 5019 δὴ
2778 4949 3008 5003 τοιαῦτα
3039 4949 3172 5021 δρᾷν
3201 4950 3294 5003 ἐπὶ
3335 4954 3456 5012 τοῖς
3502 4946 3671 5002 αὐτοῦ
3704 4946 3781 4997 θε-

2195 5044 2435 5113 ράπουσι
2460 5041 2637 5114 τόλμῃ
2660 5042 3023 5111 προάγονται,
3060 5044 3154 5095 καὶ
3190 5043 3329 5111 σφᾶς
3355 5043 3563 5105 αὐτοὺς
3587 5038 3781 5112 μᾶλλον

2192 5137 2581 5203 ἐξαπατῶντες
2616 5137 2932 5208 λελήθασιν.
2983 5138 3071 5191 Ἐν
3103 5138 3275 5207 πλοίῳ
3304 5136 3361 5190 δὲ
3398 5126 3589 5191 θανεῖν
3612 5134 3780 5201 ἔγνων

2189 5228 2620 5298 τὸνἚπιφάνιον
2643 5247 2658 5262 ο
2692 5230 2752 5282 ὃν
2785 5231 2832 5282 οῑ
2860 5231 2990 5300 περὶ
3015 5229 3184 5283 αὑτὸν
3212 5229 3394 5301 μέλιτι
3427 5228 3778 5298 ὲμόαλόντες,

2189 5323 2278 5375 ἵνα
2312 5325 2386 5393 μή
2422 5337 2475 5375 τι
2506 5323 2674 5392 ἀηδὲς
2701 5322 2832 5386 τως
2879 5324 3051 5393 πάθῃ,
3092 5323 3237 5375 κατὰ
3276 5322 3375 5387 τὴν
3421 5321 3655 5391 Κύπρον
3684 5316 3782 5369 διέ-

2192 5432 2394 5469 σωσαν.
2428 5417 2539 5470 Καὶ
2586 5422 2655 5469 τὰ
2719 5418 2821 5486 μὲν
2879 5421 3009 5489 περὶ
3053 5416 3376 5484 Ἐπιφανίιευ
3438 5412 3685 5468 τοσαῦτα
3725 5413 3781 5461 ἐκ

2194 5513 2337 5563 πάνυ
2377 5509 2592 5562 πολλῶν
2621 5510 2779 5577 όῖίίγα
2815 5510 3187 5581 διηγησάμην.

1945 5612 2000 5656 rt
2042 5605 2157 5671 jam
2204 5605 2341 5660 citra
2388 5606 2574 5660 fucum
2620 5621 2751 5659 vere
2807 5605 2944 5661 llens
2996 5617 3051 5660 et
3096 5606 3430 5671 lan.entans,
3475 5614 3539 5661 ut
3578 5603 3778 5657 socium

488 5702 653 5745 suum
684 5693 1068 5753 resuscitaret,
1101 5691 1459 5759 supplicavit.
1495 5694 1838 5763 Epiphanius
1869 5710 2078 5765 autem,
2121 5711 2414 5771 postquam
2486 5702 2588 5764 illi,
2657 5716 2726 5755 ne
2778 5701 2979 5756 factum
3020 5703 3072 5756 id
3116 5703 3365 5771 graviter
3398 5699 3592 5767 ferret,
3627 5697 3776 5757 dixit,

490 5782 772 5837 hominem
812 5785 1101 5837 dimissum
1128 5784 1369 5838 absolvit
1403 5803 1415 5837 :
1457 5788 1602 5855 quod
1630 5774 1781 5843 'Dcus
1812 5806 2072 5845 remeam
2116 5803 2472 5847 retractatam
2510 5797 2682 5852 nollet
2711 5815 2723 5851 :

2808 5796 2989 5865 iidem,
3046 5796 3229 5850 facere
3274 5796 3545 5848 omnibus
3572 5792 3774 5848 volens.

492 5887 549 5931 ut
588 5879 846 5946 equidem
882 5890 1058 5950 puto:
1123 5880 1220 5952 qui
1271 5889 1489 5940 tentare
1534 5897 1587 5940 et
1637 5887 1821 5943 facere
1901 5890 2029 5943 talia
2084 5891 2138 5945 in
2180 5892 2457 5948 ministris
2513 5894 2631 5964 ejus
2678 5894 2942 5964 audeant,
2998 5894 3153 5949 illum
3208 5894 3395 5963 ipsum
3441 5891 3638 5957 Deum,
3681 5885 3770 5957 qui
