4062 6438
537 484 645 551 915
1757 486 2123 549 NICEPIIOI

2230 491 2575 552 CALIJSTI
2983 529 2993 535 α
3120 524 3121 527 η
3707 492 3798 557 916

532 597 739 666 copiosi
785 608 842 653 et
890 596 1210 668 frequentes
1252 608 1439 657 essent
1488 602 1766 660 homines.
1821 603 1927 661 Sed
1963 605 2110 660 enim

2230 622 2275 659 re
2327 607 2422 661 ml.
2467 605 2668 676 ἀγαθοὶ
2721 606 2995 674 ἐγένοντο.
3038 606 3462 680 Ἓπεμαρτύρει
3493 607 3555 663 δὲ
3602 611 3694 664 καὶ
3741 624 3794 667 το

532 699 647 743 tum
677 690 831 745 multi
861 690 954 746 alii
982 708 1091 746 non
1123 694 1368 764 episcopi
1400 695 1587 760 modo,
1618 711 1814 752 verum
1857 699 2025 753 etiam
2060 700 2117 754 in

2230 699 2367 767 θεῖον
2413 703 2532 765 ταῖς
2576 699 2878 763 πολιτείαις
2908 698 3089 753 αὐτῶν
3115 716 3131 731 ·
3165 700 3438 771 δεομένων
3471 701 3584 772 γόρ
3618 703 3797 773 ἠκουε,

536 780 821 838 montibus
866 783 1157 849 colentes,
1216 796 1470 844 amantes
1519 790 1617 845 Dei
1669 789 1817 857 viri,
1878 790 2121 847 illustres

2230 791 2318 844 καὶ
2369 791 2495 857 ξένα
2531 791 2795 862 τεράστια
2834 790 2903 844 δι’
2932 791 3114 845 αὐτῶν
3161 790 3468 860 ἔπραττενο
3502 793 3594 863 ὑφ’
3634 788 3707 847 ὧν
3741 793 3800 865 δὴ

533 872 710 929 fuere.
759 871 1006 940 Quorum
1055 891 1146 931 res
1176 876 1331 947 bene
1370 887 1524 935 actas
1553 880 1600 936 si
1635 879 1916 952 sigillatim
1950 896 2121 952 expo-

2230 882 2313 935 ιιαλ
2382 885 2414 953 ἠ
2464 882 2698 937 καθόλου
2758 883 3062 952 Ἐκκλησία
3106 884 3376 953 ἀγομένη,
3434 884 3533 937 καὶ
3583 885 3708 949 λαός
3746 903 3799 939 τε

534 978 819 1028 ueremus,
854 964 910 1019 in
956 967 1236 1038 ingentem
1286 968 1448 1025 nobis
1482 971 1853 1041 prolixitatem
1887 972 2122 1028 historia

2230 975 2320 1030 καὶ
2349 975 2552 1045 κλῆρος
2587 977 2721 1046 πρὸς
2749 976 2842 1029 τὸν
2874 974 2993 1030 ἴσον
3024 976 3258 1040 ἐκείνοις
3286 977 3386 1047 τῆς
3418 978 3627 1048 ἀρετῆς
3650 977 3803 1049 ζῆλον

531 1068 895 1114 excresceret.
945 1060 1005 1116 In
1058 1061 1264 1132 quibus
1308 1064 1605 1131 omnibus,
1658 1065 1830 1119 veluti
1869 1066 2120 1136 quaedam

2230 1067 2327 1137 ἀνη
2338 1067 2429 1137 ρεο
2440 1066 2634 1133 ίζοντο.

537 1153 798 1222 praeclara
830 1155 1015 1221 stella,
1048 1157 1217 1212 etiam
1257 1157 1305 1213 is
1342 1158 1583 1227 refulsit,
1645 1158 1807 1227 cujus
1871 1173 2040 1229 supra
2090 1159 2488 1225 .meminimus,
2536 1159 2827 1216 Arscuius.
2873 1160 3088 1217 Paucos
3161 1171 3369 1225 autem,
3424 1169 3488 1215 ut
3536 1161 3803 1231 specimen

533 1246 757 1316 aliquod
811 1256 1096 1303 tantorum
1178 1249 1452 1317 virorum,
1494 1250 1591 1337 qui
1642 1262 1758 1307 tum
1823 1251 2197 1323 episcopalem
2236 1252 2583 1309 functionem
2632 1253 2860 1319 obiere,
2913 1254 3194 1310 recensui.
3246 1253 3620 1310 Laboriosum
3668 1254 3806 1309 enim

532 1351 681 1396 esset
721 1357 916 1398 omnes
968 1345 1199 1412 referre,
1241 1346 1696 1418 quandoquidem
1746 1347 1936 1419 plures
1986 1347 2119 1403 boni
2162 1357 2333 1417 atque
2395 1347 2616 1404 honesti
2668 1348 2847 1412 fuere,
2897 1364 3137 1418 quorum
3201 1349 3372 1406 etiam
3412 1349 3546 1406 vita:
3592 1348 3809 1403 institu-

536 1443 650 1486 tum
685 1437 1007 1492 testimonio
1031 1438 1151 1510 ipse
1183 1455 1285 1495 suo
1311 1442 1663 1511 confirmavit
1694 1443 1860 1499 Deus.
1887 1440 2121 1499 Orantes
2157 1442 2307 1498 enim
2380 1457 2477 1498 eos
2543 1443 2816 1510 exaudiit.
2846 1453 2906 1498 et
2935 1444 3187 1516 prodigia
3236 1459 3380 1500 nova
3425 1459 3530 1514 per
3560 1458 3658 1499 eos
3694 1443 3807 1498 edi~

536 1532 641 1586 dit.
678 1530 745 1585 Et
775 1533 846 1587 ab
874 1533 957 1588 eis
985 1550 1211 1606 quoque
1248 1537 1321 1591 ita
1350 1536 1600 1594 Ecclesia
1633 1538 1904 1594 catholica
1974 1539 2393 1605 administrata,
2460 1538 2627 1594 simul
2664 1548 2721 1594 et
2770 1539 2959 1595 clerus
2989 1547 3047 1595 et
3116 1539 3377 1610 populus,
3445 1538 3518 1593 ad
3568 1540 3805 1595 eumdem

538 1643 666 1684 cum
726 1628 838 1685 illis
895 1630 1118 1686 virtutis
1176 1634 1434 1689 ardorem
1494 1644 1549 1686 et
1604 1635 2009 1690 aemulationem
2067 1632 2479 1690 cst‘excitatus.

1071 1743 1303 1801 CAPUT
1345 1746 1581 1805 XLVIII.

537 1831 614 1884 De
635 1822 934 1888 inventione
973 1835 1321 1907 reliquiarum
1347 1842 1556 1895 Abacuc
1589 1851 1638 1897 et
1667 1841 1906 1898 illic/ima!
1927 1885 1940 1906 ,
1980 1852 2117 1897 vete-

1052 1924 1172 1962 rum
1197 1912 1602 1981 prophetarum.

610 2016 825 2092 Religio
855 2038 987 2076 vero
1029 2040 1141 2080 non
1184 2040 1283 2097 per
1312 2022 1417 2083 hos
1441 2036 1656 2083 tantum
1700 2034 1907 2099 majora
1937 2027 2123 2098 capie-

535 2113 631 2170 bat
669 2114 1035 2185 incrementa,
1070 2135 1262 2175 verum
1306 2137 1428 2176 eam
1457 2120 2120 2187 etiameolzonestarunt,

533 2219 705 2280 atque
756 2220 815 2264 ut
869 2227 1090 2282 aequum
1140 2224 1225 2270 est
1259 2230 1424 2286 quam
1474 2217 1711 2273 maxime
1756 2225 2123 2281 exornarunt,

535 2316 661 2370 quae
712 2312 825 2356 tum
875 2314 1262 2375 apparuerunt
1311 2315 1562 2362 veterum
1602 2317 1771 2379 atque
1818 2308 2122 2363 illustrium

534 2394 946 2465 prophetarum
1015 2398 1288 2470 reliquiae.
1357 2401 1585 2458 Abaeuc
1644 2403 1794 2458 enim
1857 2403 2124 2474 primum,

536 2487 743 2544 deinde
788 2488 1068 2558 Michaeas,
1099 2503 1158 2549 et
1203 2492 1425 2549 tandem
1464 2504 1588 2566 post
1627 2494 1731 2552 bos
1766 2495 1985 2552 celebre
2027 2495 2128 2551 Ba-

536 2580 721 2653 ptista:
760 2590 927 2652 caput
955 2598 986 2639 e
1029 2592 1176 2640 terra
1215 2585 1501 2642 exstitere.
1537 2588 1761 2644 Abacuc
1802 2587 2028 2658 quidem
2070 2599 2126 2642 et

538 2673 782 2730 Michaue
835 2674 1103 2747 reliquias
1142 2676 1333 2733 divina
1380 2679 1545 2749 visio,
1595 2681 1760 2737 sicuti
1808 2681 2018 2746 audivi,
2069 2681 2125 2736 in

538 2768 753 2824 somnis
795 2767 1016 2824 Zebeno
1068 2770 1340 2835 ostendit,
1387 2772 1840 2844 Eleutheropolis
1870 2789 1938 2830 eo
1983 2783 2124 2829 tem-

537 2874 674 2931 pore
711 2861 1012 2919 ecclesiam
1053 2864 1413 2935 gubernanti.
1459 2866 1537 2921 Ea
1582 2875 1769 2923 autem
1808 2868 1940 2924 urbs
1969 2867 2124 2934 Cela,

536 2963 706 3025 atque
731 2954 900 3011 etiam
932 2965 1063 3013 ante
1090 2958 1142 3014 id
1173 2973 1406 3027 nomen,
1435 2958 1585 3016 Ceila
1614 2962 1889 3032 appellata
1922 2962 2123 3027 fuerat,

536 3046 703 3123 334
734 3047 825 3104 ubi
854 3049 1079 3106 Abacuc
1103 3052 1366 3109 inventus
1397 3063 1503 3109 est.
1537 3054 1620 3111 Ab
1649 3071 1715 3110 ea
1741 3057 1899 3127 quasi
1928 3057 2127 3113 stadiis

536 3142 728 3196 decem
768 3143 926 3199 locus
955 3135 1180 3215 quidam
1235 3145 1592 3218 Berathpasia
1643 3148 1721 3221 (l)
1766 3151 2125 3221 cognomina-

539 3247 630 3290 tus
668 3236 861 3302 distat,
907 3238 999 3294 ubi
1041 3239 1281 3297 Michaea:
1313 3243 1637 3311 sepulcrum
1664 3257 1787 3299 esse
1813 3243 2122 3301 dicebatur.

536 3324 697 3392 Quod
744 3325 936 3383 fideles
982 3328 1329 3400 ignorantes,
1376 3348 1488 3388 una
1529 3348 1658 3390 cum
1706 3333 1905 3390 incolis
1945 3335 2124 3405 patria

2821 1750 3072 1805 ΚΕΦΑΛ.
3098 1750 3239 1805 Mll'.

2265 1843 2403 1912 Περὶ
2442 1841 2552 1911 τῆς
2593 1843 2891 1911 εὑρέσεως
2938 1842 3060 1896 τῶν
3107 1843 3422 1912 ,λειψάνων
3463 1840 3809 1911 Ἄϐὅακοὺμξ

2406 1913 2509 1966 καὶ
2545 1915 2803 1984 Μιχαίου
2831 1912 2951 1969 τῶν
2973 1911 3251 1968 παλαιῶν
3283 1913 3639 1983 προφητῶν.

2300 2027 2416 2081 Οὐκ
2440 2027 2499 2081 ἐν
2528 2026 2739 2090 τούτοις
2762 2027 2818 2081 δὲ
2851 2027 3038 2095 μόνοις
3082 2029 3115 2097 ἠ
3159 2027 3431 2098 θρησκεία
3471 2026 3712 2080 ἐπεδίδου
3737 2027 3809 2086 είς

2231 2118 2444 2191 μεῖζον,
2470 2117 2587 2173 ἀλλ’
2616 2118 2910 2191 ἐγέραιρον
2934 2120 3163 2190 ταύτην,
3185 2119 3283 2172 καλ.
3297 2118 3376 2183 ὡς
3407 2119 3559 2182 εἰκὸς
3591 2117 3651 2171 εὖ
3676 2115 3808 2187 μάλα

2227 2208 2549 2281 ἑσέμνυνον,
2590 2210 2687 2263 καλ⁵
2719 2210 2954 2280 λείψανα
2984 2209 3093 2264 τῶν
3138 2210 3305 2265 πάλαι
3333 2209 3659 2281 περιφανῶν
3684 2225 3809 2280 προ-

2227 2302 2417 2370 φητῶν
2465 2305 2606 2357 κατὰ
2640 2301 2831 2357 τοῦτον
2858 2303 2948 2357 τδν
2974 2304 3168 2376 χρόνον
3209 2304 3646 2374 ἀναφαινόμενα.
3691 2302 3809 2371 Ἀμ-

2227 2395 2448 2465 ϐακοὺμ
2490 2394 2601 2466 γὰρ
2633 2397 2927 2467 πρότερον,
2963 2396 3156 2451 ἔπειτα
3205 2396 3264 2450 δὲ
3293 2397 3395 2451 καὶ
3444 2396 3684 2466 Μιχαίας
3714 2392 3806 2461 τῆς

2227 2489 2333 2559 γῆς
2368 2490 2658 2557 ἀνεδίδοτο,
2691 2493 2788 2545 καὶ
2834 2492 2869 2562 ἡ
2901 2490 3228 2564 περιϐόητος
3278 2490 3422 2561 μετὰ
3461 2489 3682 2551 τούτους
3721 2483 3806 2538 τοῦ

2228 2580 2537 2635 Βαπτιστοῦ
2566 2581 2804 2654 κεφαλή.
2852 2581 3182 2663 Ἀμϐακοὺμ
3218 2581 3320 2653 μιν
3345 2576 3445 2636 οὗν
3481 2579 3576 2634 καὶ
3609 2574 3808 2647 Μιχαία

2225 2676 2297 2729 τὰ
2350 2674 2599 2745 λείψανα,
2651 2675 2774 2746 ὄψις
2804 2675 2944 2742 θεία,
2977 2673 3052 2739 ὥς
3084 2675 3138 2743 γ’
3177 2674 3490 2746 ἐπυθόμην,
3521 2671 3805 2741 ὀνείρατος,

2228 2768 2442 2839 Ζεϐἑνῳ
2471 2769 2766 2837 ὑπέφαινε,
2802 2768 3107 2840 τηνικαῦτα
3137 2768 3239 2839 τὴν
3292 2760 3805 2835 Ἑλευθεροπολιτῶν

2227 2861 2527 2930 ἐκκλησίαν
2570 2860 3013 2933 ἐπιτροπεύοντι.
3043 2861 3190 2915 Κελὰ
3218 2859 3298 2925 δὲ,
3333 2861 3438 2914 καὶ⁸
3487 2859 3596 2929 πρὸ
3629 2854 3805 2909 τούτου

2228 2952 2294 3025 δὴ
2309 2952 2411 3007 ετοῦ
2433 2953 2722 3023 ὀνόματος,
2754 2952 2928 3007 Κεῖλὰ
2962 2952 3253 3023 ὠνόμαστο
3282 2953 3316 3022 ἠ
3347 2947 3801 3020 Ἐλευθερόπολις,

2228 3048 2353 3102 καθ’
2371 3049 2437 3119 ἢν
2458 3048 2489 3102 ό
2521 3045 2850 3118 Ἀμϐακοὺμ
2871 3047 3091 3120 εὑρέθη.
3114 3045 3360 3100 Ἐκεῖθεν
3389 3046 3446 3099 δὲ
3472 3044 3604 3098 ὡσεὶ
3632 3039 3802 3097 στάδια

2227 3141 2362 3196 δέκα
2383 3141 2482 3210 τῆς
2513 3141 2722 3205 πόλεως
2749 3140 2996 3204 διεστὼς,
3022 3139 3201 3211 χῶρός
3244 3138 3328 3202 τίς
3370 3141 3493 3195 ἐστι
3526 3136 3803 3208 Βηραθπα·

2231 3235 2324 3289 σία
2353 3233 2714 3306 καλούμενος,
2737 3236 2795 3288 ὲν
2818 3225 2864 3302 ᾧ
2889 3235 2916 3287 ὁ
2939 3234 3178 3305 Μιχαίου
3200 3232 3372 3302 τάφος
3412 3226 3554 3285 εἶναι
3587 3228 3803 3296 ἐλέγετο.

2233 3329 2298 3383 Oi
2327 3328 2385 3384 δὲ
2420 3328 2606 3383 πιστοὶ
2644 3326 2791 3382 τοῦτ’
2822 3325 3165 3396 ἀγνοοῦντες,
3198 3325 3308 3389 τοῖς
3338 3323 3665 3396 ἐπιχωρίοις
3693 3314 3803 3370 ἐπί·

536 3434 678 3478 voce
738 3420 1255 3498 Nepbsameemana
1316 3435 1609 3483 vocarunt.
1668 3426 1778 3485 Sed
1837 3428 2123 3500 prephelte

2230 3439 2330 3494 σης
2387 3420 2713 3494 ὠνόμαζον,
2774 3419 3228 3491 Νεφσαμεεμανὰ
3279 3417 3504 3488 πατρίῳ
3559 3414 3705 3485 φωνῇ
3751 3406 3805 3461 τδ

538 3510 761 3570 Zebeno
786 3515 840 3570 in
873 3517 1086 3571 somnis
1105 3525 1456 3588 apparentes,
1484 3518 1951 3590 quemadmodum
1986 3520 2123 3588 dixi,

537 3609 756 3679 seipsos
780 3606 877 3678 qui
911 3617 1120 3677 essent,
1151 3608 1496 3668 indicarunt.

1105 3813 1338 3871 CAPUT
1380 3815 1571 3874 XLIX.

541 3904 616 3962 De
648 3905 953 3963 inventione
1002 3910 1206 3963 sacrati
1252 3911 1445 3975 capitis
1484 3912 1590 3967 divi
1620 3911 1846 3968 Joannis
1882 3913 2129 3971 Pra’cur-

1071 3982 1210 4035 saris
1239 3989 1290 4035 et
1315 3981 1593 4054 Baptism.
2004 4062 2010 4068 .

608 4092 1016 4150 Admirandum
1069 4105 1256 4152 autem
1300 4108 1359 4153 et
1401 4099 1622 4155 celebre
1657 4101 1914 4172 Baptism:
1963 4111 2127 4171 caput

537 4187 788 4258 ejusdem
819 4187 1038 4260 imperii
1066 4199 1313 4261 tempore
1338 4195 1650 4254 inventum.
1679 4195 1732 4249 in
1758 4194 2125 4252 clarissimatu

542 4281 735 4336 urbem
765 4281 1307 4355 Constantinopolim
1338 4295 1424 4341 est
1455 4287 1831 4357 deportatum.
1876 4288 1933 4343 Id
1968 4288 2126 4346 nam-

539 4389 650 4444 que
687 4374 977 4442 Herodias,
1007 4377 1154 4448 quod
1197 4378 1380 4433 adhuc
1425 4379 1687 4450 Baptistae
1733 4381 2127 4451 reprehensio-

540 4482 665 4521 nem
720 4471 958 4535 timeret,
1011 4469 1066 4524 in
1120 4469 1356 4526 Herodis
1403 4473 1550 4542 regia
1599 4473 1852 4528 abstruso
1884 4474 2123 4545 quodam

536 4563 660 4617 loco
701 4563 1016 4633 sepelierat.
1055 4562 1164 4619 Sed
1218 4579 1332 4618 rem
1371 4574 1480 4619 tam
1529 4575 1776 4622 sanctam
1818 4567 2005 4623 divina
2039 4569 2125 4623 vi-

536 4654 697 4710 sione
724 4654 993 4709 admoniti
1022 4657 1280 4711 monachi
1313 4657 1540 4726 quidam
1572 4658 1981 4715 Macedonians:
2016 4662 2127 4718 ha:-

2235 3517 2426 3588 μνῆμα
2461 3515 2779 3578 καλοῦντες.
2829 3510 2971 3568 Ἀλλ’
3005 3512 3237 3575 ἀαυτοὺς
3267 3511 3317 3564 oi
3364 3510 3641 3582 προφῆται
3684 3503 3803 3569 όναρ

2231 3609 2444 3679 Ζεϐἐνῳ
2486 3609 2865 3678 ἐπιφανέντες,
2897 3609 2972 3672 ὡς
3020 3606 3260 3680 εἴρηται,
3293 3609 3496 3670 οἵτινες
3529 3600 3656 3667 εἷεν,
3683 3595 3805 3667 ἐμή·

2231 3720 2425 3759 νυσαν.

2811 3816 3066 3873 ΚΕΦΑΛ.
3104 3813 3239 3871 ΜΘ’.

2231 3914 2366 3979 Περὶ
2398 3910 2510 3979 τῆς
2537 3910 2837 3984 εὑρέσεῳς
2857 3909 2969 3984 τῆς
2995 3910 3192 3984 τιμίας
3223 3909 3494 3984 κεφαλῆς
3526 3904 3629 3960 τοῦ
3645 3900 3802 3984 ario”

2352 3984 2638 4037 Ἰωάννου
2670 3981 2779 4037 τοῦ
2813 3981 3162 4050 ιΙροδρόμου
3198 3981 3298 4033 καὶ
3333 3981 3698 4033 Βαπτιστοῦ.

2314 4099 2479 4153 Ἀλλά
2495 4099 2589 4152 καὶ
2617 4098 2909 4168 θαυμαστὴ
2930 4097 3028 4153 καὶ
3047 4113 3115 4150 πε
3125 4096 3375 4168 ριϐόητος
3400 4094 3495 4149 τοῦ
3513 4079 3799 4147 Βαπτιστοῦ

2230 4192 2443 4264 κεφαλὴ
2497 4192 2591 4247 ἐπὶ
2630 4191 2730 4262 τῆς
2766 4191 3051 4262 παρούσης
3081 4190 3373 4261 εὑρεθεῖσα
3408 4185 3698 4261 ἡγεμονίας
3732 4176 3802 4236 εἰς

2227 4287 2327 4357 τὴν
2351 4285 2770 4341 Κωνσταντίνου
2795 4286 3269 4354 περιφανεστάτην
3288 4282 3443 4336 πόλιν
3463 4269 3797 4368 ἀνεκομίσθ¹ξ

2241 4380 2308 4435 Ἦ
2343 4382 2453 4451 γὰρ
2501 4378 2776 4451 Ἡρωδιὰς
2815 4379 2912 4432 καὶ
2943 4378 3027 4433 ἔτι
3060 4377 3152 4431 τὸν
3185 4376 3409 4446 ἔλεγχον
3445 4370 3691 4428 δειλιῶσα
3718 4375 3798 4414 του

2229 4471 2560 4535 Βαπτιστοῦ,
2589 4471 2733 4525 κατὰ
2759 4473 2819 4524 τὸ
2859 4472 3104 4543 Ἡρώδου
3134 4470 3461 4540 ἀνάκτορον,
3493 4463 3685 4536 ἀφανεῖ
3706 4470 3798 4510 τινι

2228 4568 2383 4637 τόπῳ
2432 4566 2640 4636 ταύτην
2671 4566 3089 4635 κατέκρυπτενο
3123 4564 3192 4635 ἣν
3239 4580 3387 4627 τινες
3422 4562 3541 4631 ὄψει
3571 4552 3799 4617 θειοτέρξι

2232 4659 2464 4730 μοικαχοὶ
2493 4660 2591 4729 τῆς
2624 4658 2964 4712 Μακεδονίου
2984 4656 3252 4725 αἱρέσεως
3274 4655 3591 4727 εὑρηκότες,
3627 4655 3800 4715 πρωτα

538 4747 680 4801 resis
708 4747 1046 4803 invenerunt
1079 4765 1095 4802 :
1129 4750 1225 4819 qui
1272 4750 1512 4820 primum
1542 4751 1767 4820 quidem
1804 4749 2122 4826 Hieroson-

2233 4753 2332 4823 μὲν
2361 4754 2420 4805 ἐν
2472 4749 2869 4820 Ἱεροσολύμοις
2894 4748 3163 4819 διέτριϐον
3188 4762 3203 4778 ο
3235 4744 3336 4803 εἶτ’
3374 4749 3586 4801 ἐκεῖθεν
3613 4731 3801 4842 eig'Ki:

535 4840 641 4894 mis
688 4838 970 4906 vixerunt,
1024 4851 1219 4910 postea
1270 4852 1457 4897 autem
1504 4842 1559 4896 in
1595 4842 1845 4899 Ciliciam
1887 4848 2124 4901 commi-

536 4939 789 4999 grarunt.
829 4934 1012 5002 Atque
1063 4932 1157 4987 ubi
1219 4942 1389 5003 caput
1439 4933 1493 4989 id
1553 4934 1629 4990 ibi
1682 4951 1808 4992 esse
1853 4938 2127 5008 comperit

536 5023 857 5079 Mardonius
907 5027 1007 5095 (2),
1059 5026 1153 5096 qui
1198 5027 1419 5098 primus
1465 5028 1608 5086 inter
1665 5030 1985 5100 imperiales
2031 5048 2129 5087 eu—

539 5115 757 5171 nuchos
785 5117 913 5184 fuit,
961 5119 1343 5175 inventionem
1387 5136 1510 5176 eam
1550 5122 1766 5177 Valenti
1811 5123 2124 5181 indicavit:

538 5216 593 5261 et
627 5207 717 5262 ille
752 5206 803 5262 id
844 5207 1387 5280 Constantinopolim
1419 5212 1621 5268 deferri
1667 5215 1856 5285 jussit.
1888 5214 2123 5282 Quidam

540 5300 708 5369 igitur
746 5303 927 5368 missi,
960 5318 1086 5357 eum
1125 5304 1420 5373 splendido
1447 5290 1812 5363 comitatuin
1850 5309 2124 5379 imperiali

536 5411 704 5447 curru
739 5394 790 5448 id
837 5403 1125 5450 vexerunt.
1155 5395 1257 5452 Ubi
1302 5408 1487 5453 autem
1517 5402 1584 5454 ad
1621 5400 1995 5465 Panticbium,
2022 5416 2123 5472 op-

538 5487 731 5555 pidum
780 5495 1036 5557 parvum,
1093 5505 1200 5545 non
1244 5490 1405 5561 longe
1454 5508 1483 5546 a
1528 5492 1883 5550 Chalcedone
1930 5494 2120 5560 situm,

539 5590 869 5645 perventum
908 5592 1016 5648 est,
1067 5584 1302 5639 ultrrius
1351 5586 1604 5657 progredi
1635 5602 1755 5658 quae
1787 5589 1855 5643 ad
1897 5604 2121 5643 currum

529 5672 741 5739 juncta:
781 5683 943 5729 erant
975 5677 1156 5742 mula),
1189 5680 1446 5747 quamvis
1472 5678 1664 5750 auriga
1691 5681 1775 5735 eis
1816 5658 2117 5736 vellemeti-

538 5768 648 5821 titls
678 5777 735 5824 et
781 5769 995 5839 flagello
1029 5781 1086 5824 et
1132 5771 1443 5826 calcaribus
1480 5775 1547 5826 ad
1595 5790 1820 5827 cursum
1855 5775 2123 5844 instigaus

611 5914 688 5982 (ί)
722 5918 939 5967 Sozam.
978 5918 1063 5967 Itzt'
1088 5931 1136 5968 ei
1176 5914 1543 5986 Hemi/{satira

2228 4845 2386 4907 λικας
2437 4841 2805 4912 μετεχώρουν.
2869 4841 3079 4894 Ἑκείσε
3115 4840 3162 4894 δ’
3210 4837 3306 4917 οὖν
3339 4840 3510 4908 αὐτὴν
3558 4827 3797 4931 φωράξας

2230 4935 2557 5005 Μαρδὰνιος,
2587 4934 2647 4998 ὃς
2678 4932 2894 5004 πρῶτος
2931 4931 3040 4986 τῶν
3083 4930 3385 5001 βασιλικῶν
3416 4927 3680 4994 εὐνούχων
3705 4927 3795 5015 ’ἶνίν

2233 5031 2502 5087 Οὐάλεντι
2526 5026 2719 5098 ἐδήλου
2747 5027 2847 5092 τὴν
2860 5024 3100 5097 εὕρεσιν.
3137 5024 3198 5078 '0
3216 5023 3351 5087 δἐίς
3376 5022 3798 5098 Κωνσταντινουῖ

2230 5125 2390 5177 πολιν
2414 5124 2575 5191 ἄγειν
2607 5093 2826 5175 ίκέλευε
2847 5137 2859 5150 ·
2887 5093 2983 5173 καί
3010 5134 3157 5183 τινες
3187 5118 3555 5189 πεμφθέντες,
3585 5093 3795 5173 λαμπρᾷ

2232 5222 2538 5291 προπομπῇ
2569 5220 2627 5271 ἐν
2661 5217 2964 5288 βασιλικοῖς
2997 5215 3273 5285 ὀχήμασιν
3296 5208 3451 5282 ἦγον.
3488 5206 3575 5267 ὀς
3596 5199 3661 5291 δὲ,
3680 5190 3793 5258 περὶ

2232 5290 2293 5366 το
2330 5312 2652 5380 Παντείχιον
2692 5310 2796 5381 ἥδη
2829 5308 3100 5377 ἐγένοντο,
3133 5306 3331 5376 μικρὸν
3361 5304 3417 5357 δὲ
3448 5300 3604 5351 τοῦτο
3634 5290 3758 5345 ἄστυ
3777 5315 3789 5339 ι

2230 5405 2293 5457 οὐ
2329 5406 2471 5457 πάνυ
2505 5403 2840 5477 πορρωτέρω
2882 5399 2982 5464 τῆς
3002 5397 3339 5469 Χαλκηδόνος
3376 5392 3645 5461 κείμενον,
3674 5386 3790 5479 πεῖ

2229 5497 2434 5565 σιτίρω
2466 5476 2671 5566 βαίνειν
2703 5495 2759 5549 αἱ
2792 5493 2931 5567 πρὸς
2959 5493 3120 5548 τοῦτο
3156 5490 3447 5560 τεταμέναι
3473 5476 3788 5578 quieverat—tt:

2229 5590 2558 5659 ἠϐούλοντο,
2588 5590 2685 5643 καὶ
2731 5586 2906 5642 ταῦτα
2934 5587 3045 5640 τῶν
3082 5580 3543 5654 ὑπηρετουμένων
3582 5569 3787 5659 meme

2228 5646 2722 5752 διαπειλολμένων,
2757 5680 2852 5735 καὶ
2884 5679 2980 5734 τοῦ
3010 5646 3229 5750 ἡνιόχου
3259 5646 3785 5759 χαλέπαίνθντθς]

2234 5776 2571 5846 σφοδροτέρᾳ
2618 5776 2906 5846 χρωμένου
2959 5777 3025 5843 τῇ
3089 5774 3335 5842 μάστιγι,
3374 5767 3466 5820 καὶ
3511 5764 3687 5818 mwi
3716 5752 3783 5803 τῳ

611 5975 686 6047 I’li
723 5987 832 6049 ἰ’ἦς
871 5988 1154 6049 βασιλικῆς
1207 5980 1381 6045 οἰκία,
1428 5989 1646 6048 majora.
1690 5986 1791 6040 huc
1818 5987 2117 6045 cst.imv:r

2230 5984 2445 6037 stlonws
2479 5982 2672 6045 maior.
2706 5983 2923 6035 Sozam.
2951 5979 3043 6034 lib.
3070 5993 3160 6042 vu,
3193 5993 3313 6043 cap.
3346 5975 3432 6027 il.

3364 6245 3384 6285 \
