4062 6498
342 542 444 610 917

1269 536 1881 598 ΕεειΕδιΑδΤιςειί
1921 537 2305 597 ῙΗΞΤῌΚΙΑΞ
2336 537 2478 598 LIB.
2522 539 2666 598 λιι.

3503 536 3609 599 918

344 659 555 729 κέντρῳ
586 654 998 726 διερεθίζοντος.
1059 652 1144 717 Ὠς
1173 653 1226 707 δὲ
1273 653 1439 723 μηδὲν
1468 654 1724 717 ἀνύοντες
1750 650 1891 725 ἦσαν
1913 694 1930 718 ,

2055 654 2374 723 mmineret,
2422 654 2674 710 noluere.
2723 652 2891 709 Porro
2934 670 3057 709 cum
3106 655 3259 725 gravi
3306 651 3372 709 eo
3405 653 3612 725 impetu

342 754 492 818 ξένον
527 768 581 802 τι
627 748 820 818 δηλοῦν
861 748 920 800 τὸ
948 748 1102 800 Θείον
1135 746 1310 800 ἐδόκει
1357 747 1418 799 οὐ
1464 749 1577 807 τοῖς
1605 748 1803 815 ἄγουσι
1830 749 1926 800 καὶ

343 844 641 913 θεωμένοις
688 841 870 913 μόνον,
909 840 1045 894 ἀλλὰ
1073 842 1167 894 καὶ
1195 838 1344 909 αὐτῷ
1367 839 1597 909 βασιλεῖ.
1633 841 1741 895 Καὶ
1770 840 1928 908 δόξαν

344 938 537 1002 οὕτως,
580 935 848 989 ἀπέθεντο
872 933 962 987 τὸν
999 933 1146 1003 ίερδν
1172 934 1385 987 τουτονὶ
1419 932 1695 1004 θησαυρὸν
1731 932 1788 987 εν
1820 951 1927 987 τινι

348 1030 509 1101 κώμῃ
553 1026 905 1098 γειτονούσῃο
951 1025 1043 1079 τοῦ
1093 1025 1362 1079 Κοσιλάου
1418 1026 1623 1094 ταύτην
1664 1024 1927 1096 ἐγχώριος

349 1123 567 1189 ὲγκάλει
602 1122 754 1190 φωνή
779 1134 796 1150 θ
819 1119 913 1171 τοῦ
944 1118 1000 1172 δὲ
1027 1118 1332 1187 Μαρδονίου
1360 1118 1420 1170 τὸ
1447 1119 1634 1188 κτῆμα
1653 1113 1741 1190 ἦν.
1771 1118 1931 1172 Κατὰ

347 1217 401 1269 δὲ
442 1214 630 1268 τοῦτον
657 1214 751 1266 τὸν
791 1211 1004 1282 χρόνον,
1052 1210 1085 1278 ἦ
1116 1209 1212 1264 τοῦ
1241 1210 1401 1272 Θεοῦ,
1445 1209 1478 1280 ἢ
1517 1213 1612 1264 καὶ
1639 1211 1807 1264 αὑτοῦ
1834 1208 1929 1264 τοῦ

349 1307 630 1373 πιοφήτου
664 1305 1014 1372 κινήσαντος,
1068 1304 1134 1373 τῇ
1185 1303 1350 1376 κώμῃ
1394 1301 1569 1372 ταύτῃ
1613 1302 1641 1355 ό
1681 1300 1930 1372 βασιλεὺς

348 1398 639 1470 ἐφίσταται
667 1394 972 1456 Θεοδόσιος.
1008 1393 1102 1457 Εἰς
1132 1393 1257 1447 νοῦν
1285 1393 1340 1446 δὲ
1372 1394 1600 1463 θέμενος
1625 1393 1726 1465 τὴν
1754 1392 1933 1464 κάραν

348 1486 561 1540 ἐκεῖθεν
602 1486 810 1550 λαϐεῖν,
845 1485 1071 1557 ἀντέσχε
1107 1488 1240 1556 μόνη
1284 1486 1601 1557 Ματρώνα’
1642 1488 1675 1557 ἢ
1715 1486 1934 1555 παρθὲ-

347 1559 435 1640 νοξ
465 1578 599 1633 οὖσα
622 1580 719 1632 καὶ
745 1578 1101 1648 ἀφιερωμένη
1149 1577 1268 1648 Θεῷ
1287 1621 1302 1645 ,
1336 1581 1403 1650 τῇ
1456 1577 1577 1650 θείᾳ
1623 1578 1812 1633 εἶπετο
1842 1578 1934 1632 τοῦ

350 1670 662 1726 Βιπτιστοῦ
694 1669 931 1741 κεφαλῇ,
959 1668 1288 1724 διακονοῦσα
1317 1670 1389 1724 τὰ
1413 1671 1696 1740 ἐπιτήδεια
1721 1673 1786 1739 τῇ
1809 1667 1933 1739 ὀδῷ,

359 1766 457 1818 καὶ
489 1765 668 1834 φύλαξ
696 1763 1079 1832 καθισταμένη
1101 1780 1117 1793 ”
1179 1763 1248 1834 ἢν
1293 1762 1359 1833 δὴ
1387 1764 1652 1831 γενναίως
1676 1763 1937 1816 ἀνθισταο

354 1860 547 1931 μένην,
599 1858 700 1911 οὐκ
745 1855 885 1927 ᾤετο
911 1856 1022 1909 δεῖν
1059 1855 1204 1909 οὕτω
1236 1852 1549 1924 βιάσασθαι.
1597 1856 1832 1908 Ἰκεσίαν
1879 1855 1938 1908 δὲ

353 1952 673 2023 προςάγων,
737 1952 1046 2020 συγχωρεῖν
1104 1950 1275 2004 ἔδεῖτο
1299 1963 1314 1979 ·
1377 1949 1534 2018 μόλις
1590 1949 1647 2001 δὲ
1699 1948 1936 2002 ἐνεδίδου

352 2046 537 2119 ἐκείνῃ
565 2046 808 2116 ἀνήνυτα
840 2044 937 2098 καὶ
965 2046 1157 2098 τοῦτον
1185 2042 1415 2113 οἰομένη
1448 2042 1767 2111 ἐπιχειρεῖν,
1799 2040 1941 2094 καθὰ

355 2145 448 2195 καὶ
477 2142 739 2195 Οὐάλεντι
775 2139 981 2207 συνὲὖη
1005 2135 1418 2207 συμὸἁλλουσα.
1462 2134 1522 2187 Ὅ
1550 2134 1607 2187 δὲ
1640 2137 1739 2204 τὴν
1763 2134 1941 2203 θήκην

354 2229 460 2310 ὲνῇ
482 2233 605 2304 ἱερὰ
630 2232 920 2286 κατέκειτο
952 2228 1186 2299 κεφαλὴ,
1204 2231 1269 2301 τῇ
1296 2226 1576 2297 ἁλουργίδι
1604 2223 1939 2296 περιελίξας,

352 2323 516 2385 αὐτὸς
561 2321 664 2374 ἀνὰ
703 2322 891 2392 χεῖρας
945 2318 1175 2372 διετέλει
1226 2317 1538 2388 βαστάζων,
1573 2314 1702 2386 ἄχρι
1737 2313 1803 2383 δὴ
1837 2314 1943 2383 πρὸ

353 2416 452 2482 τῆς
499 2414 906 2466 Κωνσταντίνου
958 2412 1038 2482 τῷ
1083 2410 1367 2482 λεγομένῳ
1429 2408 1679 2476 Ἑϐδόμῳ
1737 2405 1944 2476 ταύτην

357 2506 614 2560 κατέθετο
638 2520 652 2538 ο
683 2506 815 2559 ὗπου
834 2503 898 2574 δὴ
930 2503 1297 2574 διαφερόντως
1326 2501 1607 2571 σεμνύνων
1622 2499 1713 2551 τὸν
1744 2498 1947 2550 Βαπτι-

361 2601 508 2671 στὴν,
561 2600 657 2654 καὶ
686 2598 823 2652 νεὼν
861 2598 1116 2668 μέγιστον
1151 2594 1251 2649 καὶ
1282 2594 1472 2648 κάλλει
1504 2593 1793 2661 κάλλιστον
1823 2592 1947 2644 avsa

359 2696 552 2764 γεῑρει.
588 2693 761 2747 Πολλὰ
793 2692 850 2744 δὲ
885 2693 977 2745 καὶ
1005 2690 1270 2752 πολλάκις
1296 2687 1618 2758 Ματρώναν
1639 2682 1945 2756 μετελθὼν,

359 2793 452 2839 aut
476 2786 860 2855 ὑπεσχημένος
884 2782 1288 2854 κεχαρισμένα,
1312 2778 1627 2850 μεταθεῖναι
1660 2778 1760 2846 τὴν
1792 2777 1948 2840 δόξαν

356 2882 560 2953 ἥκιστα
585 2877 831 2932 ἔπειθεν·
866 2871 935 2948 ἦν
962 2876 1070 2946 γὰρ
1118 2872 1380 2928 νοσοῦντα
1405 2873 1476 2924 τὰ
1499 2873 1596 2941 τῆς
1613 2868 1948 2925 Μακεδονίου

358 2973 656 3042 αἱρέσεωςο
693 2969 903 3038 καίπερ
950 2969 1251 3030 Βικεντεου,
1286 2963 1362 3029 ὅς’
1393 2961 1760 3034 πρεσϐύτερος
1785 2956 1854 3032 ἦν
1881 2959 1951 3011 τὰ

362 3066 455 3118 (ea.
481 3063 717 3133 φρονῶν,
750 3063 845 3115 καὶ
880 3061 948 3113 τὰ
975 3059 1106 3124 περὶ
1136 3059 1235 3127 τὴν
1261 3061 1440 3127 θήκην
1472 3056 1670 3124 ὲπίσης
1705 3053 1844 3124 αὐτῇ
1874 3048 1952 3121 τῷ

360 3157 640 3224 Βαπτιστῇ
686 3154 965 3222 πράττων,
1002 3150 1100 3203 καὶ
1133 3148 1477 3217 διὰιταύτην
1512 3145 1830 3216 ίερωμένος,
1858 3143 1951 3194 εὑ-

363 3249 460 3312 θὺς
491 3246 916 3318 μεταϐαλόντος,
957 3242 1053 3295 καὶ
1085 3245 1150 3311 τῇ
1190 3239 1420 3300 καθόλου
1456 3236 1953 3309 προσχωρήσαντος

2031 747 2166 801 nihil
2215 746 2522 811 eﬂicerent,
2559 749 2686 801 novi
2741 747 3004 815 quiddam
3059 748 3230 802 Deum
3279 749 3616 817 signiﬁcare.

2034 854 2145 895 non
2183 840 2447 894 ductores
2478 840 2645 894 modo
2682 850 2738 896 et
2769 850 3134 910 Spectatores,
3168 841 3260 895 sed
3295 842 3411 909 ipse
3450 841 3615 894 etiam

2034 934 2339 1000 imperator
2372 933 2732 987 existimavit.
2776 935 2968 1004 Itaque
3002 935 3262 1003 placitum
3297 943 3402 998 est,
3441 944 3502 989 ut
3533 949 3620 989 sa-

2031 1040 2125 1079 cer
2156 1024 2261 1078 iste
2305 1024 2619 1089 thesaurus,
2660 1033 2774 1078 tum
2828 1025 2883 1079 in
2928 1027 3114 1099 vicino
3157 1025 3299 1087 vico.
3332 1041 3494 1095 Quem
3532 1026 3620 1079 in-

2031 1115 2165 1170 colae
2199 1114 2476 1168 Cosilaum
2524 1114 2798 1169 vocabant
2837 1116 2978 1185 (erat
3012 1125 3194 1170 autem
3248 1117 3303 1168 in
3351 1113 3620 1169 Mardonii

2035 1207 2310 1273 dominio)
2338 1204 2716 1275 deponerent.
2759 1205 3034 1261 Caeterum
3078 1208 3184 1262 hoc
3237 1218 3485 1278 tempore
3531 1222 3623 1262 ac-

2032 1300 2191 1367 cidit,
2222 1300 2338 1354 sive
2372 1300 2484 1353 Deo
2509 1314 2607 1355 seu
2638 1299 2909 1368 Propheta
2944 1301 3064 1368 ipso
3100 1300 3422 1371 instigante,
3455 1309 3516 1354 ut
3553 1299 3619 1352 ad
3680 1324 3687 1329 -

2033 1393 2217 1448 vicum
2247 1393 2395 1447 hunc
2439 1390 2789 1447 Theodosius
2823 1391 3056 1446 veniret.
3094 1392 3165 1447 Et
3194 1408 3316 1445 cum
3361 1404 3528 1460 caput
3570 1393 3622 1445 id

2038 1485 2166 1540 inde
2209 1485 2512 1540 transferre
2540 1484 2946 1545 constituisset.
2997 1484 3114 1540 sola
3156 1484 3208 1540 ei
3254 1482 3474 1540 obstitit
3517 1483 3628 1539 Ma-

2036 1586 2218 1641 trona,
2276 1574 2387 1632 Deo
2422 1576 2604 1631 dicata
2653 1576 2831 1648 virgo,
2865 1592 2988 1648 qua:
3026 1577 3275 1631 divinant
3324 1572 3432 1632 hoc
3465 1587 3631 1642 caput

2038 1669 2298 1740 Baptista:
2340 1669 2699 1740 sequebatur.
2756 1681 2819 1726 ut
2868 1670 2925 1725 in
2978 1671 3178 1727 itinere
3219 1687 3320 1742 pro
3356 1686 3423 1725 eo
3463 1681 3629 1737 atque

2037 1775 2180 1832 opus
2231 1772 2398 1826 esset,
2452 1763 2502 1818 ei
2554 1763 2893 1831 inserviret,
2949 1774 3247 1835 custosque
3297 1762 3416 1832 ejus
3460 1772 3627 1819 esset.

2038 1857 2200 1929 335
2231 1857 2361 1912 Eam
2396 1873 2528 1913 vero
2559 1857 2865 1928 imperator
2896 1874 3094 1929 magno
3137 1858 3323 1912 animo
3355 1857 3632 1912 obsisten-

2043 1962 2175 2017 tem,
2231 1950 2462 2005 minime
2505 1951 2553 2004 vi
2608 1951 2910 2020 cogendam
2962 1952 3192 2015 ducens,
3244 1953 3503 2021 precibus
3546 1959 3633 2003 est

2045 2059 2362 2115 aggressus,
2420 2053 2482 2098 ut
2517 2045 2938 2098 translationem
2971 2048 3092 2099 eam
3134 2043 3500 2114 permitteret.
3536 2041 3630 2095 illa

2047 2137 2102 2192 id
2153 2135 2448 2193 diﬂiculter
2506 2136 2728 2192 tandem
2788 2139 3006 2204 annuit,
3067 2153 3182 2192 rem
3258 2154 3408 2203 eum,
3465 2154 3630 2208 quam

2046 2232 2312 2302 perlicere
2346 2232 2627 2301 nequiret,
2662 2231 2826 2287 sicuti
2857 2233 3024 2287 etiam
3052 2232 3269 2286 Valenti
3303 2232 3630 2302 contigerat.

2046 2340 2146 2393 per
2171 2325 2553 2396 conjecturam
2604 2324 2827 2394 aggredi
2873 2332 3013 2379 rata.
3057 2324 3126 2379 At
3157 2323 3507 2379 Theodosius
3542 2340 3631 2377 ar-

2048 2433 2193 2481 cam,
2240 2417 2293 2470 in
2331 2432 2438 2485 qua
2476 2431 2695 2471 sacrum
2734 2424 2897 2485 caput
2932 2418 3235 2485 repositqu
3274 2416 3470 2478 fuerat.
3506 2433 3635 2485 pur-

2048 2523 2186 2578 pura
2237 2506 2730 2568 circumvolutum.
2766 2506 2885 2576 ipse
2938 2507 3196 2561 manibus
3228 2508 3345 2561 suis
3378 2509 3633 2577 gesmvit.

2052 2616 2228 2670 usque
2279 2600 2344 2655 ad
2391 2598 2697 2668 Septimam
2727 2616 2848 2668 qua:
2871 2599 3104 2655 -dieitur
3153 2602 3433 2669 regionem
3483 2601 3638 2654 urbis

2048 2688 2678 2758 Constantinopolitanae
2727 2707 2742 2744 :
2797 2688 2889 2742 ubi
2951 2689 3004 2742 id
3069 2689 3342 2758 reposuit,
3409 2690 3635 2758 templo.

2051 2782 2179 2837 divo
2206 2780 2486 2850 Baptistae,
2515 2796 2677 2849 quem
2711 2780 2992 2850 praecipue
3024 2781 3365 2847 celebrabat,
3401 2785 3639 2836 maximo

2051 2878 2107 2926 et
2134 2869 2513 2940 pulcherrimo
2542 2878 2868 2925 constructo
2901 2871 2999 2941 (l).
3035 2868 3100 2925 Et
3130 2888 3254 2927 cum
3304 2888 3447 2942 szepe
3496 2874 3639 2926 mqu

2054 2972 2285 3033 tumque
2322 2963 2630 3018 Matronam
2671 2962 2925 3016 maximis
2956 2963 3395 3034 gratissimisque
3426 2965 3641 3031 pollici-

2055 3056 2383 3120 tationibus,
2417 3065 2477 3110 ut
2508 3054 2633 3110 lidei
2661 3056 2999 3110 sententiam
3035 3067 3276 3110 mutaret
3307 3057 3637 3127 (Macedonii

2053 3149 2203 3203 enim
2244 3147 2476 3204 haeresis
2516 3147 2812 3203 tenebatur
2853 3148 3094 3215 morbo),
3137 3164 3430 3218 aggressus
3462 3157 3634 3215 esset,

2053 3239 2396 3311 persuadere
2425 3239 2478 3294 id
2515 3240 2565 3295 ei
2598 3256 2705 3296 non
2737 3240 2916 3312 potuit
2951 3256 2966 3294 :
3001 3257 3126 3296 cum
3153 3241 3376 3312 quidem
3414 3241 3640 3296 Vincen-

376 3341 697 3410 Ἐκκλησία,
748 3340 843 3394 καὶ
868 3333 1022 3390 ταῦτ’
1066 3334 1360 3403 ἀπώμοτον
1407 3330 1660 3399 θεμένου,
1693 3327 1768 3391 ὥς
1820 3343 1947 3397 φασι

2060 3334 2190 3394 tius.
2226 3332 2479 3402 ejusdem
2524 3334 2810 3402 religionis
2848 3334 3162 3405 presbyter,
3200 3335 3296 3405 qui
3334 3336 3476 3390 idem
3513 3351 3640 3391 cum

361 3436 438 3489 Μ.
458 3430 1021 3501 κεδονιανοι,,μήποτε
1055 3426 1151 3488 τὴν
1179 3425 1388 3477 οίκείαν
1408 3422 1568 3488 δόξαν
1594 3419 1946 3485 ἀπώσασθαι,

367 3524 628 3596 μετέθετο
644 3522 700 3577 δὲ
741 3521 929 3592 ὁρίσας
961 3519 1152 3581 οὕτως·
1185 3519 1344 3586 εἰπερ
1374 3515 1550 3568 ἕλοιτο
1583 3515 1611 3567 ὁ
1642 3512 1951 3582 Βαπτιστής

365 3616 728 3685 ἀκολουθῆσαι
780 3614 856 3684 τῷ
891 3613 1122 3681 βασιλεῖ,
1154 3610 1251 3664 καὶ
1286 3608 1448 3663 αὐτὸν
1499 3607 1601 3678 τὴν
1650 3606 1951 3677 θρησκείαν

366 3711 689 3773 ἀποθέσθαι,
727 3709 821 3766 καὶ
851 3707 998 3776 αὐτῷ
1033 3706 1315 3759 κοινωνεῖν
1346 3701 1440 3755 τοῦ
1476 3700 1667 3753 λοίποῦ
1702 3702 1868 3770 μηδὲν
1898 3714 1951 3750 τι

363 3803 775 3874 διαφερόμενον.
816 3800 1097 3860 Βικὲντιος
1135 3797 1180 3851 δ’
1216 3790 1370 3860 οὗτος
1399 3796 1609 3864 Πέρσης
1654 3795 1752 3863 μὲν
1794 3789 1860 3863 ἦν
1890 3790 1952 3843 τὸ

365 3896 554 3959 γένος·
610 3889 993 3945 Κωνσταντίου
1055 3888 1134 3941 δὲ·
1170 3886 1547 3958 βασιλεύοντος
1607 3884 1665 3934 ἐν
1726 3879 1949 3951 Περσίδι

361 3985 606 4055 διωγμοῦ
642 3983 963 4053 γενομένου,
997 3980 1178 4052 φυγὰς
1208 3980 1304 4032 καὶ
1333 3977 1495 4040 αὐτὸς
1532 3976 1751 4043 σύναμα
1795 3972 1952 4043 Ἀδδᾷ

362 4080 441 4150 τῷ
470 4077 696 4147 ἀνεψιῷ,
726 4079 794 4147 τῇ
842 4074 1131 4145 Ῥωμαίων
1152 4075 1222 4143 γῇ
1262 4068 1590 4141 προσφοιτᾷ.
1623 4065 1764 4120 Ἀλλ’
1795 4067 1824 4118 ό
1852 4063 1952 4134 μὲν

364 4173 441 4241 τῷ
476 4172 664 4240 κλήρῳ
697 4167 1043 4235 καταλεγεὶς,
1076 4166 1171 4219 καὶ
1218 4164 1296 4226 είς
1322 4161 1696 4233 πρεσϐυτέρου
1745 4157 1950 4229 προῆλ-
1978 4200 1983 4205 .

365 4268 459 4319 θεν
487 4266 661 4329 ἀξίαν.
721 4261 910 4319 Ἀδδᾶς
941 4260 998 4312 δὲ
1029 4259 1250 4328 γυναικὶ
1283 4256 1601 4325 συναφθεῖς,
1622 4257 1688 4326 τῇ
1720 4253 1955 4321 Ἐκκληη

368 4362 461 4429 aiat
496 4355 631 4411 πολύ
666 4373 721 4409 τι
765 4355 957 4424 δφελος
993 4353 1238 4422 ἐγεγόνει
1262 4366 1276 4380 ⁸
1328 4345 1492 4403 παῖδα
1520 4350 1626 4418 γὰρ
1657 4347 1952 4413 ἐγέννησεν

364 4450 654 4515 Αὑξέντιον
681 4448 874 4518 ὄνομα,
911 4446 1103 4500 πιστὸν
1138 4444 1240 4515 μὲν
1277 4446 1357 4506 είς
1386 4442 1456 4496 τὰ
1490 4441 1630 4505 θεῖα,
1662 4439 1950 4492 σπουδαῖον

365 4544 585 4612 δὲ’περὶ
635 4542 823 4612 φίλους
849 4557 863 4570 ·
903 4541 1022 4612 βίον
1060 4539 1118 4594 δὲ
1145 4537 1423 4608 σώφρονος
1453 4536 1702 4608 ἡμμένον
1738 4534 1950 4602 καὶὲμ-

372 4635 565 4704 μελοῦς
592 4650 607 4666 ο
633 4634 915 4703 φιλολόγον
945 4633 1002 4685 δὲ
1045 4632 1302 4703 μάλιστα,
1330 4631 1471 4702 ῐδριν
1503 4646 1562 4682 τε
1604 4628 1715 4681 τῶν
1744 4628 1800 4679 ἐν
1821 4625 1953 4679 Ἕλ-

2052 3424 2151 3480 illa
2202 3424 2349 3494 apud
2395 3440 2580 3481 arcam
2619 3427 2895 3495 Baptistae
2926 3427 3221 3496 przestabat
3250 3426 3642 3495 ministerium,

2058 3527 2116 3573 et
2144 3532 2266 3572 eam
2297 3518 2368 3573 ob
2398 3533 2622 3572 causam
2651 3517 3055 3574 sacerdotalem
3105 3529 3429 3590 susceperat
3466 3519 3642 3590 digni-

2056 3617 2251 3673 tatem,
2325 3610 2512 3663 statim
2562 3611 2894 3666 sententiam
2947 3612 3290 3676 mutavisset,
3342 3623 3401 3668 et
3449 3613 3516 3665 ad
3556 3628 3645 3664 ea-

2058 3702 2322 3756 tbolicam
2358 3701 2665 3757 Ecclesiam
2717 3705 3046 3759 acCessisset
3084 3720 3098 3758 :
3133 3704 3298 3775 idque
3329 3716 3514 3764 antea.
3563 3707 3642 3759 si-

2057 3794 2174 3849 cuti
2218 3792 2595 3849 Macedoniani
2630 3794 2846 3861 dicunt,
2896 3796 3258 3868 jurejurando
3292 3801 3642 3868 iulerpmito.

2060 3902 2344 3957 nunquam
2374 3903 2432 3942 se
2458 3889 2777 3959 opinionem
2810 3902 2966 3944 suam
2998 3893 3330 3962 reiecturum
3365 3909 3507 3947 esw.
3538 3893 3643 3947 Sed

2060 3980 2209 4035 enim
2241 3994 2363 4035 eam
2400 3983 2657 4048 mutavit,
2685 3982 2787 4037 hac
2813 3984 2917 4038 sibi
2951 3986 3270 4055 prtescripta
3304 3987 3646 4048 conditione.

2059 4085 2122 4129 ut
2173 4086 2286 4130 tum
2341 4075 2567 4131 demum
2624 4076 2947 4145 religionem
3000 4094 3154 4131 suam
3205 4077 3531 4155 deponeret,
3591 4091 3646 4135 ct

2058 4178 2249 4240 postea
2286 4169 2407 4225 sine
2440 4168 2767 4228 discrimine
2808 4169 2920 4224 ullo
2955 4184 3077 4225 cum
3117 4167 3449 4240 imperatore
3490 4188 3645 4228 eom-

2065 4260 2393 4324 municaret,
2440 4261 2485 4315 si
2530 4261 2683 4315 illum
2722 4260 2968 4331 Baptista
3012 4276 3361 4333 sequeretur.
3404 4265 3643 4321 Vincen~

2061 4352 2172 4405 tius
2203 4351 2306 4404 iste
2338 4365 2543 4421 genere
2572 4351 2681 4407 fuit
2709 4353 2897 4408 Persa.
2929 4352 3066 4408 Cum
3099 4365 3284 4408 autem
3321 4358 3374 4409 in
3420 4355 3647 4411 Perside
3674 4336 3677 4339 Α

2060 4442 2166 4497 sub
2203 4441 2533 4499 Constantio
2570 4445 2890 4513 persecutio
2934 4454 3085 4517 esset
3125 4455 3292 4508 mota,
3329 4447 3648 4517 profugiens

2017 4516 2022 4521 '
2057 4531 2188 4587 inde
2227 4549 2350 4587 cum
2391 4536 2730 4590 consobrino
2763 4516 2954 4603 Adda,
2996 4537 3053 4591 in
3106 4516 3646 4610 Romanumimper-

2060 4627 2214 4683 venit
2263 4628 2550 4682 ditionem.
2590 4629 2773 4699 Atque
2813 4631 2904 4685 hic
2952 4632 3007 4684 in
3041 4631 3249 4686 clermn
3292 4634 3542 4700 allertus,
3577 4635 3645 4689 ad

369 4730 494 4794 λησι
533 4731 624 4780 καὶ
683 4728 794 4781 τῶν
839 4727 993 4797 παρά
1028 4728 1142 4789 τοῖς
1195 4723 1676 4794 ὲκκλησιαστικοῖς
1714 4737 1947 4789 συγγρα·

2061 4721 2368 4792 presbyteri
2395 4721 2719 4792 dignitatem
2747 4722 3024 4793 pervenit.
3056 4723 3241 4779 Addas
3269 4735 3450 4777 autem
3478 4739 3649 4780 uxore

374 4818 563 4888 φεῦσιν
586 4819 1037 4891 ἐρμηνευθέντων
1060 4834 1074 4848 ⁶
1098 4818 1320 4888 μέτριον
1337 4816 1393 4869 δὲ
1420 4815 1595 4876 ἄλλως
1616 4831 1629 4846 ’
1657 4813 1752 4868 καὶ
1780 4813 1955 4867 ταῦτα

373 4911 591 4979 βασιλεῖ
620 4927 680 4963 τε
717 4911 1026 4980 ἐπιτήδειον
1053 4909 1150 4962 ttat
1178 4911 1288 4969 τοῖς
1316 4908 1429 4960 ὅσοι
1468 4923 1532 4956 πε
1544 4906 1597 4974 pl.
1625 4903 1789 4958 αὐτόν
1811 4919 1824 4932 ·
1863 4902 1957 4955 καὶ

366 5003 639 5074 λαμπρῶς
679 5003 1159 5073 στρατηγήσαντα.
1193 4995 1266 5054 Ob
1290 5001 1385 5053 καὶ
1418 5001 1575 5067 λόγος
1603 4999 1770 5060 πολὺς
1807 4999 1958 5068 παρά

366 5114 424 5149 τε
472 5098 586 5159 τοῖς
626 5096 873 5164 ἀρίστοις
916 5093 1026 5147 τῶν
1058 5094 1329 5163 μοναχῶν,
1369 5095 1456 5145 καὶ
1489 5092 1598 5145 τῶν
1629 5091 1746 5144 ὅσοι
1787 5108 1956 5144 σπου-

366 5190 506 5241 ante:
555 5189 746 5258 ἄνδρες
776 5187 827 5241 οἳ
881 5189 1077 5258 πεῖραν
1105 5186 1264 5255 ἔσχον
1293 5186 1516 5255 τάνδρός
1601 5183 1868 5252 θίατρὼνα
1902 5181 1958 5234 δὲ

366 5281 454 5333 διὰ
503 5279 620 5349 βίου
648 5283 712 5350 τῇ
748 5280 1013 5333 Κοσιλάου
1060 5280 1223 5354 κώμῃ
1261 5279 1593 5349 παρήδρευε,
1639 5276 1852 5347 σεμνῶς
1897 5293 1958 5330 τε

371 5375 468 5427 καὶ
519 5374 864 5444 ἱεροπρεπῶς
912 5373 1158 5438 διαζῶσα
1202 5377 1339 5444 μετά
1382 5374 1641 5440 λαμπρᾶς
1672 5373 1767 5424 καὶ
1815 5371 1960 5439 μάλα

372 5465 652 5535 σώφρονος
709 5465 918 5535 βιοτῆς,
950 5467 1045 5529 καὶ
1088 5466 1302 5519 πολλῶν
1334 5465 1622 5536 παρθένων
1673 5465 1958 5532 ἡγήσατο*

369 5555 447 5610 ὧν
553 5557 775 5628 διαδοχὴ
801 5558 896 5610 καὶ
925 5557 1158 5612 ἐπιπολὺ
1197 5558 1295 5611 τοῦ
1328 5559 1524 5629 χρόνον
1553 5558 1829 5629 διήρκεσε,
1861 5555 1961 5624 τῆς

369 5650 680 5719 Ματρώνης
716 5650 968 5713 παιδείας
999 5645 1133 5722 ἦθός
1161 5668 1220 5704 τε
1252 5650 1402 5716 ἄξιον
1438 5651 1530 5704 καὶ
1566 5652 1840 5721 περιφανῆ
1859 5648 1958 5718 τὴν

370 5745 563 5815 φήμην
591 5743 1053 5814 κληρωσαμένων.
1079 5743 1331 5796 Τοσαῦτα
1386 5744 1480 5796 καὶ
1508 5745 1635 5814 περὶ
1662 5744 1867 5795 τοᾶτων
1888 5757 1901 5772 ·
1925 5740 1961 5796 ἃ

369 5837 509 5903 δῆτα
569 5835 661 5891 καὶ
702 5837 867 5891 ἱκανά
914 5854 979 5908 γε
1026 5831 1180 5904 οἶμαι
1208 5837 1341 5909 πρὸς
1368 5838 1527 5903 δόξαν
1556 5839 1653 5907 τῆς
1684 5835 1960 5907 ἡμετέρας

446 5949 523 6018 (l)
547 5948 768 6005 Sozom.
803 5950 899 6005 lib.
946 5967 1043 6015 vn,
1075 5965 1196 6021 cap.
1224 5951 1316 6017 2|,
1342 5951 1433 6004 24.
1466 5951 1511 6006 Is
1544 5952 1653 6003 Deo
1697 5950 1958 6020 templum

375 6019 431 6077 id
469 6027 849 6077 constructum
901 6021 1115 6078 scribit.
1143 6019 1429 6094 Templum
1469 6022 1614 6078 enim
1652 6022 1745 6078 Dei
1779 6019 1958 6089 vacat,

2061 4813 2249 4879 ducta,
2322 4830 2580 4883 magnum
2636 4813 2897 4870 Ecclesiae
2946 4817 3378 4870 emolumentqu
3434 4820 3644 4888 genuit,

2063 4907 2397 4965 Auxentium
2445 4907 2641 4970 (ilium.
2694 4907 2751 4962 in
2807 4909 2973 4964 rebus
3021 4909 3228 4964 divinis
3284 4911 3527 4974 fidelem,
3589 4915 3645 4966 in

2063 5001 2272 5057 amicos
2325 4999 2652 5061 oﬂiciosum.
2686 5001 2797 5057 vita
2844 5003 3217 5068 moderatum,
3265 5014 3324 5060 et
3377 5004 3483 5061 sibi
3543 5006 3645 5075 ipsi

2034 5104 2426 5160 ,constantem,
2447 5093 2757 5149 studiorum
2790 5096 3055 5150 doctrinae
3079 5107 3353 5154 amantem
3388 5100 3646 5161 maxime,

2063 5186 2372 5241 litterarum
2417 5187 2774 5257 profanarum
2819 5198 2983 5259 atque
3022 5191 3189 5245 etiam
3239 5192 3647 5246 ecclesiastica-

2064 5295 2187 5333 rum
2226 5279 2491 5350 peritutn.
2517 5282 2827 5337 modestum
2857 5294 3153 5352 praeterea,
3187 5294 3242 5339 ct
3276 5285 3649 5353 imperatoriae

2063 5372 2203 5425 aula:
2236 5370 2613 5435 commodum,
2667 5373 2989 5441 pra’clarum
3036 5374 3204 5427 etiam
3248 5374 3302 5426 in
3344 5372 3489 5425 bello
3541 5372 3646 5424 du-

2065 5479 2183 5519 cem
2218 5481 2232 5517 :
2280 5466 2440 5536 cujus
2472 5465 2706 5520 celebris
2739 5466 2903 5522 etiam
2940 5467 3082 5521 fama
3113 5475 3198 5521 est
3224 5466 3365 5535 apud
3409 5466 3648 5535 Optimos

2066 5572 2320 5627 quosque
2352 5558 2675 5623 monachos,
2704 5568 2760 5614 ct
2788 5560 2925 5613 alios
2944 5557 3137 5612 doctos
3165 5558 3455 5626 bonosque
3477 5559 3645 5617 \iros.

2065 5651 2158 5717 qui
2196 5651 2349 5705 illum
2378 5666 2710 5720 cognovere.
2748 5653 2919 5707 Porro
2946 5651 3194 5705 Matrona
3230 5652 3396 5704 vitam
3435 5649 3489 5702 in
3524 5650 3647 5703 vico
3702 5678 3710 5684 -

2063 5742 2284 5797 Cosilao
2303 5746 2508 5812 exegit,
2533 5754 2589 5798 ct
2620 5744 2874 5813 pluribus
2900 5744 3209 5812 virginibus
3240 5742 3481 5812 praefuit,
3507 5758 3648 5812 qua-

2066 5851 2189 5889 rum
2226 5837 2510 5891 successio
2544 5837 2596 5891 in
2634 5837 2858 5907 longum
2894 5848 3108 5904 tempus
3153 5836 3392 5898 duravit,
3433 5850 3644 5889 morem

2066 5953 2320 6021 quamvis
2352 5962 2509 6007 antea
2529 5967 2746 6020 quoque
2779 5952 2831 6005 in
2860 5952 3122 6006 honorem
3150 5953 3206 6006 S.
3233 5950 3487 6020 Baptista:
3513 5964 3647 6004 con-

2067 6026 2235 6080 ditam
2269 6024 2465 6082 dixerit
2497 6024 2786 6078 ect'l-.'si;tttt
2816 6039 2956 6076 eam.
