4062 6448
555 477 659 541 919

1756 495 2209 593 'NiCEPlIORl
2251 504 2596 568 CALLISTI
3538 468 3547 475 κ
3692 519 3784 583 920

556 594 818 663 Matronae
856 586 1145 667 disciplina
1181 600 1406 671 dignum
1460 614 1516 661 et
1562 586 1880 677 praeclaram
1930 612 2123 669 famam

2237 619 2533 690 θρησκείας
2595 623 2697 677 κᾶν
2760 625 2824 694 τῇ
2894 624 3181 681 Θεοδοσίου
3234 626 3495 701 ἡγεμονίᾳ
3554 632 3787 700 συνέδρα-

552 691 833 745 obtinens.
866 690 1031 763 336
1074 692 1147 748 De
1178 693 1266 749 his
1296 710 1419 761 quae
1446 700 1757 767 commoda,
1787 713 1849 759 ut
1878 696 2034 774 puto;
2065 707 2130 762 ad

553 780 840 851 religionis
877 792 1084 838 nostrae
1112 785 1368 856 gloriam,
1405 788 1458 842 in
1494 789 1795 849 Theodosii
1834 795 2131 868 imperium

553 874 884 940 inciderunt,
920 874 1214 935 hactenus.

1170 1010 1399 1070 CAPUT
1448 1015 1508 1070 L.

618 1120 697 1176 De
750 1122 1030 1184 clarissimi
1084 1127 1468 1254 imperazorum
1529 1132 1800 1192 Theodosii
1852 1139 2034 1209 magni

1256 1216 1286 1253 0
1324 1204 1417 1254 im.

1256 1204 1417 1256 obitu.

621 1305 970 1366 Theodosius
999 1321 1204 1379 autem,
1238 1328 1361 1384 post
1393 1315 1701 1389 Eugenium
1735 1323 2036 1393 devictum,
2073 1328 2127 1383 in

2244 728 2369 780 μεν.

2823 1031 3071 1088 ΚΕΦᾹΛ.
3129 1035 3209 1090 N’.

2241 1142 2377 1208 Περὶ
2404 1141 2511 1209 τῆς
2552 1145 2845 1221 τελξυτῇς
2882 1146 2993 1221 Δτοῦ
3041 1148 3107 1221 ἐν
3130 1148 3504 1221 ,βασιλεῦσιν
3540 1152 3794 1221 ἀοιδίμου

2635 1214 2966 1272 Θεοδοσίου
2996 1219 3100 1269 τοῦ
3136 1219 3428 1287 μεγάλου.

2302 1330 2579 1393 Θεοδόσιος
2612 1329 2667 1382 δὲ
2719 1330 2857 1399 μετὰ
2896 1332 3002 1401 τὴν
3044 1330 3310 1398 Εὑγενίου
3358 1330 3671 1402 καθαίρεσιν
3712 1335 3793 1387 ἐπὶ

550 1399 706 1454 Italia
746 1397 1045 1457 Mediolani
1091 1420 1278 1475 agens,
1315 1418 1372 1463 et
1412 1408 1729 1469 Occidentis
1777 1430 1866 1470 res
1913 1433 2014 1488 pro
2061 1437 2123 1477 eo

2231 1420 2329 1490 τῆς
2346 1420 2574 1482 Ἰταλίας
2602 1397 2805 1490 διάγων
2824 1423 2881 1483 ές
2907 1397 3256 1486 Μεδιόλανον,
3290 1422 3384 1475 xatl.
3403 1423 3471 1475 τὰ
3491 1397 3589 1492 si};
3617 1420 3748 1475 Ἔσπ
3773 1453 3793 1462 -

551 1501 719 1562 atque
748 1494 937 1551 decuit
971 1502 1342 1568 constituens,
1391 1515 1659 1573 aegrotare
1704 1511 1893 1581 erepit,
1928 1512 2123 1585 hydro-

2233 1530 2330 1582 ρας
2358 1512 2431 1573 ὡς
2476 1511 2652 1582 χρεὼν
2695 1511 2993 1579 καθιστῶν,
3030 1512 3328 1584 ἀρρώστως
3366 1514 3581 1584 διετέθη
3612 1515 3685 1583 τῷ
3709 1516 3791 1567 τοῦ

548 1585 636 1649 pis
669 1585 863 1642 morbo
904 1603 1202 1659 oppressus
1236 1612 1248 1647 :
1281 1602 1337 1651 et
1374 1595 1603 1653 Joannis
1644 1603 1898 1658 monachi
1927 1607 2129 1676 praedi-

548 1678 731 1731 ctione
763 1677 820 1738 in
867 1681 1191 1744 memoriam
1240 1699 1516 1754 revocata.
1565 1690 1728 1748 linem
1765 1696 1891 1752 vitae
1927 1714 2130 1770 prope-

547 1768 694 1825 diem
764 1770 1133 1830 adventurum
1205 1783 1569 1850 exspectavit.
1645 1784 1871 1857 Majoris
1940 1768 2124 1849 autem

545 1863 939 1924 sollicitudinis
991 1884 1158 1927 causa
1197 1873 1249 1928 ei
1301 1875 1409 1930 fuit
1458 1878 1782 1947 reipublicae
1824 1892 2024 1948 status.
2071 1888 2125 1943 in

2233 1604 2427 1673 ὑδέρου
2478 1604 2745 1673 νοσήματι
2792 1592 3123 1675 κρατηθείςο
3160 1607 3241 1666 εἰς
3271 1604 3397 1659 νοῦν
3435 1623 3495 1658 τε
3539 1605 3674 1676 ἔχων
3708 1606 3792 1675 τὴν

2230 1695 2324 1749 τοῦ
2373 1694 2610 1765 μοναχοΰ
2655 1695 2907 1750 Ἰωάννου
2955 1697 3284 1767 πρόρρησιν,
3311 1696 3438 1751 ὅσον
3476 1695 3627 1750 οὔπω
3657 1697 3793 1766 ἥκειν

2229 1787 2328 1856 τὴν
2384 1788 2641 1858 τελευτὴν
2698 1788 3023 1859 προσεδόκα.
3071 1788 3162 1843 Ἐν
3206 1790 3446 1860 μεγίστῃ
3473 1789 3532 1844 δὲ
3571 1790 3793 1859 φροντίδι

2234 1884 2433 1951 μᾶλλον
2485 1882 2586 1953 τῆς
2635 1882 2896 1952 τελευτῆς
2944 1882 3241 1936 καθίστατο
3292 1885 3424 1953 περὶ
3461 1883 3569 1938 τῶν
3596 1881 3789 1944 κοινῶν,

547 1956 730 2011 animo
756 1974 943 2015 secum
974 1965 1280 2033 reputanti,
1310 1979 1581 2036 quantum
1625 1970 1950 2032 detrimenti
1987 1979 2123 2033 civi-

2232 1976 2517 2033 ἀναπολῶν
2579 1975 2680 2029 ὅσα
2713 1976 2862 2030 κακὰ
2895 1978 3176 2060 ὲπεισρέιι
3204 1978 3315 2040 τοῖς
3348 1977 3630 2046 ὑπηκόοις.
3657 1976 3793 2045 βασι-

548 2050 647 2102 lus
682 2058 737 2103 et
772 2051 1026 2120 subditis,
1064 2055 1399 2127 imperatore
1423 2076 1452 2115 e
1485 2062 1668 2118 medio
1699 2064 1937 2134 sublato,
1978 2070 2128 2124 acci—

543 2143 675 2196 dcre
713 2143 908 2209 soleat,
956 2162 1119 2217 quam
1147 2164 1297 2206 mors
1323 2154 1464 2222 ipsa.
1498 2154 1685 2225 Itaque
1710 2161 2119 2230 quamprimum

545 2233 715 2288 illium
767 2236 1073 2298 Honorium
1105 2240 1582 2317 Constantinopoli
1630 2251 1849 2317 accivit,
1889 2252 2125 2325 impera-

544 2333 718 2379 torem
751 2343 877 2391 eum
911 2327 1364 2390 Occidentalibus
1413 2337 1661 2406 partibus
1707 2340 1988 2409 praeﬁcere
2022 2360 2119 2398 vo-

546 2417 684 2473 lens.
742 2418 915 2487 Quem
971 2424 1064 2480 ubi
1117 2425 1502 2483 advenientem
1561 2431 1734 2495 vidit,
1792 2435 2120 2492 meliuscule

546 2513 762 2577 habuit,
795 2522 853 2570 et
876 2497 943 2568 ad
976 2517 1353 2607 spectaculum
1385 2520 1645 2583 ludorum
1677 2523 2023 2584 Circensium
2050 2531 2120 2585 ob

544 2600 829 2656 victoriam
880 2600 1339 2662 celebrandoer
1401 2612 1629 2681 prodiit.
1691 2615 1760 2670 Et
1812 2632 1937 2673 cum
1993 2633 2121 2676 ante

546 2692 840 2758 prandium
893 2692 1129 2752 v'alidior
1166 2697 1383 2768 fuisset,
1430 2714 1620 2771 postea
1657 2708 1957 2778 derepente
1989 2728 2116 2766 eum

544 2782 895 2842 imbecillitas
926 2787 1148 2849 invasit.
1179 2788 1427 2861 Cumque
1454 2795 1730 2852 ludicrum
1760 2799 1814 2853 id
1851 2803 2120 2870 perlicere

544 2891 652 2929 non
687 2885 892 2946 posset,
936 2878 1049 2934 lilio
1087 2880 1143 2935 id
1188 2896 1339 2937 more
1369 2884 1534 2940 solito
1565 2890 1940 2958 peragendum
1973 2908 2123 2948 com-

515 2967 716 3031 ‘mlsit.
771 2972 1136 3043 proximaque
1176 2985 1341 3032 nocte
1393 2977 1517 3035 fatis
1558 2981 1852 3050 concessit,
1905 2983 2119 3041 decima

542 3062 773 3131 septima
800 3063 1047 3121 Januarii
1087 3069 1295 3125 mensis
1332 3072 1440 3139 die,
1474 3075 1808 3145 sempiterna
1848 3077 2027 3136 laudis
2066 3092 2123 3136 et

541 3155 729 3223 gloriae
775 3159 1041 3215 memoria
1097 3170 1220 3231 post
1272 3177 1333 3218 se
1361 3165 1550 3222 relicta
1591 3185 1606 3223 :
1646 3184 1772 3225 cum
1830 3170 1898 3227 ad
1954 3172 2118 3229 linem

542 3253 667 3303 vitae
696 3251 830 3307 satis
873 3252 1099 3324 longum
1152 3259 1518 3326 pervenisset,
1568 3272 1735 3333 atque
1781 3279 1907 3320 cum
1940 3266 2125 3337 splen-

2229 2070 2364 2133 λέως
2421 2068 2666 2124 ἐκποδὼν
2712 2069 3025 2138 γενομένου.
3061 2069 3227 2124 Ὅσον
3286 2072 3468 2123 τοίνυν
3516 2069 3675 2139 τάχος
3714 2069 3794 2119 τὸν

2232 2161 2347 2212 υἱὸν
2377 2161 2636 2229 Ὀνώριον
2660 2163 2723 2215 ὲκ
2751 2161 2852 2230 τῆς
2882 2161 3301 2215 Κωνσταντίνου
3338 2160 3686 2230 μετεκαλεῖτο
3698 2158 3795 2219 τοῖς

2228 2252 2506 2322 ἑσπερίοις
2563 2253 2755 2323 μέρεσι
2790 2253 3133 2323 καταστῆσαι
3175 2253 3405 2324 βασιλέα
3455 2251 3791 2321 βουλόμενος·

2228 2347 2289 2400 ὃν
2326 2347 2448 2401 ἰδὼν
2476 2347 2945 2416 παραγενόμενον,
2979 2347 3109 2417 ῥᾷον
3132 2345 3278 2415 ἔσχε.
3316 2346 3413 2399 καὶ
3438 2344 3530 2398 ἐπὶ
3560 2342 3682 2397 θέαν
3712 2341 3796 2392 ἱπ-

2229 2437 2533 2509 ποδρομίας
2585 2439 2856 2493 ὲπινικίου
2916 2436 3209 2508 προῆλθεν.
3256 2437 3600 2509 Ἐῥρωμένος
3646 2433 3700 2488 δὲ
3728 2430 3794 2484 ὢν

2231 2531 2338 2602 πρὸ
2365 2533 2615 2601 ἀρίστου,
2649 2532 2843 2585 ἔπειτα
2881 2530 3092 2599 διετέθη
3125 2530 3378 2601 πονήρως
3412 2529 3671 2594 ἐξάπινα·
3710 2524 3795 2577 καὶ

2233 2624 2309 2695 μὴ
2336 2623 2539 2694 ἰσχύων
2565 2624 2665 2692 τὴν
2699 2622 2827 2676 θέαν
2857 2622 3059 2688 τελεῖν,
3089 2622 3316 2676 ἐκέλευε
3347 2621 3428 2691 τῷ
3452 2620 3601 2674 παιδὶ
3620 2616 3793 2687 περαίη

2228 2733 2342 2770 νιιν
2367 2715 2428 2770 τὸ
2462 2716 2581 2779 ἔθος
2609 2732 2622 2748 ο
2661 2714 2755 2769 καὶ
2783 2716 2849 2786 τῇ
2903 2715 3145 2786 ἐχομένη
3175 2713 3333 2768 νυκτὶ
3359 2713 3454 2767 τὸν
3480 2712 3592 2782 βίον
3618 2709 3771 2780 peti).

2228 2808 2385 2875 λαξον
2417 2807 2859 2879 ἑπτακαιδεκάτῃ
2902 2806 3234 2877 Ἰανουαρίου
3261 2804 3456 2875 μηνὸς,
3487 2801 3793 2871 ἀείμνηστον

2229 2903 2386 2966 κλέος
2419 2900 2761 2966 καταλιπὼν,
2796 2900 2890 2954 καὶ
2919 2903 2998 2963 εἰς
3029 2899 3266 2970 ὑψηλοὺς
3293 2897 3395 2952 τοῦ
3426 2898 3541 2968 βίου
3571 2894 3787 2958 καταλήι

2231 2994 2327 3059 ξας
2348 2978 2653 3065 ἶπέρμονας.
2700 2992 2822 3047 Ἐπί
2858 3010 2915 3046 τε
2945 2992 3054 3063 γὰρ
3076 2992 3257 3054 νίκαις
3283 2989 3571 3060 λαμπραῖς
3599 2987 3689 3040 καὶ
3712 2984 3795 3054 μό‹

2233 3105 2432 3158 ναρχος
2471 3087 2759 3156 Ῥωμαίων
2787 3085 3103 3156 γενόμενος,
3123 3085 3315 3139 ἑαυτόν
3338 3101 3405 3139 τε
3436 3082 3633 3138 ἐπιδὼν
3666 3079 3795 3131 δυοῖν

2232 3179 2504 3250 βασιλέοιν
2531 3181 2767 3248 πατέρα,
2793 3179 2887 3233 καὶ
2915 3179 3281 3234 ἀστασίαστον
3312 3177 3505 3240 αὐτοῖς
3530 3175 3626 3243 τὴν
3642 3169 3796 3241 ἀρχὴν

2233 3268 2666 3339 καταλελοιπὼς,
2700 3270 3036 3340 εὐδαιμόνως
3067 3287 3127 3322 τε
3161 3269 3255 3324 ἐπὶ
3281 3269 3381 3341 τῆς
3413 3264 3604 3322 ἑαυτοῦ
3631 3262 3796 3329 κλίνης

542 3340 688 3399 didi‘s
742 3345 990 3413 victoriis
1036 3351 1205 3432 solus.
1234 3351 1610 3411 Romanorum
1660 3356 1953 3427 imperium
2005 3378 2123 3417 mo-

2231 3365 2325 3420 τὸν
2356 3364 2471 3435 βίον
2502 3365 2682 3432 ἀφεὶς,
2705 3362 2801 3433 τῆς
2833 3361 2972 3432 πρὸς
3004 3362 3138 3417 Θεδν
3165 3340 3582 3433 οἶμαιπίστεως
3608 3351 3797 3412 καὶτοῦ

546 3437 751 3493 uarclia
774 3440 1156 3517 gubernasset,
1182 3454 1237 3501 et
1267 3447 1506 3504 duorum
1536 3450 1939 3521 imperatorum
1969 3462 2126 3524 pater

544 3541 718 3601 esset,
753 3534 947 3608 eisque
984 3537 1276 3610 imperium
1315 3552 1574 3612 pacatum
1613 3545 1970 3618 relinqueret.
2008 3549 2128 3604 Pla-

548 3626 671 3682 cide
702 3636 889 3684 autem
919 3632 974 3687 in
1010 3632 1155 3689 lecto
1187 3649 1290 3690 suo
1335 3638 1494 3691 beata
1532 3645 1715 3696 morte
1761 3639 1927 3695 vitam
1959 3641 2123 3706 (iniit.

547 3722 835 3789 praemium
884 3724 939 3779 id
976 3724 1106 3783 ﬁdei
1156 3743 1284 3797 erga
1333 3727 1507 3784 Deum
1562 3745 1698 3794 suae,
1744 3742 1802 3788 et
1843 3733 2127 3806 ﬂagrantis

545 3814 812 3871 adversus
856 3816 1004 3873 idola
1055 3827 1112 3874 et
1162 3821 1461 3877 simulacra
1508 3823 1722 3883 ardoris
1766 3837 2125 3887 consecutus.

550 3906 695 3962 Vixit
738 3924 913 3964 annos
962 3911 1268 3983 sexaginta,
1309 3922 1367 3968 et
1410 3929 1633 3974 menses
1662 3928 1787 3974 octo
1825 3937 1839 3975 :
1886 3934 2123 3990 quorum

546 3999 785 4055 sedecim
818 4019 944 4058 cum
976 4003 1230 4070 dimidio,
1260 4006 1315 4061 in
1346 4006 1581 4078 imperio
1618 4009 1868 4068 Romano
1892 4016 2123 4086 peregit.

547 4090 958 4166 Complectitur
1012 4096 1382 4157 duodecimus
1431 4101 1538 4157 iste
1568 4102 1929 4159 historiarum
1983 4104 2126 4161 liber

2229 3455 2433 3528 θερμοῦ
2490 3455 2633 3508 κατὰ
2668 3454 2771 3508 τῶν
2824 3453 3059 3507 εἰδώλων
3104 3451 3269 3523 ζήλου
3308 3452 3477 3506 τοῦτο
3512 3450 3674 3520 γέρας
3701 3444 3799 3508 ἐξε-

2231 3549 2468 3619 νεγκὼν.
2502 3548 2697 3602 Διεὸίω
2725 3547 2784 3600 δὲ
2815 3547 2884 3601 τὰ
2908 3547 3085 3642 πάντα
3113 3548 3211 3616 τῆς
3245 3546 3396 3616 ζωῆς
3428 3546 3522 3612 ἔτη
3552 3541 3795 3642 ἑξήκοντα

2232 3645 2331 3699 σὺν
2382 3647 2550 3715 μησὶν
2601 3641 2777 3696 ὀκτώ·
2830 3637 2905 3696 ὧν
2934 3642 3004 3695 τὰ
3060 3624 3353 3708 ἓξκαίδεκα
3396 3639 3569 3710 ἥμισυ
3610 3638 3672 3705 τῇ
3701 3631 3794 3683 τῶν

2244 3737 2536 3805 Ῥωμαίων
2585 3737 2728 3806 ἀρχῇ
2777 3734 3069 3789 διετέλεσε.
3110 3731 3362 3804 Περιέχει
3393 3734 3450 3787 δὲ
3481 3729 3633 3798 καὶὴ
3667 3739 3794 3791 παρ·

2234 3828 2372 3884 οὖσα
2401 3829 2679 3896 δωδεκάτη
2714 3844 2803 3897 μοι
2836 3827 2945 3881 τῶν
2976 3825 3227 3897 ἱστοριῶν
3251 3825 3447 3918 χρόνον
3474 3823 3608 3918 ἑτῶν
3637 3820 3796 3918 durio-

2235 3923 2484 3977 καὶδεκαο
2520 3921 2761 3991 ὁπηνίκα
2790 3921 2998 3990 κόσμου
3021 3918 3121 3989 μὲν
3145 3918 3265 3981 ἔτος
3288 3916 3425 3988 μεθ’
3453 3931 3468 3946 ⁸
3489 3914 3600 3969 ἀπὸ
3632 3910 3686 3965 δὲ
3709 3910 3794 3973 τῆς

2235 4015 2387 4078 θείας
2439 4014 2529 4067 τοῦ
2564 4014 2772 4085 Κυρίου
2815 4013 3122 4083 γεννήσεως
3149 4011 3413 4080 τέταρτον
3443 4011 3537 4064 καὶ
3555 4016 3794 4076 τετρακο-

2234 4107 2447 4161 σιοστὸν
2480 4105 2821 4176 ἐπεραίνετο.

549 4205 725 4246 annos
756 4191 947 4246 decem
982 4197 1038 4245 et
1068 4199 1234 4246 octo:
1264 4205 1389 4248 cum
1417 4209 1448 4251 α
1514 4194 1724 4253 mundo
1780 4199 2009 4255 condito
2073 4199 2367 4271 quinquies
2402 4201 2730 4257 millesimus
2775 4202 3166 4274 nonagesimus
3208 4212 3391 4254 nonus
3414 4197 3519 4269 (l),
3558 4210 3588 4252 a
3617 4189 3791 4247 natiu-

551 4293 661 4342 tate
707 4294 891 4341 autem
939 4283 1155 4353 Domini
1186 4286 1764 4361 quadringentesimus
1788 4303 2021 4364 quartus
2061 4306 2314 4366 ageretur
2342 4311 2521 4351 annus
2553 4296 2652 4367 (Ξ).

620 4491 698 4565 (1)
739 4491 1055 4555 Secundum
1083 4497 1421 4568 recentiores
1437 4497 1598 4555 6575.

2318 4498 2394 4569 (2)
2434 4499 2537 4553 Alii
2570 4513 2775 4569 ponunt
2810 4515 3014 4555 armum
3044 4499 3167 4556 598.
