4062 6438
407 439 514 503 923

1631 439 2054 502 NICEPHORI
2093 440 2448 502 CALLISTI

3561 441 3661 505 924

403 555 501 618 vit,
553 553 949 609 constitutione
1000 555 1100 626 (l),
1150 571 1220 610 ne
1273 554 1325 609 id
1373 565 1560 626 postea
1608 565 1988 626 perageretur,

2111 557 2376 624 νάστευεν,
2409 559 2550 629 ἀνὴρ
2587 558 2863 629 ἀνδρώδης
2897 577 2955 612 τε
2995 559 3089 614 καὶ
3137 558 3236 628 τὴν
3259 557 3475 628 ἠλικίαν
3506 559 3671 629 εὐμή-

403 645 532 698 lata.
572 641 707 696 Cum
751 642 990 698 Arcadio
1038 644 1092 697 in
1138 644 1364 700 Oriente
1415 645 1646 699 Ruﬁnus
1688 646 1982 714 imperium

2093 669 2194 716 κης
2223 665 2240 682 ⁶
2292 653 2540 718 γενναῖος
2584 653 2640 704 δὲ
2677 655 2772 705 καὶ
2794 655 2891 718 τὴν
2921 654 3160 715 σύνεσιν,
3193 652 3259 722 ἢν
3292 652 3438 720 μάλα
3483 653 3536 703 at
3567 653 3668 704 τῶν

403 735 837 801 adminiStravit,
892 736 978 790 vir
1031 745 1292 790 strenuus
1322 748 1377 792 et
1411 754 1696 807 procorus,
1748 737 1990 806 singula-

2111 745 2384 814 ιφθαλμῶν
2401 747 2645 816 κινήσεις
2675 745 2919 813 ἐδήλουν.
2953 746 3048 799 καὶ
3075 745 3184 796 τῶν
3205 744 3379 812 λόγων
3412 744 3672 812 ἡὲτοιμό·

406 830 563 896 rique
599 829 894 898 prudentia
937 829 1224 899 praeditus,
1259 847 1424 900 quam
1461 843 1515 884 et
1547 831 1831 885 oculorum
1867 845 1985 883 mo—

409 934 498 976 tus
546 934 602 975 et
642 922 915 976 orationis
947 934 1374 992 extemporauea
1420 923 1798 994 promptitudo
1845 924 1991 978 indi-

407 1016 655 1067 cabant:
709 1015 763 1066 in
816 1013 1119 1070 Occidente
1173 1017 1314 1086 apud
1373 1016 1674 1069 Honorium
1733 1017 1989 1070 currulem

407 1109 589 1162 locum
627 1108 821 1164 Stilico
869 1111 1094 1180 quidam
1144 1112 1411 1166 obtinuit.
1471 1111 1534 1164 Et
1574 1122 1803 1181 uterque
1846 1111 1994 1180 apud

412 1212 709 1271 utrumque
733 1201 1032 1258 Theodosii
1063 1205 1258 1268 ﬁlium,
1293 1205 1508 1275 imperii
1539 1221 1738 1259 nomen
1761 1217 1814 1258 et
1841 1203 1996 1258 habi-

412 1305 526 1348 tum
563 1310 685 1350 esse
732 1295 1085 1365 permittens,
1132 1313 1403 1350 summam
1441 1297 1556 1366 ipse
1599 1313 1781 1351 rerum
1832 1312 1994 1350 manu

411 1385 574 1440 simul
603 1395 656 1441 et
682 1387 864 1456 lingua
891 1388 1200 1454 uSnrpavit,
1230 1389 1332 1441 sub
1359 1389 1600 1457 praefecti
1629 1389 1998 1457 appellatione

417 1481 734 1546 imperatori
783 1479 886 1549 ipsi
937 1481 1240 1550 imperans.
1269 1482 1472 1535 Verum
1513 1493 1710 1536 neuter
1743 1485 1995 1546 istorum,

415 1573 508 1638 qui
551 1571 599 1624 ri
653 1572 977 1637 obvenerat,
1023 1584 1317 1627 contentus
1368 1573 1472 1627 fuit
1521 1575 1663 1628 loco.
1713 1575 1996 1644 Siquidm)

420 1663 650 1716 Ruﬁnus
690 1664 764 1732 (2)
797 1666 900 1718 sibi
930 1665 1032 1733 ipsi
1068 1667 1408 1734 imperialcm
1447 1669 1499 1720 in
1542 1666 1767 1722 Oriente
1825 1669 2002 1735 digni-

419 1767 586 1810 tatcm
621 1774 877 1828 arrogare
905 1771 1136 1814 certatus
1167 1769 1250 1814 est
1277 1777 1291 1827 ;
1327 1761 1467 1815 alter
1497 1777 1681 1816 amem
1726 1763 1779 1816 in
1824 1765 1996 1817 ﬁlium

424 1849 756 1903 Eucherium
812 1851 1164 1906 Oecidcntale
1230 1840 1526 1924 imperium
1583 1867 1702 1910 arte
1759 1857 1997 1924 quadam

2089 856 2210 906 της.
2238 840 2370 892 Ἀνὰ
2395 840 2573 907 δὲτὴν
2604 839 2883 910 Ἑσπέραν
2916 842 3161 910 Ὀνωρίῳ
3192 840 3288 908 τὴν
3308 839 3672 910 αὐτὴνὲπεξχε

2093 932 2243 998 τάξιν
2271 933 2537 1001 Στελίχων
2565 950 2648 994 τις
2681 933 2874 1002 ὄνομα.
2927 933 3149 985 Τούτων
3181 933 3225 986 δ’
3260 934 3519 1004 ἑκάτερος
3548 937 3669 986 ἐκα-

2092 1023 2149 1074 τέ
2160 1039 2236 1090 ρῳ
2253 1023 2361 1075 τῶν
2381 1023 2660 1091 Θεοδοσίου
2679 1024 2884 1076 παίδων
2904 1025 2963 1076 τό
2987 1041 3042 1076 τε
3067 1025 3168 1093 τῆς
3194 1025 3472 1094 βασιλείας
3493 1027 3671 1094 σχῆμα

2096 1115 2192 1166 καὶ
2224 1115 2284 1167 τὸ
2311 1115 2484 1184 ὄνομα
2513 1113 2893 1185 χαριζόμενος,
2924 1108 3070 1168 οὗτοι
3103 1116 3164 1168 τὸ
3192 1117 3286 1185 τῆς,
3321 1117 3496 1187 ἀρχῆς
3537 1118 3668 1186 κρά-

2096 1226 2184 1272 τος
2215 1209 2304 1263 διὰ
2324 1209 2502 1279 χειρὸς
2524 1205 2668 1278 εἶχον
2703 1208 2796 1260 καὶ
2826 1207 3098 1276 γλώσσης,
3127 1209 3183 1260 ὲν
3217 1208 3464 1277 ὑπάρχου
3505 1224 3670 1275 προσ-

2097 1301 2297 1374 ηγορίᾳ
2329 1300 2631 1371 βασιλεύων
2666 1301 2760 1354 τοῦ
2803 1299 3203 1368 βασιλεύοντος.
3248 1299 3390 1354 Ἀλλ’
3438 1299 3560 1352 οὐδέ
3591 1316 3670 1362 τις

2097 1395 2302 1448 τούτων
2343 1396 2398 1445 ὲν
2428 1389 2506 1458 οἷς
2553 1395 2734 1464 μένειν
2759 1393 2942 1462 ἔλαχε,
2991 1392 3240 1462 στέργειν
3270 1391 3484 1460 ἠγάπα.
3527 1392 3673 1442 Ῥου-

2102 1492 2249 1557 eive;
2285 1489 2384 1556 μὲν
2413 1488 2521 1556 γὰρ
2552 1492 2631 1552 εἰς
2662 1489 2853 1540 ἑαυτὸν
2887 1487 3166 1556 ἐπεχείρει
3188 1485 3249 1538 τὸ
3274 1489 3374 1556 τῆς
3406 1485 3675 1554 βασιλείας

2105 1583 2419 1652 μεταθεῖ-θαι
2453 1581 2666 1650 ἀξίωμα
2687 1597 2702 1612 ο
2721 1582 2748 1632 ὁ
2777 1580 2832 1633 δὲ
2852 1580 2929 1649 τῷ
2957 1581 3056 1649 υίῴ
3079 1580 3324 1650 Εὔχερίῳ
3354 1580 3675 1646 περιάπτειν

2100 1679 2200 1744 τὴν
2247 1675 2348 1744 τῆς
2419 1675 2672 1744 Εσπέρας
2712 1674 2889 1744 ἀρχὴν
2924 1673 3114 1738 δεξιῶς
3149 1670 3677 1735 ὲσπούδαζεν.“Αλλᾶ

2102 1773 2196 1822 καὶ
2243 1769 2411 1839 ἄμφω
2439 1768 2534 1819 τοῦ
2579 1767 2909 1837 βουλομένου
2941 1768 3268 1836 διήμαρτον.
3309 1765 3414 1819 Τὸν
3445 1763 3543 1834 μὲν
3577 1763 3678 1832 γὰρ

2117 1863 2396 1930 Ῥουφῖνον
2445 1863 2473 1915 ὁ
2520 1862 2581 1913 ὲκ
2620 1859 2840 1929 Ῥώμης
2879 1858 3128 1930 στρατὸς,
3167 1857 3215 1910 οἳ
3246 1857 3465 1925 σύναμα
3497 1856 3677 1908 Θεοδοο

421 1943 716 1998 translerre
750 1947 984 2003 studuit.
1017 1946 1122 2002 Sed
1157 1959 1454 2017 utrumque
1491 1955 1596 2004 anil
1619 1951 1717 2005 itio
1748 1963 1802 2005 et
1829 1967 1996 2006 cona—

2111 1959 2203 2026 σίῳ
2225 1959 2362 2010 κατὰ
2393 1955 2488 2007 τοῦ
2519 1957 2784 2023 τυράννου
2823 1955 3084 2022 Εὑγενίου
3118 1955 3512 2022 ἐστράτευσαν,
3544 1951 3676 2020 πρὸς

427 2050 517 2092 tus
546 2037 769 2094 fefellit.
797 2040 1056 2096 Ruﬁnum
1085 2044 1230 2098 enim
1255 2048 1539 2101 exercitus
1567 2047 1870 2114 Romanus,
1902 2050 1995 2117 qui

422 2146 545 2184 cum
616 2132 932 2202 Theodosio
996 2135 1264 2190 adversus
1333 2144 1625 2208 tyrannum
1696 2138 1997 2208 Eugenium

423 2236 777 2296 pugnaverat,
814 2226 880 2282 ad
923 2228 1166 2294 Arcadii,
1194 2231 1288 2299 qui
1332 2246 1486 2285 more
1528 2243 1754 2302 recepto
1783 2234 2000 2288 obviam

421 2333 748 2386 progressus
780 2317 830 2372 ei
873 2328 1028 2372 extra
1065 2329 1256 2389 portas
1289 2320 1490 2385 fuerat,
1539 2324 1732 2393 pedes,
1789 2324 1842 2378 in
1877 2325 2002 2378 loco

423 2407 517 2476 qui
569 2408 808 2463 tribunal
845 2409 922 2479 ('5)
950 2409 1176 2474 dicitur,
1210 2410 1357 2466 ferro
1393 2413 1610 2467 necavit
1659 2429 1673 2466 :
1707 2427 2000 2484 promere:

423 2503 569 2568 quod
610 2501 666 2556 id
701 2512 756 2556 ut
793 2502 1062 2568 facerent,
1098 2503 1290 2559 Stilieo
1316 2505 1585 2561 militibus
1617 2515 1869 2561 suaserat
1900 2523 1914 2559 :
1948 2515 2005 2560 et

423 2597 569 2661 quod
601 2611 658 2650 se
709 2595 788 2650 illi
835 2611 1106 2666 suspenso
1142 2613 1277 2652 naso
1309 2602 1379 2652 ab
1411 2615 1477 2654 eo
1547 2600 1760 2655 derisos
1786 2615 2005 2668 compe-

428 2699 654 2750 rerant;
683 2697 796 2742 tum
835 2702 1021 2744 autem
1062 2692 1210 2761 quod
1254 2691 1522 2748 affectatio
1564 2693 1874 2765 tyrannidis
1906 2709 2001 2748 su-

427 2790 651 2847 spectus
701 2790 842 2835 erat.
899 2782 1209 2838 Ferebatur
1255 2799 1476 2854 quoque
1539 2785 1722 2848 tanta,
1773 2785 2005 2839 Hunnos

427 2890 580 2937 vum,
631 2883 849 2943 gentem
907 2876 1197 2930 barbaram
1249 2885 1304 2931 et
1350 2877 1544 2939 feram,
1595 2877 1648 2930 in
1701 2877 2003 2931 Romanam

429 2965 696 3019 ditionem
745 2965 1063 3023 immisisse.
1107 2967 1246 3022 Tum
1289 2970 1437 3023 enim
1483 2968 1559 3022 illi
1600 2967 1916 3023 Armeniam
1949 2978 2008 3022 et

429 3059 696 3128 quasdam
754 3060 1002 3118 Orientis
1052 3073 1237 3133 partes
1295 3073 1444 3116 metu
1503 3062 1654 3117 nullo
1713 3063 2004 3132 plurimam

430 3156 666 3222 prtedam
703 3165 949 3224 agentes,
984 3155 1410 3226 percurrebant.
1459 3155 1622 3211 Forte
1661 3165 1845 3210 autem
1891 3155 2007 3210 lor-

431 3258 562 3301 tuna
594 3263 1007 3318 peropportune
1035 3249 1216 3305 caedes
1255 3251 1377 3317 eius
1421 3249 1477 3304 in
1534 3265 1654 3304 eam
1688 3250 1834 3304 diem
1869 3249 2009 3304 inci-
2033 3271 2078 3334 ο

430 3339 533 3404 dit,
566 3355 673 3408 qua
703 3339 752 3392 ei
787 3341 880 3408 qui
912 3339 1163 3394 delectus
1207 3338 1444 3394 habendi
1490 3353 1680 3393 curam
1719 3337 2006 3407 gerebant,

434 3440 645 3486 tantum
685 3447 792 3485 non
818 3447 1119 3502 purpuram
1162 3432 1565 3486 circumdaturi
1600 3433 1834 3484 fuerant.
1878 3429 2009 3485 Eam

433 3525 584 3580 enim
631 3525 724 3578 ille
759 3534 1096 3594 conceperat
1141 3541 1320 3594 spem,
1365 3526 1674 3578 exercitum
1722 3525 1840 3578 solo
1891 3525 2012 3593 ipso

435 3628 662 3686 aspectu
714 3617 898 3671 statim
950 3617 1278 3677 Arcadium,
1323 3617 1471 3686 quod
1533 3632 1635 3670 nec
1685 3617 1859 3670 forma
1910 3631 2015 3670 nec

438 3710 649 3778 t'iliqua
696 3710 947 3778 corporis
992 3709 1397 3764 constitutione
1435 3710 1732 3762 admodum
1784 3709 2014 3777 imperio

437 3811 598 3870 aptus
637 3817 758 3856 esse
791 3802 1094 3866 videretur,
1126 3802 1486 3872 rejecturum,
1522 3803 1698 3870 ipsum
1732 3812 1910 3856 autem
1947 3802 2014 3855 ad

439 3896 734 3964 inperium
765 3903 1086 3950 evecturum
1133 3912 1280 3951 esse.
1323 3896 1485 3968 3&3
1516 3898 1708 3966 Capite
1745 3914 1873 3950 vero
1907 3896 2018 3949 Rn-

442 3990 537 4044 lini
582 3997 821 4053 resecto,
865 3999 922 4044 et
963 3989 1149 4058 lapide
1189 3989 1247 4042 in
1279 4004 1341 4042 os
1375 3990 1496 4060 ejus
1535 3989 1802 4051 immisso,
1848 3993 2019 4042 hasta:

441 4081 493 4133 id
533 4080 855 4144 inﬁxerunt,
888 4089 946 4134 et
981 4082 1036 4135 in
1073 4081 1309 4135 sublime
1353 4081 1721 4136 sustulerunt.
1761 4082 2018 4136 Dextram

440 4191 660 4246 quoque
690 4176 809 4247 ejus
838 4171 1277 4248 abscisszun'u),
1317 4192 1416 4247 per
1450 4178 1642 4231 urbem
1677 4180 1824 4232 circa
1860 4177 2021 4246 opili-

442 4284 568 4322 cum
604 4266 850 4322 ofﬁcinas
881 4267 1363 4332 circumtulerunt,
1406 4269 1590 4322 verbis
1628 4268 1713 4321 his
1751 4277 1971 4321 utentes
2005 4284 2019 4320 :

448 4377 466 4406 ι
505 4357 636 4410 Date
680 4358 877 4426 stipem
916 4357 1265 4425 inexplebilis
1305 4359 1556 4413 avaritias
1594 4362 1738 4413 viro.
1779 4377 1795 4409 ι
1844 4358 1909 4412 Et
1952 4358 2024 4410 ri-

443 4450 623 4503 dicula
668 4465 732 4504 ea
784 4451 1130 4516 mendicitas,
1169 4453 1403 4506 multum
1448 4454 1583 4506 satis
1610 4453 1730 4504 auri
1763 4451 2022 4518 collegit;

445 4544 786 4610 perlibenter
831 4545 977 4597 enim
1025 4545 1079 4597 in
1129 4545 1376 4615 jucundo
1423 4555 1476 4599 et
1516 4553 1674 4615 grato
1709 4543 2026 4612 spectaculo

2101 2054 2212 2113 τοῖς
2244 2053 2404 2102 ποσὶν
2444 2050 2732 2119 Ἀρκαδίου
2769 2051 2828 2102 ὲν
2858 2048 2936 2117 τῷ
2967 2047 3252 2116 λεγομένῳ
3279 2043 3639 2114 τρισουναλίῳ
3660 2084 3672 2107 ,

2101 2147 2182 2207 εἰς
2213 2145 2520 2212 ἀπάντησιν
2543 2142 2752 2212 ἥκοντα
2779 2141 2856 2209 τῷ
2884 2139 3122 2210 στρατῷ,
3155 2138 3347 2200 εἰωθὸς
3380 2137 3438 2191 ὃν
3460 2135 3677 2189 τοιαῦτα

2104 2241 2303 2302 ποιεῖν,
2347 2238 2648 2307 μαχαίραις
2675 2235 2886 2288 ἀνεῖλον
2909 2251 2923 2266 ο
2954 2234 3110 2287 τοῦτο
3144 2233 3264 2302 μὲν,
3291 2234 3374 2286 ὅτι
3405 2231 3561 2285 τοῦτο
3589 2230 3677 2283 καὶ

2104 2328 2374 2398 Στελίχων
2427 2327 2507 2398 τῷ
2543 2326 2762 2397 στρατῴ
2800 2325 3134 2395 παρηγγύαο
3181 2324 3340 2376 τοῦτο
3386 2322 3429 2376 δ’
3477 2323 3556 2373 ὅτι
3591 2320 3679 2372 καὶ

2107 2416 2458 2488 μυκτηρίζων
2496 2415 2737 2476 ἐκείνους
2769 2415 3096 2482 πεφώραται
3118 2428 3131 2442 °
3165 2414 3258 2465 καὶ
3287 2413 3347 2464 τὸ
3377 2411 3581 2481 τρίτον,
3599 2410 3675 2459 ὅτι

2106 2511 2198 2564 καὶ
2215 2510 2475 2578 τύραννος
2495 2507 2868 2561 ὑπωπτεύετο·
2912 2507 3089 2569 ἄλλως
3115 2521 3174 2559 τε
3197 2504 3292 2558 καὶ
3307 2505 3465 2574 φήμη
3482 2503 3678 2567 διέτρε-

2106 2620 2218 2672 χεν,
2254 2604 2327 2664 ὡς
2361 2601 2523 2664 αὐτὸς
2553 2602 2638 2670 εἴη
2658 2599 2916 2664 Οὖννους,
2949 2600 3099 2661 ἔθνος
3121 2616 3171 2652 τι
3205 2597 3480 2668 βάρϐαρόν
3510 2612 3566 2648 τε
3591 2594 3678 2646 καὶ

2106 2699 2320 2766 ἄγριον,
2365 2696 2456 2747 ἐπὶ
2490 2695 2558 2748 τὰ
2615 2692 2904 2763 Ῥωμαίων
2949 2695 3182 2763 κινήσας
3219 2693 3365 2762 ὅρια.
3419 2695 3527 2746 Καὶ
3576 2693 3680 2756 γὰρ

2107 2786 2228 2839 κατ’
2289 2787 2464 2838 έκεῖνο
2509 2783 2708 2853 καιροῦ
2738 2786 2829 2836 έπί
2861 2801 2920 2836 τε
2968 2784 3267 2852 Ἀρμενίαν
3289 2786 3388 2838 καί
3435 2801 3557 2836 τινα
3589 2785 3681 2851 τῆς

2111 2881 2230 2934 Ἕω
2279 2881 2419 2951 μέρη
2461 2878 2634 2940 ἀδεῶς
2697 2879 3130 2947 κατατρέχοντες
3187 2874 3327 2946 ἦσαν
3389 2879 3485 2930 καὶ
3539 2876 3681 2928 λείαν

2111 2974 2369 3039 πλείστην
2398 2969 2729 3038 ποιούμενοι.
2755 2967 3065 3038 Συνέδραμε
3091 2969 3146 3021 δὲ
3171 2967 3468 3037 δαιμονίως
3500 2967 3680 3020 τοῦτον

2109 3067 2494 3136 ἀπορραγῆναι
2550 3062 2644 3116 τοῦ
2695 3062 2814 3132 ζῇν,
2847 3061 2972 3115 καθ’
3003 3062 3070 3132 ἢν
3105 3062 3152 3114 oi
3200 3062 3555 3131 στρατολόγοι
3591 3076 3684 3128 μο-

2110 3159 2324 3226 νονουχὶ
2375 3157 2473 3226 τὴν
2521 3155 2813 3230 ἁλουργίδα
2865 3154 3184 3223 περιϐαλεῖν
3242 3154 3400 3223 αὐτῷ
3451 3151 3685 3223 ἔμελλον.

2110 3248 2220 3305 Ἦν
2273 3252 2363 3304 καὶ
2403 3249 2512 3319 γὰρ
2555 3251 2614 3301 ὲν
2653 3248 2889 3312 ἐλπίσιν,
2928 3249 3002 3310 ὡς
3035 3247 3095 3311 ἐξ
3151 3246 3321 3314 αὐτῆς
3368 3246 3470 3298 καὶ
3530 3244 3688 3313 μόνης

2113 3343 2213 3412 τῆς
2257 3341 2434 3412 ὅψεως
2467 3343 2494 3393 ὁ
2532 3342 2764 3411 στρατδς
2796 3341 2887 3392 τὸν
2921 3339 3022 3409 μὲν
3071 3338 3352 3409 Ἀρκάδων
3382 3335 3692 3390 ἀποσκευά-

2116 3453 2294 3499 σεται,
2327 3435 2517 3502 ἀφυῶς
2569 3433 2709 3502 πρός
2742 3449 2800 3484 τε
2844 3428 2981 3493 εἶδος
3014 3432 3108 3484 καὶ
3135 3431 3232 3499 τὴν
3261 3429 3445 3499 ἀρχὴν
3472 3429 3687 3498 ἔχοντα·

2116 3531 2276 3583 αὑτὸν
2308 3529 2363 3582 δὲ
2393 3528 2706 3600 βασιλεύειν
2735 3527 3046 3596 αἱρήσεται.
3081 3525 3357 3594 Τεμόντες
3387 3524 3445 3576 δὲ
3489 3521 3691 3588 Ῥουφῖ-

2117 3641 2208 3673 νου
2245 3624 2340 3690 τὴν
2386 3621 2648 3689 κεφαλὴν,
2675 3619 2826 3670 λίθον
2869 3619 3072 3687 ἐνῆκαν
3100 3617 3178 3685 τῷ
3212 3616 3444 3685 στόματι
3481 3617 3569 3668 ἐπὶ
3601 3615 3687 3678 ξύ-

2115 3715 2208 3767 λου
2267 3716 2542 3783 μετέωρον
2600 3714 3030 3782 ἀναρτήσαντες.
3092 3710 3443 3780 Περιελόντες
3502 3710 3557 3762 δὲ
3601 3708 3691 3759 καὶ

2117 3809 2216 3878 τὴν
2250 3808 2454 3874 δεξιὰν,
2489 3806 2752 3874 περιῆγον
2787 3806 2890 3858 ἀνὰ
2922 3806 2992 3857 τὰ
3039 3805 3138 3872 τῆς
3173 3804 3384 3866 πόλεως
3432 3801 3694 3872 ἐργαστὴ-

2122 3916 2236 3969 ρια,
2275 3916 2294 3948 ι
2329 3898 2480 3958 Δότε,
2513 3896 2786 3962 λέγοντες,
2840 3895 2919 3962 τῷ
2951 3895 3237 3964 ἀπλήστῳ.
3279 3913 3298 3946 ι
3339 3895 3482 3947 Πολὺ
3511 3893 3562 3944 δὲ
3593 3893 3691 3960 ἄρα

2123 3992 2343 4061 χρυσίον
2373 3994 2404 4059 ἡ
2445 3989 2740 4058 γελοιώδης
2769 3989 2953 4057 ἐκείνη
2989 3989 3206 4057 αἴτησις
3232 3987 3548 4058 ὴρανίσατο.
3573 3983 3690 4037 Ἐπὶ

2121 4085 2232 4151 γὰρ
2265 4083 2380 4151 ἡδεῖ
2404 4082 2494 4133 καὶ
2526 4079 2856 4148 καταθυμίῳ
2888 4078 3123 4145 θεάματι
3175 4075 3420 4145 εὐχερῶς
3447 4076 3494 4127 οἱ
3531 4074 3694 4142 ὁρῶν-

2121 4193 2213 4238 τες
2244 4175 2302 4227 τὸ
2330 4175 2552 4244 χρυσίον
2585 4170 3026 4242 προῖεντο.Ἀλλά
3056 4170 3135 4240 τῷ
3177 4169 3276 4238 μὲν
3316 4167 3582 4236 Ἱόυφίνῳ
3619 4165 3694 4223 εις

2121 4268 2284 4321 τοῦτο
2309 4268 2498 4329 τέλους
2533 4268 2560 4318 ὁ
2591 4265 2692 4333 τῆς
2726 4264 2901 4334 ἀρχῆς
2934 4262 3074 4332 ἔρως
3106 4260 3340 4331 προέϐη.
3388 4259 3607 4328 Ἐπίσης
3641 4256 3692 4308 δὲ

2123 4359 2297 4428 τούτῳ
2347 4359 2438 4411 καὶ
2493 4357 2763 4426 Στελίχων
2811 4357 2970 4424 εἴπερ
3003 4373 3088 4416 τις
3127 4355 3185 4406 ἑν
3231 4353 3460 4421 δυνάμει
3494 4347 3694 4420 μεγάλῃ

2137 4451 2427 4521 Ῥωμαίων
2456 4452 2550 4502 xa‘t
2574 4448 2866 4518 βαρϐαρων
2889 4447 3200 4517 γενόμενος,
3220 4445 3545 4514 συγκρούειν
3566 4442 3692 4509 πρὸς

2129 4544 2321 4598 ἑαυτὸν
2367 4543 2692 4613 βουλόμενος
2725 4542 2791 4594 τὰ
2826 4540 3096 4609 βασίλεια,
3144 4540 3288 4592 κατά
3335 4540 3435 4605 τὴν
3475 4533 3697 4589 Ἰταλίαν

445 4637 699 4691 homines
737 4653 936 4691 aurum
969 4639 1349 4694 contulerunt.
1393 4639 1471 4693 Ae
1499 4637 1759 4690 Ruﬁnum
1795 4635 2009 4705 quidem

2129 4637 2371 4705 ἐσφάγη,
2406 4636 2483 4698 ὡς
2523 4637 2581 4687 ὲν
2613 4632 2791 4703 καιρῷ
2827 4649 2918 4701 μοι
2957 4631 3250 4696 λελέξεται.
3288 4631 3440 4681 Μετὰ
3470 4627 3524 4679 δὲ
3557 4625 3698 4676 Ῥου-

447 4730 661 4798 imperii
721 4730 998 4785 allectatio
1048 4731 1116 4786 ad
1167 4729 1436 4802 ejusmodi
1491 4731 1617 4784 vitae
1668 4730 1831 4783 linem
1896 4744 2020 4799 pro-

445 4825 621 4878 duxit.
659 4825 738 4879 Ad
776 4827 1030 4881 eumdem
1068 4842 1198 4881 vero
1225 4827 1446 4879 modum
1488 4834 1546 4879 et
1577 4823 1790 4890 Stilico,
1824 4825 1942 4894 qui,
1976 4823 2023 4877 si

447 4917 574 4982 quis
603 4915 855 4982 alius,'ct
886 4919 1001 4987 ipse
1033 4918 1178 4988 apud
1219 4918 1497 4971 Romanos
1526 4917 1691 4971 simul
1729 4925 1784 4971 et
1823 4916 2026 4970 Barba-

448 5025 542 5064 ros
567 5011 810 5079 potentia
848 5012 1081 5065 multum
1110 5011 1306 5074 valuit,
1343 5025 1530 5064 rerum
1567 4992 1936 5065 summamad
1967 5024 2026 5062 se

451 5105 772 5173 pertrahere
805 5106 1014 5170 volens,
1058 5107 1113 5159 in
1164 5104 1317 5158 Italia
1347 5104 1562 5159 occisus
1586 5112 1691 5169 est,
1722 5103 1888 5158 sicuti
1924 5117 2027 5157 suo

451 5197 574 5259 loco
605 5197 876 5254 dicemus.
905 5196 1039 5253 Post
1072 5195 1328 5250 Ruﬁnum
1350 5211 1480 5250 vero
1519 5194 1819 5266 Eutropius
1851 5211 2029 5250 eunu-

525 5377 616 5454 (l)_
647 5377 772 5454 llaec
811 5377 1037 5454 constit.
1060 5385 1421 5454 _non_ex_st_a_t,
1460 5375 1554 5431 sed
1584 5375 1862 5444 reperitur
1887 5375 2031 5432 Con-

454 5447 680 5510 stantini
718 5449 753 5500 l.
785 5448 932 5502 unic.
962 5449 1024 5503 C.
1060 5448 1134 5506 De
1164 5447 1308 5514 glad.
1336 5447 1434 5501 lib.
1467 5464 1528 5500 ιι.

527 5519 604 5586 (‘2)
631 5520 883 5581 Ruﬁnus,
913 5518 1041 5571 dum
1067 5517 1319 5572 Gotthica
1356 5517 1613 5571 sollicitat
1637 5532 1809 5579 arma.
1845 5527 1908 5572 ut
1932 5519 2032 5571 im-

455 5591 671 5659 perium
705 5601 850 5641 metu
879 5587 946 5640 ab
971 5589 1206 5659 Arcadio
1238 5598 1614 5656 extorqueret,
1647 5587 1890 5657 perﬁdiae
1921 5605 2036 5658 pte-

458 5657 555 5714 iias
582 5661 753 5712 dedit.
790 5659 921 5711 Erat
957 5661 1044 5714 hic
1080 5679 1106 5710 a
1154 5657 1467 5712 Theodosio
1493 5666 1641 5711 tutor
1676 5657 2034 5714 Arcadio’da-

458 5739 564 5784 lus.
593 5730 783 5794 Egnat.

531 5801 607 5870 (3)
629 5801 959 5853 Claudianus
992 5802 1056 5854 tle
1087 5802 1281 5856 Ruﬁno
1309 5819 1322 5857 :

565 5920 694 5932 -ο-
728 5896 1057 5964 graviterque
1083 5913 1345 5966 apprcnsa
1368 5903 1503 5949 vcstc
1530 5904 1821 5949 morantcm

2130 4733 2285 4798 φῖνον
2311 4727 2640 4798 Εὑτροποιός
2671 4743 2755 4788 τις
2804 4723 3060 4794 εὐνοῦχος
3092 4722 3192 4793 τὴν
3222 4721 3315 4774 τοῦ
3347 4715 3698 4792 πραιποςίτου

2129 4822 2297 4891 τιμὴν
2337 4821 2571 4883 ἀναϐὰς,
2625 4819 2736 4872 οὐδ’
2789 4817 2953 4880 αὐτὸς
2997 4819 3063 4885 τῇ
3113 4813 3245 4883 παρ’
3293 4814 3452 4880 ἀξίαν
3487 4808 3700 4880 ἠρκεῖτο

2129 4917 2287 4984 τιμῇ.
2321 4912 2477 4966 Ἐπεὶ
2505 4912 2614 4984 γὰρ
2646 4914 2678 4978 ἡ
2710 4909 2918 4979 ἔκτομὴ
2948 4907 3046 4976 τῆς
3075 4906 3395 4976 ἀλουργίδος
3422 4903 3581 4957 αὑτὸν
3605 4900 3700 4949 ἀπ-

2131 5009 2362 5078 εστέρει,
2395 5007 2579 5058 ἔπειθε
2615 5004 2840 5076 βασιλέα
2861 5004 3058 5071 πεῖραν
3081 5001 3396 5071 προσάγων,
3427 4993 3701 5063 πατρίκιάν

2131 5119 2189 5153 τε
2215 5102 2304 5154 καὶ
2335 5101 2540 5154 ὕπατον
2565 5099 2924 5167 ἀναγράφειν.
2960 5097 3071 5150 Καὶ
3095 5095 3188 5148 τοῦ
3217 5093 3405 5147 λοιποῦ
3442 5090 3616 5155 πατὴρ
3638 5082 3700 5153 ἧν

2130 5191 2228 5246 τοῦ
2253 5193 2585 5264 κρατοῦντος
2620 5190 2900 5261 εὐνοῦχθςν
2931 5190 2959 5242 ὁ
2993 5188 3129 5260 μηδὲ
3153 5187 3246 5240 τὸν
3277 5187 3507 5255 τυχόντα
3542 5177 3698 5232 παῖδα

2239 5375 2490 5444 Increpat
2517 5373 2828 5444 Augustum.
2859 5367 3082 5444 scandet
3102 5365 3323 5444 sublime
3352 5357 3598 5442 tribunal,

2243 5438 2563 5514 Partiripem
2597 5438 2789 5513 Sceptri
2814 5441 3013 5494 socium
3040 5438 3272 5493 declaret
3302 5438 3534 5489 honoris.

2206 5537 2284 5607 (4)
2314 5537 2654 5593 Claudianus
2685 5553 2700 5587 :

2244 5631 2472 5694 Παπίου-α
2495 5629 2622 5698 quin
2653 5629 2813 5680 etiam
2841 5625 2964 5678 ludo
2985 5640 3230 5698 concessa
3248 5629 3493 5698 vagatur,
3534 5687 3542 5697 _

2243 5692 2376 5754 Ᾱίνα
2407 5692 2605 5768 petens,
2627 5713 2912 5766 pwnasque
2939 5697 3101 5748 animi
3131 5692 3374 5763 persolvit
3399 5692 3563 5746 avari.

2247 5771 2484 5825 Terribili
2518 5769 2662 5820 lucro
2719 5776 2828 5820 etc.

2251 5841 2467 5894 Desinat
2503 5841 2653 5891 elutis
2682 5839 2961 5905 quisquam
3004 5837 3267 5900 confidere
3303 5835 3471 5905 rebus,

2250 5912 2629 5976 Iustubilcsquc
2665 5914 2783 5961 deos
2813 5903 2872 5961 ac
2893 5909 3098 5961 lubrica
3123 5908 3342 5962 numina
3379 5903 3558 5955 discat.
