4062 6442
343 466 345 468 ’
445 492 558 547 εδει)

1390 486 1994 546 ECCLESIASTIIIAE
2031 487 2424 546 IllS'I‘Oltl.E
2469 488 2627 548 LIB.
2671 460 2849 549 xm.

3609 482 3714 553 92‘5

447 598 614 667 φῦναι
661 596 981 666 δυνάμενος.
1038 594 1202 649 Ἀλλᾶ
1258 585 1387 668 περὶ
1436 598 1537 668 μέν
1588 597 1888 668 Εὑτροπὶου
1939 600 2017 652 κα¹

2139 599 2277 654 chus
2304 602 2583 670 praepositi
2631 600 2768 654 sacri
2810 598 3052 656 cubiculi
3086 599 3409 671 dignitatem
3440 618 3711 659 consecu-

447 690 679 762 ὕστερον
718 689 950 762 ἐροῦμεν
973 706 988 722 ⁸
1026 691 1201 743 ταῦτα
1228 689 1286 743 δὲ
1337 692 1402 760 τῇ
1437 692 1649 763 ἱστορίᾳ
1687 690 2028 761 διελάϐομεν,

446 785 642 853 ὅτιπερ
688 782 792 836 οὐκ
842 782 1102 852 ἐλαχίστη
1132 783 1229 837 καὶ
1275 783 1449 838 ταῦτα
1480 786 1755 854 πρόφασις
1803 785 2029 852 γέγονεν

449 876 541 929 ἐπὶ
574 876 718 945 μέγα
748 875 847 943 τὴν
877 874 1182 947 θρησκείαν
1211 876 1545 930 ἐπιδιδόναι·
1575 880 1624 931 οἱ
1642 882 1751 948 γὰρ
1788 878 2027 947 βασιλεῖς

449 968 711 1036 ἀσφαλῶς
755 967 925 1038 ᾤοντο
940 967 1016 1037 τῷ
1045 969 1197 1039 σφῶν
1219 971 1388 1038 πατρὶ
1410 970 1508 1033 τὰς
1540 972 1680 1025 κατὰ
1700 971 1807 1025 τῶν
1826 989 1889 1026 τυ
1899 972 2025 1041 ράν-

449 1078 556 1113 νων
586 1061 935 1129 ἐπιγενέσθαι
968 1062 1153 1126 νίκας,
1184 1063 1288 1117 ὑπὸ
1321 1063 1604 1130 εὐσεϐείας
1647 1065 1849 1136 μᾶλλον
1875 1083 1888 1098 ·
1929 1064 2025 1119 καὶ

460 1153 734 1220 Ῥουφῖνον
765 1154 811 1208 δ’
835 1154 911 1219 ὼς
942 1157 1225 1211 ἐπίϐουλον
1253 1157 1352 1228 τῆς
1385 1158 1562 1230 ἀρχῆς
1591 1158 1719 1212 ἄνευ
1754 1159 2021 1229 ἐμφυλίου

448 1247 627 1314 μάχης
658 1247 910 1301 ἐκποδὼν
965 1248 1325 1319 καταστῆναι.
1381 1252 1480 1303 Διά
1528 1268 1608 1304 τοι
1642 1250 1802 1304 τοῦτο
1830 1253 1925 1304 καὶ
1954 1252 2023 1304 τά

445 1332 853 1401 προδεδογμένα
899 1337 1011 1393 τοῖς
1030 1337 1163 1404 πρὶν
1188 1334 1559 1390 εὐσεϐέσιτῶν
1590 1337 1861 1407 βασιλέων
1880 1338 2021 1408 ὑπὲρ

442 1421 553 1473 τῶν
598 1422 910 1493 ἐκκλησιῶν
960 1424 1055 1477 καὶ
1104 1424 1316 1489 τούτοις
1355 1427 1655 1496 ἐπιμᾶλλον
1683 1428 2017 1500 ἐκράτυναν,

443 1508 701 1579 ἀσφαλῶς
736 1532 796 1568 τε
842 1516 1074 1588 ἐτήρουν
1097 1533 1112 1547 ο
1164 1520 1256 1572 καὶ
1303 1518 1470 1590 ἔτερα
1509 1521 1732 1592 θεοφιλῆ
1766 1521 2020 1591 προσετί-

445 1603 599 1658 θεντο
624 1604 792 1677 ἔργα⁴
820 1609 1052 1678 μάλιστα
1070 1610 1115 1664 δ’
1141 1610 1405 1679 ἀφθόνους
1435 1613 1902 1684 ἐπιχορηγοῦντες
1921 1614 2018 1678 τὰς

442 1697 673 1767 δωρεάς.
735 1699 810 1753 Τὸ
839 1699 886 1755 δ’
941 1700 1048 1753 ὑπὸ
1088 1704 1248 1774 χεῖρα
1278 1705 1506 1773 σύμπαν
1542 1705 1673 1774 προς
1725 1704 1853 1769 τοὺς
1881 1722 2019 1775 κρασ-

440 1791 673 1854 τούντας
705 1791 883 1864 ὀρῶν,
925 1794 1051 1847 ὅσον
1105 1797 1205 1864 μὲν
1249 1799 1307 1849 ἐν
1340 1796 1602 1867 Ἕλλησιν
1632 1795 1716 1868 ἦν,
1759 1797 1895 1866 πρὸς
1926 1799 2016 1851 τὸν

439 1883 869 1955 Χριστιανισμὺν
905 1887 1220 1958 μετετίθετο
1245 1907 1258 1920 ·
1294 1891 1347 1941 ot
1386 1888 1430 1943 δ’
1466 1891 1892 1963 αἱρετικοὶπρός
1918 1892 2015 1963 τὴν

443 1976 673 2031 καθόλου
691 1977 1024 2051 Ἐκκλησίαν
1046 1980 1455 2052 προσεχώρουν.
1483 1982 1552 2037 Οἵ
1598 2001 1662 2051 γε
1695 1984 1802 2055 μὴν
1820 1983 2018 2056 ’Λρείῳ

445 2070 535 2120 καὶ
576 2069 825 2142 Εὐνομίῳ
874 2071 1132 2142 ἑπόμενοι
1169 2073 1258 2128 διὰ
1286 2073 1355 2127 τὰ
1388 2073 1628 2146 πρόσθεν
1655 2077 1920 2147 εἰρημένα
1960 2081 2019 2130 ἐν

442 2160 732 2229 διχονοίαις
778 2158 920 2234 ἦσαν
943 2179 958 2196 ο
993 2165 1086 2217 καὶ
1129 2164 1216 2218 διὰ
1258 2165 1435 2221 ταῦτα
1468 2167 1722 2231 ἐλάττους
1757 2169 2016 2237 ἐγίνοντο.

441 2255 503 2305 0i
536 2253 645 2319 γὰρ
689 2254 932 2307 πλεῖστοι
963 2255 1037 2325 μὴ
1071 2254 1244 2325 ὀρθῶς
1296 2258 1496 2320 αὐτοὺς
1523 2257 1770 2324 δοξάζειν
1802 2262 1930 2328 περὶ
1960 2259 2019 2312 τὸ

436 2345 590 2397 Θεῖον
625 2346 884 2415 οἰόμενοι,
942 2348 1021 2419 τῷ
1066 2349 1158 2403 διὰ
1215 2352 1396 2422 μάχης
1452 2352 1707 2422 ἀλλήλοις
1757 2354 1892 2408 ίέναι
1926 2354 2020 2406 καὶ

437 2439 731 2503 ἐριστικῶς
781 2441 929 2508 μάλα
969 2441 1134 2512 ἔχειν,
1182 2444 1319 2512 πρὸς
1359 2445 1486 2508 τοὺς
1521 2445 1716 2516 ἐπίσης
1744 2449 1856 2509 τοῖς
1887 2463 2023 2517 κρα-

437 2528 591 2580 τοῦσι
636 2529 971 2600 φρονοῦντας
1019 2530 1186 2595 εὐθὺς
1213 2532 1578 2601 μετετίθεντο.
1622 2536 1685 2587 Οἱ
1722 2534 1778 2588 δέ
1808 2536 1877 2587 τὰ
1902 2536 2022 2589 Μα-

440 2622 678 2675 κεδονίου
752 2624 1078 2694 φρονοῦντες
1139 2626 1197 2679 ἐν
1258 2627 1832 2682 Κωνσταντινουπόλει
1896 2628 2018 2679 κατ’

439 2717 618 2769 ἐκεῖνο
656 2717 853 2786 καιροῦ
903 2718 1146 2782 ἀσθενῶς
1179 2713 1362 2788 εἶχον,
1396 2719 1788 2790 βλαπτόμενοι,
1825 2722 1908 2775 ὅτι
1946 2721 2022 2792 μὴ

439 2809 544 2861 ὑπὸ
567 2810 854 2881 ἐπισκόπῳ
887 2809 1335 2880 ὲτάττοντο.’Λφ⁹
1363 2804 1423 2865 οὗ
1456 2812 1567 2882 γὰρ
1599 2813 1691 2864 ἐπὶ
1725 2814 2019 2866 Κωνσταν-

436 2905 552 2954 τίου
582 2903 733 2972 παρὰ
770 2901 1024 2971 Εὺδοξίου
1066 2905 1160 2957 καὶ
1206 2903 1315 2959 τῶν
1340 2904 1481 2976 ἀμφ’
1506 2905 1669 2960 αὐτὸν
1697 2907 1794 2968 τὰς
1821 2906 2024 2976 ἐκκλη-

439 2995 562 3056 σίας
585 2994 910 3066 (ἀφῄρηντο,
963 2996 1069 3051 ὑπὸ
1096 2996 1283 3066 μόνοις
1321 2997 1714 3069 πρεσϐυτέροις
1764 3000 1892 3070 ἄχρι
1924 3000 2023 3069 τῆς

435 3088 707 3158 ἐχομένης
737 3088 1049 3157 διεγένοντο
1075 3089 1378 3159 βασιλείας.
1406 3091 1657 3157 Εὐδοξίου
1678 3091 1735 3145 δέ
1763 3093 1903 3162 μετὰ
1927 3092 2024 3145 θά-

437 3198 621 3242 νατον,
645 3180 704 3245 ὃς
718 3181 816 3253 τῆς
835 3182 891 3236 ἐν
919 3183 1499 3239 Κωνσταντινουπόλει
1528 3186 1870 3256 Εὐνομιανῆς
1898 3204 2019 3240 συν-

2137 703 2245 753 tus.
2285 708 2463 764 neque
2497 695 2614 763 ipse
2663 693 2718 749 in
2750 694 2962 749 honore
2992 708 3081 762 eo,
3117 710 3279 765 quem
3308 704 3511 766 praeter
3544 700 3710 750 meri-

2136 797 2249 841 tum
2305 785 2566 856 gerebat,
2628 786 2927 856 acquievit.
2978 785 3114 842 Cum
3174 803 3415 858 namque
3466 791 3707 844 virilium

2131 878 2379 932 eas..-ctio
2409 894 2663 948 purpura:
2693 880 2741 932 ei
2773 893 2925 948 spem
2961 878 3278 941 ademisset,
3319 881 3708 949 imperatorem

2131 980 2443 1041 aggressus,
2487 981 2547 1025 ut
2583 970 2875 1040 patricium
2918 972 2994 1039 (1)
3031 986 3089 1026 se
3122 980 3180 1026 et
3215 954 3503 1027 consulem
3548 989 3706 1027 cron-

2129 1074 2234 1123 rct.
2265 1063 2315 1117 ci
2350 1064 2648 1133 persuasit.
2679 1062 3030 1133 Quopmpler
3058 1065 3353 1120 eunuchus
3379 1067 3573 1122 deinde
3606 1069 3707 1120 im-

2127 1155 2396 1224 peratoris
2433 1170 2588 1224 pater
2620 1157 2696 1226 (‘2)
2744 1155 2866 1218 fuit,
2901 1158 2994 1224 qui
3043 1156 3213 1210 etiam
3262 1157 3474 1212 vilioris
3522 1160 3699 1213 sortis

2131 1248 2301 1300 filium
2357 1252 2657 1316 procreare
2708 1262 2816 1300 non
2870 1246 3068 1313 potuit.
3134 1246 3242 1302 Sed
3301 1248 3369 1303 de
3429 1249 3703 1319 Eutropio

2127 1348 2316 1406 postea
2372 1336 2823 1390 memorabimus.
2880 1335 3007 1391 Haec
3052 1347 3236 1392 autem
3288 1337 3533 1393 historia:
3578 1340 3705 1394 huic

2127 1423 2488 1490 intexnimus,
2525 1424 2670 1494 quod
2730 1439 2838 1478 non
2887 1425 3082 1494 exigua
3130 1428 3350 1481 occasio
3387 1428 3611 1491 fuerint,
3646 1440 3706 1484 nt

2124 1517 2318 1587 religio
2359 1527 2552 1572 nostra
2590 1518 2823 1572 multum
2872 1529 3094 1587 caperet
3134 1519 3484 1575 incrementi.
3520 1522 3699 1591 Impe-

2117 1619 2339 1664 ratores
2368 1625 2605 1680 namque
2642 1619 2795 1664 certo
2835 1625 3163 1679 persuasum
3215 1611 3515 1679 habebant,
3555 1615 3699 1682 patri

2119 1715 2311 1755 eorum
2364 1716 2394 1755 a
2449 1716 2577 1755 vera
2623 1703 2824 1771 pietate
2878 1700 3143 1756 victorias
3191 1711 3384 1756 contra
3437 1711 3703 1773 tyrannos

2120 1794 2413 1848 obvenisse
2452 1809 2468 1847 :
2518 1794 2605 1848 cui
2649 1794 2815 1847 etiam
2866 1804 3148 1862 aceeptum
3198 1794 3450 1849 ferebant
3493 1795 3699 1859 Rufini,

2119 1885 2215 1954 qui
2266 1882 2501 1953 imperio
2534 1883 2826 1940 insidiatus
2855 1884 3056 1948 fuerat,
3111 1884 3322 1954 absque
3368 1885 3513 1940 civili
3560 1887 3701 1940 bello

2122 1975 2351 2030 caedem.
2392 1974 2632 2029 Proinde
2662 1989 3006 2045 quaecunque
3040 1976 3364 2031 decessorcs
3393 1992 3586 2032 eorum
3621 1977 3696 2047 pii

2121 2069 2486 2139 imperatores
2524 2085 2624 2139 pro
2668 2070 2919 2124 ecclesiis
2952 2080 3280 2136 statuerant,
3330 2082 3385 2125 et
3430 2072 3530 2142 ipsi
3567 2089 3702 2127 con-
3781 2120 3785 2125 .

2123 2161 2409 2216 ﬁrmarunt
2443 2163 2542 2235 (5),
2587 2178 2760 2229 eaque
2809 2164 3042 2217 firmiter
3103 2173 3415 2230 servarunt,
3481 2166 3700 2236 aliaque

2122 2256 2350 2325 insuper
2379 2256 2493 2311 Deo
2522 2264 2675 2324 grata
2708 2256 2962 2326 adjecere
2987 2271 3177 2325 opera,
3211 2273 3472 2326 perquam
3499 2258 3701 2313 libera-

2121 2344 2248 2399 liter
2281 2346 2336 2400 in
2371 2346 2563 2415 primis
2597 2346 2740 2401 dona
2775 2349 2858 2402 eis
2883 2348 3256 2403 conferentes.
3309 2349 3529 2404 Subditi
3568 2365 3700 2405 vero

2121 2453 2317 2494 omnes
2355 2439 2421 2493 ad
2471 2440 2753 2510 principes
2799 2454 2933 2496 Suos
2978 2451 3311 2509 spectantes,
3358 2443 3451 2512 qui
3499 2442 3702 2498 Graeca).

2124 2531 2509 2601 superstitioni
2575 2532 2783 2586 addicti
2844 2543 3040 2600 erant,
3088 2535 3156 2589 ad
3214 2534 3701 2590 Christianismum

2124 2624 2469 2679 transierunt
2519 2642 2533 2678 :
2581 2623 2676 2694 qui
2728 2640 2862 2680 vero
2910 2628 3147 2681 haereses
3194 2627 3570 2692 sectabantur,
3633 2626 3700 2681 ad

2126 2717 2428 2771 Ecclesiam
2472 2715 2802 2772 catholicam
2841 2726 3221 2773 accesserunt.
3268 2717 3554 2787 Siquidem
3608 2719 3701 2788 qui

2125 2808 2241 2862 Arii
2271 2818 2326 2864 et
2354 2808 2607 2864 Ennomii
2636 2809 2886 2864 haeresim
2917 2810 3450 2879 complectebantur,
3478 2823 3705 2880 propter

2123 2918 2218 2958 eas
2265 2919 2403 2973 quas
2445 2904 2685 2958 diximus
2715 2919 2911 2959 causas
2944 2902 3092 2958 inter
3119 2919 3178 2959 se
3212 2904 3582 2971 dissidebant,
3611 2919 3707 2960 ea-

2123 3011 2232 3064 que
2282 2995 2459 3065 gratia
2509 2995 2925 3049 minuebantur.
2990 2994 3222 3048 Plurimi
3287 3011 3528 3064 namque
3590 3010 3703 3051 non

2124 3097 2273 3141 recte
2306 3101 2400 3141 eos
2425 3086 2493 3145 de
2529 3087 2641 3142 Deo
2663 3086 2894 3150 sentire,
2925 3101 2991 3141 ex
3019 3101 3086 3141 eo
3113 3086 3348 3156 opinati,
3378 3087 3524 3157 quod
3556 3088 3704 3143 inter

2123 3193 2183 3234 se
2218 3178 2573 3233 vehementer
2603 3178 3005 3237 contenderent
3029 3186 3199 3250 atque
3230 3187 3585 3249 pugnarent,
3618 3180 3702 3236 eis

435 3274 657 3340 αγωγῆς
689 3273 1101 3342 περιειστήκει,
1134 3274 1430 3336 Λουκιανός
1460 3293 1543 3338 τις
1573 3275 2013 3330 ἀντικαθίστατο.

2121 3285 2181 3326 se
2211 3272 2396 3326 statim
2438 3278 2823 3340 aggregarunt,
2858 3270 2953 3340 qui
3003 3269 3252 3325 eamdem
3283 3285 3408 3325 cum
3456 3270 3701 3340 impera-

435 3364 570 3427 Παῖς
613 3363 669 3416 δέ
717 3365 829 3435 ἄρα
876 3357 1032 3428 οὗτος
1080 3365 1320 3435 ἀδελφῆς
1351 3367 1619 3436 Εὑνομίου
1652 3368 1907 3436 ἐγένετο·
1953 3367 2015 3422 ὃν

435 3471 602 3523 φασιν
639 3459 720 3519 εἰς
741 3455 1122 3528 ,φιλαργυρίαν
1154 3460 1245 3512 καὶ
1275 3461 1341 3514 τὰ
1381 3459 1621 3530 συγγενῆ
1655 3459 1804 3532 πάθη
1843 3477 2012 3514 κατο-

434 3547 792 3618 λισθήσαντα,
826 3549 1248 3621 ὑπερορώμενόν
1272 3567 1331 3606 τε
1359 3552 1449 3607 διὰ
1481 3551 1658 3606 ταῦτα
1686 3553 1842 3624 δίκην
1878 3554 2015 3607 διδό-

434 3660 541 3709 ναι,
565 3644 759 3697 ἐαυτὸν
775 3644 878 3714 τῆς
901 3644 1068 3716 ἄλλης
1094 3646 1447 3714 Εὐνομιανῶν
1468 3646 1759 3717 διαστῆσαι
1791 3645 2009 3717 μοίρας.

431 3734 752 3805 Συμμορίας
787 3735 841 3789 δέ
875 3736 1011 3800 ἰδίας
1033 3737 1337 3806 προστῆναι
1366 3736 1462 3790 καὶ
1490 3735 1736 3809 ἀρχηγὸν
1756 3737 2014 3805 γενέσθαι

431 3827 530 3880 οὐκ
558 3827 819 3896 ἀγεννοῦς
850 3830 1252 3899 συντάγματος,
1273 3829 1494 3883 πάντων
1512 3828 1683 3900 ἄρδην
1715 3833 1829 3894 τοῖς
1851 3832 2012 3904 ἐπιρ-

433 3918 616 3991 ρήτοις
668 3920 762 3973 καὶ
809 3920 1078 3984 ποικίλοις
1110 3919 1310 3975 πάθεσι
1361 3919 1838 3988 καθωπλισμένων
1874 3920 2013 3989 πρὸς

430 4011 594 4065 αὑτὸν
622 4011 1051 4084 διερρυηκότων.
1090 4012 1263 4083 Λόγος
1316 4012 1361 4067 δ’
1398 4013 1533 4083 ἔχει,
1570 4011 1879 4082 Εὑτροπίου
1920 4011 2012 4063 τοῦ

433 4101 796 4171 πραιποσίτου
860 4103 1143 4170 σπουδαῖς,
1200 4105 1347 4157 ἆπαν
1406 4103 1507 4173 μὲν
1561 4102 1834 4171 Εὐνομίου
1884 4100 2014 4171 σύγ-

431 4214 688 4269 γραμμα,
709 4199 843 4265 πυρὶ
874 4196 1265 4268 παραδίδοσθαι
1287 4196 1526 4266 δημοσίᾳ
1553 4213 1567 4227 ο
1599 4196 1690 4249 τὸν
1724 4196 1767 4249 δ’
1799 4197 2011 4249 ἐκείνου

429 4291 626 4364 νεκρὸν
659 4290 793 4361 μηδέ
825 4292 1006 4361 ταφῆς
1048 4291 1204 4343 ἐᾶσαι
1246 4287 1572 4361 ἠξιωμένον,
1604 4288 1720 4341 ἀλλ’
1750 4290 1815 4341 ἐκ
1837 4290 2011 4342 Δακό-

434 4403 542 4455 ρων
573 4386 651 4447 είς
680 4376 869 4439 Τιῖανα
915 4382 1275 4457 μετσῤῥίψαι.
1303 4384 1366 4436 Oi
1397 4382 1442 4435 δ’
1467 4382 1865 4441 ἀπὸιΝαυάτου
1891 4421 1907 4447 ,
1936 4380 2011 4446 ὦς

429 4496 493 4548 γε
533 4477 771 4547 εἴρηται,
800 4478 936 4538 τέως
968 4476 1066 4547 μὲν
1097 4476 1337 4545 ἠρέμουν
1375 4473 1498 4528 καθ’
1535 4473 1761 4537 ἑαυτούς
1785 4490 1800 4505 ·
1836 4476 1942 4528 κᾶν
1977 4478 2010 4546 ἡ

429 4569 523 4623 τοῦ
558 4569 749 4637 Πάσχα
804 4566 1054 4636 ζήτησις,
1100 4565 1168 4636 ἢν
1196 4564 1498 4624 Σαϐϐάτιος
1521 4564 1867 4634 ἐνεωτέρισε,
1909 4578 2008 4633 με-

2079 3413 2082 3416 ,
2118 3364 2333 3419 toribus
2365 3363 2699 3419 sententiam
2732 3362 3083 3418 obtinebant.
3116 3362 3282 3435 344
3316 3361 3699 3416 Macedoniaui

2115 3466 2298 3512 autem
2323 3471 2389 3511 eo
2420 3463 2666 3525 tempore
2688 3454 3170 3525 Constantinopoli
3205 3472 3397 3524 parum
3431 3456 3655 3511 valuere
3681 3472 3698 3523 ;

2115 3548 2319 3617 quibus
2357 3546 2489 3601 illud
2544 3547 2796 3613 nocebat,
2831 3547 2979 3617 quod
3017 3546 3338 3617 episcopum
3375 3562 3540 3601 suum
3588 3560 3697 3602 non

2116 3638 2403 3693 haberent.
2461 3637 2534 3691 Ex
2588 3654 2656 3693 eo
2701 3651 2940 3708 namque
2992 3646 3263 3706 tempore,
3298 3651 3408 3706 quo
3460 3637 3544 3691 eis
3593 3638 3699 3693 sub

2114 3732 2441 3787 Constantio
2472 3731 2542 3786 ab
2575 3729 2826 3786 Eudoxio
2859 3730 3334 3800 popularibusque
3368 3730 3490 3799 ejus
3516 3730 3697 3784 eccle-

2116 3823 2211 3878 siae
2264 3823 2534 3891 ademptae,
2586 3820 2842 3884 fuerant,
2898 3821 3000 3876 sub
3058 3821 3192 3877 solis
3242 3821 3578 3892 presbyteris
3629 3820 3696 3881 ad

2115 3929 2360 3984 premens
2399 3916 2481 3983 (4)
2512 3928 2689 3985 usque
2738 3913 3032 3984 imperium
3084 3920 3390 3967 conventus
3439 3928 3569 3966 suos
3602 3911 3699 3967 ha-

2116 4010 2308 4065 buere.
2347 4010 2473 4065 Post
2505 4010 2743 4066 Eudoxii
2779 4018 2963 4064 autem
3007 4018 3264 4073 mortem,
3292 4011 3387 4078 qui
3428 4009 3699 4064 Constan-

2116 4100 2345 4169 tinopoli
2402 4100 2764 4155 Eunomianae
2809 4109 2973 4154 sectze
3024 4100 3360 4168 prtefuerat,
3414 4099 3470 4153 in
3515 4098 3707 4153 locum

2113 4195 2232 4262 ejus
2264 4192 2543 4247 anianus
2566 4192 2789 4261 quidam
2827 4193 3007 4246 fuerat
3042 4195 3403 4263 subrogatus,
3438 4193 3697 4257 Eunomii

2114 4286 2324 4340 sororis
2362 4285 2526 4339 (ilius.
2578 4284 2732 4340 Hunc
2762 4286 2906 4354 quod
2944 4286 2996 4339 in
3030 4285 3322 4339 avaritiam
3367 4294 3423 4339 et
3464 4296 3704 4355 cognata

2114 4377 2188 4431 illi
2222 4377 2454 4431 crimina
2489 4377 2596 4432 alia
2625 4377 2893 4447 delapsus
2909 4385 3077 4443 esset,
3105 4392 3339 4446 eamque
3366 4375 3436 4431 ob
3471 4393 3703 4433 causan

2114 4485 2306 4539 pmnas
2356 4484 2414 4525 se
2465 4470 2722 4524 daturum
2764 4469 3164 4538 suspicaretur,
3202 4468 3270 4522 ab
3319 4467 3708 4524 Eunomiano-_

2117 4576 2236 4613 rum
2273 4560 2513 4615 factione
2556 4561 2768 4635 reliqua
2799 4559 3098 4615 descivisse
3121 4600 3134 4620 ,
3164 4559 3552 4629 sodalitatique
3583 4576 3699 4615 sua:

430 4656 595 4725 τ;.ίω;
624 4636 849 4717 totitoti;
880 4654 1198 4723 ἐτάραττεν.
1233 4653 1306 4706 Οὐ
1339 4651 1446 4724 μὴν
1479 4654 1589 4716 τοῖς
1614 4652 1796 4716 ἄλλοις
1836 4653 2010 4706 ἐπιτι-

2120 4652 2388 4724 praeiisse,
2450 4663 2499 4706 et
2545 4669 2660 4706 non
2717 4651 3138 4709 contemnenda:
3192 4650 3441 4706 cohortis
3498 4653 3698 4711 ducem

434 4750 576 4818 μίοις
608 4749 701 4802 καὶ
732 4743 877 4803 οὗτοι
897 4742 1257 4817 ἐνοχοιῆσαν,
1281 4744 1361 4815 τῷ
1392 4761 1451 4798 τε
1484 4742 1691 4815 Τριάδα
1725 4743 2010 4814 ὁμοούσιον

428 4838 626 4906 ἐπίσης
646 4840 712 4907 τῇ
746 4836 974 4890 καθόλου
1013 4834 1312 4905 Ἐκκλησία
1336 4834 1650 4904 κηρύττειν,
1681 4834 1776 4887 κοιλ⁸
1809 4837 1873 4904 τῇ
1899 4834 2010 4888 τῶν

428 4929 752 4998 ἡγουμένων
812 4927 1053 4997 μάλιστα
1106 4926 1337 4995 ἀγωγῇο
1399 4925 1538 4994 μετᾶ
1594 4925 1705 4994 γὰρ
1763 4925 2009 4993 Ἀγέλιον

428 5021 747 5092 Μαρκιανός
777 5038 790 5052 '
838 5020 934 5075 καὶ
971 5019 1163 5074 τοῦτον
1195 5019 1253 5073 δὲ
1286 5017 1520 5080 Σισίνιος
1548 5018 1840 5085 διεδέξατο,
1872 5021 2011 5087 ὁπη-

429 5117 559 5168 νίκα
613 5115 896 5179 Ῥουφῖνός
953 5114 1217 5185 ἀνῄρητο.
1281 5112 1418 5184 Περὶ
1467 5107 1542 5166 ῶν
1610 5113 2011 5182 καὶ-ἀνωτέρω

432 5212 623 5278 μνείαν
684 5210 1059 5280 ἐποιησάμην.
1125 5209 1237 5262 Καὶ
1305 5209 1435 5277 περὶ
1497 5208 1596 5278 μὲν
1650 5207 1856 5261 τούτων
1919 5205 2009 5260 οὗ·

394 5334 399 5340 -
426 5317 557 5365 τως.

2116 4746 2321 4803 factum
2377 4763 2498 4802 esse
2547 4749 2759 4812 dicunt,
2812 4747 3069 4801 omnibus
3116 4760 3340 4815 prorsus
3389 4747 3484 4816 qui
3532 4747 3701 4803 variis

2119 4839 2529 4909 infamibusque
2556 4840 2774 4895 delictis
2804 4839 2992 4893 obruti
3022 4847 3231 4903 essent,
3259 4840 3325 4893 ad
3354 4840 3531 4910 ipsum
3565 4856 3701 4896 con-

2119 4930 2436 4987 ﬂuentibus.
2526 4931 2689 4986 Fama
2760 4931 3014 4998 obtinet,
3090 4928 3338 5001 Eutropii
3417 4932 3707 5001 praepositi,

2117 5037 2308 5094 opera,
2353 5025 2557 5093 scripta
2598 5022 2857 5079 Eunomii
2904 5024 3090 5080 omnia
3145 5024 3367 5096 publice
3399 5035 3637 5077 cremata
3686 5039 3703 5085 λ

2114 5116 2354 5172 cadaver
2392 5127 2578 5171 autem
2626 5117 2744 5188 ejus
2780 5117 3036 5187 sepulcro
3096 5125 3438 5179 extractum,
3476 5115 3703 5169 Dacoris

2120 5207 2364 5279 Tyanam
2420 5208 2727 5280 projectum
2783 5209 3128 5279 missumque
3179 5222 3325 5263 esse.
3381 5204 3704 5276 Novatiaui,

2119 5301 2588 5370 quemadmodum
2651 5300 2860 5355 dictum
2926 5309 3039 5367 cst,
3108 5298 3282 5370 quieti
3345 5306 3459 5355 tum
3524 5295 3709 5371 mere.

425 5396 669 5451 Tametsi
694 5398 842 5450 enim
866 5396 1096 5466 quaestio
1125 5395 1194 5451 de
1222 5394 1364 5451 festo
1424 5394 1670 5458 Paschae,
1737 5410 1906 5465 quam
1973 5393 2294 5457 Sabbatius,
2343 5410 2432 5449 res
2495 5411 2667 5450 novas
2714 5395 2960 5460 molitus,
3008 5395 3293 5458 excitarat,
3339 5390 3699 5459 aliquantpnt

427 5502 526 5541 cos
557 5489 833 5545 turbasset
864 5508 878 5543 :
923 5506 1034 5544 non
1066 5500 1248 5546 tamen
1284 5491 1364 5551 illi
1403 5489 1529 5547 aliis
1563 5489 1763 5561 poenis,
1796 5504 1920 5558 quae
1988 5489 2041 5543 in
2087 5487 2380 5544 hzereticos
2415 5489 2629 5561 legibus
2655 5487 2892 5543 decretae
2925 5488 3166 5551 fuerant,
3232 5483 3458 5539 obnoxii
3493 5481 3647 5549 fuere
3675 5500 3695 5553 ε⁵

498 5663 573 5727 (1)
593 5661 887 5724 Patricius,
911 5661 1260 5728 imperatoris
1294 5671 1469 5732 pater.
1500 5663 1636 5718 inst.
1670 5660 1872 5727 Quibus
1903 5679 2013 5715 mo-

428 5734 508 5788 dis
533 5734 624 5802 jus
653 5740 792 5801 patr.
823 5740 935 5803 pot.
969 5732 1051 5785 sol
1094 5732 1121 5801 ς
1152 5732 1582 5802 Filiusfamilias.

501 5807 576 5871 (Ξ)
600 5803 934 5858 Claudianus
964 5805 1030 5856 de
1071 5803 1336 5871 Eutropio
1365 5805 1470 5860 isto
1497 5822 1512 5859 :

530 5923 669 5965 ’νγ-η-
702 5893 1018 5947 Ρναῑδίιίὶιιιη
1052 5894 1224 5963 legum
1245 5896 1550 5965 genitorque
1572 5906 1790 5949 vocatur

535 5964 818 6033 Principis,
846 5975 892 6017 ct
930 5965 1186 6034 [amulum
1224 5964 1474 6035 dignatur
1500 5968 1641 6036 regia
1675 5978 1894 6020 metrum.

2195 5663 2273 5730 (5)
2306 5661 2346 5715 Ι.
2375 5659 2432 5716 Si
2453 5662 2792 5717 venerabilis.
2825 5659 2886 5716 C.
2918 5656 2994 5714 De
3023 5658 3197 5728 episc.
3221 5656 3440 5730 et_cler_.

2194 5726 2271 5801 (4)
2304 5732 2469 5802 Ἀχρι
2498 5733 2596 5800 τῆς
2629 5734 2902 5802 ἐχομένης
2940 5726 3249 5802 βασιλείαςἴ
3282 5726 3700 5802 Intctligendum

2119 5798 2301 5855 autem
2352 5798 2429 5856 de
2476 5798 2709 5925 imperio
2774 5798 3076 5855 Theodosii
3132 5798 3389 5871 junioris.
3443 5799 3700 5867 (Solum,

2116 5876 2210 5928 illi.
2242 5889 2353 5937 \‘ttl,
2389 5891 2509 5942 cup.
2586 5882 2618 5940 .)
