4062 6444
451 358 557 420 92‘.)

1385 347 1991 418 ECCLESIASTICJE
2033 353 2422 416 HlSl‘OiiL‘E
2470 357 2620 418 LIB.
2668 356 2842 416 XIII.

3622 357 3737 414 9230'

453 471 772 539 διαηεούσης
798 471 992 540 αὐτὴν,
1023 471 1099 532 ὼς
1133 471 1224 522 καὶ
1248 471 1337 523 τὸν
1383 469 1737 542 ἀκροώμενον
1764 468 2044 539 τυραννεῖν

2153 467 2309 522 valde
2336 477 2392 520 et
2419 469 2662 524 dilucida
2697 469 3010 525 elocutione
3041 483 3176 524 usus
3203 477 3290 524 est
3325 487 3339 523 :
3373 471 3426 525 in
3455 485 3562 540 qua
3601 486 3727 525 cum

455 563 519 630 τῇ
551 559 746 631 ἐνούσῃ
772 559 1256 629 κατακηλούμενον
1273 559 1486 628 χάριτι.
1525 559 1715 630 Ὄγκῳ
1763 558 1808 612 δ’
1849 559 2047 628 ἀφανεῖ

456 653 550 706 καὶ
591 651 813 722 ἀοράτῳ
845 651 1135 720 δεινότητι,
1171 649 1324 715 ξένον
1346 669 1398 703 τι
1433 653 1610 720 μίγμα
1643 651 1896 721 φράσεως
1939 649 2046 703 ὑπὸ

460 743 656 814 μετρία
676 745 744 814 τῇ
770 743 912 807 λέξει
942 743 1233 812 κεράννυσι
1264 759 1278 774 ·
1317 742 1498 806 πυκνὰ
1533 741 1717 812 βρύων
1733 743 1794 794 τὸ
1819 741 2001 812 νόημα
2025 754 2042 772 ⁸

457 830 502 882 ὠ
561 829 870 896 ἐξίστασθαι
906 829 1113 893 πάντας
1137 833 1205 900 τῇ
1249 830 1636 902 ἁρμονίᾳ,.καί
1685 849 1808 886 τινα
1840 832 2045 902 τρόπον

460 922 764 991 κατάληψιν
795 921 1182 992 ἀκατάληπτον
1243 926 1357 986 τοῖς
1416 924 1628 979 ἐκείνου
1658 925 1839 993 λόγοις
1873 941 2044 995 περι-

367 1075 371 1078 ,
464 1014 969 1084 νοείν.⁹Ρητορικῆς
993 1013 1040 1067 δ’
1076 1013 1225 1084 αύτῷ
1257 1014 1576 1078 διδάσκαλος
1608 1015 1864 1078 Λιϐάνιος
1886 1017 2049 1085 ἐχρη-

465 1106 660 1172 μάτισε
697 1119 714 1136 ο
744 1103 854 1156 τῶν
893 1103 949 1157 δὲ
975 1104 1278 1174 φιλοσόφων
1343 1105 1684 1178 μαθημάτων
1751 1106 2046 1177 Ἀνδραγά-

465 1193 576 1255 θιος
606 1192 980 1262 καθηγήσατο.
1021 1195 1157 1262 Περὶ
1179 1195 1236 1250 δὲ
1261 1195 1323 1248 τὸ
1349 1195 1502 1260 δίκας
1541 1195 1827 1267 ἀγορεύειν
1885 1196 2044 1262 δόξας

458 1283 602 1338 εἶναί
640 1301 722 1346 τις
768 1284 964 1353 δεξιὸς,
1018 1289 1111 1341 τὸν
1161 1286 1400 1343 τοιοῦτον
1453 1287 1570 1358 βίον
1617 1287 2041 1358 μετεχειρίζετο.

461 1374 680 1428 Ἀδικον
700 1374 747 1430 δ’
767 1379 976 1429 ἐκεῖνον
995 1375 1088 1428 τὸν
1109 1375 1224 1446 βίον
1239 1378 1333 1430 καὶ
1359 1379 1632 1448 μοχθηρὸν
1663 1378 2040 1449 ἡγησάμενος,

455 1466 598 1534 ἔγνω
629 1467 746 1520 δέον
767 1467 864 1530 τὰς
885 1467 1040 1538 ἱερὰς
1070 1467 1336 1539 πρότερον
1361 1468 1580 1538 βίϐλους
1603 1471 1848 1541 ἀκριϐῶς
1871 1473 2044 1542 ἀσκῆ-

458 1575 573 1624 σαι,
598 1558 688 1612 τὸν
710 1559 935 1628 ἠσύχιόν
965 1576 1024 1611 τε
1075 1559 1210 1629 βίον,
1262 1561 1357 1614 καὶ
1405 1561 1704 1632 φιλοσόφως
1755 1561 1854 1634 ζῇν
1899 1565 2044 1618 κατὰ

457 1651 546 1703 τὸν
577 1651 674 1720 τῆς
715 1649 1037 1720 Ἐκκλησίας
1068 1652 1291 1720 θεσμὸν,
1327 1652 1576 1724 ζηλώσας
1602 1657 1892 1728 Εὐάγριον.
1932 1659 2043 1712 Καὶ

457 1741 813 1805 διδασκάλους
853 1745 957 1796 κάν
1022 1744 1233 1808 τούτοις
1282 1744 1466 1815 ἔσχεν,
1514 1747 1564 1801 οἳ
1623 1747 1730 1801 τῶν
1780 1753 2038 1818 τηνικάδε

457 1834 809 1903 ἀσκητηρίων
840 1835 1128 1903 ἐπισήμων
1155 1813 1494 1906 προεστῶτες
1527 1835 1666 1910 ἦσαν
1685 1856 1700 1870 ο
1733 1813 2038 1911 Καρτέριόν
2069 1813 2110 1870 Β

455 1943 515 1977 τε
546 1926 644 1978 καὶ
671 1926 934 1998 Διόδωρον
967 1929 1198 1993 ἐκεῖνον,
1223 1929 1281 1982 ὃν
1307 1930 1732 2000 καθηγήσασθαι
1751 1933 1852 2002 τῆς
1887 1933 2034 2004 Ταρ-

459 2019 568 2070 σῶν
591 2017 883 2089 ἐκκλησίας
927 2019 1232 2088 φθάσαντες
1274 2020 1645 2092 ἐδηλώσαμεν.
1697 2022 1808 2075 Καὶ
1839 2025 2040 2090 πολλὰς

461 2114 787 2184 συγγραφάς
823 2113 972 2168 ίδίων
1003 2115 1204 2185 βίϐλων
1233 2115 1388 2186 λόγος
1422 2117 1536 2188 ἔχει
1564 2118 1912 2182 καταλιπεῖν,
1937 2137 2039 2173 πε-

461 2209 518 2276 ρὶ
569 2208 628 2260 τὸ
669 2209 836 2278 ῥητὸν
894 2209 1057 2278 μόνον
1099 2210 1409 2278 γινόμενον,
1461 2210 1785 2263 ἐκκλίνοντα
1839 2211 1900 2263 τὸ
1939 2211 2043 2280 τῆς

459 2301 677 2370 γραφῆς
702 2302 1052 2370 ἀναγωγικόν
1083 2319 1142 2354 τε
1171 2305 1263 2358 καὶ
1324 2301 1660 2373 θεωρητικόν
1685 2317 1700 2334 ο
1740 2302 1768 2354 ὃ
1807 2303 1900 2357 καὶ
1945 2304 2040 2356 τὸν

363 2403 367 2406 ’
460 2395 720 2464 φοιτητὴν
745 2397 1114 2466 διαφερόντως
1145 2396 1515 2466 μιμήσασθαι.
1559 2395 1780 2464 Ἐφοίτα
1804 2397 1860 2448 δὲ
1887 2415 1957 2449 πα
1971 2397 2040 2467 ρὰ

459 2489 670 2548 τούτοις
704 2489 956 2553 Ἰωάννης
991 2491 1051 2542 ού
1079 2491 1260 2558 μόνος,
1295 2490 1431 2544 ἀλλὰ
1459 2489 1690 2553 πολλοὺς
1716 2493 1812 2544 καὶ
1843 2491 2040 2554 ἄλλους

459 2582 710 2652 ἑταίρους
731 2581 880 2653 αὐτῷ
913 2583 1266 2645 καθεστῶτας
1315 2583 1380 2635 ἐκ
1435 2583 1536 2652 τῆς
1584 2583 1738 2653 παρὰ
1796 2583 2036 2654 Λιϐανίῳ

462 2673 749 2742 διατριϐῆς
781 2675 942 2744 ἔχων,
971 2674 1250 2744 Θεόδωρόν
1278 2691 1338 2727 τε
1385 2675 1476 2727 καὶ
1533 2675 1788 2744 Μάξιμον
1819 2691 1835 2708 ο
1870 2669 1965 2728 ῶν·
2012 2679 2040 2728 ὀ

467 2765 564 2834 μὲν
597 2765 822 2836 ὕστερον
851 2766 948 2836 τὴν
994 2765 1260 2834 Ἰσαύρων
1314 2766 1598 2834 ποιμαίνει
1646 2767 1988 2829 Σελεύκειαν,
2014 2769 2040 2820 ὁ

466 2857 524 2910 δὲ
554 2858 834 2926 Θεόδωρος
867 2859 968 2925 τῆς
997 2857 1140 2910 κατὰ
1169 2857 1398 2919 Κίλικας
1423 2858 1800 2926 Μοψουεστίας
1831 2861 2042 2929 ἡγήσει·

465 2965 547 3004 το.
580 2949 688 3004 ἾΙν
722 2951 778 3004 δὲ
805 2951 834 3003 ὁ
867 2951 1007 3022 ἀνὴρ
1031 2951 1141 3004 τῶν
1162 2967 1220 3002 τε
1251 2949 1410 3004 θείων
1432 2950 1632 3020 βίϐλων
1653 2953 1746 3004 καὶ
1772 2951 1882 3004 τῶν
1908 2953 2040 3022 παρ’

467 3043 695 3114 Ἕλλησι
729 3044 1095 3112 μαθημάτων,
1127 3043 1422 3112 ῥητορείας
1463 3061 1520 3096 τε
1560 3046 1654 3096 καὶ
1697 3043 2038 3113 φιλοσοφίας,

2147 558 2462 615 incredibili
2489 560 2786 630 splendore
2813 560 2999 616 divina
3029 561 3278 632 quaedam
3304 563 3507 618 enituit
3529 564 3728 632 gratia,

2146 651 2223 706 ita
2265 661 2326 706 ut
2359 667 2424 709 ea
2468 653 2622 722 quasi
2663 653 2828 708 insita
2863 653 3100 723 quadam
3135 654 3426 726 tyrannide
3466 663 3523 708 et
3554 653 3731 708 domi-

2145 743 2372 798 natione
2399 743 2622 800 auditor
2654 744 3097 800 demulceretur.
3127 744 3388 801 Mediocri
3425 755 3608 800 autem
3643 744 3731 799 di-

2145 836 2306 890 cendi
2343 840 2569 907 generi,
2604 853 2860 892 arcanam
2892 838 3314 908 amplitudinem
3338 876 3352 900 ι
3382 846 3439 892 et
3473 853 3594 906 qua:
3623 837 3728 892 sub

2145 929 2336 985 oculos
2364 945 2474 984 non
2519 929 2776 996 caderet,
2811 931 2922 986 vim
2953 931 3227 996 inseruit,
3260 945 3576 1000 novamque
3609 931 3727 984 clo-

2147 1023 2392 1078 cutionis
2451 1023 2742 1078 misturam
2809 1023 3284 1094 contemperavit,
3340 1021 3728 1092 frequentibus

2144 1122 2366 1168 scatens
2396 1113 2692 1169 sententiis
2723 1130 2737 1168 :
2782 1113 2922 1168 adeo
2957 1122 3018 1168 ut
3047 1129 3240 1169 omnes
3278 1113 3344 1168 ad
3378 1113 3727 1168 harmoniam

2145 1207 2692 1276 convenientemque
2727 1205 3000 1278 ejusmodi
3038 1215 3366 1260 concentum
3403 1216 3726 1260 consterna-

2146 1309 2379 1364 rentur,
2433 1307 2490 1354 et
2539 1296 3160 1368 incomprehensibilem
3214 1295 3714 1366 deprehensionem

2143 1407 2269 1447 cum
2301 1407 2566 1447 sensuum
2603 1391 2917 1460 privatione
2953 1389 3194 1444 orationi
3227 1389 3348 1459 ejus
3395 1389 3725 1443 tribuerent.

2143 1487 2202 1541 In
2257 1486 2534 1541 rhetorica
2573 1495 2629 1540 et
2675 1483 2899 1540 dicendi
2947 1493 3064 1538 arte
3110 1491 3501 1552 praeceptorem
3535 1479 3730 1534 habuit

2145 1578 2436 1632 Libanium
2477 1595 2491 1632 :
2540 1578 2594 1630 in
2637 1576 3036 1646 philosophicis
3089 1589 3219 1629 vero
3264 1572 3573 1642 disciplinis
3617 1572 3730 1626 An-

2143 1669 2521 1738 dragathium.
2556 1669 2624 1724 Et
2666 1668 2812 1738 quod
2849 1669 2915 1722 ad
2950 1667 3218 1722 dicendas
3260 1667 3316 1722 iu
3363 1667 3484 1722 foro
3531 1681 3728 1721 causns

2141 1763 2429 1832 appositus
2479 1777 2602 1815 esse
2655 1761 2958 1821 videretur,
3005 1760 3130 1814 vita:
3181 1757 3236 1813 id
3286 1773 3459 1828 genus
3487 1767 3728 1812 sectatus

2144 1863 2250 1910 est.
2300 1853 2370 1907 At
2421 1853 2567 1906 enim
2621 1867 2744 1905 cum
2798 1851 2852 1905 id
2894 1850 3146 1920 iniquum
3195 1859 3361 1919 atque
3414 1849 3726 1918 improbum

2144 1961 2269 2001 csse
2305 1953 2544 2015 putaret,
2587 1944 2898 1999 faciendum
2939 1942 3044 1998 sibi
3079 1957 3202 1996 esse
3235 1942 3468 2008 statuit,
3505 1951 3567 1996 ut
3613 1941 3728 2012 pri-

2144 2055 2294 2092 mum
2340 2036 2724 2106 diligenterin
2766 2033 2943 2090 sacris
2981 2041 3302 2088 versaretur
3330 2031 3529 2086 libris:
3567 2041 3624 2086 et
3664 2029 3722 2085 in

2145 2131 2256 2186 vita
2325 2128 2663 2199 tranquilla,
2725 2127 2879 2196 juxta
2939 2126 3210 2182 Ecclesiae
3271 2123 3722 2188 constitutiones,

2145 2220 2528 2290 philosophice
2577 2218 2814 2282 viveret,
2843 2216 3164 2286 .Evagrium
3214 2215 3481 2270 imitatus.
3521 2215 3578 2268 In
3614 2230 3726 2283 quo

2143 2314 2328 2367 studio
2357 2318 2731 2382 praeceptores
2763 2323 2860 2364 eos
2895 2309 3110 2374 habuit,
3153 2307 3249 2376 qui
3297 2317 3412 2361 tum
3445 2307 3726 2376 prmclaris

2145 2403 2495 2458 monasteriis
2543 2399 2885 2472 praefuerunt
2908 2439 2922 2462 ,
2953 2398 3266 2453 Carterium
3292 2436 3307 2462 ,
3340 2405 3397 2450 et
3424 2396 3723 2450 Diodorum

2144 2496 2320 2560 illum,
2348 2509 2512 2564 quem
2533 2493 2824 2547 ecclesiam
2851 2491 3180 2546 Tarsensem
3207 2490 3545 2558 gubernasse
3564 2495 3724 2540 antea

2141 2590 2404 2644 diximus.
2462 2585 2772 2654 Reliquisse
2823 2584 2988 2638 etiam
3043 2583 3090 2638 is
3136 2581 3338 2636 multos
3387 2579 3720 2650 scriptorum

2142 2695 2370 2737 suorum
2403 2679 2579 2734 libros
2611 2677 2840 2742 dicitur,
2872 2675 2928 2729 in
2961 2675 3166 2745 quibus
3197 2682 3406 2728 tantum
3440 2672 3494 2728 in
3524 2671 3724 2726 litterae

2143 2772 2318 2842 ipsius
2375 2768 2722 2839 expositione
2782 2759 3088 2834 occupatus
3144 2773 3266 2829 est,
3322 2761 3720 2817 abstrusiorem

2143 2863 2634 2930 sublimioremque
2669 2858 2975 2927 Scripturae
3011 2871 3237 2912 sensum
3281 2865 3338 2912 et
3383 2858 3723 2927 contempla-

2143 2959 2357 3012 tionum
2406 2953 2816 3024 speculationes
2862 2951 3174 3006 declinans.
3225 2950 3338 3016 Qua
3386 2949 3442 3004 in
3485 2963 3547 3002 re
3593 2964 3720 3004 eum

2143 3052 2314 3106 etiam
2350 3051 2628 3118 praecipue
2656 3056 2743 3101 est
2779 3043 3086 3114 discipulus
3123 3041 3394 3097 imitatus.
3427 3041 3546 3096 Non
3575 3041 3723 3095 solus

467 3137 664 3200 ἱκανῶς
689 3137 954 3207 ἔμπειρος
977 3151 992 3166 °
1049 3136 1184 3204 πρὸς
1223 3137 1282 3190 ὃν
1320 3136 1622 3189 ἐκπεσόντα
1650 3139 1680 3190 ὁ
1716 3137 1861 3199 θεῖος
1893 3135 2040 3208 Χρυ-

2145 3155 2330 3198 autem
2387 3141 2680 3209 magistros
2731 3137 2832 3192 hos
2877 3135 3118 3190 Joannes
3169 3141 3412 3188 sectatus
3457 3141 3578 3198 est,
3624 3135 3719 3186 sed

469 3231 760 3300 σόστομος,
793 3230 856 3282 ού
879 3228 1033 3298 μίαν,
1064 3229 1202 3281 ἀλλὰ
1236 3233 1330 3282 καὶ
1383 3227 1642 3296 δευτέραν
1679 3228 1888 3298 πέμπει
1924 3231 2044 3281 ἐπι-

465 3318 684 3387 Δστολήν.
720 3317 830 3370 Καὶ
858 3316 967 3387 γάρ
999 3315 1160 3386 ἡνίκα
1195 3319 1307 3379 τοῖς
1340 3316 1461 3366 καθ’
1512 3317 1660 3386 ἡμᾶς
1698 3316 1888 3386 νόμοις
1931 3317 2045 3370 ἐνέ-

466 3424 622 3480 traxe,
685 3409 780 3463 καὶ⁸
833 3413 944 3470 τοῖς
1001 3409 1172 3470 θείοις
1236 3409 1494 3478 ἀνδράσιν
1549 3407 1816 3477 ὡμίλησε,
1865 3408 2045 3462 πάντα

469 3505 696 3574 ὃέμενος
723 3503 780 3556 ἐν
839 3501 1098 3570 δευτέρῳ,
1131 3501 1225 3552 καὶ
1272 3502 1364 3554 τὸν
1397 3501 1617 3553 ἀστικὸν
1647 3501 2046 3570 παρωσάμενος

471 3598 720 3668 θόρυϐον,
756 3595 856 3665 τὴν
888 3593 1168 3648 πολιτείαν
1198 3593 1416 3663 ἐκείνην
1448 3593 1660 3665 ἐπῄνει,
1695 3597 1900 3648 καὶτὸν
1927 3596 2044 3664 βίον

473 3693 610 3760 πρὸς
645 3690 990 3760 τὴνὲκείνων
1021 3688 1246 3757 ἀγωγὴν
1303 3688 1765 3760 μετερρύθμιζεν.
1819 3691 1893 3742 Ού
1937 3692 2044 3760 μήν

471 3799 533 3850 γε
598 3781 926 3849 διαρκέσας,
991 3777 1162 3841 οὕτως
1233 3776 1389 3849 ὤφθη
1453 3779 1768 3849 προθυμίας
1851 3782 2043 3851 ἔχωνο

473 3873 778 3941 μετάμελος
825 3872 868 3924 δ’
920 3865 1035 3924 οἷον
1079 3871 1400 3942 γενόμενος,
1450 3872 1586 3942 πρὸς
1643 3874 1733 3926 τὸν
1779 3875 2046 3944 πρότερον

471 3968 804 4036 κατεσύρετο
833 3966 970 4038 βίον.
1033 3965 1322 4028 Ἐναντίως
1360 3966 1418 4018 δέ
1471 3965 1743 4028 διατεθεὶς
1800 3971 1937 4036 πρὸς
1985 3966 2048 4019 τὸ

473 4060 930 4128 σπουδαζόμενον,
957 4059 1019 4112 τὸ
1042 4058 1359 4128 φιλοσοφεῖν
1380 4057 1522 4110 οὕτω
1542 4058 1882 4122 καταλιπὼν,
1909 4059 2046 4130 πρὸς

469 4151 566 4222 τὴν
583 4151 740 4203 πόλιν
771 4149 1074 4219 ἐπανῆλθεν
1101 4145 1279 4212 αὖθις,
1307 4148 1531 4217 ἄμεινον
1562 4149 1923 4218 λογισάμενος
1954 4168 2048 4204 τυ-

470 4247 584 4313 χεῖν
602 4243 700 4312 τῆς
735 4243 996 4310 ἐφέσεως.
1021 4241 1087 4293 ’0
1125 4239 1314 4310 μαθὼν
1343 4241 1694 4308 Ἰωάννης,ὲν
1724 4244 2042 4312 πράγμασιν

468 4333 629 4388 αὑτὸν
645 4332 949 4402 ὀλισθῆσαι.
969 4330 1062 4384 καὶ
1082 4329 1212 4399 περὶ
1227 4329 1438 4398 γάμους
1461 4331 1734 4396 σπεύδειν,
1758 4332 2048 4402 ἐπιστολὴν

467 4427 693 4488 διαθεὶς.
727 4425 925 4493 φράσει
947 4426 1042 4476 καὶ
1079 4421 1315 4491 νοήμασι
1343 4421 1650 4490 κρείττοσιν
1684 4422 1720 4494 ἦ
1745 4426 1887 4478 κατὰ
1923 4426 2046 4478 νοῦν

2149 3235 2336 3306 plures
2378 3231 2547 3285 etiam
2597 3228 2737 3282 alios
2786 3226 3098 3282 studiorum
3148 3223 3334 3279 80ci08
3385 3239 3451 3278 ex
3507 3223 3724 3278 Libanti

2147 3325 2337 3382 schola
2366 3322 2432 3378 ad
2470 3336 2567 3376 eos
2601 3319 2866 3383 adduxit;
2917 3319 2970 3372 in
3003 3318 3198 3386 primis
3237 3327 3420 3372 autem
3465 3316 3722 3371 Theodo-

2149 3431 2308 3477 rum,
2362 3426 2418 3466 et
2471 3410 2800 3474 Maximum;
2853 3424 3092 3478 quorum
3145 3407 3250 3462 iste
3299 3418 3488 3476 postea
3537 3417 3724 3476 pastor

2148 3504 2416 3559 Seleuci-.c
2451 3503 2788 3565 Isaurorum,
2827 3501 2917 3556 ille
2951 3515 3082 3554 vero
3111 3499 3458 3569 Mopsuestia:
3488 3501 3718 3555 Cilicum

2147 3601 2283 3666 epist
2302 3613 2442 3666 opus
2467 3597 2644 3650 factus
2671 3603 2778 3650 est.
2810 3593 2972 3665 347
3011 3593 3339 3648 Theodorus
3377 3607 3559 3648 autem
3591 3594 3718 3655 iste,

2148 3693 2236 3747 vir
2263 3691 2367 3746 fuit
2416 3690 2728 3746 divinarum
2763 3689 3071 3744 litterarum
3103 3688 3525 3757 Graecarumque
3554 3688 3723 3741 disri—

2149 3787 2446 3857 plinarutn,
2474 3799 2690 3841 necnon
2720 3785 2856 3838 artis
2881 3781 3135 3838 oratoria:
3164 3789 3332 3852 atque
3363 3781 3722 3851 philosophiae

2147 3877 2366 3948 egregie
2397 3878 2630 3948 peritus.
2665 3875 2966 3946 Ad'quem,
2995 3889 3122 3930 cum
3155 3889 3190 3928 a
3217 3872 3418 3928 studiis
3456 3873 3724 3944 religiosa:

2148 3969 2276 4022 vitae
2308 3967 2671 4033 descivisset,
2710 3966 2876 4020 divus
2907 3964 3338 4036 Cltrysostomus
3367 3977 3531 4016 unam
3559 3971 3724 4031 atque

2148 4061 2377 4114 alterunt
2425 4057 2580 4113 dedit
2628 4057 2943 4127 epistolam.
2995 4055 3135 4110 Cum
3184 4069 3423 4124 namque
3478 4054 3526 4108 is
3574 4053 3723 4124 leges

2146 4153 2470 4220 litterasque
2523 4158 2742 4206 nostras
2792 4149 3037 4220 legisset,
3085 4156 3143 4202 et
3194 4163 3254 4204 se
3296 4147 3351 4200 in
3404 4143 3722 4201 divinorum

2154 4245 2398 4299 virorum
2427 4243 2850 4297 familiaritatem
2879 4241 3239 4304 insinuasset,
3269 4239 3529 4294 omnibus
3559 4241 3722 4293 rebus

2148 4336 2499 4408 posthabitis,
2532 4345 2588 4390 et
2618 4334 2842 4389 urbanze
2872 4337 2998 4388 vitae
3026 4333 3270 4388 tumultu
3299 4333 3528 4402 rejecto,
3560 4334 3720 4390 iusti-

2151 4438 2327 4482 tutum
2359 4425 2414 4481 id
2441 4426 2709 4488 laudavit,
2740 4433 2795 4479 et
2819 4425 2984 4476 vitam
3014 4437 3168 4476 suam
3195 4422 3260 4476 ad
3276 4423 3506 4482 ,illorum
3541 4439 3720 4478 mores

468 4517 756 4588 ἀνθρώπου
790 4514 1279 4583 διεσκευασμένην,
1334 4514 1470 4586 πρὸς
1520 4515 1680 4568 αὐτὸν
1735 4515 2042 4585 ἐκπέμπει.

2149 4520 2480 4591 composuit.
2525 4520 2795 4574 Caeterum
2844 4517 3186 4572 alacritatem
3234 4531 3354 4571 eam
3403 4531 3720 4572 constanter

473 4615 701 4666 Ἔπειτα
731 4611 826 4663 καὶ⁹
847 4608 1013 4677 ἄλλην
1035 4609 1395 4678 συνέγραφεν.
1420 4603 1516 4670 AT;
1553 4607 1792 4678 ἐντυχὼν
1816 4613 2040 4674 ἐκεῖνος.

466 4705 568 4775 τῆς
604 4705 877 4775 προτέρας
913 4701 1127 4770 ἐγένετο
1169 4701 1395 4771 ἀγωγῆς
1429 4717 1442 4731 ⁸
1469 4703 1570 4770 τὴν
1611 4718 1669 4754 τε
1721 4703 1829 4770 γάρ
1857 4703 2045 4754 οὐσίαν

469 4795 650 4863 ἀφεὶς,
682 4791 778 4845 καὶ
803 4793 924 4854 ταῖς
951 4791 1078 4858 περὶ
1134 4789 1315 4858 γάμον
1355 4790 1636 4860 ἀσχολίαις
1697 4791 2046 4860 ἀποταξάμε-

469 4903 577 4948 νος,
613 4884 745 4954 πρὸς
784 4883 876 4936 τὸν
923 4883 1211 4950 φιλιὶσοφον
1255 4883 1583 4954 ἐπανέτρεχε
1617 4882 1752 4952 βίον,
1792 4886 1911 4944 ταῖς
1944 4900 2042 4936 κα-

469 4978 588 5038 λαῖς
618 4977 972 5046 εἰσηγήσεσιν
1018 4975 1288 5026 Ὶωάννοιῖ
1322 4951 1746 5041 διασωξόμενος.
1781 4973 2046 5040 Συνάγειν

469 5069 560 5122 οὖν
587 5070 730 5131 δέον,
765 5071 862 5136 ὅση
889 5085 968 5130 τις
1019 5064 1242 5134 ἐπήνθει
1305 5064 1568 5132 δεινότης,
1619 5065 1724 5136 ὅση
1777 5082 1838 5119 τε
1885 5066 2044 5138 χάρις

470 5162 581 5221 τοῖς
620 5159 869 5210 Ἰωάννου
905 5155 1211 5225 ἐπεκάθητο
1236 5157 1471 5225 χείλεσι·
1505 5155 1677 5224 ταύτη
1707 5157 1816 5226 γὰρ
1845 5157 2043 5224 μᾶλλον

474 5249 719 5318 ἐκράτει,
751 5253 843 5301 καὶ
881 5251 987 5300 τίέιν
1020 5249 1218 5317 ἐπίσης
1270 5245 1418 5316 αὐτῷ
1461 5250 1670 5300 πείθειν
1707 5265 1763 5300 τε
1801 5251 1918 5318 ἅμα
1954 5251 2046 5302 καὶ

471 5343 672 5408 λέγειν,
708 5344 843 5410 πρὸς
906 5341 1088 5407 ίσχύος
1141 5341 1399 5411 ἐχόντων.
1457 5339 1764 5392 Κάντεῦθεν
1828 5343 1919 5394 καὶ
1976 5343 2046 5394 τὰ

473 5434 650 5505 πλήθη
684 5436 883 5502 μᾶλλον
929 5434 1064 5498 πρός
1104 5433 1297 5484 ἑαυτὸν
1347 5432 1628 5484 ἐπεσπᾶτο
1663 5447 1674 5458 ·
1725 5433 1819 5483 καὶ
1875 5434 1934 5485 τὸ
1982 5433 2046 5500 δὴ

473 5541 512 5577 π
549 5526 656 5588 ἑον,
690 5524 768 5576 ὅτι
803 5525 895 5586 καὶ
917 5527 1040 5584 τοὺς
1085 5522 1500 5592 ἁμαρτάνοντας
1533 5521 1824 5591 διελέγχων
1850 5519 1918 5594 ἦν
1958 5522 2045 5575 ἐπ’

471 5616 766 5684 ἐκκλησίας
792 5631 807 5646 ο
840 5617 952 5674 τοὶς
973 5630 1028 5665 τε
1071 5613 1346 5666 ἀδικοῦσιν
1387 5613 1664 5676 ἐπέκειτο,
1719 5615 2045 5680 ἀγανακτῶν

473 5709 546 5770 ὡς
575 5709 626 5760 εί
657 5724 764 5775 περ
799 5708 958 5768 αὐτὸς
1005 5707 1340 5779 ἠδικημένος
1388 5705 1682 5772 ἐτύγχανεν
1721 5723 1734 5736 ’
1783 5707 1809 5758 ὃ
1837 5707 1900 5776 δὴ
1953 5707 2046 5760 καὶ

475 5801 550 5871 τῷ
573 5801 672 5870 μὲν
705 5801 892 5872 πλήθει
937 5799 1124 5869 χάριεν
1155 5795 1243 5869 ἦν,
1270 5799 1380 5860 τοῖς
1413 5813 1475 5863 γε
1531 5798 1637 5867 μὴν
1668 5800 1894 5869 ἄρχουσι
1949 5802 2044 5854 καὶ

2147 4630 2258 4669 non
2306 4611 2577 4668 retinuit:
2639 4611 2736 4666 sed
2788 4611 2956 4664 veluti
3005 4609 3327 4679 poenitentia
3379 4610 3600 4674 ductus,
3651 4611 3718 4662 ad

2149 4708 2388 4776 priorem
2422 4703 2589 4758 rediit
2634 4703 2824 4756 vitam.
2871 4701 2936 4755 Et
2979 4715 3104 4754 cum
3143 4699 3416 4753 diversam
3449 4701 3516 4752 de
3563 4715 3719 4752 samo

2147 4797 2334 4854 studio
2374 4795 2720 4864 concepisset
2760 4793 3092 4847 sententiam
3117 4830 3132 4856 ,
3175 4789 3226 4843 id
3261 4805 3432 4861 genus
3479 4791 3721 4860 philoso-

2145 4891 2290 4958 phiae
2343 4889 2602 4958 reliquit,
2628 4895 2686 4940 et
2724 4885 2781 4938 in
2817 4885 3008 4938 urbem
3043 4893 3129 4939 est
3177 4898 3473 4938 reversus:
3521 4884 3722 4938 melius

2149 5001 2207 5038 se
2265 4983 2336 5035 ita
2391 4979 2444 5035 id
2500 4978 2646 5048 quod
2702 4985 3008 5046 expeteret,
3062 4985 3491 5030 consecuturum
3542 4984 3716 5028 ratus.

2146 5073 2302 5140 Quod
2345 5072 2436 5126 ubi
2465 5070 2707 5126 Joannes
2733 5065 3027 5137 cognovit,
3070 5065 3137 5119 ad
3173 5081 3258 5119 res
3289 5065 3502 5120 scilicet
3529 5065 3720 5119 civiles

2146 5166 2301 5220 illum
2353 5178 2474 5218 esse
2531 5161 2848 5230 relapsum,
2901 5168 2958 5212 et
3017 5159 3266 5212 animum
3340 5159 3408 5212 ad
3493 5158 3718 5226 nuptias

2146 5258 2445 5326 adiecisse,
2487 5255 2778 5324 epistolam
2809 5250 2876 5306 ad
2906 5267 3032 5305 eum
3063 5250 3238 5313 dedit,
3273 5249 3457 5304 verbis
3497 5259 3550 5303 et
3587 5265 3713 5303 scn-

2146 5351 2336 5404 tentiis
2365 5347 2753 5402 selectioribus
2779 5359 2944 5414 supra
2977 5344 3235 5397 humana:
3267 5343 3468 5396 mentis
3496 5351 3715 5411 captum

2146 5441 2533 5508 compositam.
2578 5435 2817 5504 Scripsit
2858 5433 3058 5487 deinde
3093 5436 3161 5486 ad
3200 5432 3454 5512 eumdem
3497 5441 3717 5499 quoque

2145 5534 2396 5586 alterum.
2451 5529 2599 5596 Quas
2654 5527 2743 5580 ille
2796 5541 2922 5581 cum
2979 5525 3220 5594 legisset,
3279 5523 3346 5576 ad
3397 5523 3522 5576 vitae
3569 5523 3714 5591 quod

2146 5634 2302 5678 antea
2337 5631 2583 5692 ceperat,
2613 5621 2924 5674 institutum
2958 5632 3015 5671 sc
3044 5631 3260 5671 rursum
3291 5613 3543 5670 contulit.
3577 5615 3716 5668 Sub-

2146 5710 2346 5763 stantia
2387 5708 2533 5764 enim
2567 5723 2666 5762 sua
2698 5707 2886 5760 relicta
2912 5747 2925 5772 ,
2963 5714 3017 5759 et
3059 5705 3376 5774 nuptiarum
3424 5704 3715 5759 ambitioni

2147 5803 2337 5856 nuntio
2371 5801 2600 5856 remisso
2623 5839 2636 5866 ,
2672 5799 2738 5854 ad
2776 5798 3212 5868 pltiIOSOpliicam
3255 5797 3490 5852 recurrit
3525 5799 3714 5863 vitam,
