4062 6442
481 329 580 392 9η

1699 318 2120 381 NICEPIIORi
2166 319 2517 379 CALLISTI

3651 333 3753 395 03?.

484 443 877 515 pulcherrimis
932 440 1171 499 'Joannis
1231 438 1716 495 cohortationibus
1780 448 2057 493 servatus.

2177 437 2226 488 ἐν
2247 436 2540 507 δυναστείᾳ
2593 436 2838 506 λυπηρὸν
2877 438 3052 492 ἐδόκει
3093 453 3105 469 ·
3134 441 3214 494 ὅτι
3259 457 3318 508 γε
3366 445 3454 496 καὶ
3489 447 3555 497 τὰ
3590 448 3756 501 πολλὰ

477 540 629 594 Unde
651 536 915 608 colligere
942 536 1089 599 licet,
1115 547 1238 604 qua:
1255 534 1477 588 dicendi
1511 532 1595 586 vis
1620 533 1673 585 in
1697 545 1766 585 eo
1789 528 2060 588 ﬂoruerit.

377 668 391 680 .
476 647 669 698 qumve
710 628 1090 699 persuasionis
1123 627 1297 698 gratia
1342 625 1397 679 in
1445 625 1595 680 illius
1629 620 1951 679 consederit
1985 620 2064 673 la-

480 726 612 778 bris.
658 724 733 778 Ea
781 722 931 776 enim
968 735 1067 775 eos
1115 718 1439 789 superavit,
1490 718 1583 785 qui
1639 725 1752 772 tum
1798 730 1984 770 secum
2033 728 2064 767 a

478 814 714 871 dicendo
755 823 810 867 et
863 810 1251 883 persuadendo
1304 810 1548 866 valuere.
1600 808 1844 864 Proinde
1896 807 2064 861 etiam

482 906 899 962 multitudinem
944 904 1012 959 ad
1056 919 1116 958 se
1150 905 1442 973 pertraxit.
1478 903 1545 958 Et
1572 901 1719 970 quod
1755 903 2064 970 majusrst,

478 1008 777 1069 peccantes
835 998 890 1051 in
950 996 1190 1052 ecclesia
1251 995 1435 1049 acrius
1488 992 1843 1064 objurgavit,
1899 1002 2068 1060 atque

478 1092 738 1162 injuriam
771 1090 898 1145 aliis
933 1087 1310 1144 inferentibus
1358 1085 1678 1145 insnltavit.
1725 1100 1835 1139 non
1881 1084 2066 1137 minus

476 1184 547 1238 ob
574 1181 907 1237 alllictorum
952 1181 1129 1234 vicem
1182 1177 1510 1246 indignans,
1541 1189 1708 1245 quam
1742 1173 1786 1226 si
1828 1172 1929 1241 ipsi
1964 1170 2066 1224 sibi

476 1274 681 1340 injuria
726 1273 870 1327 facta
906 1280 1074 1326 esset.
1109 1268 1265 1335 Quod
1297 1267 1522 1336 quidem
1562 1263 1905 1319 multitudini
1937 1278 2067 1330 pcr-

477 1376 696 1437 gratum
731 1365 871 1428 fuit,
910 1363 1261 1433 principibus
1292 1369 1480 1415 autem
1519 1360 1650 1413 viris
1680 1368 1737 1412 et
1770 1358 2066 1427 magistra-

481 1462 630 1516 tibus
661 1460 926 1514 acerbum
966 1459 1148 1512 visum
1191 1465 1276 1512 est
1302 1458 1327 1509 :'
1355 1453 1501 1525 quod
1535 1452 1747 1508 scilicet
1774 1452 1856 1505 eis
1890 1449 2070 1504 delin-

478 1567 655 1622 quere
705 1552 877 1606 multa
922 1549 1103 1608 licuit.
1153 1549 1260 1605 Eas
1299 1547 1372 1604 ob
1410 1561 1607 1602 causas
1648 1544 1947 1616 praeclarus
1985 1543 2070 1596 vir

480 1645 704 1700 habitus
756 1654 865 1709 est,
919 1658 1043 1698 cum
1080 1641 1161 1695 eis
1199 1641 1292 1711 qui
1342 1655 1474 1696 eum
1532 1639 1839 1701 vidissent,
1893 1637 2070 1690 virtu-

480 1749 705 1808 temque
750 1736 872 1805 ejus
910 1734 1126 1805 experti
1171 1741 1399 1800 essent,
1439 1743 1552 1788 tum
1598 1732 1682 1787 eis
1724 1745 1943 1802 quoque
1974 1731 2066 1799 qui

2173 527 2384 589 τούτοις
2405 527 2741 596 ἁμαρτάνειν
2765 527 2916 597 ἐξῆν.
2959 532 3061 585 Διά
3108 531 3306 593 ταῦτα,
3325 535 3503 590 πάντα
3534 555 3762 607 περιφα-

2172 621 2270 690 νὴς
2295 615 2365 692 ἦν
2387 622 2417 673 6
2445 620 2587 689 ἀνὴρ
2611 621 2723 683 τοῖς
2752 621 2853 689 μὲν
2878 620 2956 691 τῷ
2986 639 3047 676 τε
3077 623 3225 690 ἰδεῖν,
3283 626 3382 680 καὶ
3433 628 3763 698 πειραθῆν;-ι

2177 712 2413 777 ἐκείνου,
2463 713 2576 774 τοῖς
2616 711 2674 763 δὲ
2740 711 2909 781 μήπω
2956 710 3339 784 θεασαμένοις.
3389 719 3454 786 τῇ
3508 719 3685 791 φήμῃ·
3730 722 3762 789 ἢ

2177 802 2347 873 πολλή
2395 820 2481 863 τις
2530 802 2738 875 διέρρει
2785 806 2881 868 τὰς
2927 804 3192 859 ἁπάντων
3246 807 3420 871 ἀκοὰς
3462 809 3760 881 πληροῦσα.

2176 895 2285 949 Καὶ
2309 895 2373 964 δὴ
2398 894 2511 957 τοῖς
2535 893 2639 949 ἀνὰ
2665 893 2727 949 τί)
2754 895 3001 959 ὑπήκοον
3034 898 3172 952 πᾶσι
3222 896 3515 969 Ῥωμαίων
3572 904 3729 972 ἐπιτή
3748 935 3761 944 .

2174 989 2316 1050 δειος
2340 982 2484 1040 εἶναι
2510 988 2576 1057 τῇ
2601 987 2702 1057 τῆς
2738 988 3162 1043 Κωνσταντίνου
3195 991 3472 1061 ἐπισκοπῇ
3496 992 3760 1059 ἐκρίνετο.

2174 1083 2403 1155 Συνῄνει
2440 1084 2506 1155 δὴ
2531 1085 2600 1155 τῇ
2632 1083 2726 1138 τοῦ
2773 1082 2909 1137 λαοῦ
2952 1086 3046 1139 καὶ
3080 1084 3176 1138 τοῦ
3232 1086 3441 1158 κλήρου
3509 1090 3607 1143 καὶ
3661 1091 3764 1143 τῶν

2179 1177 2395 1230 πολλῶν
2426 1175 2595 1247 ψήφῳ
2633 1177 2732 1230 καὶ
2753 1179 2780 1230 6
2811 1176 3067 1247 βασιλεὺς
3106 1178 3398 1248 Ἀρκάδιος
3424 1196 3439 1210 ’
3473 1182 3567 1232 καλ⁵
3607 1180 3764 1240 εὐθὺς

2175 1272 2302 1334 τοὺς
2326 1269 2554 1336 ἄξοντας
2583 1268 2748 1323 αὐτδν
2780 1268 3020 1341 ἔπεμπε.
3054 1269 3275 1324 Πολλῶν
3328 1270 3387 1326 δέ
3439 1271 3535 1324 καὶ
3598 1273 3764 1326 ἄλλων

2176 1362 2369 1432 ἱερέων
2400 1361 2623 1416 σύνοδον
2656 1361 3066 1431 μετεστέλλετο,
3103 1364 3440 1434 σεμνοτέραν
3463 1363 3565 1435 τὴν
3599 1381 3765 1434 χειρο·

2175 1458 2361 1508 τονίαν
2402 1454 2667 1524 πράττειν
2706 1452 3188 1524 φιλοτιμούμενος.
3237 1454 3325 1519 Ὠς
3348 1455 3397 1509 δ’
3438 1454 3710 1526 Ἀστέριος
3738 1457 3764 1510 6

2176 1550 2276 1617 τῆς
2313 1546 2390 1600 ἐω
2439 1545 2684 1616 ὕπαρχος
2709 1545 2780 1600 τὰ
2854 1545 3123 1615 βασιλέως
3174 1546 3253 1609 είς
3305 1548 3501 1617 χεῖρας
3556 1545 3762 1612 ἐδέξιτο

2177 1645 2510 1711 γράμματα,
2542 1641 2633 1694 ἐπί
2662 1658 2769 1694 τινι
2798 1641 2909 1694 τῶν
2943 1640 3050 1711 πρὸ
3099 1641 3204 1709 τῆς
3256 1641 3537 1711 Ἀντιόχου
3585 1641 3762 1710 ἀγρῶν

2178 1738 2269 1788 τὸν
2321 1733 2574 1806 Ἰωάννην
2609 1732 2987 1806 μετεκαλεῖτο,
3045 1734 3311 1804 μυστικόν
3367 1751 3422 1787 τι
3486 1733 3762 1803 ἀγγέλλειν

480 1832 636 1884 illum
678 1843 967 1898 nunquam
1002 1828 1179 1882 visum
1218 1825 1360 1880 fama
1395 1833 1609 1879 tantum
1642 1823 2068 1890 cognovissent;

2177 1827 2323 1899 ἔχειν
2359 1825 2675 1895 διαμηνύων
2710 1841 2724 1854 ⁶
2762 1824 2823 1879 δν
2856 1826 3106 1891 ἐλθόντα,
3137 1825 3380 1896 ὀχήματι
3439 1824 3761 1882 ἐπιϐιϐάσας

478 1934 613 1990 qua:r
633 1917 874 1973 celebris
909 1917 977 1971 de
1009 1931 1076 1972 eo
1111 1915 1353 1986 vulgata,
1390 1928 1556 1969 aures
1592 1911 1841 1968 omnium
1872 1911 2071 1980 imple-

480 2021 652 2065 verat.
691 2010 933 2065 ldoneus
976 2023 1109 2064 sane
1156 2007 1427 2063 Romana:
1471 2005 1702 2061 ditionis
1748 2004 2073 2061 heminibus

483 2106 635 2158 visus
662 2110 768 2168 est,
796 2103 888 2158 cui
925 2099 1553 2170 Constantinopolitanae
1583 2098 1829 2154 ecclesia:
1858 2099 2074 2167 episco-

479 2207 641 2265 patus
666 2193 1120 2250 demandaretur.
1169 2191 1337 2264 348
1359 2191 1782 2262 Sull'ragabatur
1809 2206 1944 2245 vero
1974 2207 2072 2259 pu-

479 2289 594 2359 puli
631 2297 686 2343 et
715 2287 881 2352 cieri,
930 2285 1350 2354 multorumque
1392 2282 1719 2347 sententiae,
1770 2283 2074 2353 imperator

480 2382 644 2437 etiam
675 2378 966 2435 Arcadius.
998 2379 1190 2448 Itaque
1220 2377 1402 2433 statim
1429 2377 1521 2446 qui
1552 2390 1677 2430 cum
1711 2375 2069 2441 adducerent,

486 2475 654 2529 misit.
683 2473 979 2528 Multorum
1001 2486 1226 2542 quoque
1251 2456 1490 2525 aliorum
1515 2471 1906 2540 episcoporum
1935 2484 2071 2523 con-

481 2579 708 2623 ventum
746 2566 1009 2630 instituit,
1044 2564 1481 2636 splendidiorem
1524 2562 2071 2632 ambitiosioremque

481 2660 957 2716 consecrationem
1001 2659 1121 2729 ejus
1159 2672 1283 2713 esse
1320 2656 1533 2712 volens.
1573 2657 1745 2712 Porro
1785 2656 1874 2710 ubi
1918 2657 2074 2712 Aste-

482 2756 598 2809 rius
638 2752 883 2809 Orientis
917 2750 1208 2822 praefectus
1252 2748 1607 2820 imperatoris
1651 2748 1868 2803 litteras
1917 2762 2076 2802 acre-

482 2850 592 2918 pit,
647 2846 702 2900 in
753 2845 1137 2900 suburbanum
1186 2841 1483 2914 quemdam
1532 2841 1841 2896 Antiochiae
1877 2855 2071 2910 agrum

479 2939 751 2996 Joannem
796 2937 867 2993 ad
911 2952 971 2993 se
1012 2936 1300 3000 evocavit,
1341 2934 1549 2991 habere
1581 2950 1640 2991 se
1673 2933 1861 2991 arcani
1907 2933 2072 3003 quid-

481 3046 691 3102 quam,
737 3030 883 3100 quod
932 3043 1058 3085 cum
1109 3043 1177 3084 eo
1221 3038 1439 3084 secreto
1472 3026 1944 3089 communicaret.
1985 3043 2073 3081 rc-

2175 1921 2360 1985 εὐθὺς,
2393 1920 2473 1983 εἱς
2506 1919 2734 1988 Πάγρας
2777 1919 3021 1989 σταθμόν
3078 1932 3203 1971 τινα
3229 1916 3376 1972 οὕτω
3431 1917 3759 1987 καλούμενον

2174 2014 2427 2081 ἔφθανεν.
2456 2011 2627 2065 Ἔνθα
2653 2011 2716 2081 δὴ
2741 2010 3014 2080 παραδοὺς
3065 2013 3176 2073 τοῖς
3209 2012 3273 2064 ἐκ
3310 2010 3579 2081 βασιλέως
3628 2026 3762 2078 πεμ-

2176 2107 2358 2175 φθεῖσι
2388 2106 2620 2159 πλεῖστα
2640 2103 3243 2175 διατεινόμενονμπρδς
3271 2104 3338 2158 τὰ
3364 2105 3547 2157 οίκεῖα
3570 2104 3760 2156 ἐπανέ-

2177 2216 2413 2271 στρεφεν
2459 2197 2589 2269 ἤθη.
2625 2196 2800 2250 Τοῦτο
2829 2194 2873 2249 δ’
2904 2197 3167 2267 ἔπραττε,
3201 2196 3444 2271 θερμοὺς
3475 2197 3605 2265 περὶ
3639 2193 3762 2246 στά-

2170 2310 2290 2355 σεις
2318 2287 2459 2345 εἶναι
2495 2290 2809 2360 Ἀντιοχέας
2839 2289 2997 2353 εἰδώς
3024 2306 3038 2321 ·
3072 2290 3131 2343 οὐ
3155 2291 3261 2361 γὰρ
3289 2289 3354 2344 ἀν
3391 2306 3523 2343 ποτε
3551 2288 3762 2349 ἑκόντες

2174 2381 2314 2441 εἶναι
2344 2386 2444 2456 τῆς
2495 2382 2747 2439 Ἰωάννου
2787 2382 3189 2454 ἀπηλλάγησαν
3225 2382 3507 2452 γλώσσης,
3550 2380 3680 2447 πρίν
3711 2393 3760 2428 τι

2173 2478 2285 2534 τῶν
2308 2478 2497 2533 δεινῶν
2526 2476 2726 2548 δρᾶσαί
2758 2494 2819 2530 τε
2851 2477 2947 2532 καὶ
2989 2475 3206 2530 παθεῖν.
3249 2473 3336 2537 Ὠς
3372 2474 3433 2527 δέ
3462 2472 3564 2544 τὴν
3612 2473 3761 2524 Κων-

2176 2572 2458 2626 σταντίνου
2490 2569 2815 2643 κατέλαϐον,
2847 2568 3105 2640 παρῆσαν
3138 2568 3197 2621 δέ
3233 2568 3329 2622 καὶ
3358 2568 3479 2621 ὅσοι
3540 2565 3650 2619 τῶν
3679 2565 3754 2616 is-

2178 2667 2291 2738 ρῶν
2322 2666 2537 2738 ἀνδρῶν
2590 2663 3034 2735 μετεκλήθησαν,
3094 2664 3144 2717 οί
3209 2662 3310 2734 μὲν
3352 2662 3505 2718 ἄλλοι
3571 2661 3762 2717 πάντες

2177 2759 2456 2828 ὡμονόουν
2479 2763 2546 2830 τῇ
2592 2759 2759 2829 ψήφῳ
2789 2775 2803 2789 ’
2865 2756 3026 2825 μόνος
3080 2756 3127 2810 δ’
3183 2757 3212 2809 6
3257 2757 3357 2825 τῆς
3421 2755 3758 2824 Ἀλεξάνδρου

2175 2852 2435 2922 Θεόφιλος
2466 2850 2721 2921 ἐμποδὼν
2751 2854 2816 2922 τῇ
2846 2850 3155 2921 χειροτονίᾳ
3202 2850 3460 2903 Ἰωάννου
3515 2846 3761 2901 καθίστα-

2174 2961 2260 3010 το,
2289 2942 2567 3012 διασύρων
2592 2944 2692 3013 μὲν
2726 2945 2828 3011 τὴν
2891 2942 3106 2995 ἐκείνου
3165 2941 3348 3008 δόξαν,
3420 2941 3674 3011 Ἰσιδώρῳ
3707 2938 3759 2991 δέ

2179 3037 2499 3102 σπουδάζων
2524 3038 2624 3109 τὴν
2694 3039 3004 3106 ἐπισκοπὴν
3055 3038 3367 3108 ἐγχειρίσαι
3398 3055 3414 3071 ·
3443 3037 3502 3101 ὃς
3532 3032 3759 3107 πρεσσύς

482 3123 766 3179 nuntians.
823 3121 962 3177 Eum
1022 3135 1154 3176 vero
1214 3120 1609 3176 advenientem
1670 3119 1823 3175 illico
1877 3120 2070 3174 currui

2181 3143 2337 3196 τερος
2371 3126 2469 3195 μέν
2519 3126 2933 3197 Ἀλεξανδρείας
2964 3122 3053 3199 ἦν,
3089 3128 3199 3180 τῶν
3229 3126 3274 3180 δ’
3300 3129 3356 3181 ἐν
3390 3127 3574 3199 ἐκείνῃ
3603 3126 3758 3191 ξένων

481 3220 823 3289 impositum,
857 3218 1051 3287 Pagas,
1077 3217 1133 3270 in
1164 3215 1560 3279 diversorium,
1593 3229 1692 3269 seu
1724 3214 2068 3268 mansionem

470 3309 777 3381 quamdam
827 3310 900 3363 ita
955 3307 1420 3377 cognominatam.
1470 3304 1649 3359 duxit.
1682 3304 1748 3359 Et
1779 3315 2070 3375 postquam

480 3420 604 3456 rum
640 3402 711 3457 ibi
750 3402 834 3456 eis
869 3399 962 3469 qui
1001 3399 1069 3452 ab
1104 3398 1443 3468 imperatore
1482 3397 1634 3451 missi
1672 3396 1914 3459 fuerant,
1953 3398 2074 3465 plu-

478 3498 685 3550 rimum
724 3495 1089 3549 reluctantem
1126 3490 1394 3556 tradidit,
1429 3489 1656 3545 domum
1690 3504 1847 3543 suam
1883 3503 2075 3543 rever—

479 3590 568 3642 tit.
603 3588 660 3641 ld
696 3596 882 3640 autem
918 3587 990 3639 ita
1023 3583 1195 3648 fecit,
1228 3581 1377 3653 quod
1415 3588 1702 3652 promptos
1743 3578 1811 3653 ad
1845 3578 2075 3635 seditio-

482 3696 583 3734 nes
613 3679 993 3733 Antiochenos
1027 3692 1149 3732 esse
1180 3676 1414 3732 sciebat.
1457 3674 1893 3744 Haudquaquam
1925 3673 2073 3727 enim

484 3773 563 3827 illi
603 3772 841 3825 libentes
890 3770 1047 3840 prius
1093 3781 1153 3823 se
1196 3766 1428 3822 Joannis
1470 3767 1657 3837 lingua
1692 3765 1876 3820 orbari
1917 3765 2076 3819 tulis-

483 3873 641 3926 sent,
673 3878 838 3934 quant
871 3877 1037 3932 grave
1083 3860 1387 3932 quidquam
1418 3867 1474 3915 et
1504 3859 1766 3916 fecissent
1787 3897 1802 3923 ,
1836 3870 1891 3915 et
1926 3846 2071 3930 passi

483 3958 742 4012 fuissent.
787 3952 896 4011 Ubi
946 3953 1482 4019 Constantinopolim
1536 3968 1872 4025 pervenere,
1906 3963 2074 4023 atque

487 4051 562 4104 ibi
622 4049 940 4119 quicunque
987 4046 1200 4102 evocati
1259 4045 1479 4101 fuerant
1527 4044 1814 4116 episcopi,
1872 4056 2073 4115 praesto

482 4141 672 4204 fuere,
723 4153 916 4194 omnes
963 4136 1189 4208 quidem
1230 4136 1321 4192 alii
1368 4136 1634 4206 suffragio
1662 4136 1893 4192 ferendo
1936 4152 2074 4192 con-

484 4246 755 4285 sensere:
809 4245 953 4285 unus
1007 4238 1226 4283 tantum
1275 4228 1618 4299 Theophilus
1664 4228 2075 4284 Alexandrinus

483 4323 716 4379 Joannis
761 4323 1099 4378 ordinationi
1128 4321 1397 4383 obstitit,
1450 4321 1641 4392 gloriae
1684 4321 1835 4375 illius
1884 4319 2075 4373 detra-

486 4417 650 4481 hcns,
700 4415 915 4471 lsidoro
939 4424 1123 4469 autem
1152 4412 1538 4483 episcOpatum
1570 4413 1789 4467 tradere
1818 4413 2070 4474 studens,

2179 3234 2239 3270 τε
2274 3219 2367 3270 καὶ
2402 3217 2637 3289 πτωχῶν
2664 3219 2765 3288 τὴν
2811 3219 3121 3287 ἐπιτροπὴν
3166 3214 3314 3288 εῖχεν
3345 3235 3359 3250 ο
3420 3222 3484 3273 ἐκ
3544 3219 3663 3272 νέου
3705 3214 3758 3268 δέ

2177 3312 2283 3367 ἀνὰ
2313 3312 2412 3382 τὴν
2450 3312 2653 3382 Σκῆτιν
2691 3314 2807 3374 τοῖς
2829 3310 3175 3382 ἀσκητικοῖς’
3190 3312 3386 3375 πόνοις
3416 3308 3757 3381 ἐγγυμνασάο

2181 3421 2343 3474 μενος
2375 3401 2443 3476 ἦν
2472 3419 2489 3438 ο
2523 3404 2664 3458 πάνυ
2682 3403 2737 3457 δὲ
2759 3403 2848 3457 διὰ
2880 3403 3116 3474 σπουδῆς
3138 3404 3230 3457 τὸν
3269 3403 3547 3477 Ἰσίδωρον
3573 3395 3761 3456 ἐποιεῖο

2177 3515 2258 3558 το.
2289 3499 2582 3570 συνίστορα
2614 3499 2945 3569 πράγματος
2997 3497 3344 3551 ἐπικινδύνου
3401 3497 3552 3567 αὐτῷ
3597 3494 3757 3549 πάλαι

2177 3592 2495 3661 γενόμενον.
2533 3590 2732 3643 Ἦνίκα
2786 3593 2893 3660 γὰρ
2932 3593 2960 3644 6
2996 3590 3254 3661 βασιλεὺς
3302 3589 3591 3649 Θεοδόσιος
3631 3586 3756 3655 πρὸς

2177 3687 2269 3737 τὸν
2300 3682 2445 3736 κατά
2473 3681 2569 3735 τοῦ
2602 3686 2871 3752 τυράννου
2892 3682 3148 3753 Μαξίμου
3176 3683 3421 3752 πόλεμον
3447 3682 3759 3754 ἠγωνίζετο,

2179 3778 2334 3845 δῶρα
2361 3775 2602 3842 πέμπων
2652 3775 2938 3845 Θεόφιλος,
2970 3774 3163 3858 διττὰς⁹
3188 3774 3487 3839 ἐπιστολὰς
3523 3770 3761 3840 Ἰσιδώρῳ

2175 3865 2408 3917 τουτωνὶ
2434 3863 2783 3934 ἐγχειρίζων,
2837 3863 2973 3933 πρὸς
3018 3862 3243 3933 Ῥώμην
3292 3864 3650 3934 κατήπειγεν,
3682 3859 3761 3909 ἐν-

2177 3957 2503 4023 τειλάμενος
2531 3958 2708 4008 ἐκεῖσε
2742 3956 3063 4023 γενόμενον,
3099 3956 3420 4026 περιμένειν
3448 3954 3549 4024 τῆς
3582 3952 3754 4021 μάχης

2177 4049 2276 4118 τὴν
2302 4046 2528 4098 ἔκόασιν
2558 4061 2575 4077 ⁶
2612 4045 2706 4098 καὶ
2741 4038 2784 4114 ᾧ
2814 4044 2881 4100 ἂν
2926 4048 2958 4117 ἠ
3008 4047 3154 4118 νίκη-
3186 4046 3528 4114 ἐπιγελάσοι,
3575 4043 3643 4096 τά
3700 4053 3754 4090 τε

2179 4140 2490 4210 γράμματα
2527 4139 2624 4192 καὶ
2655 4140 2723 4193 τὰ
2774 4140 2923 4208 δῶρα
2961 4141 3226 4211 παρέχειν
3267 4155 3283 4171 ο
3311 4139 3403 4195 τὸν
3436 4139 3502 4194 δὲ
3534 4134 3757 4199 ὑποστῆο

2180 4253 2269 4289 ναι
2296 4234 2357 4288 τὸ
2381 4234 2544 4305 ἔργον
2587 4250 2601 4266 ⁶
2639 4237 2733 4290 καὶ
2786 4236 2941 4306 παρὰ
2982 4237 3084 4308 τὴν
3164 4236 3392 4310 Ῥώμην
3453 4235 3753 4305 γενόμενον.

2181 4327 2500 4398 ύφεδρεύειν
2539 4330 2605 4400 τῇ
2635 4327 2782 4400 νίκῃ,
2808 4328 2903 4382 καὶ
2933 4328 3007 4401 μὴ
3039 4329 3226 4383 λαθεῖν
3276 4329 3345 4384 τὰ
3380 4329 3599 4384 τοιαῦτα
3650 4337 3758 4376 πει-

2185 4420 2452 4489 ρώμενον,
2476 4420 2573 4474 τοῦ
2598 4422 2849 4486 συνόντος
2875 4422 3029 4493 αὐτῷ
3078 4423 3433 4491 ἀναγνώστου
3457 4411 3755 4486 καταμηνῦο

487 4511 580 4579 qui
631 4508 980 4563 Alexandriae
1017 4506 1343 4578 presbyter,
1389 4521 1579 4561 curam
1630 4505 1707 4560 ibi
1737 4505 2071 4559 advenarum

2188 4529 2403 4577 σαντος,
2436 4513 2533 4565 καὶ
2560 4511 2659 4577 τὰς
2699 4513 2997 4576 ἐπιστολὰς
3044 4513 3231 4584 κρύφα
3264 4510 3600 4582 ὑφελομένου
3631 4520 3646 4537 ο
3671 4502 3755 4557 καὶ

488 4616 545 4656 ιιι
576 4617 881 4673 pauperum
910 4601 1155 4672 gerebat,
1187 4600 1257 4654 ab
1287 4599 1660 4654 adolescentia
1696 4599 1751 4652 in
1780 4600 1925 4653 Sceti
1963 4615 2078 4651 mo-

492 4695 722 4749 nasticis
779 4693 1065 4747 laboribus
1127 4693 1491 4747 exercitatus.
1547 4689 1843 4746 Stediosus
1888 4700 2074 4744 autem

489 4785 830 4857 Theophilus
859 4786 1053 4842 lsidori
1100 4786 1400 4857 plurimum
1448 4784 1584 4846 fuit,
1615 4782 1766 4855 quod
1811 4782 1859 4838 is
1888 4783 1936 4837 ei
1977 4783 2078 4837 du-

480 4879 614 4933 dum
647 4878 722 4932 rei
750 4882 883 4933 satis
916 4878 1243 4948 periculose
1269 4878 1529 4931 conscius
1558 4886 1727 4930 esset.
1758 4874 1892 4929 Cum
1925 4874 2073 4927 enim

484 4974 791 5039 imperator
841 4969 1195 5025 Theudosius
1252 4968 1398 5023 bello
1451 4967 1720 5023 adversus
1776 4969 2072 5023 Maximum

484 5075 776 5134 tyranuum
826 5064 1174 5128 decertaret,
1206 5062 1552 5132 Theophilus
1596 5062 1916 5132 imperatori
1953 5079 2075 5117 mu-

484 5174 620 5214 ueia
652 5158 910 5225 mittens,
957 5158 1114 5211 binas
1161 5156 1373 5210 Isidoro
1406 5156 1539 5210 huic
1583 5155 1737 5211 dedit
1787 5156 2071 5224 epistolas,

482 5268 723 5323 eumque
759 5252 992 5306 Ruinam
1046 5249 1234 5316 misit,
1282 5264 1407 5301 cum
1458 5249 1719 5304 mandato
1772 5250 2071 5318 ejusmodi.

488 5358 547 5401 ut
588 5348 663 5401 ibi
701 5360 968 5410 manens,
1014 5343 1144 5397 belli
1182 5352 1439 5397 eventqu
1472 5353 1843 5413 exspectaret.
1900 5354 1953 5396 et
1984 5344 2073 5397 cui

485 5443 714 5497 victoria
745 5439 1044 5501 arrisissct,
1074 5437 1125 5491 ci
1153 5448 1209 5491 et
1238 5437 1453 5491 litteras
1478 5445 1535 5491 et
1555 5436 1762 5490 donum
1796 5436 2070 5490 reddvret.

487 5525 843 5604 Legationem
903 5545 1024 5583 eam
1059 5528 1307 5599 SUsccpit
1343 5528 1619 5592 Isidorus,
1653 5540 1707 5582 et
1745 5532 1937 5591 Romae~
1962 5546 2076 5580 iuo-

487 5638 672 5681 mento
722 5625 970 5678 victoria:
1023 5623 1267 5677 intentus
1322 5621 1598 5677 consedit.
1658 5622 1724 5676 Et
1774 5638 1901 5675 cum
1957 5639 2073 5675 rem

488 5721 629 5773 banc
672 5732 920 5787 premere
960 5727 1283 5783 conaretur,
1316 5715 1491 5770 lector
1532 5716 1628 5784 qui
1664 5730 1788 5769 cum
1827 5731 1893 5768 eo
1928 5725 2070 5774 erat.

487 5808 735 5877 epistolis
771 5807 911 5864 clam
953 5807 1212 5874 sublatis,
1247 5822 1369 5862 eam
1403 5807 1686 5864 indicavit.
1723 5808 2073 5876 Quapropter

2182 4592 2477 4659 διὰταῦτα
2513 4605 2690 4658 κακόν
2720 4621 2774 4658 τι
2810 4605 3006 4659 παθεῖν
3046 4608 3136 4659 τὸν
3176 4606 3445 4677 Ἰσίδωρον
3486 4596 3753 4673 ὑφορώμε-

2180 4714 2295 4763 νον,
2353 4696 2522 4761 εὐθὺς
2573 4695 2792 4767 φυγάδα
2865 4700 3183 4767 γενόμενον,
3223 4697 3356 4769 ιτὴν
3418 4690 3752 4760 Ἀλεξάνδρου

2182 4790 2517 4843 καταλαϐεῖν
2549 4807 2564 4821 ’
2601 4791 2925 4845 πιστότατον
2949 4791 2994 4843 δ’
3019 4793 3230 4845 ἐκεῖνον
3268 4790 3523 4844 ἐντεῦθεν
3544 4783 3753 4854 γενόμε-

2181 4898 2291 4940 νον.
2317 4879 2413 4934 νῦν
2436 4883 2696 4935 ἀποτῖσαι
2726 4880 2835 4934 τῶν
2866 4881 3008 4952 ὑπὲρ
3040 4881 3209 4935 αὑτοῦ
3253 4881 3518 4935 κινδύνων
3545 4871 3751 4930 διενοεῖ-

2184 4977 2370 5045 το·τὴν
2409 4973 2674 5044 ἀμοιϐὴν,
2705 4976 2802 5028 καὶ
2854 4974 2956 5044 τὴν
3012 4975 3289 5042 τοσαύτην
3346 4969 3579 5039 σπουδὴν
3626 4967 3694 5017 ὑπ
3726 4976 3751 5027 ρ

2181 5066 2349 5121 αὑτοῦ
2382 5067 2724 5120 κατετίθετο.
2769 5066 2887 5120 Εἶτ’
2935 5062 3032 5122 οὖν
3078 5066 3166 5120 διὰ
3216 5066 3407 5129 ταῦτα,
3465 5063 3539 5124 ὡς
3590 5057 3749 5123 λόγνις.

2181 5162 2291 5214 εἴτε
2310 5159 2404 5213 καὶ
2439 5159 2517 5223 ὡς
2552 5159 2776 5230 θεοφιλῆ
2810 5160 2979 5225 ἀνδρα
3014 5160 3106 5213 ἐπὶ
3135 5159 3233 5229 τὴν
3257 5152 3565 5223 ἐπισκοπὴν
3594 5142 3751 5216 προῆ-

2180 5269 2243 5321 γε
2274 5251 2558 5320 Θεόφιλος,
2589 5253 2748 5315 τέλος
2775 5253 2872 5305 καὶ
2920 5252 3087 5316 αὐτὸς
3115 5254 3180 5322 τῇ
3221 5246 3525 5321 χειροτονίᾳ
3586 5236 3749 5291 Ίωὶν·

2179 5363 2272 5398 νου
2312 5346 2595 5418 συνῄνεσε,
2631 5346 2728 5399 καὶ
2769 5336 2883 5409 τοῖς
2917 5346 3058 5399 κατὰ
3094 5345 3161 5398 τὰ
3220 5344 3470 5414 βασίλεια
3520 5327 3747 5395 δεδοτμέ·

2180 5456 2292 5503 νοις
2322 5440 2619 5511 σύμψηφος
2647 5435 2736 5510 ἦν.
2762 5440 3006 5509 ἀτεχνῶς
3063 5439 3301 5509 μάλιστα
3356 5438 3420 5506 τῇ
3463 5418 3749 5503 χειροτονεῖι

2196 5532 2442 5585 Ἰωάννου
2478 5531 2858 5595 σπουδάζοντα
2882 5532 3065 5597 δείσας
3102 5532 3406 5603 Εὑτρόπιον
3461 5523 3549 5577 τὸν
3599 5526 3767 5602 πρεξιῇ

2179 5624 2420 5688 πότι-εον,
2466 5623 2523 5685 ὃς
2564 5623 2660 5676 τοῦ
2704 5623 2992 5695 βασιλικοῦ
3051 5624 3202 5676 οἴκου
3258 5639 3318 5675 τε
3365 5618 3460 5673 καὶ
3512 5607 3748 5666 κοιτῶνος

2177 5716 2487 5787 τηνικαῦτα
2518 5716 2819 5785 προῖστατο
2843 5735 2856 5748 ο
2893 5716 3156 5788 ἄντικρυς
3184 5714 3294 5784 γὰρ
3319 5710 3465 5783 αὗτῷ
3487 5699 3745 5772 διηπείλη-

2181 5826 2313 5874 σεν,
2371 5808 2403 5861 ἢ
2453 5811 2566 5873 τοῖς
2606 5809 2787 5872 ἄλλοις
2841 5809 3051 5868 ἱερεῦσι
3113 5809 3405 5878 σύμψηφον
3460 5799 3545 5854 κοιι
3600 5787 3741 5846 αὑτὸν
