4062 6442
381 337 488 399 933

1304 327 1915 393 ECCLESIASTIC.E
1946 331 2341 394 HISTORUE
2382 334 2527 398 LIB.
2579 337 2757 398 Xlll.

3544 348 3649 413 9M

382 453 586 507 αὗτίκςι
639 448 987 518 γενέσθαι,ἢ
1035 447 1258 519 ἕτοιμον
1309 449 1446 520 πρὸς
1509 449 1809 517 ἀπολογίαν
1855 450 1968 514 τοῖς

2074 449 2317 506 Isidorus
2348 451 2451 505 sibi
2481 468 2546 505 ne
2569 453 2698 521 quid
2736 452 2861 506 mali
2889 459 3174 521 pateretur
3200 455 3422 522 timens,
3460 461 3644 512 statim

382 542 680 611 ἐγκαλοῦσι
714 542 965 609 γίνεσθαι
995 558 1009 573 '
1044 539 1237 609 ἔτυχον
1285 542 1394 612 γὰρ
1448 542 1635 595 πολλοὶ
1694 543 1964 612 παρόντες

386 636 599 688 ἐκεῖθεν
663 633 848 704 β.6λία
898 632 1022 686 κατ’
1081 632 1248 686 αὑτοῦ
1312 633 1425 695 τοῖς
1488 633 1809 686 συνελθοῦσι
1854 631 1964 685 τῶν

389 727 706 782 ἐπισκόπων
757 724 1113 793 παρέχοντες,
1146 722 1308 787 ἄλλος
1340 723 1479 778 ἄλλα
1545 724 1962 793 ὲπαιτιώμενοι,

386 821 483 875 καὶ
517 818 852 890 παρανόμων
882 818 1092 870 ἐκεῖνον
1140 816 1502 887 γραφόμενοι.
1542 815 1730 872 Ταῦτα
1781 816 1965 878 δείσας

387 911 667 978 Θεόφιλος,
700 910 761 962 οὐ
786 908 950 977 μόνον
1000 907 1318 977 σύμψηφος,
1340 907 1477 962 ἀλλὰ
1510 908 1607 962 καὶ
1659 924 1968 978 χειροτονη-

390 1006 488 1074 τὴς
530 1004 778 1057 Ἰωάννου
834 1003 1154 1056 καθίστατο.
1218 1002 1601 1070 ’Δναγνώστην
1660 1001 1716 1053 δὲ
1777 1001 1967 1054 τοῦτον

392 1096 586 1158 ἐποίει,
615 1093 690 1155 ὥς
714 1111 850 1163 φησι
878 1090 1181 1162 Σωκράτης
1214 1095 1240 1145 ὁ
1270 1093 1748 1161 ὲκκλησιαστικδς,
1778 1095 1968 1163 Ζήνων

388 1192 416 1243 ὁ
445 1188 743 1251 ἐπίσκοπος
773 1187 973 1255 Γάζης,
1032 1189 1207 1240 είτουν
1243 1186 1529 1256 Μαιοῦμα,
1560 1187 1617 1250 ἐξ
1671 1187 1968 1256 Ἰεροσολύ-

393 1294 508 1343 μων
535 1276 915 1345 ὑποστρέφων.
954 1274 1214 1341 Συνδιῆγε
1244 1274 1303 1325 δὲ
1343 1273 1664 1343 τηνικαῦτα,
1702 1272 1778 1335 ὡς
1824 1274 1968 1327 ἱστο-

390 1367 699 1436 ρείούτοσὶ,
741 1365 1025 1433 Βασιλείῳ,
1055 1365 1135 1435 τῷ
1202 1365 1366 1418 πάλαι
1417 1368 1512 1433 μὲν
1570 1364 1806 1435 διακόνῳ
1861 1364 1968 1417 ὑπὸ

389 1458 655 1514 Μελετίου
682 1458 1059 1527 γεγενημένῳ,
1087 1461 1144 1521 ἐς
1173 1456 1402 1526 ὕστερον
1433 1457 1490 1511 δὲ
1529 1458 1629 1526 τῆς
1671 1459 1971 1511 Καππαδο-

390 1554 503 1605 κῶν
536 1550 876 1620 Καισαρείας
905 1550 1270 1621 ὴγησαμὲνῳ.
1313 1551 1378 1602 '0
1437 1551 1791 1603 παντάπασιν
1828 1553 1967 1603 ἁπο-

388 1644 652 1713 τρέπεται
684 1641 913 1712 Συμεὼν
961 1645 989 1695 ὁ
1033 1644 1127 1695 τλν
1190 1642 1304 1713 βίον
1358 1642 1819 1711 συγγραψάμενος
1873 1642 1969 1696 τοῦ

391 1734 540 1806 ἱεροῦ
573 1735 965 1806 Χρυσοστόμου
998 1750 1011 1765 ⁸
1048 1734 1106 1797 ὃς
1129 1734 1192 1804 δὴ
1225 1735 1320 1787 καὶ
1355 1734 1460 1787 ὑπὸ
1492 1733 1791 1787 Φλαόιανοῠ
1822 1736 1971 1802 γενέ-

390 1834 513 1883 σθαι
559 1829 931 1899 πρεσϐύτερον
974 1829 1177 1898 ἱστορεῖ
1225 1826 1627 1880 καὶνκδιάκονον
1661 1842 1677 1858 ο
1720 1827 1809 1880 ὅτε
1877 1831 1970 1879 καὶ

389 1922 723 1995 περιστερὰν
775 1919 928 1975 θείαν
958 1921 1412 1972 ἐπικαταπτᾶσαν
1466 1922 1533 1989 τῇ
1582 1919 1792 1972 ἐκείνου
1848 1920 1970 1990 ἱερᾷ

389 2014 603 2081 κορυφῇ
666 2011 942 2079 ἔφιζῆσαι.
1001 2010 1302 2079 Σωκράτης
1368 2009 1464 2073 δὲ,
1521 2009 1627 2063 ὑπὸ
1696 2011 1968 2080 Εὑαγρίου

387 2102 578 2155 τοῦτον
606 2100 757 2167 λέγει
795 2099 891 2153 τοῦ
945 2099 1375 2170 πρεσϐυτερείου
1417 2099 1720 2168 ἀξιωθῆναι
1758 2116 1771 2130 ·
1832 2102 1971 2170 μετὰ

388 2198 494 2266 γάρ
532 2194 789 2266 τελευτὴν
823 2194 1089 2250 Μελετὶου
1123 2196 1480 2265 ἀναχωρῆσαι
1526 2195 1627 2264 μὲν
1675 2196 1786 2249 τῶν
1828 2196 1970 2250 ὲκεί-

389 2305 481 2339 νου
512 2287 603 2340 τὸν
648 2288 905 2356 Ἰωάννην
948 2288 1160 2356 φησίν*
1198 2287 1274 2341 ἰν
1324 2287 1527 2358 ἡσυχίᾳ
1577 2288 1621 2340 δ’
1670 2288 1762 2340 ἐπὶ
1820 2291 1970 2360 τρεῖς

387 2382 594 2448 διάγειν
622 2379 930 2446 ἐνιαυτοὺς,
965 2380 1103 2450 μήτε
1155 2380 1267 2443 τοῖς
1321 2380 1592 2451 Μελετίῳ,
1658 2382 1799 2451 μήτε
1858 2384 1970 2448 τοῖς

392 2472 644 2543 Παυλίνῳ
667 2473 1090 2543 προσκειμένοις
1139 2473 1613 2542 συγκοινωνοῦντα
1644 2489 1661 2506 ⁸
1696 2476 1755 2537 ὲς
1818 2472 1973 2528 ὔστε-

396 2584 487 2637 ρον
508 2568 562 2620 δὲ
626 2567 731 2620 ὑπὸ
791 2567 1083 2637 Εὐαγρὶου,
1136 2567 1196 2630 ὃς
1254 2566 1347 2621 τοῦ
1405 2567 1671 2620 Παυλὶνου
1726 2567 1973 2637 διάδοχος

393 2661 735 2729 ἐχρημάτισε
766 2700 781 2725 ,
826 2658 925 2729 τὴν
979 2660 1284 2730 ἱερωσύνην
1330 2659 1538 2713 λαϐεῖν.
1603 2658 1694 2712 Ἐν
1745 2658 1824 2730 τῷ
1875 2658 1972 2713 τοῦ

394 2751 742 2821 ἀναγνώστου
798 2755 984 2808 τοίνυν
1031 2753 1229 2824 βαθμῷ
1276 2751 1602 2817 καθεστὼς,
1647 2752 1776 2816 τοὺς
1830 2750 1973 2806 κατὰ

405 2844 677 2899 Ἰουδαίων
698 2843 889 2912 λόγους
928 2845 1233 2899 συντάττει.
1267 2845 1525 2897 Διακόνου
1558 2845 1615 2897 δὲ
1634 2844 1972 2914 χειροτονίαν

392 2935 709 3005 δεξάμενος,
735 2937 864 3000 τοὺς
895 2936 1024 3007 περὶ
1054 2934 1359 3006 ἱερωσύνης
1423 2935 1520 2989 καὶ
1562 2935 1695 3006 πρὸς
1744 2934 1975 3002 Σταγείο

401 3046 533 3096 ριον,
563 3029 646 3083 ἔτι
668 3029 724 3082 δὲ
746 3028 985 3091 καὶτοὺς
1014 3029 1152 3098 Περὶ
1184 3029 1617 3095 ἀκαταλήπτου
1641 3030 1969 3099 συγγράφει,

2067 540 2457 596 Alexandriam
2500 543 2763 613 profugit.
2803 543 3041 599 Proinde
3079 545 3229 613 quod
3259 546 3412 601 illum
3454 546 3651 603 fidissi-

2067 648 2217 686 mum
2250 635 2352 689 sibi
2403 637 2774 705 cognovisset,
2820 652 3054 706 pensare
3105 644 3221 691 tum
3274 640 3422 707 quod
3460 656 3559 710 pro
3591 659 3650 695 se
3726 686 3744 703 .

2067 723 2281 780 adierat
2314 727 2619 794 periculum
2644 769 2658 791 ,
2694 729 2870 798 gratia
2908 728 3089 796 aliqua
3128 728 3408 798 cogitabat
3438 733 3650 785 studio-

2067 830 2175 886 que
2204 824 2356 870 tanto
2391 832 2490 885 pro
2519 833 2586 872 eo
2617 818 2921 873 laborabat.
2954 820 3121 890 35,9
3146 819 3275 875 Sive
3307 834 3491 877 autem
3521 837 3643 876 eam

2068 906 2141 961 ob
2169 922 2415 973 causam,
2464 917 2524 961 ut
2570 908 2795 972 dicitur,
2832 910 2937 965 hoc
2974 910 3188 975 fecerit,
3229 927 3327 966 seu
3362 913 3508 981 quod
3553 914 3643 967 Dt-i

2069 1008 2346 1051 amantem
2391 1000 2569 1055 virum
2623 999 2687 1052 ad
2739 1002 3116 1070 episcopatum
3164 1014 3415 1058 evectum
3465 1005 3644 1057 Timo-

2068 1088 2258 1158 philus
2286 1088 2539 1148 voluerit,
2570 1099 2852 1157 postremo
2882 1104 2934 1143 et
2961 1091 3081 1161 ipse
3111 1093 3445 1148 ordinationi
3478 1094 3643 1148 Joan—

2071 1178 2157 1232 nis
2222 1178 2491 1233 calculum
2547 1180 2782 1248 adjecit,
2848 1185 3291 1252 sententiamque
3344 1185 3647 1253 imperialis

2069 1270 2207 1324 aulre
2246 1270 2606 1338 approbavit,
2640 1287 2761 1339 qum
2795 1273 3201 1328 ordinationem
3227 1275 3459 1330 Jonnnis
3489 1278 3643 1331 obti-

2071 1377 2205 1414 nere
2239 1362 2530 1415 manifeste
2561 1363 2794 1418 studuit.
2829 1364 3110 1418 Metuebat
3151 1382 3282 1419 vero
3313 1367 3643 1435 Eutropium

2072 1453 2457 1522 praepositum.
2506 1454 2598 1522 qtti
2637 1454 2991 1522 imperatoris
3025 1456 3240 1512 aedibus
3287 1466 3341 1511 et
3390 1460 3647 1513 cubiculo

2074 1552 2188 1597 tum
2231 1544 2468 1613 praefuit.
2518 1546 2721 1614 Aperte
2750 1548 2898 1603 enim
2942 1548 2988 1602 is
3019 1548 3097 1603 illi
3145 1549 3515 1606 minabundus
3550 1552 3651 1607 de-

2073 1638 2389 1703 nuntiarat,
2434 1646 2494 1710 ut
2543 1638 2627 1691 vel
2660 1639 2782 1693 aliis
2827 1640 2943 1708 ipse
2981 1656 3203 1710 quoque
3233 1641 3497 1713 suffragio
3546 1658 3647 1699 SlIO

2077 1727 2452 1787 consentiret,
2508 1727 2589 1781 vel
2640 1742 2700 1781 se
2746 1729 2812 1782 ad
2860 1729 3150 1801 dicendam
3193 1747 3414 1787 causam
3457 1745 3647 1791 contra

2074 1826 2429 1873 accusatores
2459 1834 2592 1874 suos
2623 1830 2859 1888 pararet.
2894 1820 3048 1876 Multi
3077 1825 3224 1878 enim
3259 1835 3371 1878 tum
3410 1826 3484 1880 ibi
3517 1829 3648 1881 ade-

2073 1918 2220 1973 rant,
2248 1910 2341 1977 qui
2370 1925 2435 1964 ex
2465 1909 2793 1965 Alexandria
2823 1923 3110 1979 venerant,
3139 1915 3354 1971 libellos
3379 1917 3647 1972 adversus

2073 2014 2224 2075 c_um,
2255 2002 2347 2070 qui
2373 2002 2550 2056 coacti
2585 2000 2833 2067 fuerant,
2870 2005 3148 2075 episcopis
3178 2008 3513 2063 offerentes:
3548 2011 3643 2064 alii

2072 2066 2179 2146 aiia
2224 2093 2457 2147 crimina
2483 2093 2536 2147 ei
2581 2094 2905 2163 objicientes
2928 2139 2941 2161 ,
2975 2106 3030 2151 et
3061 2099 3275 2154 divinas
3309 2102 3648 2157 ecclesiasti-

2072 2196 2275 2253 easque
2300 2183 2448 2255 leges
2495 2200 2625 2241 eum
2671 2187 2904 2244 violasse
2947 2201 3295 2248 accusantes.
3340 2192 3466 2251 Haec
3514 2209 3647 2251 vero

2072 2275 2415 2346 Theophilus
2447 2277 2648 2336 timens
2668 2318 2685 2344 ,
2716 2295 2827 2335 non
2867 2281 3046 2337 solum
3075 2282 3273 2339 Joanni
3310 2285 3645 2357 suffragatus

2072 2379 2178 2435 est,
2212 2370 2307 2425 sed
2356 2371 2613 2426 eumdem
2656 2372 2822 2428 etiam
2871 2389 2970 2444 per
2997 2391 3196 2431 manus
3240 2378 3646 2444 impositioncm

2073 2453 2450 2518 consecravit:
2490 2462 2777 2520 Lectorem
2821 2480 2985 2533 eum,
3030 2469 3498 2537 quemadmodum
3549 2471 3649 2528 So-

2073 2564 2254 2610 crates
2305 2556 2712 2613 ecclesiasticus
2764 2559 3005 2629 scriptor
3033 2560 3190 2623 dicit,
3240 2554 3448 2618 creavit
3497 2564 3649 2619 Zeno

2073 2644 2232 2702 Gazae
2262 2649 2378 2702 sive
2412 2648 2662 2718 Majumae
2687 2649 3000 2721 episcopus,
3036 2652 3432 2727 Hierosolymis
3464 2672 3653 2713 rever-

2070 2748 2218 2794 tens.
2260 2738 2412 2795 Vixit
2435 2741 2514 2809 tl)
2550 2750 2736 2797 autem
2770 2750 2884 2798 tum
2915 2743 3158 2809 diutius,
3191 2747 3353 2802 sicuti
3384 2747 3529 2803 idem
3565 2758 3651 2804 te-

2073 2836 2286 2891 atatur,
2317 2844 2441 2884 cum
2474 2830 2709 2899 Basilio;
2740 2833 2837 2903 qui
2880 2833 3090 2890 dudum
3118 2837 3340 2906 quidem
3367 2853 3397 2892 a
3431 2839 3651 2895 Meletto

2076 2919 2132 2974 in
2158 2920 2518 2977 diaconorum
2550 2924 2800 2978 ordinem
2832 2926 3010 2981 lectus
3058 2926 3260 2993 fuerat,
3290 2939 3480 2998 postea
3514 2946 3649 2985 vero

2074 3012 2320 3067 ecclesiae
2383 3012 2706 3069 Ca'sariensi
2775 3015 2921 3086 apud
2990 3018 3346 3088 Cappadoces
3405 3022 3646 3090 praefuit.

389 3123 491 3174 οιαὶ
547 3123 675 3184 τοὺς
725 3120 870 3189 Περὶ
922 3119 1041 3174 τῶν
1092 3119 1516 3175 συνεισάκτων
1557 3118 1879 3189 Ἰερωσύνης
1931 3120 1971 3173 δ’

2078 3101 2232 3168 Quod
2265 3108 2490 3160 omnino
2545 3107 2721 3177 rejicit
2770 3108 3029 3179 Symeon,
3076 3113 3168 3178 qui
3215 3115 3359 3168 sacri
3408 3115 3648 3186 Chryso-

397 3213 673 3278 ἀξιωθεὶς,
728 3216 830 3274 τὰς
886 3212 1000 3265 τῶν
1053 3210 1215 3266 θείων
1262 3211 1610 3280 Εὑαγγελίων
1661 3211 1972 3281 ἐξηγήσεις,

399 3308 524 3369 τούς
539 3324 598 3359 τε
640 3304 1054 3374 Ἀνδριὰντας,
1082 3305 1179 3358 καὶ
1216 3305 1316 3376 τὴν
1341 3304 1750 3373 Παραμυθιάν,
1776 3304 1869 3355 καὶ
1907 3302 1974 3356 τὰ

395 3400 475 3460 εἰς
504 3398 600 3451 τὸν
637 3396 950 3465 Ψαλτῆρα,
977 3398 1073 3450 καὶ
1128 3396 1256 3458 τοὺς
1301 3396 1443 3464 Περὶ
1494 3394 1821 3463 παρθενίας
1872 3393 1975 3447 καί

394 3490 842 3558 ἐλεημοσύνης,
898 3488 993 3541 καὶ
1045 3487 1239 3551 ἄλλους
1268 3488 1528 3561 ἀπείρους
1570 3484 1838 3556 ἐκτίθησι.
1868 3487 1975 3539 Τὸν

392 3581 448 3635 δὲ
473 3582 614 3634 θεῖον
646 3581 995 3645 Ἀπόστολον,
1050 3583 1143 3633 καὶ
1195 3579 1365 3634 αὐτοῦ
1424 3580 1636 3634 ἐκείνου
1694 3580 1976 3649 μυστικῶς

392 3666 712 3737 ὁμιλοῦντος
744 3669 1049 3720 συντάττει.
1094 3662 1258 3719 Ἀλλὰ
1295 3665 1361 3735 δὴ
1386 3665 1482 3718 καὶ
1511 3666 1609 3728 τὰς
1643 3665 1793 3736 ἱεράς
1828 3665 1976 3735 Πρά-

398 3756 532 3821 ξεις,
563 3757 660 3809 καὶ
677 3754 812 3810 ἄλλα
835 3756 933 3809 σὺν
960 3753 1175 3817 τούτοις
1242 3753 1493 3819 πλεῖστα,
1526 3753 1725 3823 ἑορτάς
1773 3770 1834 3806 τε
1881 3754 1977 3807 καὶ

396 3845 737 3918 πανηγύρεις
768 3845 1062 3916 διαφόρους
1096 3845 1403 3916 σεμνύνων,
1438 3847 1495 3897 ἐν
1524 3848 1590 3915 τῇ
1626 3844 1975 3915 ἀρχιερωσύ-

394 3953 462 4009 νῃ
494 3937 664 3990 τελῶν
725 3936 868 3991 κατὰ
914 3936 1014 4007 τὴν
1064 3934 1661 3989 Κωνσταντινούπολιν.
1715 3934 1876 4004 Ἐμοὶ
1931 3933 1976 3988 δ’

395 4028 641 4097 ἐντυχεῖν
673 4026 852 4095 λόγοις
880 4027 976 4081 καὶ
1000 4027 1138 4097 ὑπὲρ
1164 4026 1371 4096 χιλίους
1392 4026 1609 4094 ἐγένετο
1637 4022 1746 4078 τοῦ·
1762 4024 1974 4094 ἀνδρὸς,

396 4120 680 4190 ἀμύθητον
730 4114 842 4174 οἷον
876 4119 976 4188 τὴν
1029 4119 1225 4190 ἡδονὴν
1266 4116 1679 4183 ἀποστάζοντας
1705 4133 1721 4149 ⁶
1782 4117 1976 4170 τούτου

397 4214 507 4283 γὰρ
543 4213 605 4265 ὲκ
660 4212 781 4264 νέου
827 4210 975 4281 μάλα
1013 4211 1113 4265 καὶ
1176 4210 1607 4280 προσετετήκειν
1640 4208 1718 4279 τῷ
1775 4208 1974 4279 Ερωτιο

397 4319 489 4355 και
511 4301 587 4367 ὡς
625 4301 761 4356 Θεοῦ
790 4303 996 4372 φωναῖς
1023 4301 1142 4364 ταῖς
1174 4300 1389 4354 ἐκείνου
1421 4299 1842 4369 ὲνεκαρτέρουν.
1867 4298 1978 4351 Καὶ

397 4395 452 4446 εί
476 4410 529 4445 τι
550 4392 606 4446 δέ
640 4409 734 4463 μοι
765 4392 1068 4463 περίεστιν,
1114 4391 1326 4444 ἐκεῖθεν
1362 4390 1469 4461 ἔχω
1498 4389 1700 4443 λαϐὼν.
1737 4388 1976 4452 Πολλοὺς

378 4484 452 4537 νδὲ
490 4482 721 4539 καὶτῶν
774 4485 902 4551 ἐμοὶ
936 4481 1250 4553 φοιτώντων
1311 4483 1530 4551 ἔπεισα,
1569 4480 1728 4534 πάντ’
1766 4479 1976 4549 ἀφεμέ-

397 4593 523 4639 νους
561 4576 713 4646 αύτῷ
732 4576 1102 4647 προσχωρεῖν.
1146 4562 1290 4639 Ἀλλ’
1336 4573 1431 4629 ἐπὶ
1487 4573 1549 4627 τὸ
1609 4571 1973 4642 προκείμενον

397 4669 802 4738 ἐπανέλθωμεν.

397 4767 526 4835 psit.
558 4764 723 4835 350
744 4761 1059 4834 Presbyteri
1084 4776 1213 4816 vero
1248 4763 1461 4816 honore
1487 4760 1894 4827 colioneslatus,
1921 4763 2296 4832 expositiones
2325 4763 2699 4820 divininornm
2735 4767 3180 4837 Evangeliorum,
3203 4770 3570 4842 ‘A~.69ta’w-w.;,
3605 4776 3661 4829 id
3757 4748 3765 4755 ⁸

2078 3197 2237 3251 stomi
2287 3197 2449 3251 vitam
2499 3201 2870 3270 conscripsit;
2904 3218 3028 3257 nam
3071 3205 3114 3258 is
3157 3221 3185 3259 a
3222 3206 3647 3263 Flavianoeum

2076 3297 2133 3343 et
2165 3289 2453 3344 diaconum
2502 3302 2559 3347 et
2607 3296 2988 3365 presbyterum
3037 3308 3283 3351 creatum
3332 3314 3491 3367 esse,
3535 3316 3651 3355 me-

2078 3376 2265 3431 moriae
2308 3379 2583 3446 prodidit:
2629 3397 2740 3450 quo
2782 3395 3027 3454 tempore
3068 3388 3233 3440 etiam
3275 3387 3515 3443 divinam
3558 3406 3659 3445 cod

2078 3469 2321 3524 lumbam
2359 3471 2709 3528 advolantem
2737 3514 2752 3538 ,
2800 3490 2962 3531 sacro
2999 3478 3119 3546 ejus
3163 3480 3329 3549 capiti
3382 3482 3651 3539 insedisse

2077 3570 2367 3615 memorat.
2401 3562 2658 3620 Socrates
2686 3576 2872 3622 autem
2903 3568 2973 3622 ab
3001 3568 3237 3639 Evagrio
3267 3589 3390 3627 eum
3422 3576 3651 3647 presby-

2078 3651 2182 3706 teri
2214 3652 2484 3723 dignitate
2513 3666 2737 3712 auctum
2766 3673 2891 3715 esse
2918 3660 3072 3716 dicit.
3109 3661 3240 3718 Post
3272 3664 3473 3721 Meletii
3501 3668 3649 3721 enim

2078 3743 2289 3798 obitum
2323 3749 2617 3802 secessisse
2653 3763 2683 3800 a
2719 3747 3029 3806 Meletianis
3061 3751 3354 3818 Joannem,
3385 3764 3441 3808 et
3477 3755 3654 3810 trien-

2078 3836 2231 3892 nium
2262 3837 2366 3893 sibi
2404 3840 2509 3908 ipsi
2561 3840 2752 3909 quiete
2792 3843 2864 3896 ita
2901 3844 3141 3910 vixisse,
3192 3856 3253 3901 ut
3302 3863 3482 3918 neque
3527 3864 3655 3903 cum

2078 3928 2316 3996 Meletii,
2362 3946 2540 4001 neque
2572 3948 2697 3987 cum
2732 3934 2947 3990 Paulini
2992 3938 3361 3994 sectatoribus
3404 3955 3655 3995 commu-

2079 4022 2301 4078 nionem
2335 4023 2593 4079 coleret:
2639 4036 2828 4094 postea
2880 4043 3011 4082 vero
3049 4029 3119 4083 ab
3162 4029 3393 4100 Evagrio
3436 4032 3656 4087 Paulini

2078 4129 2395 4169 successore
2421 4117 2804 4186 presbyterum
2835 4129 3082 4174 creatum
3114 4136 3256 4189 esse,
3292 4122 3484 4178 refert.
3513 4124 3651 4179 Cum

2080 4205 2136 4260 in
2169 4206 2438 4261 lectorum
2485 4208 2681 4263 ordine
2728 4211 3082 4279 consisteret,
3129 4215 3413 4271 orationes
3459 4229 3656 4273 cantra

2077 4298 2296 4355 Judaios
2343 4303 2679 4370 composuit.
2724 4303 2997 4359 Diaconus
3047 4317 3233 4362 autem
3286 4310 3495 4373 factus,
3532 4311 3656 4363 diaa

2079 4390 2233 4461 logos
2259 4391 2326 4446 dc
2351 4393 2648 4461 episcopali
2677 4410 2925 4458 munere,
2954 4405 3011 4451 et
3034 4397 3210 4452 libros
3238 4400 3304 4453 ad
3334 4399 3657 4470 Stagirium,

2080 4485 2212 4540 item
2246 4485 2384 4540 alios
2414 4485 2482 4540 de
2531 4486 3115 4556 incomprehensibili,
3152 4500 3208 4545 et
3255 4493 3393 4547 alios
3439 4509 3661 4549 rursum

2081 4573 2213 4642 περὶ
2246 4574 2356 4626 τῶν
2382 4575 2755 4629 συνεισάκτων
2787 4577 2893 4647 (‘2).
2952 4579 3057 4633 hoc
3085 4591 3189 4647 est,
3220 4581 3289 4636 de
3320 4584 3514 4651 puellis
3547 4602 3663 4638 non

2078 4667 2419 4722 matrimonii
2454 4685 2633 4738 neque
2667 4669 2918 4724 libidinis
2953 4688 3115 4727 causa
3155 4674 3456 4742 adOpta-tis.
3521 4678 3665 4732 scrE-r

396 4871 502 4927 est,
534 4860 1256 4927 Statuaa,Comolationem,
1278 4859 1701 4913 Commentarios
1761 4861 1818 4914 in
1881 4859 2231 4927 Psalterium,
2304 4861 2384 4915 De
2444 4863 2791 4932 uirginitate,
2840 4864 2915 4919 De
2963 4868 3365 4933 misericordia,
3397 4878 3453 4925 et
3489 4873 3661 4940 pluri-

399 4973 516 5011 mos
539 4957 676 5011 alios
718 4956 888 5010 libros
921 4954 1115 5009 edidit.
1156 4952 1422 5007 Homilias
1457 4968 1589 5007 vero
1655 4953 1916 5023 mysticas
1982 4953 2038 5007 in
2079 4953 2329 5009 divinum
2380 4956 2743 5026 Apostolum,
2795 4968 2852 5014 et
2903 4959 2958 5014 in
3010 4976 3167 5015 sacra
3219 4962 3388 5025 Acta,
3444 4964 3667 5034 aliaque

398 5057 660 5120 praeterea
698 5047 964 5118 plurima.
998 5046 1165 5102 festos
1198 5046 1316 5101 dies
1349 5055 1405 5100 et
1437 5054 1746 5100 conventus
1782 5044 2187 5102 ecclesiasticos
2223 5049 2405 5104 varios
2459 5049 2764 5117 celebrans,
2804 5052 3281 5124 Constantinopoli
3349 5056 3403 5110 in
3445 5059 3663 5125 epist-i-

399 5150 527 5212 patu
555 5141 826 5196 condidit.
850 5138 963 5210 Ego
994 5154 1125 5193 vero
1155 5154 1320 5207 supra
1348 5140 1494 5193 mille
1519 5137 1639 5208 ejus
1697 5137 1800 5192 viri
1869 5138 2289 5196 lucubrationes
2347 5142 2474 5213 legi,
2506 5142 2772 5198 ineffabili
2842 5146 3077 5216 quadam
3108 5153 3379 5204 suavitate
3403 5148 3657 5204 dilitucu-

397 5247 500 5291 tes.
552 5237 671 5292 Jam
723 5236 873 5291 enim
907 5235 1035 5290 inde
1115 5233 1184 5289 ab
1228 5234 1600 5289 adolescentia
1649 5248 1837 5289 amore
1888 5232 2009 5305 ejus
2054 5235 2317 5305 ﬂagravi,
2368 5247 2534 5309 atque
2582 5240 2640 5294 in
2709 5240 2858 5296 illius
2891 5241 3117 5311 perinde
3153 5250 3317 5312 atque
3360 5242 3456 5294 Dei
3491 5242 3668 5310 ipsius

397 5334 626 5389 vocibus
666 5332 943 5402 acquievi.
994 5332 1174 5401 Atque
1211 5331 1254 5386 si
1317 5330 1450 5401 quid
1496 5329 1628 5384 mihi
1680 5338 1765 5386 est
1809 5330 2160 5396 eruditionis,
2236 5334 2291 5388 id
2357 5335 2408 5390 ei
2480 5346 2765 5407 acceptum
2800 5337 2940 5392 fero.
2975 5338 3161 5394 Multis
3185 5338 3350 5393 etiam
3380 5353 3445 5392 ex
3485 5346 3665 5390 secta:

400 5427 613 5483 toribus
654 5426 792 5481 meis
826 5426 1103 5495 persuasi,
1150 5436 1209 5480 ut
1247 5426 1503 5480 omnibus
1535 5424 1783 5491 relictis,
1850 5425 2005 5480 illum
2047 5427 2150 5482 sibi

400 5522 711 5578 institutum
740 5526 1103 5574 revertamur.

469 5704 543 5774 (Ι)
578 5701 733 5757 Socr.
763 5702 874 5774 lib._
898 5716 969 5763 Vl,
1008 5715 1132 5774 cap.
1168 5701 1239 5774 >3.

2223 5428 2550 5485 familiarem
2601 5431 2866 5487 facerent.
2914 5432 3115 5488 Verum
3164 5431 3230 5485 ad
3274 5439 3668 5500 argumentum

472 5770 549 5846 (2)
577 5772 1023 5831 Subintroducta:
1051 5772 1133 5825 ita:
1165 5772 1220 5824 in
1248 5770 1576 5842 sationibus,
1609 5784 1879 5829 cxtrancm
1936 5774 1987 5827 in
2028 5771 2244 5843 legibus
2273 5773 2557 5827 dicuntur.
