4044 6444
454 309 557 372 943

1684 296 2100 364 ΝῘΟΕΡΠΟΠΙ
2145 299 2493 365 CALLiSTl

3611 300 3717 363 ιιι

450 435 605 478 erant
642 438 693 478 et
727 426 789 477 ad
842 425 988 478 hunc
1040 422 1262 476 modum
1322 421 1502 474 statim
1560 421 1824 473 adversus
1879 413 2028 472 illam
2073 420 2318 489 plerique
2363 421 2564 474 malum
2627 420 3029 489 parturiebant.
3063 417 3350 485 Quomodo
3374 418 3519 473 enim
3543 421 3717 472 virum

453 533 663 577 lautum
695 539 888 594 rapere
923 521 1160 576 mundus
1192 528 1394 589 posset.
1428 519 1519 586 qui
1551 517 1650 570 soli
1701 517 1812 571 Deo
1865 517 2113 570 viveret:
2183 532 2359 585 neque
2427 516 2577 571 aliud
2647 516 2974 587 quidquam,
3032 530 3197 587 quam
3229 514 3401 571 solum
3432 513 3716 570 hominum

451 618 682 673 salutem
721 618 903 672 verbis
932 627 986 670 et
1023 613 1184 668 factis
1239 610 1565 667 lucrifacere
1625 608 2032 664 etintenderet?
2071 608 2178 663 Sed
2211 625 2300 664 res
2360 610 2480 681 eius
2515 621 2704 679 postea
2737 625 3158 681 persequemur:

954 731 1120 804 35!.
1137 730 1365 787 CAPUT
1399 731 1461 786 v.

447 830 546 884 lies
565 829 741 885 Gozthi
771 828 958 884 Cainte
984 825 1216 878 Barbari
1248 837 1266 875 .'
1315 833 1364 876 et
1397 823 1459 875 de
1510 821 1752 875 libertate
1785 820 2023 887 dicendi,

517 917 620 983 qua
677 916 771 983 pro
806 896 1036 979 ecclesiis
1072 904 1120 948 ct
1164 899 1305 983 apud
1367 894 1743 961 imperatorem
1794 902 1840 945 ct
1882 892 2027 963 apud

513 960 687 1041 ipsum
723 960 969 1023 Gainam'
993 981 1120 1018 usus
1159 960 1233 1017 est
1266 960 1524 1016 Joannes.

514 1080 703 1140 Oratio
761 1091 943 1136 autem
987 1079 1175 1135 Gainac
1209 1094 1299 1132 res
1336 1077 1539 1132 referre
1578 1075 1777 1144 cupide
1814 1076 2022 1147 gestit:

441 1179 569 1248 quis
602 1174 789 1242 fuerit,
831 1171 974 1227 unde
1008 1171 1060 1225 in
1101 1169 1402 1223 Ruinanum
1439 1168 1731 1238 imperium
1764 1183 2028 1238 pervenc-

444 1270 545 1334 rit,
571 1266 851 1338 quomodo
872 1263 1071 1319 Joanni
1100 1262 1381 1330 negotium
1426 1258 1729 1323 facesserit,
1756 1268 1816 1313 ut
1846 1270 2025 1313 motus

440 1371 634 1414 contra
666 1354 958 1424 imperium
995 1352 1306 1412 concitans,
1369 1363 1476 1418 quo
1529 1364 1760 1417 magnus
1790 1349 1881 1403 ille
1938 1349 2026 1404 vir

440 1451 715 1520 legatione
743 1446 885 1516 apud
912 1460 1036 1498 eum
1065 1439 1669 1512 fungeretur-,eﬂ‘cctwit
1690 1458 1703 1492 :
1722 1450 1777 1493 ct
1802 1440 2021 1494 tandem

442 1560 472 1597 c
516 1539 695 1594 medio
729 1537 998 1597 sublatus,
1038 1535 1331 1589 interierit.
1389 1532 1503 1587 Sub
1564 1546 1673 1602 quo
1734 1547 1820 1586 res
1852 1533 2022 1586 etiam

414 1649 583 1687 'uova
617 1645 844 1702 prorsus
874 1627 1093 1691 accidit,
1124 1644 1222 1697 per
1256 1641 1418 1696 quam
1452 1625 1597 1679 Deus
1626 1623 1869 1679 ostendit
1892 1640 2023 1694 pro-

443 1724 682 1780 videntia
703 1731 757 1778 ct
787 1737 890 1792 ope
930 1737 1026 1777 sua
1090 1719 1280 1773 urbem
1335 1719 1694 1787 imperantem
1748 1729 1805 1770 et
1847 1717 2019 1785 impe-

441 1817 584 1867 rium
618 1814 921 1867 Romanum
955 1808 1206 1863 maximis
1234 1822 1358 1861 esse
1388 1803 1651 1875 periculis
1703 1806 2020 1862 liberatum.

442 1907 643 1962 Gainas
681 1904 781 1959 iste
814 1904 1079 1957 barbarus
1114 1916 1314 1970 genere
1346 1900 1469 1963 luit,
1537 1915 1603 1953 ex
1642 1897 1880 1971 Scythis,
1928 1898 2020 1967 qui

440 2003 503 2054 ad
538 2001 732 2054 lstrum
774 2000 986 2060 colunt,
1030 2005 1205 2049 ortus.
1244 1995 1307 2049 lli
1378 2010 1507 2048 vero
1561 2009 1723 2048 amne
1773 2008 1863 2058 eo,
1897 2008 2020 2047 cum

2759 728 2803 781 Κ
2816 725 3011 782 ΕΦᾹΛ.
3054 724 3131 782 E'.

2140 821 2216 874 Τὰ
2248 821 2400 875 κατὰ
2420 826 2528 875 τὸν
2550 821 2864 889 βάρϐαρον
2890 822 3122 874 Γότθον
3152 822 3185 873 Ι
3189 819 3388 889 ἀῑνᾶκ
3408 835 3424 852 ο
3450 819 3547 872 καὶ
3580 819 3713 887 περί

2202 890 2315 956 τῆς
2359 888 2643 945 Ἰωάννου
2674 888 2827 957 πρὸς
2863 891 2969 943 τὸν
2989 889 3263 952 ,βασιλέα
3294 888 3395 943 καὶ
3423 889 3575 958 πρὸς
3606 891 3716 943 αὺ-

2202 965 2311 1014 τιλν
2334 962 2673 1030 παρρησίας
2709 961 2807 1014 διὰ
2830 959 2940 1028 τῆς
2967 960 3331 1027 ἐκκλησίας.

2214 1075 2387 1145 Ὀργᾷ
2406 1074 2463 1129 δὲ
2485 1075 2616 1145 ἡμῖν
2643 1074 2671 1127 ὁ
2696 1073 2855 1143 λόγος
2882 1075 2951 1127 τά
3006 1074 3150 1128 κατὰ
3194 1073 3286 1126 τὸν
3332 1073 3532 1127 Γαῖνᾶν
3576 1072 3714 1126 διελο

2131 1166 2267 1232 θεῖν,
2296 1167 2376 1231 τίς
2403 1184 2463 1219 τε
2489 1166 2565 1220 ὢν
2604 1166 2700 1220 καὶ
2737 1166 2927 1233 πόθεν,
2954 1168 3036 1231 είς
3068 1164 3138 1220 τά
3174 1163 3467 1233 Ῥωμαίων
3493 1162 3713 1234 sicilia.-

2131 1277 2213 1323 σε,
2267 1260 2363 1313 καὶ
2398 1259 2473 1325 ὡς
2503 1260 2812 1331 πράγματα
2874 1260 3135 1329 παρεῖχεν
3185 1256 3449 1328 Ἰωάννῃο
3511 1258 3605 1309 καὶ
3632 1256 3710 1318 ὡς

2129 1353 2446 1415 ἐπαναστάς
2479 1355 2547 1422 τῇ
2583 1352 2749 1423 ἀρχῇ,
2796 1348 3124 1422 πρεσϐεύειν
3153 1349 3229 1412 ὡς
3265 1350 3474 1402 ἐκεῖνον
3495 1348 3586 1402 τδν
3615 1348 3709 1417 μέ-

2127 1461 2231 1513 γαν
2256 1436 2713 1515 παρεσκευάσατο
2734 1459 2749 1474 ·
2776 1445 2870 1498 καὶ
2894 1443 3050 1505 τέλος
3076 1440 3154 1505 ὡς
3173 1439 3442 1510 διεφθάρη
3477 1440 3708 1510 ἀφανείᾳ

2128 1538 2456 1611 παραδοθείς
2479 1555 2491 1569 ·
2526 1535 2612 1607 ἐφ’
2662 1534 2722 1590 οῦ
2754 1535 2847 1590 καὶ
2899 1531 3100 1604 πρᾶξις
3133 1532 3372 1603 πάμπαν
3424 1530 3705 1596 ξενίζουσα

2127 1632 2403 1701 διεγένετο
2430 1670 2445 1698 ,
2478 1629 2618 1685 Θεοῦ
2674 1627 3108 1701 παραδείξαντος
3135 1666 3151 1691 ,
3209 1625 3286 1689 ὡς
3334 1627 3456 1687 ταῖς
3494 1623 3701 1675 ἐκείνου

2129 1724 2410 1794 προνοίαις
2440 1741 2500 1777 τε
2542 1722 2662 1792 ἃμα
2692 1720 2787 1775 καὶ
2838 1719 3117 1790 βοηθείαις
3150 1717 3253 1787 τήν
3287 1731 3347 1768 τε
3391 1713 3703 1785 βασιλεύου-

2129 1829 2229 1866 σαν
2277 1813 2433 1866 πόλιν
2482 1814 2576 1867 καὶ
2617 1813 2687 1864 τὰ
2726 1810 3018 1870 Ῥωμαίων
3070 1808 3378 1878 πράγματα
3427 1804 3698 1875 μεγίστων

2128 1906 2391 1960 κινδύνων
2426 1905 2730 1975 ἐξήρπασε,
2765 1903 2805 1956 Γ
2806 1902 2967 1966 αἰνᾶς
3015 1895 3169 1964 οὗτος
3209 1898 3484 1969 βάρϐαρος
3516 1897 3615 1967 μὲν
3638 1895 3699 1947 τὸ

2125 2000 2283 2066 γένος
2307 1995 2394 2071 ἦν,
2422 2000 2487 2052 ὲκ
2517 1997 2625 2050 τῶι
2656 1997 2809 2069 παρὰ
2836 1995 2928 2049 τὸν
2957 1995 3176 2065 Ἵστρον
3198 1992 3422 2047 Σκυθῶν
3448 1989 3700 2061 ὁρμώμε-

439 2091 612 2159 glacie
668 2089 1002 2142 constrictus
1062 2085 1283 2147 luissrt,
1326 2085 1580 2145 transito,
1639 2083 1931 2138 confertim
1968 2084 2013 2137 in

2128 2108 2248 2155 νος·
2298 2091 2348 2144 οἳ
2403 2091 2651 2159 παγέντα
2702 2091 2793 2144 τὸν
2856 2088 3103 2156 ποταμδν
3140 2083 3692 2154 διαπεραιωσάμενοι,

442 2182 746 2234 Romanam
776 2179 1039 2233 ditionem
1090 2177 1432 2243 irruperunt,
1478 2182 1533 2229 et
1565 2173 1853 2230 Thraciam
1903 2186 2020 2227 om-

440 2289 563 2326 nem
594 2272 896 2341 pervagati,
930 2270 1202 2339 Europam
1229 2267 1603 2337 diripuerunt.
1672 2270 1741 2323 At
1792 2267 1884 2323 ille
1921 2267 2017 2322 ubi

442 2364 507 2418 ad
546 2365 823 2418 Romanos
868 2360 1181 2431 transfugit,
1250 2357 1512 2427 paulatim
1554 2371 1900 2429 progressus,
1949 2372 2021 2412 ex

441 2454 592 2508 tenui
625 2454 797 2507 milite
856 2453 1006 2508 brevi
1042 2453 1299 2521 mag’ster
1347 2450 1585 2504 militum
1643 2436 2016 2505 Romanorum

440 2548 640 2610 factus,
682 2546 1032 2615 equestribus
1060 2543 1521 2613 pedestribusque
1552 2541 1770 2611 pra-fuit
1820 2544 2016 2612 copiis.

440 2638 548 2694 Sed
578 2638 724 2693 enim
778 2639 845 2691 ad
899 2645 1109 2689 tantum
1174 2635 1441 2690 honorem
1473 2644 1667 2704 ιιι-αξιοι·
1697 2633 2015 2703 dignitatem

440 2736 595 2787 suam
623 2740 863 2794 evectus,
898 2731 1018 2783 loco
1041 2722 1099 2783 et’
1126 2728 1319 2782 ordine
1341 2742 1407 2781 eo
1439 2735 1735 2780 contentus
1758 2741 1868 2780 non
1889 2725 2012 2780 fuit:

439 2824 533 2878 sed
574 2824 679 2878 uisi
717 2824 1008 2892 imperium
1028 2821 1418 2879 Romanorum
1449 2819 1707 2888 potestati
1745 2835 1857 2873 sua:
1883 2821 2015 2873 sub-

432 2916 649 2983 ᾕρει-οη,
679 2930 896 2983 gravem
943 2927 1062 2967 eam
1129 2926 1247 2965 rem
1300 2910 1550 2966 sittics‘e
1603 2911 1837 2981 putavit.
1892 2910 2016 2965 ﬂare

437 3025 561 3062 eum
618 3010 802 3061 animo
829 3006 1084 3075 agitaret,
1141 3004 1434 3074 populares
1483 3019 1613 3059 suos
1663 3002 1896 3059 Gouhos
1947 3020 2015 3059 ex

434 3099 778 3170 praefecturis
814 3112 1004 3163 eorum
1051 3095 1267 3156 accivit.
1319 3103 1494 3170 atque
1529 3110 1595 3149 ex
1657 3095 1737 3148 eis
1764 3095 1859 3164 qui
1886 3109 2010 3149 eum

433 3206 638 3261 genere
675 3174 1083 3258 Contingerent,
1138 3187 1393 3241 ordinum
1424 3185 1704 3253 ductores,
1736 3188 2015 3243 centurio~

433 3302 531 3340 nes
582 3293 638 3339 et
695 3282 949 3337 tribunos
1001 3281 1152 3345 fecit,
1212 3280 1631 3348 exercitumque
1687 3281 2010 3336 universum

433 3386 601 3440 sociis
627 3384 744 3439 suis
777 3382 1036 3437 credidit.
1075 3378 1145 3434 L‘t
1173 3389 1357 3435 autem
1391 3378 1723 3450 Trigibildus
1756 3395 2012 3436 necessa»

436 3481 548 3531 rius
572 3487 630 3532 et
676 3474 998 3531 commodus
1028 3474 1079 3528 ei
1124 3474 1377 3534 maxime,
1413 3488 1676 3543 perquam
1733 3472 2010 3543 frequenti

429 3569 613 3623 ordini
673 3574 953 3637 praeesset.
1018 3567 1369 3635 procuravit;
1428 3565 1717 3636 eidemque
1762 3565 2008 3637 Phrygiae

433 3658 969 3713 administrationem
1012 3671 1136 3709 cum
1172 3655 1393 3711 comitis
1417 3655 1686 3726 dignitate
1707 3660 2007 3714 concessit.

432 3751 507 3805 De
531 3766 641 3820 quo
671 3765 779 3802 non
802 3750 875 3802 ita
924 3747 1102 3802 multo
1132 3759 1257 3816 post
1291 3763 1419 3803 cum
1472 3749 1783 3803 nuntiatum
1843 3758 2007 3816 esset,

431 3857 520 3896 res
548 3857 674 3895 eum
731 3854 899 3894 novas
931 3838 1138 3902 moliri,
1171 3838 1337 3894 urbes
1394 3840 1541 3895 circa
1590 3842 1883 3913 Phrygiam
1950 3853 2007 3899 ct

429 3932 708 3988 hacoliam
764 3929 840 4001 (l)
897 3941 1133 3996 vastare,
1195 3941 1251 3986 et
1284 3933 1487 3987 erdem
1535 3935 1757 3989 multam
1804 3936 2004 4003 facere,

433 4023 780 4083 asaimulavit
834 4025 1055 4095 quidem
1085 4024 1301 4081 scilicet
1334 4041 1479 4081 seca
1526 4026 1595 4083 de
1654 4044 1816 4084 causa
1868 4030 2011 4085 iudi-

433 4116 585 4187 gnari
615 4114 859 4170 Gainas:
888 4114 1113 4169 iudiciis
1158 4126 1340 4169 autem
1393 4117 1721 4186 quibusdam
1747 4121 1882 4174 satis
1917 4136 2009 4175 os-

437 4205 631 4269 tendit,
664 4204 730 4258 ad
765 4221 853 4260 res
884 4220 1053 4261 novas
1088 4221 1214 4260 eum
1247 4223 1468 4278 quoque
1531 4221 1801 4279 Spectare.
1839 4211 2010 4268 lllicet

437 4301 547 4364 tlte,
578 4297 805 4368 perinde
826 4306 993 4366 atque
1027 4298 1290 4351 Romanis
1344 4298 1484 4353 bene
1515 4300 1700 4363 vellet,
1757 4300 2007 4357 fraudem

431 4401 551 4446 arte
584 4390 1051 4453 comminiscitur,
1098 4399 1158 4443 ut
1205 4390 1323 4461 ipse
1355 4391 1557 4445 bellum
1606 4405 1797 4446 contra
1856 4393 2007 4448 illum

430 4483 734 4551 gerendum
754 4483 1042 4553 suscipiat,
1071 4492 1128 4535 ct
1157 4481 1388 4537 urbibus
1418 4498 1566 4537 c.rca
1588 4483 1901 4554 Phrygiam,
1935 4488 2008 4540 ita

434 4585 654 4645 utopus
715 4585 886 4639 esset,
925 4573 1187 4628 auxilium
1213 4574 1372 4628 ferat.
1409 4574 1477 4628 Et
1522 4576 1821 4644 imperator
1853 4590 2007 4631 com-

434 4678 618 4721 mento
647 4666 905 4732 credens,
933 4665 983 4721 ei
1022 4666 1073 4719 id
1104 4648 1565 4736 pertnisit.'355
1600 4667 1691 4720 llfe
1726 4683 1895 4738 porro
1926 4668 2009 4723 iu-

2037 3431 2084 3494 C

2123 2183 2335 2256 ἁθρόως
2370 2184 2449 2246 εἰς
2480 2182 2578 2254 τὴν
2611 2181 2834 2252 Ῥώμην
2870 2180 3168 2251 εἰσήλασαν
3194 2194 3208 2209 ο
3246 2176 3389 2229 κατὰ
3434 2171 3612 2227 πᾶσάν
3636 2187 3695 2223 τε

2122 2278 2446 2348 ἀναχθέντες
2471 2275 2568 2346 τὴν
2593 2273 2844 2346 Θρᾴκην,
2866 2276 2965 2344 τὴν
2995 2271 3265 2343 Εὐρώπην
3284 2263 3692 2336 κατελτῖίσαντο.

2124 2370 2428 2441 Αύτὸμολος
2476 2370 2522 2423 δ’
2576 2365 2671 2423 οῦν
2728 2366 3137 2440 προσχωρήσας
3195 2361 3508 2433 Ῥωμαίοις,
3554 2358 3696 2411 κατὰ

2123 2463 2298 2535 βραχὺ
2329 2462 2559 2533 προῖὼν,
2592 2461 2652 2527 ἐξ
2698 2461 2925 2522 ἀτελοῦς
2955 2461 3286 2528 στρατιώτου
3320 2452 3694 2524 στρατηλάτης

2131 2556 2424 2623 Ῥωμαίων
2457 2557 2558 2608 οὐκ
2577 2556 2659 2618 είς
2699 2538 2917 2624 μακρὰν
2949 2550 3351 2613 ἀναδείκνυται,
3380 2545 3474 2598 καὶ
3501 2543 3595 2611 τῆς
3635 2556 3690 2592 τε

2122 2650 2352 2717 ἱππικῆς
2412 2648 2507 2701 καὶ
2564 2646 2799 2715 πεζικῆς
2854 2644 3179 2713 καθηγεῖται
3227 2639 3524 2707 δυνάμεως.
3580 2630 3689 2701 Τῆς

2117 2737 2378 2810 τοιαύτης
2431 2739 2488 2793 δὲ
2525 2739 2697 2808 τιμῆς
2738 2737 2869 2808 παρ’
2902 2737 3060 2802 ἀξίαν
3111 2732 3316 2804 τυχὼν,
3351 2730 3452 2784 οὐκ
3499 2728 3684 2798 ἠγάπα

2122 2832 2306 2901 μένειν
2336 2833 2428 2884 ἐπὶ
2464 2833 2561 2900 τῆς
2584 2830 2812 2896 τάξεως,
2873 2827 2988 2882 ἀλλ’
3019 2829 3068 2879 εί
3125 2825 3201 2896 μὴ
3248 2817 3343 2877 καὶ
3391 2822 3491 2890 τὴν
3518 2818 3684 2888 ἀρχὴν

2128 2919 2421 2991 Ῥωμαίων
2445 2923 2533 2990 ὑφ’
2558 2921 2754 2975 ἑαυτὸν
2782 2919 3212 2988 καταστήσεται,
3240 2918 3296 2968 ἐν
3315 2911 3473 2982 δεινῷ
3491 2909 3684 2962 ἐποιεῖ-

2117 3031 2197 3067 το.
2234 3011 2402 3066 Ταῦτ’
2437 3016 2496 3067 ὲν
2543 3012 2617 3083 νῷ
2654 3012 2903 3082 θέμενος,
2955 3010 3086 3070 τοὺς
3116 3005 3424 3078 ὁμοφύλους
3459 3002 3682 3061 Γὸτθους

2117 3107 2182 3159 ὲκ
2212 3108 2321 3161 τῶν
2355 3105 2573 3160 οἰκείων
2619 3106 2802 3176 νομῶν
2839 3102 3222 3174 μετεστέλλετο
3244 3140 3259 3166 ,
3293 3098 3389 3151 καὶ
3416 3096 3542 3159 τοὺς
3572 3095 3682 3147 ὅσοι

2117 3201 2257 3253 κατὰ
2286 3200 2441 3266 γένος
2471 3196 2612 3271 ἦσαν
2636 3199 2805 3269 αὐτῷ,
2829 3201 3328 3269 συνταγματὲρχας
3353 3192 3527 3264 εἶχεν,
3561 3192 3686 3244 sm-

2115 3292 2449 3363 τοντάρχους
2479 3310 2537 3345 τε
2571 3293 2665 3345 καὶ
2698 3290 3014 3363 χιλιάρχους
3045 3290 3240 3354 ἐποίει,
3272 3290 3364 3343 καὶ
3397 3288 3495 3358 τὴν
3524 3301 3684 3352 στρα-

2115 3385 2236 3437 τιάν
2271 3386 2454 3438 πᾶσαν
2474 3387 2587 3447 τοῖς
2638 3385 2877 3453 ἑταίροις
2908 3382 3309 3437 ὲνεπιστεύετο.
3344 3377 3685 3450 Τριγίὸιλδον

2113 3478 2170 3530 δὲ
2205 3477 2315 3531 τῶν
2353 3479 2593 3547 μάλιστα
2634 3479 2694 3529 ἐν
2732 3477 3064 3546 ἐπιτηδείοις
3110 3472 3256 3541 αὐτῷ
3290 3473 3419 3525 ὄντα
3452 3476 3684 3523 πολυαν-

2115 3561 2339 3633 θρώπου
2370 3566 2653 3634 τάγματος
2668 3563 2922 3634 ἡγεῖσθαι
2946 3562 3397 3633 παρεσκευάσατο
3427 3573 3442 3591 ο
3473 3559 3565 3612 καὶ
3589 3560 3685 3624 τὴν

2112 3658 2210 3726 τῆς
2238 3657 2478 3728 Φρυγίας
2506 3657 2804 3727 ἐνεχείριζε
2834 3656 3010 3727 τούτῳ
3039 3656 3237 3724 ἀρχὴν,
3270 3656 3508 3723 κόμητος
3530 3653 3685 3718 ditur

2113 3749 2264 3818 αὐτῷ
2292 3748 2650 3819 περιθέμενος
2672 3765 2685 3778 ·
2721 3743 2781 3802 οὗ
2817 3748 2880 3819 δὴ
2922 3749 3013 3800 καὶ
3043 3750 3100 3800 έν
3130 3748 3190 3800 ού
3229 3746 3405 3817 πολλῷ
3436 3742 3684 3813 νεωτερί-

2112 3842 2228 3907 ζειν
2259 3842 2624 3912 ἡγγελμένου,
2659 3841 2866 3903 καὶτὰς
2900 3842 3031 3911 περὶ
3058 3842 3155 3910 τὴν
3184 3832 3433 3910 Φρυγίαν
3453 3837 3546 3891 καὶ
3572 3837 3682 3889 Να-

2113 3935 2345 3989 κώλειαν
2401 3933 2586 3999 πόλεις
2636 3933 3091 3998 ἁναστατοῦντος,
3146 3933 3240 3985 καὶ
3312 3931 3473 4000 φόνον
3521 3927 3683 3982 πολὺν

2112 4028 2486 4099 ἐνεργοῦντος,
2537 4029 2918 4098 προσεποιεῖτο
2985 4026 3086 4096 μὶν
3147 4025 3307 4096 δῆθεν
3354 4024 3682 4093 ἀγανακτεῖν

2111 4124 2312 4184 ιάἳνᾶς
2337 4136 2351 4151 ·
2389 4120 2543 4191 δῆλος
2568 4120 2612 4174 δ’
2650 4121 2714 4174 ἐκ
2737 4136 2899 4174 τινων
2927 4120 3172 4192 σημείων
3215 4118 3531 4183 καθίστατο,
3560 4134 3683 4171 συν-

2111 4213 2455 4284 νεωτερίζειν
2487 4213 2653 4283 αὐτῷ.
2697 4214 2753 4265 ’Δ
2764 4215 2916 4284 μέλει
2946 4229 3029 4265 τοι
3063 4211 3157 4265 καὶ
3175 4213 3336 4283 τέχνῃ
3358 4211 3682 4281 μετέρχεται

2113 4303 2209 4373 τὴν
2250 4304 2370 4357 κατ’
2401 4304 2614 4357 ἐκείνου
2652 4303 2837 4374 μάχην
2867 4300 3254 4366 ἀναλαϐέσθαι,
3287 4296 3374 4354 οἷα
3403 4302 3564 4371 δῆθεν
3584 4299 3681 4363 sli-

2112 4413 2234 4459 νους
2264 4396 2411 4465 μάλα
2439 4395 2733 4465 Ῥωμαίοις
2760 4394 2858 4457 ὢν.
2894 4395 2988 4449 καὶ
3013 4397 3134 4458 ταῖς
3167 4396 3293 4465 περὶ
3323 4395 3562 4464 Φρυγίαν
3594 4393 3683 4445 πόε

2111 4487 2259 4541 λεσιν
2292 4486 2364 4550 ὡς
2399 4486 2574 4557 χρεὼν
2605 4486 2929 4557 ἐπαμύνειν.
2977 4486 3242 4540 Ἐνεδίδου
3284 4487 3340 4540 δὲ
3384 4488 3411 4538 ὀ
3440 4486 3679 4556 κρατῶν,

2112 4580 2388 4635 πιστεύων
2413 4579 2491 4649 τῷ
2523 4580 2822 4648 πλάσματι.
2859 4581 2967 4634 Καὶ
2998 4583 3025 4634 ὁ
3079 4583 3180 4650 μὲν
3229 4582 3363 4634 πολύ
3392 4598 3446 4634 τι
3485 4578 3683 4647 £3276—

2115 4691 2181 4743 με
2194 4690 2273 4736 νος
2291 4672 2494 4743 πλῆθος
2518 4677 2570 4736 ἐς
2605 4673 2871 4744 μυριάδας
2898 4672 3300 4744 ἠριθμημένον,
3327 4674 3416 4727 τὸν
3443 4690 3686 4743 κεκρυμ·

431 4768 647 4826 gentem
680 4758 918 4826 plurium
950 4758 1177 4812 millium
1209 4758 1616 4812 multitudinem
1646 4758 1874 4825 ducens,
1901 4769 2009 4815 sta-

2120 4769 2280 4836 μένον
2313 4765 2513 4819 σκοπὸν
2541 4766 2701 4829 εὐθὺς
2728 4767 3091 4831 ἀνεκάλυπτε,
3118 4771 3210 4820 καὶ
3240 4768 3329 4820 τὸν
3357 4766 3454 4836 τῆς
3487 4782 3685 4834 τυρανο

436 4849 528 4915 tim
553 4849 698 4916 quod
724 4849 997 4903 celaverat
1015 4848 1327 4911 consilium,
1347 4849 1609 4912 Ostendit,
1626 4860 1681 4905 et
1705 4852 2010 4921 tyrannidis

436 4941 683 5009 regulum
711 4942 765 4994 in
790 4941 1031 4996 medium
1056 4941 1339 5011 produxit.
1357 4941 1592 4996 Tantum
1631 4944 1773 4997 enim
1806 4945 2002 5008 abfuit.

435 5043 492 5083 ut
529 5033 692 5086 urbes
739 5033 807 5085 ad
850 5048 987 5102 quas
1016 5032 1220 5086 missus
1257 5042 1396 5097 erat,
1429 5033 1786 5100 defenderet,
1825 5045 1884 5089 ut
1917 5052 2010 5093 eas

429 5127 591 5178 etiam
631 5142 750 5195 qua:
780 5126 1010 5194 reliqua‘
1039 5125 1218 5178 adhuc
1277 5134 1457 5190 erant,
1491 5125 1787 5194 diriperet,
1837 5139 2009 5197 atque

429 5220 479 5268 vi
517 5233 708 5285 magna
737 5226 1058 5270 everteret:
1114 5215 1234 5293 alia:
1294 5226 1476 5270 autem
1515 5218 1657 5270 idem
1718 5234 1776 5272 se
1823 5221 1890 5273 ab
1942 5235 2010 5275 eo

430 5326 686 5378 passuras
723 5325 846 5363 esse
882 5308 937 5361 in
972 5298 1621 5374 cxspectatione’essent.
1649 5311 1829 5379 Atque
1881 5312 2008 5367 inde

431 5418 674 5463 movens,
704 5418 827 5470 qua:
862 5403 912 5454 iu
948 5399 1131 5453 tnedio
1169 5400 1464 5453 erautloca
1497 5402 1703 5467 omnia,
1734 5402 2005 5473 Mysorum

426 5496 573 5563 quod
599 5495 828 5555 dicitur,
871 5493 1110 5562 praedam
1142 5490 1307 5545 fecit:
1342 5505 1395 5545 et
1418 5495 1483 5546 ad
1515 5509 1632 5545 eam
1667 5511 1785 5561 qua:
1817 5511 1879 5548 ex
1910 5514 1938 5548 ιι
1963 5498 2008 5547 l-

426 5602 590 5640 verso
620 5586 879 5658 Byzantio
937 5595 1024 5639 est
1077 5584 1502 5651 Clialccdonetn,
1560 5600 1734 5640 castra
1774 5599 2009 5643 metatus

501 5700 578 5768 tl)
614 5701 763 5753 Hanc
793 5714 899 5753 non
933 5698 1135 5753 habent
1160 5697 1413 5752 Socrates
1439 5709 1493 5751 et
1525 5699 1884 5763 Sozomcnus.
1912 5704 2007 5757 sed

428 5766 591 5824 hodie
631 5785 849 5841 quoque
891 5770 1085 5825 Turca
1125 5784 1244 5823 eam
1303 5769 1441 5823 Asiae
1475 5780 1685 5839 partem
1738 5773 2003 5827 Aetoliam

2116 4862 2254 4923 νίδος
2301 4860 2617 4931 βασιλίσκον
2647 4860 2892 4932 προῆγεν
2941 4861 3021 4922 εἰς
3057 4860 3250 4929 μέσον·
3286 4862 3379 4913 καὶ
3425 4861 3484 4912 οὺ
3528 4860 3682 4912 τόσον

2116 4954 2342 5022 ἀμύνων
2393 4947 2476 5015 αἷς
2506 4952 2760 5024 ἐπέμφθη
2813 4952 3031 5004 πόλ.σιν
3062 4951 3147 5022 ἦν,
3187 4952 3295 5021 ὅσῳ
3326 4952 3416 5004 καὶ
3448 4953 3545 5013 τὰς
3575 4951 3681 5003 λει-

2117 5044 2359 5111 πομένας
2408 5041 2565 5114 ἐδῄου
2624 5043 2719 5097 καὶ
2769 5043 3078 5113 ἀνακράξας
3129 5042 3393 5112 ὴᾳὰνιζε·
3457 5042 3574 5103 ταῖς
3626 5042 3682 5094 δὲ

2116 5134 2482 5203 προσδόκιμος
2534 5131 2623 5205 ἦν.
2654 5134 3038 5205 ἐπιθήσεσθαι.
3082 5135 3324 5187 Ἐκεῖθεν
3364 5134 3408 5186 δ’
3440 5134 3679 5200 ἀπάρας,

2113 5232 2208 5279 καὶ
2237 5229 2306 5279 τά
2338 5227 2395 5280 ἐν
2425 5229 2575 5296 μέσῳ
2609 5227 2787 5279 πάντα
2827 5227 2979 5279 λείαν
3036 5226 3240 5280 Μυσῶν
3282 5227 3535 5296 ποιήσας,
3567 5225 3594 5278 ὃ
3620 5225 3684 5294 δὴ

2110 5319 2350 5386 λέγεται,
2405 5323 2463 5373 ὲν
2516 5323 2581 5389 τῇ
2614 5321 2947 5390 καταντικρὺ
3010 5319 3334 5383 Βυξαντίδος
3380 5318 3684 5388 Χαλκηδόνι

2111 5411 2635 5482 ἐστρατοπεδεύετο,
2690 5417 2785 5464 καὶ
2843 5413 2995 5466 δεινὰ
3043 5416 3176 5484 δρᾷν
3226 5414 3477 5482 ἠπείλειο
3512 5416 3582 5466 τά
3627 5413 3684 5465 δὲ

2112 5502 2403 5567 ἔπραττεν.
2422 5503 2509 5555 Ἐν
2534 5502 2776 5575 μεγίστῳ
2794 5504 2853 5555 δὲ
2870 5505 3099 5575 κινδύνῳ
3122 5505 3229 5556 τῶν
3245 5504 3431 5574 ’Κῴων
3452 5504 3683 5567 πόλεων,

2114 5594 2208 5646 καὶ
2234 5596 2435 5661 μᾶλλον
2475 5598 2585 5648 τῶν
2614 5598 2715 5651 ὰνὰ
2745 5598 2842 5667 τὴν
2880 5598 3065 5651 Ἀσίαν
3094 5616 3155 5650 τε
3191 5602 3283 5651 καὶ
3316 5599 3409 5650 τὸν
3441 5597 3691 5662 Εῦξεινον

2113 5717 2339 5779 vocant,
2356 5709 2621 5775 ἀνατολὴν
2646 5710 2700 5763 di
2737 5726 2829 5763 ere
2878 5714 3165 5779 debentes,
3224 5714 3329 5766 line
3361 5723 3461 5778 est,
3490 5711 3687 5770 Oricu-

2114 5785 2245 5830 teut.
2285 5776 2512 5832 Videtur
2541 5781 2724 5850 itaque
2752 5782 2870 5852 lege
2914 5786 3043 5836 dum
3078 5776 3369 5837 {Vale-liam.
