4044 6448
347 357 445 420 961

1251 353 1852 412 ΕΕΩΙἘΞΙᾹΒΊἸΕΈ
1899 357 2282 414 ΗΞΞἿῸΙΗᾸΞ
2330 359 2468 420 l.ll‘.-.
2518 361 2684 419 Xlll.
2729 428 2736 435 ,

3499 359 3601 420 962

342 474 432 537 ζον
463 470 613 540 ὠμόν
642 485 699 520 τε
730 469 818 519 καὶ
849 467 1058 536 ἀπηνῆ,
1088 467 1304 536 ὀργίλον
1339 484 1392 518 τε
1428 467 1516 517 καὶ
1550 468 1920 536 {impiger/0v,

2031 483 2157 524 suas
2213 480 2471 540 agerent,
2526 486 2621 525 eos
2674 485 3007 542 magnopere
3055 470 3250 525 charos
3297 470 3504 534 habuit,
3547 485 3602 526 et

342 567 432 618 καὶ
477 560 699 630 θυμώδη
763 558 1198 621 ἀποκαλοῦντες.
1249 559 1359 610 Καὶ
1387 559 1456 612 τά
1501 561 1628 627 περὶ
1673 560 1766 613 τοῦ
1805 559 1919 629 βίου

342 654 529 726 ἡρέμα
555 653 693 724 πρὸς
725 652 850 714 τοὺς
865 650 1093 713 πολλοὺς
1126 651 1446 720 ἐπεχείρουν
1468 651 1797 704 διαϐάλλειν·
1829 652 1921 704 καὶ

344 747 558 798 πείθειν
588 739 734 813 είχον
767 745 877 804 τοῖς
904 741 1348 812 προειρημένοις,
1382 740 1807 812 καταιτιώμενοι
1841 745 1923 796 ὅτι

352 841 426 910 μή
449 855 556 889 τινι
579 834 878 889 συνεσθίων
903 835 1115 902 ἑωρᾶτο
1133 873 1148 898 ,
1178 834 1301 901 μηδ’
1327 835 1415 900 ἐφ’
1447 835 1627 886 ἑστίαν
1657 833 1769 895 ἰὼν,
1801 835 1922 904 μηδ’

347 933 439 985 ἐπὶ
475 930 765 983 συνουσίαν
795 927 1020 998 ἀρίστου
1050 942 1062 955 ’
1098 929 1190 978 καὶ
1226 927 1307 978 ὅτι
1341 925 1602 980 πάστιλον
1649 927 1788 995 μετὰ
1825 929 1924 996 τὴν

346 1022 456 1075 τῶν
509 1019 669 1072 θείων
703 1018 1005 1088 μετάληψιν
1051 1019 1355 1085 ἀπεγεύετο
1377 1032 1391 1047 ο
1429 1019 1487 1070 ἐν
1511 1013 1590 1079 οἷς
1612 1020 1807 1070 ἐκεῖνοι
1835 1019 1926 1086 δῆ-

349 1117 439 1168 θεν
487 1113 916 1182 ἐπερειδόμενοι,
950 1113 1046 1174 τάς
1088 1112 1361 1181 ἀρρήτους
1409 1110 1698 1178 ἐξύφαινον
1733 1111 1926 1180 ἐκείνῳ

347 1207 622 1268 διαϐολάς.
672 1207 783 1257 Οὐκ
814 1203 1072 1273 ἐλαχίστη
1109 1206 1165 1257 δὲ
1203 1206 1473 1274 πρόφασις
1510 1205 1657 1274 αὐτῷ
1685 1207 1924 1272 ἐγεγόνει

351 1300 442 1351 καὶ
472 1298 602 1368 πρὸς
641 1298 740 1366 τὴν
774 1294 1046 1364 βασιλέως
1076 1297 1330 1366 γαμετὴν
1361 1297 1449 1350 διὰ
1475 1297 1804 1366 Σευηριανὸν
1833 1297 1926 1350 τὸν

350 1390 607 1442 Γεϐάλων
638 1390 732 1458 τῆς
767 1387 964 1456 Συρίας
999 1389 1319 1443 ἐπίσκοπον.
1355 1387 1464 1439 Καὶ
1489 1389 1594 1458 γάρ
1620 1381 1774 1450 οὗτος
1804 1388 1928 1440 σύν-

347 1499 462 1559 α-μα
495 1481 572 1551 τῷ
634 1480 913 1549 Ἀντιόχῳ,
972 1479 1338 1548 Πτολεμαίδος
1386 1479 1442 1531 δὲ
1469 1479 1569 1548 τῆς
1605 1483 1663 1532 ἐν
1694 1480 1924 1551 Φοινίκῃ

345 1567 496 1633 οὗτος
524 1573 841 1634 ἐπίσκοπος,
873 1570 1149 1639 ἐλλόγιμοι
1171 1587 1228 1623 τε
1249 1571 1517 1637 ἐγένοντο,
1541 1571 1636 1623 καὶ
1660 1573 1738 1633 είς
1757 1573 1927 1642 ἄκρον

343 1665 405 1717 τὸ
433 1664 517 1716 ἐπ’
553 1663 849 1733 ἐκκλησίας
877 1662 1154 1716 δ;δάσκειν
1188 1661 1580 1731 ἐξησκηκὸτες.
1602 1662 1740 1713 Ἀλλ’
1768 1664 1795 1714 ὁ
1825 1664 1924 1732 μὲν

344 1757 600 1809 τοσοῦτον
621 1757 911 1825 πρόχειρος
939 1750 1007 1824 ἦν
1033 1752 1235 1820 λέγειν,
1266 1753 1358 1805 καὶ
1393 1749 1450 1806 εὖ
1481 1753 1625 1822 μάλα
1656 1753 1925 1822 στρογγύ-

346 1847 451 1906 λως
483 1861 543 1896 τε
581 1824 696 1912 ἅμα
729 1844 821 1894 καὶ
845 1842 1058 1911 εύήχως
1087 1842 1550 1910 ὰπεστομάτιζεν,
1582 1842 1664 1893 ὅτι
1696 1854 1756 1908 γε
1790 1842 1922 1910 πρός
1960 1824 1996 1876 Β

348 1956 510 1991 τινων
528 1941 622 1989 καὶ
644 1936 1024 2006 Χρυσόστομος
1043 1932 1384 2003 ὠνομάζετο·
1410 1931 1738 2001 Σεϐηριανὸς
1763 1933 1818 1985 δέ
1851 1931 1928 2001 τῷ

349 2028 458 2080 τῶν
495 2028 781 2097 νοημάτων
833 2028 1044 2097 πυκνῷ,
1086 2025 1180 2079 καὶ
1229 2021 1296 2094 τῇ
1343 2028 1619 2095 μαρτυρίᾳ
1661 2025 1771 2077 τῶν
1811 2025 1928 2078 θεο-

352 2121 634 2175 πνεύστων
657 2119 876 2189 λογίων,
914 2121 1160 2189 ἀμείνων
1188 2116 1332 2172 εἶναι
1369 2120 1546 2172 ἐδόκει
1569 2135 1582 2149 ·
1619 2119 1718 2188 τὴν
1747 2119 1800 2171 δὲ
1824 2118 1923 2171 Σύο

354 2231 466 2282 ρων
513 2213 781 2282 δασύτητα
819 2214 914 2268 ἐπὶ
943 2213 1038 2282 τῆς
1086 2211 1332 2280 γλώττης
1365 2210 1526 2281 ἔφερε
1561 2211 1782 2277 μάλλον.
1821 2211 1929 2264 Kal.

350 2309 378 2359 ὁ
412 2305 511 2374 μὲν
547 2305 826 2374 Ἀντίοχος
853 2304 1120 2374 πρότερον
1149 2305 1248 2372 τὴν
1275 2304 1432 2355 πόλιν
1461 2303 1806 2364 καταλαϐὼν,
1835 2303 1928 2355 καὶ

350 2398 611 2469 χρήματα
640 2397 813 2450 πολλὰ
837 2397 1254 2466 συλλεξάμενος,
1294 2397 1373 2456 είς
1401 2393 1499 2458 τὴν
1522 2394 1729 2446 οἰκείαν
1760 2397 1927 2447 ἐπαν-

352 2491 479 2558 ῆλθε
511 2489 687 2544 πόλιν.
730 2489 904 2544 Τοῦτο
935 2490 1000 2560 δὴ
1030 2490 1281 2557 ζηλώσας
1317 2491 1410 2541 καί
1446 2490 1794 2558 Σευηριανὸς,
1833 2490 1929 2542 καὶ

354 2584 516 2646 αὐτὸς
567 2585 745 2635 ἐκεῖσε
797 2583 1048 2651 ἀφίκετο.
1084 2580 1254 2635 Εὕνου
1311 2583 1366 2634 δέ
1408 2582 1658 2636 Ἰωάννου
1710 2581 1926 2650 τυχὼν,

357 2675 614 2738 πολλάκις
653 2675 970 2745 ἐξεχωρηθη
1006 2676 1100 2727 καὶ
1131 2673 1217 2726 ἐπ’
1247 2673 1546 2741 ἐκκλησίας
1581 2676 1755 2726 εἰπεῖν
1779 2689 1794 2704 ⁶
1837 2676 1932 2727 καὶ

353 2768 529 2831 λέγων
555 2764 790 2835 μάλιστα
823 2764 1189 2834 ἐθαυμάζετο,
1223 2763 1363 2816 καθὰ
1391 2765 1454 2832 δὴ
1485 2768 1577 2816 καὶ
1621 2765 1928 2834 Ἀντίοχος⁸

355 2860 449 2913 καὶ
471 2860 592 2920 ταῖς
622 2857 830 2910 ἐκείνου
865 2861 1052 2926 τιμαῖς
1086 2857 1247 2918 πολύς
1273 2874 1330 2909 τε
1356 2859 1412 2909 ἐν
1432 2858 1662 2927 δυνάμει
1693 2859 1929 2926 ἐγένετο,

355 2954 446 3004 καὶ
498 2951 776 3019 γνώριμος
825 2951 1122 3002 καθίστατο
1173 2949 1403 3018 βασιλεί,
1447 2951 1542 3004 καὶ
1573 2952 1639 3022 τῇ
1671 2951 1930 3021 ,βασιλίδι

355 3045 448 3096 ἐπὶ
479 3044 678 3112 μᾶλλον
711 3042 1128 3111 κεχαρισμένος.
1168 3043 1370 3096 Ἠνίκα
1402 3043 1456 3096 δέ
1507 3043 1727 3113 Ἰωάννῃ
1754 3044 1931 3097 ἐδόκει

2029 565 2320 618 honoravit
2362 585 2374 619 :
2431 567 2597 638 368
2648 577 2703 619 et
2761 581 2830 620 ne
2883 563 2962 618 illi
3010 580 3040 618 a
3091 565 3347 633 quopiam
3402 564 3598 633 injuria

2024 656 2392 727 adicerentur,
2455 673 2619 730 atque
2685 659 2850 712 etiam
2915 667 2976 711 ut
3043 657 3210 710 rebus
3279 656 3602 710 necessariis

2025 749 2407 814 abundarent,
2461 751 2760 820 plurimu'u
2813 763 2960 801 curae
3010 746 3241 800 habuit.
3292 745 3602 800 Circumfu-

2029 855 2224 894 raneos
2247 854 2454 906 autem,
2482 852 2537 896 et
2563 841 2656 910 qui
2689 856 2786 910 per
2813 839 2965 893 urbis
3000 839 3208 908 plateas
3237 840 3598 900 cursitareut,

2028 937 2213 981 notam
2264 931 2625 1000 philosophia:
2673 946 2783 983 sum
2847 929 3150 990 inurcntcs,
3194 928 3378 982 verbis
3421 929 3490 981 ita
3543 937 3599 980 ut

2027 1018 2278 1077 decebat,
2322 1019 2754 1087 reprehendens,
2807 1019 3094 1086 acriusque
3143 1034 3394 1087 carpens.
3440 1033 3600 1086 repu-

2028 1112 2232 1164 diabat.
2269 1111 2668 1180 Nonnunquam
2700 1113 2862 1165 etiam
2895 1112 3163 1166 conviciis
3193 1126 3286 1165 eos
3321 1114 3598 1180 corrigens

2029 1205 2360 1268 incessebat,
2383 1214 2438 1259 el
2465 1207 2818 1260 convenienti
2855 1206 3236 1275 objurgatione
3269 1207 3600 1273 perstringe-

2030 1295 2142 1349 bat.
2173 1297 2351 1366 Atque
2384 1297 2459 1350 illi
2493 1301 2556 1350 ad
2585 1313 2710 1350 eum
2742 1298 2963 1350 modum
2997 1299 3337 1366 reprehensi,
3363 1302 3601 1365 graviter

2030 1386 2081 1441 id
2129 1386 2295 1452 ferre,
2335 1397 2391 1442 et
2449 1389 2615 1443 verba
2668 1390 3066 1443 contumeliosa
3123 1391 3176 1442 in
3227 1406 3352 1443 euut
3394 1390 3597 1458 jacere,

2030 1478 2229 1545 ferum,
2266 1478 2577 1542 crudelem,
2622 1479 2972 1541 iracundum,
3024 1479 3323 1548 superbum
3375 1487 3428 1529 et
3464 1477 3597 1529 furi-

2029 1568 2274 1622 bundum
2326 1571 2641 1638 appellare,
2697 1587 2911 1625 necnon
2973 1571 3216 1639 quietam
3267 1569 3387 1638 ejus
3436 1569 3601 1620 vitam

2030 1661 2174 1731 apud
2217 1663 2418 1715 multos
2453 1670 2659 1726 taxare,
2696 1664 2936 1716 cavillari
2983 1672 3034 1716 et
3076 1677 3324 1731 carpere,
3357 1660 3600 1729 aggredi.

2033 1751 2097 1805 Et
2139 1754 2470 1822 persuadere
2503 1753 2555 1807 id
2589 1755 2671 1808 eis
2703 1769 2841 1824 quas
2875 1755 3115 1808 diximus
3150 1754 3315 1806 rebus
3349 1761 3601 1820 potuere,

2030 1845 2499 1913 reprehendentes
2547 1845 2776 1914 insuper
2823 1846 2878 1898 in
2933 1860 3000 1898 eo
3051 1844 3194 1913 quod
3247 1843 3431 1898 cibum
3475 1857 3601 1895 eum

2031 1935 2248 1990 nemine
2282 1951 2502 1990 sumere
2530 1936 2838 2002 videretur,
2871 1938 3130 2006 quodque
3161 1951 3341 2005 neque
3375 1936 3428 1988 iu
3469 1950 3606 1988 cort-

2029 2027 2175 2080 vivio
2222 2043 2402 2096 neque
2450 2027 2504 2080 in
2563 2027 2796 2096 prandio
2840 2027 3075 2098 alicujus
3128 2036 3273 2080 esset
3309 2043 3324 2079 :
3363 2026 3602 2093 denique

2027 2118 2172 2188 quod
2219 2130 2349 2188 post
2392 2119 2705 2173 divinorum
2759 2120 3143 2189 mysteriorum
3191 2117 3600 2186 perceptionem

2029 2213 2307 2282 pastillum
2368 2213 2708 2281 degustaret.
2765 2211 2981 2277 Quibus
3037 2210 3114 2263 illi
3173 2209 3384 2263 scilicet
3439 2209 3604 2263 rebus

2029 2303 2164 2368 nixi,
2201 2303 2520 2356 innumeras
2553 2303 2820 2356 adversus
2851 2316 2976 2356 cum
3010 2311 3234 2354 texuere
3274 2298 3599 2352 calumnias.

2029 2395 2148 2448 Non
2185 2395 2410 2449 minima
2442 2411 2572 2448 vero
2606 2406 2661 2446 et
2698 2396 2791 2448 illa
2827 2393 2877 2447 ei
2914 2394 2981 2448 ab
3025 2391 3374 2462 imperatoris
3406 2404 3600 2454 uxore,

2031 2500 2129 2553 per
2177 2484 2537 2538 Severianum
2580 2484 2911 2538 Gabalorum
2964 2485 3018 2535 in
3067 2484 3218 2552 Syria
3258 2483 3601 2550 episcopum,

2030 2578 2232 2632 accidit
2273 2578 2383 2631 odii
2432 2577 2670 2631 occasio.
2712 2577 2843 2630 Nam
2886 2584 2941 2629 et
2976 2577 3084 2637 hic,
3121 2589 3224 2627 una
3258 2588 3379 2626 cum
3413 2573 3606 2625 Antio-

2032 2671 2138 2724 cho
2167 2711 2181 2735 ,
2222 2669 2577 2724 Ptolemaidis
2628 2668 2922 2722 Piimniciae
2971 2667 3262 2736 episcopo,
3314 2666 3607 2734 praeclarus

2031 2763 2170 2827 fuit;
2214 2771 2446 2830 uterque
2495 2749 2626 2813 ﬁne
2665 2760 2731 2813 ad
2770 2775 3067 2822 summum,
3107 2757 3290 2810 verbis
3326 2756 3390 2808 ad
3434 2771 3608 2822 popu-

2033 2855 2148 2909 lum
2201 2855 2256 2909 in
2308 2855 2540 2909 ecclesia
2582 2852 2866 2906 faciendis.
2905 2850 3258 2920 exercitatus.
3302 2849 3606 2902 Antiochus

2032 2947 2254 3018 quidem
2309 2955 2458 3001 tanta
2511 2946 2566 3000 in
2621 2945 2856 3000 dicendo
2904 2944 3167 2998 facilitate
3217 2941 3349 3006 fuit,
3393 2951 3447 2995 et
3497 2953 3606 2996 tam

2033 3039 2266 3092 rotunde
2295 3039 2458 3092 simul
2479 3046 2533 3092 et
2552 3037 2794 3091 suaviter
2817 3035 3214 3105 pronuntiavit,
3242 3043 3352 3087 uta
3376 3032 3606 3100 quibus-

355 3137 446 3186 καὶ
475 3135 606 3202 πρὸς
638 3134 736 3205 τὴν
793 3135 976 3185 Ἀσίαν
1011 3134 1334 3202 ἀποδημεῖν,
1371 3133 1518 3203 αύτῷ
1547 3133 1614 3186 τὰ
1648 3134 1790 3187 κατὰ
1830 3135 1928 3205 τὴν

2036 3137 2157 3185 dam
2184 3132 2300 3200 ipse
2335 3145 2552 3199 quoque
2597 3130 2763 3183 veluti
2801 3144 3028 3183 aureum
3074 3143 3135 3182 os
3178 3127 3409 3187 habens,
3439 3125 3610 3195 Chry-

356 3225 628 3295 σφετέραν
681 3223 1010 3294 Ἐκκλησίαν
1056 3227 1314 3290 ἀνετίθει,
1369 3225 1498 3279 ὥστ’
1547 3228 1929 3296 ἐπιμελεῖσθαι

356 3320 585 3389 ταύτης,
632 3322 727 3372 καὶ
768 3321 881 3374 ἀντ’
935 3321 1142 3374 ἐκείνου
1193 3323 1293 3389 τὴν
1341 3323 1691 3375 διδασκαλίαν
1748 3323 1932 3387 αὐτοῖς

354 3415 628 3482 χορηγεῖν.
665 3414 772 3465 Καὶ
806 3413 912 3482 γάρ
947 3411 1165 3482 ἐνόμιζε
1197 3415 1351 3482 φίλον
1385 3415 1528 3483 ἔχειν
1561 3415 1725 3466 αὐτὸν
1765 3432 1930 3468 σπου·-

353 3505 651 3570 δαιὸτατον,
698 3507 819 3566 ταῖς
863 3504 1177 3568 κολακείαις
1205 3505 1425 3564 πυκνῶς
1476 3505 1827 3574 περιέποντα.
1875 3505 1932 3560 '0

354 3596 412 3649 δὲ
451 3596 773 3665 χαρίζεσθαι
808 3595 882 3663 τῷ
915 3595 1107 3664 πλήθει
1141 3595 1340 3665 μᾶλλον
1372 3596 1459 3648 διά
1515 3597 1750 3667 σπουδῆς
1779 3598 1932 3650 ἐποι-

316 3744 323 3754 ‘
356 3686 490 3748 εῖτο,
522 3685 752 3745 καὶτοῖς
787 3682 964 3749 λόγοις
993 3683 1244 3746 ἐπάγειν,
1279 3684 1370 3734 καὶ
1400 3683 1535 3751 πρὸς
1562 3684 1754 3736 ἐαυτὸν
1796 3687 1930 3738 πᾶσι

354 3775 575 3844 τρόποις
613 3775 894 3840 μεθέλκειν
953 3776 1044 3826 καὶ
1094 3774 1372 3829 ίδιοῦσθαι.
1411 3775 1479 3826 Ἀ
1512 3774 1575 3846 δὴ
1623 3774 1932 3845 πυθόμενον

367 3866 643 3934 Ἰωάννην,
678 3866 1027 3936 Σεραπίωνος
1053 3865 1414 3936 ἐρεθίζοντος,
1451 3867 1550 3920 οὐκ
1577 3869 1928 3937 ἀνασχέσθαιο

354 3957 489 4010 ἀλλὰ
518 3955 714 4010 θάττον
745 3958 808 4010 ἐκ
838 3957 936 4026 τῆς
979 3957 1164 4024 Ἀσίας
1194 3959 1293 4029 τὴν
1325 3943 1744 4013 Κωνσταντίνου.
1767 3977 1934 4013 κατα-

353 4047 558 4101 λαϐεῖν.
625 4048 712 4110 Ὧς
761 4048 805 4101 δ’
854 4047 1153 4117 ἐπανῆλθε,
1208 4050 1405 4119 συνέϐη
1457 4067 1559 4104 που
1601 4050 1932 4121 Σευηριανὸν

355 4141 611 4206 παριέναι
633 4155 647 4170 ·
675 4139 854 4194 ἰδόντα
868 4139 924 4193 δὲ
950 4141 1272 4208 Σεραπίωνα
1303 4141 1568 4212 μηδαμῶς
1589 4143 1889 4212 ἀναστῆναι
1914 4183 1930 4210 ,

354 4230 544 4302 ὥσπερ
594 4231 912 4302 ἐξεπίτηδες
959 4235 1071 4295 τοῖς
1121 4232 1360 4302 παροῦσι
1403 4227 1929 4302 παρκδεικνύμενον,

353 4325 428 4385 ὡς
475 4327 533 4376 ἐν
562 4325 790 4393 οὐδεμιᾷ
839 4323 1081 4393 φροντίδι
1112 4325 1203 4377 τὸν
1257 4324 1430 4393 ἄνδρα
1470 4328 1728 4379 ποιεῖται.
1768 4326 1828 4378 Ὀ
1874 4327 1930 4379 δέ

359 4417 560 4486 σφόδρα
589 4416 901 4486 χαλεπήνας
928 4417 1023 4469 ἐπὶ
1052 4417 1195 4485 μέγα
1224 4417 1451 4485 ἐϐόησεν
1475 4433 1488 4446 °
1525 4421 1596 4472 El
1623 4422 1932 4486 Σεραπίων

2036 3233 2311 3276 sostomus
2329 3223 2626 3275 diceretur.
2651 3218 2982 3274 Severianus
3004 3229 3184 3272 autem
3205 3217 3607 3271 sententiarum

2036 3315 2342 3383 frequentia
2392 3325 2446 3367 et
2501 3312 2766 3365 divinitus
2820 3311 3208 3380 inspiratorum
3261 3309 3608 3362 oraculorum

2035 3406 2356 3462 teStimonio
2395 3404 2593 3458 melior
2628 3404 2850 3457 habitus
2881 3411 2988 3466 est,
3019 3405 3164 3470 quod
3200 3400 3412 3454 scilicet
3441 3398 3610 3469 Syro-

2035 3515 2155 3552 rum
2192 3498 2365 3569 magis
2397 3496 2724 3550 densitatem
2764 3495 2818 3549 in
2855 3495 3040 3564 lingua
3079 3494 3270 3547 ferret.
3305 3491 3611 3545 Antiochus

2033 3591 2188 3660 prior
2226 3591 2278 3643 in
2321 3591 2515 3643 urbem
2550 3595 2776 3642 venerat
2809 3603 2822 3640 ;
2855 3596 3018 3654 atque
3058 3585 3134 3638 ibi
3173 3587 3400 3652 pecunia
3439 3585 3611 3638 multa

2031 3685 2293 3746 collecta,
2332 3685 2386 3738 in
2441 3682 2720 3736 civitatem
2769 3694 2924 3734 suam
2971 3688 3057 3732 est
3114 3692 3386 3732 reversus.
3436 3678 3609 3741 Quem

2032 3775 2319 3830 annulatus
2363 3775 2717 3836 Severianus,
2755 3782 2810 3825 et
2851 3770 2969 3840 ipse
3020 3787 3086 3824 eo
3135 3771 3303 3824 venit.
3353 3769 3420 3822 Et
3461 3767 3608 3838 quod

2035 3867 2303 3922 benevolo
2352 3867 2562 3922 Joanne
2615 3874 2887 3931 uteretur,
2926 3879 3068 3934 stepc
3119 3864 3285 3918 etiam
3341 3863 3388 3917 is
3435 3863 3508 3922 ei,
3553 3871 3614 3916 ut.

2033 3977 2159 4017 cum
2203 3963 2406 4032 populo
2451 3961 2508 4014 in
2552 3959 2786 4015 ecclesia
2834 3968 3044 4026 ageret,
3083 3957 3349 4027 permisit.
3392 3956 3508 4021 Qua
3556 3955 3612 4008 in

2033 4070 2092 4110 re
2122 4069 2248 4109 eum
2283 4069 2478 4109 omnes
2509 4053 2744 4106 maxime
2776 4061 2926 4108 sunt.
2953 4051 3119 4104 sicuti
3159 4061 3214 4102 et
3250 4049 3610 4112 Antiochum,

2035 4147 2315 4201 admirati.
2355 4144 2420 4198 Et
2449 4145 2678 4199 Joannis
2711 4143 3016 4197 honoribus
3044 4157 3166 4196 cum
3201 4143 3431 4195 multum
3465 4141 3608 4210 apud

2033 4239 2298 4311 populum
2365 4237 2586 4306 potuit,
2648 4242 2762 4287 tum
2827 4233 2881 4287 in
2944 4233 3294 4301 imperatoris
3355 4234 3610 4287 notttiaut

2033 4329 2309 4400 pervenit,
2336 4339 2392 4382 et
2423 4329 2666 4397 ejusdem
2705 4324 2928 4394 conjugi
2961 4339 3222 4393 perquam
3258 4333 3446 4392 gratus
3479 4324 3608 4377 fuit.

2033 4424 2211 4493 Atque
2242 4437 2366 4476 cum
2399 4420 2594 4475 Joanni
2625 4419 2679 4474 in
2708 4419 2892 4472 Asiam
2925 4415 3201 4487 proﬁcisci
3231 4419 3408 4473 visum
3438 4426 3606 4475 esset,

354 4508 712 4576 Χριστιανὸς
747 4507 1061 4573 ἀποθάνοι,
1089 4510 1203 4560 οὐκ
1233 4507 1706 4577 ἐνηνθρὼπησεν
1741 4516 1772 4566 ό
1795 4515 1928 4579 Χρι-

2037 4516 2164 4570 huic
2197 4514 2299 4585 ipsi
2333 4512 2632 4567 Ecclesiain
2668 4525 2824 4565 suam
2858 4509 3286 4570 commendavit,
3327 4517 3385 4561 ut
3419 4523 3608 4562 curaui

354 4605 518 4664 στός.
560 4601 685 4654 Ἐπὶ
711 4599 798 4664 δη
824 4599 1001 4669 τούτῳ
1031 4601 1184 4670 παρὰ
1223 4601 1573 4669 Σεραπίωνος
1605 4604 1760 4675 δίκην
1794 4607 1928 4659 ὑπο-

354 4697 485 4756 στὰς
505 4735 519 4758 ,
547 4694 780 4763 ἐξηλάθη
811 4693 914 4762 τῆς
955 4691 1159 4755 πόλεως
1199 4692 1304 4744 ὑπὸ
1347 4693 1598 4747 Ἰωάννου
1618 4737 1633 4763 ,
1663 4697 1738 4759 ὼς
1768 4697 1930 4766 δῆθεν

352 4789 432 4852 είς
463 4788 597 4840 Θεὸν
632 4787 946 4856 ἐξυόρίσας.
978 4785 1292 4856 Μαρτύρων
1315 4788 1423 4856 γὰρ
1447 4790 1856 4858 παραχθέντων,
1881 4791 1931 4845 οἱ

355 4878 455 4946 μὲν
517 4878 592 4941 ὼς
627 4879 818 4949 εἴρηκε
862 4875 1189 4944 Σευηριανὸς
1248 4878 1670 4947 ἐμαρτύρησαν·
1708 4881 1822 4934 ὅσοι
1873 4882 1931 4934 δὲ

353 4972 709 5040 προσέκειντο
739 4969 1068 5040 Σεραπίωνι,
1109 4970 1268 5024 πάντ’
1313 4971 1791 5040 άποκρυψάμενοι,
1835 4977 1931 5043 μό-

353 5080 442 5114 νον
488 5065 697 5116 ἐκεῖνον
731 5061 1166 5132 διεμαρτύραντο
1206 5064 1381 5115 εἰπεῖν
1408 5065 1766 5134 Σευηριανὸν,
1801 5085 1820 5118 ι
1842 5067 1932 5131 Ὠς

351 5151 460 5220 ἄρα
487 5151 586 5204 οὐκ
615 5151 1038 5222 ἐνηνθρὼπησεν
1070 5153 1098 5204 δ
1130 5151 1422 5221 Χριστός.»
1456 5154 1515 5207 ’0
1549 5155 1606 5208 δὲ
1652 5156 1929 5226 Ἰωάννης,

351 5247 469 5313 οὐχὶ
507 5246 556 5296 εί
599 5246 691 5297 καὶ
721 5244 883 5297 τοῦτο
914 5246 1075 5314 μόνον
1121 5240 1189 5316 ἦν
1239 5247 1298 5297 ἐν
1331 5246 1537 5310 αἰτίαις
1569 5247 1760 5314 ἐτίθει,
1794 5249 1930 5303 ἀλλὰ

353 5339 447 5392 καὶ
484 5338 651 5391 τᾶλλα
681 5339 780 5390 ὅσα
827 5340 1034 5400 ἐκεῖνος
1077 5337 1397 5407 προσθεῖναι
1437 5339 1748 5394 διετείνετο.
1785 5341 1924 5394 Οὐδὲ

354 5432 481 5499 γάρ,
515 5429 936 5497 «ΕίΣεραπίων,
967 5429 1147 5496 ἔλεγε,
1179 5430 1253 5498 μὴ
1276 5429 1542 5483 ἀποθάνοι
1575 5431 1927 5501 Χριστιανὸς,

351 5523 581 5590 Χριστὸς
610 5521 758 5609 παρὰ
788 5521 948 5573 τοῦτο
974 5523 1073 5573 ούκ
1102 5523 1584 5594 ἐνηνθρὼπησεν.›
1629 5522 1700 5576 Ἦ
1743 5525 1928 5594 μέντοι

351 5613 639 5683 falsi/usa.
688 5613 912 5679 Εὑδοξία
943 5613 1057 5683 ἅμα
1089 5632 1147 5666 τε
1173 5615 1270 5682 την
1322 5617 1525 5685 μεταξὺ
1569 5617 1676 5670 τῶν
1703 5620 1928 5670 12:237.;-

418 5797 789 5870 (ithlazypia
823 5801 1054 5866 quadam
1106 5803 1320 5852 ductas.
1362 5801 1572 5869 ("'cuct'.)

2034 4610 2150 4678 ejus
2198 4616 2452 4678 gereret,
2505 4612 2562 4658 et
2613 4606 2790 4657 vicem
2839 4617 2994 4656 suam
3048 4601 3311 4670 pupulum
3363 4601 3612 4654 doctrina

2034 4709 2310 4771 pasceret.
2359 4698 2658 4751 Putaverat
2703 4695 2850 4761 enim
2899 4694 2989 4748 ille
3029 4693 3238 4763 optimo
3275 4708 3332 4745 se
3375 4708 3441 4746 eo
3482 4709 3612 4746 usu-
3674 4690 3687 4696 ’

2034 4791 2157 4846 runt
2187 4791 2387 4854 amico,
2413 4789 2504 4858 qui
2535 4805 2630 4854 per
2657 4787 3086 4842 assentationem
3113 4799 3237 4838 cum
3276 4795 3381 4838 tam
3419 4785 3611 4839 sedulo

2033 4893 2339 4941 assectatus
2384 4883 2602 4936 fuisset.
2643 4879 2808 4951 369
2841 4881 2910 4934 At
2943 4879 3034 4933 ille
3073 4878 3258 4932 studio
3302 4879 3473 4948 magis
3511 4879 3610 4932 ha-

2034 4979 2153 5035 buit
2183 4989 2242 5032 ut
2268 4975 2608 5031 multitudini
2640 4973 3066 5044 gratiﬁcaretur,
3099 4986 3331 5039 eamque
3358 4971 3611 5026 oratione

2034 5071 2301 5134 duceret,
2353 5078 2408 5122 et
2460 5066 2527 5120 ad
2580 5079 2639 5120 se
2695 5064 2871 5118 modis
2920 5063 3181 5118 omnibus
3229 5062 3608 5130 pertraheret,

2034 5178 2301 5233 suamque
2360 5175 2591 5231 prorsus
2663 5157 2943 5234 redderet.
3004 5153 3162 5220 Quod
3227 5153 3316 5206 ubi
3374 5153 3613 5207 Jomues

2032 5257 2232 5311 absens
2274 5253 2506 5315 audivit,
2541 5249 2841 5316 Serapione
2874 5248 3164 5313 instigante
3194 5245 3291 5312 (AI),
3318 5259 3425 5296 non
3465 5243 3610 5306 tulit,

2033 5345 2127 5400 sed
2159 5343 2566 5416 quamprimum
2597 5359 2658 5396 ex
2692 5341 2816 5395 Asia
2846 5337 3384 5403 Constantinopolim
3422 5334 3610 5388 rediit.

2033 5440 2113 5494 Eo
2143 5454 2367 5495 reverso
2405 5437 2626 5498 accidit,
2660 5444 2721 5488 ut
2755 5433 3090 5488 Severianus
3143 5427 3345 5483 alicubi
3389 5435 3614 5494 pra-ter-

2032 5531 2160 5596 iret,
2191 5539 2244 5584 et
2269 5531 2318 5582 ei
2346 5527 2634 5597 Serapion,
2659 5525 2753 5594 qui
2788 5525 2941 5578 illum
2973 5521 3205 5584 viderat,
3227 5533 3334 5572 non
3359 5531 3615 5586 assurge-

2034 5633 2118 5677 ret
2153 5638 2167 5675 :
2211 5621 2374 5675 veluti
2426 5635 2490 5672 ex
2539 5617 2847 5687 composito
2879 5615 2959 5671 eis
2997 5615 3086 5682 qui
3125 5612 3378 5670 aderant.
3419 5618 3612 5664 osten-
