4044 6444
336 333 443 395 £65

1191 331 1782 391 ECCIESLASTIQE
1822 325 2205 391 HISTORIA!
2240 325 2383 386 LIB.
2432 324 2596 383 XIII.

3478 317 3587 380 966

340 458 479 504 σοις,
510 439 667 502 δίκας
697 438 823 507 ἄρτι
851 437 1045 504 δώσεις
1076 440 1230 509 ἡμῖν,
1259 442 1491 504 ἀσεϐοῦς
1518 446 1615 495 καὶ
1642 441 1915 512 θεομάχου

2038 439 2282 491 lamnare
2313 444 2552 503 oportet.
2586 432 2721 487 Nam
2759 432 2885 501 quia
2919 446 2983 487 ex
3021 429 3303 485 monachis
3328 428 3587 484 nonnulli

338 533 501 599 δόξαν
521 530 949 602 κληρούμενος.»
983 531 1240 599 Θεόφιλος
1268 533 1346 595 δὲ,
1381 552 1400 583 ι
1446 533 1588 587 Ἀλλ’
1618 535 1741 602 ἐμοὶ
1760 531 1921 586 τοῦτο

343 624 406 673 ὲκ
440 620 584 673 πάνυ
637 618 834 672 πολλοῦ
866 619 1136 685 δέδοκται,
1190 623 1283 674 καὶ
1338 622 1367 674 ό
1411 622 1565 689 φίλον
1613 623 1742 691 ὑμῖν
1784 622 1921 692 δρᾷν

344 712 567 781 ἕτοιμος
597 726 611 742 ⁶
639 712 740 779 οὐχ
770 706 933 783 ἦττον
963 714 1068 785 γὰρ
1105 713 1262 783 ὑμῶν
1298 715 1453 781 κάγὼ
1481 716 1593 776 τοῖς
1614 715 1921 784 Ὠριγένους

350 798 784 870 συγγράμμασιν
834 800 1095 870 ἄχθομαι,
1150 805 1244 856 καὶ
1286 807 1399 864 τοῦς
1438 805 1579 858 αὐτά
1612 806 1920 875 παραδεχο-

352 893 585 962 μένοις.»
628 891 687 946 '0
719 884 819 962 μὲν
847 889 941 947 οῦν
968 892 1108 947 οὕτω
1135 895 1195 948 τό
1224 912 1283 949 τε
1315 898 1499 964 στῖφος
1532 896 1638 950 τῶν
1668 895 1921 967 μοναχῶν

351 984 797 1056 ἀποὸουκολήσας
833 1003 893 1038 τε
934 987 1029 1040 καὶ
1060 990 1615 1058 παρακρουσάμενος.
1663 990 1761 1059 τὴν
1798 989 1926 1044 σιτά⁴

356 1092 439 1129 σιν
483 1074 708 1129 διέλυεν.
745 1076 907 1138 Ἴσως
952 1076 997 1129 δ’
1025 1078 1090 1130 ἂν
1122 1080 1217 1132 καὶ
1246 1080 1280 1148 ἡ
1311 1078 1436 1148 περὶ
1466 1078 1655 1131 τούτου
1693 1076 1924 1148 ζήτησις

358 1166 651 1236 τηνικαῦτα
673 1167 827 1231 τέλος
863 1163 976 1238 εἶχε
1008 1172 1101 1222 καὶ
1125 1171 1475 1224 παντάπασιν
1512 1170 1850 1233 ἀπεπαύετο,
1873 1170 1923 1221 εί

354 1255 428 1322 μὴ
456 1252 718 1320 Θεόφιλος
770 1255 910 1316 ιδίας
937 1256 1100 1325 χάριν
1127 1256 1329 1326 ἔχθρας
1367 1257 1696 1326 τεθνηκυῖαν
1735 1257 1925 1325 ὥσπερ

349 1343 557 1415 ἀναζῇν
573 1344 725 1407 αὖθις
750 1346 848 1413 τὴν
873 1348 1134 1416 τοιαύτην
1166 1349 1342 1401 ἐποίει
1374 1349 1626 1420 ζήτησιν,
1662 1349 1926 1419 ἄντικρυς

349 1436 437 1488 διὰ
470 1436 654 1504 μάχης
688 1434 789 1487 ίὼν
835 1435 1132 1505 ’Λμμωνίῳ
1156 1438 1249 1488 καὶ
1279 1438 1576 1507 Διοσκόρῳ,
1605 1436 1846 1505 Εὑσεδίῳ
1867 1453 1925 1488 τε

350 1529 443 1580 καὶ
470 1526 746 1596 Εὑθυμίῳ,
797 1526 847 1579 οἳ
886 1528 1102 1598 ἀδελφοὶ
1136 1531 1238 1599 μὲν
1290 1526 1447 1600 ἦσαν,
1498 1532 1559 1582 τὸ
1609 1530 1841 1598 ἐπίκλην
1868 1530 1925 1582 δὲ

348 1617 402 1669 Μ
414 1615 573 1685 πικροὶ
598 1617 930 1685 ἐπεφέροντο
950 1618 1039 1670 διὸ.
1068 1616 1168 1689 τὴν
1192 1619 1409 1688 ἠλικίαν
1436 1620 1534 1672 τοῦ
1564 1618 1813 1688 σώματος
1833 1637 1847 1651 ·
1876 1620 1925 1673 οἳ

350 1707 633 1777 εὐδόκιμοι
684 1710 793 1760 τῶν
823 1708 880 1761 ἐν
931 1709 1129 1779 Σκήτει
1160 1712 1330 1765 πάλαι
1378 1712 1682 1780 γενόμενοι,
1738 1710 1924 1780 ὥσπερ

2022 530 2076 583 in
2129 543 2325 582 eorum
2381 527 2673 581 lectionem
2727 525 3062 589 inciderunt,
3103 531 3164 578 ut
3204 523 3277 577 ita
3324 523 3588 603 sentiant,

2020 619 2271 691 persuasi
2317 628 2470 681 sunt,
2507 616 2781 686 nobisque
2831 615 3195 670 adversantur
3234 629 3249 667 :
3282 612 3365 668 sin
3406 613 3458 667 id
3509 613 3593 667 fa-

2021 724 2147 764 cere
2180 709 2358 773 noles,
2401 724 2590 779 pinnas
2623 723 2772 762 nunc
2801 707 2979 772 dabis,
3007 706 3102 776 qui
3138 705 3363 776 impiam
3393 714 3449 759 et
3481 705 3592 759 Deo

2022 807 2421 871 repugnantem
2470 797 2790 866 opinionem
2834 796 3104 865 sequaris.
3149 814 3170 848 ι
3222 796 3362 850 Tum
3405 796 3593 851 Theo.

2021 893 2208 964 philus
2244 909 2259 947 :
2312 911 2332 946 ι
2372 890 2482 947 Sed
2526 899 2583 946 et
2637 906 2757 945 mea
2807 889 3040 953 dudum,
3081 890 3285 959 inquit,
3327 889 3442 944 hmo
3488 888 3595 944 fuit

2023 983 2333 1050 sententia,
2370 992 2429 1038 et
2478 983 2627 1052 quod
2664 983 2825 1038 vobis
2874 982 3138 1053 placitum
3178 990 3283 1047 est,
3321 981 3376 1037 id
3416 982 3596 1036 facere

2026 1087 2253 1148 paratus
2302 1089 2445 1131 sum.
2485 1075 2608 1130 Non
2663 1076 2846 1128 minus
2898 1088 3162 1144 namque,
3208 1088 3371 1143 quam
3415 1070 3593 1135 vobis.

2025 1178 2081 1222 et
2135 1166 2272 1221 mihi
2325 1166 2583 1236 Origenis
2637 1164 2867 1233 scripta,
2907 1165 3113 1235 quique
3164 1181 3224 1217 ea
3283 1164 3594 1233 recipiunt,

2025 1277 2246 1334 grav-em
2282 1258 2591 1314 molestiam
2645 1257 2903 1312 aderunt.
2946 1277 2963 1308 I
3003 1257 3181 1325 Atque
3220 1257 3310 1309 ille
3370 1256 3595 1325 quidem

2027 1363 2144 1409 tum
2178 1353 2576 1408 monachorum
2613 1350 2832 1405 turbam
2866 1351 3151 1419 deceptam
3186 1368 3214 1403 a
3246 1366 3301 1403 se
3336 1350 3592 1409 removit,

2026 1458 2083 1502 et
2127 1448 2460 1503 seditionem
2515 1445 2852 1515 composuit.
2895 1444 3054 1513 371
3106 1442 3359 1496 Fortasse
3410 1452 3593 1495 autem

1992 1540 2263 1609 -qurestio
2302 1553 2527 1608 quoque
2579 1537 2681 1590 ista
2720 1536 2883 1589 tinem
2927 1547 3040 1590 tum
3089 1549 3247 1588 suum
3295 1533 3598 1597 habuisset,

2030 1630 2132 1685 nisi
2161 1646 2281 1685 eam
2315 1628 2656 1698 Theophilus
2688 1626 3104 1680 inimicitiarum
3141 1640 3362 1681 suarum
3399 1624 3596 1694 gratia,

2030 1720 2196 1773 veluti
2240 1718 2679 1780 intermortuam,
2716 1723 2783 1771 ad
2821 1716 3011 1774 vitam,
3052 1724 3110 1769 ut
3148 1715 3219 1768 ita
3259 1715 3465 1777 dicam,
3503 1732 3599 1770 τοο

350 1798 601 1869 ἔφημεν,
658 1802 963 1869 τηνικαῦτα
1016 1805 1128 1856 τῶν
1177 1802 1297 1856 κατ’
1360 1803 1640 1869 Αἴγυπτον
1697 1804 1927 1873 ⁴ίλγοῦνειό

2038 1819 2303 1872 vocasset,
2339 1816 2531 1877 aperte
2576 1805 2890 1866 Atniuonio,
2934 1806 3213 1865 Dioscoro,
3250 1805 3510 1871 Eusebio,
3544 1814 3601 1861 et

348 1892 734 1962 ἀσκητηρίων,
767 1894 864 1965 βίῳ
892 1896 983 1947 καὶ
1011 1895 1157 1966 λόγῳ
1184 1898 1530 1962 διαπρεπεῖς.
1558 1896 1729 1957 Πολὺς
1752 1896 1796 1947 δ’
1830 1894 1926 1947 αὺ-

349 1985 458 2036 τὼν
486 1984 639 2051 λόγος
663 1985 719 2037 ἐν
742 2002 801 2038 τε
834 1987 1210 2058 Ἀλεξανδρείᾳ
1238 1989 1334 2040 καὶ
1361 1989 1511 2055 παρὰ
1544 1987 1792 2057 Θεοφίλῳ
1825 1987 1928 2055 μά-

353 2074 515 2126 λιστα
543 2070 613 2146 ἦν
640 2091 654 2106 ·
690 2076 785 2127 καὶ
813 2077 903 2129 διὰ
930 2076 1089 2131 τοῦτο
1125 2078 1235 2131 τῶν
1272 2079 1330 2130 ὲν
1380 2076 1642 2148 Αἰγύπτῳ
1675 2077 1927 2146 μονσχῶν

352 2167 590 2236 μάλιστα
614 2169 1005 2239 κεχαρισμένοι
1026 2169 1177 2224 ὄντες
1197 2170 1511 2238 ἐτύγχανον.
1536 2170 1642 2223 Καὶ
1669 2168 1736 2222 τὰ
1760 2168 1928 2222 πολλᾶ

350 2260 673 2330 συνομίλους
728 2277 785 2312 τε
818 2258 955 2330 εἶχε,
984 2260 1083 2313 καὶ
1112 2262 1196 2329 ἐφ’
1226 2262 1411 2314 ἑστίαν
1444 2260 1649 2320 ἐκάλει.
1686 2262 1781 2312 καὶ
1816 2259 1930 2311 διι-

353 2349 628 2416 φερόντως
664 2349 829 2417 ἐτίμα
856 2350 982 2412 τοὺς
1019 2349 1223 2419 ἄνδρας
1245 2364 1258 2380 ο
1297 2343 1371 2403 ὧν
1400 2350 1495 2402 καὶ⁴
1530 2350 1626 2404 ἕνα
1660 2350 1751 2402 τὸν
1775 2350 1928 2401 Διόσ-

354 2456 518 2511 κορον
570 2441 664 2492 καὶ
718 2440 1135 2511 Ἐρμουπόλεως
1162 2441 1391 2495 καθίστα
1428 2443 1748 2506 ἐπίσκοπον,
1790 2440 1925 2492 πολ-

355 2533 453 2602 λὴν
484 2532 609 2603 βίαν
637 2532 958 2602 ἐπαγαγών.
989 2533 1131 2597 Τοὺς
1167 2534 1261 2587 δύο
1313 2533 1369 2587 δὲ
1419 2534 1764 2605 παρεκάλεσε
1810 2550 1933 2585 συν-

355 2625 498 2678 εἷναι
533 2625 705 2695 αὐτῷ.
729 2624 838 2679 Καὶ
867 2624 1024 2693 μόλις
1055 2626 1406 2696 μὲνέπεισεν·
1433 2621 1520 2680 οἷα
1545 2627 1601 2680 δὲ
1633 2628 1930 2690 ἐπίσκοπος

355 2718 452 2769 καὶ
481 2718 762 2786 ἠνάγκασε
793 2733 808 2749 ο
848 2719 944 2771 καὶ
971 2718 1051 2789 τῷ
1082 2718 1173 2770 ὑπ’
1197 2718 1362 2773 αὐτὸν
1385 2720 1576 2790 κλήρῳ
1601 2719 1934 2789 συγκαταλέ-

357 2809 479 2873 ξας.
507 2812 608 2878 τὴν
652 2810 750 2877 τῆς
791 2810 1117 2881 Ἐκκλησίας
1148 2810 1465 2880 οἰκονομίαν
1494 2809 1705 2863 διέπειν
1739 2810 1935 2879 ἐχείρι-

356 2901 468 2965 ξεν.
506 2905 568 2957 Οί
604 2902 659 2956 δὲ
715 2905 779 2971 τῇ
816 2902 911 2973 βίᾳ
953 2903 1270 2972 νικώμενοι.
1298 2902 1375 2968 ὡς
1406 2902 1580 2974 χρεὼν
1609 2900 1709 2971 μὲν
1734 2895 1824 2970 ἦν,
1863 2901 1930 2969 τῇ

356 2995 638 3065 οἰκονομίᾳ
670 2995 994 3064 διέπρεπονο
1033 2995 1187 3058 ἀνίας
1225 2995 1271 3049 δ’
1309 2992 1449 3067 ἦσαν
1478 2996 1687 3066 μεστοὶ,
1719 2995 1823 3061 ὅτι,
1854 2992 1930 3056 ὡς

358 3074 438 3157 μὴ
467 3086 724 3150 καθάπαξ
759 3088 1073 3154 προέθεντο,
1120 3089 1185 3157 τῇ
1234 3087 1523 3157 φιλοσοφίᾳ
1552 3087 1925 3157 προσέκειντο.

2031 1897 2325 1968 Euthymio
2373 1896 2720 1960 adversatus,
2755 1895 2852 1965 qui
2906 1894 3104 1949 fratres
3137 1896 3380 1963 germani
3414 1904 3599 1968 erant,

2025 1998 2082 2044 et
2114 2000 2536 2057 cognomentum
2595 1987 2914 2055 Lougorum
2946 1996 3169 2057 propter
3199 1989 3446 2055 corporis
3475 1965 3599 2057 [ινδι-

2027 2080 2314 2133 ceritatem
2356 2079 2655 2133 habebant.
2693 2079 2757 2133 ili
2792 2080 3042 2148 praclari
3074 2080 3303 2143 dudum,
3332 2084 3599 2149 quemad-

2029 2174 2252 2226 modum
2302 2172 2566 2235 diximus,
2611 2173 2664 2225 in
2719 2173 2868 2228 Secti
2925 2174 3148 2228 fuerant
3190 2193 3203 2229 :
3246 2184 3359 2227 tutu
3413 2187 3598 2230 autem

2031 2264 2085 2318 in
2133 2263 2367 2334 [Egypto
2421 2264 2773 2318 monasteriis
2821 2267 3223 2335 praesidebant,
3269 2277 3326 2321 et
3383 2269 3491 2322 vita
3544 2278 3603 2323 et

2031 2356 2279 2409 doctrina
2340 2354 2708 2425 perutilebres.
2768 2356 2932 2411 Multa
2980 2370 3164 2411 autem
3216 2374 3405 2413 eorum
3456 2360 3603 2414 {anna

2034 2445 2386 2499 Alesaudrite
2416 2458 2470 2499 et
2500 2445 2848 2513 potissimum
2883 2448 3027 2510 apud
3064 2448 3430 2516 Theophilum
3459 2460 3603 2513 erat,

2032 2534 2126 2604 qui
2161 2536 2334 2605 gratia
2368 2544 2427 2591 et
2466 2537 2692 2589 nomine
2732 2549 2899 2605 supra
2931 2537 3069 2591 alios
3097 2536 3383 2607 Egyptios
3420 2556 3606 2594 monu-

2033 2628 2169 2682 chos
2210 2627 2503 2695 pollentes.
2536 2626 2822 2695 Frequens
2857 2643 2981 2681 cum
3016 2614 3098 2682 eis
3126 2630 3433 2699 Theophila
3471 2647 3607 2685 con-

2034 2718 2270 2775 suetudo
2303 2717 2707 2774 fuit.Convivio
2732 2721 2883 2772 enim
2914 2736 3009 2774 eos
3033 2721 3429 2789 exeipit~bat,et
3454 2737 3609 2776 sum-

2038 2826 2261 2881 mopere
2331 2811 2659 2865 honorabat.
2724 2810 3042 2865 Dioscorqu
3099 2828 3356 2882 quoque,
3409 2830 3603 2884 magna

2039 2903 2089 2957 vi
2146 2903 2443 2966 adactum,
2507 2902 2855 2972 llermopolis
2917 2903 3237 2972 episcopum
3298 2906 3606 2962 constituit.

2041 2993 2190 3048 Duos
2230 3004 2441 3059 autem,
2490 3004 2547 3047 ut
2596 3008 2781 3046 secum
2831 3001 3040 3057 essent,
3085 2992 3340 3049 hortatus
3381 3004 3465 3049 est
3499 3013 3513 3048 :
3552 3005 3610 3050 et

2044 3086 2134 3141 vix
2170 3083 2259 3143 eis
2294 3087 2513 3140 tandem
2552 3085 2845 3155 persuasit,
2878 3102 2974 3140 seu
3018 3088 3201 3155 potius
3231 3096 3290 3141 ut
3316 3089 3610 3158 episcopus

359 3152 521 3233 ;Earet
548 3179 602 3231 δὲ
628 3152 876 3249 προῖόντι
905 3178 985 3249 τῷ
1015 3152 1193 3249 χρόνῷ
1230 3152 1370 3232 κατὰ
1392 3152 1571 3249 ψυχὴν
1598 3152 1935 3249 βλάπτεσθαι

2039 3178 2093 3234 id
2137 3194 2235 3232 eos
2280 3180 2458 3231 facere
2499 3177 2702 3247 coegit.
2740 3176 2933 3244 Itaque
2978 3178 3058 3231 eis
3093 3178 3143 3230 iu
3182 3178 3317 3232 cieri
3357 3152 3608 3236 ordinem

360 3269 554 3342 ᾤοντο,
585 3272 676 3323 τὸν
739 3270 1003 3339 Θεόφιλον
1052 3270 1343 3341 βλέποντες
1379 3270 1472 3324 τὸν
1505 3269 1937 3340 χρηματιστικὸν

363 3365 482 3434 βίον
538 3364 1080 3434 μεταχειριζόμενον,
1148 3365 1323 3418 πάντα
1372 3363 1422 3416 τ’
1481 3361 1938 3433 ὲξαργυρίζεσθαι

363 3456 736 3525 πεποιημένον
789 3455 1065 3526 σπουδὴν,
1117 3456 1211 3509 καὶ
1260 3456 1436 3508 πάντα
1488 3455 1669 3521 λίθον,
1730 3453 1788 3506 τὸ
1842 3453 1938 3506 τοῦ

364 3548 551 3615 λόγου,
575 3546 829 3599 κινοῦντα
850 3545 991 3598 ὥστε
1014 3545 1113 3613 τῆς
1139 3546 1314 3615 ὀσμῆς
1341 3545 1435 3598 τοῦ
1458 3547 1682 3614 χρυσίου
1709 3545 1938 3617 ὀσφραί-

370 3640 581 3703 νεσθαι,
630 3640 692 3690 τὸ
751 3641 990 3691 συνεῖναι
1044 3638 1242 3707 ἐκείνῳ
1295 3639 1795 3709 παραιτησάμενοι,
1840 3639 1941 3708 τὴν

367 3734 604 3804 ἐρημίαν
632 3729 787 3794 αὖθις
821 3730 1149 3799 ἠσπάζοντο,
1184 3732 1282 3817 τῇς
1326 3732 1385 3783 ἐν
1414 3730 1569 3783 ἄστει
1627 3732 1942 3801 προτιμῶν-

365 3843 459 3889 τες
483 3827 780 3893 διαγωγῆς.
819 3823 880 3879 '0
911 3824 988 3889 δὲ,
1019 3823 1124 3897 ἒῳς
1155 3824 1253 3893 μὲν
1275 3826 1473 3877 ἐκεῖνοι
1496 3822 1785 3877 ἐλάνθανον
1809 3823 1943 3877 ἄλλα

370 3919 835 3991 προφασιζόμενοι
854 3959 871 3984 ,
910 3917 1096 3987 μένειν
1122 3934 1181 3969 τε
1215 3917 1547 3985 παρεκάλει,
1578 3920 1673 3969 καὶ
1700 3916 1800 3986 τὴν
1827 3913 1943 3985 μετ’

367 4013 581 4064 ἐκείνου
608 4011 764 4080 ἠξίου
794 4009 1084 4079 διατριϐήν
1122 4024 1138 4039 ·
1168 4009 1244 4071 ὡς
1273 4009 1331 4063 δὲ
1377 4010 1520 4077 ἔγνω
1553 4007 1942 4076 κατεγνωσμέ-

370 4120 460 4167 νος
492 4103 721 4165 ἐκείνοις
751 4101 851 4166 ὢν,
877 4100 1051 4172 θυμοῦ
1105 4100 1432 4172 ἐπληροῦτο,
1465 4100 1561 4153 καὶ
1605 4101 1706 4153 οὑκ
1751 4100 1947 4170 ἔληγεν

366 4196 762 4267 ὀργιζόμενος·
807 4194 902 4248 καὶ
964 4193 1180 4263 ἠπείλει
1236 4195 1343 4246 πᾶν
1371 4193 1428 4246 εἴ
1481 4210 1532 4243 τι
1588 4192 1759 4245 δεινὸν
1813 4192 1946 4261 δρᾷν

369 4290 621 4352 ἐκείνοις.
651 4289 713 4341 Ut
741 4287 798 4341 δὲ
828 4285 940 4341 τῶν
989 4285 1377 4356 ἠπειλημένων
1412 4283 1588 4354 μικρὰ
1619 4283 1944 4352 φροντίσανο

369 4402 483 4447 τες,
522 4383 763 4451 ἐχώρουν
787 4378 946 4443 αὖθις
977 4378 1119 4431 κατά
1180 4379 1278 4448 τὴν
1337 4376 1567 4447 ἔρημον.
1621 4374 1837 4445 Θερμὸς
1887 4375 1947 4428 δὲ

2039 3274 2330 3339 cooptatis,
2360 3270 2617 3324 Ecclesiae
2637 3269 2999 3325 (petulantiam
3023 3284 3124 3325 seu
3142 3269 3606 3340 dispensationem

2037 3362 2340 3432 gerendam
2371 3361 2748 3416 demandavit.
2789 3361 2960 3416 Porro
3005 3363 3083 3416 illi
3120 3364 3169 3416 vi
3205 3366 3403 3427 coacti,
3441 3367 3513 3419 ita
3549 3376 3612 3421 ut

2041 3453 2248 3517 decuit,
2276 3453 2706 3522 dispensationis
2734 3457 2854 3525 ejus
2892 3470 3122 3509 munere
3187 3456 3445 3510 obeundo
3488 3459 3614 3512 eui-

2045 3555 2270 3601 tueruut
2304 3564 2317 3598 :
2347 3562 2581 3601 mmrore
2624 3558 2808 3603 autem
2844 3547 2990 3617 pleni
3028 3552 3373 3621 erangquod
3401 3566 3501 3618 pro
3545 3566 3613 3605 eo

2042 3649 2209 3708 atque
2247 3655 2357 3693 non
2400 3639 2570 3693 semel
2609 3641 3050 3705 constituissent,
3089 3642 3455 3711 philosophia:
3498 3657 3614 3697 sua:

2044 3746 2153 3784 non
2191 3730 2597 3785 incumberent.
2635 3731 2932 3800 Postquam
2977 3741 3161 3786 autem
3205 3740 3450 3800 tempore
3489 3748 3617 3802 pro-

2044 3821 2297 3886 cedente,
2325 3822 2378 3876 iu
2406 3823 2608 3881 animis
2639 3826 2741 3893 ipsi
2775 3824 2894 3879 suis
2922 3839 2980 3879 se
3008 3825 3128 3879 laedi
3159 3834 3437 3893 putarent.
3465 3826 3614 3895 quod

2047 3913 2453 3984 Theophilum,
2506 3930 2603 3985 per
2652 3916 2977 3982 avaritiam,
3023 3926 3395 3986 qumstuosam
3446 3919 3614 3971 vitam

2047 4007 2227 4076 sequi,
2275 4018 2442 4077 atque
2493 4008 2682 4061 omnia
2742 4023 2939 4077 magno
2991 4006 3178 4062 studio
3227 4010 3301 4067 in.
3329 4017 3613 4077 argentum

2048 4099 2337 4167 redigere,
2382 4114 2719 4167 onmemque
2770 4099 2908 4153 adeo
2958 4098 3234 4168 lapidem,
3287 4100 3433 4168 quod
3487 4114 3620 4168 pro-

2048 4189 2243 4243 verbio
2275 4189 2500 4255 dicitur,
2536 4205 2777 4256 movere,
2815 4200 2877 4244 ut
2916 4190 3038 4244 auri
3083 4190 3253 4245 odore
3297 4193 3619 4258 periruere-

2050 4289 2162 4341 tur,
2191 4279 2444 4335 viderent
2474 4295 2488 4333 :
2518 4280 2833 4335 convictum
2858 4279 2978 4349 ejus
3008 4279 3373 4342 declinantes,
3404 4279 3459 4331 in
3489 4280 3618 4332 soli-

2051 4372 2299 4427 tudinem
2336 4387 2580 4438 rursum,
2615 4387 2776 4441 quam
2810 4372 3034 4426 urbanae
3064 4371 3188 4425 vitae
3231 4371 3616 4440 praeferebant,

372 4477 614 4547 μάλιστα
637 4472 897 4540 Θεόφιλος
930 4470 1030 4534 ὢν,
1067 4469 1342 4540 ραγδαίως
1374 4471 1599 4538 ἐφέρετο
1625 4468 1746 4522 κατ’
1766 4466 1936 4523 αὐτῶι

2050 4481 2108 4521 se
2143 4466 2521 4521 contulerunt.
2557 4464 2921 4535 Theophilus,
2954 4463 3132 4534 quoad
3177 4463 3253 4517 illi
3292 4478 3407 4517 rem
3441 4462 3617 4531 ipsam

376 4566 839 4638 σκευωρήσασθαι
877 4566 1003 4627 τοὺς
1028 4563 1229 4630 ἄνδρας
1278 4562 1663 4631 διανοούμενος
1703 4579 1716 4592 ο
1755 4560 1850 4614 καὶ
1884 4558 1948 4629 δὴ

375 4664 471 4715 καὶ
502 4663 582 4724 εἰς
613 4663 767 4728 μῖσος
796 4654 1254 4729 ἐχώρειτάδελφῷ
1276 4654 1577 4723 Διοσκόρῳ,
1610 4653 1668 4704 ὂν
1709 4653 1947 4722 Ἐρμου-

377 4755 585 4815 πόλεως
627 4752 930 4806 ἐπίσκοπον
975 4747 1393 4817 καταστήσειεν.
1447 4746 1606 4799 Ἡνία
1649 4745 1706 4798 δὲ
1757 4745 1950 4798 τοῦτον

348 4906 353 4910 ,
378 4849 616 4918 μάλιστα
645 4846 706 4898 τὸ
728 4844 852 4904 τοὺς
880 4842 940 4895 ἐν
995 4840 1233 4910 ἀσκήσει
1272 4840 1631 4908 διαφέροντας
1688 4839 1950 4908 προσκεῖ-

379 4942 528 5001 σθαι,
552 4936 648 4990 καὶ
674 4935 809 4988 πολύ
834 4952 887 4988 τι
917 4932 1079 4995 σέϐας
1109 4932 1297 4999 νέμε-ιν
1327 4932 1511 4993 αὐτοῖς
1543 4945 1557 4959 ⁸
1590 4931 1683 4983 καὶ
1709 4930 1790 4991 είς
1825 4929 1952 4981 νοῦν

377 5033 602 5102 ἀνῆγεν,
625 5029 701 5092 ὡς
733 5028 789 5079 ἐν
819 5025 992 5079 οὐδενί
1029 5040 1137 5076 τινι
1180 5023 1368 5094 τρόπῳ
1407 5021 1621 5087 ἐξέσται
1668 5021 1953 5091 παραϐλα-

378 5124 479 5194 ψαι
506 5123 722 5188 αὐτοὺς,
761 5120 809 5173 εί
841 5118 918 5188 μὴ
949 5118 1045 5170 καὶ
1070 5116 1126 5168 τὸ
1160 5115 1268 5167 τῶν
1303 5116 1557 5186 μοναχῶν
1598 5116 1780 5183 στῖφος
1826 5114 1953 5166 τούς

381 5236 495 5280 τοις
526 5213 952 5283 ἐκπολεμώσειε.
990 5208 1156 5261 Ταῦτ’
1190 5207 1281 5262 οὖν
1329 5207 1736 5277 βουλευόμενος,
1774 5204 1951 5258 tomi-

383 5329 452 5382 τη
492 5309 694 5378 χρῆται
729 5308 795 5376 τῇ
833 5306 1051 5374 μηχανῇ
1089 5319 1103 5334 ⁸
1136 5302 1191 5367 ἐξ
1216 5294 1290 5355 ὧν
1353 5301 1457 5370 γὰρ
1495 5298 1754 5361 πολλάκις
1806 5300 1954 5369 αὐτῷ

385 5402 769 5471 συγγινόμενοι
798 5400 925 5465 περὶ
957 5394 1098 5448 Θεοῦ
1158 5394 1484 5461 διελέγοντο,
1542 5392 1789 5463 ἀκριϐῶς
1837 5395 1954 5464 ᾔιῖει

386 5495 716 5567 φρονοῦντας
749 5491 821 5555 ὼς
855 5494 881 5544 ὁ
907 5490 1007 5558 μὲν
1044 5489 1177 5552 Θεὸς
1207 5487 1496 5556 ἁσώματός
1546 5487 1685 5550 ἐστι,
1718 5488 1813 5539 καὶ
1864 5489 1957 5541 ἀν-

384 5591 635 5665 θρωπίνῃ
688 5590 869 5659 μορφῇ
901 5586 996 5639 καὶ
1043 5586 1286 5654 σχήματι
1337 5585 1569 5652 πάμπαν
1633 5581 1953 5652 ἀλλότριος·

386 5688 455 5741 δι’
486 5686 731 5752 ἀνάγκης
756 5684 863 5751 γὰρ
907 5680 1110 5731 ἐνεῖναι
1146 5677 1224 5745 τῷ
1279 5674 1736 5745 ἀνθρωπομόρφῳ
1782 5671 1842 5725 τὸ
1872 5674 1958 5724 ἀν-

390 5778 774 5850 Θριυποπαθές.
806 5777 871 5827 Ὀ
893 5773 956 5843 δὴ
992 5772 1082 5824 καὶ
1119 5768 1404 5839 παρὰ-τῶν
1433 5766 1684 5822 παλαιῶν
1732 5764 1953 5835 ἐξηκρίο

2049 4559 2324 4622 celantes,
2372 4567 2693 4628 praetextum
2747 4558 2914 4612 alium
2964 4558 3355 4617 obtenderunt,
3410 4572 3504 4609 eos
3563 4564 3622 4607 ut

2053 4657 2358 4712 tuatiereul,
2391 4658 2447 4701 et
2481 4647 2884 4701 consuetudine
2922 4660 3021 4701 sua
3071 4653 3386 4707 uterentur,
3422 4645 3623 4695 cohor-

2054 4753 2200 4797 tatus
2227 4752 2335 4797 est.
2366 4742 2465 4797 Ubi
2495 4756 2625 4794 vero
2655 4756 2713 4795 se
2735 4739 2946 4812 judicio
2972 4755 3160 4793 eorum
3188 4738 3617 4792 condemnatum

2049 4850 2174 4889 esse
2229 4834 2533 4904 comperit,
2584 4832 2665 4887 ira
2718 4833 2996 4902 percitus,
3048 4830 3448 4886 excandescere
3509 4845 3622 4891 non

2053 4928 2239 4989 desiit,
2272 4939 2327 4982 et
2361 4925 2471 4981 illis
2503 4940 2561 4979 se
2592 4925 2735 4979 mala
2777 4926 2958 4978 omnia
2993 4924 3265 4977 facturum
3298 4938 3415 4976 esse
3449 4921 3626 4975 mina-

2056 5028 2144 5071 tus
2178 5027 2282 5071 est.
2318 5022 2379 5069 At
2418 5018 2494 5070 illi
2544 5016 2723 5070 minas
2767 5016 2887 5086 ejus
2932 5014 3068 5068 nihil
3108 5013 3323 5076 morati,
3361 5013 3415 5066 in
3451 5013 3623 5075 solos,

2057 5120 2116 5162 ut
2146 5111 2354 5162 dlt'ltltll
2386 5119 2491 5172 est,
2531 5124 2749 5160 rursum
2782 5108 2935 5162 locos
2965 5122 3022 5160 se
3060 5112 3408 5175 receperunt.
3444 5103 3630 5157 Theo-

2058 5204 2242 5272 pli:lus
2293 5213 2478 5254 autem
2532 5203 2696 5254 homo
2752 5198 3287 5259 vehementiSsimus,
3331 5194 3475 5264 quod
3525 5195 3629 5247 im-

2057 5311 2185 5368 petu
2224 5298 2463 5364 quodam
2513 5294 2772 5355 ferretur,
2813 5291 3095 5345 insidiosis
3136 5288 3379 5341 consiliis
3422 5284 3628 5338 adoriri

2056 5409 2153 5444 eos
2207 5388 2498 5442 constituit
2537 5403 2550 5440 :
2591 5395 2645 5440 et
2714 5384 2898 5439 odisse
2945 5383 3111 5437 etiam
3161 5380 3383 5432 fratrem
3436 5376 3631 5430 eor‘um

2060 5485 2380 5538 Dioscorum
2412 5481 2598 5550 cu‘pit,
2626 5495 2786 5548 quem
2809 5474 3121 5543 llertnopoli
3143 5472 3464 5540 episcopum
3492 5482 3634 5537 pra:-

2056 5575 2290 5627 fecerat.
2333 5570 2561 5624 Dolebat
2613 5567 2823 5623 homini
2868 5565 3192 5635 plurimum,
3232 5556 3629 5613 monachorum

2059 5664 2545 5736 prasstantissimos
2574 5674 2827 5729 quosque
2872 5657 2980 5710 illis
3019 5653 3221 5715 favere,
3264 5660 3633 5717 magnumque

2062 5772 2325 5832 praestare
2372 5760 2638 5812 honorem
2672 5772 2685 5808 :
2724 5764 2836 5806 tum
2884 5760 3068 5804 autent
3104 5752 3162 5801 et
3198 5742 3326 5798 illud
3366 5744 3418 5794 in
3450 5738 3633 5793 animo
