4044 6466
337 446 446 510 θὸθ

1225 443 1827 509 ECCLESIASTICx‘E
1866 446 2257 508 HISTORIA!
2298 444 2444 507 LIB.
2488 445 2655 507 XIII.

3478 447 3582 510 970

331 558 431 629 χοῦ
466 556 534 628 τῇ
581 556 639 623 ἐξ
686 556 947 610 ἁπάντων
996 559 1155 630 φήμῃ
1191 560 1501 629 γινόμενος.
1558 561 1623 614 Οἱ
1679 559 1737 612 δὲ
1782 560 1910 628 περὶ

2020 557 2227 627 ubique
2273 558 2512 614 celebris
2540 564 2613 621 ,ει
2643 555 2849 611 clarus.
2894 552 3188 612 Dioscorus
3234 563 3418 612 autem
3458 573 3584 614 cum

334 649 635 721 Διόσκορον
659 649 728 703 τά
779 649 878 721 μὲν
937 650 1133 719 πρῶτα
1190 653 1271 714 εἰς
1325 650 1672 722 Ἱεροσόλυμα
1725 646 1906 723 ἧκον’

334 743 549 796 ἐκεῖθέν
573 759 629 795 τε
658 742 737 806 είς
773 741 1115 796 Σκυθόπολιν
1168 745 1538 815 μετεχώρουν,
1594 745 1912 814 ἐπιτηδείαν

336 837 524 900 αὐτοῖς
562 837 701 906 πρὸς
721 836 1007 891 κατοικίαν
1057 834 1223 892 οὖσαν
1255 838 1345 891 διά
1375 838 1438 891 τὸ
1488 838 1598 890 τῶν
1652 838 1913 905 φοινίκων

339 927 544 995 πλῆθος
575 942 588 959 ’
614 929 725 991 τοῖς
757 928 865 999 γάρ
898 928 1120 997 φύλλοις
1144 928 1367 984 ἐκείνων
1398 930 1643 1000 ἐχρῶντο
1674 930 1810 1001 πρὸς
1844 929 1919 983 τὰ

341 1024 599 1091 μοναχοίς
621 1022 881 1093 ἀνδράσιν
912 1022 1189 1093 ἀνήκοντα
1222 1023 1382 1096 ἔργα.
1428 1026 1550 1080 -Καὶ
1597 1027 1792 1094 ἄνδρες
1856 1023 1912 1077 δὲ

336 1115 553 1177 τούτοις
586 1115 685 1183 τῆς
709 1117 918 1185 ἐρήμου
951 1116 1167 1187 ἐκείνης
1194 1119 1411 1173 εἵποντο
1438 1121 1583 1190 ἀμφὶ
1614 1121 1913 1189 ὀγδοήκον-

338 1215 433 1262 ταζ
459 1207 713 1274 Θεόφιλος
746 1207 800 1259 δὲ
834 1208 1041 1272 δείσας,
1066 1209 1147 1271 είς
1176 1209 1276 1278 τὴν
1308 1211 1724 1264 Κωνσταντίνου
1752 1211 1913 1275 εὐθὺς

336 1298 611 1367 ἔπεμπεν,
662 1295 804 1351 ὥστε
830 1298 1030 1362 αὐτοὺς
1061 1300 1412 1370 σκευωρῆσαι
1465 1301 1759 1364 διαϐολαῖς,
1815 1304 1913 1370 ἐμ-

340 1390 518 1443 ποδών
547 1408 605 1443 τε
651 1398 1021 1460 καταστῆναι,
1052 1393 1108 1445 εί
1161 1408 1229 1460 γε
1287 1394 1418 1463 περί
1455 1411 1599 1458 τινος
1650 1394 1915 1463 βασιλέως

336 1477 545 1530 δέοιντο
578 1494 595 1511 ο
635 1478 663 1531 ὃ
724 1478 788 1546 δὴ
830 1481 878 1532 oi
924 1482 1052 1548 περὶ
1115 1482 1425 1550 Ἀμμώνιον
1469 1484 1566 1536 καὶ
1623 1485 1913 1556 Διόσκορον

335 1569 667 1636 διαγνόντες,
698 1572 862 1634 εὐθὺς
914 1573 1009 1624 καὶ
1041 1573 1197 1625 αὐτοὶ
1231 1577 1313 1637 είς
1356 1575 1459 1646 τὴν
1496 1576 1912 1630 Κωνσταντίνου

338 1664 635 1721 ἀπέπλεον.
701 1666 878 1736 Συνῆν
911 1668 969 1721 δὲ
1000 1669 1188 1731 αὐτοῖς
1247 1674 1342 1722 καὶ
1377 1669 1671 1739 Ἰσίδωρος,
1724 1672 1794 1724 δι’
1849 1672 1911 1725 οὗ

337 1756 437 1824 τῆς
459 1756 661 1825 ἔχθρας
696 1760 791 1811 καὶ
830 1763 940 1823 τοῖς
971 1779 1035 1813 πε
1046 1762 1099 1831 ρτ.
1133 1763 1423 1833 Διόσκορον
1454 1765 1534 1826 είς
1571 1769 1727 1831 μίσος
1756 1765 1915 1816 κατέ·-

336 1864 436 1918 στη
465 1848 758 1919 Ἰσίδωρος,
788 1852 1001 1905 ὀπάλαι
1035 1852 1134 1922 μὲν
1164 1854 1259 1906 ἐπὶ
1307 1854 1463 1906 τόσον
1516 1854 1761 1924 Θεοφίλῳ
1821 1874 1911 1910 κε·

334 1942 688 2010 χαρισμένος,
721 1942 804 1995 ὅτι
834 1960 897 2009 γε
931 1946 1025 1998 καὶ
1081 1946 1223 2013 μετά
1257 1945 1563 2015 Νεκτάριον
1606 1950 1911 2001 ἐπίσκοπον

333 2032 433 2099 τῆς
458 2033 868 2086 Κωνσταντίνου
905 2037 1238 2104 χειροτονεῖν
1283 2036 1587 2102 ἐσπούδαζε
1621 2055 1636 2069 ·
1688 2039 1807 2093 τότε
1851 2040 1911 2094 δὲ

335 2124 726 2197 ἀπηχθημένος
764 2127 830 2179 τὰ
863 2116 1100 2195 μάλιστα
1121 2127 1190 2180 δι’
1218 2128 1400 2182 αἰτίαν
1422 2131 1636 2185 τοιάνδε
1661 2150 1675 2163 ·
1703 2132 1912 2203 Πέτρος

333 2228 416 2274 τις
440 2207 508 2282 ἦν
533 2213 751 2284 πρῶτος
796 2214 908 2268 τῶν
956 2217 1016 2268 ὲν
1072 2216 1456 2289 Ἀλεξανδρείᾳ
1500 2220 1925 2297 π-ρεσϐυτέρωνη

329 2302 392 2355 ὃν
429 2302 741 2373 ἀμύνασθαι
765 2305 1027 2372 Θεόφιλος
1060 2305 1345 2374 βουληθεὶς
1372 2308 1462 2363 διά
1514 2326 1635 2362 τινα
1698 2310 1912 2381 συμὸᾶη

332 2413 438 2449 σαν
474 2395 795 2466 ἀπέχθειαν,
826 2397 926 2467 τῆς
984 2398 1451 2469 ὲκκλησιαστικῆς
1507 2400 1667 2465 ἀξίας
1712 2401 1912 2466 ἐξῶσαι

334 2485 590 2539 διενοεῖτο
614 2502 629 2520 ⁴
663 2488 870 2557 μέμψιν
894 2487 938 2540 δ’
975 2491 1185 2560 ὲπῆγεν
1212 2490 1384 2561 αὐτῷ,
1417 2492 1493 2556 ὡς
1523 2494 1762 2561 γυναῖκά
1787 2510 1912 2549 τινα

333 2580 432 2647 τῆς
482 2581 830 2651 Μανιχαίκῆς
887 2583 1159 2652 αἱρέσεως
1211 2584 1414 2649 οὖσαν,
1466 2587 1636 2658 πρινὴ
1705 2589 1913 2659 ταύτην

336 2674 717 2745 ἀπαγορεῦσαι
746 2675 846 2745 τὴν
882 2676 1125 2747 αἵρεσιν,
1181 2678 1345 2732 θείων
1394 2681 1711 2752 μυστηρίων
1744 2696 1913 2738 κατα-

331 2765 549 2832 ξιῶσαι.
585 2768 696 2821 Καὶ
732 2768 907 2831 ἄλλως
936 2769 993 2822 δὲ
1026 2771 1175 2840 αὐτῷ
1209 2772 1578 2842 ἀπηχθάνετο.
1622 2775 1681 2828 '0
1720 2777 1764 2828 δ’
1812 2779 1915 2849 ἀρ-

335 2859 809 2929 χιπρεσόύτερος,
871 2862 965 2915 καὶ
1009 2863 1153 2916 κατά
1207 2863 1371 2934 νόμον
1426 2866 1526 2936 τῆς
1579 2867 1914 2938 Ἐκκλησίας

329 2950 516 3022 ἐκείνῃ
546 2950 815 3021 προϐῆναι
843 2953 935 3006 τὸν
951 2955 1117 3023 νόμον
1134 2954 1310 3024 ἔλεγε.
1343 2957 1454 3011 Καὶ
1482 2954 1653 3014 αὐτοῦ
1685 2959 1742 3014 δὲ
1782 2978 1915 3031 προ-

332 3047 824 3125 τροπῇ-Θεοφίλου,
851 3048 929 3110 είς
973 3048 1040 3102 τὰ
1081 3051 1367 3120 μυστήρια
1403 3053 1804 3125 παραδεδὲχθαι
1853 3056 1913 3108 τὸ

261 3158 271 3170 ο
333 3122 556 3205 γύναιον
578 3139 891 3195 διετείνετο.
934 3141 995 3196 '0
1026 3141 1072 3195 δ’
1104 3143 1406 3209 ἐπίσκοπος
1462 3122 1783 3216 ἠγανάκτει,
1819 3150 1914 3202 καὶ

2015 653 2131 706 suis
2158 651 2535 723 Hierosolyma
2556 651 2798 722 primum
2820 650 3120 713 concessit.
3139 637 3336 707 deinde
3361 651 3593 724 Scytho-

2016 743 2183 812 polim
2216 759 2275 798 se
2318 744 2599 798 contulit:
2631 759 2793 814 quem
2834 745 3019 797 locum
3064 742 3326 799 idoneum
3371 747 3476 803 sibi
3507 757 3586 802 at-

2015 851 2122 902 que
2155 836 2270 890 suis
2299 852 2422 891 esse
2452 837 2519 891 ad
2562 837 2919 893 incolendum
2963 839 3179 907 putavit
3217 847 3442 910 propter
3472 841 3591 910 pal-

2016 941 2230 981 marum
2281 926 2673 998 frequentiam,
2709 929 2855 999 quod
2897 946 3086 985 earum
3131 931 3279 988 foliis
3314 933 3380 987 ad
3420 948 3588 1002 opera

2016 1034 2114 1073 sua
2147 1020 2401 1074 monachi
2438 1031 2587 1075 recte
2622 1030 2937 1079 uterentur.
2982 1023 3367 1092 Sequebantur
3402 1032 3589 1080 autem

2014 1124 2111 1164 eos
2165 1110 2486 1165 solitudinis
2541 1109 2691 1165 illius
2747 1111 2851 1166 viri
2910 1111 3136 1167 circiter
3165 1113 3461 1184 octoginta.
3521 1114 3591 1167 At

2014 1201 2353 1271 Theophilus
2381 1202 2487 1258 sibi
2521 1214 2794 1266 metuens,
2828 1205 3014 1259 statim
3054 1205 3588 1275 Constantinopolim

2013 1309 2144 1349 suos
2187 1295 2360 1361 misit,
2392 1295 2488 1364 qui
2539 1310 2663 1349 cum
2710 1296 2820 1349 illis
2866 1310 2967 1365 per
3009 1297 3319 1352 calumnias
3358 1298 3591 1353 insidias

2013 1392 2334 1457 struerem,
2384 1395 2498 1440 tum
2542 1387 2708 1439 etiam
2754 1385 2802 1439 si
2851 1385 2982 1455 quid
3029 1386 3106 1440 illi
3152 1389 3220 1440 ab
3258 1388 3591 1456 imperatore

2014 1479 2304 1538 peterent,
2350 1472 2757 1540 impedimento
2810 1475 2894 1530 eis
2945 1481 3151 1531 essent.
3204 1476 3282 1531 De
3331 1491 3443 1541 quo
3496 1477 3589 1531 ubi

2014 1559 2346 1615 Ammonius
2377 1570 2432 1615 et
2468 1563 2768 1618 Dioscorus
2805 1565 3076 1619 certiores
3108 1574 3240 1620 sunt
3276 1564 3427 1630 facti,
3463 1581 3597 1620 cono

2013 1649 2199 1706 testim
2241 1661 2297 1706 et
2331 1652 2438 1721 ipsi
2486 1654 3021 1726 Constant‘uopolim
3068 1657 3424 1726 navigarunt.
3469 1658 3596 1713 Fuit

2015 1743 2162 1798 cnim
2201 1759 2328 1799 cum
2366 1746 2452 1800 eis
2494 1746 2764 1812 Isidorus,
2807 1757 3035 1818 propter
3071 1752 3230 1821 cujus
3272 1751 3593 1807 inimicitias

2014 1832 2343 1891 Dioscorum
2373 1850 2594 1907 quoque
2657 1855 3059 1911 germanosque
3085 1844 3207 1913 ejus
3252 1842 3593 1911 Theophilus

1941 1904 1986 1963 Β
2016 1928 2192 1999 magis
2233 1904 2417 1985 odisse
2460 1904 2800 2001 ccepitsvllic
2832 1934 2918 1986 vir
2951 1904 3174 2004 quidem
3222 1935 3359 1990 adeo
3405 1904 3590 1991 Theo-

2014 2020 2168 2092 philo
2217 2024 2423 2079 charus
2478 2035 2641 2080 antea
2695 2025 2895 2088 fuerat,
2939 2037 2999 2083 ut
3048 2027 3202 2082 illum
3250 2030 3419 2083 etiam
3468 2038 3592 2098 post

2011 2113 2254 2169 Nectarii
2312 2124 2545 2170 mortem
2607 2131 2801 2186 magna
2855 2117 3214 2171 contentione
3265 2117 3588 2187 episc0pum

2015 2205 2689 2277 Constantinopolitanum
2721 2208 2924 2265 factum
2953 2196 3210 2264 voluerit.
3241 2210 3378 2264 Tum
3404 2221 3590 2266 autem

2015 2298 2203 2355 hostili
2250 2299 2489 2378 maxime
2530 2300 2587 2356 in
2627 2315 2755 2355 eum
2797 2311 2920 2356 erat
2963 2302 3171 2366 animo,
3201 2318 3324 2357 cum
3356 2303 3491 2357 alias
3518 2303 3593 2357 ob

2012 2407 2230 2459 causas,
2256 2405 2371 2448 tum
2396 2404 2626 2465 propter
2648 2394 2793 2450 hanc
2811 2394 3184 2465 potissimum.
3211 2394 3341 2450 Erat
3361 2395 3594 2452 Alexan-

2014 2486 2148 2540 driae
2194 2487 2496 2558 primarius
2547 2488 2769 2556 quidam
2816 2490 3104 2560 presbyter
3152 2490 3384 2555 Petrus,
3427 2504 3591 2560 quem

2015 2578 2360 2648 Theophilus
2415 2588 2644 2649 propter
2700 2579 3038 2635 simultatem
3087 2579 3421 2650 quamdam,
3471 2596 3593 2650 qna.-

2014 2671 2097 2724 eis
2143 2670 2492 2733 intercessit.
2544 2670 2740 2726 ulcisci
2795 2672 3022 2737 volens,
3068 2672 3339 2743 abrogare
3382 2672 3591 2726 homini

2015 2760 2340 2832 dignitatem
2373 2760 2806 2816 ecclesiasticam
2843 2761 3140 2832 cogitabat.
3175 2761 3268 2817 illo
3296 2761 3347 2818 ei
3379 2762 3594 2832 objecto

2015 2853 2286 2918 crimine,
2343 2852 2493 2922 quod
2562 2853 2855 2908 mulierem
2920 2853 3215 2923 quamdam
3284 2854 3596 2909 Manichaee:

2017 2944 2245 3001 haeresis
2306 2945 2473 3015 prius
2517 2945 2585 3000 ad
2645 2944 2837 3005 divina
2921 2946 3181 3017 mysteria
3243 2945 3595 3016 percipienda
3644 2992 3649 2999 .

2015 3037 2370 3103 admisisset,
2420 3054 2585 3108 quam
2642 3039 2736 3093 illa
2791 3038 2988 3093 haeresi
3040 3040 3295 3093 nuntium
3353 3040 3597 3109 legitime

2016 3130 2339 3192 remisisset.
2376 3131 2543 3202 374
2571 3131 2778 3186 Oderat
2814 3147 2944 3186 vero
2990 3147 3119 3186 eum
3163 3131 3286 3186 aliis
3329 3133 3495 3187 etiam
3525 3133 3595 3187 de

328 3226 424 3285 οἵα
457 3233 967 3304 συκοφαντούμενος
1004 3235 1304 3308 διεπρίετο.
1356 3237 1564 3311 Πέτρος
1607 3240 1664 3296 δὲ
1698 3243 1778 3304 είς
1819 3242 1906 3296 πί-

2010 3221 2219 3277 .causis.
2254 3223 2717 3292 Archipresbyter
2752 3223 3208 3278 constitutionem
3247 3222 3506 3278 Ecclesiae
3539 3224 3595 3277 in

334 3338 454 3374 στιν
490 3322 584 3376 τοῦ
629 3324 985 3395 πράγματος,
1038 3329 1134 3381 καὶ
1188 3328 1284 3381 τὸν
1324 3328 1597 3400 Ἰσίδωρον
1653 3331 1912 3402 μάρτυρα

329 3415 542 3479 ἐκάλει,
564 3412 638 3478 ὡς
668 3416 753 3485 είη
785 3415 884 3486 τὴν
926 3417 1164 3484 γυναῖκα
1215 3420 1356 3471 κατά
1385 3417 1609 3488 γνώμην
1638 3422 1733 3472 τοῦ
1790 3423 1912 3474 ἑπι-

330 3506 543 3558 σκόπου
576 3507 688 3569 τοῖς
738 3509 1068 3577 μυστηρίοις
1117 3509 1550 3580 είσδεδεγμένος.
1603 3510 1912 3584 Ἀπόδημος

323 3598 384 3651 δε
403 3597 707 3668 τηνικαῦτα
739 3600 820 3663 είς
863 3584 1085 3671 Ῥώμην
1118 3599 1419 3672 ἐτύγχανεν
1444 3601 1521 3656 ὢν
1547 3606 1574 3658 ὁ
1614 3604 1909 3675 Ἰσίδωρος.

330 3689 735 3757 Διερεθίζοντος
787 3690 895 3760 γὰρ
932 3691 1207 3755 Ἰωάννου,
1246 3688 1381 3763 πρὸς
1435 3693 1696 3763 Θεόφιλον
1737 3696 1913 3764 ἐπέμ-

330 3795 464 3834 πετο
488 3784 568 3843 εἰς
592 3781 684 3835 τὸν
739 3785 838 3851 τῆς
874 3779 1098 3852 Ῥώμης
1125 3783 1426 3837 ἐπίσκοπον
1455 3786 1733 3854 Δάμασον,
1768 3786 1908 3841 ὥστε

328 3875 400 3927 τὰ
431 3877 488 3927 ἐν
525 3875 677 3944 μέσῳ
697 3875 950 3928 διαλῦσαι
970 3876 1060 3929 διὰ
1082 3874 1175 3929 τοῦ
1206 3876 1509 3931 Φλαόιανοῦ
1556 3879 1721 3947 ὅρκον
1751 3896 1910 3945 γεγε-

328 3967 558 4035 νημένα,
593 3966 688 4018 καὶ
726 3967 1062 4034 καταλλάξαι
1097 3969 1296 4032 αὐτούς
1324 3985 1339 4001 ο
1368 3969 1621 4041 διάφοροι
1674 3972 1783 4041 γὰρ
1829 3972 1910 4024 ἔτι

322 4060 377 4112 οἱ
413 4059 818 4130 Εὑσταθίῳκαὶ
847 4061 1102 4130 Μελετίῳ
1147 4063 1541 4134 προσκείμενοι
1586 4060 1728 4136 ἦσαν
1773 4067 1912 4117 Φλα-

330 4152 523 4221 6ιανῷ,
545 4151 620 4215 ὡς
648 4153 741 4204 καὶ
770 4153 1031 4223 ἀνωτέρω
1056 4156 1383 4225 εἰρήκαμεν.
1422 4155 1577 4209 Ἐπεὶ
1598 4158 1643 4209 δ’
1672 4157 1911 4228 ἐπανῆλ-

321 4247 419 4301 θεν
446 4248 747 4316 Ἰσίδωρος,
772 4248 946 4318 ἀληθῆ
977 4249 1161 4316 λέγειν
1186 4250 1281 4303 τὸν
1316 4251 1520 4321 Πέτρον
1536 4250 1911 4322 διεμαρτύρα-

329 4341 504 4402 το,ώς
532 4342 673 4393 κατά
698 4340 926 4409 γνώμην
971 4342 1039 4393 τὰ
1069 4342 1162 4394 ἐπὶ
1222 4343 1444 4410 γυναικὶ
1489 4345 1757 4412 γενόμενα
1812 4340 1908 4397 τοῦ

328 4433 632 4483 ἐπισκόπου
683 4433 919 4500 προέὅη.
994 4432 1080 4494 Ὠς
1134 4432 1444 4499 διαϐληθεὶς
1483 4435 1539 4486 δὲ
1591 4436 1909 4506 χαλεπήνας

328 4523 535 4590 σιρίδρα
554 4520 835 4587 Θεόφιλος,
865 4522 960 4575 καὶ
983 4521 1152 4591 ἄμφω
1177 4523 1275 4591 τῆς
1301 4523 1629 4594 Ἐκκλησίας
1650 4525 1904 4599 ᾴξήλασε.

2013 3330 2080 3370 ea
2133 3315 2368 3371 muliere
2419 3326 2735 3380 servatam,
2789 3328 3025 3386 cautique
3082 3317 3256 3386 ipsius
3302 3316 3593 3386 Theophili

2013 3407 2399 3462 cohortatione
2443 3407 2511 3461 ad
2566 3411 2825 3479 mysteria
2879 3408 3175 3462 admissam
3223 3422 3346 3463 esse
3389 3408 3597 3465 contir-

2012 3499 2207 3554 mavit.
2246 3498 2554 3569 Episcopus
2588 3498 2889 3570 indignari,
2933 3508 2990 3554 et
3031 3498 3261 3568 perinde
3299 3507 3462 3567 atque
3504 3515 3595 3553 ca-

2013 3591 2245 3645 lumniis
2288 3600 2558 3646 oneratus
2605 3600 2773 3658 esset,
2820 3591 3032 3647 furere.
3078 3592 3277 3646 Petrus
3315 3592 3383 3645 ad
3427 3590 3591 3645 (idem

2012 3684 2090 3736 rei
2129 3682 2460 3743 faciendam.
2496 3683 2764 3737 Isidorum
2811 3692 3006 3738 testem
3056 3683 3304 3747 laudare,
3343 3684 3489 3753 quod
3526 3684 3596 3738 dc

2007 3776 2256 3845 episcopi
2315 3776 2590 3831 sententia
2650 3778 2850 3832 mulier
2912 3777 2980 3831 ad
3041 3779 3301 3848 mysteria
3370 3787 3594 3847 recepta

2011 3880 2181 3925 esset.
2220 3869 2485 3927 Isidorus.
2520 3879 2702 3924 autem
2752 3869 2939 3923 Romae
2984 3880 3100 3924 tum
3144 3880 3283 3932 erat,
3327 3872 3592 3927 instinctu

2010 3945 2240 4019 Joannis
2304 3979 2335 4017 a
2393 3961 2702 4032 Theophila
2766 3963 2835 4016 ad
2894 3964 3217 4032 episcopum
3280 3964 3590 4018 Romanum

2011 4053 2306 4107 Damasum
2354 4054 2578 4115 missus,
2615 4062 2672 4107 ut
2706 4053 3000 4107 dissidium
3034 4052 3184 4123 quod
3214 4063 3440 4124 prapter
3463 4053 3592 4109 Fla-

2012 4144 2159 4197 viani
2183 4145 2561 4215 juramentum
2591 4155 2920 4207 emerserat,
2954 4147 3189 4212 tdlleret,
3219 4158 3270 4199 ct
3300 4147 3594 4216 episcotsos

2010 4235 2161 4290 inter
2195 4250 2252 4290 se
2300 4237 2355 4290 in
2391 4236 2622 4306 gratiam
2652 4237 2969 4292 reduceret.
3002 4238 3411 4293 Dissentiebant
3439 4239 3589 4293 enim
3666 4254 3670 4259 ·

2008 4328 2191 4382 adhuc
2219 4343 2247 4381 a
2282 4328 2565 4394 Flaviano,
2600 4330 2695 4399 qui
2739 4328 3013 4383 Eustathii
3057 4338 3114 4384 et
3157 4326 3361 4383 Meletii
3402 4344 3590 4400 partes

2009 4420 2184 4475 secuti
2227 4419 2466 4485 fuerant,
2513 4420 2674 4475 sicuti
2729 4438 2893 4491 supra
2942 4438 2971 4476 a
3025 4421 3184 4476 nobis
3224 4432 3311 4477 est
3356 4423 3584 4483 dictum.

2013 4513 2309 4583 Postquam
2358 4524 2544 4568 autem
2596 4513 2842 4569 Isidorus
2889 4514 3073 4578 rediit,
3134 4530 3325 4568 verum
3363 4517 3589 4571 Petrum

329 4586 440 4663 Καὶ
469 4586 575 4680 -μία
613 4586 713 4680 μέν
737 4609 880 4680 αὕτη
910 4586 1057 4663 αἰτία
1080 4586 1185 4662 τοῦ
1216 4586 1309 4664 καὶ
1339 4586 1620 4681 Ἰσίδωρον
1647 4586 1905 4685 διαιρορωι

2014 4602 2223 4670 dicere,
2270 4621 2336 4658 ex
2385 4586 2672 4661 iroluntate
2725 4606 2986 4662 videlicet
3038 4606 3280 4676 episcopi
3337 4609 3408 4663 de
3465 4625 3588 4663 mu-

325 4703 574 4773 Θεοφίλῳ
606 4702 953 4773 καταστῆναι
983 4719 996 4733 ⁸
1031 4706 1127 4757 καὶ
1157 4703 1324 4774 ἀλλην
1363 4705 1418 4756 δὲ
1477 4705 1667 4774 ἔγνων,
1723 4707 1791 4778 ἦν
1840 4707 1905 4776 δὴ

327 4799 419 4850 καὶ
453 4796 658 4866 ταύτην
683 4796 948 4848 ἐκθέσθαι
1005 4795 1229 4862 εὔλογον
1293 4797 1534 4866 ἥγημαι.
1576 4797 1907 4869 Ἐπίτροπος

323 4887 391 4957 ἦν
418 4890 526 4943 τῶν
561 4892 617 4942 ἐν
644 4892 710 4957 τῇ
770 4887 1037 4958 ἐκκλησίᾳ
1063 4886 1295 4957 πτωχῶν
1313 4890 1343 4941 ὁ
1367 4884 1638 4959 Ἰσίδωρος
1655 4905 1667 4920 ·
1694 4889 1907 4943 πολλῶν

324 4983 381 5034 δὲ
405 4982 709 5052 χρημάτων
739 4981 964 5034 ἐκείνων
994 4981 1156 5050 χάριν
1188 4981 1637 5050 χορηγουμένων,
1666 4982 1903 5051 ἀπηξίου

320 5071 565 5141 Θεοφίλῳ
594 5070 817 5132 δ.δ6ναι,
852 5066 1224 5140 ἐπιχειροῦντι
1269 5072 1621 5141 διαρπάζειν,
1677 5074 1772 5126 καὶ
1821 5073 1905 5135 είς

247 5193 262 5207 -
325 5165 636 5237 ἐκκλησιῶν
662 5164 908 5247 δαπάνας
938 5166 1253 5220 ἀναλίσκειν
1281 5168 1443 5247 αύτά.
1474 5168 1763 5238 Είσηγείτο
1794 5170 1905 5240 γὰρ

330 5277 350 5309 ι
374 5260 602 5328 ἄμεινον
642 5243 856 5328 μᾶλλον
881 5254 1027 5312 εἶναι
1053 5243 1576 5328 τάτῶνκαμνύντων
1598 5261 1851 5332 σώματα,
1869 5262 1904 5318 ἃ

318 5350 382 5421 δὴ
403 5351 495 5403 καὶ
520 5350 637 5403 ναοὶ
664 5350 800 5403 Θεοῦ
824 5351 1178 5421 κυριώτεροι,
1201 5352 1269 5405 δι’
1286 5350 1381 5415 οὓς
1396 5353 1535 5421 καὶὴ
1556 5353 1664 5407 τῶν
1683 5356 1905 5424 χρημά-

318 5459 428 5493 των
464 5443 716 5511 εἰσφορὰ,
731 5445 852 5503 ταῖς
870 5441 1204 5511 ἀνηκούσαις
1226 5443 1556 5512 θεραπείαις
1570 5444 1903 5515 ἀνανεοῦν,ἢ

318 5531 531 5601 τοίχους
550 5532 790 5601 ἀψύχους
817 5533 1081 5603 ἐγείρειν,
1100 5535 1196 5587 καὶ
1213 5535 1293 5597 είς
1314 5534 1508 5598 κάλλος
1522 5535 1850 5603 οίκοδομεῖν.
1879 5555 1898 5588 ι

319 5624 433 5676 Εἶτ’
462 5624 555 5676 οὖν
587 5625 751 5695 αὕτη,
805 5626 905 5678 εἰτ’
931 5624 1118 5697 ἐκείνη
1152 5627 1306 5680 αίτία
1331 5629 1432 5695 τῆς
1454 5629 1592 5695 πρὸς
1626 5628 1903 5700 Ἰσίδωρον

314 5713 640 5785 δυσμενείας
667 5716 896 5783 ἐγίνετο,
924 5718 1063 5780 τέως
1096 5718 1394 5780 ἀπελαθεὶς
1429 5719 1565 5788 πρὸς
1591 5721 1718 5783 τοὺς
1754 5720 1904 5774 ἑταί-

315 5825 451 5878 ρους
495 5809 608 5861 τῶν
661 5811 915 5879 μοναχῶν
944 5812 1049 5863 ἀνά
1083 5811 1182 5880 τὴν
1242 5809 1444 5879 Σκῆτιν
1495 5812 1754 5878 ἐγένετο-
1809 5814 1904 5866 καὶ

317 5902 559 5971 ἑγκοτῶν
589 5902 838 5973 Θεοφίλῳ
875 5904 969 5956 καὶ
988 5902 1163 5965 αὐτὸς
1187 5903 1439 5958 διετέλει.
1484 5903 1799 5976 Ἀμμώνιος
1843 5906 1901 5958 δὲ

518 6002 786 6064 Ρηίιοι..
817 6003 935 6064 Gtt.
963 5991 1202 6062 CXLVI

2010 4695 2147 4750 liere
2183 4708 2301 4751 acta
2331 4712 2454 4753 esse
2491 4699 2699 4762 omnia,
2735 4700 3060 4754 testiﬁcatus
3096 4711 3206 4754 est.
3247 4699 3592 4770 Theophilus

2008 4799 2218 4852 autem,
2255 4791 2426 4845 veluti
2478 4791 2529 4844 ci
2579 4792 2857 4846 calumnia
2902 4792 3171 4847 intentata
3219 4803 3384 4856 esset,
3423 4795 3591 4849 vehe-

2011 4885 2254 4939 mentius
2306 4886 2644 4954 indignatus.
2681 4896 2981 4955 utrumque
3015 4902 3081 4939 ex
3112 4887 3357 4942 Ecclesia
3397 4888 3591 4943 detur-

2012 4976 2182 5031 bavit.
2222 4979 2346 5033 II:cc
2380 4996 2486 5032 una
2516 4995 2680 5035 causa
2713 4991 2817 5040 est,
2852 4997 3016 5050 quam
3048 4982 3121 5036 ob
3152 4998 3264 5036 rem
3297 4984 3508 5039 Isidoro
3528 4996 3588 5040 et

2010 5067 2318 5136 Theophila
2361 5070 2652 5124 dissidium
2704 5071 3111 5129 intercesserit.
3155 5074 3400 5144 Cognovi
3454 5090 3585 5131 vero

2008 5172 2063 5216 et
2095 5163 2283 5229 aliam,
2312 5180 2479 5234 quam
2512 5173 2567 5219 et
2599 5168 2772 5235 ipsam
2808 5176 2866 5222 ut
2896 5184 3258 5238 exponerem,
3287 5170 3590 5225 convenire

2008 5264 2092 5310 est
2139 5257 2339 5309 visum.
2384 5257 2697 5327 Pauper-um
2748 5259 2805 5313 in
2856 5260 3089 5315 ecclesia
3127 5274 3317 5314 curam
3356 5262 3589 5330 gerebat

2008 5349 2256 5406 Isidorus
2279 5368 2293 5405 :
2321 5367 2559 5422 quorum
2586 5356 2763 5424 gratia
2786 5370 2910 5410 cum
2940 5355 3226 5410 hominum
3253 5356 3588 5412 liberalitate

2008 5444 2179 5498 multa
2204 5456 2356 5500 esset
2379 5446 2578 5501 collata
2608 5449 2866 5517 pecunia.
2886 5464 3007 5504 eam
3035 5449 3343 5518 Theophila
3365 5462 3584 5520 rapere,

2007 5544 2065 5588 et
2105 5536 2159 5588 in
2201 5537 2564 5591 ecclesiarum
2612 5544 2948 5592 structuram
2996 5539 3319 5609 impendere
3354 5538 3590 5607 volenti,

2008 5624 2251 5679 Isidorus
2279 5625 2412 5680 dare
2441 5628 2644 5682 renuit.
2684 5646 2704 5680 ι
2738 5627 2969 5684 Rectius
2992 5630 3141 5684 enim
3170 5642 3292 5685 esse
3323 5632 3587 5696 asseruit,

2010 5717 2246 5785 pecunia
2281 5719 2372 5772 tali
2404 5735 2676 5789 aegrorum
2713 5736 2971 5792 corpora,
2996 5738 3120 5793 quae
3154 5727 3372 5779 acriora
3400 5734 3594 5780 essent

2008 5810 2103 5863 Dci
2132 5812 2354 5881 templa,
2384 5812 2839 5884 quandoquidem
2867 5816 3150 5886 praecipue
3183 5817 3238 5872 in
3267 5833 3395 5874 eum
3428 5834 3589 5873 nsum

2009 5913 2352 5974 comportata
2407 5917 2589 5973 esset,
2652 5923 2786 5964 cura
2848 5912 3201 5968 conrenienti
3262 5915 3593 5979 restituere,

3146 6009 3211 6071 3i
