4044 6468
525 415 629 485 571

1747 422 2170 484 NlCEPllORI
2213 424 2559 483 CALLISTI

3661 425 3754 492 972

525 548 696 606 quam
742 533 984 604 parietes
1032 534 1368 591 inanimatos
1415 539 1705 607 magniﬁce
1743 540 1988 594 excitare
2035 549 2105 594 at-

2221 540 2467 595 διαλύειν
2502 539 2678 593 Οέλων
2708 538 2768 592 τὸ
2804 539 3118 605 σκάνδαλον,
3157 539 3251 591 καὶ
3284 537 3470 602 ἄλλους
3497 539 3639 604 τινὲς
3665 535 3760 596 τῶν

525 643 634 697 quc
663 637 1010 682 construere.
1048 647 1066 680 ›
1103 629 1230 683 Sive
1274 645 1404 684 vero
1450 630 1589 695 hzec,
1623 647 1720 686 seu
1764 632 1870 686 alia
1917 633 2110 688 inimi-

524 719 784 773 citiarum
829 718 1123 788 Theophili
1178 735 1307 787 erga
1363 719 1630 774 lsidurum
1679 737 1845 778 causa
1899 721 2110 787 fuerit,

531 823 644 864 tum
675 809 903 879 quidem
942 810 1032 864 ille
1065 811 1395 865 Alexandria
1445 813 1658 880 pulsus,
1695 813 1762 866 ad
1811 814 2113 869 monachos

495 915 786 976 \tanquatn
824 906 1036 959 amicos
1091 905 1143 959 in
1179 904 1384 959 Scetim
1422 921 1480 959 se
1521 905 1752 975 recepit,
1784 916 1836 962 et
1881 907 2023 962 male
2057 907 2111 960 in

524 999 891 1068 TheOphilum
949 1007 1009 1052 et
1065 997 1183 1068 ipse
1239 998 1522 1052 animatus
1579 998 1703 1052 fuit.
1762 999 2109 1068 Ejuscemodi

521 1090 788 1145 ullensam
840 1089 1171 1144 Ammonius
1214 1089 1447 1144 abolere
1491 1090 1719 1155 volens,
1771 1091 1960 1146 ascitis
2004 1091 2110 1145 sibi

489 1185 642 1238 -aliis
685 1184 1017 1256 quibusdam
1062 1184 1372 1249 monachis,
1411 1183 1478 1238 ad
1517 1183 1886 1254 Theophilum
1935 1184 2106 1248 venit,

517 1288 572 1332 et
605 1289 666 1332 ut
705 1278 918 1332 Isidoro
967 1277 1288 1332 communio
1341 1277 1688 1342 redderetur,
1719 1278 1786 1331 ab
1819 1292 1884 1332 eo
1925 1277 2106 1346 petiit.

519 1370 574 1424 lrl
614 1371 708 1425 ille
754 1385 814 1425 se
847 1371 1132 1424 facturum
1167 1371 1397 1439 recepit.
1438 1370 1506 1424 Et
1542 1385 1672 1424 vero
1708 1371 1842 1424 satis
1873 1370 2108 1422 multttm

521 1465 790 1531 temporis
841 1463 1151 1532 praeteriit,
1200 1474 1253 1518 et
1301 1463 1380 1518 illi
1431 1463 1569 1516 nihil
1619 1472 1885 1531 egerunt,
1926 1462 2110 1516 Theo-

519 1557 818 1624 philusque
847 1567 1038 1625 aperte
1065 1571 1176 1625 prae
1205 1571 1262 1610 se
1293 1556 1436 1620 tulit,
1464 1567 1715 1626 tempore
1740 1555 2104 1619 extrahendo,

518 1649 706 1703 verbis
731 1665 826 1704 eos
857 1649 1051 1703 ludere
1081 1649 1222 1703 velle
1257 1666 1270 1702 :
1306 1648 1721 1702 vehementiore
1750 1647 1950 1703 ardore
1975 1662 2106 1702 eum

518 1741 781 1812 aggressi,
811 1751 869 1795 ut
899 1740 1234 1811 promissum
1266 1739 1332 1793 ad
1365 1739 1530 1793 linem
1557 1755 1718 1794 suum
1745 1739 2106 1810 perduceret,

518 1833 889 1904 supplicando
934 1833 1306 1903 postularunt.
1345 1831 1508 1902 375
1549 1832 1618 1888 Et
1667 1832 1758 1886 ille
1809 1832 2106 1901 quemdam

2220 635 2473 705 μοναχῶν
2521 634 3112 704 προσεταιρισάμενος,
3163 632 3304 702 πρδς
3345 633 3592 702 Θεόφιλον
3637 631 3758 706 ἧκε·

2216 729 2311 778 καὶ
2337 726 2438 795 τὴν
2461 725 2755 794 κοινωνίαν
2785 719 2946 788 αὖθις
2994 722 3254 794 Ἰσιδώρῳ
3301 722 3480 777 δοῦναι
3531 726 3764 780 ἐδεῖτοοὸ

2213 817 2258 871 δ’
2291 818 2628 886 ὑπισχνεῖτο.
2671 817 2762 880 Ὧς
2794 816 2852 869 δὲ
2886 815 3086 886 χρόνου
3143 816 3357 885 ῥέοντος
3411 813 3556 868 ούδέν
3587 816 3765 884 μᾶλλον

2212 910 2396 979 ἠνυον,
2425 909 2586 975 δῆλος
2612 909 2656 962 δ’
2695 909 2906 976 ἐγίνετο
2926 906 3022 960 καὶ
3065 905 3330 973 Θεόφιλος
3385 906 3617 968 ἐκείνους
3658 909 3762 971 ταῖς

2214 997 2456 1060 ἀπάταις
2491 999 2601 1050 τῶν
2647 998 2824 1066 λόγων
2888 996 3404 1066 παρακρουόμενος,
3463 997 3764 1068 Θερμότερον

2215 1089 2593 1152 εἰσπεσόντες,
2627 1090 2915 1158 περαίνειν
2949 1087 3011 1142 τὸ
3047 1086 3212 1158 ἔργον
3251 1088 3678 1156 κατηντιϐόλουν.
3715 1089 3765 1143 '0

2213 1183 2259 1236 δ’
2287 1184 2385 1236 ἕνα
2415 1183 2524 1236 τῶν
2556 1183 2820 1254 μοναχῶν
2860 1183 3164 1246 συλλαϐὼν,
3199 1184 3370 1238 ἐδίδου
3425 1187 3651 1256 φρουρᾷ,
3702 1185 3768 1248 ὡς

2211 1276 2278 1330 ἂν
2302 1276 2431 1338 τοὺς
2457 1276 2652 1339 ἄλλους
2706 1277 2977 1347 φοϐήσας,
3035 1275 3379 1346 ἀπαλλαγείη
3435 1277 3533 1347 τῆς
3587 1281 3768 1347 συχνῆς
3814 1301 3817 1308 ·

2213 1369 2539 1432 ἐπιθέσεως.
2583 1368 2645 1421 '0
2673 1368 2729 1420 δέ
2771 1367 3026 1420 τοσοῦτον
3074 1368 3169 1420 τοῦ
3235 1369 3441 1420 σκοποῦ
3493 1367 3805 1439 διημάρτα-Ξ

2213 1479 2325 1527 νεν,
2364 1459 2494 1514 ὥστ’
2540 1460 2855 1532 Ἀμμώνιος
2919 1463 3015 1514 καὶ
3067 1463 3194 1524 τοὺς
3250 1461 3476 1523 λοιποὺς
3533 1433 3809 1536 ἀϐροίσαςί

2214 1553 2324 1607 τῶν
2392 1554 2672 1624 μοναχῶν,
2725 1553 2830 1606 ὑπὸ
2870 1553 2973 1624 τὴν
3025 1555 3272 1626 φρουρὰν
3319 1554 3462 1607 ἑκὼν
3507 1553 3764 1621 ἐγεγόνει·
3801 1566 3809 1579 ··

2212 1647 2436 1716 δόκησιν
2488 1648 2598 1718 γὰρ
2653 1651 2768 1710 τοῖς
2825 1652 3091 1719 φρουροῖς
3135 1647 3538 1718 παρασχόντες,
3589 1647 3658 1709 ὼς
3702 1647 3768 1710 εἰς

2216 1738 2507 1802 μετάδοσιν
2533 1738 2642 1792 τῶν
2671 1739 3003 1808 ἐπιτηδείων
3032 1742 3148 1804 τοῖς
3189 1740 3608 1810 καθειργμένοις
3632 1735 3766 1810 ἧκον,

2213 1832 2408 1886 ἄνετον
2465 1828 2626 1902 εὗρον
2684 1834 2787 1902 τὴν
2849 1833 3322 1886 εῖσοδον.Ἐκεῖσε
3359 1833 3417 1886 δὲ
3482 1833 3768 1900 γεγονότες,

516 1945 583 1984 ex
629 1927 916 1982 monachis
951 1927 1415 1996 comprehensum
1452 1926 1718 1982 custodia:
1760 1925 2004 1990 inclusit,
2044 1934 2103 1979 ut

2209 1926 2389 1980 οὐκέτ’
2420 1925 2626 1992 ἐξιέναι
2659 1925 2980 1996 ἠϐούλοντο.
3018 1925 3186 1988 Γνοὺς
3215 1925 3274 1976 δέ
3305 1925 3482 1977 ταῦτα
3514 1923 3767 1992 Θεόφιλος,

517 2018 643 2072 aliis
683 2017 993 2083 exterritis,
1033 2017 1286 2072 molestia
1334 2033 1400 2072 ea
1447 2034 1554 2088 qua
1595 2019 1747 2072 illum
1782 2016 2108 2087 frequenter

519 2110 886 2180 impetebant,
921 2109 1274 2165 liberaretur.
1321 2109 1556 2164 Tantum
1609 2119 1794 2164 autem
1843 2108 2004 2164 abest
2047 2116 2106 2163 ut

517 2203 752 2258 consilio
784 2217 854 2257 eo
887 2201 1193 2273 quidquam
1227 2201 1500 2267 effecerit,
1535 2211 1594 2255 ut
1627 2201 1956 2257 Ammonius
1997 2216 2106 2255 una

515 2311 642 2351 cum
684 2293 916 2364 reliquis
950 2307 1090 2362 quos
1134 2301 1396 2362 coegerat
1433 2291 1745 2354 monachis,
1781 2306 1878 2346 sua
1909 2299 2106 2361 sponte

515 2402 796 2442 carcerem
825 2386 899 2440 sit
927 2386 1232 2454 ingressus.
1256 2383 1399 2439 Cum
1425 2384 1577 2440 enim
1599 2398 1720 2438 eam
1743 2383 1811 2438 de
1832 2398 1892 2438 se
1918 2392 2108 2438 συείο-

513 2480 680 2535 dibus
707 2479 1082 2550 praebuissent
1111 2478 1458 2548 opinionem,
1493 2476 1666 2532 veluti
1694 2476 1839 2531 illam
1868 2476 1940 2532 ob
1972 2491 2106 2530 cau-

514 2589 633 2628 sam
683 2587 750 2626 eo
791 2572 1098 2634 venissent,
1140 2579 1202 2624 ut
1239 2569 1442 2624 vinctis
1475 2583 1564 2624 res
1593 2566 1936 2623 necessarias
1967 2583 2106 2637 pra:-

514 2667 733 2732 berent,
776 2665 1014 2719 liberum
1059 2663 1305 2716 habuere
1343 2662 1401 2715 in
1443 2677 1724 2715 carcerem
1769 2660 2102 2730 ingressum,

513 2769 682 2828 atque
713 2757 844 2812 inde.
868 2755 1058 2826 egredi
1088 2755 1411 2810 noluerunt.
1445 2753 1604 2818 Quod
1636 2751 1731 2808 ubi
1763 2752 2104 2822 Theophilus

515 2850 814 2914 intellexit,
847 2851 914 2903 ad
947 2864 1006 2903 se
1039 2864 1136 2904 cos
1181 2849 1372 2902 venire
1409 2847 1594 2917 jussit.
1635 2845 1720 2900 llli
1763 2853 1946 2900 autem
1984 2845 2103 2915 pri-

511 2957 662 2996 mum
701 2943 753 2996 ei
791 2941 1202 3009 signiticarunt,
1245 2947 1302 2992 ut
1335 2938 1452 3009 ipse
1492 2937 1566 2992 ibi
1611 2945 1814 3007 praesto
1846 2944 2014 3002 esset,
2047 2945 2102 2991 et

509 3036 752 3092 exeundi
785 3035 867 3089 eis
901 3043 1231 3104 potestatem
1266 3032 1621 3088 concederet.
1653 3030 1926 3102 Oportere
1953 3031 2100 3086 enim

513 3128 794 3200 propalam
851 3127 934 3181 eis
985 3125 1194 3180 exitum
1251 3123 1538 3194 permitti,
1592 3125 1687 3194 qui
1745 3131 1854 3177 tam
1909 3129 2102 3192 aperte

508 3218 849 3297 contumelia
891 3217 960 3271 ab
990 3231 1058 3271 eo
1089 3213 1274 3270 aﬁ‘eeti
1303 3223 1512 3270 essent.
1549 3212 1651 3268 \‘ix
1682 3222 1867 3267 autem
1899 3209 2100 3266 deinde

508 3313 558 3366 ei
592 3289 874 3370 cedentes,
910 3309 978 3364 ad
1029 3324 1156 3364 eum
1193 3317 1326 3364 sunt
1356 3307 1653 3376 progressi.
1697 3305 1793 3361 llle
1835 3303 2101 3374 depreca-
2127 3281 2173 3343 (ἶ

510 3408 661 3460 tione
711 3402 1142 3467 interveniente,
1183 3399 1466 3472 pollicitus
1511 3415 1571 3455 se
1619 3399 1702 3454 eis
1745 3409 1936 3470 postea
1986 3411 2102 3450 mo-

509 3501 712 3556 lestum
742 3515 851 3554 non
889 3498 1026 3561 lore,
1057 3495 1153 3552 sed
1199 3511 1258 3550 re
1303 3495 1423 3564 ipsa
1465 3494 1799 3563 promissum
1849 3490 2100 3561 expletu-

513 3605 635 3645 rum
673 3604 821 3652 esse,
855 3604 952 3644 eos
1003 3585 1261 3641 absolvit.
1317 3584 1467 3639 Intra
1519 3585 1764 3653 seipsum
1811 3589 1993 3636 autem
2042 3593 2101 3633 se

507 3681 835 3736 exerucians
883 3677 1304 3748 indignabatur,
1341 3685 1398 3730 et
1449 3673 1575 3728 mali
1628 3672 1914 3742 quidpiam
1965 3669 2102 3724 viris

508 3771 589 3826 eis
621 3771 802 3826 facere
837 3771 1195 3834 moliebatur,
1229 3781 1370 3836 quos
1398 3775 1558 3820 antea
1589 3779 1699 3818 non
1733 3779 1896 3820 secus
1936 3771 2101 3830 atque

509 3881 666 3921 suam
701 3863 880 3934 ipsius
910 3861 1152 3916 animam
1185 3859 1490 3915 dilexisset.
1529 3856 1668 3922 Cum
1701 3865 1886 3911 autem
1928 3853 2098 3908 animi

508 3956 714 4010 dubius
751 3963 921 4020 esset,
953 3951 1234 4022 quomodo
1281 3951 1502 4007 tandem
1546 3966 1689 4022 azgre
1728 3949 1838 4005 illis
1871 3947 2098 4012 faceret,

507 4049 602 4120 qui
639 4058 1006 4120 praeterquam
1057 4061 1294 4116 corpora
1332 4045 1473 4100 nihil
1509 4043 1876 4115 possiderent,
1917 4050 1975 4098 et
2012 4055 2102 4096 res

507 4156 704 4195 omnes
757 4138 1082 4195 monasticae
1116 4137 1483 4208 philosophia
1520 4152 1633 4192 sua:
1677 4141 2098 4206 postponerent,

506 4233 751 4304 quietem
818 4247 1013 4286 eorum
1082 4231 1457 4285 interturbare
1516 4243 1809 4299 aggressus
1869 4233 1988 4290 est,
2049 4233 2103 4279 et

504 4325 871 4394 quaestionem
910 4338 1032 4378 eam
1077 4323 1146 4377 de
1194 4321 1450 4392 Origenis
1494 4322 1758 4392 Opinione
1797 4336 1920 4389 qua:
1955 4318 2101 4373 dicta

506 4429 614 4483 est,
656 4419 739 4474 eis
782 4417 1039 4473 criminis
1087 4417 1212 4471 loco
1262 4415 1490 4487 obiecit.
1546 4414 1654 4469 Has
1697 4414 1868 4469 fuisse
1907 4426 2103 4467 causas

509 4511 768 4582 cognovi,
803 4526 906 4564 cur
957 4508 1226 4572 Isidorus,
1259 4524 1422 4577 quem
1470 4507 1731 4569 diximus,
1768 4522 1892 4562 cum
1944 4504 2103 4559 Dios-

2212 2017 2352 2089 πρὸς
2375 2017 2570 2072 ἐαυτὸν
2593 2017 2794 2081 αὐτοὺς
2831 2018 3243 2087 μετεστέλλετο.
3283 2018 3350 2070 Οἱ
3383 2018 3440 2070 δέ
3473 2016 3658 2086 πρᾶτα
3685 2016 3769 2083 μὲν

2209 2110 2545 2181 διεμήνυον,
2607 2111 2773 2164 αὐτὸν
2819 2113 3028 2165 ἐκεῖνον
3077 2113 3530 2182 παραγενόμενον
3590 2109 3770 2164 ἀνιέναι

2208 2204 2308 2275 τὴν
2336 2204 2516 2270 ἔξοδον
2545 2221 2560 2236 ·
2588 2209 2786 2278 χρῆναι
2813 2206 2923 2278 γὰρ
2981 2206 3270 2278 παρρησίᾳ
3316 2206 3694 2276 ὑϐρισμένους,
3723 2205 3770 2256 ιν

2209 2299 2433 2370 φανερῷ
2456 2299 2553 2352 καὶ
2586 2299 2686 2369 τὴν
2725 2297 2907 2363 ἔξοδον
2968 2297 3306 2369 γεγενῆσθαι
3343 2316 3358 2331 ο
3418 2299 3570 2369 μόλις
3603 2298 3646 2351 δ’
3692 2299 3769 2349 ἐνο

2207 2393 2416 2457 δόντες,
2451 2391 2588 2463 παρ’
2613 2393 2779 2446 αὐτὸν
2817 2387 2977 2464 ἧκον.
3019 2391 3368 2463 Παραίτησιν
3426 2394 3481 2447 δὲ
3541 2393 3658 2454 δοὺς
3710 2388 3772 2448 ὡς

2207 2485 2394 2538 οὐκέτι
2425 2485 2682 2554 λυπήσει,
2719 2483 2833 2536 ἀλλ’
2857 2484 3135 2537 ὲκτελέσει
3156 2484 3215 2539 τὸ
3243 2485 3430 2556 ἔργον,
3461 2486 3769 2554 ἀπέπεμπε·

2209 2577 2330 2632 καθ’
2362 2577 2557 2631 ἑαυτὸν
2582 2578 2627 2630 δ’
2652 2577 2954 2648 ἐπλήττετο
2991 2579 3086 2631 καὶ
3121 2579 3454 2648 ἠγανάκτει,
3481 2577 3573 2630 καὶ
3625 2575 3768 2629 κακόν

2205 2687 2258 2724 τι
2289 2670 2422 2742 δρᾷν
2449 2671 2684 2740 ἐμελέτα
2733 2670 2857 2734 τοὺς
2915 2670 3141 2740 ἄνδρας,
3191 2669 3284 2733 οὓς
3347 2671 3437 2723 ἴσα
3505 2673 3598 2723 καὶ
3644 2668 3768 2737 ψυχῇ

2208 2763 2381 2833 φιλῶν
2419 2762 2669 2816 διετέλει.
2717 2763 2803 2816 Ἐν
2835 2763 3030 2833 ἀπόρῳ
3072 2762 3128 2816 δὲ
3164 2761 3455 2826 καθεστὼς
3497 2763 3524 2816 δ
3561 2780 3612 2815 τι
3662 2759 3772 2829 δρά·

2208 2873 2373 2920 σειεν,
2401 2855 2602 2927 ἄνδρας
2628 2855 2770 2927 πλὴν
2793 2854 2887 2908 τοῦ
2918 2854 3171 2924 σώματος
3199 2855 3372 2926 μηδὲν
3400 2855 3769 2924 κεκτημένους,

2209 2948 2304 3000 καὶ
2335 2945 2493 3000 πάντ’
2530 2949 2588 2998 ἐν
2619 2947 2866 3017 δευτέρῳ
2900 2945 3041 3016 πρὸς
3071 2946 3132 3000 τὸ
3168 2947 3494 3016 φιλοσοφεῖν
3545 2943 3774 3012 ποιουμέ-

2209 3057 2356 3104 νους,
2409 3038 2511 3109 τὴν
2564 3041 2796 3109 ἡσυχίαν
2853 3039 3036 3092 αὐτῶν
3096 3039 3364 3105 ἐπειρᾶτο
3418 3039 3769 3111 ὀχλαγωγεῖνο

2204 3131 2301 3186 καὶ
2339 3132 2400 3184 τὸ
2433 3131 2695 3202 περὶτῆς
2739 3133 3051 3203 Ὠριγὲνους
3097 3133 3258 3200 δόξης
3312 3133 3555 3204 ζήτημα,
3605 3131 3674 3193 ὥς
3720 3143 3772 3196 γε

2207 3225 2448 3297 εἴρηται,
2475 3223 2685 3288 τούτοις
2716 3225 3003 3296 ἐπῃτιᾶτο.
3053 3224 3278 3295 Ταύτην
3340 3227 3441 3298 μέν
3501 3221 3590 3280 οὖν
3625 3223 3774 3293 ἔγνων

2205 3319 2486 3389 πρόφασιν
2517 3315 2616 3370 τοῦ
2656 3318 2751 3372 καὶ
2769 3318 2862 3372 τὸν
2893 3318 3188 3390 εἰρημένον
3234 3320 3512 3390 Ἰσίδωρον
3560 3319 3651 3372 σὺν
3679 3316 3773 3374 τοῖς

2206 3410 2338 3481 περὶ
2399 3409 2696 3479 Διόσκορον
2763 3410 2864 3480 τὴν
2938 3411 3362 3466 Κωνσταντίνου
3426 3409 3773 3468 καταλαϐεῖν·

2205 3501 2349 3558 ὥστε
2406 3504 2562 3572 κοινῇ
2608 3500 2672 3573 δὴ
2741 3502 3065 3573 προσιόντες
3123 3503 3278 3574 παρά
3335 3522 3394 3558 τε
3444 3504 3649 3575 βασιλεῖ
3700 3498 3779 3552 καὶ

2217 3593 2446 3667 Ἰωάννῃ
2508 3596 2770 3666 κριταῖς,
2831 3594 2899 3648 τὰ
2955 3596 3080 3649 κατ’
3131 3595 3317 3650 αὐτῶν
3374 3592 3778 3666 ἐσκευωρημένι

2205 3688 2590 3758 διελεγχῦἧναι
2637 3704 2652 3718 °
2711 3690 2808 3742 καὶ
2859 3688 2971 3759 γὰρ
3027 3688 3201 3760 ᾤοντο
3274 3691 3534 3760 Ἰωάννην
3591 3687 3778 3740 ἐνδίκου

2205 3782 2524 3852 παρρησίας
2555 3781 3024 3852 ἐπιμελούμενον,
3053 3781 3164 3835 τῶν
3199 3783 3433 3838 δικαίων
3463 3783 3538 3853 μὴ
3569 3775 3779 3848 ἀστοχῆ·

2207 3891 2318 3928 σαι.
2365 3873 2424 3927 '0
2444 3857 2502 3927 δὲ
2532 3873 2878 3942 φιλοφρόνως
2909 3873 3039 3938 τοὺς
3095 3873 3303 3946 ἄνδρας
3367 3875 3678 3943 δεξάμενος,
3731 3868 3780 3920 ἐν

2203 3969 2340 4038 τιμῇ
2364 3961 2480 4036 εἶχε
2512 3982 2527 3997 ο
2563 3967 2660 4020 καὶ
2706 3967 2818 4019 τῶν
2849 3967 2948 4038 μὲν
2987 3967 3082 4020 ἐπὶ
3118 3969 3218 4033 τῆς
3277 3967 3581 4038 ἐκκλησίας
3625 3959 3779 4032 εὐχῶν

2211 4059 2516 4128 μετεδίδου,
2566 4058 2730 4112 Θείων
2781 4059 2837 4113 δέ
2893 4063 3177 4113 κοινωνεῖν
3225 4060 3416 4124 αὐτοῖς
3483 4056 3778 4131 μυστηρίων

2207 4151 2442 4222 ἀπηξίου
2471 4167 2486 4183 ο
2521 4151 2659 4222 μηδὲ
2682 4151 2793 4223 γὰρ
2850 4151 3075 4222 Θεμιτδν
3101 4147 3244 4206 εἶναι
3274 4153 3386 4224 πρὸ
3431 4149 3778 4218 διαγνώσεως»

2207 4245 2417 4298 τούτων
2447 4246 2633 4308 αὐτοῖς
2666 4245 3020 4312 μεταδοῦναι.
3046 4246 3292 4316 Γράμμα
3323 4247 3380 4299 δὲ
3432 4246 3526 4299 καὶ
3557 4237 3780 4309 Θεοφίλῳ

2209 4337 2352 4406 ὑπὲρ
2383 4336 2566 4390 αὐτῶν
2589 4336 2866 4404 ἔστελλεν,
2904 4336 2936 4407 ἢ
2967 4337 3064 4407 τὴν
3092 4338 3388 4391 κοινωνίαν
3436 4338 3616 4397 αὐτοῖς
3658 4333 3780 4383 ἀπο·

2207 4429 2415 4494 δοῦναι,
2449 4431 2626 4500 ὀρθῶς
2655 4429 2715 4481 τὸ
2745 4429 2899 4482 Θεῖον
2927 4429 3244 4494 δοξάζουσιν
3279 4446 3291 4458 ·
3334 4433 3383 4484 εί
3413 4429 3457 4484 δ’
3499 4428 3608 4490 οὖν,
3659 4419 3782 4477 ἀλλά

2208 4540 2331 4576 τινα
2362 4523 2609 4591 πέμπειν
2653 4522 2839 4586 αὐτοῖς
2877 4522 3260 4592 δικασόμενον,
3301 4523 3362 4586 ὃς
3418 4521 3562 4589 αὐτῷ
3611 4512 3783 4583 ἐπιτή-

541 4619 638 4657 oro
684 4612 739 4658 et
781 4601 1055 4656 fratribus
1095 4602 1216 4671 ejus
1260 4598 1802 4669 C(mstantinopolim
1835 4598 2097 4652 venerit:

2209 4614 2350 4676 δειος
2381 4630 2396 4646 ο
2429 4613 2550 4681 εἴγε
2584 4612 2722 4675 τέως
2751 4613 2876 4685 δίκῃ
2919 4613 3032 4666 δεῖν
3092 4614 3273 4668 ἕλοιτο
3315 4617 3388 4667 τὰ
3439 4614 3560 4667 κατ’
3602 4605 3781 4666 αὐτοὺς

513 4693 771 4746 nimirum
803 4701 862 4745 ut
899 4689 1120 4759 publice
1151 4689 1254 4744 sub
1283 4689 1621 4760 imperatore
1655 4688 1774 4758 ipso
1804 4696 1862 4742 et
1888 4688 2102 4743 Joanne

513 4785 810 4846 iudicibus,
854 4782 1074 4848 injuria:
1125 4792 1292 4850 atque
1340 4779 1579 4845 insidiae,
1621 4779 1826 4850 quibus
1870 4781 2100 4849 expetiti

518 4885 751 4938 .nerant,
774 4882 1269 4946 cognoscerenlur.
1306 4873 1706 4928 Existimabam
1734 4872 1907 4941 enim,
1935 4873 2102 4928 Joan-

513 4986 636 5024 nem
672 4985 772 5037 pro
805 4977 1069 5022 consueta
1107 4969 1214 5021 sibi
1250 4967 1529 5029 libertate,
1563 4982 1670 5036 qua
1704 4965 1950 5037 legitime
1981 4977 2106 5022 utc-

517 5072 693 5122 tiatur,
727 5077 755 5113 a
784 5061 908 5131 jure
954 5071 1003 5115 et
1051 5063 1313 5130 aequitate
1364 5076 1474 5115 non
1517 5060 1906 5133 aberraturum
1955 5077 2098 5116 esse.

510 5157 604 5209 llle
647 5156 795 5209 viros
847 5156 1078 5224 benigne
1121 5163 1379 5224 acceptos
1433 5155 1488 5208 in
1533 5155 1743 5209 honore
1791 5154 2007 5216 habuit,
2043 5165 2098 5208 et

511 5250 574 5304 ad
609 5265 934 5303 communes
977 5249 1029 5302 in
1061 5249 1299 5303 ecclesia
1346 5263 1540 5318 preces
1572 5249 1852 5314 adhibuit,
1905 5250 1972 5304 ad
2013 5249 2102 5303 di-

515 5343 762 5395 rinorum
811 5351 997 5396 autem
1053 5339 1447 5410 mysteriorum
1496 5339 1942 5394 communionem
1989 5354 2100 5393 non

511 5435 752 5489 admisit.
786 5434 978 5504 Neque
1009 5433 1158 5487 enim
1189 5432 1273 5486 l‘as
1300 5439 1444 5496 erat,
1477 5440 1606 5486 ante
1638 5447 1860 5485 causam
1913 5433 2104 5500 cogni-

512 5539 618 5582 tam
669 5543 733 5581 ea
784 5543 909 5581 cum
965 5525 1076 5580 illis
1119 5525 1552 5580 communicare.
1598 5523 1682 5578 Ad
1728 5523 2100 5593 Theoiahilum

516 5637 642 5674 vero
675 5637 773 5690 pro
802 5622 885 5676 eis
926 5621 1142 5674 litteras
1180 5619 1354 5684 dedit,
1385 5629 1444 5672 ut
1487 5619 1571 5672 vel
1613 5618 1720 5672 illis
1758 5619 2104 5672 communiu-

514 5734 640 5771 ncrn
692 5718 967 5786 redderet,
1013 5719 1108 5786 qui
1163 5728 1309 5770 ret-te
1357 5716 1426 5770 de
1483 5717 1592 5770 Deo
1643 5719 1916 5770 sentirent
1963 5735 1977 5770 :

2206 4707 2614 4778 διακρίνασοαι.
2659 4707 2784 4759 Ἐπὶ
2816 4705 3015 4760 πολλοῦ
3046 4707 3104 4761 δὲ
3144 4709 3345 4778 καιροῦ
3398 4708 3498 4776 τῆς
3540 4707 3594 4757 ἐν
3641 4699 3779 4754 πέλει

2208 4793 2497 4864 διατριϐῆς
2527 4797 2642 4858 τοῖς
2684 4797 2948 4866 μοναχοῖς
2979 4797 3306 4868 γενομένης,
3368 4798 3455 4867 ἐφ’
3490 4793 3608 4851 ὀδοῦ
3640 4790 3780 4862 προῖ-

2207 4885 2344 4956 ούσῃ
2363 4891 2428 4957 τῇ
2447 4886 2682 4956 βασιλίδι
2704 4887 2961 4959 Εὑδοξίᾳ,
2991 4891 3040 4943 οἱ
3063 4891 3210 4960 ἀμφὶ
3251 4889 3568 4961 Ἀμμώνιον
3597 4887 3773 4939 ἐκεῖνοι

2211 4979 2548 5048 προσῆλθον,
2582 4980 2982 5051 ἐπαιτιώμενοι
3023 4982 3286 5054 Θεόφιλον
3317 4979 3401 5048 οἷς
3459 4981 3575 5035 κατ’
3617 4976 3779 5032 αὐτῶν

2210 5069 2596 5126 ἐϐουλεύσατο.
2666 5072 2730 5125 Ἦ
2778 5073 2826 5126 δ’
2881 5072 3184 5143 αἰσθομένη
3263 5073 3362 5144 τὴν
3426 5071 3547 5126 κατ’
3602 5066 3780 5122 αὐτοὺς

2211 5161 2450 5225 ἀδικίαν,
2475 5164 2694 5233 τιμῶσα
2722 5164 2848 5225 τοὺς
2874 5163 3097 5235 ἄνδρας,
3127 5164 3220 5218 τοῦ
3248 5165 3437 5234 πρόσω
3465 5165 3600 5216 ίέναι
3627 5160 3778 5223 ἐστιν

2213 5251 2309 5303 καὶ
2339 5251 2434 5304 τοῦ
2473 5252 2757 5322 βασιλικοῦ
2787 5254 3068 5324 ὀχήματος
3100 5255 3456 5327 προκύψασα,
3491 5255 3553 5322 τῇ
3587 5245 3778 5316 κεφαλῇ

2210 5344 2462 5409 ἐπένευε,
2493 5347 2609 5409 καὶ,
2640 5363 2656 5397 ι
2690 5346 3001 5415 Εὑλογεῖτε,
3037 5349 3167 5417 ἔφη,
3221 5350 3390 5418 εὐχάς
3422 5365 3480 5400 τε
3517 5345 3652 5413 ὑπὲρ
3691 5337 3778 5393 τοῦ

2215 5435 2485 5504 βασιλέω,
2517 5440 2611 5490 καὶ
2642 5438 2782 5508 ἐμοῦ
2807 5441 2902 5493 καὶ
2938 5442 3046 5494 τῶν
3075 5441 3281 5494 παίδων
3313 5443 3537 5492 ποιεῖτε.
3583 5432 3715 5499 Ἰίγὼ
3743 5429 3782 5479 δ’

2213 5531 2338 5582 ὅσον
2362 5531 2530 5600 τάχος
2555 5532 2782 5585 σπεύσω
2808 5533 3070 5604 Θεόφιλον
3105 5533 3424 5604 ἀφικέσθαι.
3454 5551 3473 5585 ι
3499 5531 3604 5586 Καὶ
3633 5528 3664 5597 ἡ
3691 5524 3780 5594 μὲν

2213 5620 2341 5672 τάδε
2367 5621 2600 5674 εἰποῦσα
2629 5623 2809 5692 διέϐη.

2053 5718 2133 5770 vel
2178 5717 2438 5771 idoneum
2489 5721 2728 5790 aliquem
2771 5722 3312 5793 Constantinopolim
3367 5723 3629 5783 mitteret,
3696 5709 3777 5782 τιυί

513 5827 638 5862 cum
691 5810 798 5863 illis
842 5809 1164 5880 ambigeret,
1195 5808 1469 5880 siquidem
1507 5810 1556 5864 ei
1602 5811 1778 5864 visum
1814 5821 1980 5872 esset,
2041 5827 2173 5868 cum
2215 5811 2297 5864 eis
2341 5812 2556 5880 judicio
2606 5813 2968 5870 contendere.
3027 5817 3092 5868 Et
3135 5833 3257 5870 cum
3306 5814 3518 5868 diutius
3561 5810 3611 5863 in
3656 5802 3776 5858 urbe

515 5904 769 5958 tnunachi
826 5914 1197 5971 morarentur,
1278 5913 1332 5959 et
1387 5904 1708 5975 impcratrix
1772 5905 2016 5959 Euluxia
2073 5905 2124 5959 in
2169 5907 2452 5975 publicum
2499 5923 2786 5977 progressa
2843 5918 3013 5973 esset,
3084 5909 3248 5980 376
3298 5905 3614 5960 Ammonius
3655 5911 3768 5953 cum
