4044 6440
425 371 532 434 975
856 362 865 371 '
1663 360 2093 424 NICEPHORI
2136 357 2483 420 CALLISTI
3602 357 3713 422 976

426 484 732 541 habentem
771 479 1122 543 laudatores,
1175 478 1269 549 qui
1305 485 1535 549 propter
1569 476 1696 533 vita:
1737 475 1857 549 ejus
1875 490 2018 547 prte-

2133 491 2345 543 σαντος,
2371 474 2433 528 ού
2462 472 2622 528 τοῦτο
2661 469 3086 544 προηγούμενον
3111 468 3330 534 πᾶντω,
3381 470 3544 541 ἔχων,
3595 471 3697 527 ἀλλ

423 577 720 639 stantiam,
773 572 920 645 quod
980 576 1097 643 ipse
1160 571 1426 635 sentiret,
1483 568 1746 639 opinione
1788 583 1887 622 sua
1939 566 2015 638 (ἰ)

2133 567 2442 638 Ξιμύνασθαι
2479 564 2608 628 τοὺς
2659 566 2793 636 ’περὶ
2838 566 3135 634 Διόσκορον
3188 563 3485 636 ᾑρημένος.
3552 563 3611 618 ⁸0
3656 564 3715 619 δὲ

422 669 884 740 comprobabant,
918 664 985 720 ad
1056 674 1243 735 partes
1303 679 1429 720 suas
1467 662 1774 734 pertraxit;
1812 676 2017 717 convo-

2133 660 2415 723 θεσπέσιος
2455 658 2717 724 Ἰωάννης
2766 659 2827 711 τὸ
2862 656 2963 728 μὲν
3000 656 3141 729 crept
3158 656 3226 709 τὰ
3256 655 3485 710 τοιαῦτα
3544 674 3749 710 σπου.-

422 763 562 817 catis
587 770 641 815 et
673 761 793 830 ipse
825 759 920 829 qui
954 756 1061 812 sub
1095 772 1165 811 eo
1195 764 1357 811 erant
1392 756 1695 826 episcopis,
1728 754 2016 809 decretum

2133 752 2310 818 δάζειν
2336 752 2458 807 οὐδὲ
2488 752 2654 819 λόγου
2679 750 2882 821 ἠξίωσε
2921 766 2936 782 ο
2981 749 3051 802 τὰ
3082 749 3140 801 δέ
3171 747 3239 816 γ”
3266 748 3587 818 Ἐπιφανίου
3621 751 3718 804 καὶ

424 856 481 910 in
516 853 771 909 eamdem
829 850 1162 905 sententiam
1197 848 1348 911 fecit,
1374 858 1429 903 et
1462 847 1731 918 prolixam
1794 844 2019 915 Origeni

2133 845 2389 915 Βεσφίλου
2425 844 2739 916 γράμματα
2773 846 2830 895 ἐν
2866 841 3097 913 οὐδεμιᾷ
3148 843 3393 895 ἐποιεῖτο
3433 843 3673 914 φροντίδι
3698 860 3715 876 ο

423 946 661 1003 intendil
694 943 1056 1003 calumniam,
1090 941 1185 1012 qui
1215 941 1383 995 etiam
1436 951 1567 994 ante
1619 939 1893 993 ducentos
1921 952 2021 990 an-

2133 940 2234 995 ιῶν
2265 937 2321 992 δέ
2348 936 2601 1008 συνήθων
2624 935 2726 1005 τῆς
2753 933 3109 995 διδασκαλίας
3138 932 3316 1002 εἴχετο
3366 931 3565 1002 ἔργων,
3623 931 3721 986 καὶ

422 1056 527 1096 nos
564 1055 595 1093 e
626 1038 738 1092 vita
776 1043 1097 1092 excesserat
1133 1052 1147 1089 :
1184 1049 1297 1088 non
1335 1033 1427 1088 ille
1472 1031 1697 1102 quidem
1743 1031 1849 1086 hoc
1887 1045 2025 1100 prae-

2133 1030 2249 1084 κατ’
2273 1030 2444 1099 αὐτὴν
2479 1028 2719 1100 μάλιστα
2755 1026 2930 1099 ἤνθει,
2970 1025 3081 1080 τῶν
3128 1024 3250 1078 κατ’
3290 1023 3457 1079 αὐτοῦ
3508 1042 3721 1080 σκευω⁴

423 1134 581 1205 cipue
617 1131 961 1202 propositum
1006 1127 1111 1182 sibi
1140 1126 1437 1181 consilium
1472 1125 1707 1187 habens,
1743 1123 1841 1179 sed
1881 1123 2018 1178 illud

2133 1140 2227 1194 pou
2238 1123 2419 1191 μένων
2463 1121 2670 1192 μηδένα
2700 1121 2860 1189 λόγον
2889 1119 3245 1190 ποιούμενος.
3280 1116 3377 1183 ’Ὣς
3408 1119 3466 1173 δέ
3528 1119 3714 1188 05691.-

425 1227 664 1281 maxime
698 1238 889 1293 agens,
924 1230 984 1275 ut
1018 1220 1343 1273 Dioscorum
1407 1216 1793 1272 ulcisceretur.
1822 1210 1890 1270 At
1926 1215 2024 1270 ad-

2133 1217 2218 1279 >.ος
2251 1215 2577 1285 καταφανὴς
2624 1210 3002 1286 ἦν,⁷σπουδὴν
3035 1215 3222 1268 πᾶσαν
3255 1213 3583 1283 ποιούμενος
3625 1211 3721 1266 τοῦ

428 1318 713 1374 mirandus
753 1315 999 1369 Joannes
1052 1327 1141 1365 res
1187 1310 1463 1381 ejusmodi
1497 1309 1844 1379 indiguiores
1900 1324 2025 1363 esse

2133 1309 2324 1379 θρόνου
2362 1309 2724 1363 κατασπάσαι
2755 1309 2845 1362 τὸν
2892 1307 3176 1376 Ἰωάννην,
3201 1307 3323 1360 τότε
3350 1306 3415 1378 δὴ
3446 1307 3495 1360 οί
3520 1306 3724 1376 δυσμε-

427 1409 669 1481 putavit,
701 1422 868 1475 quam
895 1412 956 1459 ut
986 1418 1179 1459 eorum
1233 1417 1366 1456 cura
1394 1410 1447 1455 et
1497 1401 1684 1456 studio
1722 1415 2025 1469 occupare-

2133 1403 2238 1465 νῶς
2284 1402 2516 1474 Ἰωάννῃ
2541 1401 2996 1471 ἐχοντεςητολλολ.
3032 1402 3134 1466 μὲν
3182 1399 3280 1453 τοῦ
3332 1402 3562 1471 κλήρου,
3622 1402 3723 1453 οὐκ

424 1514 542 1568 tur,
586 1498 997 1571 Epiphaniique
1030 1505 1085 1553 et
1120 1494 1415 1565 Theophili
1440 1495 1657 1549 litteras
1701 1494 1838 1549 nihil
1868 1510 2028 1565 pror-

2133 1494 2302 1563 ὀλίγοι
2332 1495 2389 1549 δέ
2422 1497 2516 1548 καὶ
2544 1495 2654 1547 τῶν
2687 1496 2743 1547 ἐν
2771 1494 2914 1549 τέλει
2945 1494 3040 1549 καὶ
3075 1495 3143 1547 τὰ
3198 1494 3435 1565 μέγιστα
3492 1493 3724 1565 δυναμέ-

424 1611 522 1652 sus
566 1604 652 1650 est
700 1604 968 1657 moratus,
1035 1604 1226 1645 verum
1267 1588 1547 1643 consuetis
1599 1588 1707 1642 sibi
1757 1586 2030 1642 doctrinae

2133 1606 2262 1652 νων,
2294 1587 2486 1657 καιρὸν
2516 1588 2814 1658 εὑρηκέναι
2844 1586 3191 1658 νομίσαντες,
3219 1585 3342 1641 καθ’
3369 1584 3428 1639 ὃν
3461 1584 3521 1638 τὸ
3548 1602 3722 1655 προσ·
3832 1630 3847 1640 .

422 1688 708 1746 laboribus
763 1684 1111 1748 incumbens,
1216 1681 1272 1735 in
1337 1697 1399 1735 ea
1469 1681 1705 1734 maxime
1769 1680 2027 1748 ﬂorebat,

2133 1682 2191 1736 δν
2241 1682 2341 1751 τῆς
2389 1681 2605 1754 ἀμύνης
2640 1682 2731 1735 ἐπὶ
2776 1680 3004 1754 Ἰωάννῃ
3056 1679 3406 1745 ἐνδείξαιντο,
3468 1678 3723 1742 διαϐολὰς

428 1780 761 1836 insidiarum
821 1791 947 1847 qua;
1005 1775 1055 1829 ei
1104 1772 1330 1830 sinistre
1386 1771 1784 1839 tendebantur,
1818 1773 2025 1827 nullam

2136 1775 2517 1846 συνέῥραπτον
2553 1774 2679 1827 ὅθεν
2734 1773 2797 1843 δή
2835 1774 2955 1827 ποτ’
3013 1773 3394 1844 ἐρανιζόμενοι
3422 1771 3519 1834 τὰς
3563 1788 3723 1824 συκο-

427 1875 639 1929 habens
662 1871 960 1925 rationem.
997 1866 1103 1924 Ubi
1167 1875 1356 1919 autem
1414 1863 1712 1918 manifesto
1746 1864 2023 1929 constitit,

2133 1864 2389 1934 φαντίας,
2425 1865 2520 1917 καὶ
2553 1863 2776 1918 σύνοδον
2810 1863 3062 1934 μεγάλην
3098 1864 3203 1917 ἀνὰ
3230 1863 3331 1933 τὴν
3373 1862 3723 1917 Κωνσταντί-
3748 1876 3759 1883 ‘

430 1964 802 2035 Theophilum
845 1960 900 2015 id
933 1959 1119 2015 studio
1149 1958 1299 2011 omni
1363 1956 1573 2022 conari,
1640 1964 1701 2009 ut
1749 1956 2022 2011 Joannem

2133 1974 2224 2011 νου
2255 1956 2515 2026 γενέσθαι
2560 1957 3074 2029 παρεσκευάζοντο,
3104 1953 3188 2023 οἷς
3240 1958 3341 2029 μὲν
3376 1957 3720 2013 ἐπιστέλλον-

428 2061 634 2115 throno
704 2055 1011 2127 dejicerot,
1064 2062 1181 2107 tum
1216 2065 1348 2105 vero
1387 2049 1481 2120 qui
1534 2049 1722 2104 hostili
1785 2050 1841 2104 in
1895 2064 2022 2104 eum

2133 2067 2245 2118 τες,
2276 2050 2401 2112 τοὺς
2436 2051 2657 2115 πλείους
2684 2052 2743 2106 δὲ
2776 2053 2869 2107 καὶ
2904 2053 3175 2122 ἀγράφως
3207 2051 3720 2122 μεταστελλόμενοι.

424 2160 588 2208 erant
626 2149 835 2215 animo,
876 2162 943 2202 ex
976 2144 1128 2201 clero
1154 2143 1379 2215 quidem
1445 2140 1629 2209 multi,
1696 2157 1810 2197 non
1859 2142 2024 2213 pauci

2138 2146 2204 2199 Ὀ
2235 2146 2300 2218 δὴ
2323 2147 2419 2199 καὶ
2450 2146 2720 2215 Θεόφιλος
2749 2147 2937 2215 γνοὺς,
2972 2145 3053 2200 ἔτι
3085 2147 3288 2217 μᾶλλον
3310 2148 3367 2201 ἐν
3400 2146 3599 2217 σπουδῇ
3631 2142 3721 2218 ἦν.

422 2259 558 2301 νει-ο
592 2246 759 2298 etiam
783 2255 851 2297 ex
892 2236 1309 2309 magistratibus
1356 2244 1417 2291 et
1473 2234 1559 2289 eis
1588 2233 1681 2305 qui
1705 2234 1947 2304 potentia
1973 2243 2031 2290 et

2133 2239 2245 2293 Καὶ
2273 2241 2402 2303 τοὺς
2444 2240 2548 2310 μὲν
2606 2240 2944 2309 Αἰγυπτίους
2998 2240 3336 2305 ἐπισκόπους
3394 2239 3725 2295 καταπλέειν

423 2337 758 2395 auctoritate
789 2333 1084 2397 'valerent,
1115 2330 1467 2385 commodum
1498 2344 1560 2384 se
1592 2336 1811 2397 tempus
1868 2327 2027 2384 inve-

2133 2330 2304 2385 ἐποίει
2344 2347 2359 2364 ·
2392 2332 2605 2403 ἔγραφε
2641 2331 2688 2386 δ’
2733 2332 3045 2403 Ἐπιφανίῳ
3074 2334 3172 2388 καὶ
3220 2335 3336 2398 τοῖς
3384 2332 3565 2397 ἄλλοις
3617 2331 3725 2387 ἀνὰ

422 2431 576 2487 nisse
605 2429 737 2489 rati,
772 2441 885 2496 quo
923 2423 1181 2479 vindicta:
1214 2436 1327 2497 suae
1359 2420 1415 2476 in
1446 2418 1717 2475 Joannem
1750 2420 2027 2489 cupidita-

2133 2422 2225 2494 τὴν
2253 2422 2330 2478 ἕω
2367 2424 2701 2490 ἐπισκόποις
2741 2425 2944 2498 σπουδῇ
3002 2427 3096 2481 ἐπὶ
3140 2426 3244 2496 τὴν
3306 2423 3721 2482 Κωνσταντίνου

424 2532 534 2579 tem
590 2518 972 2583 ostenderent,
1015 2513 1457 2571 obtrectationes
1511 2513 1888 2583 undecunque
1929 2528 2027 2569 ca-

2133 2514 2419 2589 διαπερᾷν.
2450 2517 2624 2582 Δύτὺς
2649 2517 2708 2571 δέ
2741 2520 2884 2591 πεζῇ
2910 2509 3155 2573 ἐλαύνων
3190 2518 3369 2592 ἀνῄει.

423 2616 657 2675 lumniis
709 2624 769 2671 et
807 2611 1190 2686 sycophantiis
1245 2607 1611 2666 emendicatis
1664 2617 2002 2676 texuerunt,
2044 2620 2212 2682 atque
2279 2622 2339 2669 ut
2406 2613 2602 2685 ingens
2627 2614 2871 2686 synodus
2905 2615 2959 2672 in
3015 2615 3154 2671 urbe
3216 2616 3722 2689 Constantinopoli-

425 2724 554 2770 tana
636 2709 1039 2771 celebraretur,
1104 2706 1468 2761 instituerunt
1565 2701 1839 2773 episcopis
1909 2703 2239 2774 quibusdam
2269 2721 2334 2763 ea
2396 2708 2465 2763 de
2516 2723 2684 2764 causa
2729 2709 3066 2778 scribentes,
3128 2709 3316 2779 plures
3368 2720 3552 2766 autem
3601 2711 3717 2766 sine

429 2805 644 2876 scripto
674 2809 992 2861 evocantes.
1053 2798 1123 2854 Et
1161 2796 1508 2869 Theophilus
1542 2812 1607 2851 ea
1653 2811 1715 2850 re
1782 2798 2025 2868 cognita,
2066 2798 2313 2855 studium
2378 2802 2546 2857 etiam
2592 2815 2753 2857 suum
2824 2802 3000 2874 magis
3048 2802 3307 2870 intendit,
3368 2813 3427 2860 et
3459 2802 3720 2877 Egyptiis

425 2901 730 2975 episcopis,
761 2909 823 2955 ut
853 2894 1395 2965 Constantinopolim
1476 2892 1819 2964 trajicerent,
1867 2901 2063 2948 auctor
2100 2892 2209 2950 fuit
2241 2912 2255 2951 :
2298 2895 2612 2967 Epiphanio
2646 2908 2853 2959 autem,
2888 2907 2946 2955 et
2977 2899 3101 2954 aliis
3141 2900 3195 2955 in
3218 2898 3444 2957 Oriente
3510 2906 3719 2972 episeo‘

423 2997 513 3069 pis
546 2996 793 3067 scripsit,
830 3008 890 3050 se
920 2991 1176 3048 celeriter
1224 2985 1773 3057 Constantinopolim
1828 2984 2171 3045 conferrent.
2236 2988 2360 3061 Ipse
2427 3006 2596 3061 porro
2642 2992 2886 3063 pedestri
2941 2982 3142 3048 itinere
3177 3007 3247 3048 eo
3290 2992 3567 3064 profectos
3603 3002 3709 3052 est.

946 3209 1116 3281 373
1155 3203 1387 3263 CAPUT
1419 3202 1563 3259 χιιι.

2711 3169 3138 3262 'KEoAA.trz

424 3311 500 3367 De
528 3308 752 3365 Joannis
779 3315 826 3361 et
856 3301 1151 3376 Epiphanii
1179 3302 1233 3354 in
1262 3298 1391 3376 urbe
1417 3296 2032 3376 Constantinopolitano

2142 3300 2287 3376 Napi
2310 3298 2420 3376 ζῇς
2464 3298 2752 3376 Ἰωάννου
2781 3301 2882 3355 καί
2919 3300 3280 3376 Ἐπιφακισιυ
3335 3297 3723 3376 διαφορᾶς

493 3380 755 3435 dissidio.
805 3385 853 3429 et
904 3368 972 3427 'ut'
1004 3372 1315 3444 paenitentia
1358 3369 1545 3422 ductus
1598 3368 1931 3444 Epiphanius
1979 3370 2037 3421 in

432 3486 435 3489 ν
494 3452 729 3523 Cyprum
764 3441 1045 3523 navigans,
1072 3445 1239 3496 vitam
1268 3449 1442 3494 morte
1469 3441 1836 3505 commutarit,
1868 3442 1944 3493 ita
1974 3446 2034 3490 ut

501 3517 737 3578 Joannes
768 3517 1117 3589 prwdixerat.
1913 3584 1926 3594 .

495 3634 671 3691 Parva
725 3626 1050 3686 intercessit
1084 3639 1263 3687 mora,
1300 3630 1358 3678 et
1409 3622 1765 3693 Epiphanius
1820 3621 2037 3692 primus

427 3728 552 3785 navi
584 3726 877 3788 advectus,
906 3720 975 3776 ad
1031 3717 1341 3789 Septimum
1378 3716 1507 3773 urbi
1550 3716 1797 3770 vicinum
1858 3713 2033 3782 venit,

427 3824 715 3879 decretum
741 3823 935 3872 contra
969 3812 1267 3883 Origenem
1292 3810 1564 3879 scriptum
1596 3824 1785 3864 secum
1813 3808 2034 3864 ferens:

426 3916 483 3970 in
511 3927 623 3984 quo
653 3926 767 3965 non
801 3906 1100 3977 Origenem
1134 3904 1318 3973 ipsum
1350 3899 1878 3966 excommunicavit,
1932 3898 2029 3954 sed

428 4007 601 4062 libros
637 4012 854 4056 tantqu
896 4000 1019 4068 ejus
1052 3994 1357 4050 damnavit.
1400 3992 1468 4048 Et
1505 4001 1802 4064 postquam
1826 3992 1882 4046 in
1911 3991 2033 4063 ejus

428 4094 534 4150 loci
563 4090 800 4148 ecclesia
837 4084 1218 4159 precationem
1248 4081 1483 4153 peregit,
1515 4089 1574 4135 et
1609 4079 1906 4136 diaconum
1942 4092 2035 4131 or-

428 4185 670 4245 dinavit.
737 4176 1278 4248 Constantinopolim
1337 4182 1425 4230 est
1483 4174 1767 4243 ingressus
1806 4187 1822 4225 :
1864 4184 2031 4241 quem

427 4280 675 4336 Joannes
729 4273 1145 4336 advenientem,
1216 4268 1368 4323 clero
1407 4266 1560 4323 omni
1617 4264 1925 4320 honoriﬁce
1978 4262 2031 4317 ei

430 4370 651 4428 obviam
693 4368 886 4434 misso,
921 4363 1159 4434 excepit.
1214 4360 1310 4416 llle
1341 4368 1522 4414 autem
1561 4368 1751 4428 aperte
1807 4371 1919 4425 prae
1974 4369 2035 4409 se
2074 4380 2077 4383 -

433 4462 725 4532 Theophili
755 4457 1111 4515 suasionibus
1166 4470 1225 4510 se
1265 4453 1395 4510 duci
1426 4451 1572 4508 tulit.
1606 4450 1743 4506 Nam
1778 4448 2037 4504 admoni-

2210 3369 2287 3438 τῇ
2312 3373 2782 3426 Κωνσταντίνου
2806 3387 2823 3402 ·
2868 3372 2964 3424 καί
2998 3372 3079 3436 ὡς
3120 3374 3192 3424 τὰ
3218 3373 3288 3424 ἐν
3320 3372 3491 3439 μέσῳ
3516 3371 3722 3427 erant»

2209 3456 2331 3506 σας
2362 3442 2743 3506 Ἐπιφάνιος,
2791 3444 2881 3507 εἰς
2921 3443 3167 3510 Κύπρον
3195 3440 3401 3496 πλέων
3438 3441 3545 3496 τὸν
3576 3441 3722 3507 ,βίον

2204 3511 2622 3581 μετήλλαξεν,
2653 3513 2734 3578 ὡς
2777 3512 3053 3581 Ἰωάννης
3084 3512 3509 3583 προήγγειλεν.

2207 3630 2323 3683 Οὐκ
2357 3631 2438 3684 εἰς
2471 3629 2695 3700 μακρὰν
2730 3630 2787 3684 δὲ
2830 3628 3217 3694 καταπλεύσας
3270 3627 3487 3699 πρῶτος
3513 3629 3542 3683 δ
3572 3629 3722 3683 Ἐπι-

2137 3723 2352 3793 φᾶνιος,
2390 3722 2474 3786 εἰς
2506 3722 2566 3776 τὸ
2597 3723 2705 3793 πρὸ
2753 3723 2856 3792 τῆς
2888 3723 3100 3786 πόλεως
3131 3721 3407 3794 Ἐσδομον
3437 3716 3539 3795 ἧκε
3561 3735 3575 3752 ⁶
3628 3720 3721 3783 καὶ

2133 3822 2202 3872 τὰ
2247 3818 2395 3871 κατὰ
2439 3815 2753 3888 Ὠριγένους
2797 3815 3145 3886 ψηφισθέντα
3188 3816 3613 3887 ἐπιφερόμενος,
3661 3814 3721 3868 ἐν

2134 3904 2218 3973 οἷς
2245 3910 2305 3963 οὐ
2360 3910 2524 3979 μόνον
2561 3909 2913 3978 Ὠριγένους,
2972 3907 3110 3965 ἀλλὰ
3160 3909 3257 3962 καὶ
3306 3909 3446 3962 αὐτὰ
3482 3908 3620 3979 μόνα
3651 3907 3721 3962 τὰ

2139 4001 2323 4073 βιϐλία
2359 4002 2734 4057 καταιτιᾶται.
2772 4001 2850 4073 Τῇ
2882 3999 2930 4054 δ’
2973 4001 3152 4055 ἐκεῖσε
3186 4001 3458 4074 ἐκκλησίᾳ
3486 4001 3721 4071 εὐξάμε-

2135 4110 2245 4157 νος,
2278 4092 2371 4145 καὶ
2402 4091 2656 4146 διακόνου
2684 4091 3034 4162 χειροτονίαν
3065 4080 3314 4156 τελέσας,
3344 4094 3411 4163 τῇ
3441 4092 3723 4147 Κωνσταν-

2135 4185 2285 4239 τίνου
2332 4188 2610 4257 εἰσήγετο.
2648 4186 2885 4240 Εἰσιόντι
2923 4185 2981 4240 δέ
3026 4188 3054 4239 ό
3096 4186 3354 4257 Ἰωάννης
3402 4189 3468 4258 τῇ
3503 4187 3719 4256 ἀπαντῇ

2136 4279 2231 4334 τοῦ
2259 4280 2467 4351 κλήρου
2500 4280 2703 4343 παντὸς
2724 4281 2952 4350 πέμψας
3015 4281 3200 4352 ἐτίμα.
3218 4283 3463 4346 Ἐκεῖνος
3485 4281 3539 4336 δέ
3562 4281 3717 4352 δῆλος

2133 4365 2201 4441 ἦν
2233 4374 2353 4432 ταῖς
2383 4372 2713 4443 εἰσηγήσεσι
2746 4371 3017 4442 Θεοφῐλου
3060 4370 3409 4440 πειθόμενος.
3440 4373 3718 4443 Οξκήμασι

2136 4462 2244 4533 γὰρ
2266 4462 2746 4532 ἐκκλησιαστικοίς
2775 4463 3118 4532 προτραπεὶς
3141 4463 3499 4533 καταμένειν,
3523 4463 3721 4535 ἥκιστα

437 4575 523 4613 tus
566 4569 627 4612 ut
660 4557 714 4610 in
749 4553 966 4609 aedibus
1017 4547 1416 4606 ecclesiasticis
1442 4553 1714 4607 maneret,
1756 4542 2032 4597 conditio-

2140 4553 2527 4624 πρ.)σεδέχετο.
2576 4553 2851 4619 Ἒξέκλινε
2899 4553 2957 4606 δέ
2997 4555 3093 4609 καὶ
3144 4555 3226 4617 εἰς
3257 4556 3454 4610 ταυτὸν
3496 4556 3723 4629 Ἰωάννῃ

432 4668 558 4707 nem
588 4665 709 4705 eam
742 4643 1079 4717 repudiavit.
1126 4652 1185 4697 et
1240 4642 1296 4696 in
1328 4640 1584 4696 eumdem
1646 4652 1773 4692 cum
1821 4635 2033 4689 Joanne

436 4749 618 4801 locum
658 4740 990 4804 convenire,
1023 4736 1337 4805 Theophilo
1369 4732 1631 4788 nimirum
1658 4726 2028 4800 gratiﬁcatns,

440 4838 649 4892 renuit.
686 4831 975 4903 Episcopis
1041 4831 1209 4886 etiam
1274 4825 1505 4882 advenis
1543 4838 1792 4878 seorsum
1847 4823 1916 4877 ad
1972 4837 2032 4877 se

437 4926 698 4989 evocatis,
716 4923 1076 4982 abolitionem
1104 4920 1359 4993 Origenis
1383 4917 1718 4987 scriptorqu
1738 4914 1989 4969 exhibuit
2011 4929 2028 4970 :

439 5038 541 5076 aon
574 5020 665 5073 ille
695 5018 946 5089 quidem,
984 5015 1133 5086 quod
1186 5022 1382 5069 contra
1434 5024 1499 5067 ea
1525 5010 1760 5073 diceret,
1793 5008 2031 5073 habens,

434 5113 528 5167 sed
554 5112 623 5169 de
656 5109 953 5180 Theophili
987 5105 1267 5162 sententia
1288 5102 1523 5173 rejicere
1565 5118 1630 5156 ea
1687 5109 1929 5156 tentans.
1968 5102 2032 5155 Et

440 5202 643 5276 reperti
676 5203 904 5273 quidam
944 5208 1099 5263 sunt,
1160 5197 1256 5267 qui
1314 5211 1414 5251 sua
1474 5210 1603 5265 erga
1652 5193 2028 5265 Epiphaniam

437 5298 790 5359 observantia
828 5295 1118 5349 decretum
1156 5290 1209 5346 id
1247 5289 1640 5360 chirographis
1676 5291 1794 5347 suis
1821 5289 2028 5346 conﬁr-

435 5399 677 5449 marunt,
723 5383 947 5456 plurimi
982 5397 1115 5440 vero
1148 5382 1196 5435 id
1219 5381 1402 5436 facere
1428 5380 2029 5439 detrectarunt.Porr0

434 5476 1108 5550 TlteotintusScytharum
1125 5477 1442 5543 episcopus,
1467 5473 1833 5545 Epiphanium
1856 5475 2025 5529 etiam

506 5638 586 5710 (Ι)
622 5635 817 5689 Mirum
862 5629 1120 5710 profecto
1141 5640 1249 5698 est,
1277 5630 1424 5700 quod
1448 5630 1821 5710 Nicephorius,
1853 5632 2025 5710 Soza-

432 5700 658 5763 menum
719 5700 967 5767 secutus,
996 5700 1619 5772 Anthropomorphitam
1656 5703 2025 5773 Epipliauium

432 5794 557 5834 esse
611 5777 930 5845 scripserit,
990 5786 1118 5827 cum
1153 5787 1282 5845 eum
1315 5773 1549 5845 diversa:
1611 5774 1903 5828 sententia:
1939 5791 2025 5829 as-

435 5858 707 5902 sertorem
730 5843 903 5901 luisse
942 5851 1179 5911 conStet,
1220 5843 1275 5897 in
1316 5843 1556 5899 Panario
1616 5857 1786 5913 opere
1828 5854 2017 5900 contra

2134 4647 2336 4711 ἐλθεῖν,
2370 4648 2736 4718 χαριζόμενος
2776 4648 3046 4719 Θεοφίλῳ.
3085 4649 3224 4712 Τοὺς
3256 4649 3303 4701 δ’
3352 4648 3720 4720 ἐνδημοῦντας

2132 4738 2244 4791 τῶν
2277 4739 2601 4793 ἐπισκόπων
2633 4739 2754 4794 κατ’
2782 4739 2923 4793 ἰδίαν
2964 4740 3495 4811 μεταστελλόμενος,
3529 4742 3598 4795 τὰ
3624 4758 3720 4795 κα-

2134 4831 2426 4901 θαιρετικὰ
2480 4832 2594 4885 τῶν
2637 4833 2954 4904 Ὠριγένους
3001 4833 3292 4887 ἐπεδείκνυ
3351 4834 3550 4903 λόγων,
3580 4831 3718 4903 ,ούτι

2133 4925 2256 4979 κατ’
2300 4926 2485 4981 αὐτῶν
2516 4925 2699 4995 λέγειν
2751 4926 2915 4997 ἔχων,
2969 4924 3115 4979 κατὰ
3160 4926 3317 4991 δόξαν
3349 4926 3407 4980 δέ
3460 4926 3718 4997 Θεοφίλου

2132 5016 2387 5071 ἐλαύνειν
2418 5017 2593 5073 ταῦτα
2622 5020 2990 5091 πειρώμενος.
3024 5017 3135 5072 Καί
3166 5035 3315 5084 τινες
3357 5019 3455 5090 μέν
3481 5020 3622 5074 αἰδοῖ
3649 5020 3719 5092 τῇ

2133 5110 2273 5181 πρὸς
2315 5111 2638 5182 Ἐπιῳάνιον
2685 5113 2755 5165 τὰ
2802 5112 3146 5183 ψηφισθέντα
3180 5112 3275 5168 καὶ
3308 5112 3466 5175 ἰδίαις
3518 5111 3716 5165 ἐπεκύ-

2135 5219 2267 5276 ρουν
2296 5207 2543 5275 γραφαῖς
2566 5221 2582 5237 ·
2615 5206 2665 5258 οἰ
2689 5207 2747 5259 δὲ
2778 5205 3000 5270 πλειους
3026 5206 3268 5277 μάλιστα
3302 5204 3712 5276 παρῃτήσαντο.

2135 5298 2399 5368 Θεότιμος
2430 5299 2488 5353 δὲ
2520 5301 2547 5352 ὁ
2588 5299 2825 5363 Σκυθίας
2866 5304 2958 5353 καὶ
3016 5299 3204 5370 σχεδὸν
3251 5298 3573 5369 Ἑπιφανίου
3600 5299 3716 5362 τοῖς

2133 5387 2317 5456 λόγοις
2343 5387 2636 5453 ’καθίκετο,
2666 5388 2839 5443 εἰπών
2865 5404 2879 5420 °
2924 5407 2944 5441 ι
2994 5389 3158 5457 Ἐγὼ,
3190 5383 3241 5444 ὦ
3278 5389 3584 5459 Ἐπιφάνιε,
3617 5389 3718 5459 οὐχ

2132 5480 2280 5532 ὅσιον
2318 5480 2535 5552 ἥγημαι
2577 5482 2667 5533 τὸν
2715 5482 2884 5537 πάλαι
2937 5482 3244 5552 τεθνηκότα
3286 5480 3553 5553 ὑϐρίζειν,
3599 5477 3717 5535 οὗθ’

2136 5635 2419 5690 Audianos
2440 5634 3171 5709 haereticosdisputantem:
3205 5635 3308 5703 Qui
3338 5636 3548 5708 opinati
3573 5636 3715 5709 [also

2130 5717 2273 5768 sunt,
2308 5709 2448 5774 quod
2474 5706 2615 5761 Dens
2644 5708 2714 5761 ad
2739 5706 3032 5777 imaginem
3049 5716 3101 5762 et
3127 5706 3532 5762 similitudinem
3558 5706 3716 5762 suam

2130 5779 2398 5830 hominem
2433 5788 2717 5845 creaverit,
2776 5789 3062 5847 prapterea
3111 5778 3274 5833 Deum
3317 5780 3544 5833 hominis
3603 5778 3717 5848 [or-

2132 5863 2274 5900 mam
2301 5848 2555 5900 oblinere.
