4044 6476
272 396 417 488 θη

1217 424 1827 488 ΕςειΕδωδΤιρίΕ
1868 424 2255 485 Hlb'l'ORlziS
2296 426 2431 487 L115.
2470 426 2639 487 XIII.

3468 418 3597 480 978—

272 535 365 599 ὼς
392 533 587 605 ἔτυχεν
616 534 987 607 ἀπορρίπτειν
1036 533 1134 600 τὰς
1184 535 1294 589 τῶν
1339 536 1717 609 ἀρχαιοτέρων
1764 552 1894 604 συγ-

1998 532 2180 589 verbis
2209 550 2380 605 prope
2409 532 2790 606 perstringens
2825 550 2840 588 :
2889 542 2909 584 ι
2951 530 3085 603 Ego,
3141 530 3343 603 inquit,
3390 547 3422 586 ο
3453 531 3578 602 Epi-

265 620 515 698 ἣραφὰς
551 625 822 698 αἱροῦμαι
848 644 863 659 ο
916 627 1270 699 βλασφημίας
1306 629 1416 698 γὰρ
1457 630 1558 682 οὐκ
1599 629 1755 692 ἐκτὸς
1780 627 1880 700 τὴν

280 720 524 774 ἐκείνων
554 720 738 792 κρίσιν
763 720 1075 788 ἐκϐάλλειν,
1113 721 1211 774 καὶ
1241 721 1311 774 τὰ
1341 721 1525 785 καλῶς
1559 721 1790 785 ἐκείνοις
1818 738 1879 775 τε

280 814 390 867 καὶ
430 812 511 883 τῷ
559 814 740 885 χρόνῳ
790 794 1175 883 δοκιμασθέντ’
1224 813 1438 867 ἀθετεῖν
1490 815 1550 866 ού
1588 800 1681 883 μοὶ
1730 813 1883 867 δοκεῖ

290 903 596 973 σωφρόνων
625 899 791 958 εῖναι.
832 923 851 956 ι
894 903 1078 957 Ταῦτα
1121 906 1321 972 λέγων,
1364 905 1456 959 καί
1497 923 1550 959 τι
1588 906 1697 958 τῶν
1734 906 1881 975 Ὠρι-

287 998 492 1066 γένους
534 997 989 1068 συγγραμμάτων
1044 999 1127 1073 είς
1170 998 1337 1067 μέσον
1386 998 1633 1066 προῆγεο
1666 998 1759 1052 καὶ
1806 1000 1882 1060 ὡς

290 1087 571 1157 ἀναγκαῖα
600 1089 700 1141 καὶ
722 1087 961 1158 χρειώδη
1015 1089 1200 1140 ἐκεῖνα
1236 1089 1357 1149 ταῖς
1390 1087 1711 1157 ἐκκλησίαις
1742 1088 1881 1139 ἁπο-

290 1181 504 1247 δείξας,
530 1198 551 1232 ι
590 1183 854 1243 Ἄτοπον,
886 1180 1065 1243 ἔλεγε,
1096 1184 1437 1251 πράττουσιν
1469 1180 1521 1233 οἶ
1567 1181 1738 1232 ταῦτα
1770 1181 1882 1232 δια-

294 1274 517 1329 ϐάλλειν
550 1275 1002 1345 ἐπιτηδεύουσιν’
1045 1277 1107 1328 ού
1158 1276 1337 1329 ταῦτα
1393 1276 1527 1347 γὰρ,
1572 1275 1707 1328 ἀλλὰ
1757 1276 1884 1345 περὶ

292 1359 376 1419 ὧν
400 1366 449 1418 οἱ
470 1364 622 1434 λόγοι
655 1366 1034 1420 κινδυνεύουσι
1065 1367 1444 1438 καἽυῧρίζειν.
1485 1387 1505 1420 ι
1548 1369 1606 1422 Ὀ
1633 1369 1887 1421 δὲ’ἰωάνι

291 1473 401 1528 νης
455 1457 533 1528 μὴ
565 1458 926 1528 μεμψάμενος
965 1459 1327 1527 ’Emcpo'wtov,
1358 1454 1440 1523 οἷς
1494 1459 1629 1530 παρ’
1665 1459 1885 1527 ἐνορίαν

294 1549 646 1619 χειροτονίαν
687 1549 889 1611 ἐποίει,
920 1547 989 1623 δι’
1019 1550 1202 1613 αἰδοῦς
1233 1545 1338 1621 ἦγε
1370 1549 1463 1603 τὸν
1494 1552 1685 1621 ἄνδρα,
1716 1566 1888 1621 παρετ

299 1636 464 1696 κάλει
505 1658 568 1694 τε
615 1642 1110 1712 συνεκκλησιάζειν
1162 1643 1335 1713 αὐτῷ,
1389 1646 1485 1699 καὶ
1535 1645 1584 1697 εί
1644 1643 1886 1711 βούλοιτο

301 1735 605 1787 συνοικεῖν.
646 1731 707 1788 Ὀ
759 1732 817 1786 δὲ
854 1736 950 1787 καὶ
996 1735 1288 1813 ἀμφύτερα
1336 1739 1661 1809 παρῃτεῖτο,
1714 1739 1761 1788 εί
1811 1735 1888 1807 μὴ

305 1825 577 1896 πρότερον
604 1826 911 1892 καὶγαύτὺς
951 1828 1150 1899 ἐπίσης
1183 1827 1291 1882 τῶν
1333 1830 1648 1897 Ὠριγὲνους
1685 1829 1887 1899 βίϐλων

1986 625 2182 694 phani,
2210 626 2364 681 nefas
2385 643 2509 682 esse
2561 634 2723 698 puto,
2753 622 3094 681 contumelia
3124 638 3222 679 eos
3251 622 3577 695 qui‘dudum

1990 726 2118 773 sunt
2149 716 2373 784 mortui,
2414 716 2631 774 atIicere
2666 735 2680 772 :
2715 733 2898 788 neque
2940 718 3016 773 ita
3070 725 3283 772 temere
3309 716 3579 772 vetustio-

1990 827 2114 864 rum
2147 810 2350 880 scripta
2385 811 2692 882 abjicienda
2724 826 2945 866 censeo.
2970 809 3135 865 Extra
3171 808 3577 881 blasphemiam

1989 904 2137 958 enim
2164 919 2274 959 non
2305 912 2391 959 est
2414 906 2690 975 judicium
2729 905 2952 960 illorum
2995 905 3341 977 proculcare,
3370 914 3427 959 et
3458 919 3580 972 quae

1991 996 2096 1050 rite
2132 1007 2296 1065 atque
2331 998 2526 1052 ordine
2580 998 2649 1052 ab
2697 1000 2776 1052 eis
2811 1010 3036 1064 statuta,
3087 1009 3144 1054 et
3176 1008 3422 1067 tempore
3460 997 3580 1066 ipso

1992 1090 2347 1158 comprobata
2379 1098 2531 1154 sunt,
2556 1089 2841 1161 abrogare,
2882 1091 3108 1144 minime
3160 1089 3297 1144 mihi
3360 1089 3581 1143 videtur

1993 1181 2349 1249 prudentium
2414 1180 2657 1236 virorum
2691 1198 2835 1237 esse.
2876 1201 2893 1235 ι
2924 1181 3062 1237 Cum
3089 1181 3246 1248 hisce
3287 1179 3474 1235 verbis
3499 1180 3583 1235 li-

1992 1273 2153 1327 brum
2187 1271 2480 1343 quemdam
2507 1272 2763 1343 Origenis
2797 1273 3115 1329 inmedium
3171 1273 3454 1343 produxit,
3497 1278 3581 1324 at-

1993 1382 2102 1436 que
2138 1367 2230 1422 ubi
2263 1382 2426 1436 quam
2483 1367 2793 1421 necessaria
2830 1378 2885 1421 et
2933 1366 3087 1420 utilia
3123 1364 3379 1420 Ecclesia:
3413 1364 3468 1418 in
3514 1375 3584 1416 eo

1994 1467 2180 1515 essent
2230 1459 2494 1514 indicavit
2543 1478 2557 1513 :
2602 1478 2619 1511 ι
2658 1459 2939 1524 Absurde,
2986 1457 3148 1521 dixit,
3210 1455 3442 1517 faciunt,
3487 1451 3582 1522 qui

1997 1551 2110 1606 haec
2145 1551 2467 1606 calumniari
2494 1550 2757 1605 student:
2802 1546 2916 1603 non
2972 1546 3119 1604 enim
3188 1547 3307 1601 haec
3344 1551 3581 1602 tantum.

1997 1645 2092 1699 sed
2124 1658 2188 1699 ea
2215 1644 2382 1698 etiam
2413 1642 2483 1697 de
2515 1643 2717 1710 quibus
2747 1642 2802 1695 in
2847 1641 3007 1696 libris
3036 1646 3328 1700 tractatur,
3363 1635 3586 1708 pericu-

1995 1738 2110 1791 lose
2150 1736 2486 1793 contumelia
2518 1734 2733 1790 allicere
2760 1733 3045 1788 videntur.
3086 1751 3105 1785 ›
3160 1712 3404 1787 Joannes
3453 1728 3584 1799 Epi-

1997 1829 2286 1900 phanium,
2334 1827 2480 1898 quod
2517 1836 2673 1883 extra
2711 1824 2939 1882 ditionis
2973 1839 3085 1879 suae
3120 1820 3257 1878 ﬁnes
3286 1821 3585 1877 ordinandi

304 1916 779 1985 καταψηφίσηται,
812 1921 905 1972 καὶ
929 1922 1055 1983 τοὺς
1078 1921 1205 1990 περὶ
1229 1921 1523 1990 Διόσκορτιν
1551 1922 1651 1991 τῆς
1678 1922 1888 1985 πόλεως

2000 1919 2339 1993 provinciam
2365 1920 2471 1976 sibi
2496 1927 2842 1990 usurpasset,
2887 1932 2997 1972 non
3025 1914 3412 1990 reprehendit,
3484 1913 3583 1969 sed

300 2002 579 2074 ἀπελάσῃ.
612 2004 718 2058 Τοῦ
750 2005 809 2058 δὲ
836 2007 1024 2076 κοινῆς
1059 2007 1429 2071 συνελεύσεω;
1460 2010 1589 2064 ἄνευ
1633 2009 1889 2078 λέγοντος

306 2094 391 2164 μὴ
414 2093 524 2148 δεῖν
554 2090 696 2149 εἶναι
731 2100 1009 2168 προπετές
1033 2115 1089 2152 τι
1129 2098 1285 2169 δρᾷν,
1317 2099 1413 2153 καὶ
1449 2100 1889 2168 ἀναϐαλλομένου

298 2187 406 2258 τὴν
443 2189 683 2259 αἴτησιν,
713 2189 763 2242 οἱ
796 2188 1255 2260 δυσμεναίνοντες
1286 2193 1516 2265 Ἰωάννῃ
1564 2195 1660 2246 ἐπὶ
1692 2194 1889 2265 ἑτέραν

304 2280 506 2351 βουλὴν
561 2280 803 2352 μετῆγον
858 2282 951 2336 τὸν
1004 2283 1346 2351 Ἑπιφάνιον.
1402 2285 1738 2353 Είσηγοῦντο
1797 2285 1895 2338 καὶ

305 2376 442 2447 γὰρ,
471 2374 774 2445 μελλούσης
807 2376 1083 2448 μεγίστης
1117 2378 1394 2442 συνάξεως
1419 2378 1680 2447 γενέσθαι
1709 2379 1800 2430 ἐπὶ
1823 2381 1888 2449 τῇ

306 2468 421 2522 τῶν
460 2468 804 2549 Ἀποστόλων
833 2468 1111 2539 ἐπωνύμῳ
1143 2470 1440 2544 ἐκκλησίᾳ,
1475 2473 1657 2525 ἐκεῖσε
1695 2473 1890 2541 προελ-

309 2562 425 2617 θεῖν
453 2562 686 2627 ἐκετνον,
722 2565 819 2617 καὶ
849 2563 1089 2634 δημοσίᾳ
1142 2564 1243 2635 μὲν
1271 2563 1576 2635 ἐκκηρῦξαι
1610 2565 1706 2627 τὰς
1753 2566 1894 2635 Ὠρι-

308 2656 504 2723 γένους
535 2655 778 2723 βίϐλους,
809 2655 892 2709 ἔτι
922 2657 979 2710 δὲ
1008 2656 1103 2711 καὶ
1133 2658 1259 2721 τοὺς
1307 2658 1439 2728 περὶ
1466 2659 1781 2731 Διόσκορον,
1816 2658 1893 2722 ὡς

306 2747 379 2802 τὶ
408 2747 501 2802 in
525 2747 727 2819 ἐκείνῳ
756 2747 1164 2818 πρεσϐεύοντας
1187 2766 1200 2780 ·
1234 2749 1368 2820 πρὸς
1394 2751 1452 2803 δέ
1479 2750 1575 2803 καὶ
1599 2751 1698 2822 τὴν
1718 2750 1895 2804 Ἰωάν-

309 2860 407 2899 νου
463 2842 723 2914 διασύραι
769 2844 930 2907 δόξαν
983 2844 1081 2899 καὶ
1132 2843 1432 2906 διαϐαλεῖν,
1468 2838 1555 2897 οἷα
1599 2844 1664 2915 δὴ
1709 2845 1894 2908 αὐτοῖς

309 2935 768 3006 προστιθεμένου.
803 2936 917 2989 Καὶ
942 2936 997 2989 οι
1029 2937 1133 3006 μὲν
1164 2938 1221 2989 ἐν
1266 2936 1481 3000 τούτοις
1512 2932 1654 3007 ἦσαν
1679 2953 1691 2965 ”
1720 2935 1893 3007 ᾤοντο

311 3029 356 3083 δ’
383 3029 550 3084 αὑτὸν
578 3028 722 3083 οὕτω
767 3029 905 3100 πρὸς
940 3026 998 3082 τὸ
1045 3027 1251 3098 πλῆθος
1297 3028 1652 3101 συγκρούειν.
1690 3030 1799 3082 Καὶ
1830 3028 1896 3099 δὴ

310 3125 408 3177 ἐπὶ
460 3122 638 3194 τούτῳ
687 3121 974 3193 προελθὼν
1018 3121 1363 3192 Ἐπιφάνιος,
1414 3123 1585 3189 ἐγγὺς
1643 3121 1744 3192 ἤδη
1797 3121 1896 3191 τῆς

313 3214 613 3286 ἐκκλησίας
667 3210 755 3287 ἦν.
800 3215 864 3269 ’Υ
870 3214 1052 3284 πήντα
1100 3213 1161 3268 δὲ
1223 3212 1374 3283 αὐτῷ
1429 3213 1717 3283 Σεραπίων
1759 3211 1896 3281 πρὸς
1923 3254 1967 3312 c

324 3306 579 3361 Ἰωάννου
603 3307 1051 3377 ἀπεσταλμένοςο
1081 3305 1318 3361 ἐπύθετο
1350 3305 1460 3376 γὰρ
1502 3304 1574 3358 τὰ
1608 3302 1897 3375 βεϐουλευα

316 3396 456 3465 μένα
481 3398 598 3458 τοῖς
634 3396 926 3465 πονηροῖς
981 3396 1079 3448 καὶ
1127 3393 1479 3466 ἐμαρτύρετο
1523 3394 1650 3464 μήτ’
1695 3392 1898 3462 ἔννομα

312 3485 578 3554 πράττειν
635 3486 949 3556 αἱρεῖσθαι,
1016 3487 1157 3560 μήτε
1225 3490 1274 3542 oi
1338 3489 1491 3561 αύτῷ
1551 3489 1893 3545 συνοίσοντα.

317 3594 338 3630 ι
382 3578 611 3650 Πρῶτον
642 3579 741 3650 μὲν
791 3579 922 3650 γὰρ,
954 3581 1149 3652 φησὶν,
1177 3582 1237 3634 ἐν
1262 3583 1384 3645 ταῖς
1413 3581 1510 3637 ὑπ’
1567 3582 1670 3653 ἐμὲ
1697 3580 1899 3653 ἐκκλη-

314 3669 462 3733 σίαις
490 3672 820 3742 χειροτονεῖν
847 3670 1016 3737 εἵλου,
1046 3670 1155 3743 ἰδίᾳ
1182 3672 1442 3744 noema;
1467 3670 1543 3742 μὴ
1564 3673 1896 3744 προσταγεὶς

311 3761 716 3835 λειτουργήσας
741 3780 754 3794 ·
788 3765 1130 3835 προτραπείς
1160 3782 1220 3817 τε
1243 3764 1399 3829 αὖθις
1422 3766 1726 3828 κοινωνεῖν,
1753 3782 1897 3833 παρ-

314 3855 528 3926 ῃτήσω.
603 3856 718 3910 Καὶ
749 3856 869 3921 νῦν,
897 3856 972 3921 ὥς
1000 3874 1064 3926 γε
1111 3858 1482 3929 πυνθάνομαι,
1515 3859 1699 3912 ἄτοπα
1723 3857 1898 3928 πράτ-

315 3965 431 4001 τειν
478 3948 695 4020 διανοῇ·
748 3949 1041 4019 φυλάττειν
1071 3950 1167 4005 οὖν
1200 3951 1342 4017 δέον,
1391 3952 1501 4022 μὴ,
1527 3951 1775 4013 στάσεως
1809 3951 1897 4005 ἐν·

311 4038 502 4093 τεῦθον
549 4040 627 4111 τῷ
676 4040 873 4111 πλήθει
916 4043 1320 4115 γεγενημένης,
1381 4043 1545 4106 αὐτὸς
1598 4044 1689 4095 τὸν
1753 4042 1898 4113 ὑπὲρ

316 4132 512 4187 τούτου
545 4133 1143 4211 κίνδυνονηὺποστὴσῃ,
1176 4136 1348 4199 uitio,-
1397 4135 1669 4206 τοσαύτης
1695 4135 1900 4206 συγχύ-

322 4243 462 4291 σεως
510 4226 775 4297 γεγονώς.
825 4246 845 4280 ι
907 4230 1019 4283 Καὶ
1050 4231 1075 4279 ὸ
1130 4229 1230 4295 μὲν
1274 4229 1624 4299 εὐλαϐηθεὶς,
1671 4227 1773 4298 τῆς
1806 4228 1900 4281 ἐπὶ

318 4318 477 4372 τοῦτο
513 4319 757 4389 ἀνεκόπη
788 4319 970 4390 ὁρμῆς
994 4333 1009 4348 ο
1073 4320 1132 4373 ἐν
1184 4319 1359 4390 τούτῳ
1388 4319 1445 4372 δὲ
1499 4318 1723 4389 συνέϐη,
1758 4320 1901 4390 νόσῳ

319 4410 414 4466 τὸν
444 4411 535 4466 τοῦ
583 4412 850 4483 βασιλέως
903 4411 1074 4466 παῖδα
1131 4411 1421 4483 βληθῆναι.
1467 4411 1532 4465 Ἡ
1580 4412 1637 4464 δὲ
1686 4411 1903 4483 βασιλὶς

317 4504 450 4573 περὶ
481 4502 558 4572 τῷ
595 4502 748 4556 παιδὶ
771 4502 1045 4557 δεδοικυῖα
1078 4504 1152 4573 μή
1193 4519 1242 4556 τι
1273 4503 1462 4567 πάθοι,
1493 4503 1762 4572 πέμψασα
1781 4501 1899 4573 ᾔτει

1994 2013 2181 2083 potius
2216 2012 2395 2068 virum
2433 2013 2730 2076 reveritus,
2759 2018 2818 2065 ut
2848 2024 3039 2065 secum
3092 2007 3147 2062 in
3180 2005 3416 2062 ecclesia
3445 2020 3586 2061 con-

1993 2114 2195 2159 ventus
2229 2113 2436 2176 ageret,
2481 2112 2648 2174 atque
2696 2102 2862 2158 etiam
2892 2101 2939 2157 si
2999 2098 3258 2171 placitum
3311 2098 3361 2154 ei
3415 2108 3584 2165 esset,

1996 2196 2235 2266 hospitio
2266 2196 2464 2251 domus
2493 2211 2607 2250 sua:
2641 2205 2916 2263 uteretur,
2964 2182 3228 2248 hortatus'
3252 2200 3357 2246 est.
3411 2189 3578 2261 379

1993 2290 2090 2346 Ille
2121 2299 2307 2346 autem
2356 2300 2655 2360 utrumque
2706 2288 2914 2354 renuit,
2974 2287 3083 2343 nisi
3154 2287 3308 2357 prius
3359 2293 3417 2340 et
3468 2275 3588 2353 ipse

1997 2383 2254 2454 Origenis
2310 2382 2489 2438 libros
2543 2380 2886 2446 damnasset,
2948 2387 3006 2436 et
3062 2378 3391 2434 Dioscorum
3459 2390 3585 2430 cum

1994 2476 2260 2532 fratribus
2325 2475 2440 2530 suis
2504 2474 2639 2530 urbe
2715 2472 2999 2542 eiecisset.
3080 2471 3376 2542 Postquam
3445 2484 3578 2525 vero

1994 2569 2236 2625 Joannes
2289 2567 2430 2622 nihil
2491 2576 2698 2621 temere
2743 2574 2800 2619 et
2831 2564 3030 2635 cupide
3085 2573 3237 2619 extra
3304 2561 3586 2633 publicum

1996 2672 2331 2719 conventum
2363 2661 2638 2734 agendum
2680 2675 2805 2716 esse
2835 2660 2994 2726 dixit,
3053 2669 3110 2715 et
3141 2674 3363 2715 causam
3424 2656 3588 2712 talem

1997 2759 2360 2816 din‘erendam
2423 2758 2664 2821 censuit.
2735 2757 3143 2812 obtrectatores
3215 2752 3367 2808 illius
3439 2750 3588 2806 aliud

1998 2852 2313 2924 Epiphanio
2343 2866 2670 2923 suggessere
2697 2847 3016 2904 consilium.
3061 2845 3380 2920 suadebant
3414 2842 3586 2907 enim,

1998 2964 2124 3004 cum
2155 2947 2378 3018 synaxis
2413 2945 2650 2999 niaxima
2685 2938 3019 2997 celebranda
3041 2948 3208 3000 esset,
3240 2938 3294 2990 in
3322 2938 3578 2991 divorum

2001 3038 2379 3107 apostolorqu
2435 3032 2660 3103 templo,
2700 3039 2762 3085 ut
2807 3030 2864 3084 in
2923 3027 2974 3082 id
3034 3026 3486 3098 progrederetur,
3530 3032 3589 3079 et

2000 3131 2301 3203 publicitus
2327 3128 2586 3199 Origenis
2633 3127 2809 3183 libros
2872 3124 3204 3180 damnaret:
3260 3120 3585 3178 Dioscorum

1999 3223 2166 3279 etiam
2197 3231 2252 3276 et
2281 3230 2584 3277 sectatores
2615 3220 2764 3290 ejus,
2827 3228 2888 3274 ut
2921 3216 3014 3290 qui
3065 3232 3188 3271 eum
3243 3217 3337 3271 illo
3396 3214 3586 3269 eadem

1999 3315 2287 3380 docerent,
2321 3313 2698 3386 proscriberet
2732 3332 2746 3367 :
2784 3310 3015 3369 Joannis
3046 3309 3308 3380 denique,
3334 3308 3428 3378 qui
3478 3307 3590 3361 illis

1999 3408 2334 3478 conjunctus
2362 3415 2533 3472 esset,
2555 3404 3030 3462 existimationem
3063 3419 3127 3458 ac
3154 3401 3590 3471 famamLtaxaret

1997 3510 2162 3570 atque
2191 3501 2607 3555 criminaretur.
2672 3498 2789 3553 Hoc
2842 3497 2919 3552 ita
2989 3494 3067 3550 illi
3130 3494 3387 3564 agebant,
3438 3489 3587 3560 quod

1997 3608 2123 3648 eum
2152 3592 2233 3647 sic
2273 3591 2657 3647 existimarent
2704 3605 2831 3645 cum
2888 3587 3093 3659 populo
3139 3585 3584 3640 eonﬂictaturum

1996 3678 2142 3740 esSe.
2173 3689 2353 3754 Atque
2388 3682 2735 3753 Epiphanius
2757 3681 2878 3752 ejus
2916 3680 2993 3735 rei
3029 3677 3202 3750 gratia
3240 3688 3588 3747 progressus.

1999 3793 2110 3831 non
2137 3777 2300 3846 longe
2334 3776 2402 3831 ab
2427 3774 2665 3830 ecclesia
2707 3771 2907 3838 abfuit,
2959 3786 3085 3826 cum
3124 3766 3389 3837 Serapion
3433 3765 3482 3820 ei
3521 3764 3590 3819 ab

1998 3869 2208 3925 Joanne
2231 3869 2434 3925 missus
2458 3867 2723 3924 occurrit.
2750 3864 3019 3920 Audierat
3081 3862 3127 3917 is
3161 3875 3421 3930 namque,
3467 3872 3593 3928 quae

1999 3964 2076 4017 illi
2113 3962 2367 4018 malevoli
2394 3961 2721 4016 suasissent.
2749 3958 2990 4013 Proinde
3022 3956 3178 4011 illum
3240 3951 3467 4009 consilia
3500 3964 3599 4005 ca--

2002 4064 2438 4128 pereatlestatus
2454 4062 2558 4121 est,
2578 4068 2723 4122 quzn,
2753 4060 2814 4105 ut
2839 4046 3203 4120 illegitima,ci
3240 4056 3589 4130 nequaquam

2001 4149 2291 4221 profutura
2351 4154 2555 4202 essent.
2629 4163 2647 4196 ι
2682 4143 2928 4198 Primum
2972 4154 3229 4210 namque,
3271 4135 3471 4207 inquit,
3533 4135 3590 4187 in

1996 4236 2254 4292 ecclesiis
2287 4235 2423 4289 meis
2454 4230 2749 4288 ordinandi
2784 4240 3109 4301 potestatem
3168 4234 3356 4296 tuapte
3390 4232 3589 4278 aucto-

2004 4331 2188 4392 ritate,
2215 4326 2523 4381 miaisterio
2561 4325 2660 4379 tibi
2693 4338 2759 4378 eo
2784 4338 2896 4377 non
2928 4316 3588 4387 commisso,sumpsisti:
3677 4386 3688 4396 _

2003 4421 2204 4478 deinde
2250 4421 2318 4474 ad
2353 4419 2802 4474 communionem
2846 4414 3138 4475 invitatus,
3209 4427 3331 4468 eam
3368 4411 3589 4465 detrec-

2006 4509 2152 4566 tasti.
2191 4507 2351 4563 Nunc
2380 4522 2546 4577 porro
2572 4505 2765 4571 etiam,
2799 4504 2963 4559 sicuti
2995 4503 3183 4568 audio,
3237 4516 3355 4556 rem
3408 4499 3592 4570 indig~

327 4592 653 4664 Ἐπιφάνιον
684 4594 827 4666 ὑπὲρ
863 4595 1031 4648 αὐτοῦ
1082 4594 1364 4665 εὕχεσθαι.
1407 4596 1466 4649 '0
1503 4595 1560 4648 δὲ
1596 4594 1894 4665 παρηγγύα

2007 4617 2132 4656 nam
2162 4600 2405 4671 incipere
2430 4599 2657 4670 cogitas.
2684 4596 3004 4652 Cavendum
3047 4609 3178 4649 vero
3212 4592 3309 4648 tibi
3357 4601 3462 4656 est,
3517 4604 3635 4646 ne.

319 4686 587 4758 ζήσεσθαι
619 4689 711 4742 τὸν
737 4688 926 4754 παῖδα,
953 4687 1007 4740 εῐ
1029 4703 1094 4757 γε
1125 4689 1224 4758 τῆς
1258 4688 1470 4752 πόλεως
1500 4687 1829 4740 ἀπελαθεῐεν
1850 4687 1900 4738 οἱ

318 4783 450 4850 περὶ
482 4782 794 4851 Διόσκορον.
833 4781 898 4834 Ἦ
926 4780 985 4834 δὲ
1017 4780 1265 4848 Εύδοξία,
1303 4800 1322 4832 t
1359 4778 1420 4834 '0
1460 4780 1561 4850 μὲν
1587 4779 1740 4848 ἐμὸς,
1770 4779 1898 4849 ἔφη,

320 4876 472 4942 παῖς,
507 4874 561 4929 εί
583 4890 647 4941 γε
678 4874 799 4944 Θεῷ
835 4862 1029 4929 δοκούν
1086 4875 1226 4942 ἐστι,
1258 4874 1488 4944 ζήσεται
1509 4890 1524 4904 ο
1566 4873 1615 4925 εἰ
1650 4871 1696 4926 δ’
1726 4869 1841 4937 οὖν,
1874 4874 1902 4925 ὁ

319 4965 463 5032 δοὺς,
511 4965 560 5019 εί
613 4966 711 5019 καὶ
753 4966 922 5020 πάλιν
950 4965 1129 5018 ἕλοιτο
1157 4965 1479 5036 ἀφελέσθαι,
1502 4965 1686 5037 ταύτῃ
1733 4962 1899 5018 ἔστω.

319 5057 392 5111 Σὺ
425 5058 470 5110 δ’
493 5056 659 5128 εἴπερ
695 5051 806 5120 οἶος
837 5052 983 5127 ἦσθα
1009 5057 1240 5127 νεκροὺς
1284 5036 1533 5128 ἀνιστᾷῆ
1560 5056 1659 5109 οὐκ
1701 5055 1768 5109 ἂν
1800 5055 1899 5110 θα-

320 5150 464 5220 νίτῳ
495 5153 527 5205 ὀ
551 5151 643 5214 σὸς
695 5149 1078 5221 ἁρχιδιάκονος
1113 5149 1396 5204 ἐτελεύτα.
1449 5169 1467 5201 ι
1514 5151 1625 5204 Καὶ
1652 5150 1761 5218 γὰρ
1795 5148 1902 5219 πρὸ

323 5242 553 5315 βραχέος
583 5242 841 5297 ἐτελεύτα
866 5243 1181 5312 Κρισπίων,
1208 5243 1263 5305 ὃς
1294 5241 1524 5311 ἀδελφὸς
1551 5238 1618 5312 ἦν
1647 5242 1902 5294 Φούσκω-

323 5353 412 5397 νος
447 5337 543 5388 καὶ
565 5336 818 5405 Σαλὰμου
854 5334 963 5389 τῶν
988 5337 1077 5393 ἐπ’
1107 5338 1276 5408 ἀρετῇ
1300 5335 1603 5405 διαϐοήτων
1628 5336 1901 5406 μοναχῶν,

323 5422 398 5484 ὧν
429 5430 488 5483 ἐν
520 5432 588 5499 τῇ
617 5414 765 5482 κατᾶ
790 5427 1072 5482 υύάλεντα
1123 5431 1419 5500 συγγραφῇ
1471 5428 1774 5499 ἐμνήσθην.
1806 5430 1902 5482 Ὃν

324 5521 419 5574 καὶ
457 5517 708 5574 σύνοικον
741 5519 906 5590 ἔχων,
945 5522 1040 5574 καὶ
1087 5521 1474 5592 ἁρχιδιακόνου
1511 5521 1665 5588 τάξει
1711 5522 1900 5594 ἐτίμα.

325 5611 388 5664 0i
416 5611 476 5665 δὲ
513 5613 640 5682 περὶ
675 5610 993 5681 Ἀμμώνιον
1042 5613 1138 5669 καὶ
1168 5614 1482 5683 Διόσκορον,
1518 5612 1665 5668 οὕτω
1696 5616 1804 5685 γὰρ
1836 5618 1900 5686 τῇ

325 5704 555 5783 Εύροξίᾳ
600 5704 802 5770 ἐδόκει,
831 5698 965 5779 ἧκον
1011 5707 1149 5777 πρὸς
1185 5707 1524 5776 Ἐπιφάνιον.
1569 5709 1812 5762 Ἐκείνου
1855 5709 1900 5761 δ’

324 5798 726 5870 ἐρωτήσαντος,
780 5798 926 5862 τίνες
978 5793 1112 5866 εἷεν,
1170 5801 1199 5852 ὁ
1258 5800 1571 5870 Ἀμμώνιος
1618 5801 1898 5872 ἐπιφέρει,

334 5910 354 5945 ι
392 5891 457 5947 υἱ
517 5890 764 5964 Μακροὶ,
794 5884 838 5946 ὦ
863 5891 1117 5949 δέσποτα.
1164 5892 1304 5949 Ἀλλ’
1327 5894 1379 5948 εἴ
1408 5911 1538 5949 ποτε
1578 5894 1899 5965 συντάγμα-

938 6144 963 6170 0’

2004 4689 2281 4745 seditione
2312 4703 2375 4742 ea
2406 4690 2472 4742 de
2503 4701 2667 4742 causa
2692 4685 2955 4750 excitata,
2999 4683 3114 4754 ipse
3159 4696 3323 4737 causa
3354 4679 3599 4736 dicenda

2005 4778 2316 4854 perieulum
2348 4781 2571 4847 subeas,
2601 4778 2774 4834 veluti
2812 4777 2986 4832 turbae
3004 4785 3065 4830 et
3095 4773 3439 4830 confusionis
3466 4783 3595 4828 tan-

2006 4887 2072 4931 tae
2096 4876 2313 4932 ‘au'ctor.
2362 4894 2381 4927 ι
2418 4871 2763 4944 Epiphanius
2789 4871 2939 4925 hisce
2969 4868 3156 4924 verbis
3206 4866 3422 4922 cautior
3474 4865 3603 4921 lac-7

2005 4980 2115 5034 tus,
2140 4986 2172 5024 a
2196 4977 2378 5039 coepto
2401 4965 2634 5022 destitit.
2667 4962 2881 5019 Accidit
2900 4961 3133 5024 interea,
3152 4968 3211 5015 ut
3238 4956 3593 5030 imperatoris

2007 5064 2154 5138 [ilius
2216 5061 2367 5132 gravi
2439 5059 2818 5128 corriperetur
2868 5055 3083 5110 morbo.
3124 5053 3188 5107 Et
3221 5053 3466 5123 Augusta
3521 5051 3589 5106 de

2007 5168 2181 5225 puero
2209 5168 2277 5208 ne
2307 5150 2440 5222 quid
2467 5149 2789 5204 humanitus
2818 5146 2869 5202 ei
2903 5144 3203 5207 accideret,
3231 5157 3357 5198 cum
3387 5143 3603 5197 timore-

2004 5248 2266 5310 sollicita,
2325 5244 2692 5315 Epiphanium
2721 5240 2991 5307 .accitum,
3021 5249 3084 5292 ut
3119 5251 3219 5308 pro
3239 5238 3414 5291 salute
3467 5235 3609 5304 ejus-

2005 5347 2212 5402 oraret,
2243 5338 2424 5408 petiit.
2470 5336 2534 5389 Et
2567 5335 2683 5395 ille.
2714 5346 2963 5403 puerum:
3003 5329 3415 5385 convaliturum
3463 5340 3609 5381 esse.

2006 5432 2285 5503 pollicitus
2318 5406 2424 5494 est,
2463 5429 2509 5483 si
2537 5427 2837 5482 Dioscorus
2886 5438 3013 5477 cum
3071 5422 3198 5477 suis.
3232 5424 3368 5474 urbe
3397 5419 3586 5490 exige-

2005 5534 2178 5580 retur.
2238 5521 2488 5577 Eudoxia
2541 5528 2752 5583 autem,
2815 5535 2834 5568 ι
2880 5516 3054 5571 Filius
3085 5513 3349 5584 quidem,_
3385 5511 3599 5582 inquit,

2006 5632 2183 5681 meus,
2206 5616 2252 5670 si
2280 5614 2425 5669 Deus
2471 5613 2638 5674 volet,
2679 5613 2850 5665 vivet.
2916 5608 3012 5663 Sin
3065 5621 3218 5670 eum,
3274 5603 3370 5671 qui
3411 5604 3602 5671 dedit,

2004 5709 2221 5763 auferre
2266 5706 2577 5771 constituit,
2614 5705 2737 5777 ejus
2769 5702 3023 5758 voluntas
3072 5698 3186 5753 ﬁat.
3240 5698 3321 5753 Tu
3363 5712 3496 5753 vero
3539 5698 3598 5754 si

2005 5810 2256 5855 mortuos
2314 5801 2653 5855 exsuscitare
2708 5810 2916 5866 posses,
2967 5792 3392 5849 archidiaconus
3456 5801 3590 5848 tuus

2005 5892 2297 5950 defunctus
2340 5907 2463 5967 non
2531 5898 2698 5947 esset.
2763 5906 2781 5942 ι
2843 5886 3032 5959 Nuper
3070 5886 3219 5944 enim
3286 5884 3603 5943 admodum:
