4044 6434
281 380 387 448 981

1213 371 1818 436 ECCLESIASTICzE
1859 373 2246 434 HISTORL’E
2284 374 2426 436 LIB.
2472 373 2640 433 XIII.

3457 366 3567 428 982

283 497 476 564 Ἔδοξε
508 494 565 548 δέ
594 491 673 562 τῷ
721 489 940 563 πλήθει,
969 487 1045 553 ὡς
1076 491 1366 560 αἰνίγματι
1395 489 1538 543 κατά
1576 489 1673 558 τῆς
1708 488 1864 559 βασι-

1980 499 2103 552 arat,
2130 489 2440 544 orationem
2491 487 2545 541 in
2593 483 2826 540 ecclesia
2880 497 2981 554 pro
3036 480 3303 536 concione
3345 479 3559 547 habuit,

278 594 426 655 λξδος
463 589 660 658 ἐκείνῳ
694 587 930 658 μάλιστα
978 585 1302 656 συντεθῆναι
1351 585 1443 639 τὸν
1477 585 1657 654 λόγον.
1692 584 1804 638 Καὶ
1835 585 1862 637 ό

279 685 442 754 λόγος
471 685 586 746 τοῖς
614 679 1070 751 δυσμεναίνουσιν
1095 679 1410 748 ἐκληφοεὶς,
1450 679 1544 731 ἐπὶ
1567 680 1666 746 τὴν
1703 677 1864 748 βασί-

283 777 478 830 λισσαν
505 775 724 842 ἄγεται.
770 773 834 824 Ἠ
867 771 925 825 δέ
966 773 1166 826 θᾶττον
1202 773 1389 842 τάνδρὶ
1433 772 1740 844 προσιοῦσα
1767 771 1866 843 τὴν

283 867 496 923 οἰκείαν
533 863 864 934 ἁπωδύρατο
895 862 1076 933 ὓϐριν.
1114 863 1228 917 Καὶ
1251 863 1564 934 προσετίθει
1596 861 1761 916 αὐτοῦ
1801 879 1864 930 γε

285 958 380 1013 τοῦ
412 944 744 1028 κρατοῦντος
775 954 935 1025 ὖδριν
963 952 1103 1008 εἶναι
1146 954 1245 1026 τὴν
1277 954 1502 1024 ἐαυτῆς.
1533 955 1643 1010 Καὶ
1668 953 1866 1008 θᾶττον

290 1047 701 1117 παρασκευάζει
735 1045 912 1098 ἐλθεῖν
939 1045 1032 1099 τὸν
1067 1045 1354 1116 Θεόφιλον,
1383 1046 1476 1099 καὶ
1503 1046 1600 1114 τὴν
1625 1047 1748 1098 κατ’
1771 1046 1868 1099 αύ-

288 1138 384 1193 τοῦ
443 1139 749 1208 κατήπειγε
785 1136 1029 1192 σύνοδον.
1063 1137 1415 1207 Συνέπραττε
1453 1139 1510 1191 δὲ
1565 1137 1738 1191 ταῦτα
1772 1138 1868 1191 καὶ

289 1229 620 1300 Σευηριανὸς
651 1230 679 1281 ό
725 1228 1009 1293 Γαϐάλων,
1053 1227 1390 1299 ύποσμύχων
1431 1227 1514 1280 ἔτι
1544 1227 1643 1298 τὴν
1664 1227 1864 1298 λύπην,

290 1322 384 1376 καὶ
419 1321 496 1390 μὴ
529 1321 630 1385 τῆς
663 1321 865 1383 κακίας
919 1319 1286 1388 ἀπαλλαγείς.
1328 1320 1472 1373 Ἀλλ’
1503 1320 1615 1374 εἴτε
1649 1321 1724 1384 ὡς
1747 1320 1870 1374 ἐτυ-

287 1423 384 1476 χεν
425 1407 682 1476 Ἰωάννης
733 1407 827 1459 τὸν
857 1408 1104 1463 τοιοῦτον
1141 1408 1525 1479 ἐκκλησιάζων
1553 1412 1868 1480 προήνεγκε

288 1497 473 1566 λόγον,
502 1497 603 1552 εἶτ’
625 1499 1049 1568 αἰνιγματωδῶς
1081 1500 1182 1570 τῆς
1207 1499 1479 1570 βασιλίδος
1509 1501 1870 1573 κατατρέχων

289 1589 552 1659 ἐποίειτῇ
592 1589 732 1659 πρὸς
775 1589 1092 1659 Ἐπιφάνιον
1141 1590 1299 1662 ἐριδι,
1331 1594 1410 1655 είς
1444 1593 1730 1662 ἀκρίϐειαν
1783 1593 1871 1646 λέ-

291 1697 411 1750 γειν
458 1682 561 1735 οὐκ
614 1681 747 1752 ἐχω.
793 1681 936 1734 Ἀλλ’
975 1683 1038 1736 ού
1092 1684 1235 1737 πάνυ
1270 1686 1461 1755 πόρρω
1516 1685 1774 1754 Θεόφιλός
1809 1703 1870 1739 τε

291 1771 475 1842 παρῆν
503 1785 518 1800 ο
549 1771 644 1824 καὶ
667 1771 852 1824 πολλοὶ
883 1771 991 1825 τῶν
1022 1774 1366 1837 ἐπισκόπων,
1396 1776 1443 1826 οί
1473 1774 1574 1845 μὲν
1597 1779 1874 1846 προστάγ-

1972 596 2082 647 qua
2107 580 2478 634 communiter
2531 579 2583 631 in
2619 576 2884 630 mulieres
2937 573 3108 627 malas
3150 572 3403 627 invectus
3453 579 3558 626 est.

1973 664 2529 726 Muititudini'aulcm
2559 669 2738 724 visunt
2765 673 2871 732 est,
2904 664 3213 720 orationem
3257 678 3378 719 eam
3402 664 3560 734 quasi

1973 763 2076 814 sub
2142 761 2428 816 involucro
2486 768 2680 814 contra
2739 757 3046 827 Augustam
3099 755 3336 809 maxime
3391 754 3561 807 abeo

1973 854 2338 924 compositam
2377 867 2688 920 essezquae
2719 851 2884 905 etiam
2937 849 3006 904 ab
3056 846 3392 902 adversariis
3439 845 3560 914 ejus

1974 953 2223 1014 excepta,
2245 944 2311 998 ad
2344 958 2466 998 eam
2498 953 2582 998 est
2609 942 2812 996 delata.
2843 942 2910 996 Et
2955 940 3049 994 illa
3083 940 3342 993 maritum
3375 938 3559 992 statim

1975 1035 2132 1100 adiit,
2166 1042 2224 1089 et
2251 1034 2396 1104 apud
2457 1049 2584 1093 eum
2611 1033 3003 1088 contumeliam
3033 1048 3188 1086 suam
3228 1029 3559 1101 deploravit,

1975 1127 2234 1198 injuriam
2295 1142 2416 1181 eam
2468 1125 2652 1180 mariti
2703 1140 3047 1179 communem
3108 1139 3234 1179 esse
3277 1122 3559 1178 dictitans.

1975 1217 2278 1274 Confestim
2312 1217 2479 1271 etiam
2519 1216 2944 1286 utTheophilus
2977 1214 3286 1275 adveniret,
3318 1212 3559 1272 curavit,

1975 1320 2138 1381 atque
2163 1317 2223 1364 ut
2250 1309 2663 1380 quamprimum
2698 1307 2943 1379 synodus
2989 1307 3256 1362 adversus
3289 1306 3557 1360 Joannem

1960 1409 2288 1466 'c0geretur,
2314 1399 2446 1468 egit.
2478 1399 2789 1469 Adjuvabat
2817 1407 3008 1452 autem
3044 1413 3163 1453 eam
3228 1397 3561 1452 Severianus

1977 1506 2224 1562 quoque,
2296 1491 2628 1547 Gabalorum
2695 1491 3008 1560 episcopus,
3061 1488 3308 1543 dolorem
3381 1486 3566 1539 adhuc

1978 1600 2139 1639 suum
2168 1593 2371 1640 tectum
2405 1585 2459 1639 in
2498 1585 2686 1639 animo
2717 1583 2932 1650 fovens,
2957 1583 3162 1652 quippe
3195 1581 3289 1650 qui
3316 1579 3561 1634 nondum

1979 1677 2420 1732 malevolentiam
2447 1678 2501 1730 in
2529 1677 2799 1731 Joannem
2843 1690 3001 1730 suam
3054 1674 3421 1744 deposuisset.
3450 1671 3566 1725 C1!)-

1981 1779 2164 1823 terum
2198 1768 2312 1822 sive
2349 1767 2589 1822 Joannes
2631 1782 2760 1820 casu
2821 1766 3077 1836 quopiam
3126 1763 3447 1834 huiusmodi
3507 1759 3565 1816 in

296 1875 430 1927 ματι
495 1857 764 1927 βασιλέως
818 1853 979 1930 ἧκον,
1032 1861 1081 1912 οί
1130 1860 1187 1914 δέ
1242 1861 1507 1931 Θεοφίλου
1557 1862 1872 1928 κινοῦντοςο

1980 1860 2209 1915 ecclesia
2233 1859 2427 1915 habuit
2466 1859 2796 1923 orationem,
2833 1874 2932 1914 seu
2956 1858 3299 1912 subobscure
3361 1856 3415 1909 in
3463 1856 3562 1909 im-

299 1948 506 2003 μᾶλλον
556 1949 601 2002 δ’
633 1950 840 2004 ἐκεῖνοι
896 1952 1209 2016 σπουδαίως
1262 1952 1510 2024 ἔτρεχον,
1569 1955 1686 2008 ὅσοι
1739 1955 1876 2025 πρὸς

307 2037 561 2090 Ἰωάννου
586 2040 728 2092 κατὰ
761 2039 862 2108 τὴν
903 2039 1090 2094 Ἀσίαν
1145 2041 1378 2106 ἐνδίκως
1412 2045 1516 2108 τὰς
1565 2047 1878 2110 ἐπισκοπὰς

298 2130 658 2200 ἀφῃρέθησαν
684 2147 699 2162 ο
745 2133 842 2185 καὶ
887 2134 1038 2188 ἄλλοι
1078 2136 1254 2207 ἑτέρῳ
1294 2137 1486 2209 τρόπῳ
1524 2141 1662 2211 πρὸς
1713 2141 1877 2195 αὑτὸν

297 2222 701 2291 ἀπηχθάνοντο.
731 2225 872 2296 Ἤδη
925 2227 980 2280 δὲ
1011 2229 1107 2282 καὶ
1145 2229 1270 2298 νῆες
1308 2230 1366 2295 ἐξ
1403 2232 1682 2299 Αἰγύπτου
1715 2234 1879 2288 κατέ-

303 2315 486 2382 πλεον,
521 2315 587 2380 ἃς
618 2317 878 2386 Θεόφιλος
902 2323 1254 2390 περιέμενεν.
1299 2323 1456 2377 Ἐπεὶ
1501 2323 1546 2377 δ’
1579 2325 1880 2397 ἠθροίσθη-

303 2422 404 2460 σαν
436 2409 674 2473 ἅπαντες
707 2409 852 2464 κατὰ
884 2411 984 2480 τὴν
1016 2414 1097 2475 είς
1126 2412 1385 2468 Βιθυνίαν
1412 2417 1760 2486 Χαλκηδόνα,
1787 2419 1880 2472 καὶ

303 2499 602 2565 συνιόντες,
640 2501 790 2563 ὅπως
820 2501 855 2571 ἠ
903 2503 1048 2556 κατὰ
1095 2501 1191 2557 τοῦ
1235 2505 1488 2560 Ἰωάννου
1527 2509 1879 2580 ἐπιχείρησις

301 2589 564 2660 προδαίη,
599 2589 796 2662 βουλὴν
825 2592 1134 2649 ἐποιοῦντο.
1169 2597 1303 2651 Τότε
1345 2598 1410 2668 δὴ
1442 2600 1679 2672 Κυρῖνος
1713 2602 1740 2654 ὁ
1775 2602 1878 2673 τῆς

302 2683 644 2754 Χαλκηδόνος
679 2687 997 2752 ἐπίσκοπος,
1015 2687 1261 2758 Θεοφίλῳ
1281 2708 1339 2744 τε
1364 2693 1505 2745 κατὰ
1529 2695 1685 2761 γένος
1714 2713 1883 2766 προσ-

265 2771 473 2843 πήκων,
510 2777 606 2830 καὶ
654 2777 724 2830 τὰ
769 2779 941 2834 πολλὰ
1004 2781 1154 2853 αύτῷ
1212 2784 1536 2853 χαρίζεσθαι
1581 2787 1879 2859 ᾑρημένος,

298 2861 533 2938 (ἦνγὰρ
582 2869 926 2941 Δίγύπτιος),
976 2872 1235 2945 διάφορος
1265 2880 1334 2928 τὰ
1383 2877 1618 2945 μάλιστα
1658 2877 1879 2951 Ἰωάννῃ

299 2958 684 3029 καθεστηκὼς,
723 2961 954 3016 πλεῖστα
1003 2963 1219 3034 παριὼν
1267 2966 1526 3038 ἐλοιδόρει
1566 2970 1659 3022 τὸν
1696 2969 1881 3025 Ἰωάν-

300 3069 423 3122 νην,
454 3053 634 3119 άσεϐἧ
668 3055 764 3108 καὶ
787 3055 1026 3119 ἀλαζόνα
1054 3058 1152 3111 καὶ
1182 3059 1448 3127 ἀγόνατον
1494 3063 1706 3117 ἐκεῖνον
1741 3065 1879 3118 ἀπο-

301 3144 506 3248 καλῶν.
551 3147 664 3198 Καὶ
721 3147 776 3248 oi
960 3149 1254 3204 ἐπίσκοποι
1305 3151 1512 3206 τούτων
1569 3154 1949 3248 λεγομένωνε

300 3230 552 3302 ἐνὴδοντο
573 3247 588 3263 ⁸
618 3236 813 3303 ταχεῖα
843 3235 888 3289 δ’
918 3236 1115 3306 ἐκείνῳ
1141 3237 1250 3292 τῶν
1287 3237 1502 3305 ὕϐρεων
1531 3242 1718 3296 θεόθεν
1749 3243 1879 3312 μέτ-

301 3338 407 3376 εισι
445 3323 594 3395 δίκη.
679 3325 738 3379 '0
785 3326 894 3398 γὰρ
937 3329 1036 3399 τῆς
1090 3331 1528 3401 Μεσοποταμίας
1577 3335 1880 3400 ἐπίσκοπος

303 3414 609 3485 Μαρουθᾶς
643 3417 794 3472 ἄκων
847 3420 1079 3490 θάτερον
1106 3423 1222 3475 τοῖν
1276 3426 1458 3476 ποδοῖν
1485 3426 1581 3478 τοῦ
1636 3428 1880 3496 Κυρίνου

306 3506 604 3576 ἐπάτησεν.
642 3507 917 3572 Χαλεπῶς
939 3513 984 3564 δ’
1010 3513 1222 3567 ἐκεῖθεν
1267 3513 1559 3581 διατεθεὶς,
1592 3516 1882 3586 συνδιαδῆ-

307 3613 399 3651 ναι
430 3600 542 3662 τοῖς
563 3600 775 3662 λοιποῖς
806 3603 1136 3668 ἐπισκόποις
1165 3607 1303 3676 προς
1333 3607 1435 3676 τὴν
1465 3609 1880 3666 Κωνσταντίνου

306 3688 556 3758 οὐδαμῶς
605 3690 872 3761 ἐδυνήθη·
906 3692 1111 3764 καίπερ
1167 3695 1466 3762 ἀναγκαῖος
1513 3692 1654 3750 εἶναι
1704 3699 1881 3756 δοκῶν

308 3780 448 3850 πρὸς
474 3781 574 3844 τὰς
622 3784 767 3835 κατὰ
809 3783 1058 3837 Ἰωάννου
1092 3787 1414 3852 ἐπιϐουλάς.
1452 3789 1690 3844 Ἔπειτα
1743 3793 1882 3864 πρὸς

307 3872 369 3924 τὸ
421 3876 608 3946 χεῖρον
663 3877 987 3944 γενόμενος,
1021 3879 1300 3950 διαφόρως
1363 3882 1468 3935 ὑπὸ
1515 3883 1627 3937 τῶν
1680 3887 1884 3956 ίατρῶν

309 3965 629 4036 ἀπεπρίσθη
662 3967 724 4019 τὸ
754 3969 964 4032 σκέλος.
999 3971 1256 4040 Σηπεδὼν
1281 3974 1392 4044 γὰρ
1427 3976 1637 4030 ἐκεῖθεν
1690 3981 1882 4048 ἐπιγε-

311 4055 510 4127 νομένη
566 4058 630 4108 τὸ
682 4057 791 4110 πᾶν
849 4060 1012 4126 σῶμα
1057 4061 1270 4131 μετῄει,
1306 4063 1380 4124 ὡς
1417 4065 1514 4116 καὶ
1561 4065 1654 4120 τὸν
1692 4066 1885 4139 ἕτερον

313 4147 452 4198 πόδα
479 4149 549 4200 τὰ
577 4147 669 4200 ίσα
704 4149 898 4203 παθεῖν
927 4152 992 4220 τῇ
1029 4152 1319 4218 μεταδόσει
1344 4153 1442 4206 τοῦ
1477 4155 1704 4221 πάθους.
1745 4161 1886 4214 Ἀλλ’

311 4238 341 4288 ὁ
393 4238 492 4306 μέν
546 4239 607 4292 οὐ
647 4241 830 4311 πολλῷ
865 4240 1094 4311 ὕστερον
1137 4245 1203 4312 τῇ
1263 4244 1359 4295 τοῦ
1411 4245 1636 4309 σκέλους
1701 4250 1885 4322 πληγῇ

313 4328 571 4383 ἐτελεύτα
597 4331 690 4384 τὸν
722 4332 855 4401 βίον,
904 4333 1200 4402 ’Δρσακίου
1228 4335 1320 4387 τὸν
1361 4335 1554 4406 θρόνον
1585 4339 1884 4406 διέποντος,

315 4419 476 4483 ἀξίαν
525 4423 765 4494 ἀμοιϐὴν
811 4424 922 4479 τῶν
972 4425 1117 4478 κατὰ
1173 4425 1267 4498 τοῦ
1313 4427 1462 4480 όσίου
1487 4428 1698 4502 ὓδρεων
1737 4436 1889 4508 είλη-

318 4529 454 4582 φως.

1977 1950 2310 2022 peratricem
2372 1958 2458 2005 est
2483 1951 2756 2013 invectus,
2801 1958 3032 2020 propter
3096 1965 3218 2003 eam
3275 1963 3398 2017 quae
3458 1947 3565 2002 sibi

1977 2059 2106 2100 cum
2166 2043 2479 2112 Epiphanio
2515 2042 2833 2097 intercessit
2902 2041 3347 2108 contentionem,
3413 2039 3560 2109 quod

1979 2135 2252 2190 aﬂirmare
2299 2149 2452 2190 certo
2492 2150 2602 2190 non
2659 2150 2923 2206 possum;
2961 2133 3308 2203 Theophilus
3342 2134 3564 2202 quidem

1980 2225 2232 2292 profecto
2261 2240 2373 2279 non
2401 2225 2577 2281 multo
2598 2235 2725 2294 post
2755 2223 2937 2289 aﬁ‘uit,
2981 2233 3038 2278 et
3096 2223 3256 2277 multi
3303 2231 3565 2293 praeterea

1978 2317 2252 2386 episcopi,
2292 2317 2489 2386 partim
2523 2316 3082 2388 imperatorisjussu,
3131 2315 3334 2385 partim
3388 2313 3570 2368 Theo-

1978 2407 2119 2477 phili
2151 2407 2439 2472 instinctu,
2468 2406 3006 2476 ConstantinOpolim
3042 2404 3344 2460 advenere.
3393 2404 3570 2458 Potis-

1978 2502 2184 2556 simum
2216 2515 2350 2554 vero
2397 2515 2599 2570 magno
2631 2499 2710 2554 illi
2759 2499 2946 2554 studio
2977 2506 3409 2563 concurrerunt,
3442 2499 3568 2566 qui-

1981 2595 2089 2651 bus
2123 2595 2178 2650 in
2207 2594 2336 2649 Asia
2361 2611 2392 2650 a
2430 2589 2641 2651 Joanne
2663 2594 2908 2664 legitime
2939 2594 3292 2665 episcopatus
3326 2593 3568 2662 adempti

1980 2689 2223 2752 fuerant,
2263 2688 2469 2757 quique
2518 2686 2572 2742 ei
2600 2687 2737 2741 alias
2767 2686 2936 2741 etiam
2955 2685 3026 2741 ob
3062 2699 3262 2741 causas
3293 2685 3568 2741 hostiliter

1982 2779 2444 2835 adversabantur.
2481 2777 2601 2833 Jam
2628 2793 2800 2834 naves
2826 2793 3046 2849 quoque
3069 2779 3206 2846 quas
3227 2776 3568 2845 Theophilus

1983 2879 2357 2940 exspectarat,
2411 2883 2482 2926 ex
2523 2867 2764 2940 ,Ἑωριο
2823 2868 3171 2938 appulerant.
3233 2866 3414 2934 Atque
3472 2864 3566 2917 ubi

1980 2962 2330 3019 Chalcedone
2364 2961 2726 3032 Bithynorum
2757 2959 3077 3029 congregati
3112 2970 3308 3011 omnes
3367 2970 3570 3010 convc-

1982 3070 2135 3119 nere,
2187 3053 2466 3125 quomodo
2516 3067 2632 3106 rem
2686 3051 2956 3106 adversus
3012 3050 3280 3104 Joannem
3343 3045 3614 3116 aggredi‘

1984 3147 2273 3211 deberent,
2319 3143 2728 3200 consultarunt.
2763 3141 2894 3197 Erat
2923 3153 3035 3197 tum
3067 3139 3424 3196 Chalcedone
3450 3137 3567 3207 epi.

1983 3253 2181 3308 scopus
2205 3236 2462 3308 Cyrinus,
2496 3237 2660 3307 382
2699 3234 2993 3305 TheOphili
3033 3232 3336 3304 popularis.
3365 3228 3541 3300 [Egyp

1985 3332 2096 3386 tius
2127 3329 2404 3384 videlicet.
2449 3328 2552 3383 llic
2587 3327 2820 3382 multum
2868 3327 2947 3380 illi
2978 3324 3276 3397 gratiﬁcari
3325 3322 3559 3379 studuit,

1981 3423 2178 3480 Joanni
2213 3437 2378 3493 quam
2415 3421 2652 3475 maxime
2687 3419 2972 3474 inimicus.
3003 3418 3196 3487 Itaque
3222 3430 3566 3487 progressus,

1983 3516 2250 3571 Joannem
2299 3512 2571 3568 conviciis
2627 3510 2926 3582 plurimum
2996 3509 3286 3580 proscidit,
3337 3508 3566 3578 impium

1983 3606 2161 3672 illu'm,
2193 3603 2528 3659 insolentem
2583 3611 2640 3657 et
2667 3602 3022 3658 inﬂexibilem
3054 3602 3350 3655 nominans
3385 3619 3397 3653 :
3441 3599 3565 3668 qui-

1986 3699 2090 3753 bus
2122 3696 2287 3751 dictis
2331 3695 2573 3766 episcopi
2599 3705 2728 3750 sunt
2773 3694 3051 3749 delectati.
3109 3693 3315 3748 Verum
3373 3693 3552 3748 illum,

1986 3804 2154 3859 parva
2202 3788 2580 3844 intercedente
2634 3801 2811 3851 mora,
2864 3786 2935 3841 ob
2998 3786 3229 3858 injurias
3295 3785 3564 3856 ejusmodi

1992 3883 2178 3936 divina
2238 3882 2481 3936 vindicta
2544 3891 2835 3952 persecuta
2896 3889 3004 3935 est.
3061 3879 3342 3934 illaruthas
3393 3880 3568 3940 enim,

1987 3975 2393 4044 Mesopotamiae
2410 3975 2722 4044 episcopus,
2748 3972 3072 4044 imprudens
3103 3972 3336 4026 alterum
3369 3972 3570 4040 pedum

1987 4067 2109 4136 ejus
2138 4066 2370 4122 calcavit
2399 4083 2414 4120 :
2442 4065 2593 4120 unde
2632 4067 2722 4121 ille
2793 4067 2938 4120 male
3013 4064 3218 4120 habere
3259 4065 3448 4132 coepit,
3518 4075 3573 4116 et

1987 4170 2279 4230 propterea
2303 4175 2427 4216 cum
2469 4159 2698 4228 reliquis
2721 4159 2994 4229 episcopis
3033 4156 3568 4224 Constantinopolim

1991 4253 2264 4324 proﬁcisci
2299 4266 2649 4321 nequaquam
2677 4252 2878 4320 potuit,
2909 4248 3158 4318 quamvis
3189 4247 3256 4300 ad
3277 4247 3587 4301 struendus.

1990 4346 2190 4401 Joanni
2229 4345 2456 4399 insidias
2485 4344 2834 4398 necessarius
2883 4357 3004 4396 esse
3029 4343 3326 4394 videretur.
3362 4340 3570 4394 Deinde

1994 4449 2178 4494 autem
2213 4453 2340 4492 cum
2373 4436 2681 4491 deteriores
2709 4435 2884 4490 multo
2920 4450 3007 4488 res
3032 4434 3153 4503 ejus
3199 4432 3415 4497 ﬁerent,
3445 4449 3574 4485 crus

1918 4524 1963 4578 Ι)
1993 4530 2044 4585 ei
2080 4546 2109 4584 a
2137 4529 2370 4584 medicis
2393 4529 2558 4583 etiam
2586 4537 2670 4582 est
2691 4525 3245 4581 resectum.Putredo
3273 4524 3420 4580 enim
3451 4524 3575 4580 inde

313 4621 506 4665 exorta
569 4611 642 4666 ita
675 4613 952 4684 reliquum
985 4631 1186 4686 corpus
1212 4619 1434 4680 invasit,
1465 4633 1524 4675 ut
1554 4614 1883 4693 contagione
1923 4627 2154 4682 alterum
2222 4640 2442 4697 quoque
2481 4624 2670 4679 itidem
2730 4622 2924 4694 pedem
2945 4621 3256 4692 occuparit.
3288 4619 3428 4685 Quin
3463 4634 3574 4673 non

315 4706 489 4759 multo
517 4708 684 4762 etiam
733 4719 855 4776 post
885 4725 948 4764 ea
980 4713 1094 4781 ipsa
1127 4713 1282 4784 plaga
1316 4715 1482 4768 vitam
1521 4716 1684 4781 ﬁniit,

1782 4719 2012 4788 gratiam
2083 4735 2203 4774 eam
2271 4719 2646 4784 contumeliis,
2684 4718 2885 4788 quibus
2924 4717 3099 4772 virum
3130 4727 3380 4771 sanctum
3445 4714 3576 4772 alie—

313 4807 486 4863 cerat,
519 4807 803 4869 acceptam
863 4803 1064 4859 ferens.
1098 4803 1270 4875 Cujus
1325 4805 1586 4860 thronum
1630 4808 1891 4864 Arsucius
1931 4812 2141 4880 recepit
2175 4810 2277 4880 ti).

907 4918 1159 4974 ΚΕΦΛΛ.
1192 4920 1292 4976 IE'.

322 5006 461 5074 Περί
493 5006 603 5074 τῆς
647 5008 1074 5077 ἀθροισθείσης
1125 5012 1275 5064 κατὰ
1311 5011 1594 5066 Ἰωάννου
1619 5015 1892 5070 συνόδου

386 5077 610 5200 ias-[207:
649 5078 976 5147 Ῥουφίγου
995 5095 1008 5107 ⁸
1039 5081 1141 5134 καί
1176 5083 1256 5148 ὠς
1283 5081 1513 5152 ἐρήμην
1539 5084 1728 5137 αὐτοῦ
1754 5102 1891 5139 κατ-

523 5166 560 5200 α
608 5165 656 5200 ε.

523 5165 656 5203 ασε.

401 5262 552 5313 Ἐπεὶ
575 5262 630 5314 δέ
653 5264 747 5314 καὶ
770 5263 1030 5332 Θεόφιλος
1051 5268 1116 5334 τῇ
1135 5267 1550 5320 Κωνσταντίνου
1570 5267 1760 5338 διεπερ
1774 5269 1897 5320 rub-

2609 4923 2833 4978 CAPUT
2865 4922 2977 4976 XV.

1999 5013 2074 5069 De
2098 5015 2294 5085 synodo
2322 5017 2390 5071 ad
2423 5013 2720 5080 basilicam,
2756 5016 2840 5066 cui
2866 5021 3194 5085 nomenperat
3219 5011 3576 5085 Ruﬁni,_cou-

2073 5083 2154 5138 ινα
2188 5084 2452 5138 Joannem
2484 5092 2848 5154 congregata:
2896 5094 2946 5136 et
2989 5084 3064 5136 uti
3107 5083 3341 5137 Joannes
3386 5083 3573 5136 absens

2069 5158 2267 5210 indicta
2293 5172 2451 5209 causa
2476 5157 2542 5208 sit
2572 5157 2876 5208 damnatus.

2071 5267 2170 5323 Ubi
2199 5282 2331 5322 vero
2363 5265 2706 5336 Theophilus
2727 5264 3266 5334 Constantianiolim
3301 5263 3571 5333 pervenit,

294 5351 409 5422 θη,
439 5353 618 5417 οὐδεὶς
647 5355 760 5408 τῶν
794 5358 890 5424 τῆς
923 5359 1577 5424 Κωνσταντινουπόλεως,
1608 5358 1796 5430 ὥσπερ
1828 5361 1879 5432 ἧι

1998 5377 2161 5416 nemo
2199 5361 2296 5423 illi,
2331 5377 2429 5432 pro
2471 5371 2689 5430 recepta
2733 5360 3155 5425 consuetudine,
3178 5375 3238 5412 ex
3266 5359 3577 5413 Constanti-

320 5445 464 5512 ἔθος,
493 5447 772 5517 ύπήντητο
796 5436 1099 5519 κληρικῶν.
1118 5451 1283 5518 Δῆλος
1314 5453 1421 5520 γὰρ
1452 5446 1522 5520 ἦν
1546 5453 1600 5513 ἐς
1629 5452 1798 5521 ἄκρον
1817 5436 1879 5522 τιξ

1998 5455 2323 5522 nopolitano
2352 5455 2500 5508 clero
2533 5455 2750 5507 obviam
2786 5453 3077 5523 processit,
3130 5451 3274 5519 quod
3315 5451 3576 5503 omnibus

320 5539 610 5610 ἐπισκόπῳ
651 5541 921 5610 δυσμενὴς
953 5541 1257 5605 καθεστώς.
1310 5543 1384 5594 Τὸ
1413 5544 1470 5594 δὲ
1509 5543 1608 5610 τῆς
1644 5544 1896 5609 Ἀλεξαν-

320 5628 495 5698 δρέων
528 5633 806 5698 ναυτικὸν,
837 5634 932 5686 καὶ
963 5634 1205 5704 μάλιστα
1238 5637 1361 5688 ὅσον
1393 5635 1480 5687 διὰ
1504 5633 1605 5703 τὴν
1642 5635 1896 5704 σιτηγίαν

398 5820 475 5887 (ι)
512 5820 632 5876 lhec
651 5821 816 5878 \‘ci‘ba
858 5819 923 5873 de
952 5822 1176 5877 Arsacio
1203 5826 1344 5895 apud
1377 5827 1657 5882 Socratem
1683 5838 1728 5883 et
1772 5831 1838 5879 ’ξπ

1997 5553 2300 5607 constaret,
2331 5545 2617 5599 inimicum
2648 5560 2774 5599 eum
2801 5544 3202 5615 episcopiesse.
3235 5543 3421 5596 Nauke
3447 5558 3576 5594 vero

2000 5637 2377 5699 Alexandrini,
2412 5646 2468 5690 et
2492 5638 2725 5690 maxime
2754 5639 2845 5704 qui
2877 5637 3208 5693 frumentum
3239 5652 3304 5690 eo
3339 5637 3572 5688 advexe-

1849 5851 1865 5876 .·
1894 5842 2131 5882 men-un
2168 5841 2278 5880 non
2313 5826 2688 5894 reperiuntur.
