4044 6462
412 344 519 411 987

1644 371 2063 438 NlCEPllORl
2113 374 2454 439 CALLISTI

3569 388 3671 451 983

411 461 537 516 foro
588 479 765 537 neque
822 467 877 523 in
920 470 1141 541 templis
1187 475 1339 530 taciti
1389 492 1511 533 esse
1547 491 1869 552 potuerunt,
1906 503 1974 542 sei

2111 490 2318 539 ἐκεῖνον
2369 485 2579 556 σφῖδρα
2628 484 2865 552 ἐφίεντο,
2921 482 2983 538 οὗ
3042 481 3138 554 τῆς
3166 485 3380 560 γλώττη
3446 495 3670 548 7.10mi-

409 556 704 629 qpestibns
735 571 900 630 atque
947 563 1206 620 lamentis
1236 583 1361 621 cum
1411 573 1671 638 pret-ibus
1706 577 1890 632 ruistis
1927 581 1996 633 ad

412 647 756 716 imperialem
808 652 1044 708 domum
1109 661 1410 728 progressi.
1474 667 1716 731 pastoris
1773 684 1998 726 revoca-

410 738 621 794 tionem
672 742 1009 812 llagitarunt,
1041 764 1284 820 eumque
1315 755 1505 809 videre
1537 773 1871 829 magnopere
1900 765 1997 819 de-

408 828 741 897 sidcrarunt,
779 852 843 890 ex
889 843 1047 906 cujus
1075 854 1172 895 ore
1219 845 1470 913 quotidie
1518 864 1748 907 aureum
1801 856 1885 926 (ιιι
1917 857 1993 913 ita

405 918 613 991 dicam)
648 923 737 977 lac
784 925 1130 988 hausissent.
1181 932 1246 989 Et
1293 936 1438 1004 quod
1470 954 1615 1010 stupe
1662 918 1991 1013 lieri‘solct,

404 1019 517 1060 non
551 1010 711 1076 pauci
741 1014 833 1081 qui
882 1014 1072 1072 hostili
1105 1035 1232 1090 erga
1274 1037 1401 1078 eum
1430 1037 1592 1082 erant
1618 1033 1827 1101 animo,
1861 1052 1992 1093 sen-

404 1098 575 1153 tentia
604 1113 834 1168 mutata,
867 1110 1243 1177 sycophantiis
1273 1116 1449 1172 virum
1480 1136 1609 1175 eum
1637 1098 1820 1196 expeti
1846 1129 1991 1184 διητ-

407 1203 656 1257 marunt,
714 1196 877 1265 cujus
929 1202 1095 1268 paulo
1159 1215 1287 1260 ante
1352 1210 1768 1282 abrogationem
1822 1237 1988 1291 quam

366 1285 647 1342 'ntaxime
707 1292 1160 1361 concupiverunt.
1231 1301 1472 1359 Proinde
1543 1308 1730 1375 plures
1795 1327 1987 1373 contra

402 1373 799 1444 imperatorem
836 1395 897 1437 et
941 1388 1212 1455 synodum
1266 1401 1430 1461 atque
1482 1373 1630 1466 ipsos
1673 1402 1983 1476 episcopos,

400 1463 457 1518 in
507 1469 703 1536 primis
763 1489 894 1528 vero
951 1476 1217 1535 adversus
1271 1482 1638 1557 Theophilum
1691 1497 1982 1555 vociferati

396 1570 552 1615 sunt.
586 1560 783 1618 Latere
807 1568 954 1620 enim
986 1569 1030 1623 is
1059 1587 1182 1625 cum
1212 1573 1456 1632 sinistris
1479 1582 1982 1647 machinationibus

394 1653 537 1719 suis,
578 1666 804 1727 propter
832 1664 1005 1717 multa
1048 1667 1339 1731 manifesta
1372 1671 1597 1739 indicia,
1624 1660 1741 1732 non
1773 1685 1975 1749 potuit.

395 1742 586 1813 itaque
620 1747 863 1818 Angusta
915 1752 1054 1823 ipsa,
1096 1760 1295 1834 populi
1341 1765 1600 1831 precibus
1642 1742 1889 1837 exorata,
1919 1785 1977 1831 et

2108 596 2262 648 στην.
2321 580 2396 642 ὼς
2453 580 2654 644 εἰπεῖν,
2712 579 2774 630 ea
2823 579 3062 647 χρυσοῦν
3117 581 3298 633 ἐκεῖνο
3342 583 3482 649 γάλα
3537 581 3673 656 ἦσαν

2103 669 2467 737 ἀμέλγοντες.
2501 662 2605 721 Οἴα
2659 668 2715 722 δὲ
2775 666 2924 735 φιλεῖ
2950 669 3214 734 πολλάκις
3264 674 3530 739 γίνεσθαι,
3581 679 3672 731 καὶ

2103 756 2290 811 πολλοὶ
2317 757 2428 811 τῶν
2453 758 2594 827 πρὸς
2645 759 2859 813 ἐκείνου
2895 759 3360 831 ἀπεχθηομένων
3408 766 3671 832 μεταϐαλ-

2099 850 2340 919 λόμενοι,
2408 850 2872 919 συκοφαντεῖσθαι
2902 852 2993 903 τὸν
3039 851 3210 921 ἀνδρα
3257 854 3667 926 διισχυρίζοντο,

2096 936 2158 996 οὗ
2185 940 2383 1012 μ.κρδν
2413 941 2650 1012 πρόσθεν
2672 943 2771 1013 τῆς
2793 942 3173 1014 καθαιρέσεως
3198 947 3416 1012 μάλιστ’
3436 949 3665 1017 ἐφίεντο.

2095 1035 2198 1088 Διά
2224 1050 2307 1088 τοι
2342 1033 2520 1087 ταῦτα
2571 1037 2667 1088 κοιλ⁸
2725 1036 2950 1098 πλείους
2994 1030 3137 1105 ἦσαν
3165 1038 3217 1089 οῖ
3262 1038 3669 1108 καταόοὼμενοι
3750 1068 3753 1071 λ

2092 1126 2187 1179 τοῦ
2216 1142 2277 1179 τε
2309 1126 2643 1197 κρατοῦντος
2666 1127 2763 1179 καὶ
2790 1126 2889 1197 τῆς
2922 1129 3148 1181 συνόδου
3179 1129 3275 1182 καὶ
3312 1129 3421 1182 τῶν
3446 1132 3666 1185 ἐπισκό-
3766 1152 3771 1161 ι

2094 1234 2233 1280 πων,
2263 1217 2369 1269 ικαὶ
2414 1216 2651 1287 μάλιστα
2680 1216 2983 1286 Θεοφίλου·
3033 1218 3285 1274 λανθάνει
3331 1221 3440 1290 γὰρ
3492 1222 3666 1276 οὐκέτ’

2090 1307 2205 1373 οἷός
2234 1328 2296 1363 τε
2325 1306 2416 1381 ἦν,
2464 1310 2543 1374 ὡς
2567 1313 2633 1365 ἐκ
2661 1312 2873 1365 πολλῶν
2903 1313 3224 1383 τεκμηρίων
3269 1315 3564 1371 ἐδείκνυτο.
3604 1315 3665 1370 ἸΙ

2088 1401 2221 1472 γοῦν
2273 1405 2488 1473 βασιλὶς
2541 1404 2934 1475 δυσωπηθεῖσα
2995 1410 3062 1476 τῇ
3111 1405 3207 1459 τοῦ
3267 1406 3444 1476 δήμου
3487 1406 3665 1478 δεήσει

2088 1494 2184 1546 καὶ
2227 1492 2308 1560 τῷ
2345 1492 2566 1562 νύκτωρ
2610 1493 2995 1563 ἐπιγενομένῳ
3046 1493 3279 1564 σεισμῷ,
3326 1493 3508 1547 πείθει
3552 1497 3661 1548 ἐπι-

2085 1581 2278 1637 νεῦσαι
2305 1582 2395 1636 τὸν
2416 1583 2586 1653 ἀνδρα
2615 1583 2708 1636 τὸν
2759 1584 2911 1638 ὅσιον
2957 1587 3215 1655 ἀγαγεῖν.
3256 1585 3368 1639 Καὶ
3394 1586 3460 1656 δὴ
3500 1587 3661 1657 Βρίσ-

2084 1692 2227 1728 σωνα
2253 1675 2348 1728 τὸν
2385 1678 2525 1747 αὐτῇ
2557 1676 2750 1730 πιστὸν
2776 1675 2907 1730 ὄντα
2934 1675 3328 1746 θαλαμηπόλον
3357 1677 3644 1748 πέμψασα,

2081 1768 2147 1821 ἐκ
2183 1770 2486 1836 ΙΙραινέτου
2510 1769 2602 1822 τὸν
2629 1772 2785 1838 ἆγιον
2833 1770 3123 1839 ἐπανάγει,
3158 1770 3338 1825 ἀθῶον
3384 1767 3527 1824 εῖναι
3558 1773 3662 1826 τῶν

395 1844 716 1893 terraemotu
756 1841 850 1910 qui
902 1855 1068 1899 noctu
1120 1848 1300 1905 lactus
1336 1852 1516 1909 fuerat
1563 1859 1827 1929 adducta,
1863 1867 1974 1920 viro

2084 1861 2208 1914 κατ’
2247 1859 2416 1913 αὑτοῦ
2469 1863 2928 1932 σκαιωρηθέντων
2963 1862 3448 1935 διαμηνυσαμένη,
3493 1866 3665 1931 ἐπαγ-

392 1942 498 1980 suo
524 1934 844 2000 persuadet,
882 1944 941 1990 ut
971 1941 1149 1994 sancti
1187 1942 1291 1998 viri
1338 1947 1677 2005 restitutioni
1721 1966 1931 2013 annuat
1964 1977 1980 2015 :

391 2029 449 2073 ct
500 2020 735 2079 Brisone
787 2026 1058 2084 fidissimo
1109 2035 1453 2092 cubiculario
1497 2057 1600 2095 suo
1648 2046 1859 2112 misso,
1914 2066 1981 2105 ex

392 2111 645 2169 l‘rznneto
674 2116 939 2191 B.thynia:
968 2126 1242 2193 emporio,
1272 2144 1341 2183 ex
1379 2131 1612 2188 adverso
1642 2111 1981 2197 Nicomedia:

390 2208 521 2270 sito,
548 2207 816 2266 Joannem
852 2215 1097 2282 reduxit,
1127 2218 1428 2277 immunem
1465 2242 1525 2281 se
1559 2235 1615 2281 et
1648 2230 1881 2287 alienam
1910 2235 1978 2290 ab

391 2300 614 2357 insidiis
642 2315 833 2360 contra
868 2308 1019 2363 illum
1047 2313 1275 2369 structis
1305 2331 1427 2371 esse
1457 2320 1745 2377 testiﬁcata
1773 2341 1784 2376 :
1815 2336 2003 2397 atque-

387 2394 615 2464 insuper
678 2411 806 2451 eum
869 2400 940 2454 de
986 2413 1184 2457 caetero
1235 2420 1294 2460 se
1358 2417 1417 2461 ut
1466 2413 1807 2469 sacerdotem
1856 2394 1973 2481 Dci,

383 2484 802 2559 liberorumque
839 2507 1067 2549 suorum
1113 2496 1166 2549 in
1212 2499 1379 2554 rebus
1422 2500 1627 2556 divinis
1661 2505 1972 2577 doctorem,

383 2579 478 2648 qui
536 2595 635 2650 per
672 2582 922 2637 divinum
977 2585 1261 2643 lavacrum
1303 2592 1449 2647 sacri
1501 2607 1692 2664 partus
1739 2582 1863 2653 cum
1908 2617 1974 2657 ea

383 2672 707 2728 societatem
749 2685 915 2745 atque
953 2682 1396 2740 communionem
1450 2686 1660 2751 inierit,
1700 2692 1972 2747 reveritu-

386 2776 504 2819 ram
536 2781 658 2821 csse
693 2768 955 2836 pollicita.
984 2770 1226 2829 Joannes
1264 2791 1545 2845 reversus,
1576 2782 1681 2836 sub
1715 2786 1872 2853 urbe,
1903 2785 1970 2841 ad

384 2859 699 2918 transitum.
737 2860 788 2913 in
825 2861 1052 2929 regione
1084 2881 1206 2933 quae
1235 2866 1494 2924 Marianae
1530 2872 1756 2936 dicitur,
1792 2892 1974 2931 mora-

381 2954 472 3000 tus
503 2959 588 3002 est
621 2968 634 3001 :
668 2964 849 3020 neque
878 2962 1004 3006 ante
1036 2952 1435 3023 frequentioris
1462 2961 1659 3030 synodi
1689 2964 1963 3035 disce-pta-

384 3039 590 3094 tionem
642 3050 810 3111 atque
843 3044 1120 3114 judicium
1160 3050 1352 3102 urbem
1404 3051 1620 3123 ingredi
1656 3057 1853 3119 voluit.
1908 3068 1968 3114 ut

379 3132 674 3190 manifesto
704 3152 968 3205 apparere
1076 3156 1177 3213 per
1232 3141 1488 3212 injuriam
1540 3146 1730 3218 inique
1759 3151 1967 3219 eiepi—

2088 1952 2394 2024 γελλομένη
2420 1969 2482 2005 τε
2517 1952 2614 2007 τοῦ
2654 1953 2848 2007 λοιποῦ
2881 1953 2958 2017 ὡς
3001 1954 3155 2023 ίερέα
3181 1954 3318 2007 Θεοῦ
3350 1957 3446 2009 καὶ
3479 1955 3544 2009 δι’
3576 1955 3660 2008 αῖ-

2084 2046 2210 2109 δοῦς
2240 2045 2388 2117 ἔχειν
2416 2045 2605 2111 αὐτὸν,
2640 2044 2738 2099 καὶ
2781 2045 2856 2108 ὡς
2893 2045 3262 2116 μυσταγωγὸν
3294 2047 3407 2100 τῶν
3453 2046 3662 2119 ἐκείνης

2084 2136 2291 2191 παίδων
2320 2136 2715 2207 γεγενημένον,
2773 2137 2869 2190 καὶ
2905 2137 2978 2201 ὼς
3032 2138 3132 2208 τῆς
3184 2139 3336 2203 θείας
3384 2141 3662 2210 κολυμσή-

2084 2230 2218 2301 θρας
2242 2229 2334 2283 τοῦ
2365 2231 2515 2301 ἱεροῦ
2581 2230 2745 2283 τόκου
2802 2230 2942 2301 αὐτῇ
2995 2234 3437 2301 κοινωνήσαντα.
3513 2232 3662 2302 ’0,δ’

2081 2320 2396 2375 ἐπανελθὼν
2426 2319 2484 2373 ἐν
2505 2336 2614 2372 τινι
2639 2320 2749 2372 τῶν
2775 2321 2833 2373 ἐν
2862 2318 2941 2389 τῷ
2965 2320 3193 2391 ἀνάπλῳ
3218 2322 3586 2391 προαστείων,
3619 2315 3661 2389 ᾧ

2079 2414 2363 2484 Μαρεαναὶ
2405 2408 2474 2484 ἦν
2512 2413 2709 2484 ὄνομα,
2743 2413 3044 2484 διατρίϐων
3088 2410 3188 2485 ἦν’
3224 2415 3319 2468 καὶ
3370 2415 3510 2485 πρὸς
3542 2417 3662 2485 μεί-

2078 2506 2234 2571 ζονος
2264 2507 2488 2559 συνόδου
2519 2506 2812 2576 δ.άσκεψιν
2864 2509 3168 2577 παρῃτεῖτο
3209 2507 3308 2577 τὴν
3335 2507 3569 2575 εἴσοδον,
3595 2509 3659 2562 ἶν’

2076 2598 2302 2667 ἔκδηλον
2349 2597 2586 2666 γένοιτο,
2615 2597 2815 2666 λέγων,
2846 2598 2920 2660 ὡς
2950 2597 3154 2660 ἀδίκως
3192 2600 3532 2670 ἀφαιρεθείη
3567 2601 3661 2671 τὴν

2077 2691 2391 2760 προεδρίαν.
2415 2691 2785 2761 Παρέλκοντος
2812 2688 2857 2742 δ’
2883 2689 3031 2744 οὕτω
3047 2690 3146 2763 τὴν
3166 2690 3405 2760 εἴσοδον,
3424 2692 3508 2746 ἔτι
3534 2693 3662 2763 μᾶλ-

2073 2782 2167 2836 λον
2181 2782 2484 2852 ἠγανάκτει
2501 2781 2563 2833 τὸ
2586 2781 2814 2850 πλῆθος,
2828 2788 2923 2834 καὶ
2941 2783 3069 2844 τοὺς
3101 2781 3453 2853 κρατοῦντας
3473 2785 3661 2838 διελοι-

2072 2874 2304 2941 δορεῖτο.
2358 2872 2450 2927 Διὸ
2483 2872 2660 2926 πολλὰ
2690 2872 2960 2944 βιασθεὶς,
2996 2875 3248 2945 ἀνάγκης
3297 2876 3659 2947 ἐπικειμένης

2072 2983 2098 3017 ε
2127 2965 2248 3034 σῄει
2268 2965 2366 3035 τὴν
2397 2965 2578 3019 πόλιν.
2635 2948 2744 3020 κάι
2775 2967 2994 3037 πλήρης
3025 2967 3128 3035 μὲν
3170 2967 3282 3022 τῶν
3316 2967 3601 3023 πλεόντων
3634 2969 3661 3021 ὁ

2071 3056 2350 3127 Βόσπορος
2397 3053 2484 3127 ἦν,
2536 3056 2725 3109 ἀλιᾶσι
2786 3057 3177 3113 καλυπτὸντων
3206 3059 3307 3129 τὴν
3339 3059 3658 3115 θάλασσαν’

2067 3152 2130 3203 τὸ
2157 3149 2214 3203 δέ
2240 3150 2446 3220 πλῆθος
2482 3150 2705 3221 σύμπαν
2754 3152 2924 3215 εὐθὺς
2978 3152 3344 3222 προσυπήντα
3382 3177 3405 3219 δ
3451 3154 3656 3223 κηροῦς

377 3236 661 3295 scopatum
712 3229 935 3299 adempt
954 3252 1032 3285 ,ιιι
1083 3250 1231 3291 esse.
1283 3236 1421 3292 Cum
1478 3253 1663 3296 autem
1717 3244 1784 3297 ad
1834 3261 1961 3300 eum

2077 3243 2426 3311 ἀνημμένους
2453 3243 2872 3312 ἐπιφερόμενοι,
2900 3244 3000 3296 σὺν
3029 3243 3393 3314 ψαλμῳδξαις
3421 3247 3564 3317 πρὶς
3599 3245 3659 3297 τὸ

379 3321 604 3372 modum
640 3321 944 3391 ingressum
970 3325 1022 3378 in
1055 3325 1248 3381 urbem
1281 3328 1575 3397 proferret,
1601 3334 1772 3405 magis
1798 3337 1963 3390 etiam

380 3408 545 3477 plebs
582 3420 664 3465 est
713 3413 1020 3482 indignata,
1060 3419 1327 3474 conviciis
1359 3423 1639 3491 principes
1696 3429 1967 3494 perstrin-

373 3516 530 3569 gens.
562 3502 912 3574 Quapropter
945 3517 1096 3563 tanta
1146 3511 1252 3566 sibi
1304 3513 1560 3583 impasita
1610 3521 1959 3586 necessitate,

372 3592 580 3661 oppido
629 3611 794 3663 quam
850 3597 1054 3653 invitus
1103 3602 1293 3656 urbem
1329 3613 1416 3659 est
1465 3608 1769 3676 ingressus.
1822 3610 1961 3665 Tum

373 3685 762 3754 navigantibus
789 3688 1070 3759 Bosporus
1100 3695 1364 3762 repletus,
1393 3708 1447 3751 et
1471 3700 1786 3765 piscatoriis
1812 3704 1962 3756 navi-

372 3773 479 3829 bus
516 3793 666 3832 tnarc
696 3790 1014 3837 contectum
1046 3794 1166 3850 est,
1213 3786 1382 3858 386
1411 3799 1466 3844 et
1505 3792 1663 3858 plebs
1705 3796 1958 3850 universa

373 3867 426 3921 ei
479 3869 663 3923 statim
697 3870 916 3925 obiiam
967 3876 1193 3944 prodiit,
1229 3894 1422 3934 cereos
1450 3897 1715 3937 accensos
1749 3885 1954 3952 l'crcns,

373 3970 432 4013 et
463 3961 795 4029 psalmodias
828 3964 896 4018 ad
935 3982 1051 4021 rem
1084 3981 1409 4038 praesentem
1438 3985 1564 4043 apte
1593 3984 1649 4030 et
1679 3978 1957 4048 rlcganter

372 4053 714 4121 compositas
742 4056 1081 4125 concinens;
1117 4074 1358 4131 eumque
1396 4064 1463 4118 ad
1498 4066 1787 4122 ecclesiam
1826 4086 1954 4140 pro-

370 4143 549 4210 duxit,
599 4146 961 4202 reluctantem
1004 4151 1304 4207 admodum
1342 4165 1400 4209 et
1431 4157 1817 4228 allirmantem,
1857 4179 1955 4219 eos

360 4226 467 4304 qui
515 4239 790 4293 sententia
825 4254 926 4295 sua
970 4257 1029 4297 se
1079 4244 1269 4315 inique
1315 4249 1804 4317 condemnassent,
1835 4256 1956 4326 epi-

368 4343 593 4398 scapos,
636 4331 882 4402 legitime
928 4351 1141 4403 rursus,
1190 4354 1291 4411 pro
1333 4356 1399 4396 eo
1442 4356 1607 4411 atque
1657 4362 1757 4415 par
1804 4359 1954 4403 esset

366 4422 657 4478 absolvere
685 4425 910 4480 debere.
942 4425 1003 4481 Vi
1040 4441 1220 4485 autem
1248 4448 1373 4487 eum
1398 4434 1634 4504 plurima
1669 4448 1948 4508 cogentes,

2069 3334 2244 3402 παρὸν
2272 3334 2722 3404 συντεθειμέναις
2753 3336 3046 3406 εὐκόσμως
3078 3336 3410 3406 ὑπᾴδοντες,
3442 3340 3536 3391 καὶ
3565 3337 3658 3388 ἐπὶ

2065 3428 2166 3497 τὴν
2212 3427 2518 3497 ἐκκλησίαν
2569 3428 2999 3498 προπέμψαντες
3046 3431 3266 3499 ἄγουσι,
3302 3431 3538 3485 πλεῖστα
3588 3430 3650 3499 δὴ

2066 3519 2510 3587 παραιτούμενον
2558 3521 2655 3573 καὶ
2693 3521 3132 3591 ίσχοριζὸμενον,
3166 3522 3372 3591 χρῆναι
3419 3523 3651 3590 λέγοντα

2063 3614 2193 3674 τοὺς
2224 3612 2790 3682 καταψηφισαμένους
2812 3612 2968 3676 αὖθις
3002 3615 3211 3682 ἱερέας,
3242 3609 3275 3685 ᾖ
3304 3613 3490 3684 θέμις,
3519 3614 3650 3667 ἀπο-

2061 3703 2429 3773 ψηφίσασθαι.
2462 3704 2697 3759 Πλεῖστα
2723 3704 2767 3757 δ’
2788 3706 3229 3774 ἀναγκάσαντες,
3269 3706 3367 3777 ἐπὶ
3396 3707 3491 3759 τὸν
3533 3709 3653 3758 ἐπιδ

2063 3796 2330 3849 σκοπικδν
2390 3796 2583 3867 θρόνον
2655 3798 2818 3850 αὑτὸν
2865 3799 3224 3862 ἀνεϐίϐασαν,
3257 3798 3391 3853 ὥστ’
3425 3801 3651 3870 εἰρήνην

2059 3888 2308 3941 ἀνειπεῖν
2338 3889 2416 3959 τῷ
2449 3887 2586 3958 λαῷ.
2620 3889 2786 3942 Ταῦτ’
2814 3888 2874 3954 ἐξ
2903 3890 3154 3960 ἀνάγκης
3177 3888 3528 3963 πεποιηκὼς,
3554 3889 3648 3942 καί

2056 3997 2183 4034 τινα
2206 3981 2416 4050 σχέδιον
2442 3980 2746 4050 τηνικαῦτα
2769 3982 3025 4053 διεξῆλθε
3057 3984 3237 4052 λόγον,
3269 3984 3643 4055 χαριεστάτας

2057 4072 2316 4141 ἀφορμὰς
2363 4074 2778 4143 πορισάμενοςο
2837 4074 3031 4145 ἐδήλου
3080 4077 3192 4144 γάρ
3241 4076 3509 4144 Θεόφιλον
3548 4076 3647 4145 μὲν

2057 4163 2412 4233 ἐπιχειρῆσαι
2434 4161 2594 4233 ὕσριν
2624 4164 2899 4235 καταχέαι
2918 4165 3019 4234 τῆς
3061 4165 3420 4234 Ἐκκλησιας,
3452 4165 3529 4227 ὡς
3552 4166 3644 4217 τὸν

2054 4252 2375 4321 Λίγυπτίων
2412 4253 2640 4323 βασιλέα
2662 4271 2677 4286 ·
2713 4256 3053 4325 ἐπιμανῆναι
3083 4255 3140 4309 δέ
3175 4257 3375 4328 καῖτῇ
3414 4256 3511 4310 τοῦ
3537 4273 3643 4309 πα-

2055 4349 2322 4419 τριάρχου
2368 4346 2626 4421 Ἀϐραὰμ
2658 4352 2903 4420 γαμετῇ,
2930 4349 3006 4413 ὡς
3040 4349 3643 4421 ίστοροῦσινἙόραίων

2057 4437 2254 4507 βίὸλοι.
2309 4440 2588 4505 Ἐπαίνοις
2639 4440 2698 4494 δὲ
2729 4440 2826 4494 καὶ
2882 4441 2976 4495 τὸν
3008 4442 3140 4495 λαὸν
3167 4442 3270 4512 τῆς
3324 4442 3642 4512 προθυμίας

368 4514 424 4569 in
476 4515 607 4570 sede
648 4516 950 4588 episcopali
1002 4523 1365 4593 cellocarunt,
1413 4539 1476 4582 ut
1521 4544 1711 4599 pacem
1744 4532 1948 4601 populo

368 4622 432 4637 ην
480 4610 769 4637 anna-:1.--
812 4611 930 4637 Ιηιυι
982 4618 1333 4637 .._--_--..:-_-.
1389 4630 1430 4637 -.
1474 4636 1493 4637 ρ
1706 4632 1717 4637 Α
1852 4622 1915 4637 ΙΙ-

2077 4531 2462 4602 ιποδεξάμενος
2494 4532 2592 4586 καὶ
2634 4536 2764 4597 τοὺς
2795 4532 3141 4604 κρατοῦντας
3168 4535 3273 4604 τῆς
3305 4534 3442 4604 περὶ
3477 4533 3644 4585 αὐτὸν

364 4622 435 4662 ex
479 4610 770 4678 superiore
809 4611 933 4666 loco
980 4618 1337 4672 annuntiaret
1379 4630 1437 4675 et
1472 4632 1814 4690 precaretur.
1851 4622 1951 4679 His

2077 4622 2294 4686 ιὺνοίας,
2335 4624 2549 4676 πλεῖστ’
2599 4624 2996 4695 ἀνευφημῆσαι
3044 4625 3106 4677 τὸ
3158 4623 3364 4694 πλῆθος
3415 4623 3645 4695 βασιλέα

364 4705 539 4758 rebus
590 4707 662 4759 ita
694 4722 761 4760 ex
803 4709 1133 4765 necessitate
1162 4714 1395 4782 quadam
1430 4716 1592 4781 actis,
1636 4719 1947 4775 orationem

2077 4731 2114 4767 rs
2149 4718 2242 4767 καὶ
2271 4714 2373 4785 τὴν
2404 4714 2657 4782 βασιλίδα
2680 4715 2970 4785 ἠρέθισεν,
3001 4717 3077 4779 ὡς
3105 4716 3182 4787 μὴ
3206 4714 3512 4786 δυνηθῆναι
3551 4713 3644 4822 καὶ

365 4806 483 4850 tum
509 4795 832 4868 quoque’ei
864 4811 1108 4871 tempore
1142 4804 1210 4858 ad
1242 4807 1502 4877 populum
1537 4809 1754 4876 habuit,
1780 4826 1948 4886 argu-

2077 4809 2147 4860 :bv
2176 4808 2337 4877 λόγον
2384 4811 2468 4873 είς
2499 4809 2674 4882 πέρας
2706 4810 2907 4878 ἐλθεῖν,
2946 4809 3065 4865 ἀλλ’
3112 4810 3351 4883 ἡμιτελῆ
3383 4810 3644 4864 κατειλεῖ-

364 4889 570 4944 mentis
622 4906 747 4946 cum
798 4909 991 4963 magna
1043 4899 1218 4965 gratia
1271 4901 1544 4968 appositis
1592 4916 1748 4959 usus.
1799 4903 1947 4957 Dixit
2054 4902 2176 4970 ψαι.

362 4980 535 5050 cnim,
567 4983 934 5055 Theophilum
977 5002 1074 5055 per
1106 4991 1500 5047 contumeliam
1567 5003 1828 5049 conatum
1862 5008 1985 5048 esse
2022 4993 2286 5050 Ecclesiae
2345 5010 2460 5051 suae
2500 4996 2763 5069 iniuriam
2804 4997 2988 5054 facere
3026 5012 3042 5052 :
3088 4997 3314 5068 perinde
3341 5005 3513 5064 atque
3543 5008 3639 5049 rex

362 5073 495 5128 olim
548 5076 764 5147 A'Igypti
814 5080 868 5133 in
902 5081 1228 5148 patriarchae
1268 5083 1507 5139 Abraha:
1554 5086 1791 5157 conjuge
1856 5086 2166 5154 insanierit,
2235 5090 2701 5156 quemadmodum
2746 5090 2853 5147 hoc
2883 5089 3241 5147 Hebraeorum
3289 5091 3420 5146 libri
3486 5106 3641 5146 com-

361 5181 688 5224 memorant.
722 5172 787 5224 Et
822 5173 998 5241 plebis
1031 5172 1359 5243 propensam
1405 5178 1745 5233 alacritatem
1795 5179 2051 5234 laudibus
2116 5196 2475 5251 prosecutus,
2518 5185 2959 5240 benevolentiam
3031 5201 3252 5256 quoque
3319 5188 3639 5256 principum

358 5274 488 5331 erga
511 5247 911 5330 sccclebravit,
940 5278 996 5322 ct
1025 5269 1439 5325 multitudinem
1464 5280 1523 5325 ut
1545 5273 1939 5343 imperatorem
1980 5281 2042 5326 et
2112 5275 2523 5345 imperatricem
2565 5277 2761 5341 faustis
2789 5280 3201 5350 auspicatisque
3276 5280 3513 5333 vocibus
3544 5293 3639 5330 or-

360 5368 595 5424 narent,
624 5361 762 5417 adeo
792 5365 1071 5433 exritavit,
1104 5377 1160 5422 ut
1195 5368 1502 5424 orationem
1540 5372 1608 5426 ad
1655 5371 1817 5426 ﬁnem
1875 5370 2182 5441 perducere
2219 5390 2331 5432 non
2365 5386 2573 5448 posset,
2649 5378 2746 5434 sed
2795 5380 2854 5434 in
2924 5378 3160 5434 dimidia
3191 5376 3312 5450 ejus
3352 5384 3516 5444 parte
3544 5372 3640 5431 tli-

355 5465 492 5508 cere
522 5453 840 5516 desisteret.
