4044 6486
416 363 529 429 993

1327 356 1929 419 ECCLESIASTlCzE
1969 357 2355 419 HISTORLE
2398 361 2547 421 LIB-
2589 360 2763 420 XIII.

3583 365 3695 432 995

415 470 698 543 λυπηρῶν,
732 470 808 533 είς
849 470 1051 538 ἑαυτὴν
1096 463 1251 535 αὖθις
1285 469 1355 523 τὰ
1386 467 1654 537 εἰρημένα
1680 465 1958 534 ἐλάμϐανε
1980 482 1993 497 ο

2100 465 2247 519 dicta
2283 482 2347 521 ea
2399 484 2622 523 rursum
2671 470 2725 523 in
2783 483 2842 523 sc
2880 469 3114 523 contulit
3158 489 3172 526 :
3220 480 3273 526 et
3320 471 3400 526 ira
3457 474 3690 543 percita,

416 564 591 636 θυμοῦ
609 579 670 617 τε
695 551 1031 631 ἐπίμπλατο,
1061 562 1154 615 καὶ
1178 561 1394 617 σύνοδον
1417 559 1573 622 αὖθις
1594 560 1788 630 ἑτέραν
1814 557 2001 627 ἁθροί-

417 656 606 723 ζεσθαι
638 653 920 708 ἔσπευδεν.
970 652 1029 705 '0
1056 652 1101 706 δ’
1158 653 1507 721 αἰσθόμενος,
1561 651 1717 702 τόσον
1744 650 1842 702 οὐκ
1875 651 2000 703 dve-

416 751 594 813 δύετο,
630 747 744 801 ἀλλ’
777 746 856 799 ἔτι
892 748 1231 816 σαφέστερον
1264 745 1360 798 καὶ
1389 744 1554 812 ἕτερα
1583 742 1672 796 ἐπ’
1704 742 2001 810 ἐκκλησίας

417 844 614 909 λέγων,
644 843 722 904 είς
755 840 924 910 ὀργὴν
946 838 1164 909 ἐκείνην
1193 838 1448 890 ἁνέκαιεν
1475 854 1489 869 ο
1537 836 1776 906 ὁπηνίκα
1815 837 1877 907 δὴ
1908 837 2002 889 καὶ

418 936 517 1003 τὴν
556 933 879 1003 περιϐόητον
909 932 1002 984 καὶ
1034 930 1284 998 ἀοίδιμον
1314 928 1533 998 ἐκείνην
1581 926 1669 980 ἐπ’
1702 928 2000 995 ἐκκλησίας

419 1026 635 1096 ὁμιλίαν
680 1023 927 1090 ἐξεῖπεν,
983 1017 1086 1077 ὧδέ
1156 1039 1231 1095 πη
1282 1019 1380 1072 τοῦ
1435 1020 1594 1087 λόγου
1650 1021 1993 1090 ἀρξάμενος·

423 1138 442 1170 ι
484 1117 651 1171 Πάλιν
710 1115 976 1185 Ἡρωδιὰς
1033 1113 1328 1182 μαίνεται,

417 1208 580 1262 πάλιν
606 1206 873 1276 ὀρχεῖται,
907 1204 1071 1259 πάλιν
1095 1206 1193 1274 τὴν
1224 1206 1475 1258 Ἰωάννου
1506 1204 1753 1273 κεφαλὴν
1789 1206 1881 1257 ἐπὶ
1910 1205 1999 1256 πί-

416 1318 580 1363 νακος
622 1300 917 1364 σπουδάζει
970 1299 1180 1354 λαῦείν.
1223 1317 1241 1350 ι
1283 1300 1394 1351 Καὶ
1425 1297 1482 1352 τὸ
1507 1299 1563 1351 ἒν
1592 1315 1698 1351 τινι
1741 1297 1849 1350 τῶν
1870 1299 1997 1367 ὁμι-

412 1393 547 1447 λιῶν
577 1394 754 1446 ἐκεῖνο
786 1392 1137 1460 ἀείμνηστον,
1181 1410 1197 1442 ι
1226 1391 1325 1444 οὐκ
1360 1390 1446 1443 ἀεὶ
1469 1390 1570 1462 τὴν
1596 1387 1842 1453 εὐδοξίαν
1874 1390 1997 1457 ἐμί-

416 1502 580 1557 σησα,
614 1484 711 1557 τὴν
731 1484 788 1537 δὲ
817 1483 1034 1549 ἀδοξίαν
1065 1484 1376 1555 ἠγάπησας
1411 1500 1430 1534 ι
1480 1483 1575 1535 καὶ
1607 1481 1706 1549 τήν
1736 1481 1877 1535 κατὰ
1898 1480 1998 1534 Ἰε-

414 1579 584 1645 ζαϐὲλ
610 1580 852 1641 καὶτοὺς
886 1580 1052 1648 ἱερεῖς
1081 1579 1182 1648 τῆς
1227 1576 1486 1648 αἰσχύνης
1520 1576 1764 1647 ἱστορίαν
1810 1577 1998 1629 ἐπισυ-

413 1669 633 1740 νείρων.
671 1670 738 1721 Ὃ
770 1670 904 1739 δῆτα
939 1670 1018 1730 είς
1040 1663 1155 1721 ὦτα
1186 1667 1370 1741 ἐκείνῃ
1394 1667 1568 1733 ἐλθὸν,
1608 1668 1687 1730 είς
1725 1667 1871 1735 μέγα
1903 1666 1995 1720 τὸν

415 1761 589 1832 θυμὸν
640 1762 873 1830 ἀνῆπτε.
921 1761 1032 1814 Καὶ
1082 1760 1201 1831 μετ’
1226 1761 1406 1826 ὀλίγον
1442 1758 1592 1813 ἄλλοι
1644 1776 1702 1811 τε
1736 1760 1995 1829 παρῆσαν

415 1854 729 1916 ἐπίσκοποι,
771 1850 867 1904 καὶ
899 1851 1150 1915 Λεόντιος
1199 1851 1227 1902 ό
1266 1848 1623 1919 Ἀγκυρανῶν
1652 1851 1753 1920 τῆς
1789 1852 1996 1919 μικρᾶς

413 1948 701 2013 Γαλατίας,
748 1946 1065 2017 ’Δμμὼνιος
1089 1948 1116 2000 ὁ
1147 1947 1471 2009 Λαοῖικείας
1518 1946 1615 2015 τῆς
1662 1948 1720 2000 ἐν
1749 1946 1993 2017 Πισιδίᾳ,

415 2037 667 2109 Βρίσσων
720 2037 1005 2092 Φιλίππων
1063 2037 1172 2090 τῶν
1207 2038 1267 2091 ὲν
1294 2036 1510 2108 Θρᾴκῃ,
1551 2036 1803 2098 Ἀκάκιος
1835 2039 1864 2090 ό
1892 2040 1992 2107 τῆς

414 2135 473 2187 ὲν
500 2131 670 2204 Συρία
696 2130 980 2203 Βερῤοίας,
1006 2130 1100 2184 καί
1123 2147 1267 2194 τινες
1287 2131 1489 2199 ἕτεροι,
1521 2129 1606 2200 ἐφ’
1632 2122 1708 2184 ὧν
1731 2130 1780 2183 οἱ
1801 2129 1994 2200 πρώην

412 2225 564 2294 λόγοι
622 2221 784 2287 αὖθις
830 2221 1200 2277 ἀνεκινοῦντο.
1264 2221 1520 2291 Ἰωάννης
1575 2220 1621 2274 δ’
1656 2222 1747 2275 ἐπὶ
1785 2221 1996 2285 τούτοις

417 2318 660 2390 θαρρῶν,
717 2316 870 2388 ἠξίου
896 2317 962 2369 τὰ
995 2316 1436 2386 κατηγορήματα
1488 2313 1581 2365 ἐπὶ
1614 2311 1779 2382 μέσου
1811 2312 1996 2383 ζητεῖ-

419 2408 563 2463 σθαι.
600 2407 742 2476 Ἦδη
785 2404 830 2459 δ’
863 2404 1130 2473 ἐνστάσης
1182 2404 1280 2471 τῆς
1309 2400 1588 2468 γενεθλίου
1634 2399 1729 2452 τοῦ
1754 2401 1993 2467 Χριστοῦ

421 2499 635 2570 ἑορτῆς,
671 2500 700 2551 ὁ
724 2497 945 2569 κρατῶν
972 2494 1165 2564 ὥσπερ
1195 2493 1378 2547 εἰώθει
1407 2493 1507 2545 ούκ
1561 2492 1777 2562 ἀπήντα
1805 2494 1868 2562 τῇ
1905 2493 1994 2544 ὲκ-

418 2592 635 2664 κλησίᾳ.
668 2591 939 2662 Διεμήνυε
969 2588 1025 2641 δὲ
1053 2587 1300 2658 Ἰωάννῃ,
1339 2585 1413 2656 μὴ
1450 2585 1717 2654 πρότερον
1745 2585 1892 2654 αὐτῷ
1915 2586 1995 2647 είς

421 2685 548 2756 ὄψιν
580 2683 775 2746 ἐλθεῖν,
803 2679 974 2753 πρινὴ
997 2680 1338 2748 ἀποδᾶσηται
1374 2678 1441 2730 τὰ
1474 2677 1818 2746 ἐγκλήματα.
1841 2676 1996 2730 Ἐπεὶ

416 2779 474 2832 δὲ
495 2776 777 2848 πρόθυμος
800 2777 879 2837 εἰς
909 2773 1206 2842 ἀπολογίαν
1235 2771 1403 2825 παντὶ
1425 2771 1504 2840 τῷ
1533 2771 1843 2841 βουλομένῳ
1871 2774 1996 2822 ὀντ-

417 2869 712 2938 εδήλωσεν,
752 2867 801 2920 οί
849 2867 1149 2934 κατήγοροι
1175 2863 1288 2917 δέει
1342 2862 1663 2933 ληφθέντες,
1714 2861 1996 2914 ἐπιθέσθαι

418 2965 530 3025 Ιτοῖς
564 2960 906 3030 ἐγκλήμασιν
938 2960 1039 3011 οὐκ
1087 2955 1376 3028 ἐθάρρουν.
1426 2956 1551 3018 Τοῖς
1606 2955 1651 3007 δ’
1676 2955 1997 3017 ἐπισκόποις

419 3053 618 3117 ἐδόκει,
652 3051 727 3120 μὴ
757 3045 914 3111 αὖθις
952 3050 1034 3111 είς
1072 3032 1258 3117 κρίσιν
1286 3045 1444 3113 ἄγειν
1481 3045 1572 3098 τὸν
1604 3044 1751 3107 ὅπως
1776 3044 1838 3112 δή
1865 3061 1995 3097 ποτε

1408 1114 1573 1166 πάλιν
1634 1114 1993 1181 ταράσσεται,

2106 557 2379 627 synodum
2411 559 2572 613 aliam
2601 560 2718 630 cogi
2751 559 3158 628 quamprimum
3183 562 3417 617 curavit.
3451 563 3697 622 Joannes

2108 662 2278 716 porro
2318 650 2412 703 ubi
2469 650 2521 704 id
2574 660 2764 713 sentit,
2820 660 3031 704 tantum
3075 653 3232 706 abest
3271 668 3330 707 ut
3376 655 3543 709 verba
3593 673 3697 711 sua

2106 743 2445 802 retractarit,
2482 750 2539 796 ut
2574 745 2823 811 apertius
2853 744 3019 796 etiam
3059 743 3111 797 in
3157 746 3390 799 ecclesia
3434 747 3539 799 alia
3571 763 3699 815 pro-

2102 830 2348 895 locutus,
2400 834 2468 888 ad
2510 835 2647 888 iram
2685 835 2830 889 illaut
2890 836 3241 899 accenderit,
3278 852 3402 892 cum
3438 839 3695 893 decanta-

2107 929 2215 974 tam
2271 922 2417 977 illam
2473 935 2528 979 et
2569 926 2839 981 celebrem
2892 928 3196 982 orationem
3257 930 3312 982 in
3367 932 3569 999 templo
3624 934 3692 984 ad

2109 1013 2374 1082 populum
2430 1015 2643 1079 habuit,
2691 1017 2963 1087 ejusmodi
3005 1034 3126 1071 eam
3172 1020 3359 1074 verbis
3414 1037 3691 1075 exorsus:

2108 1125 2126 1156 ι
2168 1103 2405 1158 Rursum
2445 1105 2711 1160 llerodias
2741 1107 2894 1175 furit,
2930 1124 3151 1162 rursum
3185 1111 3374 1164 turbas
3405 1125 3531 1169 ciet.
3566 1130 3693 1166 rur-

2102 1216 2223 1255 sum
2261 1201 2446 1266 saltat,
2496 1218 2717 1257 rursum
2768 1205 2997 1259 Joannis
3046 1217 3212 1276 caput
3263 1208 3314 1260 in
3364 1209 3516 1264 diSeo
3545 1210 3695 1264 eni-

2101 1308 2233 1364 pere
2275 1295 2523 1348 festinat.
2573 1315 2592 1346 ι
2643 1299 2817 1366 Atque
2878 1299 3011 1351 illud
3066 1300 3295 1368 insuper
3348 1303 3401 1353 in
3452 1282 3688 1355 Humilia

2100 1387 2338 1455 quadam
2400 1391 2739 1457 sempiterna
2803 1389 3070 1466 memoria
3122 1392 3350 1462 dignum
3403 1408 3689 1462 usurpant

2100 1480 2331 1533 verbum
2378 1498 2392 1534 :
2437 1501 2454 1534 ι
2500 1483 2580 1536 Αιι
2648 1500 2756 1537 ιιοιι
2819 1500 3040 1559 semper
3094 1486 3377 1551 εἰδοξέαν,

2099 1588 2282 1627 veram
2317 1576 2575 1644 gloriam,
2607 1578 2696 1631 odi
2732 1598 2744 1630 :
2775 1579 2994 1642 ἀδοξίαν
3028 1590 3236 1641 autem,
3282 1580 3386 1631 huc
3436 1594 3518 1631 est
3551 1586 3689 1632 inla-

2099 1665 2287 1731 miam,
2321 1667 2534 1722 dilexi?
2568 1690 2585 1721 ι
2646 1673 2711 1724 de
2751 1671 3001 1725 Jcsalzcle
3030 1681 3087 1726 et
3123 1675 3525 1733 sacerdotibus,
3575 1686 3684 1726 tur-

2099 1759 2369 1828 pitudinis
2419 1744 2706 1816 historiam
2758 1763 2986 1830 insuper
3033 1764 3335 1818 adducens.
3385 1764 3539 1831 Quod
3593 1768 3683 1820 ubi

2099 1852 2165 1906 ad
2218 1866 2378 1907 aures
2429 1852 2691 1908 Eudoxiae
2734 1854 3008 1922 pervenit,
3055 1869 3389 1923 magnopere
3437 1873 3682 1911 annuum

2098 1945 2219 2013 ejus
2251 1945 2333 1999 ira
2355 1946 2632 2000 accendit.
2674 1946 2844 2002 Breve
2873 1947 3179 2002 intercessit
3216 1958 3453 2017 tempus.
3476 1960 3531 2002 et
3557 1965 3681 2003 cunt

2098 2035 2191 2089 alii
2240 2033 2491 2106 plerique
2539 2036 2805 2105 episc0pi,
2851 2047 2963 2091 tum
3010 2036 3278 2093 Leontius
3322 2041 3547 2109 Ancyrm
3580 2041 3687 2092 mi-

2098 2127 2254 2181 noris
2299 2127 2565 2187 Galatia,
2622 2128 2947 2182 Ammonius
3008 2128 3293 2184 Laodiceae
3352 2129 3405 2183 in
3455 2131 3680 2192 Pisidia,

2098 2218 2317 2274 Brisson
2352 2217 2725 2288 Philipporuin
2760 2219 3032 2282 Thraciae,
3065 2219 3303 2274 Aeacius
3328 2219 3598 2275 Berrhcea:
3626 2223 3679 2274 in

2099 2309 2275 2381 Syria,
2299 2320 2354 2364 ct
2380 2312 2627 2366 nonnulli
2658 2312 2749 2365 alii
2782 2314 3055 2368 antistites
3080 2312 3309 2367 adl'uere
3334 2333 3347 2366 :
3372 2314 3515 2381 apud
3542 2329 3686 2382 quos

2099 2417 2261 2456 causa
2292 2403 2445 2472 prior
2476 2412 2737 2458 renovata
2770 2415 2874 2459 est.
2894 2406 3131 2459 Joannes
3172 2415 3384 2470 autem,
3422 2420 3679 2474 magnum

2099 2495 2356 2549 obtinens
2416 2496 2696 2560 animum,
2755 2498 2948 2565 petiit,
3004 2509 3063 2550 ut
3114 2497 3183 2551 de
3239 2499 3567 2552 criminibus
3623 2499 3677 2553 in

2100 2586 2342 2640 medium
2405 2587 2691 2656 productis
2746 2600 3118 2658 quaereretur.
3182 2590 3250 2644 Et
3296 2592 3408 2661 jam
3474 2594 3685 2646 natalis

3462 1488 3562 1540 huc
3610 1504 3683 1539 ρει

2097 2678 2305 2733 Christi
2356 2677 2531 2733 festus
2584 2679 2703 2734 dies
2756 2681 3015 2743 instabat,
3066 2693 3234 2750 atque
3287 2683 3586 2751 imperator
3615 2687 3683 2738 de
3767 2680 3776 2687 ’

2100 2784 2256 2823 more
2308 2785 2406 2823 suo
2455 2771 2690 2840 pristino
2747 2773 2800 2824 in
2846 2775 3137 2827 ecclesiam
3197 2790 3307 2828 non
3360 2776 3509 2829 venit
3562 2794 3575 2826 :
3627 2788 3687 2831 ct

2098 2859 2298 2916 Joanni
2335 2864 2704 2927 denuntiavit,
2743 2880 2850 2919 non
2892 2866 3049 2935 prius
3086 2881 3145 2920 se
3190 2866 3411 2938 in-ejus
3455 2884 3691 2936 conspe-

2100 2967 2249 3010 ctum
2278 2966 2574 3011 venturum
2606 2972 2747 3017 csse,
2781 2974 2944 3027 quam
2981 2960 3072 3013 ille
3107 2975 3166 3013 se
3203 2961 3271 3014 de
3302 2962 3532 3031 objectis
3571 2965 3684 3015 cri-

2102 3048 2344 3102 minibus
2371 3057 2677 3117 purgasset.
2716 3049 2890 3105 Porro
2922 3050 3019 3105 ubi
3062 3050 3305 3105 Joannes
3336 3070 3395 3105 se
3426 3053 3685 3107 alacriter

415 3145 508 3200 τὸν
538 3143 726 3216 θρόνον
754 3140 1143 3210 ἀφαιρεθέντα.
1169 3141 1277 3194 Καὶ
1309 3138 1381 3191 τὰ
1405 3137 1503 3207 μὲν
1528 3138 1665 3192 ἄλλα
1689 3138 1769 3199 εἰς
1804 3136 1998 3201 ἐξέτα-

2100 3141 2166 3195 ad
2196 3139 2484 3195 dicendam
2536 3157 2779 3207 causam,
2815 3148 3140 3211 quicunque
3193 3159 3317 3197 cum
3371 3156 3681 3212 accusaret,

419 3255 504 3292 σιν
538 3234 917 3308 παρῃτοῦντο·
976 3232 1116 3303 πρὸς
1169 3231 1227 3285 δὲ
1291 3229 1453 3282 τοῦτο
1501 3229 1664 3299 μόνον
1700 3228 1999 3298 ἀπολογίαν

418 3327 585 3400 ᾔτουν
614 3331 706 3379 τὶν
756 3324 1036 3394 Ἰωάννην,
1073 3323 1190 3386 πῶς
1232 3321 1373 3392 μετὰ
1435 3321 1758 3390 καθαίρεσιν
1791 3320 1867 3390 μὴ
1900 3322 1998 3389 τῆς

421 3422 642 3477 συνόδου
667 3418 823 3482 αὖθις
853 3416 1270 3489 ψηφισαμένης,
1299 3413 1460 3476 αὐτὸς
1496 3414 1673 3482 ἑαυτῷ
1709 3413 1809 3481 τὴν
1843 3414 2000 3482 ἱερω-

420 3514 586 3585 σύνην
619 3512 815 3576 ἐδίδου,
857 3511 953 3564 καὶ
979 3506 1317 3578 εἰσπηδήσας
1344 3504 1514 3576 ἀνέϐη
1540 3505 1631 3559 τὸν
1656 3505 1867 3574 θρόνον.
1889 3505 1997 3558 Τοῦ

415 3607 473 3661 δὲ
502 3602 945 3674 προϐαλλομένου
992 3599 1103 3653 τῶν
1150 3597 1603 3667 κοινωνησάντων
1649 3596 1999 3666 ὲκείνερὲξή-

416 3716 579 3754 κοντα
623 3697 945 3751 ἐπισκόπων
998 3693 1098 3764 τὴν
1157 3691 1374 3761 ψῆφον,
1423 3690 1473 3742 oi
1536 3691 1667 3759 περὶ
1721 3688 1995 3753 Λεόντιον,

422 3784 453 3843 ι¹
489 3791 654 3844 Ἀλλὰ
677 3790 919 3853 πλείους,
957 3785 1147 3856 φασὶν.
1177 3780 1343 3855 ἦσαν,
1379 3777 1424 3836 ὦ
1464 3782 1716 3850 Ἰωάννη,
1771 3781 1864 3834 σοῦ
1896 3799 2000 3834 κα-

416 3881 885 3953 ταψηφισάμενοι,
924 3880 1019 3931 καὶ
1068 3872 1245 3928 ταῦτα
1287 3873 1383 3926 καὶ
1435 3870 1716 3942 ἱερατικοῦ
1768 3873 1998 3936 κανόνος
2045 3891 2051 3899 ·

418 3971 881 4044 ἀπαγορεύοντος.
931 3989 949 4022 ι
992 3969 1258 4030 Ἐκεῖνος,
1296 3984 1315 4018 ι
1372 3964 1514 4020 Ἀλλ’
1547 3965 1607 4016 οὐ
1634 3964 1733 4034 τῆς
1755 3963 1995 4033 Ἐκκλη-

420 4069 541 4131 σίας
573 4063 730 4129 οὗτος
762 4063 969 4131 κανὼν,
1026 4063 1136 4117 τῶν
1168 4062 1214 4115 δ’
1265 4059 1590 4131 ’Δρειανῶν,
1626 4057 1676 4111 οἳ
1706 4059 1763 4109 ἐν
1792 4056 1998 4110 Ἀντιο-

420 4164 544 4236 χείᾳ
587 4159 1026 4229 στρατεύσαντες
1071 4155 1214 4209 κατὰ
1253 4153 1352 4220 τῆς
1401 4150 1695 4219 δμοουσίου
1735 4151 1995 4216 πίστεως,

419 4253 937 4323 συκοφαντήσαντες
1009 4246 1374 4307 Ἀθανόισιον,
1427 4243 1527 4312 τὴν
1595 4241 1996 4310 Ἀλεξανδρέων

431 4345 761 4415 Ἐκκλησίαν
805 4340 1099 4408 ἀφείλοντο,
1133 4337 1230 4390 καὶ
1274 4336 1373 4407 τήν
1404 4333 1513 4388 τῶν
1536 4332 1884 4403 πραγμάτων
1909 4333 1996 4385 δε-

414 4439 587 4501 διότες
621 4435 946 4508 μεταϐολήν,
974 4431 1067 4484 τὸν
1094 4429 1299 4484 κανόνα
1323 4428 1512 4483 τοῦτον
1531 4427 1797 4492 ἐξέθεντο,
1828 4442 1995 4478 σπουο

2103 3233 2377 3296 exhibuit,
2411 3233 2715 3289 adversarii
2764 3235 2881 3305 ejus
2930 3236 3127 3290 timore
3177 3237 3347 3305 capti,
3394 3238 3680 3292 criminari

2101 3342 2226 3380 eum
2262 3327 2381 3381 ausi
2419 3342 2526 3381 non
2577 3336 2728 3382 sunt.
2785 3328 2851 3382 Et
2882 3330 3164 3398 episcopis
3211 3330 3387 3383 visum
3434 3348 3542 3385 non
3571 3343 3685 3397 est,

2101 3419 2284 3473 denuo
2310 3434 2439 3474 eum
2482 3419 2533 3472 in
2572 3419 2843 3489 judicium
2890 3422 3130 3485 trahere,
3178 3423 3267 3476 cui
3309 3424 3681 3492 qualicunque

2101 3515 2167 3569 de
2200 3531 2361 3569 causa
2389 3516 2623 3568 thronus
2656 3530 2813 3568 antea
2844 3525 2990 3569 esset
3010 3517 3326 3585 ademptus.
3368 3516 3433 3569 Et
3459 3533 3581 3570 cum
3612 3519 3681 3569 de

2098 3609 2265 3661 rebus
2302 3608 2424 3663 aliis
2456 3608 2741 3677 inquirere
2769 3611 3234 3676 supersederunt,
3276 3620 3389 3662 tum
3424 3619 3480 3661 ut
3514 3610 3580 3661 de
3612 3624 3685 3662 eo

2100 3700 2218 3756 solo
2258 3716 2478 3754 causam
2525 3700 2764 3756 Joannes
2803 3701 3034 3762 diceret,
3090 3702 3477 3769 postularunt:
3516 3699 3680 3770 390

2101 3809 2197 3847 cur
2240 3802 2364 3863 pust
2415 3792 2826 3863 altrOgationem
2876 3791 3036 3860 ejus,
3111 3792 3303 3863 synodi
3357 3792 3581 3845 decreto
3624 3801 3679 3845 nt

2101 3884 2427 3937 auctoritate
2463 3900 2568 3937 non
2600 3881 2998 3946 intercedente,
3039 3881 3154 3952 ipse
3177 3882 3276 3936 sibi
3302 3884 3678 3952 episcopatum

2100 3973 2467 4036 contulisset,
2522 3976 2892 4041 thronumque
2946 3972 3199 4026 lnvolans
3241 3973 3680 4028 conscendisset.

2098 4067 2280 4134 Atque
2324 4064 2415 4118 ubi
2461 4063 2703 4119 Joannes
2761 4063 3015 4133 suffragia
3074 4064 3376 4133 sexaginta,
3423 4065 3677 4132 quicum

2098 4168 2166 4208 eo
2241 4153 2829 4217 eonununicaverant,
2893 4153 3279 4223 episcoporum
3365 4155 3685 4222 pranendit,

2100 4245 2367 4299 Leontius
2413 4254 2469 4299 et
2519 4247 2610 4314 qui
2654 4260 2780 4298 cum
2838 4259 2904 4299 eo
2950 4244 3176 4299 erant:
3238 4263 3257 4296 ι
3314 4243 3422 4299 Sed
3471 4247 3683 4312 plures,

2098 4337 2308 4397 dixere,
2352 4340 2532 4401 erant,
2574 4349 2606 4389 ο
2652 4336 2914 4400 Joannes,
2958 4334 3138 4404 quite
3181 4334 3623 4389 condemnarunt
3658 4350 3676 4386 :

2099 4439 2156 4481 et
2207 4427 2442 4499 accedit,
2499 4424 2592 4495 qui
2655 4427 2755 4480 l.oc
2816 4424 2933 4479 ﬁeri
2985 4424 3278 4495 prohibet,
3322 4426 3689 4481 sacerdotalis

414 4533 513 4604 δην
549 4495 851 4598 τιθέμενοι,
882 4495 977 4577 ’τὰ
1025 4523 1113 4576 ἐπ’
1140 4524 1339 4591 ἐκείνῳ
1390 4520 1600 4582 τούτοις
1638 4519 1993 4590 θηρευθέντα,

2102 4495 2298 4573 canon.
2344 4536 2361 4568 ι
2393 4517 2531 4571 Τιιιιι
2563 4518 2652 4571 ille
2686 4535 2698 4571 :
2740 4537 2755 4570 t
2792 4518 2957 4587 Atqui
3006 4519 3051 4571 is
3102 4533 3212 4571 non
3259 4518 3542 4581 Ecclesiae,
3581 4522 3677 4573 sed

417 4630 504 4683 ἵνα
534 4627 611 4700 μὴ
644 4622 948 4696 φωραθεῖεν
978 4621 1129 4680 ὄντες
1164 4617 1350 4683 κακοὶ,
1409 4615 1745 4681 ἀνεξέταστα
1801 4612 1995 4678 διαμέ-

321 4720 330 4729 ’
417 4737 548 4773 νειν.
588 4736 607 4768 ι
643 4714 786 4785 [Ιρδς
824 4710 999 4765 ταῦτα
1039 4708 1247 4760 ἐκεῖνοι
1285 4704 1454 4775 μηδὲν
1490 4702 1992 4770 ἀπολογησάμενοι,

417 4810 517 4879 τήν
543 4807 643 4878 τῆς
677 4801 1051 4872 καθαιρέσεως
1084 4798 1268 4869 ψῆφον
1309 4793 1639 4866 ἐξήνεγκαν.
1670 4791 1910 4854 Ἐκεῖνος
1937 4790 1995 4844 (Σὲ

416 4903 487 4956 τὰ
508 4900 738 4964 δόξαντα
761 4895 988 4955 ἐκείνοις
1014 4908 1079 4961 με
1090 4890 1378 4959 μαθηκὼς,
1400 4886 1588 4940 οὐκέτι
1607 4884 1993 4954 ὲκκλησίαζεν,

417 4995 531 5048 ἀλλ’
567 4997 622 5046 ὲν
652 4990 729 5062 τῷ
756 4985 1098 5054 ἐπισκοπείῳ
1142 4982 1346 5052 ὴρέμει
1379 4977 1666 5033 διατελῶν.
1699 4977 1996 5047 Δηγούσης

417 5084 474 5138 δὲ
508 5083 607 5151 τῆς
630 5075 1112 5147 Τεσσαρακοστῆς,
1151 5068 1272 5125 κατ’
1305 5069 1477 5136 αὐτὴν
1501 5066 1600 5137 τὴν
1630 5065 1722 5120 τοῦ
1753 5065 1995 5134 μεγάλου

418 5176 701 5229 Στδῦάτου
734 5171 949 5241 ἡμέραν
978 5164 1198 5234 πέμψας
1228 5162 1433 5229 ἐμήνυε
1466 5157 1720 5228 βασιλεὺς
1748 5157 1994 5226 Ἰωάννῃ.

410 5269 667 5320 κατιέναι
712 5261 806 5314 τοῦ
840 5257 1030 5329 θρόνου
1058 5254 1162 5306 ὑπὸ
1198 5250 1439 5305 συνόδων
1468 5249 1571 5321 ήδη
1621 5247 1999 5318 καθῃρημένῳ

417 5361 584 5414 δυεῖν.
656 5355 713 5408 '0
760 5354 817 5407 δὲ
869 5351 1069 5422 μέγας,
1114 5364 1157 5406 νι
1195 5343 1341 5412 Ἐγὼ
1392 5339 1695 5411 παρὰ’τόῦ
1745 5340 1998 5410 Σωτῆρος

421 5448 725 5517 ἱερατεύειν
772 5443 1010 5514 κληθεὶς,
1033 5440 1093 5492 ού
1145 5435 1397 5508 μεθήσω,
1435 5433 1612 5500 λέγει,
1649 5430 1742 5483 τὸν
1785 5430 1999 5499 θρόνον.

420 5544 484 5599 El
515 5526 570 5596 δέ
597 5559 678 5594 σοι
709 5538 865 5593 τοῦτο
892 5534 1034 5587 κιτὰ
1060 5533 1314 5601 γνώμην,
1347 5521 1395 5580 ὦ
1425 5524 1677 5596 βασιλεῦ,
1706 5525 1842 5593 πρὸς
1878 5523 2019 5591 βίαν.

424 5653 493 5708 με
517 5635 739 5701 ἒξωσον.
773 5649 793 5683 ι
836 5627 1065 5680 Ἐκεῖνοι
1092 5623 1149 5674 δὲ
1175 5620 1483 5680 δεδοικότες
1512 5617 1589 5687 μή
1622 5632 1675 5669 τι
1707 5612 1864 5676 αὖθις
1894 5614 2003 5708 δει-

420 5707 510 5784 νὸν
538 5725 864 5795 ἐπιγένοιτο,
896 5720 1034 5781 τέως
1073 5715 1149 5786 τῷ
1180 5711 1518 5781 καταγωγίῳ
1543 5709 1639 5763 καὶ
1677 5707 1757 5762 ἔτι
1791 5707 2000 5778 διατρί-

425 5822 540 5875 ϐειν
570 5820 781 5873 εἴασαν.
845 5809 1089 5866 Ἑκείνου
1122 5806 1178 5859 δὲ
1209 5805 1282 5874 τῇ
1314 5802 1589 5871 ἐπισκοπῇ
1635 5797 1996 5869 ἠρεμοῦντος,

2099 4611 2426 4666 Arianorum
2457 4621 2541 4664 est
2572 4626 2772 4673 canon,
2800 4614 2891 4681 qui
2925 4626 3050 4665 cum
3077 4611 3385 4665 Antiochia:
3411 4612 3681 4667 adversus

2101 4703 2415 4771 ὁμοουσίον,
2450 4701 2958 4770 consubstantialis,
2995 4703 3119 4756 ﬁdei
3143 4701 3537 4773 professionem
3583 4702 3687 4757 de-

2099 4804 2399 4858 certarent,
2429 4802 2485 4848 et
2522 4793 2823 4849 Athanasio
2858 4811 2956 4864 per
2995 4795 3411 4867 schphantiam
3440 4796 3682 4851 circum-

2099 4896 2266 4942 vento
2322 4884 2626 4940 Ecclesiam
2655 4884 3085 4963 Alexandrinam
3127 4887 3457 4947 adimerent.
3493 4902 3685 4941 rerum

2098 4976 2461 5031 mutationem
2493 4976 2682 5041 veriti,
2708 4991 2975 5031 canonem
3008 4978 3170 5032 istum
3200 4978 3497 5033 ediderunt
3525 4994 3541 5031 :
3577 4980 3683 5032 hoc

2100 5069 2374 5139 prmcipue
2418 5082 2616 5138 magno
2661 5068 2846 5123 studio
2894 5078 3141 5140 agentes,
3201 5079 3261 5126 ut
3301 5086 3367 5125 ea
3418 5085 3540 5140 quae
3576 5067 3686 5138 ipsi

2100 5170 2295 5214 contra
2321 5159 2472 5213 illum
2511 5159 2779 5215 insidiose
2818 5161 3115 5215 machinati
3146 5162 3384 5225 fuerant,
3428 5178 3495 5216 ne
3533 5160 3684 5215 scili-

2101 5261 2189 5305 cet
2217 5252 2424 5306 malitia
2462 5268 2669 5324 eorum
2693 5262 2747 5308 et
2789 5256 3112 5325 improbitas
3142 5255 3681 5325 deprehenderetur,

2101 5340 2157 5392 tu
2206 5323 2667 5409 disquisitionem
2707 5323 2815 5395 non
2862 5323 3226 5398 vocarentur;
3259 5363 3279 5396 ι
3312 5345 3513 5398 Contra
3564 5342 3690 5398 hate

2101 5432 2268 5487 verba
2299 5431 2374 5485 illi
2406 5447 2528 5486 cum
2564 5432 2698 5485 nihil
2732 5433 3019 5499 dixissent,
3049 5437 3521 5492 condemnationis
3554 5453 3687 5492 sen-

2105 5524 2332 5579 tentiam
2366 5524 2418 5577 in
2452 5540 2576 5577 eum
2607 5525 2803 5581 tulere.
2835 5526 2930 5580 Ille
2958 5529 3181 5584 decreto
3207 5545 3401 5583 eorum
3432 5531 3681 5601 cognito,

2102 5630 2410 5674 conventus
2463 5622 2515 5673 in
2565 5621 2807 5675 ecclesia
2848 5622 3086 5690 amplius
3139 5636 3247 5675 non
3301 5620 3436 5691 egit,
3490 5622 3587 5675 sed
3626 5623 3687 5674 in

2103 5712 2407 5781 episcopali
2449 5711 2612 5764 domo
2641 5713 2841 5766 tacitus
2879 5713 3200 5782 permansit.
3239 5712 3690 5783 Quadragesintte

2107 5819 2235 5857 vero
2267 5805 2461 5859 diebus
2489 5803 2724 5872 exactis,
2752 5803 2872 5875 ipso
2906 5806 3084 5876 magni
3133 5805 3365 5863 ΞΛΜ)εηί
3406 5805 3525 5873 die,
3554 5804 3687 5859 tuis-
