  <div class='ocr_page' id='page_1' title='image "/cluster/home/n/w/nwhite01/storage/ocr_20150623/146:no.2/coo.31924054870518/505.png"; bbox 0 0 4044 6452; ppageno 0'>
   <div class='ocr_carea' id='block_1_1' title="bbox 408 377 514 443">
    <p class='ocr_par' dir='ltr' id='par_1_1' title="bbox 408 377 514 443">
     <span class='ocr_line' id='line_1_1' title="bbox 408 377 514 443; baseline -0.028 1"><span class='ocrx_word' id='word_1_1' title='bbox 408 377 514 443; x_wconf 83' lang='grc'><strong>995</strong></span> 
     </span>
    </p>
   </div>
   <div class='ocr_carea' id='block_1_2' title="bbox 1630 377 2446 440">
    <p class='ocr_par' dir='ltr' id='par_1_2' title="bbox 1630 377 2446 440">
     <span class='ocr_line' id='line_1_2' title="bbox 1630 377 2446 440; baseline -0.002 0"><span class='ocrx_word' id='word_1_2' title='bbox 1630 377 2056 440; x_wconf 77' lang='lat' dir='ltr'><strong>NICEPIIORI</strong></span> <span class='ocrx_word' id='word_1_3' title='bbox 2097 377 2446 440; x_wconf 73' lang='lat' dir='ltr'><strong>CALLlS‘l‘l</strong></span> 
     </span>
    </p>
   </div>
   <div class='ocr_carea' id='block_1_3' title="bbox 3581 375 3688 445">
    <p class='ocr_par' dir='ltr' id='par_1_3' title="bbox 3581 375 3688 445">
     <span class='ocr_line' id='line_1_3' title="bbox 3581 375 3688 445; baseline -0.028 0"><span class='ocrx_word' id='word_1_4' title='bbox 3581 375 3688 445; x_wconf 81' lang='lat'><strong>996</strong></span> 
     </span>
    </p>
   </div>
   <div class='ocr_carea' id='block_1_4' title="bbox 404 487 1981 572">
    <p class='ocr_par' dir='ltr' id='par_1_4' title="bbox 404 489 1981 563">
     <span class='ocr_line' id='line_1_4' title="bbox 404 489 1981 563; baseline -0.001 -15"><span class='ocrx_word' id='word_1_5' title='bbox 404 495 484 548; x_wconf 85' lang='lat' dir='ltr'><strong>sis</strong></span> <span class='ocrx_word' id='word_1_6' title='bbox 516 491 584 547; x_wconf 89' lang='lat' dir='ltr'><strong>ad</strong></span> <span class='ocrx_word' id='word_1_7' title='bbox 633 489 902 548; x_wconf 70' lang='lat' dir='ltr'><strong>Joannem</strong></span> <span class='ocrx_word' id='word_1_8' title='bbox 946 490 1301 562; x_wconf 88' lang='lat' dir='ltr'><strong>quihusdam,</strong></span> <span class='ocrx_word' id='word_1_9' title='bbox 1355 492 1658 563; x_wconf 77' lang='lat' dir='ltr'><strong>imperator</strong></span> <span class='ocrx_word' id='word_1_10' title='bbox 1705 494 1780 558; x_wconf 93' lang='lat' dir='ltr'><strong>ci,</strong></span> <span class='ocrx_word' id='word_1_11' title='bbox 1829 502 1891 548; x_wconf 91' lang='lat' dir='ltr'><strong>ut</strong></span> <span class='ocrx_word' id='word_1_12' title='bbox 1934 492 1981 548; x_wconf 75' lang='grc' dir='ltr'>ἀι</span> 
     </span>
    </p>
   </div>
   <div class='ocr_carea' id='block_1_5' title="bbox 2087 487 3688 572">
    <p class='ocr_par' dir='ltr' id='par_1_5' title="bbox 2105 487 3688 572">
     <span class='ocr_line' id='line_1_5' title="bbox 2105 487 3688 572; baseline 0.003 -24"><span class='ocrx_word' id='word_1_13' title='bbox 2105 497 2153 550; x_wconf 82' lang='grc' dir='ltr'><strong>οἱ</strong></span> <span class='ocrx_word' id='word_1_14' title='bbox 2179 495 2328 566; x_wconf 81' lang='grc' dir='ltr'>αὐτῷ</span> <span class='ocrx_word' id='word_1_15' title='bbox 2372 495 2768 566; x_wconf 75' lang='grc' dir='ltr'>προσκείμενοι</span> <span class='ocrx_word' id='word_1_16' title='bbox 2819 494 2920 566; x_wconf 82' lang='grc' dir='ltr'>τῆς</span> <span class='ocrx_word' id='word_1_17' title='bbox 2958 493 3256 567; x_wconf 76' lang='grc' dir='ltr'><strong>ἐκκλησίας</strong></span> <span class='ocrx_word' id='word_1_18' title='bbox 3292 487 3688 572; x_wconf 72' lang='grc' dir='ltr'>ἀναχωρήσαν-</span> 
     </span>
    </p>
   </div>
   <div class='ocr_carea' id='block_1_6' title="bbox 409 584 1998 656">
    <p class='ocr_par' dir='ltr' id='par_1_6' title="bbox 409 584 1998 656">
     <span class='ocr_line' id='line_1_6' title="bbox 409 584 1998 656; baseline 0.001 -16"><span class='ocrx_word' id='word_1_19' title='bbox 409 585 609 640; x_wconf 87' lang='lat' dir='ltr'><strong>throno</strong></span> <span class='ocrx_word' id='word_1_20' title='bbox 647 584 867 639; x_wconf 88' lang='lat' dir='ltr'><strong>tandem</strong></span> <span class='ocrx_word' id='word_1_21' title='bbox 902 599 929 637; x_wconf 90' lang='lat' dir='ltr'><strong>a</strong></span> <span class='ocrx_word' id='word_1_22' title='bbox 960 584 1176 641; x_wconf 87' lang='lat' dir='ltr'><strong>duabus</strong></span> <span class='ocrx_word' id='word_1_23' title='bbox 1209 585 1439 656; x_wconf 81' lang='lat' dir='ltr'><strong>synodis</strong></span> <span class='ocrx_word' id='word_1_24' title='bbox 1473 596 1863 640; x_wconf 77' lang='lat' dir='ltr'><strong>exauctoratus</strong></span> <span class='ocrx_word' id='word_1_25' title='bbox 1902 587 1998 641; x_wconf 82' lang='lat' dir='ltr'><strong>de-</strong></span> 
     </span>
    </p>
   </div>
   <div class='ocr_carea' id='block_1_7' title="bbox 404 671 1992 747">
    <p class='ocr_par' dir='ltr' id='par_1_7' title="bbox 404 671 1992 747">
     <span class='ocr_line' id='line_1_7' title="bbox 404 671 1992 747; baseline 0.001 -19"><span class='ocrx_word' id='word_1_26' title='bbox 404 676 719 739; x_wconf 88' lang='lat' dir='ltr'><strong>sccnderet,</strong></span> <span class='ocrx_word' id='word_1_27' title='bbox 774 671 1124 744; x_wconf 86' lang='lat' dir='ltr'><strong>significavit.</strong></span> <span class='ocrx_word' id='word_1_28' title='bbox 1187 675 1264 730; x_wconf 93' lang='lat' dir='ltr'><strong>lbi</strong></span> <span class='ocrx_word' id='word_1_29' title='bbox 1315 691 1550 747; x_wconf 83' lang='lat' dir='ltr'><strong>magnus</strong></span> <span class='ocrx_word' id='word_1_30' title='bbox 1598 677 1692 732; x_wconf 91' lang='lat' dir='ltr'><strong>ille</strong></span> <span class='ocrx_word' id='word_1_31' title='bbox 1741 677 1827 730; x_wconf 92' lang='lat' dir='ltr'><strong>vir</strong></span> <span class='ocrx_word' id='word_1_32' title='bbox 1869 676 1992 746; x_wconf 79' lang='lat' dir='ltr'><strong>(i):</strong></span> 
     </span>
    </p>
   </div>
   <div class='ocr_carea' id='block_1_8' title="bbox 411 766 1998 839">
    <p class='ocr_par' dir='ltr' id='par_1_8' title="bbox 411 766 1998 839">
     <span class='ocr_line' id='line_1_8' title="bbox 411 766 1998 839; baseline 0.004 -21"><span class='ocrx_word' id='word_1_33' title='bbox 411 784 431 817; x_wconf 78' lang='grc' dir='ltr'><strong>ι</strong></span> <span class='ocrx_word' id='word_1_34' title='bbox 476 766 608 837; x_wconf 84' lang='lat' dir='ltr'><strong>Ego,</strong></span> <span class='ocrx_word' id='word_1_35' title='bbox 645 767 849 836; x_wconf 89' lang='lat' dir='ltr'><strong>inquit,</strong></span> <span class='ocrx_word' id='word_1_36' title='bbox 896 782 926 821; x_wconf 90' lang='lat' dir='ltr'><strong>a</strong></span> <span class='ocrx_word' id='word_1_37' title='bbox 976 767 1272 825; x_wconf 88' lang='lat' dir='ltr'><strong>Servatore</strong></span> <span class='ocrx_word' id='word_1_38' title='bbox 1315 770 1382 824; x_wconf 87' lang='lat' dir='ltr'><strong>ad</strong></span> <span class='ocrx_word' id='word_1_39' title='bbox 1442 769 1758 839; x_wconf 86' lang='lat' dir='ltr'><strong>episcopale</strong></span> <span class='ocrx_word' id='word_1_40' title='bbox 1791 785 1998 825; x_wconf 76' lang='lat' dir='ltr'><strong>mimus</strong></span> 
     </span>
    </p>
   </div>
   <div class='ocr_carea' id='block_1_9' title="bbox 405 858 1995 932">
    <p class='ocr_par' dir='ltr' id='par_1_9' title="bbox 405 858 1995 932">
     <span class='ocr_line' id='line_1_9' title="bbox 405 858 1995 932; baseline 0.004 -21"><span class='ocrx_word' id='word_1_41' title='bbox 405 867 658 925; x_wconf 84' lang='lat' dir='ltr'><strong>vocatus,</strong></span> <span class='ocrx_word' id='word_1_42' title='bbox 691 858 950 914; x_wconf 87' lang='lat' dir='ltr'><strong>thronum</strong></span> <span class='ocrx_word' id='word_1_43' title='bbox 983 875 1094 915; x_wconf 90' lang='lat' dir='ltr'><strong>non</strong></span> <span class='ocrx_word' id='word_1_44' title='bbox 1130 861 1437 932; x_wconf 87' lang='lat' dir='ltr'><strong>relinquam</strong></span> <span class='ocrx_word' id='word_1_45' title='bbox 1474 861 1576 931; x_wconf 76' lang='lat'><strong>(2).</strong></span> <span class='ocrx_word' id='word_1_46' title='bbox 1611 864 1680 915; x_wconf 81' lang='lat' dir='ltr'><strong>At</strong></span> <span class='ocrx_word' id='word_1_47' title='bbox 1718 862 1765 916; x_wconf 90' lang='lat' dir='ltr'><strong>si</strong></span> <span class='ocrx_word' id='word_1_48' title='bbox 1805 861 1926 926; x_wconf 92' lang='lat' dir='ltr'><strong>tibi,</strong></span> <span class='ocrx_word' id='word_1_49' title='bbox 1961 876 1995 917; x_wconf 94' lang='grc' dir='ltr'><strong>ο</strong></span> 
     </span>
    </p>
   </div>
   <div class='ocr_carea' id='block_1_10' title="bbox 406 949 1986 1019">
    <p class='ocr_par' dir='ltr' id='par_1_10' title="bbox 406 949 1986 1019">
     <span class='ocr_line' id='line_1_10' title="bbox 406 949 1986 1019; baseline 0.001 -17"><span class='ocrx_word' id='word_1_50' title='bbox 406 949 732 1019; x_wconf 85' lang='lat' dir='ltr'><strong>imperator,</strong></span> <span class='ocrx_word' id='word_1_51' title='bbox 764 951 870 1006; x_wconf 86' lang='lat' dir='ltr'><strong>hoc</strong></span> <span class='ocrx_word' id='word_1_52' title='bbox 899 953 972 1006; x_wconf 90' lang='lat' dir='ltr'><strong>ita</strong></span> <span class='ocrx_word' id='word_1_53' title='bbox 993 952 1172 1006; x_wconf 84' lang='lat' dir='ltr'><strong>visum</strong></span> <span class='ocrx_word' id='word_1_54' title='bbox 1197 961 1308 1019; x_wconf 89' lang='lat' dir='ltr'><strong>est,</strong></span> <span class='ocrx_word' id='word_1_55' title='bbox 1330 953 1383 1007; x_wconf 88' lang='lat' dir='ltr'><strong>vi</strong></span> <span class='ocrx_word' id='word_1_56' title='bbox 1415 969 1500 1009; x_wconf 89' lang='lat' dir='ltr'><strong>me</strong></span> <span class='ocrx_word' id='word_1_57' title='bbox 1529 953 1934 1018; x_wconf 83' lang='lat' dir='ltr'><strong>indedeturba.</strong></span> <span class='ocrx_word' id='word_1_58' title='bbox 1967 970 1986 1004; x_wconf 71' lang='grc' dir='ltr'><strong>ι</strong></span> 
     </span>
    </p>
   </div>
   <div class='ocr_carea' id='block_1_11' title="bbox 404 1043 1990 1117">
    <p class='ocr_par' dir='ltr' id='par_1_11' title="bbox 404 1043 1990 1117">
     <span class='ocr_line' id='line_1_11' title="bbox 404 1043 1990 1117; baseline 0.006 -23"><span class='ocrx_word' id='word_1_59' title='bbox 404 1043 490 1098; x_wconf 91' lang='lat' dir='ltr'><strong>llli</strong></span> <span class='ocrx_word' id='word_1_60' title='bbox 541 1060 694 1110; x_wconf 89' lang='lat' dir='ltr'><strong>vero,</strong></span> <span class='ocrx_word' id='word_1_61' title='bbox 747 1061 814 1100; x_wconf 88' lang='lat' dir='ltr'><strong>ne</strong></span> <span class='ocrx_word' id='word_1_62' title='bbox 865 1061 1032 1116; x_wconf 89' lang='lat' dir='ltr'><strong>grave</strong></span> <span class='ocrx_word' id='word_1_63' title='bbox 1079 1046 1379 1117; x_wconf 82' lang='lat' dir='ltr'><strong>quidquam</strong></span> <span class='ocrx_word' id='word_1_64' title='bbox 1436 1062 1636 1102; x_wconf 89' lang='lat' dir='ltr'><strong>rursus</strong></span> <span class='ocrx_word' id='word_1_65' title='bbox 1685 1047 1990 1114; x_wconf 88' lang='lat' dir='ltr'><strong>accideret,</strong></span> 
     </span>
    </p>
   </div>
   <div class='ocr_carea' id='block_1_12' title="bbox 403 1138 1992 1208">
    <p class='ocr_par' dir='ltr' id='par_1_12' title="bbox 403 1138 1992 1208">
     <span class='ocr_line' id='line_1_12' title="bbox 403 1138 1992 1208; baseline 0.004 -19"><span class='ocrx_word' id='word_1_66' title='bbox 403 1144 740 1200; x_wconf 87' lang='lat' dir='ltr'><strong>metuentes,</strong></span> <span class='ocrx_word' id='word_1_67' title='bbox 765 1145 879 1191; x_wconf 91' lang='lat' dir='ltr'><strong>tum</strong></span> <span class='ocrx_word' id='word_1_68' title='bbox 913 1138 1139 1208; x_wconf 89' lang='lat' dir='ltr'><strong>quidem</strong></span> <span class='ocrx_word' id='word_1_69' title='bbox 1171 1155 1299 1193; x_wconf 92' lang='lat' dir='ltr'><strong>cum</strong></span> <span class='ocrx_word' id='word_1_70' title='bbox 1351 1139 1404 1193; x_wconf 93' lang='lat' dir='ltr'><strong>in</strong></span> <span class='ocrx_word' id='word_1_71' title='bbox 1453 1139 1736 1194; x_wconf 90' lang='lat' dir='ltr'><strong>domicilio</strong></span> <span class='ocrx_word' id='word_1_72' title='bbox 1766 1155 1992 1195; x_wconf 84' lang='lat' dir='ltr'><strong>manere</strong></span> 
     </span>
    </p>
   </div>
   <div class='ocr_carea' id='block_1_13' title="bbox 403 1228 1990 1302">
    <p class='ocr_par' dir='ltr' id='par_1_13' title="bbox 403 1228 1990 1302">
     <span class='ocr_line' id='line_1_13' title="bbox 403 1228 1990 1302; baseline 0.004 -22"><span class='ocrx_word' id='word_1_73' title='bbox 403 1228 551 1298; x_wconf 85' lang='lat' dir='ltr'><strong>passi</strong></span> <span class='ocrx_word' id='word_1_74' title='bbox 595 1239 744 1283; x_wconf 90' lang='lat' dir='ltr'><strong>sunt.</strong></span> <span class='ocrx_word' id='word_1_75' title='bbox 783 1229 924 1284; x_wconf 91' lang='lat' dir='ltr'><strong>Cum</strong></span> <span class='ocrx_word' id='word_1_76' title='bbox 969 1240 1152 1284; x_wconf 90' lang='lat' dir='ltr'><strong>autem</strong></span> <span class='ocrx_word' id='word_1_77' title='bbox 1205 1231 1324 1301; x_wconf 88' lang='lat' dir='ltr'><strong>ipse</strong></span> <span class='ocrx_word' id='word_1_78' title='bbox 1360 1233 1413 1286; x_wconf 91' lang='lat' dir='ltr'><strong>in</strong></span> <span class='ocrx_word' id='word_1_79' title='bbox 1446 1231 1769 1300; x_wconf 85' lang='lat' dir='ltr'><strong>episcopatu</strong></span> <span class='ocrx_word' id='word_1_80' title='bbox 1802 1233 1990 1302; x_wconf 87' lang='lat' dir='ltr'><strong>quiete</strong></span> 
     </span>
    </p>
   </div>
   <div class='ocr_carea' id='block_1_14' title="bbox 403 1323 1992 1394">
    <p class='ocr_par' dir='ltr' id='par_1_14' title="bbox 403 1323 1992 1394">
     <span class='ocr_line' id='line_1_14' title="bbox 403 1323 1992 1394; baseline 0.004 -21"><span class='ocrx_word' id='word_1_81' title='bbox 403 1331 616 1389; x_wconf 75' lang='lat' dir='ltr'><strong>ageret,</strong></span> <span class='ocrx_word' id='word_1_82' title='bbox 653 1324 747 1391; x_wconf 92' lang='lat' dir='ltr'><strong>qui</strong></span> <span class='ocrx_word' id='word_1_83' title='bbox 778 1323 1020 1392; x_wconf 90' lang='lat' dir='ltr'><strong>partium</strong></span> <span class='ocrx_word' id='word_1_84' title='bbox 1056 1325 1178 1394; x_wconf 87' lang='lat' dir='ltr'><strong>ejus</strong></span> <span class='ocrx_word' id='word_1_85' title='bbox 1209 1333 1390 1389; x_wconf 90' lang='lat' dir='ltr'><strong>erant,</strong></span> <span class='ocrx_word' id='word_1_86' title='bbox 1437 1327 1506 1379; x_wconf 91' lang='lat' dir='ltr'><strong>ab</strong></span> <span class='ocrx_word' id='word_1_87' title='bbox 1553 1325 1808 1388; x_wconf 80' lang='lat' dir='ltr'><strong>ecclesia,</strong></span> <span class='ocrx_word' id='word_1_88' title='bbox 1844 1327 1992 1380; x_wconf 87' lang='lat' dir='ltr'><strong>unde</strong></span> 
     </span>
    </p>
   </div>
   <div class='ocr_carea' id='block_1_15' title="bbox 402 1414 1987 1488">
    <p class='ocr_par' dir='ltr' id='par_1_15' title="bbox 402 1414 1987 1488">
     <span class='ocr_line' id='line_1_15' title="bbox 402 1414 1987 1488; baseline 0.004 -23"><span class='ocrx_word' id='word_1_89' title='bbox 402 1415 560 1484; x_wconf 74' lang='lat' dir='ltr'><strong>ejecti</strong></span> <span class='ocrx_word' id='word_1_90' title='bbox 600 1414 840 1480; x_wconf 81' lang='lat' dir='ltr'><strong>fuerant,</strong></span> <span class='ocrx_word' id='word_1_91' title='bbox 875 1414 1225 1482; x_wconf 87' lang='lat' dir='ltr'><strong>secedentes,</strong></span> <span class='ocrx_word' id='word_1_92' title='bbox 1256 1417 1424 1473; x_wconf 81' lang='lat' dir='ltr'><strong>ferias</strong></span> <span class='ocrx_word' id='word_1_93' title='bbox 1459 1418 1755 1473; x_wconf 87' lang='lat' dir='ltr'><strong>Paschales</strong></span> <span class='ocrx_word' id='word_1_94' title='bbox 1790 1418 1846 1472; x_wconf 92' lang='lat' dir='ltr'><strong>in</strong></span> <span class='ocrx_word' id='word_1_95' title='bbox 1881 1434 1987 1488; x_wconf 88' lang='lat' dir='ltr'><strong>pu-</strong></span> 
     </span>
    </p>
   </div>
   <div class='ocr_carea' id='block_1_16' title="bbox 405 1507 1993 1576">
    <p class='ocr_par' dir='ltr' id='par_1_16' title="bbox 405 1507 1993 1576">
     <span class='ocr_line' id='line_1_16' title="bbox 405 1507 1993 1576; baseline 0.003 -16"><span class='ocrx_word' id='word_1_96' title='bbox 405 1507 553 1560; x_wconf 82' lang='lat' dir='ltr'><strong>blico</strong></span> <span class='ocrx_word' id='word_1_97' title='bbox 583 1508 825 1572; x_wconf 84' lang='lat' dir='ltr'><strong>lavacro,</strong></span> <span class='ocrx_word' id='word_1_98' title='bbox 853 1508 944 1562; x_wconf 93' lang='lat' dir='ltr'><strong>cui</strong></span> <span class='ocrx_word' id='word_1_99' title='bbox 977 1508 1440 1564; x_wconf 88' lang='lat' dir='ltr'><strong>Constantianum</strong></span> <span class='ocrx_word' id='word_1_100' title='bbox 1474 1525 1677 1564; x_wconf 88' lang='lat' dir='ltr'><strong>nomen</strong></span> <span class='ocrx_word' id='word_1_101' title='bbox 1716 1519 1819 1576; x_wconf 88' lang='lat' dir='ltr'><strong>est,</strong></span> <span class='ocrx_word' id='word_1_102' title='bbox 1847 1511 1993 1565; x_wconf 89' lang='lat' dir='ltr'><strong>cele-</strong></span> 
     </span>
    </p>
   </div>
   <div class='ocr_carea' id='block_1_17' title="bbox 405 1599 1988 1672">
    <p class='ocr_par' dir='ltr' id='par_1_17' title="bbox 405 1599 1988 1672">
     <span class='ocr_line' id='line_1_17' title="bbox 405 1599 1988 1672; baseline 0.003 -20"><span class='ocrx_word' id='word_1_103' title='bbox 405 1599 635 1652; x_wconf 85' lang='lat' dir='ltr'><strong>hraruul</strong></span> <span class='ocrx_word' id='word_1_104' title='bbox 661 1601 760 1669; x_wconf 78' lang='lat'><strong>(5).</strong></span> <span class='ocrx_word' id='word_1_105' title='bbox 786 1600 920 1654; x_wconf 83' lang='lat' dir='ltr'><strong>Cum</strong></span> <span class='ocrx_word' id='word_1_106' title='bbox 953 1601 1155 1670; x_wconf 86' lang='lat' dir='ltr'><strong>quibus</strong></span> <span class='ocrx_word' id='word_1_107' title='bbox 1182 1602 1425 1672; x_wconf 87' lang='lat' dir='ltr'><strong>episcopi</strong></span> <span class='ocrx_word' id='word_1_108' title='bbox 1459 1601 1641 1666; x_wconf 92' lang='lat' dir='ltr'><strong>multi,</strong></span> <span class='ocrx_word' id='word_1_109' title='bbox 1670 1611 1726 1657; x_wconf 90' lang='lat' dir='ltr'><strong>et</strong></span> <span class='ocrx_word' id='word_1_110' title='bbox 1759 1602 1988 1672; x_wconf 86' lang='lat' dir='ltr'><strong>presby-</strong></span> 
     </span>
    </p>
   </div>
   <div class='ocr_carea' id='block_1_18' title="bbox 407 1692 1990 1764">
    <p class='ocr_par' dir='ltr' id='par_1_18' title="bbox 407 1692 1990 1764">
     <span class='ocr_line' id='line_1_18' title="bbox 407 1692 1990 1764; baseline 0.003 -20"><span class='ocrx_word' id='word_1_111' title='bbox 407 1692 546 1757; x_wconf 85' lang='lat' dir='ltr'><strong>teri,</strong></span> <span class='ocrx_word' id='word_1_112' title='bbox 585 1693 790 1758; x_wconf 82' lang='lat' dir='ltr'><strong>aliique</strong></span> <span class='ocrx_word' id='word_1_113' title='bbox 829 1694 1188 1748; x_wconf 83' lang='lat' dir='ltr'><strong>ecclesiastici</strong></span> <span class='ocrx_word' id='word_1_114' title='bbox 1230 1694 1478 1757; x_wconf 90' lang='lat' dir='ltr'><strong>ordinis,</strong></span> <span class='ocrx_word' id='word_1_115' title='bbox 1518 1695 1588 1748; x_wconf 89' lang='lat' dir='ltr'><strong>ab</strong></span> <span class='ocrx_word' id='word_1_116' title='bbox 1631 1709 1698 1748; x_wconf 89' lang='lat' dir='ltr'><strong>eo</strong></span> <span class='ocrx_word' id='word_1_117' title='bbox 1739 1704 1990 1764; x_wconf 89' lang='lat' dir='ltr'><strong>tempore</strong></span> 
     </span>
    </p>
   </div>
   <div class='ocr_carea' id='block_1_19' title="bbox 401 1785 1990 1858">
    <p class='ocr_par' dir='ltr' id='par_1_19' title="bbox 401 1785 1990 1858">
     <span class='ocr_line' id='line_1_19' title="bbox 401 1785 1990 1858; baseline 0.002 -20"><span class='ocrx_word' id='word_1_118' title='bbox 401 1785 571 1841; x_wconf 87' lang='lat' dir='ltr'><strong>variis</strong></span> <span class='ocrx_word' id='word_1_119' title='bbox 596 1786 650 1839; x_wconf 92' lang='lat' dir='ltr'><strong>in</strong></span> <span class='ocrx_word' id='word_1_120' title='bbox 674 1786 813 1842; x_wconf 89' lang='lat' dir='ltr'><strong>locis</strong></span> <span class='ocrx_word' id='word_1_121' title='bbox 841 1798 1150 1843; x_wconf 86' lang='lat' dir='ltr'><strong>conventus</strong></span> <span class='ocrx_word' id='word_1_122' title='bbox 1178 1797 1424 1858; x_wconf 86' lang='lat' dir='ltr'><strong>agentes,</strong></span> <span class='ocrx_word' id='word_1_123' title='bbox 1446 1787 1718 1844; x_wconf 63' lang='lat' dir='ltr'><strong>Joannitae</strong></span> <span class='ocrx_word' id='word_1_124' title='bbox 1740 1797 1870 1842; x_wconf 89' lang='lat' dir='ltr'><strong>sunt</strong></span> <span class='ocrx_word' id='word_1_125' title='bbox 1895 1802 1990 1842; x_wconf 91' lang='lat' dir='ltr'><strong>co-</strong></span> 
     </span>
    </p>
   </div>
   <div class='ocr_carea' id='block_1_20' title="bbox 402 1878 1992 1950">
    <p class='ocr_par' dir='ltr' id='par_1_20' title="bbox 402 1878 1992 1950">
     <span class='ocr_line' id='line_1_20' title="bbox 402 1878 1992 1950; baseline 0.003 -20"><span class='ocrx_word' id='word_1_126' title='bbox 402 1879 734 1948; x_wconf 83' lang='lat' dir='ltr'><strong>gnominati.</strong></span> <span class='ocrx_word' id='word_1_127' title='bbox 774 1878 942 1934; x_wconf 89' lang='lat' dir='ltr'><strong>Sacra</strong></span> <span class='ocrx_word' id='word_1_128' title='bbox 976 1894 1110 1934; x_wconf 88' lang='lat' dir='ltr'><strong>vero</strong></span> <span class='ocrx_word' id='word_1_129' title='bbox 1137 1893 1201 1935; x_wconf 90' lang='lat' dir='ltr'><strong>ea</strong></span> <span class='ocrx_word' id='word_1_130' title='bbox 1248 1889 1434 1944; x_wconf 91' lang='lat' dir='ltr'><strong>nocte,</strong></span> <span class='ocrx_word' id='word_1_131' title='bbox 1466 1895 1630 1950; x_wconf 89' lang='lat' dir='ltr'><strong>quam</strong></span> <span class='ocrx_word' id='word_1_132' title='bbox 1678 1880 1992 1935; x_wconf 89' lang='lat' dir='ltr'><strong>luculentus</strong></span> 
     </span>
    </p>
   </div>
   <div class='ocr_carea' id='block_1_21' title="bbox 402 1968 1990 2042">
    <p class='ocr_par' dir='ltr' id='par_1_21' title="bbox 402 1968 1990 2042">
     <span class='ocr_line' id='line_1_21' title="bbox 402 1968 1990 2042; baseline 0.003 -20"><span class='ocrx_word' id='word_1_133' title='bbox 402 1968 626 2023; x_wconf 76' lang='lat' dir='ltr'><strong>Pascha:</strong></span> <span class='ocrx_word' id='word_1_134' title='bbox 658 1968 918 2024; x_wconf 85' lang='lat' dir='ltr'><strong>feriarum</strong></span> <span class='ocrx_word' id='word_1_135' title='bbox 953 1969 1075 2024; x_wconf 91' lang='lat' dir='ltr'><strong>dies</strong></span> <span class='ocrx_word' id='word_1_136' title='bbox 1111 1971 1496 2040; x_wconf 88' lang='lat' dir='ltr'><strong>consequitur,</strong></span> <span class='ocrx_word' id='word_1_137' title='bbox 1543 1971 1847 2042; x_wconf 88' lang='lat' dir='ltr'><strong>imperator</strong></span> <span class='ocrx_word' id='word_1_138' title='bbox 1867 1972 1990 2042; x_wconf 82' lang='lat' dir='ltr'><strong>cpi-</strong></span> 
     </span>
    </p>
   </div>
   <div class='ocr_carea' id='block_1_22' title="bbox 402 2063 1989 2135">
    <p class='ocr_par' dir='ltr' id='par_1_22' title="bbox 402 2063 1989 2135">
     <span class='ocr_line' id='line_1_22' title="bbox 402 2063 1989 2135; baseline 0.002 -18"><span class='ocrx_word' id='word_1_139' title='bbox 402 2064 588 2135; x_wconf 83' lang='lat' dir='ltr'><strong>scopis</strong></span> <span class='ocrx_word' id='word_1_140' title='bbox 614 2065 962 2130; x_wconf 86' lang='lat' dir='ltr'><strong>convocatis,</strong></span> <span class='ocrx_word' id='word_1_141' title='bbox 999 2063 1136 2134; x_wconf 91' lang='lat' dir='ltr'><strong>quid</strong></span> <span class='ocrx_word' id='word_1_142' title='bbox 1170 2063 1324 2121; x_wconf 88' lang='lat' dir='ltr'><strong>facto</strong></span> <span class='ocrx_word' id='word_1_143' title='bbox 1352 2079 1494 2134; x_wconf 90' lang='lat' dir='ltr'><strong>opus</strong></span> <span class='ocrx_word' id='word_1_144' title='bbox 1530 2074 1703 2131; x_wconf 88' lang='lat' dir='ltr'><strong>esset,</strong></span> <span class='ocrx_word' id='word_1_145' title='bbox 1733 2077 1790 2120; x_wconf 89' lang='lat' dir='ltr'><strong>et</strong></span> <span class='ocrx_word' id='word_1_146' title='bbox 1827 2081 1894 2120; x_wconf 86' lang='lat' dir='ltr'><strong>an</strong></span> <span class='ocrx_word' id='word_1_147' title='bbox 1926 2081 1989 2120; x_wconf 89' lang='lat' dir='ltr'><strong>ea</strong></span> 
     </span>
    </p>
   </div>
   <div class='ocr_carea' id='block_1_23' title="bbox 402 2158 1992 2229">
    <p class='ocr_par' dir='ltr' id='par_1_23' title="bbox 402 2158 1992 2229">
     <span class='ocr_line' id='line_1_23' title="bbox 402 2158 1992 2229; baseline 0.001 -19"><span class='ocrx_word' id='word_1_148' title='bbox 402 2173 528 2228; x_wconf 71' lang='lat' dir='ltr'><strong>qua:</strong></span> <span class='ocrx_word' id='word_1_149' title='bbox 560 2158 640 2213; x_wconf 92' lang='lat' dir='ltr'><strong>sic</strong></span> <span class='ocrx_word' id='word_1_150' title='bbox 683 2171 1027 2228; x_wconf 82' lang='lat' dir='ltr'><strong>gererentur,</strong></span> <span class='ocrx_word' id='word_1_151' title='bbox 1060 2159 1172 2215; x_wconf 90' lang='lat' dir='ltr'><strong>Deo</strong></span> <span class='ocrx_word' id='word_1_152' title='bbox 1209 2159 1407 2228; x_wconf 89' lang='lat' dir='ltr'><strong>placita</strong></span> <span class='ocrx_word' id='word_1_153' title='bbox 1438 2165 1647 2224; x_wconf 88' lang='lat' dir='ltr'><strong>essent,</strong></span> <span class='ocrx_word' id='word_1_154' title='bbox 1679 2159 1992 2229; x_wconf 84' lang='lat' dir='ltr'><strong>interroga-</strong></span> 
     </span>
    </p>
   </div>
   <div class='ocr_carea' id='block_1_24' title="bbox 403 2249 1992 2316">
    <p class='ocr_par' dir='ltr' id='par_1_24' title="bbox 403 2249 1992 2316">
     <span class='ocr_line' id='line_1_24' title="bbox 403 2249 1992 2316; baseline 0.001 -13"><span class='ocrx_word' id='word_1_155' title='bbox 403 2251 501 2304; x_wconf 72' lang='lat' dir='ltr'><strong>vit.</strong></span> <span class='ocrx_word' id='word_1_156' title='bbox 535 2249 639 2316; x_wconf 86' lang='lat' dir='ltr'><strong>Qui</strong></span> <span class='ocrx_word' id='word_1_157' title='bbox 689 2266 799 2304; x_wconf 91' lang='lat' dir='ltr'><strong>uno</strong></span> <span class='ocrx_word' id='word_1_158' title='bbox 840 2265 936 2304; x_wconf 90' lang='lat' dir='ltr'><strong>ore</strong></span> <span class='ocrx_word' id='word_1_159' title='bbox 968 2250 1133 2306; x_wconf 87' lang='lat' dir='ltr'><strong>simul</strong></span> <span class='ocrx_word' id='word_1_160' title='bbox 1166 2266 1362 2306; x_wconf 89' lang='lat' dir='ltr'><strong>omnes</strong></span> <span class='ocrx_word' id='word_1_161' title='bbox 1401 2251 1787 2306; x_wconf 62' lang='lat' dir='ltr'><strong>exc-laniarunt</strong></span> <span class='ocrx_word' id='word_1_162' title='bbox 1823 2266 1836 2302; x_wconf 91' lang='lat'><strong>:</strong></span> <span class='ocrx_word' id='word_1_163' title='bbox 1876 2269 1894 2302; x_wconf 83' lang='grc' dir='ltr'><strong>ι</strong></span> <span class='ocrx_word' id='word_1_164' title='bbox 1934 2251 1992 2304; x_wconf 91' lang='lat' dir='ltr'><strong>In</strong></span> 
     </span>
    </p>
   </div>
   <div class='ocr_carea' id='block_1_25' title="bbox 402 2342 1994 2414">
    <p class='ocr_par' dir='ltr' id='par_1_25' title="bbox 402 2342 1994 2414">
     <span class='ocr_line' id='line_1_25' title="bbox 402 2342 1994 2414; baseline 0.001 -17"><span class='ocrx_word' id='word_1_165' title='bbox 402 2343 585 2412; x_wconf 79' lang='lat' dir='ltr'><strong>capita</strong></span> <span class='ocrx_word' id='word_1_166' title='bbox 617 2353 804 2398; x_wconf 88' lang='lat' dir='ltr'><strong>nostra</strong></span> <span class='ocrx_word' id='word_1_167' title='bbox 846 2343 1132 2414; x_wconf 86' lang='lat' dir='ltr'><strong>abrogatio</strong></span> <span class='ocrx_word' id='word_1_168' title='bbox 1178 2358 1276 2398; x_wconf 89' lang='lat' dir='ltr'><strong>seu</strong></span> <span class='ocrx_word' id='word_1_169' title='bbox 1326 2342 1722 2403; x_wconf 87' lang='lat' dir='ltr'><strong>condemnatio</strong></span> <span class='ocrx_word' id='word_1_170' title='bbox 1765 2343 1994 2400; x_wconf 78' lang='lat' dir='ltr'><strong>Joannis</strong></span> 
     </span>
    </p>
   </div>
   <div class='ocr_carea' id='block_1_26' title="bbox 2100 580 3687 657">
    <p class='ocr_par' dir='ltr' id='par_1_26' title="bbox 2100 580 3687 657">
     <span class='ocr_line' id='line_1_26' title="bbox 2100 580 3687 657; baseline 0.002 -19"><span class='ocrx_word' id='word_1_171' title='bbox 2100 603 2212 652; x_wconf 88' lang='grc' dir='ltr'>τες,</span> <span class='ocrx_word' id='word_1_172' title='bbox 2243 586 2300 639; x_wconf 75' lang='grc' dir='ltr'><strong>τδ</strong></span> <span class='ocrx_word' id='word_1_173' title='bbox 2333 587 2434 657; x_wconf 80' lang='grc' dir='ltr'><strong>μὲν</strong></span> <span class='ocrx_word' id='word_1_174' title='bbox 2462 585 2653 655; x_wconf 82' lang='grc' dir='ltr'>Πάσχα</span> <span class='ocrx_word' id='word_1_175' title='bbox 2683 585 2759 655; x_wconf 80' lang='grc' dir='ltr'>τῷ</span> <span class='ocrx_word' id='word_1_176' title='bbox 2787 585 3033 655; x_wconf 80' lang='grc' dir='ltr'><strong>δημοσίῳ</strong></span> <span class='ocrx_word' id='word_1_177' title='bbox 3062 584 3300 655; x_wconf 81' lang='grc' dir='ltr'><strong>λουτρῷ,</strong></span> <span class='ocrx_word' id='word_1_178' title='bbox 3322 580 3366 652; x_wconf 79' lang='grc' dir='ltr'>ᾧ</span> <span class='ocrx_word' id='word_1_179' title='bbox 3397 587 3687 642; x_wconf 82' lang='grc' dir='ltr'>Κωνσταν-</span> 
     </span>
    </p>
   </div>
   <div class='ocr_carea' id='block_1_27' title="bbox 2099 677 3687 744">
    <p class='ocr_par' dir='ltr' id='par_1_27' title="bbox 2099 677 3687 744">
     <span class='ocr_line' id='line_1_27' title="bbox 2099 677 3687 744; baseline 0.001 -14"><span class='ocrx_word' id='word_1_180' title='bbox 2099 679 2284 731; x_wconf 78' lang='grc' dir='ltr'>τιαναὶ</span> <span class='ocrx_word' id='word_1_181' title='bbox 2312 678 2507 744; x_wconf 79' lang='grc' dir='ltr'>ὄνομα,</span> <span class='ocrx_word' id='word_1_182' title='bbox 2539 678 2832 730; x_wconf 78' lang='grc' dir='ltr'><strong>ἐπετέλουν</strong></span> <span class='ocrx_word' id='word_1_183' title='bbox 2853 695 2870 712; x_wconf 80' lang='grc' dir='ltr'><strong>ο</strong></span> <span class='ocrx_word' id='word_1_184' title='bbox 2911 677 3009 731; x_wconf 80' lang='grc' dir='ltr'><strong>σὺν</strong></span> <span class='ocrx_word' id='word_1_185' title='bbox 3044 679 3232 740; x_wconf 84' lang='grc' dir='ltr'>αὐτοῖς</span> <span class='ocrx_word' id='word_1_186' title='bbox 3255 677 3310 731; x_wconf 84' lang='grc' dir='ltr'>δὲ</span> <span class='ocrx_word' id='word_1_187' title='bbox 3355 678 3541 732; x_wconf 78' lang='grc' dir='ltr'>πολλοὶ</span> <span class='ocrx_word' id='word_1_188' title='bbox 3567 682 3687 734; x_wconf 54' lang='grc' dir='ltr'>ἐπει</span> 
     </span>
    </p>
   </div>
   <div class='ocr_carea' id='block_1_28' title="bbox 2103 771 3683 842">
    <p class='ocr_par' dir='ltr' id='par_1_28' title="bbox 2103 771 3683 842">
     <span class='ocr_line' id='line_1_28' title="bbox 2103 771 3683 842; baseline 0.001 -18"><span class='ocrx_word' id='word_1_189' title='bbox 2103 789 2297 824; x_wconf 86' lang='grc' dir='ltr'>σκοποι</span> <span class='ocrx_word' id='word_1_190' title='bbox 2329 773 2425 824; x_wconf 77' lang='grc' dir='ltr'>καὶ</span> <span class='ocrx_word' id='word_1_191' title='bbox 2457 772 2846 841; x_wconf 81' lang='grc' dir='ltr'>πρεσϐύτεροι,</span> <span class='ocrx_word' id='word_1_192' title='bbox 2896 771 2992 824; x_wconf 76' lang='grc' dir='ltr'>καὶ</span> <span class='ocrx_word' id='word_1_193' title='bbox 3026 771 3178 826; x_wconf 78' lang='grc' dir='ltr'>ἄλλοι</span> <span class='ocrx_word' id='word_1_194' title='bbox 3221 772 3683 842; x_wconf 85' lang='grc' dir='ltr'>ἐκκλησιαστικοῦ</span> 
     </span>
    </p>
   </div>
   <div class='ocr_carea' id='block_1_29' title="bbox 2097 863 3684 935">
    <p class='ocr_par' dir='ltr' id='par_1_29' title="bbox 2097 863 3684 935">
     <span class='ocr_line' id='line_1_29' title="bbox 2097 863 3684 935; baseline -0.001 -17"><span class='ocrx_word' id='word_1_195' title='bbox 2097 865 2378 935; x_wconf 77' lang='grc' dir='ltr'><strong>τάγματος</strong></span> <span class='ocrx_word' id='word_1_196' title='bbox 2444 865 2503 929; x_wconf 83' lang='grc' dir='ltr'><strong>ἐξ</strong></span> <span class='ocrx_word' id='word_1_197' title='bbox 2555 864 2767 917; x_wconf 81' lang='grc' dir='ltr'>ἐκείνου</span> <span class='ocrx_word' id='word_1_198' title='bbox 2794 863 2896 928; x_wconf 82' lang='grc' dir='ltr'>τὰς</span> <span class='ocrx_word' id='word_1_199' title='bbox 2945 864 3278 934; x_wconf 85' lang='grc' dir='ltr'>συναγωγὰς</span> <span class='ocrx_word' id='word_1_200' title='bbox 3304 867 3361 918; x_wconf 90' lang='grc' dir='ltr'><strong>ἐν</strong></span> <span class='ocrx_word' id='word_1_201' title='bbox 3400 864 3684 934; x_wconf 74' lang='grc' dir='ltr'>δσαφὸροες</span> 
     </span>
    </p>
   </div>
   <div class='ocr_carea' id='block_1_30' title="bbox 2097 957 3679 1028">
    <p class='ocr_par' dir='ltr' id='par_1_30' title="bbox 2097 957 3679 1028">
     <span class='ocr_line' id='line_1_30' title="bbox 2097 957 3679 1028; baseline 0.001 -18"><span class='ocrx_word' id='word_1_202' title='bbox 2097 957 2285 1020; x_wconf 79' lang='grc' dir='ltr'>τόποις</span> <span class='ocrx_word' id='word_1_203' title='bbox 2355 957 2710 1027; x_wconf 80' lang='grc' dir='ltr'><strong>ποιούμενοι,</strong></span> <span class='ocrx_word' id='word_1_204' title='bbox 2759 957 3066 1010; x_wconf 81' lang='grc' dir='ltr'>Ἰωαννῖται</span> <span class='ocrx_word' id='word_1_205' title='bbox 3124 957 3679 1028; x_wconf 76' lang='grc' dir='ltr'>προσηγορεύθησαν.</span> 
     </span>
    </p>
   </div>
   <div class='ocr_carea' id='block_1_31' title="bbox 2095 1049 3682 1121">
    <p class='ocr_par' dir='ltr' id='par_1_31' title="bbox 2095 1049 3682 1121">
     <span class='ocr_line' id='line_1_31' title="bbox 2095 1049 3682 1121; baseline -0.001 -18"><span class='ocrx_word' id='word_1_206' title='bbox 2095 1049 2250 1103; x_wconf 80' lang='grc' dir='ltr'>Κατὰ</span> <span class='ocrx_word' id='word_1_207' title='bbox 2298 1049 2356 1102; x_wconf 82' lang='grc' dir='ltr'>δὲ</span> <span class='ocrx_word' id='word_1_208' title='bbox 2402 1051 2502 1119; x_wconf 79' lang='grc' dir='ltr'>τὴν</span> <span class='ocrx_word' id='word_1_209' title='bbox 2557 1050 2709 1120; x_wconf 80' lang='grc' dir='ltr'>ἱερὰν</span> <span class='ocrx_word' id='word_1_210' title='bbox 2740 1051 2935 1115; x_wconf 87' lang='grc' dir='ltr'>νύκτα,</span> <span class='ocrx_word' id='word_1_211' title='bbox 2967 1050 3034 1121; x_wconf 78' lang='grc' dir='ltr'>ἢν</span> <span class='ocrx_word' id='word_1_212' title='bbox 3073 1050 3106 1119; x_wconf 84' lang='grc' dir='ltr'>ἡ</span> <span class='ocrx_word' id='word_1_213' title='bbox 3147 1049 3242 1102; x_wconf 88' lang='grc' dir='ltr'><strong>τοῦ</strong></span> <span class='ocrx_word' id='word_1_214' title='bbox 3293 1050 3481 1119; x_wconf 79' lang='grc' dir='ltr'>Πάσχα</span> <span class='ocrx_word' id='word_1_215' title='bbox 3516 1049 3682 1114; x_wconf 75' lang='grc' dir='ltr'>εὐθὺς</span> 
     </span>
    </p>
   </div>
   <div class='ocr_carea' id='block_1_32' title="bbox 2095 1138 3684 1210">
    <p class='ocr_par' dir='ltr' id='par_1_32' title="bbox 2095 1138 3684 1210">
     <span class='ocr_line' id='line_1_32' title="bbox 2095 1138 3684 1210; baseline -0.002 -18"><span class='ocrx_word' id='word_1_216' title='bbox 2095 1140 2405 1210; x_wconf 81' lang='grc' dir='ltr'><strong>διαδέχεται</strong></span> <span class='ocrx_word' id='word_1_217' title='bbox 2449 1140 2690 1207; x_wconf 76' lang='grc' dir='ltr'>φωτεινὴ</span> <span class='ocrx_word' id='word_1_218' title='bbox 2722 1139 2909 1208; x_wconf 80' lang='grc' dir='ltr'>ἑορτὴ,</span> <span class='ocrx_word' id='word_1_219' title='bbox 2935 1140 2962 1192; x_wconf 88' lang='grc' dir='ltr'><strong>ὁ</strong></span> <span class='ocrx_word' id='word_1_220' title='bbox 2995 1138 3256 1209; x_wconf 82' lang='grc' dir='ltr'>βασιλεὺς</span> <span class='ocrx_word' id='word_1_221' title='bbox 3304 1140 3428 1201; x_wconf 84' lang='grc' dir='ltr'>τοὺς</span> <span class='ocrx_word' id='word_1_222' title='bbox 3465 1139 3684 1191; x_wconf 83' lang='grc' dir='ltr'>ἐπισκό-</span> 
     </span>
    </p>
   </div>
   <div class='ocr_carea' id='block_1_33' title="bbox 2096 1229 3682 1300">
    <p class='ocr_par' dir='ltr' id='par_1_33' title="bbox 2096 1229 3682 1300">
     <span class='ocr_line' id='line_1_33' title="bbox 2096 1229 3682 1300; baseline -0.001 -16"><span class='ocrx_word' id='word_1_223' title='bbox 2096 1249 2232 1292; x_wconf 84' lang='grc' dir='ltr'>πους</span> <span class='ocrx_word' id='word_1_224' title='bbox 2265 1231 2546 1300; x_wconf 82' lang='grc' dir='ltr'>ἀθροίσας,</span> <span class='ocrx_word' id='word_1_225' title='bbox 2578 1231 2631 1283; x_wconf 84' lang='grc' dir='ltr'><strong>τί</strong></span> <span class='ocrx_word' id='word_1_226' title='bbox 2682 1230 2792 1282; x_wconf 82' lang='grc' dir='ltr'>δέοι</span> <span class='ocrx_word' id='word_1_227' title='bbox 2825 1231 3114 1300; x_wconf 86' lang='grc' dir='ltr'>πράττειν,</span> <span class='ocrx_word' id='word_1_228' title='bbox 3147 1229 3360 1300; x_wconf 71' lang='grc' dir='ltr'>ἠρώτα,</span> <span class='ocrx_word' id='word_1_229' title='bbox 3415 1234 3507 1283; x_wconf 67' lang='grc' dir='ltr'><strong>καὶ</strong></span> <span class='ocrx_word' id='word_1_230' title='bbox 3537 1231 3584 1282; x_wconf 86' lang='grc' dir='ltr'><strong>εί</strong></span> <span class='ocrx_word' id='word_1_231' title='bbox 3613 1231 3682 1283; x_wconf 71' lang='grc' dir='ltr'>τὰ</span> 
     </span>
    </p>
   </div>
   <div class='ocr_carea' id='block_1_34' title="bbox 2094 1323 3682 1394">
    <p class='ocr_par' dir='ltr' id='par_1_34' title="bbox 2094 1323 3682 1394">
     <span class='ocr_line' id='line_1_34' title="bbox 2094 1323 3682 1394; baseline -0.001 -19"><span class='ocrx_word' id='word_1_232' title='bbox 2094 1323 2359 1391; x_wconf 77' lang='grc' dir='ltr'>γινόμενα</span> <span class='ocrx_word' id='word_1_233' title='bbox 2385 1325 2526 1377; x_wconf 87' lang='grc' dir='ltr'><strong>κατά</strong></span> <span class='ocrx_word' id='word_1_234' title='bbox 2573 1323 2803 1391; x_wconf 85' lang='grc' dir='ltr'><strong>γνώμην</strong></span> <span class='ocrx_word' id='word_1_235' title='bbox 2841 1323 2927 1394; x_wconf 73' lang='grc' dir='ltr'><strong>εἴη</strong></span> <span class='ocrx_word' id='word_1_236' title='bbox 2965 1323 3106 1394; x_wconf 80' lang='grc' dir='ltr'>Θεῷ.</span> <span class='ocrx_word' id='word_1_237' title='bbox 3163 1325 3226 1376; x_wconf 84' lang='grc' dir='ltr'>Οἱ</span> <span class='ocrx_word' id='word_1_238' title='bbox 3253 1324 3300 1377; x_wconf 86' lang='grc' dir='ltr'>δ’</span> <span class='ocrx_word' id='word_1_239' title='bbox 3330 1323 3449 1392; x_wconf 74' lang='grc' dir='ltr'>ἃμα</span> <span class='ocrx_word' id='word_1_240' title='bbox 3481 1324 3682 1385; x_wconf 82' lang='grc' dir='ltr'>πάντες</span> 
     </span>
    </p>
   </div>
   <div class='ocr_carea' id='block_1_35' title="bbox 2099 1415 3680 1487">
    <p class='ocr_par' dir='ltr' id='par_1_35' title="bbox 2099 1415 3680 1487">
     <span class='ocr_line' id='line_1_35' title="bbox 2099 1415 3680 1487; baseline 0.001 -20"><span class='ocrx_word' id='word_1_241' title='bbox 2099 1416 2198 1486; x_wconf 80' lang='grc' dir='ltr'>μιᾷ</span> <span class='ocrx_word' id='word_1_242' title='bbox 2222 1419 2375 1486; x_wconf 81' lang='grc' dir='ltr'>φωνῇ</span> <span class='ocrx_word' id='word_1_243' title='bbox 2411 1415 2838 1484; x_wconf 82' lang='grc' dir='ltr'>ἁνεφθέγξαντο,</span> <span class='ocrx_word' id='word_1_244' title='bbox 2882 1434 2900 1467; x_wconf 76' lang='grc' dir='ltr'><strong>ι</strong></span> <span class='ocrx_word' id='word_1_245' title='bbox 2933 1415 3063 1468; x_wconf 77' lang='grc' dir='ltr'><strong>Ἐπὶ</strong></span> <span class='ocrx_word' id='word_1_246' title='bbox 3099 1416 3199 1475; x_wconf 72' lang='grc' dir='ltr'>τὰς</span> <span class='ocrx_word' id='word_1_247' title='bbox 3245 1417 3494 1487; x_wconf 74' lang='grc' dir='ltr'>κεφαλάς</span> <span class='ocrx_word' id='word_1_248' title='bbox 3523 1416 3680 1487; x_wconf 81' lang='grc' dir='ltr'>ἡμῶν</span> 
     </span>
    </p>
   </div>
   <div class='ocr_carea' id='block_1_36' title="bbox 2095 1507 3679 1580">
    <p class='ocr_par' dir='ltr' id='par_1_36' title="bbox 2095 1507 3679 1580">
     <span class='ocr_line' id='line_1_36' title="bbox 2095 1507 3679 1580; baseline -0.001 -19"><span class='ocrx_word' id='word_1_249' title='bbox 2095 1509 2129 1578; x_wconf 84' lang='grc' dir='ltr'>ὴ</span> <span class='ocrx_word' id='word_1_250' title='bbox 2164 1508 2417 1562; x_wconf 84' lang='grc' dir='ltr'><strong>Ἰωάννου</strong></span> <span class='ocrx_word' id='word_1_251' title='bbox 2458 1509 2542 1580; x_wconf 71' lang='grc' dir='ltr'>εἴη</span> <span class='ocrx_word' id='word_1_252' title='bbox 2591 1509 2940 1580; x_wconf 76' lang='grc' dir='ltr'><strong>καθαίρεσις.</strong></span> <span class='ocrx_word' id='word_1_253' title='bbox 2983 1526 3001 1559; x_wconf 71' lang='grc' dir='ltr'><strong>ι</strong></span> <span class='ocrx_word' id='word_1_254' title='bbox 3068 1509 3129 1562; x_wconf 84' lang='lat' dir='ltr'><strong>Oi</strong></span> <span class='ocrx_word' id='word_1_255' title='bbox 3183 1507 3282 1577; x_wconf 85' lang='grc' dir='ltr'>τῆς</span> <span class='ocrx_word' id='word_1_256' title='bbox 3330 1507 3546 1577; x_wconf 79' lang='grc' dir='ltr'><strong>μερίδος</strong></span> <span class='ocrx_word' id='word_1_257' title='bbox 3571 1524 3679 1559; x_wconf 89' lang='grc' dir='ltr'>τοι·</span> 
     </span>
    </p>
   </div>
   <div class='ocr_carea' id='block_1_37' title="bbox 2094 1598 3680 1672">
    <p class='ocr_par' dir='ltr' id='par_1_37' title="bbox 2094 1598 3680 1672">
     <span class='ocr_line' id='line_1_37' title="bbox 2094 1598 3680 1672; baseline -0.001 -20"><span class='ocrx_word' id='word_1_258' title='bbox 2094 1599 2304 1671; x_wconf 89' lang='grc' dir='ltr'>γαροῦν</span> <span class='ocrx_word' id='word_1_259' title='bbox 2334 1601 2610 1664; x_wconf 80' lang='grc' dir='ltr'><strong>Ἰωάννου,</strong></span> <span class='ocrx_word' id='word_1_260' title='bbox 2639 1603 2697 1654; x_wconf 85' lang='grc' dir='ltr'><strong>ἐν</strong></span> <span class='ocrx_word' id='word_1_261' title='bbox 2719 1601 2796 1670; x_wconf 84' lang='grc' dir='ltr'>τῷ</span> <span class='ocrx_word' id='word_1_262' title='bbox 2819 1602 3103 1672; x_wconf 72' lang='grc' dir='ltr'><strong>εἰρημένῳ</strong></span> <span class='ocrx_word' id='word_1_263' title='bbox 3125 1598 3340 1670; x_wconf 75' lang='grc' dir='ltr'>λουτρῷ</span> <span class='ocrx_word' id='word_1_264' title='bbox 3365 1600 3465 1670; x_wconf 79' lang='grc' dir='ltr'><strong>τὴν</strong></span> <span class='ocrx_word' id='word_1_265' title='bbox 3489 1599 3680 1651; x_wconf 78' lang='grc' dir='ltr'>ἐπιλύ-</span> 
     </span>
    </p>
   </div>
   <div class='ocr_carea' id='block_1_38' title="bbox 2093 1691 3682 1764">
    <p class='ocr_par' dir='ltr' id='par_1_38' title="bbox 2093 1691 3682 1764">
     <span class='ocr_line' id='line_1_38' title="bbox 2093 1691 3682 1764; baseline -0.001 -20"><span class='ocrx_word' id='word_1_266' title='bbox 2093 1710 2242 1764; x_wconf 92' lang='grc' dir='ltr'>χνιον</span> <span class='ocrx_word' id='word_1_267' title='bbox 2267 1693 2367 1761; x_wconf 83' lang='grc' dir='ltr'>τῆς</span> <span class='ocrx_word' id='word_1_268' title='bbox 2397 1693 2638 1763; x_wconf 79' lang='grc' dir='ltr'>Χριστοῦ</span> <span class='ocrx_word' id='word_1_269' title='bbox 2689 1695 3046 1752; x_wconf 80' lang='grc' dir='ltr'><strong>ἀναστάσεως</strong></span> <span class='ocrx_word' id='word_1_270' title='bbox 3095 1691 3484 1754; x_wconf 67' lang='grc' dir='ltr'><strong>ἐπιτελοῦντες</strong></span> <span class='ocrx_word' id='word_1_271' title='bbox 3514 1691 3682 1760; x_wconf 86' lang='grc' dir='ltr'>πανή-</span> 
     </span>
    </p>
   </div>
   <div class='ocr_carea' id='block_1_39' title="bbox 2093 1781 3678 1856">
    <p class='ocr_par' dir='ltr' id='par_1_39' title="bbox 2093 1781 3678 1856">
     <span class='ocr_line' id='line_1_39' title="bbox 2093 1781 3678 1856; baseline -0.003 -20"><span class='ocrx_word' id='word_1_272' title='bbox 2093 1801 2276 1853; x_wconf 88' lang='grc' dir='ltr'>γυριν,</span> <span class='ocrx_word' id='word_1_273' title='bbox 2306 1784 2376 1836; x_wconf 76' lang='grc' dir='ltr'><strong>τά</strong></span> <span class='ocrx_word' id='word_1_274' title='bbox 2409 1784 2669 1838; x_wconf 79' lang='grc' dir='ltr'>πάνδεινα</span> <span class='ocrx_word' id='word_1_275' title='bbox 2719 1785 2996 1856; x_wconf 83' lang='grc' dir='ltr'>πάσχουσι</span> <span class='ocrx_word' id='word_1_276' title='bbox 3039 1785 3177 1854; x_wconf 79' lang='grc' dir='ltr'>πρὸς</span> <span class='ocrx_word' id='word_1_277' title='bbox 3225 1784 3333 1836; x_wconf 85' lang='grc' dir='ltr'>τῶν</span> <span class='ocrx_word' id='word_1_278' title='bbox 3395 1781 3678 1848; x_wconf 77' lang='grc' dir='ltr'>δυσμενῶν</span> 
     </span>
    </p>
   </div>
   <div class='ocr_carea' id='block_1_40' title="bbox 2027 1854 3675 1946">
    <p class='ocr_par' dir='ltr' id='par_1_40' title="bbox 2027 1854 3675 1946">
     <span class='ocr_line' id='line_1_40' title="bbox 2027 1854 3675 1946; baseline -0.004 -15"><span class='ocrx_word' id='word_1_279' title='bbox 2027 1854 2067 1908; x_wconf 73' lang='grc' dir='ltr'><strong>Β</strong></span> <span class='ocrx_word' id='word_1_280' title='bbox 2109 1877 2359 1931; x_wconf 88' lang='grc' dir='ltr'>Ἰωάννου</span> <span class='ocrx_word' id='word_1_281' title='bbox 2423 1876 2516 1929; x_wconf 86' lang='grc' dir='ltr'><strong>καί</strong></span> <span class='ocrx_word' id='word_1_282' title='bbox 2551 1895 2712 1931; x_wconf 85' lang='grc' dir='ltr'>τινων</span> <span class='ocrx_word' id='word_1_283' title='bbox 2765 1878 3024 1932; x_wconf 81' lang='grc' dir='ltr'>ἀτάκτων</span> <span class='ocrx_word' id='word_1_284' title='bbox 3079 1876 3424 1946; x_wconf 77' lang='grc' dir='ltr'>ἐπιθεμένων</span> <span class='ocrx_word' id='word_1_285' title='bbox 3470 1876 3675 1937; x_wconf 86' lang='grc' dir='ltr'>αὐτοῖς.</span> 
     </span>
    </p>
   </div>
   <div class='ocr_carea' id='block_1_41' title="bbox 2113 1967 3679 2038">
    <p class='ocr_par' dir='ltr' id='par_1_41' title="bbox 2113 1967 3679 2038">
     <span class='ocr_line' id='line_1_41' title="bbox 2113 1967 3679 2038; baseline -0.004 -14"><span class='ocrx_word' id='word_1_286' title='bbox 2113 1970 2278 2024; x_wconf 82' lang='grc' dir='ltr'>Ἀλλὰ</span> <span class='ocrx_word' id='word_1_287' title='bbox 2306 1972 2358 2024; x_wconf 90' lang='grc' dir='ltr'><strong>τί</strong></span> <span class='ocrx_word' id='word_1_288' title='bbox 2387 1971 2470 2024; x_wconf 83' lang='grc' dir='ltr'>δεῖ</span> <span class='ocrx_word' id='word_1_289' title='bbox 2499 1969 2683 2037; x_wconf 87' lang='grc' dir='ltr'>λέγειν</span> <span class='ocrx_word' id='word_1_290' title='bbox 2714 1971 2877 2038; x_wconf 81' lang='grc' dir='ltr'>αὐτὰ,</span> <span class='ocrx_word' id='word_1_291' title='bbox 2907 1972 3025 2024; x_wconf 71' lang='grc' dir='ltr'>ἐνὸν</span> <span class='ocrx_word' id='word_1_292' title='bbox 3056 1971 3144 2022; x_wconf 84' lang='grc' dir='ltr'>διὰ</span> <span class='ocrx_word' id='word_1_293' title='bbox 3181 1970 3279 2038; x_wconf 85' lang='grc' dir='ltr'><strong>τῆς</strong></span> <span class='ocrx_word' id='word_1_294' title='bbox 3312 1967 3520 2021; x_wconf 87' lang='grc' dir='ltr'>ἐκείνου</span> <span class='ocrx_word' id='word_1_295' title='bbox 3545 1983 3679 2036; x_wconf 78' lang='grc' dir='ltr'>χρυο</span> 
     </span>
    </p>
   </div>
   <div class='ocr_carea' id='block_1_42' title="bbox 2093 2059 3675 2133">
    <p class='ocr_par' dir='ltr' id='par_1_42' title="bbox 2093 2059 3675 2133">
     <span class='ocr_line' id='line_1_42' title="bbox 2093 2059 3675 2133; baseline -0.005 -17"><span class='ocrx_word' id='word_1_296' title='bbox 2093 2065 2192 2133; x_wconf 85' lang='grc' dir='ltr'>σῆς</span> <span class='ocrx_word' id='word_1_297' title='bbox 2217 2061 2464 2133; x_wconf 84' lang='grc' dir='ltr'>γλώττης</span> <span class='ocrx_word' id='word_1_298' title='bbox 2518 2062 2897 2132; x_wconf 84' lang='grc' dir='ltr'>ἀκριϐέστατα</span> <span class='ocrx_word' id='word_1_299' title='bbox 2944 2063 3216 2126; x_wconf 80' lang='grc' dir='ltr'>διελθεῖν;</span> <span class='ocrx_word' id='word_1_300' title='bbox 3274 2060 3544 2121; x_wconf 86' lang='grc' dir='ltr'>Γενναίως</span> <span class='ocrx_word' id='word_1_301' title='bbox 3569 2059 3675 2126; x_wconf 71' lang='grc' dir='ltr'><strong>γὰρ</strong></span> 
     </span>
    </p>
   </div>
   <div class='ocr_carea' id='block_1_43' title="bbox 2095 2157 3674 2229">
    <p class='ocr_par' dir='ltr' id='par_1_43' title="bbox 2095 2157 3674 2229">
     <span class='ocr_line' id='line_1_43' title="bbox 2095 2157 3674 2229; baseline -0.001 -19"><span class='ocrx_word' id='word_1_302' title='bbox 2095 2157 2339 2220; x_wconf 75' lang='grc' dir='ltr'>ὑποστάς</span> <span class='ocrx_word' id='word_1_303' title='bbox 2365 2158 2435 2211; x_wconf 75' lang='grc' dir='ltr'><strong>τά</strong></span> <span class='ocrx_word' id='word_1_304' title='bbox 2464 2160 2640 2222; x_wconf 74' lang='grc' dir='ltr'>δεινά,</span> <span class='ocrx_word' id='word_1_305' title='bbox 2669 2162 2766 2214; x_wconf 62' lang='grc' dir='ltr'><strong>καί¹</strong></span> <span class='ocrx_word' id='word_1_306' title='bbox 2794 2159 3111 2229; x_wconf 82' lang='grc' dir='ltr'>φιλαληθῶς</span> <span class='ocrx_word' id='word_1_307' title='bbox 3160 2159 3301 2212; x_wconf 80' lang='grc' dir='ltr'>αὐτὰ</span> <span class='ocrx_word' id='word_1_308' title='bbox 3333 2157 3674 2224; x_wconf 76' lang='grc' dir='ltr'>διηγήσεται.</span> 
     </span>
    </p>
   </div>
   <div class='ocr_carea' id='block_1_44' title="bbox 2097 2248 3678 2323">
    <p class='ocr_par' dir='ltr' id='par_1_44' title="bbox 2097 2248 3678 2323">
     <span class='ocr_line' id='line_1_44' title="bbox 2097 2248 3678 2323; baseline -0.001 -22"><span class='ocrx_word' id='word_1_309' title='bbox 2097 2248 2188 2318; x_wconf 79' lang='grc' dir='ltr'>Τῷ</span> <span class='ocrx_word' id='word_1_310' title='bbox 2225 2248 2453 2320; x_wconf 84' lang='grc' dir='ltr'><strong>Ῥώμης</strong></span> <span class='ocrx_word' id='word_1_311' title='bbox 2479 2251 2591 2322; x_wconf 82' lang='grc' dir='ltr'>γὰρ</span> <span class='ocrx_word' id='word_1_312' title='bbox 2615 2251 2905 2323; x_wconf 80' lang='grc' dir='ltr'>ἐπισκόπῳ</span> <span class='ocrx_word' id='word_1_313' title='bbox 2949 2251 3302 2321; x_wconf 85' lang='grc' dir='ltr'>Ἰννοκεντίῳ,</span> <span class='ocrx_word' id='word_1_314' title='bbox 3329 2251 3393 2303; x_wconf 79' lang='grc' dir='ltr'>τὰ</span> <span class='ocrx_word' id='word_1_315' title='bbox 3426 2265 3678 2320; x_wconf 77' lang='grc' dir='ltr'>πεπραγ-</span> 
     </span>
    </p>
   </div>
   <div class='ocr_carea' id='block_1_45' title="bbox 2103 2344 3320 2416">
    <p class='ocr_par' dir='ltr' id='par_1_45' title="bbox 2103 2344 3320 2416">
     <span class='ocr_line' id='line_1_45' title="bbox 2103 2344 3320 2416; baseline 0 -20"><span class='ocrx_word' id='word_1_316' title='bbox 2103 2344 2242 2415; x_wconf 85' lang='grc' dir='ltr'>μένα</span> <span class='ocrx_word' id='word_1_317' title='bbox 2275 2346 2324 2397; x_wconf 88' lang='grc' dir='ltr'>οἱ</span> <span class='ocrx_word' id='word_1_318' title='bbox 2353 2344 2554 2414; x_wconf 83' lang='grc' dir='ltr'>δηλῶν,</span> <span class='ocrx_word' id='word_1_319' title='bbox 2579 2346 2674 2397; x_wconf 65' lang='grc' dir='ltr'><strong>κοιλ⁵</strong></span> <span class='ocrx_word' id='word_1_320' title='bbox 2701 2345 2878 2399; x_wconf 89' lang='grc' dir='ltr'>ταῦτα</span> <span class='ocrx_word' id='word_1_321' title='bbox 2921 2345 3285 2416; x_wconf 88' lang='grc' dir='ltr'>προστίθησιν</span> <span class='ocrx_word' id='word_1_322' title='bbox 3307 2360 3320 2373; x_wconf 88' lang='grc'><strong>·</strong></span> 
     </span>
    </p>
   </div>
   <div class='ocr_carea' id='block_1_46' title="bbox 402 2438 3678 2512">
    <p class='ocr_par' dir='ltr' id='par_1_46' title="bbox 402 2438 3678 2512">
     <span class='ocr_line' id='line_1_46' title="bbox 402 2438 3678 2512; baseline 0 -18"><span class='ocrx_word' id='word_1_323' title='bbox 402 2439 695 2494; x_wconf 88' lang='lat' dir='ltr'><strong>redundet.</strong></span> <span class='ocrx_word' id='word_1_324' title='bbox 732 2459 750 2492; x_wconf 84' lang='grc'><strong>›</strong></span> <span class='ocrx_word' id='word_1_325' title='bbox 784 2441 944 2512; x_wconf 78' lang='lat'><strong>391</strong></span> <span class='ocrx_word' id='word_1_326' title='bbox 995 2438 1310 2496; x_wconf 87' lang='lat' dir='ltr'><strong>Sectatores</strong></span> <span class='ocrx_word' id='word_1_327' title='bbox 1357 2456 1527 2511; x_wconf 91' lang='lat' dir='ltr'><strong>porro</strong></span> <span class='ocrx_word' id='word_1_328' title='bbox 1568 2440 1800 2496; x_wconf 82' lang='lat' dir='ltr'><strong>Joannis</strong></span> <span class='ocrx_word' id='word_1_329' title='bbox 1865 2441 1922 2496; x_wconf 93' lang='lat' dir='ltr'><strong>in</strong></span> <span class='ocrx_word' id='word_1_330' title='bbox 1988 2456 2056 2496; x_wconf 89' lang='lat' dir='ltr'><strong>eo</strong></span> <span class='ocrx_word' id='word_1_331' title='bbox 2133 2440 2280 2512; x_wconf 91' lang='lat' dir='ltr'><strong>quod</strong></span> <span class='ocrx_word' id='word_1_332' title='bbox 2340 2441 2583 2498; x_wconf 79' lang='lat' dir='ltr'><strong>diximus</strong></span> <span class='ocrx_word' id='word_1_333' title='bbox 2642 2443 2866 2498; x_wconf 85' lang='lat' dir='ltr'><strong>lavacro</strong></span> <span class='ocrx_word' id='word_1_334' title='bbox 2924 2442 3195 2496; x_wconf 87' lang='lat' dir='ltr'><strong>illustrem</strong></span> <span class='ocrx_word' id='word_1_335' title='bbox 3264 2439 3678 2496; x_wconf 77' lang='lat' dir='ltr'><strong>resurrectionis</strong></span> 
     </span>
    </p>
   </div>
   <div class='ocr_carea' id='block_1_47' title="bbox 400 2533 3665 2606">
    <p class='ocr_par' dir='ltr' id='par_1_47' title="bbox 400 2533 3665 2606">
     <span class='ocr_line' id='line_1_47' title="bbox 400 2533 3665 2606; baseline 0.001 -20"><span class='ocrx_word' id='word_1_336' title='bbox 400 2533 613 2588; x_wconf 84' lang='lat' dir='ltr'><strong>Christi</strong></span> <span class='ocrx_word' id='word_1_337' title='bbox 659 2535 724 2588; x_wconf 91' lang='lat' dir='ltr'><strong>ad</strong></span> <span class='ocrx_word' id='word_1_338' title='bbox 775 2535 1028 2590; x_wconf 89' lang='lat' dir='ltr'><strong>lucernas</strong></span> <span class='ocrx_word' id='word_1_339' title='bbox 1072 2543 1403 2605; x_wconf 87' lang='lat' dir='ltr'><strong>peragentes</strong></span> <span class='ocrx_word' id='word_1_340' title='bbox 1462 2545 1820 2601; x_wconf 83' lang='lat' dir='ltr'><strong>conventum,</strong></span> <span class='ocrx_word' id='word_1_341' title='bbox 1882 2551 2149 2606; x_wconf 88' lang='lat' dir='ltr'><strong>perquam</strong></span> <span class='ocrx_word' id='word_1_342' title='bbox 2213 2536 2453 2605; x_wconf 78' lang='lat' dir='ltr'><strong>graviter</strong></span> <span class='ocrx_word' id='word_1_343' title='bbox 2512 2553 2542 2591; x_wconf 90' lang='lat' dir='ltr'><strong>a</strong></span> <span class='ocrx_word' id='word_1_344' title='bbox 2583 2537 2814 2592; x_wconf 80' lang='lat' dir='ltr'><strong>Joannis</strong></span> <span class='ocrx_word' id='word_1_345' title='bbox 2884 2536 3143 2601; x_wconf 86' lang='lat' dir='ltr'><strong>inimicis,</strong></span> <span class='ocrx_word' id='word_1_346' title='bbox 3191 2535 3580 2603; x_wconf 75' lang='lat' dir='ltr'><strong>dissolutisque</strong></span> <span class='ocrx_word' id='word_1_347' title='bbox 3613 2546 3665 2589; x_wconf 92' lang='lat' dir='ltr'><strong>et</strong></span> 
     </span>
    </p>
   </div>
   <div class='ocr_carea' id='block_1_48' title="bbox 416 2627 3673 2701">
    <p class='ocr_par' dir='ltr' id='par_1_48' title="bbox 416 2627 3673 2701">
     <span class='ocr_line' id='line_1_48' title="bbox 416 2627 3673 2701; baseline -0 -17"><span class='ocrx_word' id='word_1_348' title='bbox 416 2631 682 2698; x_wconf 76' lang='lat' dir='ltr'><strong>improbis</strong></span> <span class='ocrx_word' id='word_1_349' title='bbox 711 2629 1062 2700; x_wconf 86' lang='lat' dir='ltr'><strong>quibusdam,</strong></span> <span class='ocrx_word' id='word_1_350' title='bbox 1096 2628 1190 2698; x_wconf 92' lang='lat' dir='ltr'><strong>qui</strong></span> <span class='ocrx_word' id='word_1_351' title='bbox 1217 2644 1314 2684; x_wconf 87' lang='lat' dir='ltr'><strong>eos</strong></span> <span class='ocrx_word' id='word_1_352' title='bbox 1344 2629 1549 2697; x_wconf 84' lang='lat' dir='ltr'><strong>agressi</strong></span> <span class='ocrx_word' id='word_1_353' title='bbox 1576 2627 1818 2693; x_wconf 89' lang='lat' dir='ltr'><strong>fuerant,</strong></span> <span class='ocrx_word' id='word_1_354' title='bbox 1892 2639 2020 2683; x_wconf 90' lang='lat' dir='ltr'><strong>sunt</strong></span> <span class='ocrx_word' id='word_1_355' title='bbox 2062 2630 2298 2698; x_wconf 85' lang='lat' dir='ltr'><strong>accepti.</strong></span> <span class='ocrx_word' id='word_1_356' title='bbox 2363 2628 2482 2696; x_wconf 87' lang='lat' dir='ltr'><strong>Qua</strong></span> <span class='ocrx_word' id='word_1_357' title='bbox 2512 2631 2580 2685; x_wconf 89' lang='lat' dir='ltr'><strong>de</strong></span> <span class='ocrx_word' id='word_1_358' title='bbox 2616 2646 2676 2686; x_wconf 90' lang='lat' dir='ltr'><strong>re</strong></span> <span class='ocrx_word' id='word_1_359' title='bbox 2709 2630 2844 2701; x_wconf 82' lang='lat' dir='ltr'><strong>quid</strong></span> <span class='ocrx_word' id='word_1_360' title='bbox 2873 2647 3015 2701; x_wconf 77' lang='lat' dir='ltr'><strong>opus</strong></span> <span class='ocrx_word' id='word_1_361' title='bbox 3039 2640 3126 2687; x_wconf 90' lang='lat' dir='ltr'><strong>est</strong></span> <span class='ocrx_word' id='word_1_362' title='bbox 3163 2631 3370 2698; x_wconf 86' lang='lat' dir='ltr'><strong>dicere,</strong></span> <span class='ocrx_word' id='word_1_363' title='bbox 3403 2646 3526 2684; x_wconf 90' lang='lat' dir='ltr'><strong>cum</strong></span> <span class='ocrx_word' id='word_1_364' title='bbox 3556 2646 3673 2684; x_wconf 89' lang='lat' dir='ltr'><strong>eam</strong></span> 
     </span>
    </p>
   </div>
   <div class='ocr_carea' id='block_1_49' title="bbox 417 2725 3670 2798">
    <p class='ocr_par' dir='ltr' id='par_1_49' title="bbox 417 2725 3670 2798">
     <span class='ocr_line' id='line_1_49' title="bbox 417 2725 3670 2798; baseline -0.001 -18"><span class='ocrx_word' id='word_1_365' title='bbox 417 2727 540 2792; x_wconf 75' lang='lat' dir='ltr'><strong>ejus</strong></span> <span class='ocrx_word' id='word_1_366' title='bbox 572 2726 744 2795; x_wconf 84' lang='lat' dir='ltr'><strong>ipsius</strong></span> <span class='ocrx_word' id='word_1_367' title='bbox 775 2741 942 2780; x_wconf 81' lang='lat' dir='ltr'><strong>aurea</strong></span> <span class='ocrx_word' id='word_1_368' title='bbox 1012 2725 1198 2797; x_wconf 87' lang='lat' dir='ltr'><strong>lingua</strong></span> <span class='ocrx_word' id='word_1_369' title='bbox 1265 2725 1679 2780; x_wconf 85' lang='lat' dir='ltr'><strong>accuratissime</strong></span> <span class='ocrx_word' id='word_1_370' title='bbox 1724 2740 2161 2780; x_wconf 86' lang='lat' dir='ltr'><strong>commemorare</strong></span> <span class='ocrx_word' id='word_1_371' title='bbox 2200 2725 2407 2780; x_wconf 83' lang='lat' dir='ltr'><strong>liceat?</strong></span> <span class='ocrx_word' id='word_1_372' title='bbox 2457 2726 2561 2793; x_wconf 82' lang='lat' dir='ltr'><strong>Qui</strong></span> <span class='ocrx_word' id='word_1_373' title='bbox 2601 2727 2751 2781; x_wconf 89' lang='lat' dir='ltr'><strong>enim</strong></span> <span class='ocrx_word' id='word_1_374' title='bbox 2797 2741 3067 2798; x_wconf 76' lang='lat' dir='ltr'><strong>generose</strong></span> <span class='ocrx_word' id='word_1_375' title='bbox 3104 2737 3179 2781; x_wconf 71' lang='lat' dir='ltr'><strong>ea&quot;</strong></span> <span class='ocrx_word' id='word_1_376' title='bbox 3235 2725 3376 2780; x_wconf 89' lang='lat' dir='ltr'><strong>mala</strong></span> <span class='ocrx_word' id='word_1_377' title='bbox 3429 2725 3670 2797; x_wconf 89' lang='lat' dir='ltr'><strong>pertulit,</strong></span> 
     </span>
    </p>
   </div>
   <div class='ocr_carea' id='block_1_50' title="bbox 415 2815 3674 2889">
    <p class='ocr_par' dir='ltr' id='par_1_50' title="bbox 415 2815 3674 2889">
     <span class='ocr_line' id='line_1_50' title="bbox 415 2815 3674 2889; baseline -0 -15"><span class='ocrx_word' id='word_1_378' title='bbox 415 2835 549 2874; x_wconf 77' lang='lat' dir='ltr'><strong>vere</strong></span> <span class='ocrx_word' id='word_1_379' title='bbox 568 2835 788 2889; x_wconf 81' lang='lat' dir='ltr'><strong>quoque</strong></span> <span class='ocrx_word' id='word_1_380' title='bbox 821 2835 890 2873; x_wconf 91' lang='lat' dir='ltr'><strong>ca</strong></span> <span class='ocrx_word' id='word_1_381' title='bbox 920 2818 1145 2873; x_wconf 83' lang='lat' dir='ltr'><strong>referet.</strong></span> <span class='ocrx_word' id='word_1_382' title='bbox 1213 2815 1388 2885; x_wconf 90' lang='lat' dir='ltr'><strong>Igitur</strong></span> <span class='ocrx_word' id='word_1_383' title='bbox 1424 2817 1492 2870; x_wconf 90' lang='lat' dir='ltr'><strong>ad</strong></span> <span class='ocrx_word' id='word_1_384' title='bbox 1558 2815 1944 2873; x_wconf 80' lang='lat' dir='ltr'><strong>innocentium</strong></span> <span class='ocrx_word' id='word_1_385' title='bbox 2013 2816 2169 2872; x_wconf 85' lang='lat' dir='ltr'><strong>urbis</strong></span> <span class='ocrx_word' id='word_1_386' title='bbox 2200 2817 2386 2873; x_wconf 75' lang='lat' dir='ltr'><strong>Roma:</strong></span> <span class='ocrx_word' id='word_1_387' title='bbox 2415 2819 2759 2889; x_wconf 88' lang='lat' dir='ltr'><strong>episcopum,</strong></span> <span class='ocrx_word' id='word_1_388' title='bbox 2801 2820 2870 2874; x_wconf 89' lang='lat' dir='ltr'><strong>de</strong></span> <span class='ocrx_word' id='word_1_389' title='bbox 2923 2820 3093 2875; x_wconf 90' lang='lat' dir='ltr'><strong>rebus</strong></span> <span class='ocrx_word' id='word_1_390' title='bbox 3119 2819 3235 2875; x_wconf 89' lang='lat' dir='ltr'><strong>suis</strong></span> <span class='ocrx_word' id='word_1_391' title='bbox 3263 2821 3529 2886; x_wconf 86' lang='lat' dir='ltr'><strong>scribens,</strong></span> <span class='ocrx_word' id='word_1_392' title='bbox 3559 2817 3674 2874; x_wconf 67' lang='lat' dir='ltr'><strong>haec</strong></span> 
     </span>
    </p>
   </div>
   <div class='ocr_carea' id='block_1_51' title="bbox 405 2913 913 2984">
    <p class='ocr_par' dir='ltr' id='par_1_51' title="bbox 405 2913 913 2984">
     <span class='ocr_line' id='line_1_51' title="bbox 405 2913 913 2984; baseline -0.006 -16"><span class='ocrx_word' id='word_1_393' title='bbox 405 2930 628 2984; x_wconf 87' lang='lat' dir='ltr'><strong>quoque</strong></span> <span class='ocrx_word' id='word_1_394' title='bbox 657 2913 870 2967; x_wconf 83' lang='lat' dir='ltr'><strong>addidit</strong></span> <span class='ocrx_word' id='word_1_395' title='bbox 897 2927 913 2965; x_wconf 87' lang='lat'><strong>:</strong></span> 
     </span>
    </p>
   </div>
   <div class='ocr_carea' id='block_1_52' title="bbox 991 3025 1400 3084">
    <p class='ocr_par' dir='ltr' id='par_1_52' title="bbox 991 3025 1400 3084">
     <span class='ocr_line' id='line_1_52' title="bbox 991 3025 1400 3084; baseline 0 -3"><span class='ocrx_word' id='word_1_396' title='bbox 991 3025 1218 3084; x_wconf 80' lang='lat' dir='ltr'><strong>CAPUT</strong></span> <span class='ocrx_word' id='word_1_397' title='bbox 1259 3025 1400 3082; x_wconf 80' lang='lat' dir='ltr'><strong>XIX.</strong></span> 
     </span>
    </p>
   </div>
   <div class='ocr_carea' id='block_1_53' title="bbox 2698 3025 3098 3082">
    <p class='ocr_par' dir='ltr' id='par_1_53' title="bbox 2698 3025 3098 3082">
     <span class='ocr_line' id='line_1_53' title="bbox 2698 3025 3098 3082; baseline 0.01 -4"><span class='ocrx_word' id='word_1_398' title='bbox 2698 3025 2954 3080; x_wconf 79' lang='grc' dir='ltr'><strong>ΚΕΦΑΛ.</strong></span> <span class='ocrx_word' id='word_1_399' title='bbox 2994 3026 3098 3082; x_wconf 84' lang='grc' dir='ltr'><strong>ῐΘ’.</strong></span> 
     </span>
    </p>
   </div>
   <div class='ocr_carea' id='block_1_54' title="bbox 401 3116 1981 3199">
    <p class='ocr_par' dir='ltr' id='par_1_54' title="bbox 401 3116 1981 3199">
     <span class='ocr_line' id='line_1_54' title="bbox 401 3116 1981 3199; baseline 0 -25"><span class='ocrx_word' id='word_1_400' title='bbox 401 3120 644 3191; x_wconf 71' lang='grc' dir='ltr'>Ερίετοίιι</span> <span class='ocrx_word' id='word_1_401' title='bbox 693 3120 797 3173; x_wconf 83' lang='lat' dir='ltr'><strong>divi</strong></span> <span class='ocrx_word' id='word_1_402' title='bbox 839 3116 1233 3199; x_wconf 68' lang='lat' dir='ltr'><strong>Chrysostomi,</strong></span> <span class='ocrx_word' id='word_1_403' title='bbox 1270 3134 1359 3199; x_wconf 80' lang='lat' dir='ltr'><strong>_ea_</strong></span> <span class='ocrx_word' id='word_1_404' title='bbox 1393 3122 1604 3199; x_wconf 43' lang='lat' dir='ltr'><strong>qucehei</strong></span> <span class='ocrx_word' id='word_1_405' title='bbox 1657 3121 1981 3185; x_wconf 80' lang='lat' dir='ltr'><strong>acciderunt,</strong></span> 
     </span>
    </p>
   </div>
   <div class='ocr_carea' id='block_1_55' title="bbox 2087 3116 3673 3199">
    <p class='ocr_par' dir='ltr' id='par_1_55' title="bbox 2106 3118 3673 3199">
     <span class='ocr_line' id='line_1_55' title="bbox 2106 3118 3673 3199; baseline 0 -27"><span class='ocrx_word' id='word_1_406' title='bbox 2106 3118 2438 3199; x_wconf 47' lang='grc' dir='ltr'>Ἐπιστολὴ</span> <span class='ocrx_word' id='word_1_407' title='bbox 2476 3135 2602 3199; x_wconf 46' lang='grc' dir='ltr'>τρυ.</span> <span class='ocrx_word' id='word_1_408' title='bbox 2642 3120 3300 3199; x_wconf 40' lang='grc' dir='ltr'>θειουΑΧρυσρστᾴμου,</span> <span class='ocrx_word' id='word_1_409' title='bbox 3351 3118 3673 3199; x_wconf 34' lang='grc' dir='ltr'>’διεξιοῦσα</span> 
     </span>
    </p>
   </div>
   <div class='ocr_carea' id='block_1_56' title="bbox 468 3189 1982 3263">
    <p class='ocr_par' dir='ltr' id='par_1_56' title="bbox 468 3189 1982 3263">
     <span class='ocr_line' id='line_1_56' title="bbox 468 3189 1982 3263; baseline 0.001 -18"><span class='ocrx_word' id='word_1_410' title='bbox 468 3204 908 3253; x_wconf 75' lang='lat' dir='ltr'><strong>commemorans,</strong></span> <span class='ocrx_word' id='word_1_411' title='bbox 938 3194 1076 3242; x_wconf 82' lang='lat' dir='ltr'><strong>etde</strong></span> <span class='ocrx_word' id='word_1_412' title='bbox 1102 3189 1168 3242; x_wconf 79' lang='lat' dir='ltr'><strong>iis</strong></span> <span class='ocrx_word' id='word_1_413' title='bbox 1194 3190 1282 3261; x_wconf 84' lang='lat' dir='ltr'><strong>qui</strong></span> <span class='ocrx_word' id='word_1_414' title='bbox 1312 3190 1360 3244; x_wconf 84' lang='lat' dir='ltr'><strong>ei</strong></span> <span class='ocrx_word' id='word_1_415' title='bbox 1382 3189 1552 3243; x_wconf 75' lang='lat' dir='ltr'><strong>exsilii</strong></span> <span class='ocrx_word' id='word_1_416' title='bbox 1581 3199 1815 3261; x_wconf 80' lang='lat' dir='ltr'><strong>tempore</strong></span> <span class='ocrx_word' id='word_1_417' title='bbox 1845 3209 1982 3263; x_wconf 83' lang='lat' dir='ltr'><strong>pra:-</strong></span> 
     </span>
    </p>
   </div>
   <div class='ocr_carea' id='block_1_57' title="bbox 467 3262 746 3331">
    <p class='ocr_par' dir='ltr' id='par_1_57' title="bbox 467 3262 746 3331">
     <span class='ocr_line' id='line_1_57' title="bbox 467 3262 746 3331; baseline -0.011 -16"><span class='ocrx_word' id='word_1_418' title='bbox 467 3274 549 3315; x_wconf 75' lang='grc' dir='ltr'>διο</span> <span class='ocrx_word' id='word_1_419' title='bbox 581 3262 746 3331; x_wconf 76' lang='lat' dir='ltr'><strong>fuere.</strong></span> 
     </span>
    </p>
   </div>
   <div class='ocr_carea' id='block_1_58' title="bbox 476 3372 1982 3442">
    <p class='ocr_par' dir='ltr' id='par_1_58' title="bbox 476 3372 1982 3442">
     <span class='ocr_line' id='line_1_58' title="bbox 476 3372 1982 3442; baseline 0.004 -16"><span class='ocrx_word' id='word_1_420' title='bbox 476 3393 496 3426; x_wconf 81' lang='grc' dir='ltr'><strong>ι</strong></span> <span class='ocrx_word' id='word_1_421' title='bbox 535 3373 822 3438; x_wconf 75' lang='lat' dir='ltr'><strong>Quomolo</strong></span> <span class='ocrx_word' id='word_1_422' title='bbox 853 3388 981 3426; x_wconf 87' lang='lat' dir='ltr'><strong>vero</strong></span> <span class='ocrx_word' id='word_1_423' title='bbox 1023 3372 1246 3428; x_wconf 89' lang='lat' dir='ltr'><strong>tandem</strong></span> <span class='ocrx_word' id='word_1_424' title='bbox 1279 3389 1402 3442; x_wconf 71' lang='lat' dir='ltr'><strong>quae</strong></span> <span class='ocrx_word' id='word_1_425' title='bbox 1436 3374 1516 3429; x_wconf 90' lang='lat' dir='ltr'><strong>sic</strong></span> <span class='ocrx_word' id='word_1_426' title='bbox 1554 3385 1675 3429; x_wconf 89' lang='lat' dir='ltr'><strong>acta</strong></span> <span class='ocrx_word' id='word_1_427' title='bbox 1723 3389 1891 3442; x_wconf 89' lang='lat' dir='ltr'><strong>sunt,</strong></span> <span class='ocrx_word' id='word_1_428' title='bbox 1925 3387 1982 3432; x_wconf 90' lang='lat' dir='ltr'><strong>et</strong></span> 
     </span>
    </p>
   </div>
   <div class='ocr_carea' id='block_1_59' title="bbox 400 3466 1982 3538">
    <p class='ocr_par' dir='ltr' id='par_1_59' title="bbox 400 3466 1982 3538">
     <span class='ocr_line' id='line_1_59' title="bbox 400 3466 1982 3538; baseline 0.001 -17"><span class='ocrx_word' id='word_1_429' title='bbox 400 3466 724 3536; x_wconf 65' lang='lat' dir='ltr'><strong>tragmdiam</strong></span> <span class='ocrx_word' id='word_1_430' title='bbox 795 3481 1014 3520; x_wconf 70' lang='lat' dir='ltr'><strong>onlnem</strong></span> <span class='ocrx_word' id='word_1_431' title='bbox 1078 3467 1238 3536; x_wconf 84' lang='lat' dir='ltr'><strong>longe</strong></span> <span class='ocrx_word' id='word_1_432' title='bbox 1287 3478 1595 3536; x_wconf 88' lang='lat' dir='ltr'><strong>superant,</strong></span> <span class='ocrx_word' id='word_1_433' title='bbox 1666 3469 1982 3538; x_wconf 78' lang='lat' dir='ltr'><strong>explicem?</strong></span> 
     </span>
    </p>
   </div>
   <div class='ocr_carea' id='block_1_60' title="bbox 397 3558 1980 3627">
    <p class='ocr_par' dir='ltr' id='par_1_60' title="bbox 397 3558 1980 3627">
     <span class='ocr_line' id='line_1_60' title="bbox 397 3558 1980 3627; baseline 0.003 -15"><span class='ocrx_word' id='word_1_434' title='bbox 397 3561 529 3627; x_wconf 69' lang='lat' dir='ltr'><strong>Qua:</strong></span> <span class='ocrx_word' id='word_1_435' title='bbox 569 3565 748 3612; x_wconf 82' lang='lat' dir='ltr'><strong>oratio</strong></span> <span class='ocrx_word' id='word_1_436' title='bbox 777 3575 842 3612; x_wconf 83' lang='lat' dir='ltr'><strong>ea</strong></span> <span class='ocrx_word' id='word_1_437' title='bbox 882 3560 1208 3613; x_wconf 79' lang='lat' dir='ltr'><strong>recenseat?</strong></span> <span class='ocrx_word' id='word_1_438' title='bbox 1241 3558 1372 3623; x_wconf 65' lang='lat' dir='ltr'><strong>Qnaa</strong></span> <span class='ocrx_word' id='word_1_439' title='bbox 1401 3575 1567 3615; x_wconf 90' lang='lat' dir='ltr'><strong>aures</strong></span> <span class='ocrx_word' id='word_1_440' title='bbox 1598 3561 1716 3615; x_wconf 88' lang='lat' dir='ltr'><strong>sine</strong></span> <span class='ocrx_word' id='word_1_441' title='bbox 1749 3561 1980 3616; x_wconf 89' lang='lat' dir='ltr'><strong>horrore</strong></span> 
     </span>
    </p>
   </div>
   <div class='ocr_carea' id='block_1_61' title="bbox 399 3652 1976 3721">
    <p class='ocr_par' dir='ltr' id='par_1_61' title="bbox 399 3652 1976 3721">
     <span class='ocr_line' id='line_1_61' title="bbox 399 3652 1976 3721; baseline -0.001 -13"><span class='ocrx_word' id='word_1_442' title='bbox 399 3652 717 3721; x_wconf 77' lang='lat' dir='ltr'><strong>excipiant?</strong></span> <span class='ocrx_word' id='word_1_443' title='bbox 768 3652 905 3705; x_wconf 77' lang='lat' dir='ltr'><strong>Cum</strong></span> <span class='ocrx_word' id='word_1_444' title='bbox 934 3654 1084 3705; x_wconf 91' lang='lat' dir='ltr'><strong>enim</strong></span> <span class='ocrx_word' id='word_1_445' title='bbox 1117 3665 1219 3704; x_wconf 90' lang='lat' dir='ltr'><strong>nos</strong></span> <span class='ocrx_word' id='word_1_446' title='bbox 1256 3665 1320 3705; x_wconf 90' lang='lat' dir='ltr'><strong>ea</strong></span> <span class='ocrx_word' id='word_1_447' title='bbox 1360 3666 1484 3720; x_wconf 76' lang='lat' dir='ltr'><strong>qua:</strong></span> <span class='ocrx_word' id='word_1_448' title='bbox 1510 3662 1675 3706; x_wconf 90' lang='lat' dir='ltr'><strong>antea</strong></span> <span class='ocrx_word' id='word_1_449' title='bbox 1701 3652 1976 3716; x_wconf 84' lang='lat' dir='ltr'><strong>diximus,</strong></span> 
     </span>
    </p>
   </div>
   <div class='ocr_carea' id='block_1_62' title="bbox 395 3741 1976 3816">
    <p class='ocr_par' dir='ltr' id='par_1_62' title="bbox 395 3741 1976 3816">
     <span class='ocr_line' id='line_1_62' title="bbox 395 3741 1976 3816; baseline 0.001 -18"><span class='ocrx_word' id='word_1_450' title='bbox 395 3744 892 3816; x_wconf 57' lang='lat' dir='ltr'><strong>pratenderemus,</strong></span> <span class='ocrx_word' id='word_1_451' title='bbox 946 3741 1200 3796; x_wconf 84' lang='lat' dir='ltr'><strong>militaris</strong></span> <span class='ocrx_word' id='word_1_452' title='bbox 1241 3757 1437 3796; x_wconf 90' lang='lat' dir='ltr'><strong>manus</strong></span> <span class='ocrx_word' id='word_1_453' title='bbox 1473 3741 1795 3807; x_wconf 85' lang='lat' dir='ltr'><strong>confertim,</strong></span> <span class='ocrx_word' id='word_1_454' title='bbox 1852 3745 1976 3816; x_wconf 91' lang='lat' dir='ltr'><strong>ipso</strong></span> 
     </span>
    </p>
   </div>
   <div class='ocr_carea' id='block_1_63' title="bbox 397 3831 1978 3906">
    <p class='ocr_par' dir='ltr' id='par_1_63' title="bbox 397 3831 1978 3906">
     <span class='ocr_line' id='line_1_63' title="bbox 397 3831 1978 3906; baseline 0.001 -15"><span class='ocrx_word' id='word_1_455' title='bbox 397 3835 583 3906; x_wconf 75' lang='lat' dir='ltr'><strong>magni</strong></span> <span class='ocrx_word' id='word_1_456' title='bbox 622 3833 853 3889; x_wconf 84' lang='lat' dir='ltr'><strong>Sabbati</strong></span> <span class='ocrx_word' id='word_1_457' title='bbox 896 3833 988 3887; x_wconf 91' lang='lat' dir='ltr'><strong>die</strong></span> <span class='ocrx_word' id='word_1_458' title='bbox 1014 3834 1128 3898; x_wconf 90' lang='lat' dir='ltr'><strong>jam</strong></span> <span class='ocrx_word' id='word_1_459' title='bbox 1160 3831 1230 3887; x_wconf 92' lang='lat' dir='ltr'><strong>ad</strong></span> <span class='ocrx_word' id='word_1_460' title='bbox 1261 3848 1553 3903; x_wconf 86' lang='lat' dir='ltr'><strong>vesperam</strong></span> <span class='ocrx_word' id='word_1_461' title='bbox 1594 3844 1880 3902; x_wconf 76' lang='lat' dir='ltr'><strong>vergente,</strong></span> <span class='ocrx_word' id='word_1_462' title='bbox 1921 3838 1978 3892; x_wconf 91' lang='lat' dir='ltr'><strong>in</strong></span> 
     </span>
    </p>
   </div>
   <div class='ocr_carea' id='block_1_64' title="bbox 396 3923 1978 4000">
    <p class='ocr_par' dir='ltr' id='par_1_64' title="bbox 396 3923 1978 4000">
     <span class='ocr_line' id='line_1_64' title="bbox 396 3923 1978 4000; baseline 0.001 -18"><span class='ocrx_word' id='word_1_463' title='bbox 396 3927 665 3983; x_wconf 88' lang='lat' dir='ltr'><strong>ecclesias</strong></span> <span class='ocrx_word' id='word_1_464' title='bbox 710 3925 1049 3994; x_wconf 88' lang='lat' dir='ltr'><strong>irrumpens,</strong></span> <span class='ocrx_word' id='word_1_465' title='bbox 1097 3923 1312 3979; x_wconf 86' lang='lat' dir='ltr'><strong>clerqu</strong></span> <span class='ocrx_word' id='word_1_466' title='bbox 1371 3941 1481 3980; x_wconf 89' lang='lat' dir='ltr'><strong>una</strong></span> <span class='ocrx_word' id='word_1_467' title='bbox 1535 3926 1825 3983; x_wconf 87' lang='lat' dir='ltr'><strong>nobiscum</strong></span> <span class='ocrx_word' id='word_1_468' title='bbox 1879 3944 1978 4000; x_wconf 91' lang='lat' dir='ltr'><strong>per</strong></span> 
     </span>
    </p>
   </div>
   <div class='ocr_carea' id='block_1_65' title="bbox 394 4017 1976 4091">
    <p class='ocr_par' dir='ltr' id='par_1_65' title="bbox 394 4017 1976 4091">
     <span class='ocr_line' id='line_1_65' title="bbox 394 4017 1976 4091; baseline 0.001 -17"><span class='ocrx_word' id='word_1_469' title='bbox 394 4021 508 4075; x_wconf 82' lang='lat' dir='ltr'><strong>vim</strong></span> <span class='ocrx_word' id='word_1_470' title='bbox 543 4019 738 4091; x_wconf 88' lang='lat' dir='ltr'><strong>ejecit,</strong></span> <span class='ocrx_word' id='word_1_471' title='bbox 772 4026 831 4072; x_wconf 90' lang='lat' dir='ltr'><strong>et</strong></span> <span class='ocrx_word' id='word_1_472' title='bbox 870 4017 1040 4072; x_wconf 87' lang='lat' dir='ltr'><strong>armis</strong></span> <span class='ocrx_word' id='word_1_473' title='bbox 1068 4019 1448 4074; x_wconf 89' lang='lat' dir='ltr'><strong>sanctuarium</strong></span> <span class='ocrx_word' id='word_1_474' title='bbox 1493 4020 1976 4076; x_wconf 87' lang='lat' dir='ltr'><strong>circumvallatum</strong></span> 
     </span>
    </p>
   </div>
   <div class='ocr_carea' id='block_1_66' title="bbox 393 4109 1975 4181">
    <p class='ocr_par' dir='ltr' id='par_1_66' title="bbox 393 4109 1975 4181">
     <span class='ocr_line' id='line_1_66' title="bbox 393 4109 1975 4181; baseline 0.002 -15"><span class='ocrx_word' id='word_1_475' title='bbox 393 4121 517 4177; x_wconf 77' lang='lat' dir='ltr'><strong>est;</strong></span> <span class='ocrx_word' id='word_1_476' title='bbox 565 4119 622 4165; x_wconf 89' lang='lat' dir='ltr'><strong>et</strong></span> <span class='ocrx_word' id='word_1_477' title='bbox 677 4109 939 4165; x_wconf 83' lang='lat' dir='ltr'><strong>mulieres</strong></span> <span class='ocrx_word' id='word_1_478' title='bbox 988 4125 1057 4164; x_wconf 94' lang='lat' dir='ltr'><strong>co</strong></span> <span class='ocrx_word' id='word_1_479' title='bbox 1114 4117 1361 4180; x_wconf 90' lang='lat' dir='ltr'><strong>tempore</strong></span> <span class='ocrx_word' id='word_1_480' title='bbox 1415 4110 1469 4165; x_wconf 90' lang='lat' dir='ltr'><strong>iu</strong></span> <span class='ocrx_word' id='word_1_481' title='bbox 1519 4112 1730 4168; x_wconf 69' lang='lat' dir='ltr'><strong>aedibus</strong></span> <span class='ocrx_word' id='word_1_482' title='bbox 1779 4116 1975 4181; x_wconf 85' lang='lat' dir='ltr'><strong>sacris,</strong></span> 
     </span>
    </p>
   </div>
   <div class='ocr_carea' id='block_1_67' title="bbox 394 4201 1973 4276">
    <p class='ocr_par' dir='ltr' id='par_1_67' title="bbox 394 4201 1973 4276">
     <span class='ocr_line' id='line_1_67' title="bbox 394 4201 1973 4276; baseline 0.003 -20"><span class='ocrx_word' id='word_1_483' title='bbox 394 4212 620 4274; x_wconf 85' lang='lat' dir='ltr'><strong>propter</strong></span> <span class='ocrx_word' id='word_1_484' title='bbox 654 4201 987 4271; x_wconf 83' lang='lat' dir='ltr'><strong>baptismum</strong></span> <span class='ocrx_word' id='word_1_485' title='bbox 1023 4203 1275 4257; x_wconf 86' lang='lat' dir='ltr'><strong>vestibus</strong></span> <span class='ocrx_word' id='word_1_486' title='bbox 1298 4204 1570 4272; x_wconf 90' lang='lat' dir='ltr'><strong>depositis</strong></span> <span class='ocrx_word' id='word_1_487' title='bbox 1593 4245 1608 4270; x_wconf 97' lang='lat'><strong>,</strong></span> <span class='ocrx_word' id='word_1_488' title='bbox 1645 4206 1830 4272; x_wconf 87' lang='lat' dir='ltr'><strong>nuda-,</strong></span> <span class='ocrx_word' id='word_1_489' title='bbox 1858 4223 1973 4276; x_wconf 80' lang='lat' dir='ltr'><strong>prae</strong></span> 
     </span>
    </p>
   </div>
   <div class='ocr_carea' id='block_1_68' title="bbox 395 4293 1971 4370">
    <p class='ocr_par' dir='ltr' id='par_1_68' title="bbox 395 4293 1971 4370">
     <span class='ocr_line' id='line_1_68' title="bbox 395 4293 1971 4370; baseline 0.004 -23"><span class='ocrx_word' id='word_1_490' title='bbox 395 4295 595 4349; x_wconf 89' lang='lat' dir='ltr'><strong>timore</strong></span> <span class='ocrx_word' id='word_1_491' title='bbox 644 4295 832 4366; x_wconf 85' lang='lat' dir='ltr'><strong>gravis</strong></span> <span class='ocrx_word' id='word_1_492' title='bbox 881 4293 1157 4366; x_wconf 85' lang='lat' dir='ltr'><strong>ejusmodi</strong></span> <span class='ocrx_word' id='word_1_493' title='bbox 1213 4295 1595 4364; x_wconf 86' lang='lat' dir='ltr'><strong>impressionis</strong></span> <span class='ocrx_word' id='word_1_494' title='bbox 1643 4298 1971 4370; x_wconf 82' lang='lat' dir='ltr'><strong>profugere;</strong></span> 
     </span>
    </p>
   </div>
   <div class='ocr_carea' id='block_1_69' title="bbox 391 4387 1975 4460">
    <p class='ocr_par' dir='ltr' id='par_1_69' title="bbox 391 4387 1975 4460">
     <span class='ocr_line' id='line_1_69' title="bbox 391 4387 1975 4460; baseline 0.004 -19"><span class='ocrx_word' id='word_1_495' title='bbox 391 4403 573 4456; x_wconf 84' lang='lat' dir='ltr'><strong>neque</strong></span> <span class='ocrx_word' id='word_1_496' title='bbox 605 4387 688 4442; x_wconf 84' lang='lat' dir='ltr'><strong>eis</strong></span> <span class='ocrx_word' id='word_1_497' title='bbox 727 4387 1021 4442; x_wconf 87' lang='lat' dir='ltr'><strong>honestum</strong></span> <span class='ocrx_word' id='word_1_498' title='bbox 1071 4403 1234 4442; x_wconf 90' lang='lat' dir='ltr'><strong>suum</strong></span> <span class='ocrx_word' id='word_1_499' title='bbox 1269 4387 1517 4443; x_wconf 86' lang='lat' dir='ltr'><strong>habitum</strong></span> <span class='ocrx_word' id='word_1_500' title='bbox 1540 4428 1556 4455; x_wconf 97' lang='lat'><strong>,</strong></span> <span class='ocrx_word' id='word_1_501' title='bbox 1591 4390 1685 4460; x_wconf 87' lang='lat' dir='ltr'><strong>qui</strong></span> <span class='ocrx_word' id='word_1_502' title='bbox 1739 4391 1975 4448; x_wconf 83' lang='lat' dir='ltr'><strong>feminas</strong></span> 
     </span>
    </p>
   </div>
   <div class='ocr_carea' id='block_1_70' title="bbox 2164 3184 3674 3260">
    <p class='ocr_par' dir='ltr' id='par_1_70' title="bbox 2164 3184 3674 3260">
     <span class='ocr_line' id='line_1_70' title="bbox 2164 3184 3674 3260; baseline 0.001 -18"><span class='ocrx_word' id='word_1_503' title='bbox 2164 3191 2296 3260; x_wconf 69' lang='grc' dir='ltr'>περὶ</span> <span class='ocrx_word' id='word_1_504' title='bbox 2328 3184 2608 3260; x_wconf 12' lang='lat' dir='ltr'><strong>famame</strong></span> <span class='ocrx_word' id='word_1_505' title='bbox 2641 3184 2896 3256; x_wconf 70' lang='grc' dir='ltr'>συνέϐη,</span> <span class='ocrx_word' id='word_1_506' title='bbox 2929 3191 3029 3244; x_wconf 79' lang='grc' dir='ltr'><strong>καί</strong></span> <span class='ocrx_word' id='word_1_507' title='bbox 3071 3184 3197 3256; x_wconf 55' lang='grc' dir='ltr'>τοῖς·</span> <span class='ocrx_word' id='word_1_508' title='bbox 3231 3191 3364 3260; x_wconf 83' lang='grc' dir='ltr'>περὶ</span> <span class='ocrx_word' id='word_1_509' title='bbox 3397 3191 3582 3244; x_wconf 75' lang='grc' dir='ltr'>αὐτὸν</span> <span class='ocrx_word' id='word_1_510' title='bbox 3605 3192 3674 3243; x_wconf 75' lang='grc' dir='ltr'>ἐν</span> 
     </span>
    </p>
   </div>
   <div class='ocr_carea' id='block_1_71' title="bbox 2163 3259 2895 3330">
    <p class='ocr_par' dir='ltr' id='par_1_71' title="bbox 2163 3259 2895 3330">
     <span class='ocr_line' id='line_1_71' title="bbox 2163 3259 2895 3330; baseline 0.004 -17"><span class='ocrx_word' id='word_1_511' title='bbox 2163 3259 2244 3326; x_wconf 84' lang='grc' dir='ltr'>τῷ</span> <span class='ocrx_word' id='word_1_512' title='bbox 2279 3259 2389 3327; x_wconf 80' lang='grc' dir='ltr'>τῆς</span> <span class='ocrx_word' id='word_1_513' title='bbox 2413 3260 2657 3327; x_wconf 72' lang='grc' dir='ltr'>ἐξωμίας</span> <span class='ocrx_word' id='word_1_514' title='bbox 2691 3261 2895 3330; x_wconf 78' lang='grc' dir='ltr'>καιρῷ.</span> 
     </span>
    </p>
   </div>
   <div class='ocr_carea' id='block_1_72' title="bbox 2168 3373 3671 3444">
    <p class='ocr_par' dir='ltr' id='par_1_72' title="bbox 2168 3373 3671 3444">
     <span class='ocr_line' id='line_1_72' title="bbox 2168 3373 3671 3444; baseline 0.002 -19"><span class='ocrx_word' id='word_1_515' title='bbox 2168 3392 2186 3425; x_wconf 81' lang='grc' dir='ltr'><strong>ι</strong></span> <span class='ocrx_word' id='word_1_516' title='bbox 2223 3373 2344 3435; x_wconf 86' lang='grc' dir='ltr'>Πῶς</span> <span class='ocrx_word' id='word_1_517' title='bbox 2381 3373 2448 3427; x_wconf 80' lang='grc' dir='ltr'><strong>ἂν</strong></span> <span class='ocrx_word' id='word_1_518' title='bbox 2484 3373 2552 3427; x_wconf 86' lang='grc' dir='ltr'><strong>τά</strong></span> <span class='ocrx_word' id='word_1_519' title='bbox 2573 3373 2812 3427; x_wconf 88' lang='grc' dir='ltr'>ἐνταῦθα</span> <span class='ocrx_word' id='word_1_520' title='bbox 2847 3374 3226 3444; x_wconf 75' lang='grc' dir='ltr'>διηγησαίμην</span> <span class='ocrx_word' id='word_1_521' title='bbox 3271 3374 3458 3428; x_wconf 72' lang='grc' dir='ltr'>λοιπὸν</span> <span class='ocrx_word' id='word_1_522' title='bbox 3489 3377 3671 3429; x_wconf 83' lang='grc' dir='ltr'>πᾶσαν</span> 
     </span>
    </p>
   </div>
   <div class='ocr_carea' id='block_1_73' title="bbox 2089 3465 3668 3539">
    <p class='ocr_par' dir='ltr' id='par_1_73' title="bbox 2089 3465 3668 3539">
     <span class='ocr_line' id='line_1_73' title="bbox 2089 3465 3668 3539; baseline 0.001 -19"><span class='ocrx_word' id='word_1_523' title='bbox 2089 3467 2494 3536; x_wconf 82' lang='grc' dir='ltr'>ὑπερϐαίνοντα</span> <span class='ocrx_word' id='word_1_524' title='bbox 2556 3466 2907 3536; x_wconf 84' lang='grc' dir='ltr'>τραγῳδίαν;</span> <span class='ocrx_word' id='word_1_525' title='bbox 2961 3465 3059 3528; x_wconf 83' lang='grc' dir='ltr'>Τίς</span> <span class='ocrx_word' id='word_1_526' title='bbox 3109 3467 3250 3519; x_wconf 84' lang='grc' dir='ltr'><strong>αύτά</strong></span> <span class='ocrx_word' id='word_1_527' title='bbox 3296 3471 3668 3539; x_wconf 69' lang='grc' dir='ltr'>παραστήσειε</span> 
     </span>
    </p>
   </div>
   <div class='ocr_carea' id='block_1_74' title="bbox 2087 3559 3670 3632">
    <p class='ocr_par' dir='ltr' id='par_1_74' title="bbox 2087 3559 3670 3632">
     <span class='ocr_line' id='line_1_74' title="bbox 2087 3559 3670 3632; baseline 0.001 -20"><span class='ocrx_word' id='word_1_528' title='bbox 2087 3560 2244 3628; x_wconf 79' lang='grc' dir='ltr'>λόγος</span> <span class='ocrx_word' id='word_1_529' title='bbox 2277 3577 2292 3624; x_wconf 87' lang='grc'>;</span> <span class='ocrx_word' id='word_1_530' title='bbox 2355 3559 2494 3612; x_wconf 79' lang='grc' dir='ltr'>Ποία</span> <span class='ocrx_word' id='word_1_531' title='bbox 2529 3561 2702 3629; x_wconf 74' lang='grc' dir='ltr'>χωρὶς</span> <span class='ocrx_word' id='word_1_532' title='bbox 2763 3561 2971 3628; x_wconf 82' lang='grc' dir='ltr'>φρίκης</span> <span class='ocrx_word' id='word_1_533' title='bbox 3006 3559 3215 3626; x_wconf 81' lang='grc' dir='ltr'>δέξεται</span> <span class='ocrx_word' id='word_1_534' title='bbox 3256 3561 3392 3632; x_wconf 75' lang='grc' dir='ltr'>ἀκοή</span> <span class='ocrx_word' id='word_1_535' title='bbox 3422 3581 3436 3628; x_wconf 87' lang='grc'><strong>;</strong></span> <span class='ocrx_word' id='word_1_536' title='bbox 3482 3563 3670 3630; x_wconf 84' lang='grc' dir='ltr'>Ἠμῶν</span> 
     </span>
    </p>
   </div>
   <div class='ocr_carea' id='block_1_75' title="bbox 2087 3649 3669 3724">
    <p class='ocr_par' dir='ltr' id='par_1_75' title="bbox 2087 3649 3669 3724">
     <span class='ocr_line' id='line_1_75' title="bbox 2087 3649 3669 3724; baseline 0.001 -20"><span class='ocrx_word' id='word_1_537' title='bbox 2087 3651 2200 3721; x_wconf 84' lang='grc' dir='ltr'>γὰρ</span> <span class='ocrx_word' id='word_1_538' title='bbox 2233 3649 2428 3716; x_wconf 88' lang='grc' dir='ltr'>ταῦτα,</span> <span class='ocrx_word' id='word_1_539' title='bbox 2481 3650 2734 3720; x_wconf 82' lang='grc' dir='ltr'>καθάπερ</span> <span class='ocrx_word' id='word_1_540' title='bbox 2766 3650 3079 3720; x_wconf 77' lang='grc' dir='ltr'>ἔμπροσθεν</span> <span class='ocrx_word' id='word_1_541' title='bbox 3128 3650 3304 3718; x_wconf 79' lang='grc' dir='ltr'>εἷπον,</span> <span class='ocrx_word' id='word_1_542' title='bbox 3360 3658 3669 3724; x_wconf 74' lang='grc' dir='ltr'>προτεινόν-</span> 
     </span>
    </p>
   </div>
   <div class='ocr_carea' id='block_1_76' title="bbox 2086 3742 3668 3816">
    <p class='ocr_par' dir='ltr' id='par_1_76' title="bbox 2086 3742 3668 3816">
     <span class='ocr_line' id='line_1_76' title="bbox 2086 3742 3668 3816; baseline 0.001 -20"><span class='ocrx_word' id='word_1_543' title='bbox 2086 3760 2217 3810; x_wconf 86' lang='grc' dir='ltr'>των,</span> <span class='ocrx_word' id='word_1_544' title='bbox 2252 3742 2452 3814; x_wconf 84' lang='grc' dir='ltr'>ἀθρόον</span> <span class='ocrx_word' id='word_1_545' title='bbox 2483 3742 2834 3811; x_wconf 85' lang='grc' dir='ltr'>στρατιωτῶν</span> <span class='ocrx_word' id='word_1_546' title='bbox 2875 3744 3090 3813; x_wconf 70' lang='grc' dir='ltr'><strong>¹’πλῆθος</strong></span> <span class='ocrx_word' id='word_1_547' title='bbox 3136 3745 3286 3815; x_wconf 83' lang='grc' dir='ltr'>αὐτῷ</span> <span class='ocrx_word' id='word_1_548' title='bbox 3337 3747 3415 3816; x_wconf 82' lang='grc' dir='ltr'>τῷ</span> <span class='ocrx_word' id='word_1_549' title='bbox 3446 3747 3668 3816; x_wconf 78' lang='grc' dir='ltr'>μεγάλῳ</span> 
     </span>
    </p>
   </div>
   <div class='ocr_carea' id='block_1_77' title="bbox 2088 3834 3671 3908">
    <p class='ocr_par' dir='ltr' id='par_1_77' title="bbox 2088 3834 3671 3908">
     <span class='ocr_line' id='line_1_77' title="bbox 2088 3834 3671 3908; baseline 0.003 -21"><span class='ocrx_word' id='word_1_550' title='bbox 2088 3834 2352 3904; x_wconf 84' lang='grc' dir='ltr'>Σαϐϐάτῳ</span> <span class='ocrx_word' id='word_1_551' title='bbox 2383 3837 2522 3905; x_wconf 81' lang='grc' dir='ltr'>πρὸς</span> <span class='ocrx_word' id='word_1_552' title='bbox 2555 3835 2794 3903; x_wconf 67' lang='grc' dir='ltr'>ἑσπέραν</span> <span class='ocrx_word' id='word_1_553' title='bbox 2838 3836 3027 3889; x_wconf 63' lang='grc' dir='ltr'>λοιπὸν</span> <span class='ocrx_word' id='word_1_554' title='bbox 3060 3836 3160 3905; x_wconf 81' lang='grc' dir='ltr'><strong>τῆς</strong></span> <span class='ocrx_word' id='word_1_555' title='bbox 3193 3837 3410 3908; x_wconf 76' lang='grc' dir='ltr'>ἡμέρας</span> <span class='ocrx_word' id='word_1_556' title='bbox 3456 3840 3671 3908; x_wconf 78' lang='grc' dir='ltr'>ἐπειγοο</span> 
     </span>
    </p>
   </div>
   <div class='ocr_carea' id='block_1_78' title="bbox 2089 3927 3668 4003">
    <p class='ocr_par' dir='ltr' id='par_1_78' title="bbox 2089 3927 3668 4003">
     <span class='ocr_line' id='line_1_78' title="bbox 2089 3927 3668 4003; baseline 0.004 -23"><span class='ocrx_word' id='word_1_557' title='bbox 2089 3927 2283 3998; x_wconf 71' lang='grc' dir='ltr'>μένης,</span> <span class='ocrx_word' id='word_1_558' title='bbox 2316 3930 2436 3990; x_wconf 81' lang='grc' dir='ltr'>ταῖς</span> <span class='ocrx_word' id='word_1_559' title='bbox 2472 3927 2799 3996; x_wconf 78' lang='grc' dir='ltr'>ἐκκλησίαις</span> <span class='ocrx_word' id='word_1_560' title='bbox 2833 3929 3249 3994; x_wconf 79' lang='grc' dir='ltr'>ἐπεισελθόντες</span> <span class='ocrx_word' id='word_1_561' title='bbox 3277 3971 3291 3996; x_wconf 92' lang='grc'><strong>,</strong></span> <span class='ocrx_word' id='word_1_562' title='bbox 3343 3931 3434 3983; x_wconf 81' lang='grc' dir='ltr'><strong>τὸν</strong></span> <span class='ocrx_word' id='word_1_563' title='bbox 3466 3931 3668 4003; x_wconf 81' lang='grc' dir='ltr'>κλῆρον</span> 
     </span>
    </p>
   </div>
   <div class='ocr_carea' id='block_1_79' title="bbox 2085 4018 3666 4090">
    <p class='ocr_par' dir='ltr' id='par_1_79' title="bbox 2085 4018 3666 4090">
     <span class='ocr_line' id='line_1_79' title="bbox 2085 4018 3666 4090; baseline 0.003 -16"><span class='ocrx_word' id='word_1_564' title='bbox 2085 4018 2306 4074; x_wconf 70' lang='grc' dir='ltr'>ἃπαντα</span> <span class='ocrx_word' id='word_1_565' title='bbox 2328 4019 2416 4071; x_wconf 80' lang='grc' dir='ltr'><strong>τὸν</strong></span> <span class='ocrx_word' id='word_1_566' title='bbox 2449 4021 2546 4072; x_wconf 80' lang='grc' dir='ltr'><strong>σὺν</strong></span> <span class='ocrx_word' id='word_1_567' title='bbox 2575 4020 2708 4090; x_wconf 79' lang='grc' dir='ltr'>ἡμῖν</span> <span class='ocrx_word' id='word_1_568' title='bbox 2735 4021 2874 4090; x_wconf 73' lang='grc' dir='ltr'>πρὸς</span> <span class='ocrx_word' id='word_1_569' title='bbox 2905 4023 3026 4090; x_wconf 81' lang='grc' dir='ltr'>βίαν</span> <span class='ocrx_word' id='word_1_570' title='bbox 3055 4023 3337 4090; x_wconf 78' lang='grc' dir='ltr'>ἐξέϐαλον,</span> <span class='ocrx_word' id='word_1_571' title='bbox 3365 4026 3461 4077; x_wconf 78' lang='grc' dir='ltr'>καὶ</span> <span class='ocrx_word' id='word_1_572' title='bbox 3482 4027 3666 4089; x_wconf 85' lang='grc' dir='ltr'>ὅπλοις</span> 
     </span>
    </p>
   </div>
   <div class='ocr_carea' id='block_1_80' title="bbox 2083 4110 3668 4185">
    <p class='ocr_par' dir='ltr' id='par_1_80' title="bbox 2083 4110 3668 4185">
     <span class='ocr_line' id='line_1_80' title="bbox 2083 4110 3668 4185; baseline 0.006 -23"><span class='ocrx_word' id='word_1_573' title='bbox 2083 4112 2146 4162; x_wconf 81' lang='grc' dir='ltr'><strong>τὸ</strong></span> <span class='ocrx_word' id='word_1_574' title='bbox 2180 4110 2334 4181; x_wconf 81' lang='grc' dir='ltr'>βῆμα</span> <span class='ocrx_word' id='word_1_575' title='bbox 2371 4111 2810 4181; x_wconf 79' lang='grc' dir='ltr'>περιεστσίχιστο</span> <span class='ocrx_word' id='word_1_576' title='bbox 2833 4127 2847 4142; x_wconf 88' lang='grc'><strong>·</strong></span> <span class='ocrx_word' id='word_1_577' title='bbox 2905 4114 3003 4166; x_wconf 63' lang='grc' dir='ltr'><strong>καί⁵</strong></span> <span class='ocrx_word' id='word_1_578' title='bbox 3035 4117 3298 4182; x_wconf 86' lang='grc' dir='ltr'>γυναῖκες</span> <span class='ocrx_word' id='word_1_579' title='bbox 3331 4118 3441 4169; x_wconf 82' lang='grc' dir='ltr'>τῶν</span> <span class='ocrx_word' id='word_1_580' title='bbox 3470 4119 3668 4185; x_wconf 81' lang='grc' dir='ltr'>εύκτη-</span> 
     </span>
    </p>
   </div>
   <div class='ocr_carea' id='block_1_81' title="bbox 2088 4202 3666 4278">
    <p class='ocr_par' dir='ltr' id='par_1_81' title="bbox 2088 4202 3666 4278">
     <span class='ocr_line' id='line_1_81' title="bbox 2088 4202 3666 4278; baseline 0.006 -24"><span class='ocrx_word' id='word_1_581' title='bbox 2088 4203 2220 4273; x_wconf 88' lang='grc' dir='ltr'>ρίων</span> <span class='ocrx_word' id='word_1_582' title='bbox 2266 4203 2434 4256; x_wconf 85' lang='grc' dir='ltr'>οῐκων</span> <span class='ocrx_word' id='word_1_583' title='bbox 2487 4203 2625 4272; x_wconf 84' lang='grc' dir='ltr'>πρὸς</span> <span class='ocrx_word' id='word_1_584' title='bbox 2673 4203 2734 4256; x_wconf 86' lang='grc' dir='ltr'><strong>τὸ</strong></span> <span class='ocrx_word' id='word_1_585' title='bbox 2778 4202 3070 4276; x_wconf 84' lang='grc' dir='ltr'>βάπτισμα</span> <span class='ocrx_word' id='word_1_586' title='bbox 3097 4208 3510 4278; x_wconf 71' lang='grc' dir='ltr'>ἀποδυσάμεναι</span> <span class='ocrx_word' id='word_1_587' title='bbox 3546 4211 3666 4263; x_wconf 85' lang='grc' dir='ltr'>κατ’</span> 
     </span>
    </p>
   </div>
   <div class='ocr_carea' id='block_1_82' title="bbox 2085 4293 3666 4373">
    <p class='ocr_par' dir='ltr' id='par_1_82' title="bbox 2085 4293 3666 4373">
     <span class='ocr_line' id='line_1_82' title="bbox 2085 4293 3666 4373; baseline 0.006 -25"><span class='ocrx_word' id='word_1_588' title='bbox 2085 4295 2246 4348; x_wconf 77' lang='grc' dir='ltr'>αὑτὸν</span> <span class='ocrx_word' id='word_1_589' title='bbox 2276 4293 2368 4348; x_wconf 82' lang='grc' dir='ltr'><strong>τὸν</strong></span> <span class='ocrx_word' id='word_1_590' title='bbox 2399 4296 2618 4366; x_wconf 83' lang='grc' dir='ltr'>καιρὸν,</span> <span class='ocrx_word' id='word_1_591' title='bbox 2649 4299 2857 4366; x_wconf 80' lang='grc' dir='ltr'>γυμναὶ</span> <span class='ocrx_word' id='word_1_592' title='bbox 2888 4299 3090 4367; x_wconf 76' lang='grc' dir='ltr'>ἔφυγον</span> <span class='ocrx_word' id='word_1_593' title='bbox 3123 4301 3230 4353; x_wconf 77' lang='grc' dir='ltr'><strong>ἀπὸ</strong></span> <span class='ocrx_word' id='word_1_594' title='bbox 3258 4302 3347 4353; x_wconf 89' lang='grc' dir='ltr'><strong>τοῦ</strong></span> <span class='ocrx_word' id='word_1_595' title='bbox 3383 4304 3548 4370; x_wconf 72' lang='grc' dir='ltr'>φόϐου</span> <span class='ocrx_word' id='word_1_596' title='bbox 3571 4306 3666 4373; x_wconf 78' lang='grc' dir='ltr'>τῆς</span> 
     </span>
    </p>
   </div>
   <div class='ocr_carea' id='block_1_83' title="bbox 2083 4389 3666 4465">
    <p class='ocr_par' dir='ltr' id='par_1_83' title="bbox 2083 4389 3666 4465">
     <span class='ocr_line' id='line_1_83' title="bbox 2083 4389 3666 4465; baseline 0.006 -23"><span class='ocrx_word' id='word_1_597' title='bbox 2083 4389 2330 4459; x_wconf 79' lang='grc' dir='ltr'>χαλεπῆς</span> <span class='ocrx_word' id='word_1_598' title='bbox 2361 4389 2571 4459; x_wconf 82' lang='grc' dir='ltr'>ταύτης</span> <span class='ocrx_word' id='word_1_599' title='bbox 2600 4391 2819 4459; x_wconf 76' lang='grc' dir='ltr'>ἐφόδου,</span> <span class='ocrx_word' id='word_1_600' title='bbox 2852 4393 2975 4446; x_wconf 77' lang='grc' dir='ltr'>οὐδὲ</span> <span class='ocrx_word' id='word_1_601' title='bbox 3011 4393 3110 4463; x_wconf 80' lang='grc' dir='ltr'>τὴν</span> <span class='ocrx_word' id='word_1_602' title='bbox 3132 4396 3453 4463; x_wconf 85' lang='grc' dir='ltr'>πρέπουσαν</span> <span class='ocrx_word' id='word_1_603' title='bbox 3484 4413 3666 4465; x_wconf 78' lang='grc' dir='ltr'>γυναι-</span> 
     </span>
    </p>
   </div>
   <div class='ocr_carea' id='block_1_84' title="bbox 392 4481 1981 4571">
    <p class='ocr_par' dir='ltr' id='par_1_84' title="bbox 392 4485 1971 4557">
     <span class='ocr_line' id='line_1_84' title="bbox 392 4485 1971 4557; baseline 0.003 -18"><span class='ocrx_word' id='word_1_604' title='bbox 392 4487 631 4539; x_wconf 77' lang='lat' dir='ltr'><strong>maxime</strong></span> <span class='ocrx_word' id='word_1_605' title='bbox 661 4485 841 4551; x_wconf 86' lang='lat' dir='ltr'><strong>decet,</strong></span> <span class='ocrx_word' id='word_1_606' title='bbox 883 4501 1106 4540; x_wconf 88' lang='lat' dir='ltr'><strong>sumere</strong></span> <span class='ocrx_word' id='word_1_607' title='bbox 1129 4526 1144 4551; x_wconf 95' lang='lat'><strong>,</strong></span> <span class='ocrx_word' id='word_1_608' title='bbox 1172 4501 1349 4555; x_wconf 86' lang='lat' dir='ltr'><strong>seque</strong></span> <span class='ocrx_word' id='word_1_609' title='bbox 1383 4486 1609 4542; x_wconf 85' lang='lat' dir='ltr'><strong>amicire</strong></span> <span class='ocrx_word' id='word_1_610' title='bbox 1641 4490 1971 4557; x_wconf 88' lang='lat' dir='ltr'><strong>permissum</strong></span> 
     </span>
    </p>
   </div>
   <div class='ocr_carea' id='block_1_85' title="bbox 2087 4481 3660 4571">
    <p class='ocr_par' dir='ltr' id='par_1_85' title="bbox 2087 4481 3660 4558">
     <span class='ocr_line' id='line_1_85' title="bbox 2087 4481 3660 4558; baseline 0.005 -23"><span class='ocrx_word' id='word_1_611' title='bbox 2087 4481 2167 4546; x_wconf 63' lang='grc' dir='ltr'><strong>ξίν</strong></span> <span class='ocrx_word' id='word_1_612' title='bbox 2198 4481 2620 4552; x_wconf 81' lang='grc' dir='ltr'>εὐσχημοσύνην</span> <span class='ocrx_word' id='word_1_613' title='bbox 2653 4500 3113 4556; x_wconf 87' lang='grc' dir='ltr'>συγχωρουμεναι</span> <span class='ocrx_word' id='word_1_614' title='bbox 3156 4488 3496 4558; x_wconf 83' lang='grc' dir='ltr'>περιθέσθαι.</span> <span class='ocrx_word' id='word_1_615' title='bbox 3531 4492 3660 4543; x_wconf 54' lang='lat' dir='ltr'><strong>[loi-</strong></span> 
     </span>
    </p>
   </div>
   <div class='ocr_carea' id='block_1_86' title="bbox 389 4574 1971 4648">
    <p class='ocr_par' dir='ltr' id='par_1_86' title="bbox 389 4574 1971 4648">
     <span class='ocr_line' id='line_1_86' title="bbox 389 4574 1971 4648; baseline 0.003 -19"><span class='ocrx_word' id='word_1_616' title='bbox 389 4587 496 4630; x_wconf 78' lang='lat' dir='ltr'><strong>cst.</strong></span> <span class='ocrx_word' id='word_1_617' title='bbox 533 4574 712 4629; x_wconf 70' lang='lat' dir='ltr'><strong>Multa:</strong></span> <span class='ocrx_word' id='word_1_618' title='bbox 735 4591 864 4629; x_wconf 86' lang='lat' dir='ltr'><strong>vero</strong></span> <span class='ocrx_word' id='word_1_619' title='bbox 900 4575 1225 4630; x_wconf 85' lang='lat' dir='ltr'><strong>vulneribus</strong></span> <span class='ocrx_word' id='word_1_620' title='bbox 1259 4577 1426 4631; x_wconf 84' lang='lat' dir='ltr'><strong>etiam</strong></span> <span class='ocrx_word' id='word_1_621' title='bbox 1459 4578 1702 4647; x_wconf 89' lang='lat' dir='ltr'><strong>acceptis</strong></span> <span class='ocrx_word' id='word_1_622' title='bbox 1731 4581 1971 4648; x_wconf 67' lang='lat' dir='ltr'><strong>espulsze</strong></span> 
     </span>
    </p>
   </div>
   <div class='ocr_carea' id='block_1_87' title="bbox 389 4667 1972 4739">
    <p class='ocr_par' dir='ltr' id='par_1_87' title="bbox 389 4667 1972 4739">
     <span class='ocr_line' id='line_1_87' title="bbox 389 4667 1972 4739; baseline 0.003 -19"><span class='ocrx_word' id='word_1_623' title='bbox 389 4678 547 4721; x_wconf 87' lang='lat' dir='ltr'><strong>sunt.</strong></span> <span class='ocrx_word' id='word_1_624' title='bbox 579 4667 823 4721; x_wconf 74' lang='lat' dir='ltr'><strong>Lavacra</strong></span> <span class='ocrx_word' id='word_1_625' title='bbox 866 4668 982 4736; x_wconf 89' lang='lat' dir='ltr'><strong>ipsa</strong></span> <span class='ocrx_word' id='word_1_626' title='bbox 1015 4669 1280 4736; x_wconf 80' lang='lat' dir='ltr'><strong>sanguine</strong></span> <span class='ocrx_word' id='word_1_627' title='bbox 1309 4669 1542 4739; x_wconf 85' lang='lat' dir='ltr'><strong>repleta,</strong></span> <span class='ocrx_word' id='word_1_628' title='bbox 1581 4679 1638 4724; x_wconf 87' lang='lat' dir='ltr'><strong>et</strong></span> <span class='ocrx_word' id='word_1_629' title='bbox 1665 4671 1811 4724; x_wconf 86' lang='lat' dir='ltr'><strong>sacri</strong></span> <span class='ocrx_word' id='word_1_630' title='bbox 1843 4671 1972 4724; x_wconf 89' lang='lat' dir='ltr'><strong>lati-</strong></span> 
     </span>
    </p>
   </div>
   <div class='ocr_carea' id='block_1_88' title="bbox 389 4759 1971 4829">
    <p class='ocr_par' dir='ltr' id='par_1_88' title="bbox 389 4759 1971 4829">
     <span class='ocr_line' id='line_1_88' title="bbox 389 4759 1971 4829; baseline 0.003 -17"><span class='ocrx_word' id='word_1_631' title='bbox 389 4774 485 4812; x_wconf 90' lang='lat' dir='ltr'><strong>ces</strong></span> <span class='ocrx_word' id='word_1_632' title='bbox 526 4774 808 4827; x_wconf 90' lang='lat' dir='ltr'><strong>purpureo</strong></span> <span class='ocrx_word' id='word_1_633' title='bbox 848 4760 1129 4829; x_wconf 82' lang='lat' dir='ltr'><strong>sanguinis</strong></span> <span class='ocrx_word' id='word_1_634' title='bbox 1159 4764 1345 4814; x_wconf 90' lang='lat' dir='ltr'><strong>colore</strong></span> <span class='ocrx_word' id='word_1_635' title='bbox 1390 4759 1603 4814; x_wconf 87' lang='lat' dir='ltr'><strong>infecti.</strong></span> <span class='ocrx_word' id='word_1_636' title='bbox 1655 4759 1862 4816; x_wconf 84' lang='lat' dir='ltr'><strong>Verum</strong></span> <span class='ocrx_word' id='word_1_637' title='bbox 1904 4777 1971 4816; x_wconf 92' lang='lat' dir='ltr'><strong>ne</strong></span> 
     </span>
    </p>
   </div>
   <div class='ocr_carea' id='block_1_89' title="bbox 389 4848 1969 4918">
    <p class='ocr_par' dir='ltr' id='par_1_89' title="bbox 389 4848 1969 4918">
     <span class='ocr_line' id='line_1_89' title="bbox 389 4848 1969 4918; baseline 0.004 -15"><span class='ocrx_word' id='word_1_638' title='bbox 389 4850 445 4904; x_wconf 87' lang='lat' dir='ltr'><strong>in</strong></span> <span class='ocrx_word' id='word_1_639' title='bbox 501 4848 606 4904; x_wconf 88' lang='lat' dir='ltr'><strong>hoc</strong></span> <span class='ocrx_word' id='word_1_640' title='bbox 637 4850 860 4918; x_wconf 89' lang='lat' dir='ltr'><strong>quidem</strong></span> <span class='ocrx_word' id='word_1_641' title='bbox 917 4867 1160 4904; x_wconf 73' lang='lat' dir='ltr'><strong>aarumna</strong></span> <span class='ocrx_word' id='word_1_642' title='bbox 1215 4851 1332 4906; x_wconf 66' lang='lat' dir='ltr'><strong>haec</strong></span> <span class='ocrx_word' id='word_1_643' title='bbox 1397 4853 1669 4906; x_wconf 84' lang='lat' dir='ltr'><strong>constitit.</strong></span> <span class='ocrx_word' id='word_1_644' title='bbox 1723 4854 1831 4908; x_wconf 83' lang='lat' dir='ltr'><strong>Sed</strong></span> <span class='ocrx_word' id='word_1_645' title='bbox 1879 4855 1969 4909; x_wconf 87' lang='lat' dir='ltr'><strong>ubi</strong></span> 
     </span>
    </p>
   </div>
   <div class='ocr_carea' id='block_1_90' title="bbox 389 4943 1966 5014">
    <p class='ocr_par' dir='ltr' id='par_1_90' title="bbox 389 4943 1966 5014">
     <span class='ocr_line' id='line_1_90' title="bbox 389 4943 1966 5014; baseline 0.003 -18"><span class='ocrx_word' id='word_1_646' title='bbox 389 4950 578 4996; x_wconf 87' lang='lat' dir='ltr'><strong>sancta</strong></span> <span class='ocrx_word' id='word_1_647' title='bbox 619 4952 752 4995; x_wconf 91' lang='lat' dir='ltr'><strong>sunt</strong></span> <span class='ocrx_word' id='word_1_648' title='bbox 787 4943 1054 5011; x_wconf 89' lang='lat' dir='ltr'><strong>reposita,</strong></span> <span class='ocrx_word' id='word_1_649' title='bbox 1085 4959 1151 4997; x_wconf 88' lang='lat' dir='ltr'><strong>eo</strong></span> <span class='ocrx_word' id='word_1_650' title='bbox 1185 4944 1391 4997; x_wconf 87' lang='lat' dir='ltr'><strong>milites</strong></span> <span class='ocrx_word' id='word_1_651' title='bbox 1424 4945 1693 5014; x_wconf 86' lang='lat' dir='ltr'><strong>ingressi;</strong></span> <span class='ocrx_word' id='word_1_652' title='bbox 1730 4962 1966 5013; x_wconf 88' lang='lat' dir='ltr'><strong>quorum</strong></span> 
     </span>
    </p>
   </div>
   <div class='ocr_carea' id='block_1_91' title="bbox 388 5032 1970 5102">
    <p class='ocr_par' dir='ltr' id='par_1_91' title="bbox 388 5032 1970 5102">
     <span class='ocr_line' id='line_1_91' title="bbox 388 5032 1970 5102; baseline 0.002 -14"><span class='ocrx_word' id='word_1_653' title='bbox 388 5032 665 5098; x_wconf 89' lang='lat' dir='ltr'><strong>nonnulli,</strong></span> <span class='ocrx_word' id='word_1_654' title='bbox 700 5032 865 5086; x_wconf 83' lang='lat' dir='ltr'><strong>sicuti</strong></span> <span class='ocrx_word' id='word_1_655' title='bbox 911 5035 1248 5102; x_wconf 85' lang='lat' dir='ltr'><strong>accepimus,</strong></span> <span class='ocrx_word' id='word_1_656' title='bbox 1281 5033 1617 5090; x_wconf 74' lang='lat' dir='ltr'><strong>Christianis</strong></span> <span class='ocrx_word' id='word_1_657' title='bbox 1651 5037 1823 5091; x_wconf 88' lang='lat' dir='ltr'><strong>sacris</strong></span> <span class='ocrx_word' id='word_1_658' title='bbox 1859 5038 1970 5092; x_wconf 91' lang='lat' dir='ltr'><strong>ini-</strong></span> 
     </span>
    </p>
   </div>
   <div class='ocr_carea' id='block_1_92' title="bbox 390 5127 1968 5198">
    <p class='ocr_par' dir='ltr' id='par_1_92' title="bbox 390 5127 1968 5198">
     <span class='ocr_line' id='line_1_92' title="bbox 390 5127 1968 5198; baseline 0.003 -18"><span class='ocrx_word' id='word_1_659' title='bbox 390 5128 510 5182; x_wconf 88' lang='lat' dir='ltr'><strong>tiati</strong></span> <span class='ocrx_word' id='word_1_660' title='bbox 555 5141 662 5180; x_wconf 88' lang='lat' dir='ltr'><strong>non</strong></span> <span class='ocrx_word' id='word_1_661' title='bbox 714 5135 910 5191; x_wconf 86' lang='lat' dir='ltr'><strong>crant;</strong></span> <span class='ocrx_word' id='word_1_662' title='bbox 955 5137 1011 5180; x_wconf 88' lang='lat' dir='ltr'><strong>et</strong></span> <span class='ocrx_word' id='word_1_663' title='bbox 1043 5127 1266 5188; x_wconf 84' lang='lat' dir='ltr'><strong>penitus</strong></span> <span class='ocrx_word' id='word_1_664' title='bbox 1300 5129 1487 5182; x_wconf 89' lang='lat' dir='ltr'><strong>omnia</strong></span> <span class='ocrx_word' id='word_1_665' title='bbox 1521 5129 1968 5198; x_wconf 86' lang='lat' dir='ltr'><strong>perlustrarunt,</strong></span> 
     </span>
    </p>
   </div>
   <div class='ocr_carea' id='block_1_93' title="bbox 388 5219 1967 5288">
    <p class='ocr_par' dir='ltr' id='par_1_93' title="bbox 388 5219 1967 5288">
     <span class='ocr_line' id='line_1_93' title="bbox 388 5219 1967 5288; baseline 0.001 -14"><span class='ocrx_word' id='word_1_666' title='bbox 388 5231 445 5274; x_wconf 87' lang='lat' dir='ltr'><strong>ct</strong></span> <span class='ocrx_word' id='word_1_667' title='bbox 485 5219 874 5273; x_wconf 83' lang='lat' dir='ltr'><strong>sanctissimus</strong></span> <span class='ocrx_word' id='word_1_668' title='bbox 912 5219 1116 5273; x_wconf 84' lang='lat' dir='ltr'><strong>Christi</strong></span> <span class='ocrx_word' id='word_1_669' title='bbox 1168 5223 1413 5288; x_wconf 79' lang='lat' dir='ltr'><strong>sanguis,</strong></span> <span class='ocrx_word' id='word_1_670' title='bbox 1470 5223 1524 5275; x_wconf 85' lang='lat' dir='ltr'><strong>in</strong></span> <span class='ocrx_word' id='word_1_671' title='bbox 1559 5231 1713 5275; x_wconf 85' lang='lat' dir='ltr'><strong>lauto</strong></span> <span class='ocrx_word' id='word_1_672' title='bbox 1757 5223 1967 5276; x_wconf 70' lang='lat' dir='ltr'><strong>scilicl</strong></span> 
     </span>
    </p>
   </div>
   <div class='ocr_carea' id='block_1_94' title="bbox 390 5312 1968 5380">
    <p class='ocr_par' dir='ltr' id='par_1_94' title="bbox 390 5312 1968 5380">
     <span class='ocr_line' id='line_1_94' title="bbox 390 5312 1968 5380; baseline 0.001 -14"><span class='ocrx_word' id='word_1_673' title='bbox 390 5312 657 5375; x_wconf 85' lang='lat' dir='ltr'><strong>tumultu,</strong></span> <span class='ocrx_word' id='word_1_674' title='bbox 698 5312 750 5364; x_wconf 86' lang='lat' dir='ltr'><strong>in</strong></span> <span class='ocrx_word' id='word_1_675' title='bbox 794 5326 986 5364; x_wconf 82' lang='lat' dir='ltr'><strong>eorum</strong></span> <span class='ocrx_word' id='word_1_676' title='bbox 1027 5314 1124 5380; x_wconf 88' lang='lat' dir='ltr'><strong>qui</strong></span> <span class='ocrx_word' id='word_1_677' title='bbox 1164 5313 1294 5365; x_wconf 82' lang='lat' dir='ltr'><strong>dicti</strong></span> <span class='ocrx_word' id='word_1_678' title='bbox 1331 5322 1480 5377; x_wconf 80' lang='lat' dir='ltr'><strong>sunt,</strong></span> <span class='ocrx_word' id='word_1_679' title='bbox 1521 5315 1760 5367; x_wconf 74' lang='lat' dir='ltr'><strong>militum</strong></span> <span class='ocrx_word' id='word_1_680' title='bbox 1795 5315 1968 5367; x_wconf 61' lang='lat' dir='ltr'><strong>vcstiu</strong></span> 
     </span>
    </p>
   </div>
   <div class='ocr_carea' id='block_1_95' title="bbox 459 5463 1965 5534">
    <p class='ocr_par' dir='ltr' id='par_1_95' title="bbox 459 5463 1965 5534">
     <span class='ocr_line' id='line_1_95' title="bbox 459 5463 1965 5534; baseline 0.001 -18"><span class='ocrx_word' id='word_1_681' title='bbox 459 5463 537 5533; x_wconf 76' lang='lat' dir='ltr'><strong>(i)</strong></span> <span class='ocrx_word' id='word_1_682' title='bbox 569 5463 714 5532; x_wconf 76' lang='grc' dir='ltr'><strong>Ἐγὼ</strong></span> <span class='ocrx_word' id='word_1_683' title='bbox 749 5465 901 5534; x_wconf 75' lang='grc' dir='ltr'>παρὰ</span> <span class='ocrx_word' id='word_1_684' title='bbox 955 5463 1050 5516; x_wconf 88' lang='grc' dir='ltr'><strong>τοῦ</strong></span> <span class='ocrx_word' id='word_1_685' title='bbox 1083 5467 1336 5534; x_wconf 77' lang='grc' dir='ltr'>Σωτῆρος</span> <span class='ocrx_word' id='word_1_686' title='bbox 1381 5467 1684 5534; x_wconf 82' lang='grc' dir='ltr'>ἱερατεύειν</span> <span class='ocrx_word' id='word_1_687' title='bbox 1716 5467 1965 5534; x_wconf 65' lang='grc' dir='ltr'>κληθεὶς,</span> 
     </span>
    </p>
   </div>
   <div class='ocr_carea' id='block_1_96' title="bbox 387 5534 1966 5618">
    <p class='ocr_par' dir='ltr' id='par_1_96' title="bbox 387 5534 1966 5618">
     <span class='ocr_line' id='line_1_96' title="bbox 387 5534 1966 5618; baseline 0.001 -31"><span class='ocrx_word' id='word_1_688' title='bbox 387 5534 450 5618; x_wconf 62' lang='grc' dir='ltr'>οὗ</span> <span class='ocrx_word' id='word_1_689' title='bbox 473 5535 697 5618; x_wconf 68' lang='grc' dir='ltr'>μεθήσω</span> <span class='ocrx_word' id='word_1_690' title='bbox 725 5536 816 5587; x_wconf 84' lang='grc' dir='ltr'><strong>τὸν</strong></span> <span class='ocrx_word' id='word_1_691' title='bbox 840 5536 1048 5618; x_wconf 38' lang='grc' dir='ltr'>θρόιγρν.</span> <span class='ocrx_word' id='word_1_692' title='bbox 1083 5536 1140 5587; x_wconf 80' lang='grc' dir='ltr'><strong>Εἰ</strong></span> <span class='ocrx_word' id='word_1_693' title='bbox 1257 5539 1340 5588; x_wconf 79' lang='grc' dir='ltr'><strong>σοὶ</strong></span> <span class='ocrx_word' id='word_1_694' title='bbox 1369 5539 1530 5588; x_wconf 83' lang='grc' dir='ltr'>τοῦτο</span> <span class='ocrx_word' id='word_1_695' title='bbox 1555 5541 1695 5590; x_wconf 78' lang='grc' dir='ltr'>κατὰ</span> <span class='ocrx_word' id='word_1_696' title='bbox 1717 5542 1966 5608; x_wconf 85' lang='grc' dir='ltr'>γνωμην,</span> 
     </span>
    </p>
   </div>
   <div class='ocr_carea' id='block_1_97' title="bbox 388 5599 1392 5676">
    <p class='ocr_par' dir='ltr' id='par_1_97' title="bbox 388 5599 1392 5676">
     <span class='ocr_line' id='line_1_97' title="bbox 388 5599 1392 5676; baseline 0.001 -19"><span class='ocrx_word' id='word_1_697' title='bbox 388 5599 435 5657; x_wconf 79' lang='grc' dir='ltr'>ὦ</span> <span class='ocrx_word' id='word_1_698' title='bbox 471 5599 720 5676; x_wconf 67' lang='grc' dir='ltr'>βασιλεῦ,</span> <span class='ocrx_word' id='word_1_699' title='bbox 757 5599 894 5676; x_wconf 74' lang='grc' dir='ltr'>πρὸς</span> <span class='ocrx_word' id='word_1_700' title='bbox 929 5605 1054 5673; x_wconf 83' lang='grc' dir='ltr'>βίαν</span> <span class='ocrx_word' id='word_1_701' title='bbox 1079 5623 1147 5675; x_wconf 89' lang='grc' dir='ltr'><strong>με</strong></span> <span class='ocrx_word' id='word_1_702' title='bbox 1168 5607 1392 5670; x_wconf 80' lang='grc' dir='ltr'>ἐξωσον.</span> 
     </span>
    </p>
   </div>
   <div class='ocr_carea' id='block_1_98' title="bbox 462 5675 1964 5748">
    <p class='ocr_par' dir='ltr' id='par_1_98' title="bbox 462 5675 1964 5748">
     <span class='ocr_line' id='line_1_98' title="bbox 462 5675 1964 5748; baseline 0.003 -18"><span class='ocrx_word' id='word_1_703' title='bbox 462 5675 539 5748; x_wconf 63' lang='grc'><strong>(2)</strong></span> <span class='ocrx_word' id='word_1_704' title='bbox 569 5677 716 5748; x_wconf 75' lang='lat' dir='ltr'><strong>idem</strong></span> <span class='ocrx_word' id='word_1_705' title='bbox 745 5676 974 5748; x_wconf 81' lang='lat' dir='ltr'><strong>verbum</strong></span> <span class='ocrx_word' id='word_1_706' title='bbox 1009 5679 1293 5748; x_wconf 76' lang='lat' dir='ltr'><strong>usurpavit</strong></span> <span class='ocrx_word' id='word_1_707' title='bbox 1319 5677 1643 5732; x_wconf 76' lang='lat' dir='ltr'><strong>Ambrosius</strong></span> <span class='ocrx_word' id='word_1_708' title='bbox 1673 5679 1964 5748; x_wconf 57' lang='lat' dir='ltr'><strong>apuiLVa-</strong></span> 
     </span>
    </p>
   </div>
   <div class='ocr_carea' id='block_1_99' title="bbox 389 5743 1606 5816">
    <p class='ocr_par' dir='ltr' id='par_1_99' title="bbox 389 5743 1606 5816">
     <span class='ocr_line' id='line_1_99' title="bbox 389 5743 1606 5816; baseline 0 -17"><span class='ocrx_word' id='word_1_709' title='bbox 389 5743 743 5799; x_wconf 87' lang='lat' dir='ltr'><strong>lcntiniarum</strong></span> <span class='ocrx_word' id='word_1_710' title='bbox 765 5747 1040 5816; x_wconf 86' lang='lat' dir='ltr'><strong>juniorem</strong></span> <span class='ocrx_word' id='word_1_711' title='bbox 1073 5743 1166 5800; x_wconf 82' lang='lat' dir='ltr'><strong>lib.</strong></span> <span class='ocrx_word' id='word_1_712' title='bbox 1197 5763 1291 5804; x_wconf 79' lang='lat' dir='ltr'><strong>xu,</strong></span> <span class='ocrx_word' id='word_1_713' title='bbox 1331 5766 1452 5816; x_wconf 77' lang='lat' dir='ltr'><strong>cap.</strong></span> <span class='ocrx_word' id='word_1_714' title='bbox 1525 5749 1606 5801; x_wconf 69' lang='grc' dir='ltr'>ιν.</span> 
     </span>
    </p>
   </div>
   <div class='ocr_carea' id='block_1_100' title="bbox 459 5816 1961 5887">
    <p class='ocr_par' dir='ltr' id='par_1_100' title="bbox 459 5816 1961 5887">
     <span class='ocr_line' id='line_1_100' title="bbox 459 5816 1961 5887; baseline 0.005 -21"><span class='ocrx_word' id='word_1_715' title='bbox 459 5816 535 5883; x_wconf 75' lang='grc' dir='ltr'><strong>(ὃ)</strong></span> <span class='ocrx_word' id='word_1_716' title='bbox 565 5816 833 5884; x_wconf 73' lang='lat' dir='ltr'><strong>Tempore</strong></span> <span class='ocrx_word' id='word_1_717' title='bbox 857 5819 1092 5887; x_wconf 74' lang='lat' dir='ltr'><strong>paschali</strong></span> <span class='ocrx_word' id='word_1_718' title='bbox 1121 5835 1392 5886; x_wconf 71' lang='lat' dir='ltr'><strong>pr.n:.puc</strong></span> <span class='ocrx_word' id='word_1_719' title='bbox 1426 5820 1549 5870; x_wconf 72' lang='grc' dir='ltr'>ιιιὲίιι</span> <span class='ocrx_word' id='word_1_720' title='bbox 1581 5821 1961 5874; x_wconf 56' lang='grc' dir='ltr'>ικιιεείιυηιισιιι</span> 
     </span>
    </p>
   </div>
   <div class='ocr_carea' id='block_1_101' title="bbox 2082 4574 3664 4647">
    <p class='ocr_par' dir='ltr' id='par_1_101' title="bbox 2082 4574 3664 4647">
     <span class='ocr_line' id='line_1_101' title="bbox 2082 4574 3664 4647; baseline 0.006 -21"><span class='ocrx_word' id='word_1_721' title='bbox 2082 4575 2172 4626; x_wconf 68' lang='grc' dir='ltr'>λαὶ</span> <span class='ocrx_word' id='word_1_722' title='bbox 2201 4574 2257 4626; x_wconf 84' lang='grc' dir='ltr'>δὲ</span> <span class='ocrx_word' id='word_1_723' title='bbox 2289 4575 2384 4628; x_wconf 71' lang='grc' dir='ltr'>καὶ</span> <span class='ocrx_word' id='word_1_724' title='bbox 2430 4575 2730 4645; x_wconf 88' lang='grc' dir='ltr'>τραύματα</span> <span class='ocrx_word' id='word_1_725' title='bbox 2769 4576 3055 4647; x_wconf 87' lang='grc' dir='ltr'>λαϐοῦσαι,</span> <span class='ocrx_word' id='word_1_726' title='bbox 3110 4581 3504 4646; x_wconf 78' lang='grc' dir='ltr'>ἐξεϐἀ).λοντο’</span> <span class='ocrx_word' id='word_1_727' title='bbox 3570 4585 3664 4636; x_wconf 77' lang='grc' dir='ltr'>καὶ</span> 
     </span>
    </p>
   </div>
   <div class='ocr_carea' id='block_1_102' title="bbox 2081 4664 3664 4746">
    <p class='ocr_par' dir='ltr' id='par_1_102' title="bbox 2081 4664 3664 4746">
     <span class='ocr_line' id='line_1_102' title="bbox 2081 4664 3664 4746; baseline 0.008 -29"><span class='ocrx_word' id='word_1_728' title='bbox 2081 4664 2315 4734; x_wconf 78' lang='grc' dir='ltr'>αἵματος</span> <span class='ocrx_word' id='word_1_729' title='bbox 2345 4668 2401 4720; x_wconf 90' lang='grc' dir='ltr'>αἱ</span> <span class='ocrx_word' id='word_1_730' title='bbox 2457 4665 2842 4740; x_wconf 84' lang='grc' dir='ltr'>κολυμϐῆθραι</span> <span class='ocrx_word' id='word_1_731' title='bbox 2901 4671 3259 4742; x_wconf 82' lang='grc' dir='ltr'>ἐπληροῦντο,</span> <span class='ocrx_word' id='word_1_732' title='bbox 3300 4677 3396 4727; x_wconf 78' lang='grc' dir='ltr'>καὶ</span> <span class='ocrx_word' id='word_1_733' title='bbox 3438 4679 3507 4728; x_wconf 59' lang='grc' dir='ltr'><strong>τὰ</strong></span> <span class='ocrx_word' id='word_1_734' title='bbox 3544 4679 3664 4746; x_wconf 65' lang='lat' dir='ltr'><strong>[api</strong></span> 
     </span>
    </p>
   </div>
   <div class='ocr_carea' id='block_1_103' title="bbox 2081 4757 3664 4834">
    <p class='ocr_par' dir='ltr' id='par_1_103' title="bbox 2081 4757 3664 4834">
     <span class='ocr_line' id='line_1_103' title="bbox 2081 4757 3664 4834; baseline 0.009 -26"><span class='ocrx_word' id='word_1_735' title='bbox 2081 4757 2190 4810; x_wconf 85' lang='grc' dir='ltr'><strong>ἀπὸ</strong></span> <span class='ocrx_word' id='word_1_736' title='bbox 2215 4759 2324 4811; x_wconf 84' lang='grc' dir='ltr'><strong>τῶν</strong></span> <span class='ocrx_word' id='word_1_737' title='bbox 2359 4760 2613 4828; x_wconf 79' lang='grc' dir='ltr'>αἱμάτων</span> <span class='ocrx_word' id='word_1_738' title='bbox 2645 4761 2987 4828; x_wconf 78' lang='grc' dir='ltr'>ἐφοινίσσετο</span> <span class='ocrx_word' id='word_1_739' title='bbox 3012 4766 3252 4834; x_wconf 80' lang='grc' dir='ltr'>νάματα.</span> <span class='ocrx_word' id='word_1_740' title='bbox 3287 4765 3398 4820; x_wconf 76' lang='grc' dir='ltr'>Καί</span> <span class='ocrx_word' id='word_1_741' title='bbox 3429 4769 3548 4821; x_wconf 81' lang='grc' dir='ltr'>οὐδὲ</span> <span class='ocrx_word' id='word_1_742' title='bbox 3579 4772 3664 4822; x_wconf 86' lang='grc' dir='ltr'>ἐν-</span> 
     </span>
    </p>
   </div>
   <div class='ocr_carea' id='block_1_104' title="bbox 2080 4851 3659 4929">
    <p class='ocr_par' dir='ltr' id='par_1_104' title="bbox 2080 4851 3659 4929">
     <span class='ocr_line' id='line_1_104' title="bbox 2080 4851 3659 4929; baseline 0.007 -25"><span class='ocrx_word' id='word_1_743' title='bbox 2080 4851 2254 4904; x_wconf 87' lang='grc' dir='ltr'>ταῦθα</span> <span class='ocrx_word' id='word_1_744' title='bbox 2291 4853 2538 4924; x_wconf 75' lang='grc' dir='ltr'>εἱστήκει</span> <span class='ocrx_word' id='word_1_745' title='bbox 2572 4855 2632 4906; x_wconf 85' lang='grc' dir='ltr'><strong>τὸ</strong></span> <span class='ocrx_word' id='word_1_746' title='bbox 2675 4855 2883 4908; x_wconf 76' lang='grc' dir='ltr'>δεινόν’</span> <span class='ocrx_word' id='word_1_747' title='bbox 2935 4854 3054 4910; x_wconf 75' lang='grc' dir='ltr'>ἀλλ’</span> <span class='ocrx_word' id='word_1_748' title='bbox 3087 4859 3218 4912; x_wconf 77' lang='grc' dir='ltr'>ἔνθα</span> <span class='ocrx_word' id='word_1_749' title='bbox 3247 4860 3314 4913; x_wconf 83' lang='grc' dir='ltr'>τὰ</span> <span class='ocrx_word' id='word_1_750' title='bbox 3347 4861 3479 4929; x_wconf 75' lang='grc' dir='ltr'>ἅγια</span> <span class='ocrx_word' id='word_1_751' title='bbox 3525 4864 3659 4915; x_wconf 71' lang='grc' dir='ltr'>ἀπέ-</span> 
     </span>
    </p>
   </div>
   <div class='ocr_carea' id='block_1_105' title="bbox 2080 4938 3661 5019">
    <p class='ocr_par' dir='ltr' id='par_1_105' title="bbox 2080 4938 3661 5019">
     <span class='ocr_line' id='line_1_105' title="bbox 2080 4938 3661 5019; baseline 0.008 -25"><span class='ocrx_word' id='word_1_752' title='bbox 2080 4960 2262 4996; x_wconf 84' lang='grc' dir='ltr'>κειντο</span> <span class='ocrx_word' id='word_1_753' title='bbox 2295 4945 2633 5009; x_wconf 74' lang='grc' dir='ltr'>εἰσελθόντες</span> <span class='ocrx_word' id='word_1_754' title='bbox 2668 4949 2718 5000; x_wconf 80' lang='lat' dir='ltr'><strong>oi</strong></span> <span class='ocrx_word' id='word_1_755' title='bbox 2771 4950 3126 5018; x_wconf 85' lang='grc' dir='ltr'>στρατιῶται,</span> <span class='ocrx_word' id='word_1_756' title='bbox 3174 4938 3250 5006; x_wconf 83' lang='grc' dir='ltr'>ὧν</span> <span class='ocrx_word' id='word_1_757' title='bbox 3285 4953 3437 5016; x_wconf 74' lang='grc' dir='ltr'>ἔνιοι,</span> <span class='ocrx_word' id='word_1_758' title='bbox 3481 4954 3661 5019; x_wconf 80' lang='grc' dir='ltr'>καθὼς</span> 
     </span>
    </p>
   </div>
   <div class='ocr_carea' id='block_1_106' title="bbox 2079 5035 3662 5115">
    <p class='ocr_par' dir='ltr' id='par_1_106' title="bbox 2079 5035 3662 5115">
     <span class='ocr_line' id='line_1_106' title="bbox 2079 5035 3662 5115; baseline 0.008 -29"><span class='ocrx_word' id='word_1_759' title='bbox 2079 5036 2422 5106; x_wconf 81' lang='grc' dir='ltr'>ἐπέγνωμεν,</span> <span class='ocrx_word' id='word_1_760' title='bbox 2458 5039 2552 5091; x_wconf 75' lang='grc' dir='ltr'><strong>καὶ</strong></span> <span class='ocrx_word' id='word_1_761' title='bbox 2582 5039 2823 5109; x_wconf 82' lang='grc' dir='ltr'>ἀμύητοι</span> <span class='ocrx_word' id='word_1_762' title='bbox 2869 5035 3034 5109; x_wconf 81' lang='grc' dir='ltr'>ἦσαν,</span> <span class='ocrx_word' id='word_1_763' title='bbox 3069 5043 3250 5097; x_wconf 86' lang='grc' dir='ltr'>πάντα</span> <span class='ocrx_word' id='word_1_764' title='bbox 3281 5061 3339 5096; x_wconf 87' lang='grc' dir='ltr'><strong>τε</strong></span> <span class='ocrx_word' id='word_1_765' title='bbox 3371 5046 3558 5115; x_wconf 82' lang='grc' dir='ltr'>ἐώρων</span> <span class='ocrx_word' id='word_1_766' title='bbox 3593 5048 3662 5098; x_wconf 75' lang='grc' dir='ltr'><strong>τά</strong></span> 
     </span>
    </p>
   </div>
   <div class='ocr_carea' id='block_1_107' title="bbox 2083 5127 3660 5206">
    <p class='ocr_par' dir='ltr' id='par_1_107' title="bbox 2083 5127 3660 5206">
     <span class='ocr_line' id='line_1_107' title="bbox 2083 5127 3660 5206; baseline 0.006 -27"><span class='ocrx_word' id='word_1_767' title='bbox 2083 5127 2250 5192; x_wconf 70' lang='grc' dir='ltr'>ἔνδον,</span> <span class='ocrx_word' id='word_1_768' title='bbox 2283 5132 2377 5182; x_wconf 80' lang='grc' dir='ltr'><strong>καὶ</strong></span> <span class='ocrx_word' id='word_1_769' title='bbox 2423 5131 2485 5183; x_wconf 63' lang='grc' dir='ltr'>τὸ</span> <span class='ocrx_word' id='word_1_770' title='bbox 2515 5131 2820 5198; x_wconf 76' lang='grc' dir='ltr'>ἁγιώτατον</span> <span class='ocrx_word' id='word_1_771' title='bbox 2855 5133 2948 5185; x_wconf 88' lang='grc' dir='ltr'><strong>τοῦ</strong></span> <span class='ocrx_word' id='word_1_772' title='bbox 2998 5135 3239 5202; x_wconf 81' lang='grc' dir='ltr'>Χριστοῦ</span> <span class='ocrx_word' id='word_1_773' title='bbox 3291 5130 3450 5206; x_wconf 76' lang='grc' dir='ltr'>αἷμα,</span> <span class='ocrx_word' id='word_1_774' title='bbox 3483 5139 3557 5199; x_wconf 80' lang='grc' dir='ltr'>ὼς</span> <span class='ocrx_word' id='word_1_775' title='bbox 3603 5141 3660 5190; x_wconf 86' lang='grc' dir='ltr'><strong>ἐν</strong></span> 
     </span>
    </p>
   </div>
   <div class='ocr_carea' id='block_1_108' title="bbox 2080 5222 3659 5299">
    <p class='ocr_par' dir='ltr' id='par_1_108' title="bbox 2080 5222 3659 5299">
     <span class='ocr_line' id='line_1_108' title="bbox 2080 5222 3659 5299; baseline 0.007 -29"><span class='ocrx_word' id='word_1_776' title='bbox 2080 5222 2317 5292; x_wconf 81' lang='grc' dir='ltr'>τοσούτῳ</span> <span class='ocrx_word' id='word_1_777' title='bbox 2350 5223 2586 5292; x_wconf 78' lang='grc' dir='ltr'>θορύϐῳ,</span> <span class='ocrx_word' id='word_1_778' title='bbox 2635 5227 2714 5284; x_wconf 84' lang='grc' dir='ltr'>εἰς</span> <span class='ocrx_word' id='word_1_779' title='bbox 2761 5228 2827 5278; x_wconf 69' lang='grc' dir='ltr'><strong>τά</strong></span> <span class='ocrx_word' id='word_1_780' title='bbox 2879 5229 2987 5280; x_wconf 81' lang='grc' dir='ltr'><strong>τῶν</strong></span> <span class='ocrx_word' id='word_1_781' title='bbox 3047 5231 3462 5299; x_wconf 70' lang='grc' dir='ltr'>προειρημένων</span> <span class='ocrx_word' id='word_1_782' title='bbox 3490 5246 3659 5299; x_wconf 73' lang='grc' dir='ltr'>στρα-</span> 
     </span>
    </p>
   </div>
   <div class='ocr_carea' id='block_1_109' title="bbox 2079 5313 3659 5390">
    <p class='ocr_par' dir='ltr' id='par_1_109' title="bbox 2079 5313 3659 5390">
     <span class='ocr_line' id='line_1_109' title="bbox 2079 5313 3659 5390; baseline 0.008 -29"><span class='ocrx_word' id='word_1_783' title='bbox 2079 5313 2289 5363; x_wconf 77' lang='grc' dir='ltr'>τιωτῶν</span> <span class='ocrx_word' id='word_1_784' title='bbox 2326 5316 2517 5381; x_wconf 76' lang='grc' dir='ltr'>ἱμάτια</span> <span class='ocrx_word' id='word_1_785' title='bbox 2546 5318 2786 5386; x_wconf 43' lang='lat' dir='ltr'><strong>iga/fit;</strong></span> <span class='ocrx_word' id='word_1_786' title='bbox 2808 5333 2820 5344; x_wconf 87' lang='lat'>&#39;</span> <span class='ocrx_word' id='word_1_787' title='bbox 2852 5321 3034 5382; x_wconf 67' lang='grc' dir='ltr'>κλὶὼς</span> <span class='ocrx_word' id='word_1_788' title='bbox 3061 5325 3116 5371; x_wconf 78' lang='grc' dir='ltr'><strong>εν</strong></span> <span class='ocrx_word' id='word_1_789' title='bbox 3147 5322 3494 5390; x_wconf 56' lang='grc' dir='ltr'>αἰχμαλωσίᾳ</span> <span class='ocrx_word' id='word_1_790' title='bbox 3527 5322 3659 5390; x_wconf 68' lang='grc' dir='ltr'>βορ-</span> 
     </span>
    </p>
   </div>
   <div class='ocr_carea' id='block_1_110' title="bbox 2078 5470 3657 5540">
    <p class='ocr_par' dir='ltr' id='par_1_110' title="bbox 2078 5470 3657 5540">
     <span class='ocr_line' id='line_1_110' title="bbox 2078 5470 3657 5540; baseline 0.003 -17"><span class='ocrx_word' id='word_1_791' title='bbox 2078 5470 2525 5539; x_wconf 69' lang='lat' dir='ltr'><strong>baptizabantur.</strong></span> <span class='ocrx_word' id='word_1_792' title='bbox 2581 5489 2678 5540; x_wconf 87' lang='lat' dir='ltr'><strong>per</strong></span> <span class='ocrx_word' id='word_1_793' title='bbox 2717 5473 3116 5529; x_wconf 73' lang='lat' dir='ltr'><strong>hebdomadam</strong></span> <span class='ocrx_word' id='word_1_794' title='bbox 3169 5485 3357 5540; x_wconf 90' lang='lat' dir='ltr'><strong>totam,</strong></span> <span class='ocrx_word' id='word_1_795' title='bbox 3397 5475 3556 5530; x_wconf 86' lang='lat' dir='ltr'><strong>sicuti</strong></span> <span class='ocrx_word' id='word_1_796' title='bbox 3601 5485 3657 5527; x_wconf 83' lang='lat' dir='ltr'><strong>et</strong></span> 
     </span>
    </p>
   </div>
   <div class='ocr_carea' id='block_1_111' title="bbox 2079 5543 3651 5610">
    <p class='ocr_par' dir='ltr' id='par_1_111' title="bbox 2079 5543 3651 5610">
     <span class='ocr_line' id='line_1_111' title="bbox 2079 5543 3651 5610; baseline 0.004 -18"><span class='ocrx_word' id='word_1_797' title='bbox 2079 5557 2176 5610; x_wconf 82' lang='lat' dir='ltr'><strong>per</strong></span> <span class='ocrx_word' id='word_1_798' title='bbox 2209 5543 2567 5610; x_wconf 84' lang='lat' dir='ltr'><strong>septimanam</strong></span> <span class='ocrx_word' id='word_1_799' title='bbox 2598 5545 2969 5610; x_wconf 80' lang='lat' dir='ltr'><strong>l’entecostes,</strong></span> <span class='ocrx_word' id='word_1_800' title='bbox 2995 5547 3194 5599; x_wconf 77' lang='lat' dir='ltr'><strong>Beatus</strong></span> <span class='ocrx_word' id='word_1_801' title='bbox 3217 5548 3519 5600; x_wconf 70' lang='lat' dir='ltr'><strong>Rhenanus</strong></span> <span class='ocrx_word' id='word_1_802' title='bbox 3548 5545 3651 5598; x_wconf 82' lang='lat' dir='ltr'><strong>huc</strong></span> 
     </span>
    </p>
   </div>
   <div class='ocr_carea' id='block_1_112' title="bbox 2079 5612 3656 5675">
    <p class='ocr_par' dir='ltr' id='par_1_112' title="bbox 2079 5612 3656 5675">
     <span class='ocr_line' id='line_1_112' title="bbox 2079 5612 3656 5675; baseline 0.003 -12"><span class='ocrx_word' id='word_1_803' title='bbox 2079 5612 2415 5675; x_wconf 86' lang='lat' dir='ltr'><strong>observavit,</strong></span> <span class='ocrx_word' id='word_1_804' title='bbox 2479 5616 2532 5666; x_wconf 88' lang='lat' dir='ltr'><strong>in</strong></span> <span class='ocrx_word' id='word_1_805' title='bbox 2571 5614 2801 5667; x_wconf 88' lang='lat' dir='ltr'><strong>Tertull.</strong></span> <span class='ocrx_word' id='word_1_806' title='bbox 2839 5616 3224 5669; x_wconf 85' lang='lat' dir='ltr'><strong>adnotatiunes</strong></span> <span class='ocrx_word' id='word_1_807' title='bbox 3263 5617 3540 5671; x_wconf 81' lang='lat' dir='ltr'><strong>scribens;</strong></span> <span class='ocrx_word' id='word_1_808' title='bbox 3601 5625 3656 5668; x_wconf 87' lang='lat' dir='ltr'><strong>et</strong></span> 
     </span>
    </p>
   </div>
   <div class='ocr_carea' id='block_1_113' title="bbox 2082 5684 3651 5754">
    <p class='ocr_par' dir='ltr' id='par_1_113' title="bbox 2082 5684 3651 5754">
     <span class='ocr_line' id='line_1_113' title="bbox 2082 5684 3651 5754; baseline 0.003 -21"><span class='ocrx_word' id='word_1_809' title='bbox 2082 5690 2352 5735; x_wconf 73' lang='lat' dir='ltr'><strong>lrslnttlur</strong></span> <span class='ocrx_word' id='word_1_810' title='bbox 2412 5684 2516 5738; x_wconf 91' lang='lat' dir='ltr'><strong>hoc</strong></span> <span class='ocrx_word' id='word_1_811' title='bbox 2569 5700 2715 5738; x_wconf 90' lang='lat' dir='ltr'><strong>nunc</strong></span> <span class='ocrx_word' id='word_1_812' title='bbox 2748 5700 2967 5754; x_wconf 88' lang='lat' dir='ltr'><strong>quoque</strong></span> <span class='ocrx_word' id='word_1_813' title='bbox 3021 5686 3313 5742; x_wconf 74' lang='lat' dir='ltr'><strong>cantilena:</strong></span> <span class='ocrx_word' id='word_1_814' title='bbox 3353 5688 3651 5751; x_wconf 81' lang='lat' dir='ltr'><strong>solemnes,</strong></span> 
     </span>
    </p>
   </div>
   <div class='ocr_carea' id='block_1_114' title="bbox 2084 5754 3049 5822">
    <p class='ocr_par' dir='ltr' id='par_1_114' title="bbox 2084 5754 3049 5822">
     <span class='ocr_line' id='line_1_114' title="bbox 2084 5754 3049 5822; baseline 0.007 -18"><span class='ocrx_word' id='word_1_815' title='bbox 2084 5754 2266 5821; x_wconf 77' lang='lat' dir='ltr'><strong>hymni</strong></span> <span class='ocrx_word' id='word_1_816' title='bbox 2311 5763 2361 5806; x_wconf 84' lang='lat' dir='ltr'><strong>et</strong></span> <span class='ocrx_word' id='word_1_817' title='bbox 2406 5755 2746 5822; x_wconf 77' lang='lat' dir='ltr'><strong>precaticues</strong></span> <span class='ocrx_word' id='word_1_818' title='bbox 2771 5756 3049 5811; x_wconf 65' lang='lat' dir='ltr'><strong>Ecclesiw.</strong></span> 
     </span>
    </p>
   </div>
  </div>
