4044 6434
421 341 525 405 937

1347 338 1876 401 EtTCLESIAS'i'IC
1907 342 1944 399 Ε
1988 340 2373 401 Ilidelllﬁ
2423 343 2560 404 UB.
2605 344 2775 405 Xiii.

3595 351 3701 414 998

424 456 627 525 ϐαρικῇ
656 452 833 510 πάντα
870 453 1160 526 ἐτολμᾶτο.
1196 455 1302 509 Καὶ
1332 458 1361 510 ό
1390 457 1563 527 δῆμος
1590 452 1727 526 πρὸς
1761 456 1860 524 τὴν
1883 457 1999 525 ἔρη-

2124 468 2305 509 mcnta
2356 456 2567 513 cilnsns
2600 482 2615 515 :
2651 460 2837 514 omnia
2878 459 3118 532 denique
3157 461 3391 533 perinde
3433 471 3597 535 atque
3643 464 3700 521 in

425 547 557 616 μίαν
584 545 849 615 ἠλαύνετο
871 563 886 577 ’
941 548 1035 601 καὶ
1089 547 1234 612 ἄπας
1266 550 1293 602 ό
1324 549 1453 611 λαὸς
1488 551 1588 619 τῆς
1646 550 1856 612 πόλεως
1902 544 2008 615 ἔξω

422 630 665 708 διέτριϐε
687 655 703 670 ·
728 638 823 692 καὶ
848 641 1003 693 κεναὶ
1031 641 1087 693 ἒν
1112 640 1273 710 ἑορτῇ
1303 640 1530 712 τοιαύτῃ
1548 641 1657 693 τῶν
1677 641 1824 695 λαῶν
1844 641 1899 694 αῖ
1921 644 2010 693 ἐκ·

423 730 643 802 κλησίαι
690 732 929 800 ἐγίνοντο
952 750 965 763 θ
1003 734 1096 787 καὶ
1135 732 1357 798 πλειους
1387 735 1419 806 ή
1449 736 1860 805 τεσσαράκοντα
1888 734 2010 788 ἐπί-

425 838 619 875 σκοποι
651 822 702 876 οἱ
742 821 1131 886 κοινωνοῦντες
1166 824 1297 894 ήμῖν
1326 824 1463 892 μετὰ
1488 824 1583 877 τοῦ
1617 823 1747 879 λαοῦ
1783 825 1882 878 καὶ
1910 824 2006 878 τοῦ

423 915 627 984 κλήρου
675 913 798 983 εἰκῆ
836 913 930 967 καὶ
971 914 1154 985 μάτην
1207 915 1532 988 ἠλαύνοντο.
1588 917 1701 971 Καὶ
1747 917 2007 985 ὀλολυγαὶ

425 1008 525 1060 καὶ
550 1007 789 1074 οἰμωγαὶ
816 1004 959 1059 κατὰ
984 1007 1081 1071 τὰς
1101 1006 1304 1071 οἰκίας,
1334 1008 1429 1062 καὶ
1450 1007 1589 1062 κατᾶ
1614 1008 1712 1072 τὰς
1742 1009 1841 1080 ἐρη
1853 1010 2004 1079 μίαςο

423 1103 518 1152 καὶ
550 1100 657 1151 πᾶν
684 1100 781 1168 τῆς
814 1098 1018 1161 πόλεως
1048 1099 1218 1168 μέρος
1272 1099 1385 1152 τῶν
1412 1100 1710 1168 συμφορῶν
1737 1100 2008 1172 ἐπληροῦ-

421 1208 483 1242 το
508 1190 737 1243 τούτων.
769 1187 871 1241 Διὰ
896 1189 1006 1259 γὰρ
1038 1190 1137 1259 τὴν
1168 1189 1478 1259 ὑπερϐολὴν
1502 1191 1604 1259 τῆς
1631 1194 2001 1261 παρανομίας,

420 1281 519 1351 οὐχ
545 1281 594 1335 οῖ
623 1282 929 1351 πάσχοντες
956 1281 1144 1352 μόνον,
1193 1282 1330 1336 ἀλλὰ
1379 1284 1474 1336 καὶ
1504 1284 1553 1336 οἱ
1590 1283 1759 1353 μηδὲν
1790 1284 2007 1338 τοιοῦτο

421 1380 806 1448 ὑπομένοντες,
844 1379 1153 1450 συνήλγουν
1191 1381 1358 1450 ἡμῖν·
1390 1381 1491 1451 οὐχ
1523 1380 1572 1434 oi
1618 1380 1869 1452 ὁμόδοξοι
1905 1383 2003 1451 μό-

420 1489 533 1534 ιον,
566 1469 703 1525 ἀλλὰ
736 1471 832 1524 καὶ
879 1472 928 1525 ol
962 1471 1262 1543 αἶρετικοὶ,
1288 1474 1385 1527 καὶ
1428 1471 1705 1540 Ἰουδαῖοι,
1732 1473 1827 1527 καὶ
1876 1474 2005 1527 Ἐλ-

418 1561 603 1632 ληνες,
637 1560 713 1624 ὡς
743 1561 845 1631 τῆς
880 1561 1097 1625 πόλεως
1129 1563 1481 1635 κατακράτος
1520 1563 1781 1633 ἀλούσης.
1816 1561 2004 1627 Οὕτως

419 1654 478 1704 ὲν
502 1650 753 1721 θορύϐοις
784 1652 880 1705 καὶ
902 1654 1173 1723 ταραχαῖς
1214 1654 1312 1707 καὶ
1339 1653 1623 1723 ὀλολυγαῖς
1659 1652 1876 1707 ἅπαντα
1911 1648 2001 1725 ἦν.

419 1745 531 1797 Καὶ
562 1743 737 1797 ταῦτα
781 1743 1050 1814 ἐτολμᾶτο
1082 1746 1234 1815 παρὰ
1263 1744 1495 1817 γνώμην
1536 1745 1634 1800 τοῦ
1675 1747 2005 1802 εὐσεϐεστά-

2119 548 2350 604 barbara
2378 552 2695 621 captivitate
2723 569 2819 621 per
2858 554 3146 608 audaciam
3187 566 3307 611 acta
3336 568 3486 612 sunt.
3541 560 3701 616 Plz-hs

2115 640 2181 693 ad
2219 642 2571 695 solitudinem
2599 644 2771 714 ejecta
2801 688 2814 709 ,
2848 654 2904 699 ct
2942 646 3180 714 populus
3211 648 3505 704 universus
3538 662 3697 705 extra

2118 732 2312 786 urbem
2380 734 2510 802 egit.
2568 734 2830 790 Ecclesim
2870 739 2924 791 in
2983 748 3136 791 tanto
3184 739 3272 794 die
3324 741 3461 795 festo
3513 759 3698 797 \acuzc

2116 823 2438 881 hominibus
2493 827 2646 883 fuere
2693 847 2706 883 :
2760 845 2823 883 ac
2873 831 3064 899 plures
3118 848 3283 902 quam
3334 835 3696 906 quadraginta

2116 915 2365 985 episc0pi
2426 917 2712 972 nobiscum
2780 921 3292 985 communicantes.
3350 922 3513 995 392
3588 943 3694 981 una

2115 1022 2238 1061 cum
2282 1008 2486 1078 populo
2527 1020 2583 1064 et
2610 1010 2762 1065 clero
2799 1023 3000 1080 prteter
3035 1030 3259 1069 causam
3289 1033 3512 1072 omnem
3550 1020 3693 1087 pulsi

2114 1109 2264 1155 sunt.
2322 1094 2575 1156 Ululatus
2622 1112 2678 1157 et
2742 1104 2921 1159 luctus
2970 1107 3173 1175 passim
3227 1108 3280 1162 in
3334 1109 3593 1167 domibus
3642 1124 3699 1168 et

2113 1190 2508 1246 solitudinibus
2541 1193 2754 1259 auditi,
2791 1203 2846 1247 et
2879 1197 3092 1262 quaevis
3124 1197 3281 1250 urbis
3307 1214 3434 1267 pars
3466 1201 3697 1253 calami-

2114 1283 2320 1337 tatibus
2353 1282 2504 1337 hisce
2535 1284 2740 1353 repleta
2772 1292 2881 1340 est.
2928 1285 3065 1340 Nam
3108 1300 3339 1358 propter
3369 1292 3694 1347 immcnSam

2114 1368 2327 1437 injuria:
2372 1378 2538 1424 tantae
2583 1370 3009 1435 immanitatem,
3058 1389 3167 1427 non
3219 1377 3397 1430 solum
3433 1380 3524 1447 qui
3573 1395 3698 1441 eam

2111 1461 2383 1527 ferebant,
2430 1478 2624 1518 verum
2653 1464 2823 1519 etiam
2850 1467 2945 1537 qui
2979 1466 3120 1520 nihil
3156 1467 3263 1521 tale
3296 1458 3653 1524 sustinebant
3678 1511 3694 1532 .

2111 1555 2405 1610 nobiscum
2434 1556 2668 1612 doluere
2703 1574 2718 1612 :
2746 1573 2851 1613 nec
2888 1559 2985 1628 qui
3016 1569 3222 1615 nostrae
3255 1561 3532 1630 opinionis
3567 1572 3698 1618 sunt

2111 1649 2298 1715 modo,
2368 1649 2465 1704 sed
2529 1649 2696 1704 etiam
2759 1650 3001 1706 hmretici
3058 1660 3113 1706 et
3155 1651 3352 1716 Judaei,
3388 1661 3444 1706 et
3492 1652 3695 1707 Graece

2112 1741 2524 1810 superstitionis
2561 1742 2824 1808 cultores,
2851 1759 2959 1796 non
2988 1743 3151 1797 aliter
3187 1760 3350 1812 quam
3381 1746 3516 1799 urbe
3550 1746 3599 1798 vi
3640 1755 3695 1799 et

418 1854 513 1891 του
539 1836 831 1909 βασιλέως,
856 1837 1051 1903 νυκτὸς
1081 1837 1523 1909 καταλαϐούσης,
1548 1839 1870 1894 ἐπισκόπων
1908 1842 1999 1894 αύ-

2109 1833 2279 1887 armis
2312 1843 2492 1903 capta.
2535 1833 2691 1888 Adeo
2722 1833 2779 1888 in
2817 1837 3057 1890 tumultu
3090 1844 3148 1891 et
3192 1835 3351 1891 turba
3384 1846 3441 1891 et
3468 1824 3692 1908 planctu

417 1928 488 1982 τὰ
517 1926 1065 1995 κατασκευαζόντων,
1101 1931 1199 1984 καὶ
1221 1930 1487 2002 πολλαχοῦ
1512 1933 1966 2002 στρατηγούντων
1984 1949 2000 1966 υ

418 2022 470 2075 οἶ
514 2023 614 2076 οὐκ
658 2022 959 2095 ᾐσχύνοντο
1002 2024 1506 2096 καμπιδούκτωρας
1562 2027 1686 2079 ἀντὶ
1737 2026 2006 2080 διακόνων

419 2118 869 2187 προηγουμένους
932 2117 1168 2188 ἔχοντες.
1248 2116 1497 2189 Ἡμέρας
1550 2120 1607 2174 δὲ
1672 2120 2001 2189 γενομένης,

418 2213 572 2264 πᾶσα
600 2211 632 2281 ή
664 2210 818 2274 πόλις
867 2209 969 2275 ἔξω
1006 2210 1206 2281 τειχῶν
1264 2210 1626 2281 μετῳκίζετο,
1669 2210 1777 2265 ὑπὸ
1809 2211 2004 2282 δένδρα

419 2303 514 2356 καὶ
541 2302 721 2365 νάπας
749 2300 1005 2373 καθάπερ
1032 2300 1287 2371 πρόϐατα
1317 2301 1703 2373 διεσπαρμένα
1747 2302 1847 2373 τὴν
1882 2303 2007 2372 ἑορ-

418 2394 517 2463 τήν
545 2391 979 2455 ἐπιτελοῦντες.»
1010 2390 1154 2445 Ἀλλ’
1183 2390 1327 2445 οὕτω
1357 2392 1467 2462 μήν
1496 2394 1529 2464 ή
1556 2392 1739 2463 χρυσῆ
1760 2392 2003 2460 γλῶττα,

418 2486 644 2540 τοιαῦτα
668 2485 811 2538 κατὰ
837 2483 934 2555 τήν
968 2484 1163 2556 ἑορτὴν
1188 2484 1285 2538 τοῦ
1312 2485 1506 2556 Πάσχα
1538 2486 1589 2540 οι
1619 2486 1780 2540 καλοὶ
1807 2488 1998 2556 ποιμέ-

418 2595 507 2641 νες
542 2577 767 2631 καὶτῶν
797 2575 988 2647 ψυχῶν
1020 2579 1118 2649 τὴν
1164 2578 1509 2648 προστασίαν
1544 2579 2000 2647 πεπιστευμένοι,

414 2669 493 2741 τῷ
540 2671 833 2726 ἀναστάντι
881 2671 1321 2743 ὲκαρποφόρουν.
1383 2670 1450 2725 Τί
1506 2671 1568 2725 τὸ
1603 2672 1696 2726 ἐπὶ
1746 2673 2001 2740 τούτοιςῖ

415 2761 777 2831 Διατάγματα
806 2761 1090 2832 πανταχοῦ
1121 2763 1338 2833 ἐφοίτα,
1370 2763 1433 2818 τό
1457 2782 1513 2817 τε
1539 2763 1796 2819 Ἰωάννου
1830 2764 2005 2834 ὄνομα

413 2853 513 2906 καὶ
538 2853 637 2921 τὴν
667 2854 956 2907 κοινωνίαν
980 2854 1319 2925 ἀπείργοντα
1340 2870 1355 2886 °
1379 2854 1416 2910 ἃ.
1440 2854 1506 2926 δή
1529 2853 1845 2910 τούναντίον
1869 2857 2006 2927 μᾶ).-

412 2944 507 2998 λον
551 2940 697 3017 ἦσαν
752 2944 1224 3017 διαπριττόμενα.
1275 2947 1664 3001 Ἐπιπλεῖστον
1710 2949 1819 3018 γὰρ
1876 2950 2002 3013 τοὺς

414 3036 861 3108 πολεμουμένους
912 3038 1251 3115 ¹ὲρῤώννυον,
1316 3036 1508 3111 ὥσπερ
1543 3038 1608 3109 δή
1637 3038 1777 3092 Θεοῦ
1809 3037 2000 3110 νόμος,

2108 1936 2267 1981 erant
2312 1927 2521 1981 omnia.
2582 1927 2762 1998 Atque
2825 1927 2941 1982 hac
3001 1928 3228 1997 quidem
3297 1929 3693 1994 audacissime,

2108 2028 2307 2089 praeter
2341 2018 2676 2074 voluntatem
2711 2029 2767 2073 et
2794 2022 3122 2076 sententiam
3170 2020 3404 2091 piissimi
3442 2023 3649 2092 impera
3676 2053 3694 2063 -

2110 2110 2281 2175 toris,
2335 2119 2501 2166 noctu
2556 2119 2686 2166 sunt
2715 2112 3177 2183 acta,epis‘copis
3230 2114 3689 2182 procurantibns.

2106 2212 2274 2272 atque
2313 2202 2365 2255 in
2408 2203 2593 2258 multis
2652 2203 2795 2271 locis
2844 2205 3073 2261 ordines
3126 2207 3511 2263 ducentibus:
3552 2223 3694 2277 quos

2106 2308 2216 2347 non
2256 2293 2456 2363 puduit
2496 2295 2937 2365 campiductores
2971 2311 3073 2365 pro
3158 2298 3403 2353 diaconis
3448 2307 3694 2352 anteam-

2106 2386 2343 2441 bulones
2400 2387 2624 2442 habere.
2682 2387 2778 2442 Die
2830 2403 2999 2458 porro
3061 2399 3275 2455 exorta,
3318 2391 3517 2445 civitas
3578 2402 3692 2445 tota

2105 2488 2262 2534 extra
2296 2493 2486 2534 muros
2524 2481 2777 2541 secessit,
2834 2482 2938 2534 sub
2991 2482 3286 2542 arboribus
3331 2482 3471 2537 etin
3514 2484 3690 2545 silvis.

2106 2570 2278 2625 veluti
2299 2585 2431 2625 oves
2450 2571 2522 2625 dii
2543 2584 2734 2641 persae,
2759 2572 2923 2626 ferias
2953 2574 3238 2642 paschales
3268 2576 3637 2631 celebrantes.
3665 2595 3687 2630 ο

2107 2662 2237 2718 Haec
2263 2678 2432 2718 aurea
2478 2664 2567 2717 illa
2610 2664 2823 2735 lingua.
2888 2663 3160 2720 Caeterum
3199 2666 3536 2736 ejusccmodi
3578 2669 3695 2722 fru-

2107 2767 2256 2810 ctum
2299 2756 2423 2826 ipso
2464 2756 2689 2812 Pascha:
2755 2756 2898 2812 festo
2952 2758 3042 2812 die
3101 2758 3228 2812 boni
3266 2758 3345 2813 illi
3398 2771 3691 2830 pastores,

2106 2851 2311 2921 quibus
2346 2851 2652 2905 animarum
2688 2867 2819 2905 cura
2870 2861 2928 2907 et
2971 2853 3296 2922 praefectura
3340 2855 3548 2909 credita
3586 2867 3690 2919 est,

2105 2943 2156 2998 ei
2189 2941 2284 3012 qui
2314 2956 2344 2995 a
2377 2942 2612 2995 mortuis
2643 2942 2967 3007 resurrexit,
2998 2943 3346 2998 obtulerunt.
3380 2945 3523 3011 Quid
3559 2962 3691 3001 vero

2105 3044 2372 3104 praeterea
2423 3033 2670 3089 factum?
2704 3033 2958 3089 Mandata
2993 3035 3198 3105 passim
3233 3037 3534 3107 divulgata,
3565 3041 3690 3108 qui-

413 3132 629 3200 καιροῖς
656 3129 925 3191 τοιούτοις
964 3130 1449 3200 οἱκονομούμενος.
1519 3130 1739 3199 Ἀμέλει
1772 3148 1854 3183 τοι
1909 3132 1999 3185 καὶ

2106 3128 2210 3182 bus
2241 3127 2444 3197 populo
2472 3126 2702 3182 Joannis
2732 3128 2956 3181 nomine
2999 3137 3053 3183 et
3086 3131 3481 3184 communiene
3516 3133 3691 3185 inter-

414 3220 473 3274 αῖ
503 3220 820 3289 ἐκκλησίαι,
856 3222 953 3276 καὶ
978 3222 1007 3274 ό
1053 3219 1291 3291 ἀριθμὸς
1323 3222 1435 3274 τῶν
1481 3221 1678 3292 ἐκείνῳ
1709 3222 2003 3291 προστιθε-

416 3315 617 3382 μένων,
650 3314 777 3369 ὅσαι
826 3308 969 3385 ὧραι
1002 3312 1228 3387 ηὔξανε,
1279 3314 1377 3369 καὶ
1416 3315 1789 3386 ἐπιμήκιστον
1819 3314 2001 3368 ἐπεδί-

411 3405 525 3462 ὅου.

2108 3219 2445 3274 dicebatur:
2491 3234 2612 3288 quae
2659 3233 2789 3275 Sane
2856 3220 3019 3292 longe
3089 3221 3370 3276 diversum
3447 3223 3692 3279 hahneze

2108 3314 2340 3368 exitum.
2370 3311 2678 3367 Plurimum
2716 3327 2952 3383 namque
2999 3329 3097 3370 eos
3146 3315 3237 3386 qni
3272 3315 3685 3386 amigchantur.

2107 3406 2509 3470 conﬁrmabat,
2561 3421 2684 3475 qua:
2715 3405 2972 3461 videlicet
3022 3408 3118 3463 Dei
3165 3410 3252 3463 lex
3281 3421 3334 3463 et
3364 3409 3689 3463 constztntio

413 3510 522 3565 est,
555 3508 612 3555 et
644 3499 920 3571 ejusmodi
956 3500 1302 3568 temporibus
1350 3501 1715 3573 dispositione
1754 3501 1993 3572 quadam
2034 3503 2316 3573 praecipue
2383 3513 2701 3558 exercetur.
2749 3501 3101 3573 Quapropter
3127 3513 3178 3559 ct
3246 3504 3497 3559 ecclesia:
3534 3506 3688 3576 ipsae,

413 3607 468 3652 ct
499 3613 692 3653 eorum
724 3596 817 3667 qui
839 3596 1035 3652 Joanni
1074 3598 1398 3670 cupiebant,
1430 3613 1725 3664 numerus,
1759 3598 1814 3654 in
1844 3598 2010 3655 horas
2048 3598 2377 3668 augebatur,
2413 3605 2471 3653 et
2504 3597 2910 3653 incrementum
2948 3597 3243 3652 maximum
3272 3598 3547 3655 sumebat.

1029 3744 1277 3799 ΚΕΦΑΛ.
1311 3742 1395 3801 κ’.
1435 3727 1454 3751 '

415 3860 545 3914 Ἔτι
574 3858 707 3927 περὶ
770 3855 878 3926 τῆς
930 3856 1148 3913 ἀδίκου
1199 3860 1525 3927 ὑπερορίας
1559 3861 1865 3925 Ἰωάννου,
1892 3862 1993 3915 καί

482 3930 600 4001 ὅσα
628 3929 756 3994 τοῖς
784 3928 941 4001 περὶ,
959 3929 1152 4001 aeto;-
1181 3927 1383 4001 ἀπιὼὴ
1431 3930 1692 4000 διεξῄει·
1729 3930 1828 3986 καί
1856 3930 1995 4001 περὶ

480 3998 593 4068 τῆς
625 4001 777 4068 πρὸς
802 4000 993 4054 αὐτὸν
1030 3998 1139 4053 τοῦ
1166 4000 1323 4055 λαοῦ
1358 3998 1709 4068 διαθέσεως.

489 4116 581 4182 Ὠς
608 4117 666 4171 δὲ
695 4117 794 4186 τῆς
825 4116 1209 4186 Πεντηκοστῆς
1254 4115 1440 4187 ἡμέρα
1462 4116 1785 4182 κατέλαϐεν,
1817 4132 1996 4188 προσι

415 4212 559 4266 ίασιν
598 4209 651 4263 οῖ
704 4208 999 4263 ἐπίσκοποι
1052 4207 1265 4279 βασιλεῖ
1291 4208 1479 4273 αὖθις·
1515 4211 1633 4277 καὶ,
1690 4227 1712 4262 ι
1744 4209 1840 4264 Σοὶ
1874 4209 1995 4281 μὲν,

410 4305 564 4375 φασὶ,
588 4302 699 4355 τῶν
726 4299 1086 4372 ἀνθρωπίνων
1115 4302 1464 4372 πραγμάτων
1492 4303 1526 4373 ή
1558 4302 1835 4375 διοίκησις
1856 4301 1997 4372 πρὸς

408 4395 565 4460 Θεοῦ,
597 4395 665 4447 τὰ
709 4392 766 4446 δὲ
815 4392 927 4446 τῶν
981 4392 1296 4463 ἐκκλησιῶν
1328 4392 1464 4464 ἡμῖν
1510 4394 1825 4466 ἐπετράπη.
1856 4395 1992 4463 Ι’Δγε

407 4485 493 4556 δὴ,
533 4485 660 4558 μήθ’
692 4485 887 4557 ἱερέων
939 4484 1255 4556 ἱερώτερος,
1316 4486 1453 4558 μήτε
1485 4486 1597 4539 τῶν
1627 4489 1874 4541 κανόνων
1898 4487 1994 4541 ἔσο

407 4578 600 4633 εὐθύτε
610 4595 725 4651 ροςο
743 4578 860 4633 ἀλλ’
883 4578 1019 4650 ήμῖν
1038 4579 1366 4643 ἐπισκόποις
1386 4574 1508 4634 οὖσι
1531 4579 1667 4635 Θεοῦ
1687 4581 1798 4639 τῶν
1812 4580 1994 4635 τοιού-

2690 3744 2921 3802 CAPUT
2960 3744 3084 3800 XX.

2101 3861 2271 3917 Plura
2293 3862 2358 3915 de
2382 3861 2580 3932 injuste
2606 3860 2791 3915 exsilio
2810 3859 3059 3924 Joannis,
3087 3869 3137 3913 et
3160 3874 3279 3927 qua:
3304 3861 3377 3915 ad
3402 3870 3688 3917 sectatores

2170 3949 2296 3986 suos
2327 3934 2507 3987 abiens
2535 3933 2733 3987 dixerit
2758 3948 2779 3987 :
2817 3941 2865 3985 et
2897 3932 2962 3985 de
2994 3932 3178 4002 populi
3210 3948 3337 4003 erga
3371 3947 3492 3986 eum
3533 3935 3689 4005 οπεο-

2173 4005 2334 4071 tione.

2172 4115 2274 4174 Ubi
2317 4126 2502 4171 autem
2548 4116 2913 4185 Pentecostes
2970 4115 3094 4171 dies
3129 4114 3389 4181 advenit,
3433 4115 3685 4188 episcopi

2096 4223 2319 4262 rursum
2384 4206 2778 4275 imperatorem
2839 4206 3124 4270 adierunt,
3198 4221 3444 4277 eumque
3498 4210 3686 4264 verbis

2097 4300 2252 4355 hisce
2300 4310 2436 4356 sunt
2471 4300 2764 4369 aggressi:
2797 4317 2817 4351 ι
2860 4299 2985 4354 Tihi
3033 4299 3258 4369 quidem
3309 4299 3684 4356 humanorum

2095 4393 2447 4464 negotiorum
2509 4392 2922 4447 administratio
2974 4410 3003 4444 a
3071 4391 3214 4456 Deo,
3268 4393 3434 4447 nobis
3494 4405 3682 4449 autem

2094 4485 2596 4541 ecclesiasticarum
2642 4500 2828 4539 rerum
2881 4485 3201 4554 procuratio
3232 4486 3527 4540 commissa
3571 4497 3684 4546 est.

2095 4579 2288 4648 Itaque
2343 4594 2412 4633 ne
2463 4588 2518 4632 tu
2573 4577 2660 4632 vel
2721 4577 3114 4632 sacerdotibus
3160 4591 3321 4632 sacer
3358 4579 3557 4647 magis,
3597 4582 3681 4636 vel

405 4687 517 4724 των
554 4670 825 4737 ἐξίστασο.
869 4669 1162 4740 Ἔφθημεν
1207 4671 1316 4741 γάρ
1353 4687 1437 4725 σοι
1476 4671 1574 4726 καὶ
1611 4674 1883 4743 πρότερον
1912 4676 1988 4727 εί-

2105 4672 2405 4727 canonibus
2456 4671 2664 4727 rectior
2712 4680 2769 4725 et
2801 4670 3132 4739 aaquabilior
3173 4685 3296 4725 esse
3340 4673 3484 4728 velis
3519 4689 3537 4729 :
3578 4676 3682 4728 sed

406 4765 624 4826 πάντες,
661 4766 755 4818 καὶ
778 4764 876 4819 νῦν
903 4763 1164 4833 λέγομεν,
1204 4762 1332 4818 Ἐπὶ
1354 4767 1453 4829 τὰς
1485 4764 1734 4836 κεφαλὰς
1765 4765 1994 4838 ήμῶνεή

418 4860 669 4913 Ίωᾶννου
694 4855 1040 4926 καθαίρεσις.
1082 4856 1316 4910 Σκοπεῖν
1347 4856 1442 4911 οὖν
1470 4857 1612 4921 δέον,
1643 4859 1843 4929 μήπως
1874 4859 1996 4923 ἐνὸς

405 4954 865 5023 περιποιούμενος
886 4989 905 5018 ,
938 4950 1149 5021 πλῆθος
1174 4951 1276 5005 οὐκ
1315 4951 1604 5023 ἐλάχιστον
1635 4953 1932 5025 ἀπολέσῃς.
1966 4971 1986 5006 ι

406 5042 885 5109 Ταῠτῗτεὶπόντων,
932 5041 1162 5111 πέμψας
1214 5041 1382 5106 εὐθὺς
1412 5045 1643 5107 ἐκεῖνος,
1677 5044 1867 5115 ἐδήλου
1911 5045 1992 5117 τῷ

408 5136 578 5206 ἱερεῖ·
640 5152 658 5186 ι
690 5135 754 5188 Οἱ
788 5133 874 5187 σοὶ
929 5134 1233 5207 κατήγοροι
1288 5135 1350 5188 τὸ
1386 5134 1480 5190 σὸν
1534 5138 1713 5207 κρῖμα
1745 5138 1897 5201 ὅπως
1925 5136 1994 5191 ἂν

406 5227 542 5297 ἐχοι,
569 5228 666 5279 καὶ
693 5230 792 5297 τὴν
820 5226 918 5296 τῆς
952 5225 1338 5297 καθαιρέσεως
1371 5226 1576 5297 ψῆφον,
1621 5231 1743 5292 ταῖς
1778 5228 1994 5282 ἑαυτῶν

406 5319 718 5375 ἐπιτιθέασι
747 5319 1034 5389 κεφαλαῖς.
1086 5319 1177 5390 Τῷ
1210 5320 1334 5390 Θεῷ
1381 5323 1570 5376 τοίνυν
1598 5323 1903 5393 ιπιτρέψας
1931 5323 1996 5376 τὸ

407 5415 522 5480 σὶν,
553 5415 653 5484 τῆς
678 5412 1008 5482 Ἐκκλησίας
1042 5413 1338 5484 ἀπόστηθι.
1374 5431 1394 5466 ι
1447 5413 1513 5468 Τί
1550 5413 1729 5479 τοῦτο,
1779 5414 1994 5485 ἀνδρῶν

406 5505 921 5578 εὐμεταϐολὼτατε,
947 5508 1042 5560 καὶ
1063 5504 1187 5559 κατ’
1220 5506 1358 5559 αὐτό
1386 5523 1448 5575 γε
1473 5507 1532 5560 τὸ
1553 5509 1800 5579 κρατεῖν,
1830 5507 1991 5578 βασι-

406 5599 545 5653 λέων
595 5597 858 5652 ἁπάντων
919 5596 1287 5665 ἀγεννέστατα
1345 5597 1445 5652 καὶ
1492 5596 1986 5667 ἀγνωμονέστατες

407 5689 518 5745 Ποῦ
549 5689 611 5742 τὸ
665 5687 871 5760 θερμὸν
923 5687 1025 5757 τῆς
1085 5685 1282 5759 πρώην
1335 5689 1595 5760 σπουδῆς,
1643 5690 1710 5761 ἣν
1739 5687 1900 5760 ἔσχες
1929 5685 1989 5753 ἐξ

420 5784 747 5855 Ἀντιοχεὲας
793 5782 1277 5854 μετακαλούμενος
1308 5783 1400 5836 τὸν
1450 5782 1729 5851 τοσοῦτον,
1768 5783 1862 5837 καὶ
1887 5783 1985 5855 τὴν

2098 4762 2262 4818 nobis
2324 4762 2604 4833 episcopis
2658 4762 2754 4817 Dei
2821 4761 3012 4816 talium
3078 4777 3266 4827 rerum
3329 4765 3682 4822 cura'cede.

2100 4856 2352 4910 Diximus
2391 4855 2540 4910 enim
2592 4863 2753 4909 antea
2797 4854 2920 4922 tibi,
2966 4866 3025 4911 et
3073 4872 3225 4912 nunc
3273 4856 3476 4914 iterum
3526 4875 3685 4932 repe-

2097 4959 2279 5005 tentes
2316 4949 2592 5016 dicimus,
2624 4947 2788 5019 393
2821 4951 2875 5004 in
2903 4951 3087 5020 capita
3117 4962 3305 5006 nostra
3337 4953 3684 5010 condemna-

2094 5043 2302 5097 tionem
2330 5041 2563 5097 Joannis
2610 5041 2924 5097 redundare
2965 5043 3195 5100 debere.
3246 5044 3599 5116 Quapropter
3629 5056 3683 5103 te

2094 5134 2454 5189 considerare
2495 5149 2715 5204 aequum
2753 5143 2857 5201 est,
2899 5151 2970 5191 ne
3027 5152 3198 5191 unum
3245 5136 3527 5194 hominem
3581 5142 3685 5196 de-

2097 5226 2355 5292 fendens,
2424 5241 2532 5282 non
2595 5231 2850 5299 exiguam
2913 5230 3330 5286 multitudinem
3399 5232 3620 5302 perdas-
3656 5254 3676 5287 ι

2095 5313 2225 5372 Haec
2247 5317 2337 5372 ubi
2361 5315 2572 5381 dixere,
2596 5318 2893 5374 confestim
2923 5320 3017 5375 ille
3045 5321 3113 5375 ad
3135 5312 3455 5377 antistitem
3490 5323 3678 5389 misit,

2094 5408 2193 5478 qui
2223 5409 2273 5465 ei
2302 5408 2618 5464 indicarent
2652 5427 2667 5465 :
2709 5429 2727 5462 ι
2768 5414 3136 5469 Accusatores
3171 5414 3249 5469 tui
3281 5415 3679 5485 propterjudi-

2094 5502 2242 5557 cium
2268 5512 2447 5567 tuum,
2471 5504 2982 5574 quomodocunqnc
3012 5520 3072 5559 se
3099 5505 3152 5560 id
3188 5506 3413 5564 habeat.
3457 5516 3514 5561 et
3542 5523 3681 5563 con-

2092 5594 2471 5649 demnationis
2532 5605 2639 5650 tua:
2696 5600 3030 5652 sententiam
3068 5637 3083 5663 ,
3156 5599 3334 5669 capita
3393 5599 3500 5669 ipsi
3573 5616 3678 5658 sua

2091 5688 2456 5744 devoverunt.
2502 5690 2744 5745 Proinde
2774 5706 2938 5745 causa
2983 5699 3075 5746 tua
3105 5691 3220 5748 Deo
3254 5706 3573 5759 commissa,
3602 5695 3679 5751 ab

2089 5781 2323 5836 ecclesia
2380 5782 2626 5840 discedo.
2677 5801 2696 5836 ι
2768 5783 2910 5850 Quid
2968 5783 3073 5842 hoc
3139 5784 3216 5841 rei
3265 5795 3373 5854 est,
3425 5785 3689 5862 virorum
