4044 6500
362 419 469 485 939

362 535 617 592 omnium
680 532 981 599 levissime,
1050 540 1106 588 et
1165 529 1236 587 ad

368 625 665 684 strandum
700 623 1048 695 ineptissime
1100 632 1265 692 atque
1330 621 1940 680 inconsideratissrme?

362 721 468 777 Ubi
500 729 587 774 est
623 718 915 788 pristinum
952 716 1083 769 illud
1131 714 1375 771 studium
1417 724 1598 781 tuum,
1657 725 1714 770 et
1746 716 1940 777 ardor.

363 824 526 880 quem
561 819 674 864 tum
704 807 1016 874 oblinuisti,
1047 823 1171 862 cum
1200 823 1269 861 ex
1297 807 1415 876 ipsa
1444 806 1734 862 Antiochia
1761 807 1940 861 virum

366 912 580 956 tantum
611 901 879 967 evocasti,
933 901 1095 970 rique
1138 900 1443 955 Ecclesiam
1484 897 1691 955 Christi
1746 915 1945 968 regen-

364 993 492 1049 dam
554 991 899 1046 attribuisti?
957 992 1116 1062 cujus
1174 1008 1285 1045 non
1355 991 1534 1044 solum
1593 990 1943 1052 doctrinam,

363 1099 556 1139 verum
605 1085 770 1138 etiam
829 1082 1090 1137 virtutem
1141 1082 1436 1150 plurimam
1489 1088 1755 1151 expertus
1812 1080 1945 1134 satis

364 1178 460 1232 es?
513 1176 755 1234 Tantum
808 1176 999 1247 igitur,
1069 1184 1125 1230 et
1187 1183 1298 1228 tam
1349 1175 1536 1228 animo
1571 1183 1667 1227 tuo
1714 1172 1945 1225 charum

364 1268 581 1335 virum,
642 1278 850 1323 temere
907 1268 1049 1322 adeo
1114 1266 1350 1321 ecclesia
1409 1266 1685 1336 ejectum,
1750 1263 1947 1317 exsilio

365 1371 600 1426 mactas,
663 1360 967 1415 Ecclesiam
1007 1358 1216 1414 Christi
1270 1366 1484 1412 rectore
1519 1364 1675 1410 tanto
1705 1352 1949 1408 orbaus?

365 1469 492 1509 cum
525 1468 659 1523 quo.
680 1454 836 1521 juxta
859 1451 1106 1505 divinum
1141 1450 1369 1505 Paulum
1399 1450 1441 1511 ³.
1475 1460 1536 1503 ut
1569 1455 1947 1518 comparetur,

368 1544 666 1597 universus
728 1542 973 1596 mundus
1065 1541 1264 1609 dignus
1344 1554 1465 1609 non,
1512 1539 1628 1594 est?
1691 1537 1949 1593 Sedenim

373 1646 425 1691 te
485 1649 709 1705 quoque
774 1634 973 1687 mulier
1033 1634 1278 1696 seduxit,
1345 1632 1839 1700 miserandumque
1893 1633 1950 1687 in

374 1730 601 1784 modum
631 1724 820 1782 faciles
846 1743 1008 1781 aures
1037 1737 1156 1781 tuas
1193 1727 1468 1781 titillando
1491 1726 1728 1794 decepit.
1751 1724 1954 1790 Quem-

1590 412 2013 475 NlCEPHORI
2048 411 2402 474 CALLISTI

1337 529 1632 602 imperium
1701 530 1940 587 admini-

2063 530 2285 602 ἰριστοῦ
2334 526 2669 601 Ἐκκλησίαν
2720 524 3009 598 χειρίζωνς
3053 522 3115 579 οὗ
3172 522 3247 595 μὴ
3294 521 3406 578 τῶν
3453 520 3628 593 λόγων

3491 400 3629 468 1000

2047 624 2231 693 μόνον,
2250 622 2385 677 ἀλλὰ
2413 623 2509 676 καὶ
2536 623 2632 687 τῆς
2663 619 2865 690 ἀρετῆς
2895 617 3155 685 πλείστην
3187 617 3346 685 ἔσχες
3372 616 3471 688 τὴν
3506 619 3627 670 πεῖ-

2048 732 2167 785 ραν.
2193 715 2296 770 Τὸν
2324 715 2507 768 τοίνυν
2539 713 2797 767 τοσοῦτον
2827 714 2922 766 καὶ
2955 710 3038 764 σοὶ
3068 710 3410 779 καταθύμιον
3438 711 3625 772 ἁπλῶς

2044 805 2219 870 οὕτως
2274 804 2483 869 ἐξώσας
2511 807 2612 875 τῆς
2652 803 2987 870 Ἐκκλησίας
3022 800 3295 870 ὑπερορίᾳ
3329 799 3629 853 καταδικαο

2047 897 2183 964 ζεις,
2218 899 2389 968 ἄνδρα
2415 897 2673 951 τοσοῦτον
2708 898 2806 968 τὴν
2850 893 3094 967 Χριστοῦ
3137 893 3472 962 Ἐκκλησίαν
3510 909 3632 946 στε-

2049 995 2244 1063 ρήσας,
2274 988 2334 1047 οὗ
2365 993 2507 1045 κατὰ
2533 992 2626 1045 τδν
2658 991 2802 1043 Θεῖον
2831 989 3048 1042 Παῦλον
3079 988 3205 1040 οὑδέ
3232 990 3259 1041 ὁ
3289 988 3391 1049 πᾶς
3427 986 3631 1052 κόσμος

2047 1086 2341 1151 ἀντάξιος;
2386 1085 2526 1138 Ἀλλ’
2584 1085 2758 1143 ὅντως
2818 1084 2911 1136 καὶ
2944 1081 3003 1132 σέ
3057 1081 3283 1151 παρεῖλε
3327 1082 3489 1146 γυνὴ,
3538 1082 3629 1132 καὶ

2049 1177 2302 1241 ἐλεεινῶς
2335 1180 2433 1239 τὰς
2457 1177 2719 1239 εὐκόλους
2751 1193 2845 1229 σου
2875 1175 3044 1238 ἀκοὰς
3073 1173 3494 1245 παρεκρούσατο
3516 1190 3528 1202 ·
3553 1171 3626 1234 ὡς

2050 1271 2159 1341 γὰρ
2196 1269 2312 1322 liba
2342 1269 2430 1322 διὰ
2455 1268 2551 1321 τοῦ
2580 1268 2759 1336 ὄφεως
2788 1268 2865 1336 τῷ
2915 1268 3212 1338 γεννοὶρχῃ.
3251 1266 3395 1319 οὕτω
3430 1266 3519 1316 καὶ
3550 1265 3630 1315 σοὶ

2050 1363 2137 1417 διὰ
2161 1363 2261 1433 τῆς
2294 1362 2608 1432 συμμορίας
2650 1365 2760 1416 τῶν
2794 1360 2980 1413 καλῶν
3015 1359 3326 1429 ίερέων,τὺν
3367 1358 3631 1423 ίὸνὺπεξ-

2052 1456 2250 1527 ήμεσε.
2309 1455 2475 1508 Ταῦτ’
2529 1455 2771 1519 ἀκούσας
2837 1456 2865 1507 ὁ
2922 1454 3119 1523 μέγας,
3180 1452 3348 1522 μηδὲν
3411 1451 3630 1519 ἀγεννὲς

2054 1547 2366 1612 ὑποδείξας,
2419 1547 2556 1601 ἀλλὰ
2592 1549 2683 1600 τὸν
2719 1547 2889 1617 ἄνδρα
2937 1547 3146 1615 κυρίως
3202 1545 3405 1609 δείξας,
3441 1546 3631 1596 είσεισι

2058 1641 2156 1693 σὺν
2185 1644 2297 1703 τοῖς
2336 1642 2467 1710 περὶ
2518 1640 2684 1694 αὑτὸν
2730 1640 3056 1701 ἐπισκόποις
3100 1639 3192 1691 τὸν
3247 1638 3394 1690 Θεῖον
3428 1635 3590 1700 σηκόν
3615 1651 3631 1668 ·

2057 1733 2137 1803 τῷ,
2185 1733 2404 1802 ἀγγέλῳ
2452 1751 2511 1786 τε
2547 1736 2645 1803 τῆς
2689 1733 3022 1803 Ἐκκλητίας
3055 1715 3155 1786 ὅσα
3194 1733 3340 1793 είκδς
3375 1731 3634 1795 (LV-tigi-

375 1823 672 1878 admodum
704 1823 854 1875 enim
907 1819 1024 1873 Eva
1051 1835 1146 1889 per
1175 1830 1513 1887 serpentem,
1557 1818 1741 1888 primo
1777 1833 1950 1887 gene-

404 1918 413 1927 .
612 1915 674 1931 ,.
750 1930 757 1931 ,
1176 1923 1219 1931 _.
1286 1912 1382 1931 ,ηρ
1442 1928 1537 1931 μμ

2063 1842 2246 1895 μενος,
2280 1824 2554 1892 κᾲκείνοις
2586 1825 2665 1876 ὄσ⁹
2718 1826 2885 1896 ἐχρῆν
2918 1822 3254 1892 προσειπὼν,
3314 1822 3535 1891 ἔχεσθαί
3575 1838 3634 1874 τε

371 1918 448 1970 ris
505 1915 678 1970 nostri
740 1912 1106 1967 auctorizsic
1168 1923 1225 1969 et
1286 1912 1385 1966 tibi
1441 1928 1540 1981 per
1592 1911 1948 1967 sodalitatem

373 2010 649 2063 bonorum
698 2007 929 2059 istorum
984 2008 1392 2075 episcoporum,
1454 2005 1544 2059 illa
1594 2007 1733 2058 clam
1787 2021 1953 2059 vene-

372 2117 504 2155 num
556 2099 805 2153 immisit.
853 2099 977 2153 llaec
1026 2099 1119 2153 ubi
1163 2113 1393 2167 magnus
1427 2098 1522 2153 ille
1555 2098 1789 2164 audivit,
1839 2114 1949 2151 non

373 2193 704 2262 degenerem
735 2205 792 2243 se
817 2188 1105 2247 exhibuit.
1150 2188 1245 2242 sed
1281 2188 1459 2241 virum
1506 2187 1781 2255 praecipue
1832 2200 1954 2239 esse

374 2286 640 2341 ostendit.
684 2281 824 2337 Cum
863 2274 1140 2352 episcopis
1176 2281 1325 2337 enim
1366 2280 1459 2351 qui
1491 2296 1617 2335 cum
1649 2295 1718 2334 eo
1754 2288 1951 2344 erant,

375 2382 432 2434 in
515 2379 763 2433 divinum
823 2380 1126 2431 sacrarium
1204 2375 1523 2444 ingressus,
1599 2375 1695 2428 ubi
1758 2374 1955 2442 angelo

377 2472 660 2534 Ecclesiae,
685 2487 810 2540 quas
835 2484 971 2539 opus
1000 2480 1142 2531 erat,
1177 2467 1606 2533 commendavit,
1635 2475 1692 2520 et
1722 2466 1789 2520 ad
1832 2466 1957 2519 illos

376 2583 503 2636 qua:
557 2565 939 2627 conveniebat,
1002 2563 1347 2632 prolocutus,
1408 2569 1466 2614 et
1514 2569 1575 2617 ut
1634 2569 1957 2614 constanter

376 2662 541 2717 ﬁdem
578 2660 888 2714 retinerent
937 2671 1037 2710 eos
1079 2654 1402 2709 cohortatus
1432 2664 1547 2718 est,
1578 2669 1769 2708 secum
1816 2654 1955 2721 ipse,

375 2753 658 2826 quomodo
687 2752 895 2821 absque
929 2747 1167 2806 tumultu
1195 2746 1329 2800 urbe
1355 2746 1736 2816 egrederetur,
1771 2747 1958 2815 dispe-

376 2846 481 2901 xit.
527 2843 647 2899 iam
700 2841 852 2896 enim
904 2839 1204 2894 multitudo
1243 2835 1592 2900 conﬂuebat,
1637 2850 1697 2889 ut
1730 2853 1796 2891 co
1841 2839 1959 2891 viro

375 2939 707 3002 orbaretur,
730 2934 1164 3003 haudquaquam
1199 2931 1593 2985 commissura.
1635 2929 1957 2990 Jumcntum

376 3033 549 3103 igitur
591 3027 738 3098 quod
791 3037 1206 3081 conscensurus
1238 3031 1383 3084 erat,
1415 3020 1747 3075 occidentali
1803 3031 1961 3088 porta

377 3122 579 3179 abduci
610 3118 799 3192 jussit,
824 3118 946 3187 ipse
975 3125 1159 3171 autem
1183 3113 1439 3169 orientali
1465 3112 1624 3168 exiit.
1658 3113 1962 3183 Episcopos

2055 1918 2155 1985 τῆς
2191 1919 2431 1981 πίστεως
2464 1921 2600 1987 ἀμετ
2645 1918 2818 1980 Οὲτως
2856 1918 3295 1986 ἐγγυησάμενος,
3346 1914 3470 1967 καθ’
3506 1916 3633 1967 ἐαυ-

2056 2011 2147 2063 τὸν
2180 2010 2548 2074 διεσκοπεῖτο,
2583 2009 2659 2072 ὡς
2692 2009 2758 2063 ἂν
2780 2009 3030 2080 θορύϐων
3059 2010 3188 2063 ἄνευ
3218 2009 3249 2077 ἡ
3283 2008 3457 2072 ἔξοδος
3478 2006 3638 2072 γένη-

2055 2118 2169 2155 ται.
2203 2102 2343 2169 Ἤδη
2373 2101 2484 2170 γὰρ
2525 2100 2586 2153 τὸ
2621 2100 2829 2168 πλῆθος
2878 2100 3142 2172 είσέρρει,
3179 2099 3276 2168 οὑχ
3306 2092 3415 2151 οἷόν
3446 2115 3502 2149 τε
3538 2097 3636 2167 τὴν

2061 2194 2322 2265 στέρησιν
2347 2194 2671 2261 ὑπενεγκεῖν
2701 2194 2795 2246 τοῦ
2846 2194 3061 2260 ἀνδρός.
3097 2192 3171 2246 Τὸ
3197 2188 3291 2245 οὖν
3343 2190 3637 2255 ὑποζύγιον

2057 2281 2101 2356 ᾧ
2131 2288 2439 2340 ἐπιϐαίνειν
2488 2286 2680 2354 ἔμελλε
2704 2326 2720 2347 .
2779 2286 2865 2338 διὰ
2899 2286 3006 2338 τῶν
3038 2284 3275 2337 δυτικῶν
3308 2283 3463 2351 ἄγειν
3509 2283 3634 2335 ἐκέ·

2057 2380 2238 2433 λευεν.
2278 2378 2448 2441 Αὑτδς
2481 2379 2539 2431 δέ
2600 2380 2687 2431 διὰ
2718 2378 2829 2431 τῶν
2867 2378 3018 2447 ἑῴων
3076 2377 3226 2449 ἐξῄει
3267 2376 3484 2430 πυλῶν
3523 2379 3638 2438 τοῖς

2057 2469 2104 2522 δ’
2139 2471 2462 2531 ἐπισκόποις
2507 2470 2603 2521 καὶ
2632 2473 2742 2527 τοῖς
2793 2467 3110 2522 συνελθοῦσι
3157 2470 3265 2521 τῶν
3299 2468 3490 2538 ἱερέων
3523 2467 3640 2519 ἐκέ-

2057 2565 2213 2616 λευεν
2243 2564 2671 2634 ὀλοφυρομένοις
2716 2579 2777 2614 τε
2833 2564 2926 2615 καὶ
2960 2563 3241 2615 κωκύουσι
3265 2603 3278 2623 ,
3316 2563 3390 2633 μὴ
3428 2561 3642 2615 συνθλί-

2061 2657 2176 2709 6ειν
2216 2657 2412 2726 ἐκείνῳ
2442 2657 2503 2709 τὸ
2538 2655 2781 2724 πνεῦμα,
2825 2653 2964 2709 ἀλλὰ
3002 2659 3215 2725 στέγειν
3244 2658 3313 2709 τὰ
3344 2658 3641 2726 ἐπερχόμε-

2060 2769 2148 2813 να,
2183 2750 2423 2802 καὶτῶν
2473 2746 2784 2820 ἐκκλησιῶν
2837 2751 2910 2819 μὴ
2968 2748 3337 2816 ἀφίστασθαι·
3388 2750 3478 2803 διὰ
3531 2748 3637 2819 γὰρ

2061 2843 2275 2895 πολλῶν
2316 2841 2556 2912 Θλίψεων
2615 2842 2717 2914 τὴν
2772 2841 2883 2895 τῶν
2917 2843 3165 2914 οὐρανῶν
3213 2842 3323 2894 δεῖν
3381 2857 3640 2911 πραγμα-

2061 2933 2670 3004 τεύεσθαι-βασιλείαν.
2734 2933 2930 2988 ι’Δλλ’
2980 2935 3217 3002 ἀνάγκη.
3279 2933 3364 2995 τὶς
3420 2932 3641 2984 ἐκείνων

2062 3027 2347 3083 ὑπολαϐὼν
2384 3027 2511 3097 ἐφη,
2547 3028 2668 3089 ταῖς
2700 3028 2901 3099 ἀρχαῖς
2948 3026 3058 3079 τῶν
3091 3027 3402 3096 ἐκκλησιῶν
3453 3025 3642 3093 ἐπιμέ-

2065 3138 2278 3187 νοντας,
2308 3123 2374 3192 τῇ
2406 3119 2550 3174 κατὰ
2580 3119 2677 3173 σοῦ
2734 3120 3014 3174 κοινωνεῖν
3059 3119 3382 3189 Ἐκκλησία,
3429 3119 3522 3169 καὶ
3572 3118 3638 3187 τῇ

380 3230 547 3284 porro
600 3223 656 3267 et
712 3210 1052 3274 sacerdotes,
1107 3209 1201 3278 qui
1235 3210 1301 3262 ad
1355 3222 1481 3263 eum
1534 3208 1959 3274 conveniebant,

2073 3217 2138 3286 σῇ
2170 3214 2488 3284 καθαιρέσει
2523 3213 3003 3284 καθυπογράφειν.
3043 3231 3062 3265 ι
3109 3212 3166 3264 '0
3197 3212 3254 3264 δὲ
3294 3215 3465 3283 μέγας
3503 3213 3642 3264 ἐκεῖ-

381 3307 667 3378 plorantes
723 3312 890 3373 atque
958 3301 1213 3371 lugentes
1245 3299 1559 3364 admonuit,
1602 3315 1672 3354 ne
1703 3300 1963 3370 spiritum

382 3401 506 3470 ejus
535 3398 875 3469 amigerent,
908 3396 1006 3451 sed
1057 3405 1489 3465 res-praesentes
1538 3395 1673 3451 boni
1704 3395 1966 3450 consulc-

384 3501 535 3555 rent,
599 3506 705 3546 nec
767 3493 835 3545 ab
898 3488 1157 3545 ecclesiis
1200 3487 1580 3553 discederent,
1639 3504 1739 3559 per
1766 3489 1967 3543 multas

385 3586 783 3641 tribulationes
830 3581 1140 3652 parandum
1225 3595 1346 3635 esse
1404 3594 1631 3649 regnum
1698 3580 1967 3633 caelorum

385 3681 622 3735 docens.
651 3678 834 3746 Atque
869 3677 941 3730 ibi
961 3692 1028 3745 ex
1060 3674 1170 3727 illis
1195 3688 1510 3728 sermonem
1534 3671 1654 3743 ejus
1685 3671 1970 3741 excipiens

384 3772 615 3843 quidam
650 3786 666 3823 :
718 3786 737 3821 ι
776 3777 865 3830 At,
902 3768 1109 3837 inquit,
1139 3765 1186 3819 si
1235 3766 1290 3819 in
1335 3762 1759 3832 magistratibus
1793 3765 1971 3819 eccle-

386 3863 598 3917 siarum
635 3857 1131 3928 permanseritms,
1172 3855 1483 3909 necessitas
1516 3855 1695 3919 uobis,
1731 3865 1793 3909 ut
1841 3871 1967 3911 cum

386 3952 639 4010 Ecclesia
670 3950 769 4005 tibi
802 3948 1137 4003 adversante
1167 3947 1668 4010 communicemus,
1724 3957 1780 4003 et
1811 3948 1971 4003 abdi-

386 4045 592 4101 cationi
660 4052 769 4096 tuae
851 4040 1306 4100 subscribamus.
1395 4041 1745 4096 incumbet.»
1827 4040 1968 4096 Tum

387 4148 619 4207 magnus
646 4132 812 4204 395.
836 4132 948 4197 ille,
968 4132 1144 4202 majus
1180 4131 1442 4200 quiddam
1469 4147 1634 4200 quam
1666 4148 1764 4202 pro
1799 4133 1973 4187 bomi-

309 4234 315 4247 '
385 4228 474 4284 nis
522 4238 691 4296 captu
723 4227 1004 4296 cogitans,
1050 4232 1108 4278 et
1141 4225 1490 4279 occasionem
1523 4224 1886 4280 schismatum
1915 4236 1972 4280 et

383 4320 743 4375 dissidiorum
765 4320 819 4373 in
839 4317 1086 4373 Ecclesia
1102 4315 1430 4385 praecidens,
1457 4331 1592 4371 voce
1611 4317 1972 4373 submissiore

386 4412 730 4470 subintulit:
782 4429 800 4463 ι
834 4410 904 4467 Ut
955 4410 1181 4479 quidem
1241 4424 1367 4463 cum
1428 4409 1765 4466 adversariis
1834 4411 1973 4466 meis

387 4504 849 4566 comniuuicetis,
907 4502 1326 4558 concedendum
1384 4501 1545 4556 vobis
1590 4518 1715 4557 esse
1777 4503 1967 4558 duco:

386 4608 447 4652 ut
481 4605 664 4652 autem
702 4594 1041 4650 abdicationi
1073 4609 1206 4648 meae
1245 4593 1518 4647 calculum
1557 4602 1799 4649 vestrum
1832 4595 1969 4666 adji-

386 4688 567 4751 ciatis,
597 4704 706 4742 non
749 4688 1034 4756 permitto.
1098 4685 1318 4739 Nullius
1354 4687 1502 4739 enim
1536 4687 1640 4752 rei,
1675 4703 1778 4742 cur
1809 4687 1969 4743 abdi-

386 4782 603 4837 catione
663 4779 865 4853 dignus
903 4778 1031 4841 sim,
1085 4778 1218 4831 mihi
1266 4778 1525 4832 conscius
1583 4794 1729 4833 sum.
1764 4797 1781 4831 ι
1842 4779 1969 4835 Πεεο

387 4873 732 4943 prolocutus,
764 4872 820 4924 in
869 4886 1086 4924 sacrum
1140 4869 1505 4939 baptisterem
1540 4871 1821 4940 ingressus
1861 4882 1966 4927 est.

385 4968 569 5036 Atque
599 4965 690 5020 ubi
756 4964 823 5019 ad
862 4966 1075 5019 beatam
1114 4963 1494 5036 Olympiadem
1537 4966 1768 5034 ejusque
1792 4975 1971 5021 secta-

393 5059 562 5113 trices
591 5057 845 5127 pervenit
866 5096 880 5119 ,
925 5057 1289 5112 vehementer
1319 5068 1545 5127 propter
1574 5056 1872 5112 orbitatem
1911 5067 1969 5112 et

388 5150 692 5205 abitionem
752 5150 873 5218 ejus
917 5150 1282 5218 plangentes,‘
1321 5149 1640 5203 consolatus
1696 5149 1815 5203 illas
1859 5159 1965 5215 est,

388 5256 594 5311 easque
624 5256 683 5296 se
715 5242 950 5311 amplius
970 5258 1080 5295 non
1110 5241 1325 5296 visuras
1347 5256 1467 5295 esse
1495 5241 1772 5310 praedixit.
1807 5242 1972 5297 Aliis-

391 5350 500 5405 que
531 5334 786 5402 plurimis
828 5333 1013 5388 verbis
1050 5334 1196 5388 inter
1233 5332 1636 5388 festinandum-
1667 5334 1967 5403 congestis,

393 5434 674 5492 postremo
709 5435 762 5477 et
796 5424 888 5478 illa
915 5423 1130 5477 addidit
1166 5440 1179 5477 :
1215 5441 1232 5475 ι
1268 5422 1384 5477 Hoc
1416 5439 1446 5477 a
1476 5423 1653 5491 vobis,
1686 5425 1965 5495 inquiens,

395 5524 674 5585 postremo
714 5516 837 5571 loco
869 5525 999 5586 peto
1020 5556 1034 5581 ,
1062 5532 1133 5570 ne
1164 5515 1296 5585 quid
1331 5516 1399 5571 de
1425 5517 1585 5573 solita
1621 5528 1805 5575 vestra
1825 5519 1971 5575 circa

392 5605 487 5659 Dei
545 5608 832 5677 templum,
897 5605 989 5662 cui
1037 5607 1331 5674 assidetis,
1381 5608 1714 5666 assiduitate
1751 5617 1807 5666 et
1863 5609 1970 5665 [ide

394 5696 708 5751 remittatis.
760 5696 827 5751 Et
861 5697 1181 5769 quicunque
1222 5700 1482 5755 thronum
1516 5700 1667 5756 hunc
1702 5714 1973 5756 conscen-

477 5883 494 5912 ¹
539 5880 702 5938 llcbr.
739 5898 814 5949 xl,
850 5884 943 5939 '58.

2068 3324 2179 3370 νος,
2212 3306 2398 3376 μεῖζόν
2436 3321 2489 3358 τι
2513 3307 2726 3377 φρονῶν
2759 3306 2789 3373 ἢ
2822 3305 2961 3357 κατὰ
2986 3304 3298 3375 ἄνθρωπον,
3336 3305 3507 3372 φειδοῖ
3534 3304 3642 3356 τῶν

2067 3400 2168 3470 τῆς
2206 3400 2539 3467 Ἐκκλησίας
2572 3397 2890 3468 σχισμάτων
2930 3398 3116 3468 ἡρέμα
3151 3398 3387 3466 ἐπέφερε
3410 3413 3423 3427 ·
3461 3416 3480 3449 ι
3521 3399 3646 3449 Κοι-

2069 3495 2311 3562 νωνῆσαι
2349 3492 2455 3562 μὲν
2499 3494 2644 3562 ὑμᾶς
2678 3494 2791 3554 τοῖς
2832 3491 2959 3561 ἐμοὶ
2991 3491 3254 3555 ἐναντίοις
3290 3492 3645 3561 ἐπιτρεπτέον

2071 3583 2249 3652 ἐγωγε
2283 3584 2538 3655 τίθεμαιο
2570 3586 2638 3655 τῇ
2691 3584 2738 3636 δ’
2798 3585 2902 3653 ἐμῇ
2943 3583 3265 3651 καθαιρέσει
3297 3583 3647 3655 καθυπογρά-

2073 3692 2197 3743 φειν
2221 3675 2322 3728 οὑκ
2343 3675 2629 3747 ἐπιτρέπω
2653 3689 2668 3706 ’
2703 3674 2856 3728 οὐδὲν
2881 3676 2990 3744 γὰρ
3016 3676 3242 3745 ἐμαυτῷ
3276 3676 3645 3745 καθαιρέσεως

2072 3768 2223 3834 ἄξιον
2260 3766 2503 3823 σύνοιδα.
2535 3786 2554 3819 ι
2596 3765 2763 3820 Ταῦτ’
2791 3766 2982 3833 εἰπὼν,
3023 3768 3117 3819 ἐπὶ
3150 3767 3240 3820 τὸν
3276 3767 3421 3836 ἱερὸν
3457 3768 3647 3837 βαπτι-

2075 3864 2251 3929 στῆρα
2297 3859 2470 3931 εἰσῄει
2492 3877 2507 3892 υ
2544 3860 2636 3912 καὶ
2685 3861 2805 3922 ταῖς
2839 3861 2970 3929 περὶ
2999 3860 3100 3925 τὴν
3130 3860 3407 3929 μακαρίαν
3449 3858 3645 3925 Ὀλυμ-

2074 3950 2242 4004 πιάδα
2271 3947 2673 4020 ἐντετυχηκὼς,
2725 3948 2896 4002 πολλά
2950 3964 3005 4000 τε
3043 3947 3252 4017 σφόδρα
3284 3946 3647 4015 κοπτομέναις

2072 4045 2172 4114 τὴν
2224 4042 2484 4111 στέρησιν
2539 4041 2933 4110 φιλοσοφήσας,
2993 4042 3090 4093 καὶ
3130 4039 3207 4103 ὡς
3258 4040 3444 4093 οὐκέτι
3488 4042 3647 4093 nam

2072 4136 2296 4204 ὄψονται
2320 4133 2625 4207 προειπὼν,
2660 4134 2756 4187 καὶ
2794 4131 2930 4185 ἄλλα
2953 4133 3181 4184 πλεῖστα
3202 4132 3551 4202 ἐπισυνείρας
3573 4131 3649 4203 τῷ

2075 4229 2528 4296 κατεπείγεσθαι,
2562 4228 2719 4289 τέλος
2748 4228 2843 4279 καὶ
2878 4225 3058 4278 ταῦτα
3091 4226 3423 4295 προσέθηκε·
3458 4243 3476 4277 ι
3517 4226 3650 4279 Tati-

2074 4338 2174 4392 την
2205 4323 2261 4375 δὲ
2304 4323 2460 4393 ὑμῶν
2491 4323 2684 4390 δέομαι
2711 4320 2900 4390 δέησιν
2924 4319 3023 4389 τὴν
3060 4320 3321 4389 ἐσχάτην,
3357 4316 3527 4387 μηδὲν
3553 4316 3651 4385 τῆς

2077 4417 2347 4486 συνήθους
2402 4416 2533 4487 περὶ
2566 4415 2658 4468 τὸν
2689 4414 2785 4467 τοῦ
2817 4412 2955 4467 θεοῦ
3010 4414 3138 4466 ναὸν
3169 4411 3525 4484 προσεδρείας
3556 4412 3650 4463 καὶ

2079 4507 2315 4567 πίστεως
2346 4504 2699 4570 καθυφεῖναι,
2725 4505 2819 4556 καὶ
2842 4503 2901 4567 ὃς
2931 4504 2995 4554 ἃν
3025 4502 3118 4555 ἐπὶ
3138 4501 3228 4555 τὸν
3251 4501 3438 4570 θρόνον
3466 4499 3652 4553 τοῦτον

2073 4599 2286 4653 ἀνέλθοι
2318 4599 2401 4669 (τὸ
2433 4598 2563 4668 γὰρ,
2596 4593 2738 4649 εἶναι
2771 4598 2872 4658 τὴν
2911 4594 3247 4664 Ἐκκλησίαν
3286 4594 3494 4663 ἔρημον
3529 4596 3651 4646 ἐπι-

2076 4690 2283 4743 σκόπου
2308 4689 2523 4750 πάντως
2565 4688 2668 4741 οὑκ
2701 4689 2903 4752 ἔσται),
2942 4686 3138 4756 τούτῳ,
3175 4684 3431 4752 καὺἀπερ
3463 4683 3527 4754 δὴ
3558 4684 3653 4736 καὶ

2074 4781 2221 4850 ἐμοὶ,
2251 4780 2352 4842 τὰς
2400 4780 2648 4847 κεφαλὰς
2693 4781 2855 4849 ὑμεῖς
2890 4777 3244 4841 ὑποκλίνατε,
3273 4777 3371 4830 καὶ
3419 4774 3522 4847 μηῦ
3554 4776 3651 4843 τῆς

2074 4873 2296 4941 ἀγάπης
2331 4873 2386 4924 ἐν
2410 4875 2736 4939 προσευχαῖς
2762 4869 3071 4941 μέμνησθε.
3104 4889 3123 4921 ι
3160 4868 3324 4922 Ταῦτ’
3358 4868 3547 4933 εἰπὼν,
3567 4868 3653 4921 διὰ

2075 4966 2184 5017 τῶν
2210 4965 2546 5018 ἀνατολικῶν
2570 4962 2720 5035 ἐξῄει
2747 4962 2960 5029 πυλῶν,
2992 4963 3248 5015 τοσοῦτον
3279 4962 3654 5031 μεμφόμενος,

2071 5059 2155 5112 ὃτι
2193 5076 2256 5127 γε
2305 5058 2639 5128 παρανόμως
2671 5059 2765 5110 καὶ
2799 5056 2893 5127 βίᾳ
2945 5056 3232 5126 ἠλαύνετο,
3277 5055 3352 5125 μὴ
3405 5054 3657 5119 ἀξίωϐεὶς

2058 5140 2333 5225 κρίσεως,
2371 5146 2437 5222 ἧς
2467 5153 2534 5202 ἐκ
2566 5151 2750 5219 νόμων
2782 5150 2880 5202 καὶ
2912 5151 3124 5220 μοιχοῖς
3170 5148 3267 5202 καὶ
3308 5147 3657 5217 ἀνδροφόνοις

2074 5248 2168 5301 καὶ
2198 5247 2360 5315 γόησι
2423 5246 2671 5315 μέτεστι.
2727 5244 2839 5297 Καὶ
2891 5242 3188 5311 καταχθεὶς
3221 5240 3404 5303 ἔπλεε,
3440 5239 3657 5311 σμικρῴ

2074 5343 2315 5415 κελητίῳ
2347 5343 2427 5405 είς
2451 5341 2704 5395 Βιθυνίαν
2726 5338 3056 5409 περαιωθεὶς
3080 5343 3139 5390 τὸ
3164 5338 3262 5407 τῆς
3294 5338 3484 5404 σοφίας
3508 5335 3660 5400 ἀνεξ-

2077 5436 2345 5507 άντλητον
2404 5434 2679 5502 πέλαγος’
2740 5431 2997 5487 κάκεῖθέν
3054 5448 3114 5484 τε
3150 5431 3250 5501 τῆς
3299 5429 3420 5483 ὀδοῦ
3453 5429 3655 5498 είλετο,

2078 5532 2159 5594 είς
2191 5547 2249 5582 τι
2277 5528 2386 5581 τῶν
2436 5528 2532 5596 τῆς
2592 5525 2888 5595 Ἀρμενίας
2947 5521 3389 5593 πολίχνιον,·τοίς
3422 5520 3657 5591 τέρμασι

2077 5624 2177 5693 τῆς
2222 5620 2517 5692 Ῥωμαίων
2565 5618 2668 5687 γῆς
2727 5616 3006 5687 κείμενον,
3053 5616 3188 5685 πρὸς
3214 5615 3293 5685 τῷ
3324 5613 3658 5667 τοῦἭόντνιυ

2079 5717 2334 5789 στόματι,
2375 5713 2566 5777 δεινῶς
2597 5710 2830 5783 ἐρημον,
2886 5703 2954 5782 (ὦ
2977 5710 3102 5779 δίκη
3134 5710 3231 5763 καὶ
3278 5711 3431 5780 νόμοι
3460 5706 3595 5760 Θεοῦ
3615 5706 3656 5770 ι)
