4044 6438
329 419 455 484 lCOl
560 403 575 411 “

1192 406 1786 472 ECCLESIAS’I‘ICE
1827 401 2214 467 HlSTORl/E
2251 400 2391 459 LIB.
2440 398 2615 458 Xill.

3431 393 3568 459 10Ίῖ

288 532 550 589 ·ἀνοσιως
612 522 1074 592 ἀπελαυνόμενος,
1139 522 1403 591 βασιλέως
1457 524 1761 593 γράμμασι
1802 518 1901 583 τὴν

2006 517 2148 571 derit
2183 515 2634 585 (haudquaquam
2669 512 2821 567 enim
2860 509 3102 566 Ecclesia
3137 507 3396 577 episcopo
3419 524 3573 576 pror-

323 621 500 672 ὲκεῐσε
538 616 755 683 οἴκησιν
804 611 1250 675 καταδικασθείς.
1302 612 1615 674 Κούκουσος
1649 612 1694 664 δ’
1727 606 1798 680 ἦν
1827 612 1895 678 τῇ

326 711 553 778 πολίχνῃ
574 708 633 759 τὸ
660 704 954 775 ἐπιχώριον
985 704 1176 771 ὄνομα.
1201 704 1324 756 Τῶν
1352 703 1398 757 δ’
1427 704 1729 756 ἐπιϐούλων
1754 702 1901 754 ἐκεί-

326 815 403 869 νῳ
453 799 516 853 τὸ
549 800 756 866 στῖφος,
798 796 1326 865 συνδιασκεψάμενοι
1367 795 1441 857 ὡς
1473 797 1523 847 εί
1575 796 1773 864 πεῖραν
1802 792 1899 844 τοῦ

324 892 622 961 γενομένου
680 890 708 940 δ
740 887 835 941 τοῦ
868 887 1006 943 Θεοῦ
1038 886 1167 949 λαὸς
1206 886 1457 956 λὴψαιτο,
1494 885 1770 949 ἔπιδιώξοι
1804 881 1902 937 αὖ·

331 984 439 1046 θις,
474 982 568 1035 καὶ
599 979 759 1034 πάλιν
781 978 902 1048 βίαν
926 977 1229 1048 προσθήσει
1261 979 1357 1030 καὶ
1384 975 1702 1029 ἐπανελθεῖν
1721 977 1902 1029 πείσει

329 1078 422 1129 τὸν
450 1076 640 1144 μέγαν,
677 1073 836 1134 ἄλλος
868 1070 1029 1125 ἄλλον
1063 1070 1489 1140 προφθάνοντες,
1518 1069 1615 1130 τὰς
1643 1068 1736 1120 τοῦ
1770 1067 1901 1121 ναοῦ

310 1148 502 1227 πύλας
533 1166 870 1218 κατέκλειον.
913 1163 1004 1227 Ὠς
1027 1163 1074 1216 δ’
1098 1163 1349 1230 ἔγνωσαν
1371 1165 1419 1215 οί
1448 1162 1549 1214 ἀ.νὰ
1579 1162 1679 1223 τὰς
1702 1160 1902 1228 ἀγυιὰς

327 1256 555 1317 διιόντες
593 1257 685 1308 καὶ
721 1238 1042 1324 περικύκλῳ
1074 1254 1166 1306 τδν
1202 1250 1551 1323 ναὸνοέξωθεν
1576 1251 1895 1318 ἑστηκότες,

330 1346 481 1400 ἄλλοι
515 1347 614 1415 μὲν
647 1341 913 1419 ᾔετάχους
958 1342 1122 1416 εἶχον,
1173 1348 1308 1414 πρὸς
1332 1346 1629 1406 θάλασσαν,
1664 1343 1903 1411 οἰόμενοι

326 1438 737 1506 καταλήψεσθαι
775 1439 867 1492 τὸν
895 1438 1058 1492 καλὸν
1088 1436 1343 1507 ποιμένα,
1376 1437 1707 1505 ἠπείγοντο·
1746 1437 1807 1488 ὀἱ
1847 1436 1904 1489 δὲ

330 1534 425 1585 καὶ
474 1531 798 1595 δεδοικότες,
840 1531 1079 1599 φυγάδες
1118 1526 1282 1600 ἦσαν,
1345 1529 1447 1599 τήν
1484 1545 1542 1581 τε
1585 1530 1778 1581 στάσιν
1809 1530 1902 1581 καὶ

327 1624 423 1675 σὺν
458 1622 657 1676 πυκνὸν
688 1621 919 1691 θόρυϐον
947 1660 963 1683 ,
1003 1620 1087 1675 ἔτι
1141 1620 1201 1674 δὶ
1227 1621 1321 1673 καὶ
1371 1619 1471 1689 τὴν
1519 1620 1583 1672 ἐκ
1631 1618 1900 1686 βασιλέως

325 1712 496 1784 ὀργὴν
534 1712 902 1783 ὑπειδόμενοι.
935 1715 998 1765 Οἱ
1028 1712 1085 1764 δὲ
1116 1713 1247 1782 περὶ
1268 1711 1358 1762 τὸν
1380 1709 1515 1764 νεὼν
1565 1708 1646 1761 ἔτι
1702 1708 1902 1777 μᾶλλον

326 1804 596 1875 ἐφραττον
622 1804 724 1867 ’ἑὰς
749 1804 1009 1868 εἰσόδους,
1036 1805 1130 1856 ἐπὶ
1154 1802 1360 1863 ταύτας
1380 1800 1474 1855 τοῦ
1500 1800 1741 1870 πλήθους
1768 1804 1899 1871 συρ⁵

2001 620 2097 660 sus
2119 606 2351 669 carebit)
2383 614 2442 657 ut
2471 605 2520 659 ei
2557 605 2783 674 ipsinon
2817 602 3003 657 minus
3038 610 3201 670 atque
3231 598 3365 652 mihi
3397 599 3574 667 capita

2000 710 2181 753 vestra
2220 697 2520 759 inclinetis,
2555 706 2613 751 et
2640 685 2958 751 dilectionis
2987 707 3123 746 meze
3150 693 3205 745 in
3226 690 3576 744 orationibus

2002 790 2203 843 vestris
2229 788 2613 843 memineritis.
2651 806 2670 839 ι
2706 787 2934 840 Talibus
2971 784 3156 839 verbis
3188 782 3373 847 dictis,
3397 782 3581 836 orien-

2007 880 2103 933 tali
2156 880 2327 934 exivit
2362 888 2542 949 porta,
2577 878 2717 933 nihil
2774 876 2924 932 aliud
2960 886 3210 946 questus,
3242 889 3404 944 quam
3430 872 3581 942 quod

2003 970 2195 1038 inique
2222 980 2417 1025 contra
2466 971 2613 1039 leges
2644 985 2743 1038 per
2774 969 2879 1023 vim
2912 970 3312 1038 expelleretur,
3360 968 3578 1038 judicio

2007 1060 2267 1114 videlicet
2320 1059 2427 1113 sibi
2466 1061 2759 1129 denegata,
2809 1061 2957 1129 quod
3002 1057 3242 1127 legibus,
3307 1057 3579 1111 adulteris

2004 1166 2225 1221 quoque
2247 1163 2304 1206 et
2328 1151 2625 1206 homicidis
2651 1163 2709 1206 et
2737 1149 2933 1205 male“:
2954 1152 2999 1204 is
3028 1151 3277 1205 daretur.
3302 1148 3577 1205 Cmterum

2004 1243 2071 1297 ad
2099 1258 2247 1297 mare
2284 1243 2558 1297 deductus
2596 1243 2782 1307 solvit,
2814 1252 2868 1296 et
2893 1243 3077 1297 celoce
3108 1257 3280 1310 parvo
3306 1242 3359 1295 in
3393 1242 3582 1312 Bithy-

2008 1334 2154 1388 niam
2213 1333 2600 1388 inexhaustum
2666 1333 2956 1401 sapientia:
3021 1331 3249 1401 pelagus
3306 1332 3575 1402 trajecit:

1971 1414 2173 1494 'atqae
2214 1425 2346 1480 inde
2392 1427 2502 1480 iter
2533 1436 2777 1495 cceptum
2817 1434 3150 1493 prosecutus
3179 1436 3286 1487 est,
3322 1425 3388 1478 ad
3422 1424 3579 1493 oppi-

2007 1518 2197 1572 dulum
2254 1517 2530 1573 Armenia:
2589 1518 2901 1587 quoddam,
2963 1518 3018 1571 in
3096 1517 3298 1572 ﬁnibus
3360 1518 3582 1585 imperii

2006 1607 2264 1671 Romani,
2295 1607 2361 1661 ad
2406 1621 2467 1662 os
2498 1608 2682 1670 Ponti,
2713 1608 2770 1660 in
2826 1606 3131 1661 solitudine
3167 1608 3374 1676 ingenti
3410 1607 3581 1661 situm

2006 1699 2062 1771 (ι)
2090 1699 2336 1754 vindicta
2359 1708 2413 1753 et
2443 1702 2529 1755 lex
2560 1700 2681 1771 Dei)
2712 1700 2879 1769 impie
2901 1700 3192 1762 abductus,
3224 1700 3584 1767 imperatoris

2005 1793 2207 1848 litteris
2246 1793 2312 1846 ad
2343 1808 2467 1847 eum
2498 1794 2679 1846 locum
2701 1790 3120 1845 inhabitandam
3152 1791 3577 1845 condemnatus.

328 1897 545 1965 ῥέοντος
579 1897 671 1948 καὶ
729 1893 1130 1965 περιωθοῦντος
1177 1893 1465 1964 ἀλλήλους.
1525 1876 1699 1957 Μόλις
1730 1892 1786 1945 δὲ
1838 1894 1895 1962 σῇ

2006 1885 2373 1940 Vernaculam
2434 1884 2623 1955 oppidi
2684 1884 2803 1955 ejus
2860 1897 3062 1937 nomen
3139 1881 3390 1938 Cucasas
3448 1882 3575 1936 fuit.

327 1987 497 2058 πολλῇ
527 1988 762 2058 ἁνθολκῇ
791 1986 900 2042 τῶν
932 1988 1072 2040 κατὰ
1105 1985 1283 2039 νώτου
1306 1985 1483 2056 ὄχλων
1509 1984 1904 2054 ἐπικειμένων,

326 2071 403 2131 ὧν
433 2077 488 2130 δὲ
535 2077 632 2131 καὶ
664 2077 834 2139 λίθοις
872 2076 1244 2144 κατεαγότων,
1303 2076 1401 2136 τὰς
1436 2074 1610 2144 θύρας
1660 2073 1758 2126 σὺν
1816 2073 1909 2144 βίᾳ

325 2170 788 2234 διαπετάσαντες,
847 2169 1015 2239 χύδην
1065 2171 1160 2222 ἐπὶ
1192 2167 1291 2239 τὴν
1350 2167 1629 2221 θάλασσαν
1690 2166 1904 2238 ἔρρεον.

334 2258 493 2313 Ἐπεὶ
527 2260 572 2314 δ’
626 2262 831 2314 ἐκεῖνον
856 2261 958 2314 οὐκ
1009 2260 1238 2330 ἔφθανον
1264 2258 1445 2322 ,“ἀ).λ’
1490 2260 1585 2312 ἐπὶ
1636 2259 1910 2325 πελάγους

324 2353 512 2417 ἑώρων
551 2352 707 2422 τάχει
743 2352 926 2423 πολλῷ
958 2354 1019 2406 τὸ
1047 2353 1224 2423 ῥόθιον
1274 2352 1582 2415 διαθέοντα,
1618 2351 1713 2404 καί
1762 2346 1908 2413 τινες

325 2444 370 2497 δ’
398 2446 464 2497 ὲκ
494 2448 586 2499 τοῦ
623 2445 906 2513 βασιλικοῦ
948 2445 1200 2517 ξιφήρεις
1251 2447 1528 2516 παρῆσαν,
1583 2442 1679 2514 τὴν
1730 2441 1909 2512 ὁρμὴν

334 2534 759 2600 ἀναστέλλοντες
831 2537 967 2590 πᾶσι
1045 2537 1271 2607 τρόποις
1327 2536 1424 2589 καὶ
1494 2534 1904 2606 μηχανήμασιν,

329 2625 525 2677 ὶκεῖνοι
587 2623 776 2696 ὥσπερ
836 2626 1200 2690 ἀπειπόντες,
1254 2624 1355 2687 τὰς
1412 2626 1591 2695 ψυχὰς
1650 2625 1900 2693 προεῖναι

333 2713 537 2783 μᾶλλον
571 2715 884 2784 ἠϐούλοντο.
943 2714 1159 2785 Σφόδρα
1196 2715 1252 2768 δὲ
1304 2718 1404 2785 τὴν
1436 2716 1532 2768 τοῦ
1586 2714 1756 2768 καλοῦ
1791 2729 1911 2767 ποι-

333 2808 497 2874 μένος
567 2807 966 2877 ὀλοφυράμενοι
1027 2810 1309 2881 στέρησιν,
1363 2810 1459 2862 καὶ
1508 2810 1622 2872 τοῖς
1676 2809 1910 2878 δάκρυσι

325 2897 405 2962 τῷ
445 2898 611 2967 ῥοθίῳ
650 2898 1098 2969 διαμιλλώμενοι,
1125 2901 1396 2967 κατηφεῖς
1440 2900 1913 2970 καὶδεδακρυμέ-

326 3003 430 3052 νοι,
481 2988 606 3040 ὅσον
658 2988 942 3052 ἐξικέσθαι
990 2991 1091 3060 τὴν
1140 2991 1287 3059 ὄψιν,
1333 2991 1431 3060 τὴν
1456 2991 1653 3045 ἁλιάδα
1696 2992 1910 3060 θεώμε-

330 3093 434 3142 νοι,
470 3078 624 3148 μόλις
680 3082 1047 3153 ὑπέστρεφον,
1089 3083 1320 3136 κοπετὸν
1347 3079 1460 3137 οἷον
1505 3085 1678 3148 οὐδεὶς
1703 3087 1913 3157 ἀνθρώ-

322 3182 441 3218 πων
471 3165 531 3232 ἐξ
555 3167 751 3231 αἰῶνος
782 3165 977 3239 ηεῖδεν
1002 3170 1035 3240 ἢ
1077 3171 1382 3241 παρέλαϐεν
1412 3175 1570 3245 ἀκοῇ,
1602 3177 1911 3248 ποιησάμεο

324 3273 423 3323 νοι.

2011 1978 2403 2033 lnsidiatorum
2461 1992 2594 2032 vero
2640 1977 2761 2047 ejus
2823 1991 3022 2030 manus
3067 1990 3256 2030 secum
3311 1976 3428 2045 ipsa
3489 1991 3580 2030 re-

2010 2078 2236 2140 putans,
2284 2071 2550 2140 populum
2589 2069 2681 2123 Dei
2714 2069 2809 2140 qui
2855 2068 2913 2125 iu
2939 2069 3177 2124 ecclesia
3214 2078 3356 2132 erat,
3406 2068 3455 2124 si
3493 2068 3581 2123 fa-

2010 2172 2160 2217 ctum
2192 2162 2245 2216 id
2281 2166 2631 2220 reStsisceret.
2669 2177 2888 2216 rursum
2929 2162 3083 2215 illum
3129 2171 3579 2232 prosecutorum,

2009 2254 2230 2323 vimque
2270 2254 2674 2321 adhibituram,
2736 2262 2791 2309 et
2833 2256 2952 2309 viro
2996 2270 3194 2325 magno
3246 2266 3307 2310 ut
3345 2256 3580 2321 rediret,

2011 2360 2405 2416 persuasurum
2477 2362 2632 2412 esse,
2708 2346 2849 2419 alius
2908 2347 3076 2401 alium
3161 2348 3581 2416 praeveniendo,

2015 2441 2204 2510 templi
2235 2450 2423 2510 postes
2456 2440 2798 2495 clausPrunt.
2850 2438 2925 2494 Ut
2956 2441 3148 2493 autem
3170 2440 3263 2507 qui
3299 2440 3352 2493 in
3383 2439 3583 2509 plateis

2010 2533 2368 2587 ambulabant
2428 2531 2635 2601 quique
2691 2541 2845 2585 extra
2904 2532 3167 2600 templum
3221 2531 3583 2587 circumcirca

2011 2619 2254 2685 Stabant,
2318 2634 2434 2675 rem
2485 2635 2604 2674 eam
2651 2630 3051 2690 cognoverunt,
3106 2622 3306 2692 partim
3360 2623 3583 2692 quidem

2012 2729 2176 2784 quam
2210 2720 2515 2782 potuerunt
2563 2712 2857 2767 celerrime
2891 2712 2959 2766 ad
3011 2728 3184 2778 mare,
3215 2714 3585 2784 comprehen-

2013 2822 2177 2861 saros
2200 2821 2259 2861 se
2295 2820 2419 2860 esse
2459 2806 2664 2860 bonmn
2704 2814 2980 2876 pastorem
3008 2806 3413 2873 existimantes,
3452 2823 3583 2876 pro-

2015 2908 2315 2966 perarunt:
2350 2897 2513 2968 395
2545 2899 2740 2967 partim
2781 2912 2913 2952 vero
2940 2899 3140 2953 timore
3166 2900 3393 2968 perciti,
3430 2901 3587 2971 fuge-

2013 3001 2166 3054 runt,
2200 2991 2533 3045 seditionem
2572 3000 2627 3045 et
2669 2992 2970 3067 tumultum
3005 3006 3251 3061 gravem,
3276 2992 3581 3061 imperato-

2014 3087 2088 3138 ris
2145 3084 2308 3138 etiam
2362 3085 2500 3138 iram
2549 3094 2878 3139 metuentes.
2938 3084 3039 3150 Qui
3085 3099 3215 3139 vero
3273 3084 3339 3138 ad
3389 3086 3581 3155 templi

2014 3176 2322 3231 custodiam
2370 3177 2777 3239 constiterant,
2841 3179 3013 3247 magis
3070 3177 3234 3231 etiam
3297 3179 3581 3247 magisque

2016 3271 2199 3325 exitus
2221 3269 2390 3338 ipsos,
2424 3270 2489 3324 ad
2524 3284 2664 3339 quos
2694 3271 2988 3325 multitudo
3015 3270 3138 3325 aliis
3172 3272 3308 3325 alios
3353 3272 3495 3326 inter
3525 3286 3586 3326 se

328 3350 791 3418 protrudentibus
844 3353 1192 3420 conﬂuebat,
1254 3357 1596 3414 obstraxere.
1660 3360 1727 3414 Et
1780 3362 1871 3415 vix
1933 3364 2158 3417 tandem
2223 3362 2435 3431 ingenti
2501 3370 2556 3416 et
2594 3361 2824 3418 adversa
2858 3364 3206 3432 reprcssione
3270 3368 3577 3427 turbarum,

329 3461 359 3496 α
399 3453 551 3514 tergo
585 3447 1300 3517 postibus.imminentium,
1335 3453 1697 3520 quarumdam
1764 3456 1929 3510 etiam
1970 3457 2115 3510 saxis
2183 3455 2333 3512 fores
2368 3454 2856 3524 confringentium,
2894 3473 3087 3527 magna
3131 3460 3392 3517 violentia
3437 3468 3585 3520 antes

331 3550 501 3592 sacrm
523 3547 727 3607 apertae
767 3551 920 3605 sunt,
954 3548 1010 3594 et
1063 3541 1298 3610 populus
1323 3542 1616 3598 confertim
1684 3545 1754 3600 ad
1821 3561 1969 3601 mare
2010 3549 2305 3616 percurrit.
2342 3547 2636 3618 Postquam
2666 3563 2800 3604 vero
2830 3550 2985 3606 illum
3026 3550 3100 3607 ibi
3137 3558 3423 3612 consecuti
3471 3574 3582 3614 non

323 3640 476 3695 sunt,
529 3632 625 3686 sed
660 3632 716 3688 in
751 3635 887 3689 mari
925 3635 1125 3690 ﬂuctus
1200 3638 1371 3692 multa
1445 3639 1727 3696 celeritate
1807 3651 2083 3697 secantem
2154 3643 2431 3704 viderunt.
2475 3628 2780 3700 etiarmati
2831 3647 3055 3716 quidam
3117 3667 3182 3704 ex
3234 3652 3584 3725 imperatoria

324 3724 556 3780 cohorte
596 3725 672 3779 ibi
702 3737 905 3797 praesto
948 3728 1125 3793 fuere,
1195 3730 1289 3799 qui
1365 3730 1545 3786 modis
1607 3732 2094 3803 molitionibusque
2131 3737 2389 3791 omnibus
2435 3737 2716 3795 hominum
2785 3741 3053 3811 impetum
3121 3724 3465 3813 inhibebant,
3506 3752 3580 3805 illi

324 3819 497 3874 veluti
548 3838 607 3875 re
664 3823 974 3892 desperata,
1037 3825 1203 3879 vitam
1254 3827 1441 3895 potius
1500 3843 1663 3897 quam
1716 3830 1871 3885 illum
1911 3832 2166 3887 amittere
2222 3843 2578 3902 optaverunt.
2622 3838 2802 3907 Atque
2869 3841 2960 3894 ubi
2990 3841 3281 3899 orbitatem
3337 3860 3489 3900 suam
3531 3863 3585 3901 Ct

329 3911 725 3982 bouipastoris
770 3917 1068 3974 abitionem
1134 3921 1498 3977 vehementer
1567 3923 1959 3992 deplorarunt,
1998 3936 2055 3980 et
2102 3927 2472 3998 lacrymarum
2541 3933 2591 3985 vi
2662 3948 2787 3987 cum
2854 3934 3114 3991 ﬂuctibus
3199 3938 3572 4006 deeertarunt,

327 4006 507 4059 mutasti
573 4015 740 4075 atque
796 4006 1016 4075 ﬂentes,
1068 4021 1336 4082 quantum
1394 4014 1572 4069 oculis
1625 4019 1885 4085 consequi
1929 4028 2249 4087 potuerunt,
2310 4022 2625 4077 naviculam
2686 4027 2902 4089 intuiti.
2992 4031 3211 4085 tandem
3300 4051 3442 4105 aegre
3528 4038 3582 4091 in

336 4103 531 4185 urbem
561 4113 689 4157 sunt
728 4105 936 4159 reversi
959 4145 974 4168 ,
1011 4120 1138 4160 cum
1199 4122 1269 4163 eo
1291 4108 1551 4178 planctu,
1585 4124 1749 4178 quem
1794 4126 1958 4166 nemo
1998 4128 2241 4184 unquam
2264 4128 2294 4168 a
2320 4116 2520 4171 saeculo
2538 4117 2822 4174 hominum
2863 4124 2946 4175 vel
2997 4124 3165 4189 vidit,
3195 4129 3278 4181 vel
3345 4103 3580 4201 accepit.

896 4220 1150 4276 ΚΕΦΑΛ.
1191 4222 1321 4277 KA'.

325 4313 472 4386 Περί
491 4310 599 4378 τῆς
633 4311 785 4386 κατὰ
818 4312 924 4386 τοῦ
951 4312 1238 4386 ξΙωᾴννου
1262 4312 1360 4366 διὰ
1402 4314 1620 4386 ξίφους
1650 4317 1892 4370 ὲπιϐου·

393 4381 513 4449 λῆς
542 4397 555 4410 ’
593 4379 692 4432 καί
715 4381 848 4453 περὶ
870 4382 979 4453 ιςοῦ
1009 4384 1338 4449 οὐρανόθεν
1359 4379 1734 4452 πεμφθέντος
1760 4392 1896 4453 θεη-

393 4455 585 4533 λᾴτοε)
625 4452 814 4516 πυρὸς
836 4449 911 4518 τῇ
940 4452 1242 4521 ἐκκλησίᾳ
1264 4454 1364 4507 καὶ
1388 4449 1512 4520 toi};
1545 4449 1895 4519 βασιλείοις

398 4535 622 4587 αυτοις.

395 4631 523 4691 Οἷον
542 4637 600 4690 δέ
633 4653 702 4707 με
736 4637 813 4706 τῷ
860 4634 1026 4689 πάθει
1067 4638 1435 4706 συγχεόμενον
1476 4640 1680 4708 μικροῦ
1720 4640 1898 4710 παρί-

322 4729 556 4799 δραμεν,
593 4729 814 4799 ἔλεγχον
849 4728 947 4797 μιν
978 4728 1181 4797 ἀκριὸῆ
1205 4729 1302 4793 τῆς
1324 4728 1434 4780 τῶν
1472 4730 1766 4800 μοχθηρῶν
1795 4748 1898 4785 κα-

327 4822 452 4887 κίας
479 4820 600 4891 ἔχον
632 4821 892 4891 ἐμφανῶς
940 4821 1238 4891 παριστᾷν,
1274 4822 1375 4887 ὅση
1425 4822 1468 4874 δ’
1502 4821 1571 4875 αὖ
1601 4823 1899 4892 κηδεμονία

326 4913 406 4981 τῷ
440 4913 662 4982 μεγάλῳ
691 4914 905 4981 προσῆν
934 4915 997 4966 ὲκ
1026 4911 1184 4966 Θεοῦ.
1216 4913 1287 4964 Τὸ
1311 4916 1420 4982 γὰρ
1456 4916 1691 4983 πονηρὸν
1721 4918 1900 4968 ἐκεῖνο

326 5007 625 5075 συνέδριον,
657 5007 778 5058 ἐπεὶ
815 5005 952 5072 μετὰ
983 5004 1090 5057 τῶν
1119 5005 1300 5058 ἄλλων
1354 5005 1449 5059 καὶ
1493 5008 1663 5077 φονᾷν
1702 5009 1900 5072 αὐτοὺς

322 5097 452 5157 ἔδει,
482 5082 700 5167 οίᾷιέτην
731 5094 840 5146 τῶν
874 5113 1018 5158 τινος
1050 5096 1443 5165 πρεσϐυτέρων
1491 5096 1798 5167 (Ἐλπίδεος
1828 5095 1902 5168 ἦν

323 5188 471 5257 αὐτῷ
499 5188 693 5256 ὄνομα)
753 5190 1091 5257 πεντήκοντα
1139 5188 1415 5258 χρυσίνιυν
1462 5190 1559 5257 τὴν
1604 5189 1786 5253 δεξιὰν
1810 5209 1903 5258 μιυ

324 5278 690 5348 σθωσὰμενοι,
720 5280 798 5341 είς
832 5280 992 5346 φόνον
1017 5278 1096 5349 τῷ
1122 5280 1262 5349 ἁγίῳ
1295 5282 1636 5348 ἀνέπεμπον.
1669 5281 1791 5335 Τῶν
1819 5300 1903 5347 τις

320 5370 377 5422 δὲ
411 5370 838 5439 παρατυχόντων
886 5372 948 5423 τὸ
970 5371 1065 5424 τοῦ
1113 5372 1319 5443 δρόμου
1366 5375 1533 5442 τάχος
1564 5375 1898 5443 πυθόμενος,

318 5460 393 5523 ὡς
420 5456 586 5529 εἶχεν,
616 5461 867 5529 ἐπέσχεν.
906 5460 963 5513 Ὀ
1012 5461 1069 5513 δὲ
1101 5463 1268 5533 μηδὲν
1295 5462 1490 5525 εἰπὼν,
1523 5463 1668 5533 ξίφει
1722 5482 1904 5535 παρα-

319 5550 511 5617 γρῆμα
536 5548 715 5619 παίει·
754 5543 872 5600 εἶτα
926 5550 1018 5602 καὶ
1075 5550 1354 5620 δεύτερον,
1410 5554 1476 5622 τῇ
1541 5555 1635 5606 τοῦ
1681 5556 1900 5625 πρώτου

322 5642 504 5710 πληγῇ
538 5640 905 5710 ὲκόοήσαντα·
941 5642 1033 5693 ἐπὶ
1078 5642 1134 5694 δὲ
1186 5645 1361 5714 τούτῳ
1401 5645 1494 5697 καὶ
1526 5646 1707 5713 τρίτον
1737 5645 1898 5700 ἄλλον

321 5733 551 5784 ὲκὲντει.
590 5732 841 5802 Θορύόου
865 5732 944 5797 δὲ,
974 5733 1051 5796 ὡς
1083 5735 1253 5800 εἰκὸς,
1282 5737 1378 5789 καὶ
1412 5737 1542 5806 βοῆς
1565 5739 1896 5807 ἐπιγενομέ-

322 5821 686 5891 νης,ἕφευγεν
718 5823 1046 5892 ἀνακράτος.
1069 5826 1284 5878 Πολλῶν
1314 5828 1358 5880 δ’
1388 5831 1784 5885 ἐπιδιωκόντων
1809 5831 1899 5883 καὶ

566 5916 837 5977 ΡΑΤιιοι.
885 5920 1003 5981 Gn.
1042 5920 1147 5979 CX
1166 5923 1285 5979 LYl

2579 4229 2806 4287 CAPUT
2853 4232 2996 4287 XXI.

1997 4316 2074 4372 De
2109 4318 2668 4403 subornatisjoauni
2714 4326 3142 4403 percussoribus.
3184 4339 3235 4382 et
3278 4333 3341 4385 de
3384 4334 3508 4403 igne
3548 4354 3581 4390 (ι

2067 4390 2310 4474 uindicta.
2342 4391 2519 4473 divina
2553 4390 2616 4442 de
2654 4396 2781 4445 caelo
2847 4395 2901 4448 in
2942 4398 3215 4452 ecclesiam
3257 4415 3303 4456 et
3346 4390 3581 4474 infpern-

2069 4461 2198 4513 tort's
2230 4460 2365 4515 (edes
2398 4463 2575 4515 misso.

2069 4634 2208 4705 illud
2238 4650 2405 4704 porro
2431 4637 2580 4691 lucta
2613 4641 2979 4695 conturbatus
3019 4656 3210 4710 parum
3243 4643 3420 4699 abfuit
3444 4648 3578 4717 quin

2001 4729 2371 4799 praeterirem,
2414 4732 2562 4800 quod
2625 4735 2787 4801 paulo
2821 4744 2949 4789 ante
2998 4736 3302 4793 discessum
3347 4740 3577 4797 Joannis

2001 4836 2097 4876 seu
2131 4822 2315 4891 potius
2339 4822 2392 4875 in
2423 4823 2804 4892 ipsodiseessu
2835 4827 2957 4896 ejus
2994 4829 3196 4882 factum
3229 4839 3381 4885 certo
3412 4847 3580 4904 argu-

2003 4923 2189 4967 mento
2222 4915 2630 4985 manifestoque
2659 4917 2864 4972 indicio
2896 4931 3002 4983 est,
3037 4935 3162 4976 cum
3197 4922 3577 4993 improborum

2004 5006 2223 5060 illorum
2251 5007 2473 5061 malitiae
2499 5017 2553 5062 et
2580 5008 2892 5078 iniquitatis
2925 5051 2940 5077 ,
2983 5022 3096 5067 tum
3128 5014 3330 5071 divinae
3362 5018 3431 5073 de
3466 5035 3581 5075 ma-

2003 5113 2114 5166 gno
2141 5099 2239 5152 illo
2290 5102 2407 5154 viro
2451 5117 2596 5157 cura:
2639 5112 2806 5170 atque
2852 5105 3236 5173 providentia.
3278 5109 3576 5180 Malignum

2004 5204 2245 5259 namque
2266 5192 2694 5248 conciliabulum
2719 5195 2877 5260 illud,
2906 5198 3352 5270 quandoquidem
3371 5206 3574 5257 caedem

2002 5283 2168 5336 etiam
2207 5298 2303 5362 eos
2346 5301 2515 5353 super
2557 5287 2665 5340 alia
2713 5287 2960 5343 facinora
3010 5302 3228 5354 patrare
3260 5299 3574 5362 Oportebat,

2002 5388 2223 5426 servum
2257 5356 2564 5445 presbyteri
2590 5377 2876 5445 cujusdam
2910 5378 3109 5447 Elpidii
3142 5356 3388 5449 nomine,
3413 5356 3579 5456 quin;

2004 5464 2267 5532 quaginta
2309 5467 2496 5521 aureis
2534 5467 2727 5522 dextra
2763 5470 2883 5540 ejus
2915 5472 3211 5535 conducta,
3250 5476 3316 5528 ad
3369 5480 3574 5534 caedem

2005 5556 2183 5609 sancti
2214 5556 2315 5609 viri
2354 5558 2756 5614 sabiniserunt.
2801 5560 2972 5633 Cujus
3019 5580 3143 5618 cum
3172 5568 3464 5621 accelerati
3508 5569 3576 5623 ad

2006 5649 2377 5717 epiSCOpalem
2433 5650 2658 5705 domum
2711 5668 2908 5708 cursus
2957 5670 3177 5712 causam
3243 5658 3471 5729 quidam
3523 5664 3576 5716 ei

2005 5738 2147 5793 forte
2176 5740 2373 5795 obvius
2397 5744 2729 5812 requireret,
2755 5759 3016 5815 eumque,
3047 5758 3106 5803 at
3134 5750 3333 5818 putuit,
3371 5754 3579 5810 satine-

2007 5841 2091 5886 ret
2126 5849 2140 5887 :
2174 5832 2266 5888 ille
2314 5834 2469 5890 nullo
2502 5851 2770 5906 responso
2812 5837 2966 5906 dato,
3007 5843 3191 5897 statim
3245 5845 3394 5902 hunc
3443 5862 3577 5906 case

3056 5937 3134 5996 32
