4044 6448
513 387 652 448 l003

1743 382 2167 444 NICEPHORI
2207 380 2550 442 CALLlSTl

3631 383 3751 450 100i

504 498 948 558 transverberat;
974 491 1173 547 deinde
1203 492 1438 547 alterunt
1464 505 1685 562 quoque
1710 493 1942 562 jugulat,
1978 490 2072 558 qui

2185 489 2329 560 βοαῖς
2384 494 2479 545 καὶ
2540 493 2784 563 σχήμασι
2845 490 3387 561 παρακελευομένων
3457 492 3557 544 ὑπὸ
3605 495 3747 563 χεῖρα

504 589 571 644 ad
599 589 761 658 primi
794 588 943 643 illius
985 589 1154 643 ictum
1181 585 1622 648 exclamaverat;
1659 584 1886 640 tertium
1925 583 2081 636 insu-

502 695 600 750 per
627 680 898 735 confodit.
930 681 995 734 Et
1017 694 1169 744 cum,
1202 680 1365 735 sicuti
1394 678 1512 734 ﬂeri
1538 671 1699 741 solet,
1736 677 2004 733 tumultus
2025 686 2083 729 et

502 772 828 829 vociferatio
865 779 1058 827 exorta
1092 781 1261 833 esset,
1298 772 1391 826 ille
1425 781 1607 825 tamen
1640 769 1916 825 violenter
1937 766 2084 821 eﬂ‘u-

503 867 583 934 git
618 883 633 918 :
665 865 966 933 multisque
997 880 1123 919 eum
1149 862 1640 933 persequentibus,
1680 871 1843 928 atque
1872 860 2081 915 clamo-

503 958 656 1011 ribus
711 956 997 1026 signisque
1044 952 1529 1018 denuntiantibus,
1574 961 1633 1005 ut
1674 960 1973 1019 percussor
2025 950 2079 1003 in

501 1048 625 1119 iuga
656 1056 919 1117 exceptus
952 1045 1542 1117 comprehenderetur,
1572 1043 1737 1115 396
1762 1058 1831 1097 ex
1881 1041 2083 1096 balneo

499 1142 722 1210 quidam
762 1148 888 1210 post
920 1139 1183 1194 lotionem
1239 1152 1371 1193 casu
1425 1135 1667 1205 quodam
1708 1147 2079 1202 progressus,

498 1233 786 1286 hominem
852 1228 1300 1300 comprehendit.
1362 1228 1569 1283 Verum
1620 1233 1677 1279 et
1725 1224 1815 1277 hic
1855 1238 2081 1293 quoque

499 1322 792 1378 confestim
837 1323 1079 1392 pugione
1107 1320 1255 1377 ictus
1285 1320 1534 1374 concidit
1553 1360 1569 1382 .
1596 1328 1650 1373 et
1687 1326 1943 1371 mortuus
1973 1326 2078 1372 est.

498 1417 605 1473 Ubi
651 1425 835 1471 autem
866 1415 920 1467 in
966 1422 1152 1483 partes
1175 1428 1368 1467 omnes
1393 1411 1733 1482 profugiens,
1765 1427 1795 1464 a
1826 1410 2080 1464 multitu-

499 1510 652 1577 dine,
681 1522 803 1576 qua:
831 1521 960 1561 eum
1006 1504 1399 1569 circumdedit,
1439 1513 1635 1572 captus
1673 1510 1789 1565 est,
1819 1502 1874 1556 in
1906 1502 2081 1570 impe-

501 1601 696 1655 riaiem
744 1599 971 1653 domum
1022 1612 1148 1651 eum
1189 1598 1280 1650 illa
1321 1597 1601 1651 abduxit:
1638 1603 1695 1650 et
1740 1609 1867 1649 cum
1896 1594 1965 1647 ab
2012 1608 2081 1649 eo

502 1695 599 1763 qui
646 1706 791 1746 unus
844 1706 911 1746 ex
970 1690 1079 1745 illis
1122 1690 1218 1758 qui
1273 1688 1543 1743 Joannem
1581 1687 1855 1753 odissent,
1909 1697 2075 1749 esset,

503 1796 621 1839 tum
650 1784 721 1838 ab
751 1783 834 1839 eis
861 1782 956 1852 qui
998 1782 1153 1837 illum
1194 1781 1262 1836 ad
1297 1781 1512 1836 facinus
1537 1788 1748 1834 tantum
1789 1778 2083 1847 produxis~

499 1888 643 1940 sent,
688 1890 878 1944 pateas
930 1872 1229 1928 sumendas
1273 1886 1398 1926 esse
1456 1869 1745 1940 ﬂagitavit.
1784 1868 2082 1925 Praefectus
2113 1868 2155 1894 "

500 1982 634 2021 vero
672 1966 962 2022 hominem
998 1965 1265 2034 suscepit,
1294 1964 1463 2019 veluti
1494 1964 1561 2019 ad
1591 1963 1924 2033 supplicium
1949 1978 2077 2017 eum

498 2067 970 2124 conservaturus,
1007 2058 1422 2128 clamoremque
1470 2057 1654 2126 plebis
1702 2056 2071 2126 compescuit.

499 2154 658 2209 Alius
717 2165 943 2220 quoque
998 2150 1273 2205 daemonio
1335 2148 1533 2219 agitari
1597 2165 1656 2203 se
1719 2147 2078 2210 assimulans,

501 2245 798 2316 pugionem
852 2258 1018 2298 manu
1053 2252 1250 2298 tenens
1299 2241 1366 2296 ad
1401 2240 1609 2297 caedem
1663 2241 1841 2296 sancti
1874 2239 1978 2294 viri
2020 2254 2082 2294 se

502 2337 717 2405 paravit
751 2353 766 2390 :
799 2336 895 2391 sed
926 2335 1141 2391 scelere
1178 2336 1425 2388 nondum
1463 2342 1677 2400 patrato
1710 2331 2082 2401 comprehen-

500 2443 616 2492 sus,
648 2439 911 2498 tanquam
947 2427 1017 2481 ad
1060 2425 1331 2495 ﬂagitium
1366 2424 1419 2479 id
1455 2423 1709 2480 mercede
1741 2423 2079 2487 conductus,

500 2523 568 2574 ad
614 2520 937 2590 praefectum
989 2519 1181 2573 itidem
1231 2517 1509 2572 abductus
1568 2523 1674 2570 est.
1740 2514 2077 2585 Priusquam

404 2637 411 2644 ι
500 2624 695 2671 autem
724 2619 1001 2667 tormenta
1027 2611 1107 2665 illi
1149 2610 1584 2676 adhiberentur,
1618 2609 1865 2668 Joannes
1894 2609 2082 2666 missis

502 2701 599 2770 qui
640 2716 768 2756 cum
800 2714 870 2756 eo
906 2708 1071 2755 erant
1101 2700 1415 2769 episcOpis,
1462 2700 1736 2770 supplicio
1788 2716 1913 2757 eum
1952 2716 2084 2757 exe-

504 2796 625 2860 mit,
659 2792 806 2865 quod
845 2793 1123 2850 neminem
1151 2808 1247 2848 sua
1285 2806 1448 2847 causa
1486 2794 1597 2862 pati
1630 2793 1936 2864 quidquam
1964 2793 2084 2848 vel-

502 2887 596 2941 let.
649 2883 865 2941 Accidit
917 2899 1140 2954 quoqne
1206 2882 1358 2939 aliud
1406 2883 1692 2953 quiddam,
1739 2885 1886 2954 quod
1948 2899 2083 2939 sane

502 2978 866 3047 providentia:
922 2977 1019 3032 Dei
1074 2976 1279 3031 factum
1323 2976 1557 3041 exstitit,
1606 2976 1848 3031 ministri
1895 2985 2081 3032 autem

502 3073 622 3141 ejus
656 3086 778 3127 esse
806 3071 983 3125 visum
1018 3079 1101 3125 cst
1131 3087 1145 3123 :
1193 3069 1247 3124 id
1297 3069 1389 3125 hic
1418 3070 1484 3123 ad
1529 3079 1801 3125 terrorem
1836 3083 1894 3127 et
1931 3086 2084 3127 com-

502 3164 801 3218 motionem
863 3163 1146 3216 hominum
1218 3163 1624 3233 prtecipitanter
1679 3163 1973 3220 audacium
2028 3174 2154 3259 etc

504 3260 962 3321 temerariorum,
1024 3267 1302 3326 quantum
1358 3266 1574 3327 potero,
1637 3274 1931 3329 exponam.
2000 3260 2082 3316 Eo

503 3363 746 3417 namque
794 3348 882 3400 die
929 3360 1041 3417 quo
1085 3361 1342 3417 magnum
1380 3346 1640 3401 Ecclesia)
1686 3348 1859 3412 sidus,
1910 3348 2080 3403 veluti

502 3441 783 3506 occidens,
818 3438 873 3493 in
907 3439 1161 3493 exsilium
1183 3438 1340 3506 abiit,
1374 3438 1519 3508 ignis
1551 3454 1620 3493 ex
1641 3440 1826 3495 medio
1854 3439 2077 3505 throno,

503 3535 560 3587 in
589 3547 699 3602 quo
731 3531 998 3586 doctrina:
1022 3530 1111 3584 illa
1144 3532 1239 3585 lux
1268 3529 1565 3586 considens
1588 3542 1985 3588 coruscaverat
2006 3575 2020 3598 ,
2050 3551 2079 3587 a

504 3628 727 3683 nemine
782 3626 1094 3695 coniectus,
1129 3624 1373 3680 emicans
1414 3625 1714 3694 derepente
1753 3641 1852 3696 per
1893 3640 2082 3681 sacras

503 3731 727 3775 catenas
786 3721 843 3774 in
902 3718 1140 3773 sublime
1192 3716 1489 3785 prorepsit,
1541 3724 1598 3769 et
1655 3717 1952 3770 ecclesiam
2014 3733 2082 3771 ex

503 3814 654 3868 omni
709 3823 867 3883 parte
908 3810 1153 3881 carpsit,
1205 3822 1438 3877 eamque
1488 3822 1714 3876 prorsus
1751 3822 2083 3877 percurrens

504 3906 770 3976 depastus
801 3913 885 3958 est
926 3918 941 3957 :
978 3900 1180 3954 deinde
1214 3907 1357 3953 tecto
1386 3915 1604 3968 quoque
1633 3908 1984 3969 consumpto,
2014 3900 2081 3952 ad

506 4010 723 4068 tergum
760 4010 1042 4051 sacrarum
1078 3992 1278 4047 aedium
1324 4008 1649 4056 com-ersus,
1676 4003 1733 4046 et
1770 3992 2081 4047 vehementi

505 4094 866 4157 violentoque
902 4086 1032 4140 inde
1063 4096 1226 4141 vento
1253 4096 1535 4155 exceptus,
1570 4087 1877 4154 proximam
1921 4087 2087 4141 nteri-

507 4187 659 4239 diem
698 4195 892 4235 versus
919 4187 1149 4233 senatus
1174 4177 1386 4233 curiam
1410 4219 1423 4241 ,
1456 4180 1715 4249 quamvis
1743 4180 2084 4250 longiuscule

507 4274 787 4337 dissitam,
816 4271 1040 4325 invasit.
1092 4267 1332 4324 Cernere
1360 4282 1483 4322 erat
1517 4284 1631 4322 rem
1670 4270 1912 4325 divinam
1946 4271 2082 4338 fere,

508 4376 564 4420 et
624 4362 783 4418 valde
834 4359 1243 4415 admirandam.
1325 4358 1569 4414 Flamma
1630 4377 1863 4431 namque
1910 4365 2082 4418 veluti

2187 585 2364 637 ποιεῖν
2397 585 2490 636 τὸν
2541 584 2813 652 φεύγοντα
2845 578 2936 638 οἷα
2985 584 3181 653 φόνους
3229 582 3661 652 ἐξειργασμένον,
3687 586 3746 638 ἐκ

2186 675 2469 746 βαλανείου
2493 694 2578 741 τις
2606 676 2953 745 λελουμένος,
2988 677 3053 730 ἐκ
3090 676 3187 729 τοῦ
3222 679 3562 747 παρήκοντος
3586 679 3744 743 διιὼν,

2187 769 2621 838 συνελάμϐανεν.
2655 770 2834 833 Εὐθὺς
2872 768 2930 823 δὲ
2954 769 3048 824 καὶ
3079 760 3239 832 οὗτος
3266 768 3346 839 τῷ
3390 768 3745 839 παραξιφιδίῳ

2185 860 2442 931 πληγεὶς,
2477 860 2669 931 νεκρὸς
2701 859 2901 916 ἔκειτο.
2950 861 3107 914 Ἐπεὶ
3133 861 3190 914 δέ
3223 860 3504 928 πανταχοῦ
3536 860 3747 928 διαφεύ-

2182 968 2295 1018 γων
2324 950 2430 1004 ὑπὸ
2450 951 2546 1005 τοῦ
2582 942 2831 1021 πλήθους
2861 951 3155 1021 θηρευθεὶς
3185 950 3496 1020 ἐκυκλώθη,
3551 951 3642 1005 ἐπὶ
3682 954 3746 1007 τὰ

2183 1042 2435 1112 βασίλεια
2490 1042 2712 1111 ἄγεται.
2764 1041 2888 1097 Τῶν
2942 1042 2987 1097 δ’
3020 1044 3486 1115 ἀπεχθανομένων
3539 1044 3746 1119 Ἰωάννη

2181 1136 2345 1189 αὐτόν
2367 1153 2427 1190 τε
2459 1129 2605 1190 εἶναι
2635 1136 2754 1201 ἱνα,
2786 1135 2882 1189 καί⁸
2911 1137 3039 1193 τοὺς
3063 1137 3145 1199 είς
3168 1135 3332 1190 τοῦτο
3350 1137 3747 1207 προαγαγόντας

2180 1230 2339 1299 δίκην
2367 1230 2535 1303 ᾔτουν
2567 1230 2778 1286 λαϐεῖν.
2819 1230 2881 1285 '0
2906 1229 2964 1283 δέ
2998 1228 3247 1300 ὕπαρχος
3279 1229 3468 1284 τοῦτον
3511 1228 3746 1299 παραλαο

2182 1322 2314 1387 σῶν,
2338 1322 2414 1385 ὡς
2464 1324 2882 1394 ἐπὶητιμιωρίαν
2913 1324 3189 1395 φυλάξων,
3229 1322 3327 1396 τὴν
3366 1321 3498 1392 βοὴν
3534 1321 3623 1376 τοῦ
3660 1320 3747 1390 δή·

2186 1428 2286 1481 μου
2320 1412 2475 1482 μόλις
2504 1414 2879 1471 κατέστειλεν.
2915 1416 3030 1471 Καὶ
3058 1416 3217 1478 ἄλλος
3241 1415 3508 1485 δαιμονᾷν
3534 1415 3746 1484 ὐποκρι-

2182 1506 2430 1573 νόμενος,
2452 1506 2784 1576 ἐγχειρίδιον
2821 1510 2889 1579 τῇ
2925 1508 3075 1579 χειρὶ
3105 1508 3379 1580 κατέχων,
3405 1507 3482 1569 ὡς
3503 1506 3594 1560 ἐπὶ
3616 1523 3744 1576 σφας

2181 1598 2286 1666 γὴν
2318 1596 2414 1650 τοῦ
2448 1596 2607 1666 ἁγίου
2647 1598 3113 1668 παρεσκευάζετο.
3146 1601 3331 1669 Μήπω
3370 1599 3431 1654 δὲ
3468 1602 3535 1671 τῇ
3563 1598 3746 1669 πράξει

2183 1687 2459 1742 ἐπιϐαλὼν
2479 1690 2777 1761 φωραθεὶς,
2792 1685 2995 1762 οἷάπερ
3015 1691 3221 1761 ὠνητὸς
3246 1691 3326 1760 τῷ
3341 1692 3574 1761 ὑπάρχῳ
3590 1705 3746 1761 προσ-

2184 1779 2399 1847 άγεται.
2456 1781 2633 1851 Πρινὴ
2668 1782 2712 1836 δ’
2749 1782 2938 1846 αίκίας
2991 1782 3203 1846 λαϐεῖν,
3244 1782 3504 1852 Ἰωάννης
3533 1781 3747 1837 ἐπισκό-

2185 1890 2318 1936 πους
2346 1874 2570 1943 πέμψας
2600 1876 2711 1927 τῶν
2768 1875 2909 1945 ἀμφ’
2944 1876 3130 1938 αὐτὸν,
3163 1877 3265 1945 τῆς
3297 1875 3573 1946 τιμωρίας
3622 1872 3749 1939 ἐξεί-

2183 1965 2328 2031 λετο,
2367 1969 2443 2037 μή
2469 1984 2593 2021 τινα
2622 1969 2856 2038 πάσχειν
2881 1968 2950 2022 δι’
2985 1967 3151 2025 αὐτὸν
3172 1968 3477 2039 ᾑρημένος.
3502 1967 3609 2021 Kal
3632 1964 3746 2020 ἄλλο

2183 2056 2239 2109 δέ
2268 2073 2322 2108 τι
2355 2055 2596 2126 συμϐὰν,
2623 2056 2784 2124 ἔργον
2816 2057 2916 2125 μέν
2945 2056 3202 2127 προνοίας
3224 2055 3385 2123 Θεοῦ,
3415 2055 3571 2121 δόξαν
3589 2054 3642 2108 δέ
3663 2051 3744 2106 τοῦ

2184 2148 2386 2202 οἰκείου
2419 2147 2774 2218 θεράποντος,
2798 2153 2878 2213 είς
2903 2149 3068 2218 φόϐον
3087 2148 3144 2202 δὲ
3171 2149 3264 2203 καὶ
3282 2148 3633 2218 συναίσθησιν
3650 2146 3747 2200 τῶν

2186 2245 2396 2314 σφόδρα
2428 2243 2720 2314 τολμηρῶν
2776 2245 2871 2298 καὶ
2912 2226 3179 2313 θρασέων,
3215 2245 3291 2308 ὡς
3314 2242 3474 2305 ἐνὸν,
3506 2244 3745 2313 διηγήσο-

2188 2356 2308 2403 μαι.
2342 2338 2480 2393 Καθ’
2506 2339 2573 2410 ην
2603 2339 2715 2410 γὰρ
2768 2339 2983 2411 ἡμέραν
3013 2341 3043 2393 ὁ
3087 2338 3264 2409 ’μέγας
3289 2339 3393 2408 τῆς
3436 2338 3744 2407 Ἐκκλησίας

2186 2432 2362 2503 ἀστὴρ
2404 2433 2607 2487 ὡσανεὶ
2628 2422 2808 2487 ¹διῖονων
2860 2432 2996 2504 πρὸς
3023 2433 3124 2505 τὴν
3183 2433 3487 2503 ὑπερορίαν
3540 2431 3744 2503 ἐχώρει,

2185 2524 2299 2593 πῦρ
2333 2524 2396 2576 ἐκ
2423 2525 2590 2594 μέσου
2621 2523 2716 2577 τοῦ
2748 2523 2943 2593 θρόνου
2972 2523 3348 2594 ἀναθορὸν,ἐφ⁹
3387 2524 3448 2578 οὗ
3477 2525 3536 2579 τὸ
3557 2524 3651 2593 τῆς
3678 2523 3747 2576 διο
3786 2514 3791 2523 ’

2186 2613 2484 2678 δασκαλίας
2515 2613 2882 2685 προσεδρεῦον
2922 2615 3040 2684 φῶς
3078 2616 3520 2683 κατεπύρσευεν,
3548 2615 3744 2677 οὐδενδς

2185 2707 2538 2777 ἐμϐαλόντος,
2585 2708 2848 2775 ἐξαπίνης
2882 2709 2971 2762 διὰ
3003 2707 3115 2762 τῶν
3166 2708 3331 2779 ἱερῶν
3380 2711 3634 2780 ἁνείρπεν
3674 2708 3744 2767 είς

2187 2802 2321 2872 ὕψος
2359 2800 2625 2868 ἁλύσεων,
2668 2803 2762 2856 καὶ
2785 2804 2883 2872 τὴν
2919 2803 3226 2873 ἐκκλησίαν
3272 2806 3542 2862 πάντοθεν
3572 2805 3747 2860 ἐπεδό-

2188 2911 2369 2958 σκετο,
2404 2896 2588 2949 πᾶσάν
2617 2911 2675 2948 τε
2698 2895 2896 2965 ἀθρόον
2915 2896 3219 2968 διαδραμὸν
3253 2898 3501 2971 ἐνεμὴθη
3525 2919 3542 2935 ο
3573 2900 3745 2954 ἔπειτα

2186 2994 2281 3046 καὶ
2308 2994 2410 3062 τὴν
2440 2991 2642 3060 στέγην
2677 2993 2971 3061 διαφαγὺν,
3003 2995 3148 3050 κατὰ
3189 2994 3362 3049 νώτου
3412 2996 3523 3051 τῶν
3548 2992 3747 3050 σεπτῶν

2186 3085 2453 3154 δωμάτων
2492 3082 2711 3153 ἐχώρει.
2769 3084 3013 3156 Σφοδρδν
3057 3084 3103 3140 δ’
3130 3085 3345 3140 ἐκεῖθεν
3412 3088 3627 3157 πνεῦμα
3662 3086 3747 3141 καὶ

2189 3177 2363 3247 βίαιον
2391 3176 2781 3247 ἐκλαδόμενον,
2817 3176 2912 3229 ἐπὶ
2931 3176 3024 3231 τὸν
3055 3177 3475 3248 παρακείμενον
3507 3180 3636 3249 προς
3665 3193 3750 3247 με-

2188 3268 2465 3339 σημϐρίαν
2496 3268 2591 3335 τῆς
2623 3268 2929 3337 συγκλήτου
2955 3256 3172 3338 ’βουλῆς
3201 3265 3378 3333 οἷκον,
3434 3272 3631 3339 καίπερ
3672 3268 3750 3323 διὰ

2190 3359 2405 3427 μακροῦ
2443 3358 2720 3429 κείμενον,
2755 3359 3091 3425 ἐξετίνασσε.
3130 3360 3241 3414 Καὶ
3264 3356 3334 3431 ἦν
3362 3362 3502 3416 ἰδεῖν
3536 3365 3753 3434 πρᾶγμα

2184 3452 2327 3504 θεῖον
2350 3453 2424 3513 ὼς
2451 3450 2692 3520 ἀληθῶς,
2723 3451 2819 3505 καὶ
2852 3450 2976 3504 λίαν
2994 3449 3233 3515 ἐξαίσιον
3255 3467 3270 3483 ο
3302 3453 3333 3522 η
3360 3454 3480 3523 γάρ
3502 3453 3645 3522 φλὸξ,
3673 3447 3751 3505 οἷά

2183 3559 2268 3604 τις
2296 3541 2540 3612 ἔμψυχος
2574 3541 3019 3612 παραδραμοῦσα
3076 3541 3145 3595 τὰ
3185 3543 3395 3612 μεταξὺ
3431 3546 3744 3617 ὑπερήλατο,

2182 3638 2259 3699 ὡς
2301 3636 2367 3689 ἂν
2407 3635 2483 3706 μὴ
2514 3637 2583 3707 τῇ
2630 3635 2900 3707 ἐγγύτητι
2931 3635 3274 3705 ἀνθρώπινόν
3320 3654 3410 3703 τις
3459 3639 3663 3710 οίηθείη
3694 3637 3748 3690 τδ

2184 3726 2369 3797 ἔργον.
2430 3729 2539 3783 Καὶ
2574 3728 2659 3791 είς
2702 3730 2856 3798 τρεῖς
2914 3727 3068 3799 ῶρας
3121 3730 3359 3783 είσάπαν
3399 3732 3461 3785 τδ
3508 3730 3748 3793 τοσοῦτον

2185 3822 2348 3890 ἔργον
2379 3820 2475 3874 καὶ
2527 3820 2724 3891 χρόνου
2755 3819 3139 3891 ὖπερτερῆσαν
3193 3822 3418 3889 πολλοῦ,
3450 3822 3552 3896 ὕλῃ
3577 3823 3671 3893 μὲν
3694 3824 3748 3885 ἐς

2190 3910 2540 3964 πολυτέλειαν
2575 3910 2802 3980 πρώτην
2854 3909 3082 3980 ἀνῆκον,
3128 3914 3461 3982 περικαλλὲς
3495 3914 3552 3969 δέ
3580 3912 3746 3973 άλλως

2190 4003 2281 4054 καὶ
2312 4001 2673 4069 ὡραιότατον,
2699 4002 3084 4073 παρανάλωμα
3112 4004 3307 4073 γέγονε
3343 4008 3595 4077 χωρῆσαν
3623 4004 3748 4073 πρὸς

2188 4094 2247 4146 τὸ
2282 4095 2358 4163 μὴ
2384 4094 2464 4147 δν.
2499 4093 2683 4151 Πάντα
2723 4093 2780 4147 δὲ
2802 4092 2871 4147 τὰ
2900 4093 3091 4164 κύκλῳ
3131 4096 3418 4166 παρέρπον
3440 4099 3499 4152 τὸ
3530 4098 3639 4169 πῦρ
3664 4095 3750 4148 καὶ

2188 4186 2596 4253 διανεμόμενον,
2628 4183 2721 4236 τοῦ
2773 4185 3020 4240 οίκίσκου
3065 4187 3229 4257 μόνου
3262 4190 3525 4257 ἐφείδετο,
3573 4189 3602 4243 ὃ
3650 4187 3748 4241 τῶν

2190 4276 2351 4329 θείων
2408 4275 2621 4329 σκευῶν
2670 4273 2781 4347 εἷχε
2832 4276 2929 4350 τὴν
2961 4278 3235 4352 φυλακήν.
3266 4283 3377 4337 Καὶ
3406 4283 3565 4337 τοῦτο
3605 4276 3749 4351 οἶμαι

2188 4365 2443 4435 γενέσθαι
2475 4366 2574 4419 οὐκ
2621 4365 2806 4420 άθεεί·
2834 4367 2910 4432 ὡς
2963 4369 3028 4424 ἄν
3061 4370 3139 4440 μή
3163 4390 3275 4428 τινι
3305 4374 3415 4427 τῶν
3470 4372 3747 4448 ᾑρημένων

508 4457 753 4511 animata
775 4462 947 4516 esset,
992 4450 1224 4506 tediﬂcia
1250 4466 1369 4520 quae
1405 4450 1459 4504 in
1493 4453 1675 4508 medio
1707 4464 1866 4510 erant
1891 4496 1904 4516 .
1944 4471 2084 4525 prae-

2194 4459 2553 4525 συκοφαντεῖν
2581 4459 2791 4526 γένοιτο
2821 4462 3048 4531 ἀφορμὴ
3068 4466 3134 4533 τῇ
3168 4464 3278 4519 τῶν
3321 4466 3487 4538 ἱερῶν
3516 4462 3750 4530 ἀπωλείᾳ⁸

513 4549 724 4604 teriens
790 4545 1077 4609 transiliit,
1133 4559 1202 4598 ne
1250 4543 1506 4599 videlicet
1560 4547 1805 4615 proxima
1856 4563 2084 4618 quaeque

2192 4548 2448 4619 διαϐολὴν
2493 4551 2754 4616 γενναίαν
2815 4553 3084 4623 ῥάπτειν,
3122 4557 3215 4608 καὶ
3251 4556 3445 4626 μῶμον
3493 4556 3572 4627 τῷ
3618 4552 3750 4621 ἁγίῳ

514 4640 832 4711 carpendo,
887 4638 1190 4692 humanum
1243 4637 1297 4691 id
1353 4638 1627 4707 quispiam
1702 4638 1907 4694 factum
1965 4655 2084 4696 esse

2198 4640 2660 4712 προστρίψασθαι.
2710 4644 2783 4695 Τό
2826 4660 2890 4713 γε
2925 4645 3034 4715 μὴν
3065 4646 3178 4718 πῦρ
3204 4648 3384 4718 δείλης
3414 4648 3571 4718 ὀψίας
3595 4645 3751 4712 ἀρξά-

514 4742 757 4804 putaret.
792 4730 1107 4797 Tribusque
1130 4729 1282 4784 horis
1316 4746 1457 4801 opus
1482 4741 1720 4790 tantum,
1750 4731 1897 4799 quod
1921 4730 2084 4801 longo

2199 4750 2383 4803 μενον,
2410 4735 2611 4802 μέχρις
2644 4732 2719 4786 ἕω
2758 4737 2851 4791 καὶ
2900 4738 3213 4809 περαιτέρω
3255 4738 3454 4809 ἐχώρει
3485 4738 3619 4806 πρὸς
3659 4733 3750 4794 τὰς

514 4827 773 4881 durasset
805 4833 1077 4891 tempore,
1104 4822 1336 4875 materia
1364 4820 1591 4891 quidem
1616 4822 1775 4892 longe
1802 4824 2084 4892 pretiosis.

2196 4826 2278 4881 ἔτι
2319 4822 2667 4887 συνεστώσας
2724 4825 2855 4890 ὔλας
2898 4827 3112 4898 ἕρπον,
3180 4830 3276 4885 καὶ
3340 4830 3524 4900 θοίνην
3585 4826 3749 4880 πάντα

516 4922 679 4981 sima,
718 4917 897 4971 forma
934 4923 1119 4971 autem
1157 4915 1332 4970 multo
1392 4913 1766 4983 pulcherrima
1798 4924 2084 4971 construc-

2201 4917 2542 4986 ποιούμενον.

519 5030 660 5079 tum,
696 5014 765 5068 ad
804 5011 1078 5069 excidium
1111 5027 1347 5081 vergens
1382 5010 1733 5081 conﬂagravit
1778 5011 1880 5080 (ί).
1910 5013 2084 5070 Porro
2129 5016 2448 5073 incendium
2498 5017 2603 5069 hoc
2669 5029 3000 5085 proserpens
3047 5016 3149 5087 (ἢ,
3187 5017 3436 5075 aediliciis
3506 5014 3750 5071 omnibus

520 5116 576 5170 in
620 5108 856 5165 circuitu
900 5107 1279 5178 consumptis,
1308 5109 1375 5163 ab
1402 5107 1632 5201 aedicula
1663 5122 1727 5163 ea
1769 5108 1885 5163 sola
1948 5109 2238 5178 abstinuit,
2301 5110 2392 5167 ubi
2456 5125 2613 5165 sacra
2678 5126 2805 5168 vasa
2839 5122 2973 5166 sunt
3022 5124 3324 5169 asservata.
3356 5112 3518 5184 397
3566 5111 3641 5164 Ac
3687 5120 3750 5160 ne

521 5202 574 5254 id
640 5198 865 5270 quidem
930 5198 1141 5268 absque
1180 5199 1374 5255 divino
1433 5198 1662 5254 nomine
1708 5198 1918 5254 factum
1974 5217 2097 5258 esse
2133 5214 2301 5273 puto,
2371 5213 2433 5260 ut
2492 5219 2561 5256 ne
2584 5203 3087 5259 calumniatoribus
3117 5206 3338 5261 occasio
3382 5219 3550 5271 esset,
3580 5217 3751 5258 sacra-

520 5312 644 5350 rum
671 5310 855 5351 rerum
873 5295 1089 5366 jactura
1123 5293 1390 5363 insignem
1431 5294 1842 5364 sycophantiam
1867 5297 2088 5361 suendi,
2132 5298 2427 5368 virumque
2494 5308 2747 5352 sanctum
2813 5313 2913 5367 per
2961 5299 3451 5367 reprehensionem
3480 5290 3750 5365 carpendi.

531 5391 778 5446 Flamma
815 5405 939 5459 quae
965 5387 1188 5443 circiter
1218 5390 1606 5457 crepusculum
1634 5390 1875 5459 grassari
1945 5400 2211 5460 coeperat,
2241 5392 2309 5446 ad
2335 5405 2593 5449 auroram
2635 5403 2808 5462 usque
2868 5399 2927 5447 et
2984 5391 3219 5450 ulterius
3282 5404 3590 5463 progressa,
3652 5397 3757 5439 ma-

527 5485 725 5540 teriam
756 5497 878 5554 quze
906 5480 1121 5549 reliqua
1145 5479 1331 5534 adhuc
1360 5489 1500 5543 erat.
1537 5484 1830 5550 occupavit
1854 5492 1910 5537 et
1933 5483 2260 5539 combussit.

2194 5663 2368 5718 sarios
2430 5674 2813 5736 regesserunt;
2870 5664 3027 5736 quasi
3088 5681 3195 5736 eos
3229 5681 3336 5721 una
3378 5678 3511 5736 cum
3536 5658 3753 5719 ecclesia

2194 5728 2520 5874 gqgitbureré
2549 5737 2701 5793 vivos
2729 5728 3024 5793 voluerint.
3055 5735 3298 5808 (Saloni.
3329 5734 3432 5793 lib.
3464 5748 3583 5799 vro,
3637 5743 3757 5799 cap.

596 5665 673 5732 (Ι)
703 5664 918 5718 Socrat.
944 5662 1083 5732 libro
1115 5676 1188 5723 vr.
1222 5677 1342 5730 cap.
1400 5662 1485 5716 l8.

597 5731 673 5803 ('2)
692 5732 1007 5787 Adversarii
1036 5731 1265 5787 Joannis
1294 5731 1605 5786 incendium
1639 5732 1743 5787 hoc
1769 5732 1822 5785 in
1849 5742 2087 5788 sectato-

530 5816 620 5856 res
653 5803 772 5873 ejus
799 5803 1124 5874 reiecerunt.
1152 5804 1221 5857 At
1247 5804 1324 5856 illi
1350 5818 1538 5856 contra
1577 5804 1780 5858 laetum
1807 5803 1859 5857 iu
1894 5805 2085 5859 adver-
