4044 6500
1084 410 1097 455 :
1174 455 1780 521 ECCLESIASTICB
1820 450 2209 515 HlSTORL‘E
2252 452 2398 512 LIB.
2436 449 2610 511 Xlll.
3444 443 3578 510 10%

894 579 1150 636 κεφΑΑ.
1190 575 1313 632 sua
1924 570 1975 645 lt
2593 566 2823 623 CAPUT
2863 566 2979 623 xu.

316 698 455 770 Περὶ
482 696 587 753 τοῦ
618 694 949 770 γενομένου
978 691 1240 770 διῳγξμοῆ
1276 690 1400 770 τοῖς
1436 684 1897 770 προσ-κείμένοες

2023 683 2078 735 De
2120 681 2478 770 perseiutione
2535 697 2696 750 quam
2738 680 3161 770 iinpertulerunt
3222 678 3579 764 quiﬂhryso-

318 475 458 540 1005

383 753 466 836 Is
500 753 939 837 Χρυσοσξόμφ·
966 763 1068 817 καὶ
1206 753 1625 837 ήᾼᾚθὶκλὴσίιι
1662 753 1761 809 διὰ
1783 754 1899 824 τὴν

385 830 625 894 ἐκείνου
649 830 864 891 ἄδικοὶ*
879 830 1214 902 exemplar
1247 830 1543 899 διῄρηται.

389 956 454 1008 Οἱ
494 954 553 1006 δὶ
593 949 823 1022 πονηροὶ
859 947 984 1002 δέον
1029 946 1232 1016 μᾶλλον
1271 944 1521 999 ἐντεῦθεν
1560 946 1799 998 συνιέναι
1840 942 1901 995 τὸ

321 1045 472 1104 δέον.
506 1041 721 1115 μάλιστ’
744 1039 1003 1110 ἀφορμῆς
1034 1039 1126 1092 καὶ
1153 1037 1321 1104 ἄλλης
1350 1035 1716 1107 δραξάμενοι,
1746 1035 1904 1087 ἐπαι-

324 1129 585 1200 τιώμενοι
608 1129 722 1190 τοῖς
753 1125 1178 1197 προσκειμένοις
1202 1125 1449 1196 Ἰωάννῃ,
1478 1125 1551 1190 ὡς
1582 1126 1780 1193 ἐκείνῳ
1808 1140 1904 1192 χα-

329 1221 602 1290 ριζόμενοι
630 1221 832 1287 ἐνῆκαν
858 1221 920 1272 τὸ
948 1219 1080 1289 πῦρ,
1109 1217 1300 1281 δεινῶς
1325 1217 1586 1281 ἐκόλαζον
1611 1232 1626 1247 ο
1656 1217 1750 1270 καὶ
1776 1215 1904 1269 πολ⁴

324 1314 453 1375 λοὺς
493 1315 593 1382 μὲν
626 1311 738 1365 τῶν
774 1311 1134 1377 ἐπισκόπων,
1171 1312 1271 1364 οὐκ
1310 1310 1529 1377 ὀλίγους
1564 1309 1625 1362 δὲ
1665 1310 1760 1363 καὶ
1797 1309 1904 1365 τῶν

328 1405 520 1474 ἱερέων
548 1405 645 1457 καὶ
658 1404 981 1474 κληρικῶν,
1013 1404 1110 1456 καὶ
1139 1401 1250 1454 τῶν
1280 1403 1457 1456 ἄλλων
1484 1403 1535 1455 οἳ
1564 1404 1662 1472 τῆς
1692 1400 1904 1454 ἐκείνου

329 1494 551 1565 μερίδος
600 1492 739 1566 ἦσαν
784 1497 878 1549 καὶ
929 1496 1125 1566 ἐκείνῳ
1174 1495 1693 1565 συνεξεληλυθότες,
1744 1492 1906 1555 εὐθὺς

329 1585 754 1657 συλλαϐόμενοι,
797 1589 855 1640 ἐν
890 1586 1201 1656 Χαλκηδόνι
1237 1586 1559 1656 καθεῖρξαν.
1589 1587 1810 1654 Ἔτεροι
1850 1585 1908 1638 δὲ

327 1681 421 1734 καὶ
452 1681 557 1734 ἀνὰ
581 1680 679 1750 τὴν
706 1679 865 1733 πόλιν
894 1681 1202 1750 περιιόντες
1229 1679 1573 1748 ἁπανταχοῦ,
1606 1678 1662 1731 εί
1686 1695 1811 1734 τινα
1840 1677 1909 1731 τά

328 1771 543 1825 ἐκείνου
574 1774 794 1843 φρονεῖν
821 1771 1238 1841 κατεμηνύοντο
1257 1811 1273 1836 ,
1306 1770 1469 1833 εὐθὺς
1499 1769 1906 1839 συλλαμϐάνον-

2069 764 2237 807 stomo
2277 751 2563 822 fauerunt:
2606 761 2654 803 et
2689 762 2744 804 ut
2789 750 3023 806 Ecclesia
3056 760 3275 822 propter
3317 751 3582 820 injustam

2070 822 2184 885 eius
2209 820 2457 875 exsilium
2486 823 2554 875 sit
2579 823 2767 876 divisa.

2075 933 2332 989 Sedenim
2388 932 2641 987 homines
2665 931 2929 1002 perversi,
2959 945 3086 987 cum
3110 928 3165 986 id
3189 931 3338 1001 quod
3361 944 3583 999 aequum

2003 1034 2125 1081 erat
2180 1026 2453 1094 conjicere
2507 1034 2674 1093 atque
2736 1023 3045 1094 intelligere
3107 1022 3237 1078 inde
3292 1023 3581 1085 deberent.

2004 1121 2291 1176 occasione
2351 1118 2533 1184 potius
2589 1118 2697 1173 alia
2755 1127 2997 1187 arrepta,
3050 1115 3279 1173 Joannis
3334 1115 3583 1170 fautores

2005 1210 2280 1266 criminati
2312 1218 2483 1265 sunt:
2520 1217 2687 1280 atque
2720 1208 2776 1263 in
2818 1224 2935 1275 eos,
2984 1208 3153 1263 veluti
3184 1208 3261 1262 illi
3292 1206 3586 1278 gratiﬁcati

2007 1301 2326 1358 incendium
2377 1302 2427 1357 id
2466 1301 2837 1367 excitassent,
2889 1300 3128 1370 graviter
3177 1297 3587 1353 animadverte-

2010 1400 2142 1445 runt
2168 1408 2182 1446 :
2220 1392 2533 1460 multosque
2559 1391 2873 1462 episcopos,
2905 1406 3006 1446 nec
3034 1405 3240 1461 paucos
3269 1389 3588 1446 sacerdotes

2007 1493 2064 1539 et
2101 1485 2370 1547 clericos,
2404 1484 2656 1555 aliosque
2695 1485 2824 1538 item
2860 1484 2956 1553 qui
2990 1482 3046 1537 in
3074 1481 3304 1538 Joannis
3340 1480 3590 1552 partibus

2007 1588 2195 1641 erant,
2243 1586 2299 1630 et
2334 1592 2459 1630 cum
2495 1592 2564 1632 eo
2601 1575 2737 1632 urbe
2767 1575 3056 1641 exierant,
3103 1575 3293 1629 statim
3336 1587 3590 1644 compre-

2009 1671 2214 1727 hensos
2254 1670 2602 1728 Chalcedone
2650 1669 2707 1724 in
2777 1669 2999 1724 vincula
3052 1668 3436 1739 coniecerunt.
3485 1665 3593 1720 Alii

2012 1783 2178 1838 porro
2210 1766 2264 1820 in
2299 1766 2439 1819 urbe
2468 1764 2673 1834 passim
2704 1761 3149 1827 obambulantes,
3186 1762 3231 1816 si
3259 1761 3386 1831 quis
3413 1758 3500 1814 eis
3529 1766 3592 1812 ut

328 1880 443 1927 τες,
480 1863 584 1915 ὑπὸ
626 1865 879 1933 φρουράν
911 1863 1214 1925 ἐποιοῦντο,
1252 1863 1348 1915 καὶ
1389 1862 1494 1914 ὑπὸ
1533 1862 1784 1930 ἀνάθεμα
1816 1862 1908 1915 τὸν

2023 1859 2240 1915 Ioannis
2287 1859 2573 1914 studiosus
2620 1858 2899 1921 indicatus
2953 1864 3134 1919 esset,
3186 1869 3316 1933 eum
3366 1866 3592 1924 quoque

1937 1912 1985 1973 B

330 1953 486 2019 ἅγιον
519 1953 847 2008 ὑποϐάλλειν
879 1953 1214 2026 ἠνάγκαζον.
1246 1953 1386 2017 Τοὺς
1415 1953 1459 2006 δ’
1485 1952 1700 2018 ἄλλους,
1735 1954 1785 2007 οἳ
1810 1954 1910 2024 τὴν

2023 1952 2153 2009 citra
2202 1967 2408 2007 moram
2456 1959 2796 2021 rapuerunt,
2842 1959 3009 2020 atque
3044 1949 3311 2007 custodite
3358 1946 3596 2002 manda-

330 2045 440 2099 τῶν
471 2046 930 2117 πονηρευομένων
957 2046 1261 2115 ἐκκλησίαν
1290 2046 1536 2115 ἐμίσουν,
1564 2045 1795 2117 ἐξορίαι,
1823 2047 1916 2117 δη-

338 2137 566 2207 μεύσεις
586 2177 602 2202 ,
631 2138 892 2204 θάνατοι,
924 2138 1060 2208 πρὸς
1088 2138 1146 2191 δὲ
1179 2137 1425 2191 ποικίλαι
1449 2136 1703 2201 κολάσεις
1729 2137 1914 2208 διεμε-

336 2229 578 2300 ρίζοντο.
604 2224 789 2283 Ἦσαν
812 2227 857 2282 δ’
877 2222 1026 2283 οὗτοι
1051 2228 1342 2282 ἐπίσκοποι
1365 2229 1462 2283 καὶ
1489 2229 1678 2298 ἱερεῖς,
1705 2231 1799 2283 καὶ
1824 2231 1916 2284 ἄλ-

334 2325 445 2381 λως
478 2316 580 2386 τὴν
614 2317 927 2387 άσκητικὴν
962 2316 1281 2385 φιλοσοφίαν
1313 2317 1689 2386 ἠγαπηκότες.
1712 2316 1918 2388 Ἐχρῆν

343 2408 437 2462 καὶ
485 2409 594 2477 γὰρ
643 2408 739 2461 τοῦ
793 2409 961 2461 καλοῦ
1017 2408 1280 2478 ποιμένος
1333 2408 1556 2476 ἀνόμοις
1607 2409 1917 2475 ἐκδοθέντος

339 2498 523 2567 χερσὶ,
552 2498 620 2551 τά
643 2515 702 2550 τε
734 2497 989 2568 πρόϐατα
1017 2497 1513 2567 διασκορπισθῆναι
1542 2499 1637 2551 καὶ
1661 2499 1738 2569 τῷ
1768 2499 1918 2552 διδαο

349 2590 532 2661 σκάλῳ
559 2591 756 2660 ἐπίσης
784 2591 895 2645 τῶν
921 2591 1165 2669 ἀνιαρῶν
1192 2591 1580 2661 συμμετέχειν.
1605 2591 1671 2644 Oi
1702 2591 1801 2661 μὲν
1827 2592 1919 2646 οὖν

344 2683 618 2753 ἐπλήρουν
648 2685 745 2747 τὰς
774 2681 1006 2760 ἔγγιστα
1037 2682 1305 2751 φυλακὰς,
1337 2684 1383 2737 ol
1413 2681 1458 2736 δ’
1483 2687 1540 2746 ἐς
1570 2683 1668 2753 τὴν
1702 2684 1921 2756 ποῤῥωα

348 2772 496 2841 τέρω
522 2772 834 2825 ἐστέλλοντο
859 2773 1111 2844 ηπειρον,
1136 2773 1231 2826 καὶ
1260 2774 1478 2843 μακράν
1503 2773 1693 2827 ἔπλεον
1720 2774 1922 2829 θάλασς

281 2896 291 2903 -
348 2880 485 2930 σαν,
522 2867 720 2936 νήσους
759 2867 1106 2935 οἰκήσοντες,
1144 2867 1414 2937 πρότερον
1452 2867 1674 2927 πολλαῖς
1714 2869 1922 2932 αἰκίαις

349 2957 841 3027 κατεργασθέντες.
877 2953 981 3012 Οἷα
1022 2959 1078 3011 δέ
1124 2959 1306 3022 αὐτοῖς
1343 2960 1410 3012 τὰ
1453 2961 1594 3013 κατὰ
1631 2961 1727 3021 τὰς
1768 2962 1921 3021 ὁδοὺς

350 3051 672 3116 συνέπιπτε,
700 3054 851 3115 ποῖος
880 3050 1036 3118 λόγος
1068 3053 1571 3122 ἐκτραγῳδήσειεν;
1600 3053 1782 3121 Ὠμοῖι,
1813 3053 1921 3123 γὰρ

350 3143 444 3194 καὶ
490 3143 883 3212 πονηροτάτοις
927 3143 1238 3206 ἐκδοθέντες
1284 3143 1574 3210 ἀνδράσιν,
1614 3142 1783 3210 ὠμῶς
1826 3144 1921 3197 καὶ

2016 2053 2177 2106 runt.
2224 2055 2280 2100 et
2326 2054 2387 2100 ut
2437 2044 2787 2102 anathemate
2838 2049 3016 2101 virum
3071 2053 3323 2100 sanctum
3371 2040 3589 2106 feriret,

2015 2147 2337 2209 coegerunt.
2374 2137 2526 2192 Alios
2564 2147 2749 2192 autem
2782 2137 2985 2207 quibus
3019 2135 3252 2191 ecclesia
3289 2133 3597 2202 malignan-

2014 2232 2154 2286 tium
2187 2245 2354 2285 exosa
2387 2237 2509 2284 erat
2530 2269 2546 2295 ,
2579 2230 2770 2284 exsilia
2790 2272 2804 2296 ,
2835 2229 3107 2284 bonorum
3142 2224 3592 2289 t-onliscationes,

2017 2338 2182 2378 neces
2215 2331 2271 2377 et
2321 2329 2591 2377 tormenta
2639 2321 2793 2377 varia
2830 2321 3245 2393 disjuuxerunt.
3289 2320 3463 2375 Erant
3492 2334 3595 2374 au-

2019 2423 2127 2470 tem
2159 2414 2271 2480 isti,
2303 2414 2549 2483 episcopi
2580 2421 2638 2468 et
2663 2402 3003 2470 sacerdotes.
3037 2422 3095 2467 et
3129 2411 3445 2468 monasticae
3476 2409 3600 2479 phi-

2016 2504 2287 2575 losophia:
2346 2513 2670 2560 sectatores.
2736 2503 3044 2574 Oportebat
3101 2502 3309 2558 etenim
3372 2509 3596 2569 pastore

2021 2597 2166 2652 bono
2228 2596 2523 2666 impiorum
2580 2595 2837 2650 manibus
2895 2594 3137 2661 tradito,
3192 2607 3326 2648 oves
3374 2605 3599 2661 quoque

2022 2691 2287 2760 dispergi,
2323 2697 2381 2745 et
2408 2688 2729 2743 earumdem
2762 2704 2886 2744 cum
2926 2687 3190 2758 magistro
3223 2700 3597 2740 aerumnarum

2025 2779 2324 2852 participes
2379 2779 2519 2835 ﬁeri.
2576 2779 2769 2850 itaque
2824 2778 2917 2833 alii
2978 2776 3263 2834 custodias
3319 2774 3602 2846 proximas

2020 2872 2477 2943 compleverunt;
2524 2871 2616 2926 alii
2648 2873 2704 2926 in
2751 2870 3076 2926 ulteriorem
3111 2869 3260 2922 missi
3301 2868 3602 2923 continen-

2025 2973 2164 3026 tem.
2203 2976 2413 3019 vastum
2447 2965 2715 3034 trajecere
2747 2978 2927 3026 mare,
2954 2963 3173 3018 insulas
3207 2962 3598 3024 inhabitaturi,

2023 3071 2148 3112 eum
2197 3057 2420 3124 quidem
2475 3054 2664 3110 multis
2700 3054 2856 3122 prius
2904 3053 3125 3124 injuriis
3172 3062 3360 3108 essent
3388 3053 3593 3110 affecti.

2024 3148 2156 3214 Quae
2198 3164 2326 3202 vero
2362 3147 2470 3204 illis
2511 3148 2567 3201 in
2609 3146 2959 3216 profectione
2993 3147 3223 3202 adversa
3264 3147 3597 3214 acciderint,

348 3233 735 3304 ἀπανθρώπως
762 3234 1004 3303 ἔπασχον
1021 3273 1035 3299 ,
1056 3234 1316 3304 οὐδεμιᾶς
1341 3233 1555 3303 φειδοῦς
1586 3234 1918 3302 ἀξιούμενοι.

2026 3254 2274 3309 quamam
2317 3239 2496 3294 oratio
2544 3238 2767 3307 tragicis
2811 3238 2996 3295 verbis
3037 3239 3396 3308 exposuerit?
3445 3241 3602 3297 Feris

290 3327 462 3383 -Ka‘t
509 3327 559 3379 οἱ
611 3325 710 3394 μὲν
753 3325 1123 3396 ἀσπλάγχνως
1171 3324 1329 3387 οὕτω,
1361 3324 1483 3379 καθ’
1508 3324 1626 3377 όδόν
1678 3325 1922 3378 κατετεί-

351 3435 505 3470 νοντο
529 3432 542 3448 ‘
577 3420 625 3470 οἱ
658 3417 702 3470 δ’
728 3418 1060 3485 ἐφεστρίδιον
1089 3417 1213 3487 δίχα
1249 3416 1463 3485 φόρτων
1495 3417 1654 3485 δίκην
1684 3419 1925 3486 γυμναῖς

345 3510 756 3581 ἐπερρίπτοντο
790 3507 1075 3580 ἡμιόνοις,
1113 3509 1286 3578 ἱερεῖα
1322 3508 1576 3579 καθάπερ
1610 3507 1645 3579 ἢ
1680 3511 1921 3578 σφάγια,

354 3605 499 3654 κατὰ.
527 3602 772 3672 κεφαλὴν
802 3600 1193 3671 αἰωρούμενοι.
1225 3601 1338 3670 Τὴν
1363 3600 1408 3652 δ’
1432 3599 1754 3672 ὑπεροψίαν,
1784 3601 1850 3653 τὰ
1878 3600 1922 3651 δ’

357 3694 538 3766 ὀνείδη
558 3735 573 3762 ,
602 3694 738 3747 ἀλλὰ
764 3693 859 3763 τὴν
889 3692 1089 3769 χλεύην
1108 3729 1124 3755 ,
1151 3692 1245 3744 τὸν
1270 3691 1449 3761 βαρὺν
1479 3690 1736 3760 μυκτῆρα
1757 3732 1773 3756 ,
1799 3708 1924 3753 τους

356 3787 778 3855 καταγέλωτας,
822 3785 858 3839 ἃ
904 3784 1087 3855 πολλῷ
1129 3783 1455 3855 δριμύτερον
1498 3785 1783 3838 καθίενται
1827 3785 1924 3854 τῆς

267 3883 275 3890 ’
362 3883 560 3952 ψυχῆς,
591 3881 624 3952 ἢ
655 3882 862 3950 πληγαὶ⁸
892 3880 987 3933 καὶ
1016 3878 1312 3949 ἐπάλληλοι
1346 3878 1628 3946 μάστιγες,
1657 3875 1693 3931 ἃ
1723 3876 1927 3948 μᾶλλον

356 3976 553 4027 εὐκτὸν
582 3973 797 4026 ἐποίουν
824 3975 915 4025 τὸν
943 3972 1167 4025 θάνατον
1186 4012 1199 4033 ,
1229 3971 1315 4034 τίς
1347 3971 1530 4035 ἱκανὸς
1557 3969 1926 4041 διηγήσασθαι

357 4063 512 4131 λόγος
536 4077 551 4125 ;
577 4061 987 4131 Ἐντρυφῶντες
1017 4059 1074 4112 δὲ
1102 4062 1171 4130 τῇ
1201 4060 1422 4111 ἐκείνων
1451 4057 1704 4131 αἰσχύνῃ,
1737 4062 1795 4111 ἐν
1820 4076 1929 4128 χα-

354 4158 710 4227 μαιτυπείοις
755 4154 1040 4209 ἐποιοῦντο
1080 4154 1179 4216 τὰς
1221 4152 1573 4217 καταλύσεις,
1613 4154 1709 4206 καὶ
1749 4149 1928 4214 ἄλλοις

356 4252 659 4321 αἰσχίστοις
691 4246 1055 4315 καταγωγίοις
1087 4245 1135 4296 οἱ
1162 4243 1451 4313 βδελυρίας
1486 4244 1710 4313 μεστοὶ,
1741 4244 1840 4294 οὐκ
1872 4247 1929 4295 ἐν

360 4345 529 4414 ἱεροῖς
565 4343 753 4406 οἴκοις,
787 4340 820 4410 ἢ
851 4339 1031 4400 ἀλλοις
1063 4337 1380 4407 ἐπιτηδείως
1406 4334 1590 4405 έχουσι
1619 4337 1802 4397 τόποις
1834 4338 1928 4402 ἐγ-

357 4436 631 4496 κλείοντες
655 4450 668 4464 ·
702 4432 738 4487 ἃ.
777 4432 949 4504 μικρά
982 4431 1199 4492 πάντως
1235 4429 1331 4482 καὶ
1363 4429 1438 4491 ὡς
1471 4428 1624 4481 οὐδὲν
1657 4428 1927 4496 ἐνόμιζον,

359 4529 391 4599 ἢ
425 4531 521 4598 τῆς
548 4527 801 4581 Ἰωάννου
842 4524 1057 4594 μερίδος
1091 4519 1437 4590 διαξυγῆναι⁴
1472 4521 1538 4576 Εἰ
1571 4521 1625 4574 δὲ
1662 4520 1754 4576 καί
1788 4536 1929 4582 τινες

2022 3334 2170 3388 enim
2204 3344 2260 3387 et
2293 3330 2719 3401 improbissimis
2751 3330 3033 3388 commissi
3072 3332 3392 3388 hominibus
3413 3373 3431 3398 ,
3468 3348 3602 3390 cru-

2026 3425 2227 3481 dellter
2255 3432 2311 3476 et
2343 3422 2726 3477 inhumaniter
2760 3422 2829 3476 ab
2857 3422 2940 3478 eis
2971 3429 3102 3478 sunt
3133 3424 3348 3479 tractati
3376 3439 3393 3489 ;
3422 3440 3603 3496 neque

2026 3517 2109 3571 eis
2133 3516 2387 3585 quapiam
2423 3514 2476 3569 in
2505 3530 2563 3569 re
2592 3523 2678 3573 est
2708 3530 2959 3585 parsum.
2994 3514 3065 3570 Et
3094 3515 3345 3571 nonnulli
3377 3516 3601 3586 quidem

2027 3617 2226 3679 praeter
2255 3606 2797 3661 commiserationem
2816 3621 3036 3661 omnem
3069 3607 3125 3661 in
3154 3607 3241 3662 via
3276 3608 3350 3664 ita
3378 3610 3604 3665 tractati

2028 3709 2176 3753 sunt.
2202 3697 2464 3752 Nonnulli
2489 3710 2618 3751 vero
2647 3697 2768 3752 sine
2796 3697 3035 3752 amiculo
3075 3698 3405 3754 clitellamm
3426 3702 3608 3756 instar

2028 3789 2193 3844 nudis
2237 3788 2423 3860 iniecti
2470 3797 2601 3842 sunt
2623 3787 2810 3853 mulis,
2842 3789 2988 3843 haud
3018 3788 3181 3844 aliter
3202 3807 3368 3860 quam
3390 3793 3603 3852 hostia

2029 3890 2122 3936 aut
2174 3880 2409 3935 victima:
2466 3879 2524 3933 in
2560 3888 2731 3950 caput
2786 3880 3047 3936 deorsum
3105 3897 3331 3939 versum
3380 3886 3604 3943 sublati.

2027 3972 2197 4044 393
2228 3972 2654 4042 Despieientiam
2690 3988 2845 4036 vero,
2879 3976 3151 4055 convicia,
3179 3976 3445 4042 ludibria.
3482 3997 3609 4051 gra-

2030 4079 2126 4117 ves
2155 4079 2391 4128 sannas,
2427 4063 2737 4130 illusioncs,
2771 4081 2895 4135 qua:
2925 4068 3114 4124 acrius
3148 4070 3394 4125 animum
3435 4090 3607 4142 pene-

2032 4158 2197 4218 trant,
2231 4163 2326 4209 aut
2362 4153 2546 4225 plagas
2602 4165 2659 4209 et
2692 4155 2964 4213 alternata
2997 4158 3187 4228 ﬂagra,
3219 4176 3342 4230 quae
3372 4177 3607 4220 mortem

2031 4246 2413 4315 Optabiliorem
2449 4246 2760 4313 reddidere,
2799 4265 2920 4317 quae
2949 4250 3115 4305 verba
3154 4252 3291 4308 satis
3320 4269 3608 4324 expresse-

2034 4337 2182 4391 rint?
2228 4338 2297 4391 Et
2341 4338 2488 4406 quod
2535 4338 2592 4392 in
2639 4338 2836 4393 horum
2882 4342 3095 4410 pudore
3139 4352 3199 4398 et
3242 4343 3471 4402 infamia
3501 4348 3607 4404 sibi

2032 4428 2260 4483 delicias
2301 4430 2569 4497 lacerent,
2612 4431 2669 4485 in
2716 4431 3003 4501 lupanaria
3042 4443 3208 4504 atque
3269 4438 3376 4493 alia
3413 4438 3609 4497 foedis-

2033 4518 2169 4574 sima
2205 4519 2480 4575 domicilia
2503 4561 2518 4581 .
2551 4530 2608 4576 et
2644 4537 2753 4575 non
2798 4523 2851 4577 in
2890 4525 3148 4580 honestas
3179 4527 3329 4583 aedes
3371 4529 3615 4587 diverte-

358 4622 539 4673 αὐτῶν
573 4621 855 4689 διαφυγεῖν
892 4619 1124 4687 ἴσχασαν
1146 4655 1161 4680 ,
1197 4614 1351 4668 οὐδὲν
1383 4608 1547 4685 ἧττον
1581 4614 1733 4667 αὐτοὶ
1778 4612 1921 4679 σφῶν

2035 4621 2192 4676 runt,
2236 4613 2427 4668 aliisve
2467 4613 2684 4669 idoneis
2710 4614 2854 4671 locis
2898 4616 2998 4672 hos
3032 4617 3419 4687 incluserunt,
3451 4638 3613 4679 exse-

359 4715 599 4780 ἐγίνοντο
648 4710 910 4782 τιμωροὶ,
963 4710 1182 4771 ἀοίκους
1236 4706 1334 4759 καὶ
1385 4706 1623 4769 ἀϐάτους
1671 4704 1929 4774 ἐσχα-τιάς

359 4807 576 4867 ἑαυτοῖς
602 4800 1165 4872 καταψηφισάμενον
1192 4801 1289 4869 τὴν
1319 4799 1461 4867 μετά
1489 4797 1694 4868 θηρίων
1719 4797 1931 4865 οἴκησιν

362 4896 567 4964 μᾶλλον
598 4893 631 4964 ἢ
667 4893 784 4964 μετ’
812 4892 1115 4963 ἀνθρώπων
1145 4891 1317 4954 οὕτως
1348 4890 1553 4959 ἀγρίως
1584 4888 1679 4942 καὶ
1707 4887 1929 4958 ἀπηνῶς

356 4989 616 5059 ἐχόντων,
658 4987 803 5056 ἐχειν
848 4985 1117 5055 ἑλόμενοι.
1164 4983 1549 5054 Διαφερόντως
1601 4981 1790 5050 μέντοι
1834 4980 1933 5051 τὴν

357 5076 617 5145 τοιαύτην
658 5074 873 5128 ἀδικίαν
910 5075 960 5127 οἱ
999 5075 1099 5142 τῆς
1144 5074 1416 5144 Εὐρώπης
1461 5070 1814 5137 ἐϐδελύξαντο
1856 5073 1932 5125 ίε-

362 5167 492 5234 ρεῖς.
535 5166 647 5235 Τῆς
690 5165 796 5234 γὰρ
838 5164 948 5218 τῶν
989 5162 1331 5233 δεδρακότων
1375 5164 1660 5224 κοινωνίας
1699 5165 1933 5232 ἀποκρι-

361 5258 541 5321 θέντες
567 5256 710 5329 ἦσαν
737 5257 859 5310 καθ’
883 5256 1131 5318 ἑαυτούς.
1160 5257 1233 5309 Οὐ
1268 5256 1375 5327 μὴν
1399 5255 1457 5309 δὲ
1482 5254 1618 5308 ἀλλά
1642 5255 1737 5308 καὶ
1758 5254 1931 5306 Ἰλλυ-

360 5354 466 5423 ριοὶ
514 5354 608 5406 καὶ
651 5354 699 5405 ol.
745 5352 994 5404 πλεῖστοι
1041 5351 1150 5405 τῶν
1199 5351 1333 5420 πρὸς
1379 5350 1455 5401 ἒω
1503 5350 1792 5401 ἐπίσκοποι
1833 5348 1932 5418 τῆς

357 5440 610 5497 Ἰωάννου
632 5442 849 5513 μερίδος
874 5438 1230 5509 ἐγένοντο.Τὸ
1257 5440 1312 5492 δὲ
1340 5440 1440 5509 τῆς
1472 5439 1804 5508 Ἐκκλησίας
1831 5439 1932 5490 οὐκ

360 5534 689 5602 ἐμερίσαντο
732 5532 930 5603 σῶμα*
973 5529 1116 5584 ὥστε
1162 5535 1256 5585 καὶ
1293 5530 1388 5584 τοῦ
1433 5531 1676 5601 μεγάλου
1721 5527 1933 5598 Πατρὸς

358 5625 809 5695 τελευτήσαντος,
842 5625 893 5676 oi
924 5624 1170 5692 ἑσπέριοι
1207 5624 1396 5693 ἱερεῖς,
1431 5623 1491 5675 οὐ
1527 5622 1791 5692 πρότερον
1822 5620 1932 5673 τῶν

356 5720 416 5769 ἐν
452 5717 709 5787 Αἰγύπτῳ
746 5716 841 5771 καὶ
873 5715 982 5787 ἐῳ,
1015 5716 1121 5768 τῶν
1156 5715 1203 5767 τ’
1230 5718 1287 5768 ἐν
1320 5715 1582 5784 Βοσπόρῳ
1614 5715 1706 5766 καὶ
1740 5713 1930 5784 Θρᾴκῃ

354 5812 457 5874 τὴν
488 5810 773 5863 κοινωνίαν
804 5808 1127 5878 ἠσπάσαντο
1149 5848 1163 5872 ,
1195 5808 1354 5877 ἄχρις
1385 5802 1445 5868 οὗ
1476 5808 1576 5875 τὴν
1611 5805 1804 5875 κλῆσιν
1832 5802 1930 5855 τοῦ

358 5900 646 5955 θεσπεσίου
685 5902 892 5955 ἐκείνου
927 5899 1150 5968 ἀνδρὸς,
1186 5901 1298 5964 τοῖς
1334 5898 1593 5951 τεθνεῶσι
1630 5896 1931 5962 συνέταξαν

2032 4705 2278 4759 oratione
2312 4706 2456 4773 pleni
2494 4706 2768 4762 homines.
2805 4708 2937 4773 Quae
2968 4720 3151 4766 tamen
3179 4727 3350 4782 parva
3381 4730 3612 4785 prorsus

2029 4807 2085 4848 ct
2117 4810 2217 4866 pro
2251 4796 2426 4851 nihilo
2460 4798 2649 4867 potius
2683 4799 2771 4853 isti
2806 4799 3076 4866 habuere,
3107 4818 3272 4872 quam
3295 4813 3359 4860 ut
3387 4821 3417 4859 a
3445 4806 3614 4862 Joan-

2033 4889 2119 4941 uis
2154 4889 2403 4957 partibus
2448 4890 2662 4960 sejungi
2697 4906 2756 4945 se
2797 4900 3145 4960 paterentur.
3190 4894 3349 4961 Quod
3393 4899 3440 4951 si
3476 4913 3615 4952 non-

2034 4980 2168 5034 nulli
2193 4995 2385 5034 eorum
2414 4979 2708 5051 profugere
2741 4992 3063 5052 potuerunt,
3092 4986 3459 5043 nihilominus
3506 4989 3613 5060 ipsi

2032 5087 2063 5125 a
2089 5072 2285 5141 scipsis
2320 5087 2510 5144 poenas
2543 5084 2922 5142 sumpserunt,
2955 5075 3022 5129 ad
3055 5075 3174 5129 loca
3207 5076 3615 5148 sola‘inviaque

2032 5172 2089 5218 ct
2129 5174 2408 5218 extremas
2457 5163 2524 5218 ad
2573 5180 2702 5219 oras
2747 5166 2962 5235 seipsos
2990 5168 3441 5225 condemnantes.
3475 5169 3614 5225 Cum

2034 5256 2165 5309 [eris
2194 5253 2397 5324 quippe
2428 5255 2541 5320 illi,
2579 5270 2746 5325 quam
2780 5270 2907 5310 eum
2962 5257 3282 5314 hominibus
3322 5268 3430 5313 tam
3460 5276 3619 5331 agre-

2032 5345 2214 5399 stibus
2269 5355 2327 5399 et
2375 5344 2735 5410 truculentis,
2796 5345 3045 5401 habitare
3076 5348 3412 5422 maluerunt.
3460 5350 3618 5418 Ejus-

2032 5436 2179 5490 modi
2207 5436 2466 5506 injuriam
2498 5450 2597 5490 seu
2628 5436 2983 5505 iniquitatem
3005 5454 3357 5510 summopere
3380 5439 3620 5509 Europae

2032 5527 2290 5581 detestati
2328 5538 2460 5582 sunt
2506 5528 2777 5598 episc0pi.
2824 5527 2961 5582 Nam
3005 5532 3074 5583 ab
3121 5544 3319 5584 eorum
3360 5531 3456 5599 qui
3488 5532 3619 5585 talia

2034 5618 2390 5683 admiserant,
2417 5620 2810 5675 communione
2839 5620 3091 5686 discreti,
3128 5621 3184 5675 in
3213 5620 3463 5690 partibus
3487 5637 3623 5678 con-

2036 5710 2245 5764 stitere.
2284 5710 2486 5781 Illyrici
2518 5726 2763 5781 quoque,
2795 5721 2852 5766 et
2882 5711 3110 5782 plurimi
3148 5715 3204 5767 in
3239 5712 3465 5769 Oriente
3498 5715 3621 5783 epi-

2036 5801 2224 5870 scopi,
2270 5801 2530 5859 factionis
2570 5803 2801 5866 Joannis
2844 5805 3106 5870 luerunt,
3145 5805 3401 5862 Ecclesiae
3433 5817 3623 5862 autem

2037 5909 2237 5966 corpus
2286 5911 2394 5951 non
2445 5896 2778 5952 diviserunt.
2820 5897 2888 5953 Et
2939 5914 3136 5968 magno
3176 5899 3281 5956 hoc
3323 5899 3485 5956 Patre
3527 5899 3622 5955 de—
