4044 6446
454 407 601 481 1007

1688 417 2118 480 NICEPHORI
2160 416 2503 478 CALLISTI

3593 418 3730 486 1008

453 530 679 595 functo,
727 529 971 600 episcopi
1014 527 1403 585 Occidentales
1453 545 1564 587 non
1612 533 1766 603 prius
1794 532 2034 603 Egypti,

2153 532 2503 596 ἐπισκόποις.
2536 531 2682 585 Ἀλλ’
2713 530 2822 587 οὐδ’
2855 532 3154 604 Ἀρσάκιον
3186 531 3281 586 τὸν
3318 532 3526 589 ἐκείνου
3559 534 3734 590 διάδο·

451 622 736 684 Orientis.
784 622 1048 691 Bospori,
1084 631 1142 676 et
1184 621 1436 678 Thraciae
1463 624 1754 695 episcopos
1782 626 1849 680 ad
1890 642 2043 678 com-

450 715 769 770 munionem
814 729 970 768 suam
1011 711 1395 777 admiserunt,
1431 728 1597 783 quam
1631 729 1834 768 nomen
1865 714 2039 768 divini

450 809 599 864 illius
645 807 745 861 viri
782 807 836 860 in
885 815 1231 861 mortuorum
1286 806 1683 876 episcoporum
1728 806 2037 877 catalogqu

448 903 714 957 retulere.
750 899 857 954 Sed
913 914 1093 970 neque
1141 898 1435 953 Arsacium
1486 912 1869 955 successorem
1916 899 2040 968 ejus

444 998 531 1052 vel
574 993 1004 1065 compellatione
1048 992 1164 1048 sola
1195 992 1402 1064 dignati
1448 1000 1598 1046 sunt.
1635 990 1781 1058 Quin
1811 999 1868 1046 et
1899 992 2040 1046 Atti-

446 1107 596 1155 eum,
653 1088 750 1160 qui
800 1086 1031 1143 Arsacio
1090 1085 1429 1142 substitutus
1478 1095 1596 1150 est,
1639 1095 1697 1140 et
1733 1084 2039 1154 legationes

446 1184 651 1239 multas
696 1181 764 1240 ad
810 1196 908 1236 eos
950 1178 1131 1242 misit,
1177 1192 1437 1248 saepeque
1467 1191 1566 1247 per
1598 1177 2037 1247 paciﬁcationem

2146 641 2241 696 χον
2274 623 2438 693 ψιλῆς
2485 623 2616 688 γοῦν
2652 624 3013 695 προσρήσεως
3057 624 3408 692 κατηξίωσαν
3436 640 3450 654 ·
3485 626 3602 680 ἀλλ’
3623 628 3735 681 οὐδ’

2157 715 2441 784 ’Δττικδν,
2475 716 2534 780 ὃς
2575 717 2695 785 μετ’
2722 719 3018 789 Ἀρσάκιον
3048 717 3298 785 ἐγεγόνει
3325 734 3338 750 ·
3375 720 3465 771 καὶ
3500 720 3610 787 γάρ
3639 722 3735 774 καὶ

2143 808 2337 863 τοῦτον
2375 809 2548 864 πολλὰ
2584 810 3101 880 πρεσϐευσάμενον,
3137 810 3400 874 πολλάκις
3436 810 3492 863 δὲ
3523 811 3624 880 τῆς
3656 813 3735 865 εί-

2144 900 2315 969 ρήνης
2345 903 2535 971 τυχεῖν
2565 898 2877 965 ἀξιώσαντα
2898 941 2913 967 ,
2950 902 3131 973 χρόνῳ
3166 900 3346 970 πολλῷ
3383 903 3734 973 προσήκαντο

2145 990 2411 1062 ὕστερον,
2446 994 2547 1065 τὴν
2580 992 2676 1048 τού
2719 993 2962 1063 μεγάλου
3005 994 3386 1064 προσηγορίαν
3414 994 3526 1056 τοῖς
3567 995 3733 1063 ίεροῖς

2143 1085 2425 1157 διπτύχοις
2459 1088 2852 1160 ἐγγράψαντα,
2886 1087 2965 1153 ὡς
3002 1087 3201 1159 μικρὸν
3232 1088 3520 1158 προϊόντες
3554 1086 3731 1155 δηλώ-

2150 1197 2344 1251 σομεν.

445 1280 736 1335 conciliari
782 1279 867 1336 eis
915 1276 1166 1341 studuit,
1202 1274 1368 1344 longo
1403 1282 1529 1343 post
1562 1279 1815 1344 tempore
1849 1284 2246 1344 susceperunt,
2298 1274 2391 1333 ubi
2423 1278 2605 1350 magni
2630 1276 2735 1334 viri
2801 1291 3003 1334 nomen
3030 1278 3204 1334 sacris
3268 1275 3474 1332 tabulis
3537 1274 3733 1330 inscri-

444 1374 558 1445 psit
581 1415 594 1439 ,
642 1373 805 1428 sicuti
841 1372 1008 1444 paulo
1042 1379 1167 1440 post
1193 1367 1465 1422 dicemus.

930 1488 1098 1560 399
1140 1485 1369 1543 CAPUT
1401 1484 1571 1542 xxm

448 1587 526 1641 De
571 1586 750 1656 Tigrio
809 1585 1245 1656 presbyter0,_et
1302 1576 1559 1656 Eutropio
1631 1581 1943 1656 lectoreuel
1976 1597 2040 1656 ea

517 1649 654 1739 qua;
676 1649 894 1728 propter
941 1649 1115 1723 ipsum
1164 1649 1307 1719 facta
1356 1659 1434 1702 est
1484 1654 1540 1707 in
1587 1656 1789 1707 somnis
1838 1651 2037 1707 Sisinio

514 1743 733 1783 visione.

518 1842 596 1897 Eo
649 1850 896 1911 tempore
949 1840 1191 1897 maximo
1237 1842 1480 1897 excitato
1529 1849 1718 1902 metu,
1769 1839 2031 1911 quoniam

2736 1484 2991 1542 ΚΕΦΔΔ.
3028 1487 3156 1543 ΚΓ.

2145 1581 2285 1648 Περὶ
2350 1580 2458 1635 τοῦ
2500 1578 2916 1649 πρεσϐυτέρου
2962 1579 3218 1648 Τιγγοίου,
3253 1579 3354 1633 καὶ
3397 1579 3729 1649 Εὐτροπίου

2215 1645 2321 1706 τοῦ
2349 1645 2772 1720 ἀναγνώστου,
2800 1645 2915 1703 ’καί
2959 1645 3070 1705 τοῦ
3098 1649 3197 1703 διὰ
3253 1649 3473 1705 τοῦτον
3497 1645 3765 1720 ὀνείραι⁵

2211 1739 2342 1790 τος.

2211 1836 2533 1905 Τηνικαῦτα
2548 1835 2603 1888 δὲ
2625 1836 2893 1904 μεγίστου
2916 1834 3087 1905 φόϐου
3110 1836 3318 1908 ἀνηρτη
3330 1837 3518 1907 μένου,
3540 1839 3725 1910 ἐπειδὴ

447 1934 664 2006 plebem
715 1936 959 2005 quietam
1022 1934 1287 2006 deinceps
1343 1948 1441 2004 per
1496 1933 1829 1989 seditionem
1894 1930 2032 1985 nihil

2147 1932 2235 1984 καὶ
2326 1929 2495 1998 δῆμος
2529 1903 2797 1997 λωφήσας
2830 1903 2994 1999 δῆλος
3025 1923 3096 2000 ἦν
3130 1903 3340 2001 pii-“toti
3367 1903 3559 1985 λοιποῦ
3593 1903 3725 1986 σταἐ

444 2039 726 2081 moturam
770 2040 892 2080 esse
924 2016 1430 2092 constabat,'urbis
1474 2026 1769 2097 praefectus
1803 2024 2036 2096 Optatus

447 2119 669 2189 publice
716 2133 817 2189 pro
858 2119 1158 2183 tribunali,
1207 2120 1277 2175 de
1326 2120 1585 2175 incendio
1622 2120 1757 2182 hoc,
1807 2127 1864 2174 et
1913 2133 2035 2185 quae

445 2209 879 2281 conﬂagraverat
909 2220 1137 2265 senatus
1161 2211 1339 2273 curia,
1371 2210 1735 2280 quastionem
1758 2209 2033 2272 exercuit,

445 2305 761 2374 multosque
796 2318 864 2358 eo
904 2303 1009 2357 sub
1045 2311 1317 2373 prsetextu
1365 2302 1610 2373 graviter
1659 2302 1834 2358 torsit.
1878 2300 2035 2368 Quod

444 2399 590 2451 enim
624 2397 1077 2467 superstitionem
1116 2396 1366 2452 Graecam
1416 2397 1803 2467 proﬁtebatur,
1852 2396 1905 2451 in
1940 2411 2037 2449 no-

443 2492 576 2545 stris
609 2491 767 2546 malis
803 2490 972 2545 veluti
1016 2491 1241 2546 delicias
1282 2500 1641 2555 consectans,
1684 2503 1739 2546 et
1773 2491 2035 2547 ecclesia:

445 2584 597 2640 sticis
625 2583 881 2639 cladibus
924 2581 1196 2649 illudens,
1240 2598 1372 2640 casu
1408 2599 1475 2640 eo
1521 2584 1943 2651 delectabatur;
1979 2594 2036 2640 et

446 2675 836 2746 presbyterum
885 2676 1205 2744 quemdam,
1254 2676 1343 2730 cui
1394 2690 1596 2730 nomen
1640 2685 1760 2730 crat
1790 2666 2033 2745 Tigrius,

443 2767 681 2837 arripuit
710 2786 724 2823 :
762 2767 930 2837 eique
965 2768 1216 2823 vestibus
1250 2768 1534 2834 detractis,
1568 2769 1720 2825 nudo
1758 2770 1944 2841 ﬂagris
1978 2771 2034 2825 in

444 2872 599 2929 tergo
635 2854 824 2931 plagas
863 2861 1052 2916 intulit
1083 2879 1096 2915 :
1131 2870 1187 2916 et
1217 2868 1464 2933 eousque
1515 2861 1796 2919 hominem
1841 2877 2038 2917 excar-

446 2954 719 3019 nilicavit,
751 2954 929 3010 donec
960 2954 1183 3011 articuli
1220 2957 1338 3026 ejus
1373 2957 1747 3011 solverentur.
1787 2955 2038 3011 Manibus

445 3046 594 3100 enim
627 3046 975 3115 pedibusque
1008 3055 1158 3099 arcte
1188 3048 1427 3112 vinctus,
1455 3063 1619 3115 quam
1648 3048 1886 3103 maxime
1919 3047 2036 3103 licri

444 3135 648 3204 potuit,
681 3134 960 3189 distentus
990 3145 1096 3190 est.
1124 3135 1347 3206 'l‘igrius
1380 3152 1514 3192 vero
1545 3138 1649 3192 iste
1676 3152 1879 3206 genere
1906 3138 2035 3193 bar-

2140 2021 2349 2086 σιάζειν
2373 2063 2389 2087 ,
2424 2023 2453 2074 ὁ
2488 2020 2588 2091 τῆς
2630 2022 2845 2083 πόλεως
2889 2021 3171 2093 ὕπαρχος,
3214 2023 3482 2088 Ὀπτάτος
3520 2023 3725 2093 ὕνομα,

2139 2115 2378 2185 δημοσίᾳ
2415 2113 2802 2183 προκαθίσας,
2841 2112 3006 2182 δῆθεν
3041 2117 3108 2168 τά
3145 2115 3284 2185 περὶ
3312 2096 3729 2187 τῆςδπυρκαῖᾶς

2140 2209 2235 2260 καὶ
2268 2205 2365 2259 τοῦ
2397 2206 2493 2276 τῆς
2529 2207 2858 2277 γερουσίας,
2892 2208 3072 2260 εῖτουν
3103 2205 3199 2260 τοῦ
3233 2207 3618 2280 βουλευτηρίου
3649 2211 3728 2264 οῖ-

2140 2317 2273 2362 κου,
2309 2298 2567 2369 ἐξήταζε.
2605 2297 2846 2363 Πολλοὺς
2884 2298 2943 2352 δὲ
2980 2301 3047 2371 τῇ
3085 2303 3359 2369 προφάσει
3391 2301 3581 2357 τούτου
3617 2303 3729 2357 δει-

2139 2392 2249 2456 νῶς
2301 2394 2736 2463 ἐτιμωρήσατο*
2790 2393 2862 2447 τὰ
2909 2393 3020 2463 γὰρ
3059 2391 3333 2464 Ἑλλήνων
3382 2396 3729 2467 πρεσϐεύων,

2139 2482 2331 2555 ὥσπερ
2373 2485 2485 2548 τοῖς
2532 2485 2829 2554 ἡμεςέροις
2884 2486 3079 2549 κακοῖς
3123 2486 3435 2556 ἐντρυφῶν,
3479 2489 3573 2542 καὶ
3611 2491 3732 2553 ταῖς

2140 2575 2634 2646 ἐκκλησιαστικαῖς
2683 2575 3005 2645 ἐπεγγελῶν
3059 2579 3389 2647 συμφοραῖς,
3444 2579 3511 2632 δι’
3535 2579 3728 2650 ἡδονῆς

2141 2663 2256 2739 εἶχε
2299 2667 2361 2721 τὸ
2406 2669 2713 2737 συμπεσόν.
2762 2669 2873 2722 Καὶ
2916 2669 2981 2740 δή
3030 2686 3153 2723 τινα
3199 2670 3593 2743 πρεσϐύτερον,
3639 2673 3729 2727 Τί-

2141 2774 2298 2827 γριον
2330 2756 2504 2827 ὄνομα
2525 2797 2541 2823 ,
2579 2757 2898 2825 συλλαϐὼν,
2933 2759 3225 2831 ὑφαιρεῖτό
3257 2779 3316 2815 τε
3349 2764 3450 2833 τὴν
3485 2764 3682 2833 ἐσθῆτα
3706 2806 3723 2827 ,

2141 2848 2345 2921 γυμνῷ
2363 2868 2421 2902 τε
2449 2849 2595 2903 κατὰ
2626 2852 2795 2905 νώτου
2827 2852 3001 2921 ἐπῆγε
3034 2853 3133 2917 τὰς
3165 2853 3448 2924 μάστιγας
3471 2870 3484 2886 ’
3516 2857 3607 2909 καὶ
3635 2858 3728 2909 ἐπὶ
3772 2846 3775 2849 ’

2140 2944 2299 2997 τόσον
2331 2944 2587 3014 ῄκὶσατο,
2617 2944 2720 3008 ἕως
2753 2939 2815 2998 οὗ
2849 2948 3045 3016 ἐκείνῳ
3077 2947 3297 3019 διελύθη
3328 2952 3398 3003 τά
3431 2951 3607 3022 άρθρα
3634 2968 3648 2982 ο
3678 2950 3731 3003 οῖ

2142 3052 2200 3089 τε
2232 3036 2343 3108 γάρ
2380 3036 2540 3100 πόδες
2572 3036 2668 3090 καὶ
2700 3039 2755 3091 αί
2785 3042 2969 3111 χεῖρες
3004 3040 3270 3110 ἀσφαλῶς
3302 3041 3686 3112 δεσμευθεῖσαι
3712 3084 3731 3108 ,

2141 3127 2229 3196 ἐφ’
2254 3130 2381 3181 ὅσον
2424 3128 2573 3199 ἐξῆν,
2615 3130 2961 3185 διετείνοντο.
2994 3131 3057 3186 '0
3101 3132 3160 3186 δὲ
3206 3133 3432 3204 Τίγριος
3472 3127 3627 3199 οὗτος
3671 3135 3731 3190 τὸ

444 3228 615 3284 harus
647 3227 870 3298 quidem
900 3238 956 3283 et
990 3228 1308 3293 eunuchus,
1343 3244 1453 3284 non
1479 3229 1549 3285 ab
1578 3230 1693 3300 ipsa
1726 3230 2033 3299 nativitate,

2147 3224 2245 3295 μὲν
2286 3223 2447 3292 γένος
2491 3224 2773 3296 βάρϐαρος
2814 3221 2908 3298 ἦν,
2955 3225 3212 3298 εὐνοῦχος
3255 3227 3312 3280 δὲ
3349 3228 3450 3281 οὐκ
3489 3229 3596 3282 ἀπὸ
3633 3246 3730 3299 γα-

443 3321 572 3375 fuit.
617 3321 686 3376 Et
732 3322 994 3390 quoniam
1046 3319 1101 3375 in
1152 3321 1316 3376 herili
1361 3320 1561 3387 domo,
1621 3337 1723 3391 pro
1766 3337 1834 3377 eo
1868 3334 2035 3393 atque

445 3415 663 3476 debuit,
696 3414 1021 3468 servitutem
1054 3414 1271 3479 serviit,
1309 3415 1711 3484 praclariorem
1747 3430 1908 3486 quam
1937 3432 2035 3487 pro

446 3509 593 3563 servi
633 3518 796 3579 captu
841 3508 1064 3562 laudem
1103 3506 1209 3562 sibi
1264 3508 1628 3576 comparmit.
1683 3508 2038 3580 Quapropter

445 3601 705 3656 libertate
732 3602 991 3666 donatus,
1024 3609 1255 3672 propter
1291 3616 1510 3655 morum
1544 3602 1947 3658 humanitatem
1983 3612 2038 3655 et

445 3693 809 3757 modestiam,
860 3693 1038 3747 multo
1090 3693 1476 3749 intercedente
1520 3704 1771 3765 tempore
1809 3696 1875 3750 ad
1908 3712 2037 3766 pre-

443 3786 658 3858 sbyteri
687 3797 916 3840 evectus
956 3793 1043 3839 est
1081 3785 1431 3856 dignitatem.
1480 3784 1613 3843 Erat
1651 3803 1887 3859 namque
1922 3803 2033 3844 mo.

445 3880 679 3935 deratus
724 3875 1050 3940 admodum,
1092 3885 1151 3931 et
1195 3876 1572 3947 aequabilitate
1616 3880 1740 3934 vim
1785 3880 2032 3951 insignis.

445 3973 589 4042 Erga
632 3970 969 4040 indigentes,
1004 3970 1048 4025 si
1090 3971 1216 4041 quis
1254 3972 1418 4037 alius,
1456 3981 1510 4028 et
1544 3972 1660 4042 ipse
1700 3973 1855 4029 valde
1889 3990 2039 4029 com-

447 4063 684 4127 modus,
729 4072 788 4117 et
835 4061 891 4117 in
943 4063 1191 4133 hospites
1239 4065 1333 4134 qui
1383 4065 1451 4119 ad
1491 4081 1619 4121 eum
1656 4066 2033 4130 divertisscnt,

444 4158 744 4226 benignus.
773 4155 983 4211 Deinde
1011 4157 1315 4226 Eutropius
1339 4157 1505 4213 etiam
1529 4159 1708 4213 lector
1729 4160 1946 4229 produc
1975 4173 2040 4215 es

445 4258 553 4313 est,
602 4261 729 4302 cum
778 4247 939 4318 quasi
994 4238 1371 4305 incendiarius
1417 4264 1514 4318 per
1562 4249 1776 4305 iudices
1822 4251 2039 4306 delatus

446 4341 665 4396 fuisset.
700 4339 768 4395 Et
812 4342 1054 4410 primum
1097 4342 1322 4412 quidem
1370 4341 1514 4397 boiis
1543 4342 1801 4400 distentis
1834 4347 2039 4415 turpius

448 4440 629 4489 tortus
655 4440 763 4498 est,
811 4441 1002 4502 postea
1047 4443 1233 4490 autem
1266 4434 1316 4489 ei
1358 4433 1595 4491 fustibus
1628 4445 1681 4490 et
1710 4435 1881 4492 clavis
1913 4425 2036 4491 ossa

447 4526 817 4590 comminuta,
865 4526 1088 4595 ungulis
1145 4525 1344 4581 deinde
1397 4530 1679 4593 membra,
1730 4530 1942 4595 latera,
1983 4540 2040 4586 et

2147 3314 2307 3385 στρός
2336 3332 2349 3347 ·
2405 3314 2604 3386 δυνατῇ
2654 3315 2910 3388 δὲοοίκίᾳ
2960 3316 3354 3384 δεδουλευκὼς,
3400 3319 3475 3381 ὡς
3528 3319 3728 3391 χρεὼν,

2147 3405 2424 3478 ἐπῃνέθη,
2467 3407 2628 3474 δόξαν
2669 3410 2729 3462 οὑ
2776 3409 2918 3462 κατὰ
2960 3407 3147 3463 δοῦλον
3188 3411 3566 3480 κτησάμενοςο
3608 3409 3731 3465 ὅθεν

2147 3501 2435 3573 ἐλευθερίᾳ
2468 3503 2750 3573 τιμηθεὶς,
2784 3503 2863 3576 τῷ
2896 3503 2993 3559 τοῦ
3030 3504 3239 3574 τρόπου
3277 3507 3516 3557 ἐπιεικεῖ
3555 3503 3731 3574 πολλῷ

2145 3593 2225 3663 τῷ
2249 3595 2404 3666 μέσῳ
2426 3596 2606 3666 χρόνῳ
2628 3597 2724 3650 καὶ
2748 3597 2827 3660 εἰς
2854 3597 3236 3668 πρεσϐυτέρου
3263 3597 3533 3667 προῆλθεν
3551 3597 3729 3662 ἀξίαν.

2147 3682 2258 3742 *Ην
2288 3688 2344 3741 δὲ
2378 3687 2439 3741 τδ
2471 3682 2605 3759 ἦθος
2643 3689 2867 3760 μέτριος
2902 3691 3001 3743 καὶ
3038 3689 3452 3754 ἐπιεικέστατος
3480 3706 3495 3723 ’
3528 3688 3645 3742 λίαν
3674 3689 3733 3742 δὲ

2146 3780 2334 3846 δεξιῶς
2368 3777 2483 3852 εἶχε
2514 3780 2644 3851 περὶ
2670 3785 2797 3845 τοὺς
2829 3781 3124 3851 δεομένους
3154 3782 3314 3851 εῖπερ
3340 3800 3423 3845 τις
3454 3782 3548 3836 καὶ
3577 3782 3630 3835 εί
3650 3798 3731 3844 τις

2148 3874 2511 3945 ἐπιξενωθείη
2556 3875 2729 3948 αὐτῷ.
2779 3875 2925 3947 Πρὸς
2968 3874 3032 3947 δὴ
3078 3875 3256 3946 τούτῳ
3299 3878 3396 3931 καὶ
3437 3876 3730 3948 Εὐτρόπιος

2148 3965 2510 4038 ἁναγνώστης
2549 3946 2826 4039 προήγετο
2849 4006 2864 4031 ,
2897 3946 3313 4038 καταμηνυθεὶς
3348 3946 3636 4038 ἐπαφεῖναι
3673 3969 3730 4021 τὸ

2149 4057 2284 4127 πῦρ.
2336 4060 2448 4112 Καὶ
2493 4058 2559 4129 δὴ
2605 4060 2802 4128 πρῶτα
2848 4059 2951 4130 μὲν
2995 4061 3203 4130 βοείαις
3247 4061 3729 4132 κατατεινομέιαις

2151 4151 2413 4221 συχνάκις
2453 4152 2674 4223 ᾐκίζετο
2700 4169 2712 4182 ο
2755 4152 2953 4207 ἔπειτα
2999 4153 3179 4220 ξύλοις
3225 4156 3319 4209 καὶ
3365 4155 3621 4227 ῥοπάλοις
3662 4155 3730 4206 τὰ

2148 4243 2285 4298 ὀστᾶ
2322 4244 2620 4298 συνεθλᾶτο
2644 4260 2660 4275 ο
2694 4242 2878 4310 ὄνυξιν
2916 4246 3012 4299 ἐπὶ
3044 4247 3259 4309 τούτοις
3293 4246 3360 4300 τὰ
3407 4247 3544 4317 μέλη
3586 4245 3728 4311 ἐξαί-

2150 4355 2307 4403 νετο,
2346 4338 2590 4408 πλευρὰς
2623 4357 2684 4393 τε
2722 4340 2816 4394 καὶ
2853 4340 3086 4411 παρειάς
3111 4356 3125 4369 ·
3162 4339 3316 4403 τέλος
3354 4338 3565 4409 πυρσὸν
3596 4341 3726 4394 ἀναο

2152 4431 2357 4501 φθέντα
2390 4432 2640 4486 κάτωθεν
2674 4433 2990 4502 ὑπεδέχετο.
3027 4433 3116 4497 Ὦς
3144 4433 3203 4488 δὲ
3239 4432 3408 4504 μηδὲν
3437 4426 3577 4488 εἶναι
3605 4434 3728 4486 διω-

2156 4525 2415 4595 μολόγει,
2457 4527 2600 4597 μετὰ
2635 4530 2733 4592 τὰς
2771 4529 3073 4599 είρημένας
3111 4528 3383 4599 βασάνους
3416 4529 3481 4599 τῇ
3518 4526 3732 4599 φρουρᾷ

447 4619 684 4674 maxillae
716 4619 973 4682 concisze,
1007 4628 1292 4689 postremo
1321 4620 1595 4677 ﬂammam
1631 4638 1919 4678 accensam
1954 4628 2037 4678 in-

2147 4617 2537 4684 κατεκλείετο,
2577 4619 2674 4673 καὶ
2707 4620 2881 4673 ταῦτα
2915 4618 3036 4684 νέος
3074 4622 3171 4674 καὶ
3203 4619 3537 4690 άπαλόχρως
3573 4617 3731 4688 μάλιο

444 4710 666 4765 ferioris
718 4710 972 4779 corporis
1013 4710 1269 4781 partibus
1317 4715 1365 4769 is
1415 4714 1655 4783 excepit.
1711 4715 1891 4784 Atque
1941 4716 2034 4771 ιιδί

444 4804 586 4857 nihil
635 4812 720 4856 est
751 4803 1064 4868 confessus,
1107 4815 1226 4872 post
1261 4820 1358 4861 eos
1405 4807 1498 4876 qui
1553 4805 1684 4859 dicti
1729 4818 1860 4861 sunt
1908 4823 2037 4861 cru-

445 4896 623 4950 ciatus
651 4897 914 4950 custodia:
939 4896 1191 4955 inclusus
1220 4908 1326 4964 est,
1351 4914 1477 4954 cum
1506 4899 1729 4969 juvenis
1754 4910 1809 4955 cl
1843 4910 2038 4956 tenero

448 4987 686 5041 niaxime
719 5001 952 5057 corpore
986 4999 1153 5043 esset.
1189 4988 1293 5043 Ubi
1326 4989 1496 5043 etiam
1533 4991 1808 5059 correptis
1848 5000 2040 5060 putre-

445 5079 578 5135 dine
603 5078 893 5141 membris.
932 5080 1084 5136 brevi
1116 5081 1284 5135 vitam
1317 5079 1479 5135 finiit.
1509 5081 1715 5137 Verum
1747 5082 2040 5138 enimvero

445 5187 611 5243 grave
653 5172 788 5227 mihi
827 5188 935 5229 non
972 5174 1165 5239 fuerit,
1200 5174 1479 5227 somnium
1516 5191 1738 5245 quoque
1773 5177 1921 5246 quod
1971 5178 2039 5231 de

445 5282 512 5320 eo
538 5264 763 5334 accidit,
799 5264 1049 5319 historize
1085 5263 1218 5317 huic
1250 5272 1517 5320 attexcre.
1553 5266 1760 5321 Sisinio
1798 5281 2039 5336 namque

445 5362 705 5430 episcopo
740 5356 1045 5415 dormienti
1079 5358 1341 5412 assistere
1402 5357 1552 5413 visus
1579 5366 1665 5413 est
1693 5360 1779 5414 vir
1813 5361 2037 5427 quidam

445 5454 623 5507 forma
654 5463 711 5508 et
742 5452 1082 5521 proceritate
1117 5449 1339 5513 illustri,
1378 5450 1569 5504 habitu
1605 5451 1769 5505 etiam
1802 5451 2039 5506 honesto

444 5555 500 5597 et
530 5546 721 5615 gravi,
757 5543 823 5595 ad
861 5549 1107 5597 sanctam
1146 5542 1404 5597 sacriﬁcii
1438 5558 1625 5609 aram,
1664 5543 1852 5611 templi
1887 5544 2035 5612 quod

447 5636 730 5707 Stephano
758 5636 1149 5705 protomartyri
1181 5636 1427 5691 dicatum
1450 5645 1555 5689 est.
1583 5634 1748 5708 4,00
1776 5633 2042 5690 Conster-

447 5741 571 5783 nata
606 5746 739 5784 vcro
779 5728 1151 5785 admiratione
1201 5738 1383 5783 mente
1415 5744 1542 5782 eum
1591 5745 1713 5783 esse
1759 5732 2039 5800 apparuit,

450 5824 595 5889 quod
646 5823 795 5879 viros
843 5823 1019 5877 bonos
1053 5839 1161 5876 non
1209 5822 1507 5886 invenerit,
1544 5825 1703 5895 cujus
1746 5823 1824 5876 rei
1871 5808 2044 5894 gratia

456 5920 622 5967 togam
672 5916 1141 5984 pe‘rambulaverit
1190 5916 1430 5972 urbem:
1483 5918 1534 5972 et
1585 5915 1728 5987 quod
1788 5916 1843 5971 in
1893 5926 2043 5969 lzmla

2145 4728 2246 4764 στα
2288 4711 2384 4767 ὢν.
2416 4713 2593 4766 Ὅπου
2636 4713 2701 4784 δὴ
2752 4713 3147 4767 συσσαπέντων
3190 4710 3341 4782 αὐτῷ
3380 4711 3489 4764 τῶν
3530 4710 3726 4782 μελῶν,

2143 4806 2359 4860 ἀπεϐίω
2409 4807 2550 4877 μετὰ
2602 4806 2803 4877 βραχύ.
2844 4805 2986 4874 Ἐγὼ
3035 4806 3079 4860 δ’
3109 4806 3212 4858 ούκ
3264 4805 3484 4876 ὀκνήσω
3536 4804 3631 4857 καὶ
3672 4802 3730 4854 τὸ

2146 4900 2363 4968 συμϐὰν
2397 4901 2491 4952 ἐπὶ
2524 4900 2702 4968 τούτῳ
2742 4899 2879 4967 δναρ
2913 4900 2979 4968 τῇ
3026 4902 3321 4968 συγγραφῇ
3365 4895 3725 4967 παραδοῦναι.

2144 4987 2372 5056 Σισινέῳ
2407 4970 2516 5057 γὰρ
2545 4987 2622 5058 τῷ
2655 4988 2947 5058 ὲπισκύπῳ
2981 4987 3302 5041 καθεύδοντι
3336 4989 3475 5058 ἀνήρ
3507 5005 3589 5050 τις
3618 4986 3730 5039 ἐδό-

2146 5095 2234 5132 κει
2287 5081 2695 5148 παρίστασθαι,
2752 5081 2942 5135 κὰλλει
2994 5080 3092 5136 καὶ
3143 5080 3369 5151 μεγέθει
3418 5079 3727 5150 διαφανήςο

2147 5175 2322 5244 σεμνῇ
2355 5173 2411 5226 δὲ
2446 5176 2513 5245 τῇ
2550 5172 2786 5246 ἀναϐολῇ
2826 5174 3170 5246 κεχρημένος
3206 5167 3271 5246 ἦν
3294 5214 3307 5240 ,
3348 5172 3498 5241 παρὰ
3533 5173 3593 5225 τὸ
3634 5172 3730 5224 θυ-

2147 5267 2469 5337 σιαστήριον
2498 5267 2592 5320 τοῦ
2626 5264 2732 5322 νεὼ
2754 5307 2769 5330 ,
2802 5266 2860 5331 ὃς
2893 5267 3154 5336 Στεφάνῳ
3188 5267 3371 5319 ἀνεῖτο
3405 5264 3479 5336 τῷ
3511 5281 3729 5336 sepulto-

2150 5357 2416 5428 μάρτυρι.
2456 5357 2657 5429 Ἐᾡκει
2709 5358 2768 5414 δὲ
2819 5360 3144 5431 ἀδημονεῖν,
3203 5352 3285 5413 ὅτι
3342 5357 3419 5431 μὴ
3474 5356 3735 5429 ἀνδράσιν

2146 5452 2374 5519 ἀγαθοῖς
2405 5453 2651 5524 ἐντύχοι,
2682 5454 2776 5507 καὶ
2804 5452 2980 5506 ταῦτα
3008 5452 3203 5507 τούτου
3236 5452 3398 5524 χάριν
3428 5451 3608 5505 πᾶσαν
3633 5451 3733 5519 τὴν

2150 5545 2305 5598 πόλιν
2334 5545 2742 5617 περιεληλυθὼς
2769 5562 2782 5576 ⁸
2817 5547 2911 5600 ἐπὶ
2939 5548 3133 5621 σπάνει
3162 5545 3221 5599 δέ
3249 5545 3490 5616 τοσαύτῃ
3521 5542 3735 5612 ἀνδρῶν

2147 5637 2369 5703 ἀγαθῶν
2404 5639 2565 5709 μόνον
2594 5637 2837 5708 διαφανῆ
2868 5635 3012 5691 εἶναι
3042 5637 3370 5709 Εὑτρόπιον.
3412 5635 3502 5687 Ἔν
3530 5632 3735 5703 ἐκπλή-

2153 5729 2231 5795 ξει
2264 5730 2321 5783 δὲ
2354 5730 2649 5799 γενόμενον
2677 5729 2756 5801 τῷ
2791 5731 3097 5801 καινοτέρῳ
3129 5731 3227 5796 τῆς
3260 5728 3439 5798 ὄψεως
3468 5728 3557 5780 τὸν
3589 5727 3737 5780 Σισί·

2151 5842 2284 5887 νιον,
2317 5824 2675 5891 διαναστῆναί
2710 5840 2767 5877 τε
2801 5823 3026 5888 εὐθέως,
3061 5822 3156 5876 καί
3186 5838 3295 5875 τινι
3326 5821 3434 5873 τῶν
3467 5816 3560 5873 ὑπ’
3584 5815 3733 5887 αὐτῷ

2153 5915 2544 5986 πρεσϐυτέρων
2588 5915 2645 5969 το
2689 5915 2823 5987 ὄναρ
2871 5912 3352 5986 ἐκδιηγήσασθαι,
3391 5908 3634 5966 κελεύειν
3669 5922 3731 5961 τι
