4044 6440
396 346 533 410 1018

1260 350 1859 414 ECCI.ES[ASTlC/E
1895 353 2285 413 HISTORIA!
2326 354 2466 415 LIB.
2510 352 2679 415 XIII.

3501 340 3636 401 1014
3710 386 3713 389 ι

393 479 506 530 ρων
564 460 967 530 αἰχμαλωσίας,
1005 464 1120 524 τοῖς
1157 462 1311 524 ίδίοις
1363 463 1699 519 ἀποδιδόναι.
1751 465 1959 517 Ἔκεῖσε

2072 474 2167 528 est,
2204 465 2298 535 qui
2332 466 2418 536 pie
2451 466 2556 520 sibi
2592 461 2885 519 vivendum
2917 473 3037 517 esse
3071 465 3400 514 statuerunt.
3441 474 3460 505 ι
3496 456 3641 508 Prae-

386 553 449 604 δέ
477 553 711 606 πλεῖστα
767 552 1110 608 διαϐιώσασα
1158 554 1276 624 ἔτη,
1325 555 1425 616 τὰς
1457 557 1566 608 τῶν
1631 555 1961 624 πειρασμῶν

391 643 620 713 νιφάδας
653 643 910 707 ποικίλας
931 643 1042 697 τῶν
1075 645 1311 714 θλίψεων
1351 646 1431 715 τῷ
1463 647 1599 717 πρὸς
1631 648 1763 699 Θεδν
1796 646 1959 715 ἔρωτι

390 736 660 801 γενναίως
681 737 1085 806 ὑπενεγκοῦσα,
1117 739 1209 791 τὸν
1234 741 1335 807 τῆς
1357 742 1639 809 ὑπομονῆς
1666 741 1965 810 ἀνεδήσατο

386 827 658 895 στέφανον
698 842 714 857 ⁶
742 826 770 880 ὃ
797 828 1159 897 μοναστήριον
1184 831 1241 882 ἐν
1282 832 1348 900 τῇ
1380 830 1798 886 Κωνσταντίνου
1835 846 1964 883 συν-

391 917 683 985 εστήσατο,
708 916 929 987 Μαρίνῃ
960 918 1342 972 καταλιποῦσα
1381 921 1447 989 τῇ
1484 919 1785 988 συγγενίδι,
1820 918 1965 972 ἀπα-

394 1002 672 1072 ράτρωτον
708 1003 1062 1074 ἐπισκήψασα
1084 1006 1177 1058 τὸν
1209 1003 1303 1059 τοῦ
1353 1006 1718 1075 μοναστηρίου
1765 1005 1965 1058 κανόνα

384 1094 690 1163 διατηρεῖν.
728 1095 1000 1163 Ἔγγιστα
1028 1096 1074 1149 δ’
1097 1092 1166 1168 ἦν
1197 1098 1258 1151 τὸ
1298 1099 1665 1169 μοναστήριον
1721 1096 1818 1150 τοῦ
1866 1097 1965 1166 τῆς

389 1185 551 1253 ἁγίας
571 1186 811 1257 Εἰρήνης
845 1187 940 1241 καὶ
967 1189 1066 1256 τῆς
1094 1187 1189 1241 τοῦ
1227 1188 1365 1242 Θεοῦ
1398 1189 1576 1257 Λόγου
1601 1190 1799 1257 Σοφίας
1828 1205 1966 1258 προ-

387 1279 551 1348 τέρου
592 1278 762 1347 σηκοῦ
786 1294 801 1310 °
846 1277 875 1331 ὃ
901 1279 1059 1347 λόγος
1106 1281 1396 1349 διαρκέσαι
1428 1282 1556 1350 ἄχρι
1590 1282 1688 1348 τῆς
1723 1280 1966 1343 στάσεως

389 1369 514 1437 ἥτις
543 1368 690 1423 Νίκα
716 1371 956 1439 ἐλέγετο.
1014 1372 1147 1424 Τότε
1172 1374 1231 1425 δέ
1259 1371 1357 1425 τοῦ
1405 1373 1504 1442 τῆς
1558 1372 1760 1441 Σοφίας
1817 1371 1965 1440 ἱεροῦ

390 1458 830 1530 ἐμπρησθέντος,
864 1464 1091 1517 κάκεῖνο
1123 1463 1512 1535 συνδιεφθάρη.
1557 1463 1719 1518 Ἀλλὰ
1744 1464 1839 1517 τοῦ
1871 1481 1967 1532 με·

387 1552 580 1616 γίστου
614 1552 796 1621 πολλῷ
832 1551 1061 1623 ὕστερον
1095 1553 1257 1617 αὖθις
1283 1554 1675 1623 ἀνεγερθέντος
1706 1553 1833 1618 νεὼ,
1863 1556 1965 1608 κὰ-

389 1643 539 1694 κεῖνο
591 1644 690 1713 τὴν
750 1647 1026 1714 προτέραν
1079 1646 1382 1716 εὐκοσμίαν
1442 1649 1595 1715 ἔσχε,
1639 1648 1735 1701 καὶ
1797 1650 1878 1711 εἰς
1904 1647 1967 1700 τὸ

385 1732 614 1802 ἀρχαῖον
665 1735 1012 1805 ἀποκατέστη
1074 1736 1315 1806 ἀξίωμα,
1365 1738 1601 1809 Σεργίας
1652 1739 1969 1810 ἡγουμένης

385 1824 556 1880 αὐτοῦ
581 1843 595 1856 ·
630 1827 665 1897 ἢ
696 1827 763 1896 δὴ
806 1829 1019 1882 καὶτὸν
1053 1829 1155 1898 τῆς
1198 1830 1486 1900 μακαρίας
1522 1831 1641 1901 βίον
1678 1832 1968 1903 συγγράμ-

390 1933 523 1983 ματι
553 1918 975 1983 καταλέλοιπεν,
1008 1923 1066 1974 ὲν
1103 1914 1148 1989 ᾧ
1193 1922 1258 1993 δὴ
1291 1923 1386 1975 καὶ
1444 1921 1605 1976 τοῦτο
1643 1922 1969 1992 ἰστορούσης

386 2008 534 2061 ἔστιν
587 2010 811 2063 ἀκούειν
833 2050 848 2075 ,
883 2012 960 2076 ὡς
993 2013 1117 2065 ἐπεὶ
1148 2015 1215 2066 ἐν
1260 2014 1602 2086 Νικομηδείᾳ
1633 2016 1666 2084 ἡ
1698 2014 1820 2069 ὁσία
1854 2016 1972 2069 ἐτε-

386 2101 554 2156 λεύτα
591 2103 927 2173 Ὀλυμπιὰς,
984 2108 1116 2177 πρὶν
1147 2106 1376 2178 ἢτάφος
1419 2108 1593 2178 αὐτὴν
1624 2109 1966 2175 ὑποδέξαιτο,

386 2193 464 2263 τῷ
490 2194 609 2247 τότε
637 2196 926 2266 ίερατικῶς
953 2196 1316 2270 ἐξηγουμένη)
1342 2200 1440 2270 τῆς
1462 2201 1810 2272 Νικομήδους
1833 2202 1968 2274 δναρ

370 2288 700 2356 ἐφίσταται,
735 2293 796 2345 τὸ
825 2292 1008 2361 τίμιον
1043 2292 1301 2364 λείψανον
1334 2294 1714 2366 γλωσσοκόμῳ
1744 2295 1969 2366 ἐνθέμε-

387 2399 500 2443 νον,
530 2383 607 2451 τῷ
644 2382 792 2453 βυθῷ
838 2386 1131 2454 ἐπαφεῖναι
1171 2402 1184 2416 ⁶
1219 2388 1357 2441 ὅπου
1405 2388 1452 2442 δ’
1479 2388 1547 2440 ἂν
1578 2390 1759 2442 ἐκεῖνο
1790 2390 1968 2463 σχάσῃ

386 2473 482 2526 τὸν
507 2475 694 2541 πλοῦν,
752 2478 871 2531 ἐκεῖ
899 2480 1081 2531 καὶτὸ
1135 2478 1298 2548 σῶμα
1329 2480 1426 2549 τῆς
1457 2480 1611 2543 ὁσίας
1649 2481 1964 2545 καταξιοῦν.

393 2564 503 2621 Καὶ
529 2570 590 2623 τὸ
648 2570 749 2641 μὲν
809 2572 1056 2639 ἑγίνετου
1091 2573 1292 2642 ἔφθανε
1333 2576 1391 2629 δέ
1415 2576 1515 2647 τὴν
1540 2577 1837 2647 παραλίαν,
1872 2572 1905 2650 ᾖ
1939 2580 1966 2632 ὁ

386 2659 483 2713 τοῦ
514 2661 815 2717 ἀποστόλου
843 2664 1020 2734 Θωμᾶ
1048 2668 1184 2729 νεὼς
1216 2666 1432 2735 ἵδρυται
1458 2685 1471 2699 ⁸
1526 2669 1757 2738 Βρόχοοι
1793 2672 1965 2739 ἐγχωο

326 2774 333 2779 σ
389 2751 521 2820 ρίως
560 2754 588 2806 ό
619 2756 782 2821 τόπος
816 2758 1160 2829 ὠνόμασται.
1194 2761 1367 2814 Ἔνθα
1396 2761 1519 2834 θείᾳ
1552 2763 1675 2833 ὄψει
1727 2764 1967 2828 ἐξιόντες

386 2846 435 2899 οἰ
462 2846 553 2899 τὸν
584 2849 750 2902 τόπον
806 2851 1112 2916 οἰκοῦντες,
1165 2854 1228 2908 τὸ
1265 2855 1413 2925 ἱερὸν
1450 2857 1668 2928 ἐκείνης
1721 2858 1860 2928 πρὸς
1889 2858 1967 2928 τῷ

388 2936 520 3007 ἰερῷ
541 2938 919 3012 θυσιαστηρίῳ
939 2943 1234 2997 κατέθεντο
1258 2945 1536 3014 λείψανον,
1556 2945 1771 3016 μυρίων
1794 2946 1968 3000 νόσων

387 3026 689 3100 θεραπείας
735 3033 1097 3112 αξιουμένων,
1143 3037 1422 3107 δαιμόνων
1478 3039 1961 3107 ἀπελαυνομένων,

2067 556 2242 611 fectus
2295 567 2587 624 postquam
2642 551 2937 616 intellexit,
2997 548 3317 620 persuaderi
3367 560 3527 609 eam,
3582 551 3643 597 ut

2065 662 2192 700 cum
2233 647 2481 702 Ecclesia
2515 644 2974 705 communicaret,
3007 657 3116 696 non
3151 654 3333 710 posse,
3377 648 3490 691 tum
3523 634 3642 704 qui-

2069 737 2193 792 dem
2255 738 2346 792 ille
2397 754 2517 799 eam
2567 738 2866 793 advocatos
2916 733 3022 790 sibi
3073 747 3320 803 quaerere
3368 727 3641 799 permisit.

2074 830 2196 884 Alio
2223 844 2353 883 vero
2380 840 2627 899 tempore
2660 829 2713 883 in
2739 829 2831 898 jus
2859 826 3102 889 citatam,
3134 836 3330 893 magno
3362 820 3481 875 auri
3510 833 3644 886 pon-

2066 921 2199 977 dere
2247 935 2344 990 per
2391 920 2906 975 condemnationem
2960 916 3260 979 multavit,
3313 912 3644 968 sententiam

2067 1029 2188 1067 eam
2224 1028 2403 1077 suam,
2431 1013 2501 1067 ob
2525 1026 2746 1067 causam
2776 1012 2962 1074 talem,
2996 1018 3326 1064 mutaturam
3355 1020 3474 1059 esse
3501 1003 3649 1058 arbi-

2070 1116 2269 1161 tratus.
2316 1106 2518 1161 Verum
2567 1105 2660 1159 illa
2708 1105 2826 1159 bam
2870 1120 2971 1172 pro
3021 1102 3196 1156 nihilo
3240 1100 3417 1162 duxit,
3465 1112 3647 1165 neque

2068 1198 2370 1268 quidquam
2406 1198 2473 1252 de
2507 1196 2793 1266 proposito
2825 1195 3059 1250 consilio
3090 1210 3192 1248 suo
3224 1191 3456 1246 remisit.
3500 1188 3647 1255 Quo-

2070 1290 2215 1344 circa
2245 1288 2778 1358 Constantinopolim
2811 1287 2977 1341 etiam
3010 1285 3255 1353 reliquit,
3283 1293 3338 1337 et
3362 1282 3646 1353 Cyzicum,

2069 1395 2132 1438 ut
2161 1383 2232 1438 ibi
2267 1383 2511 1454 degeret,
2539 1398 2599 1438 se
2635 1382 2894 1437 contulit.
2925 1380 3134 1435 Deinde
3164 1395 3299 1433 vero
3329 1394 3394 1433 ex
3424 1393 3490 1430 eo
3526 1377 3647 1431 loco

2069 1474 2136 1528 ad
2167 1474 2423 1528 exsilium
2469 1474 2523 1528 in
2570 1472 2946 1529 Nicomediam
2990 1470 3349 1540 Bithynorum
3378 1475 3459 1521 est
3500 1466 3654 1518 dam.-

2072 1577 2223 1621 nata.
2251 1566 2486 1622 Abunde
2518 1583 2645 1622 vero
2675 1582 2763 1620 res
2789 1564 3129 1621 necessarias
3154 1563 3348 1618 Joanni
3377 1556 3651 1614 exsulanti

2071 1658 2463 1727 suppeditavit,
2496 1658 2634 1713 adeo
2673 1667 2731 1711 ut
2764 1657 2856 1712 ille
2891 1672 2955 1712 ex
2989 1668 3053 1711 ea
3090 1653 3423 1710 liberalitate
3455 1651 3655 1705 multo-

2074 1767 2193 1804 rum
2227 1765 2447 1821 quoque
2476 1750 2719 1820 inopiam
2752 1750 3091 1812 sublevaret,
3124 1757 3181 1801 et
3212 1761 3320 1800 non
3356 1757 3561 1814 paucos
3587 1756 3655 1795 ex

2075 1842 2389 1898 Isaurorum
2436 1843 2758 1913 captivitate
2802 1843 3116 1911 redemptos
3143 1839 3260 1895 suis
3305 1842 3652 1891 restitueret.

2071 1937 2147 1993 Ibi
2195 1951 2319 1990 cum
2371 1936 2463 1990 illa
2512 1951 2690 1991 annos
2733 1935 3003 2005 plurimos
3046 1930 3439 2001 transegisset,
3490 1926 3654 2000 5,03

2076 2026 2558 2095 tentationumque
2623 2025 2894 2096 procellas
2971 2032 3026 2079 et
3080 2021 3407 2077 aﬂlictiones
3473 2019 3656 2074 varias

2069 2116 2290 2186 egregio
2347 2115 2403 2170 in
2461 2117 2634 2171 Deum
2697 2130 2889 2170 amore
2966 2113 3202 2169 fortiter
3258 2109 3653 2173 sustinuisset,

2071 2211 2353 2279 patientiae
2391 2209 2609 2263 tandem
2648 2223 2912 2263 coronam
2947 2207 3213 2276 suscepit.
3256 2202 3652 2259 Monasterium

2069 2300 2215 2370 quod
2252 2299 2732 2368 ConstantinOpoli
2781 2299 3109 2361 constituit,
3156 2295 3378 2352 Marium
3414 2301 3658 2363 cognata:

2070 2408 2185 2447 sua:
2225 2394 2568 2461 relinquens,
2608 2407 2727 2446 eam
2781 2391 3101 2445 monasterii
3141 2388 3383 2458 regulam
3423 2386 3659 2440 inviola-

2070 2491 2180 2537 tam
2208 2498 2541 2538 conservare
2570 2482 2756 2553 jussit.
2799 2482 2927 2536 Fuit
2956 2480 3010 2534 id
3060 2494 3228 2550 prope
3260 2486 3463 2534 sancta:
3500 2476 3661 2530 Pacis

2065 2591 2121 2633 et
2147 2580 2305 2634 Verbi
2336 2580 2429 2634 Dei
2448 2579 2744 2648 Sapientiae
2771 2578 3066 2648 pristinum
3098 2576 3388 2646 templum,
3409 2585 3462 2629 et
3485 2588 3660 2642 usque

2066 2673 2135 2726 ad
2170 2672 2497 2727 seditionem
2527 2687 2673 2734 eam,
2698 2687 2820 2741 quas
2849 2670 3018 2733 Νίκα,
3048 2670 3155 2724 hoc
3180 2675 3286 2735 est,
3324 2666 3496 2732 Vince,
3516 2666 3664 2720 dice-

2067 2767 2253 2831 batur,
2277 2763 2519 2820 duravit.
2542 2762 2682 2818 Tum
2704 2778 2837 2818 vero
2868 2761 3164 2834 Sapientiae
3195 2760 3400 2831 templo
3441 2767 3659 2821 exusto,

2065 2866 2125 2914 et
2168 2858 2346 2927 ipsum
2403 2853 2780 2927 conﬂagravit.
2805 2852 3076 2910 Cteterum
3124 2851 3363 2907 maxime
3393 2865 3462 2906 eo
3500 2851 3665 2919 longe

2067 2956 2190 3019 post
2220 2945 2426 3015 templo
2464 2946 2747 3009 restituto,
2780 2942 3184 2999 monasterium
3213 2941 3318 2997 hoc
3369 2940 3663 3009 pristinam

2065 3050 2286 3105 quoque
2311 3038 2524 3107 recepit
2557 3044 2932 3100 venustatem,
2952 3042 3118 3105 atque
3147 3033 3214 3087 ad
3241 3042 3485 3088 veterem
3507 3034 3669 3087 resti-

386 3122 483 3173 καὶ
538 3121 719 3176 ἄλλων
769 3128 1074 3194 τεραστίων
1130 3131 1286 3200 παρὰ
1340 3130 1499 3199 δόξαν
1554 3132 1964 3203 γεγενημένων.

2074 3136 2253 3183 tutum
2302 3140 2388 3183 est
2434 3127 2783 3199 dignitatem,
2816 3125 3006 3196 Sergia
3055 3125 3105 3181 ei
3142 3124 3510 3195 praesidente,
3544 3138 3668 3191 qua:

403 3205 711 3279 ’ἰστόρηταί
737 3229 802 3280 γε
837 3213 944 3284 μὴν
968 3216 1108 3284 μετὰ
1127 3217 1290 3270 τοῦτο
1311 3216 1503 3282 ἔθνους
1527 3220 1802 3291 ἐπιδρομῇ
1831 3239 1972 3292 συμ-

390 3304 688 3371 μετασχεῖν
742 3305 847 3374 τῆς
898 3309 1177 3377 πυρκαϊᾶς
1235 3310 1333 3365 καὶ
1384 3311 1476 3367 τὸν
1523 3313 1616 3366 τοῦ
1668 3314 1971 3370 ἀποστόλου

387 3392 551 3448 νεών.
596 3393 803 3465 Ἐγγὺς
854 3397 913 3450 δὲ
942 3402 1079 3470 πρὶς
1115 3401 1395 3456 θάλασσαν
1441 3404 1539 3458 τοῦ
1570 3404 1830 3476 λειψάνου
1856 3425 1972 3460 κει-

391 3488 581 3555 μένου,
610 3488 669 3541 τὸ
698 3488 800 3557 μὲν
830 3491 1214 3563 γλωσσόκομον
1244 3494 1497 3566 δαπάνην
1518 3496 1597 3568 τῷ
1650 3499 1788 3563 πυρὶ
1817 3500 1975 3567 γενέ-

391 3580 540 3646 σθαι,
566 3583 636 3636 τὰ
665 3582 723 3637 δέ
752 3600 818 3652 γε
847 3585 1083 3656 λείψανα
1109 3590 1222 3652 τοῖς
1250 3588 1563 3654 θαλαττίοις
1593 3591 1974 3663 παριῤῥίφθαι

392 3673 596 3745 ῥοθίοις
627 3690 643 3707 ⁶
682 3677 817 3731 ὅπου
873 3677 920 3731 δ’
959 3681 1148 3734 ἐκεῖνα
1195 3682 1432 3749 γένοιτο,
1493 3683 1736 3754 ὕφαιμον
1786 3686 1974 3739 καὶτὸ

391 3768 534 3840 ὕδωρ
588 3770 976 3837 καθίστασθαι,
1028 3773 1235 3828 ὡσανεὶ
1286 3776 1703 3848 ἐνδεικνυμένου
1750 3778 1887 3833 Θεοῦ
1914 3781 1977 3833 τὸ

388 3863 485 3933 τῆς
509 3864 809 3933 ὁμολογίας
849 3865 1035 3940 ἐκείνῃ
1096 3867 1428 3938 μαρτύριον.
1482 3871 1713 3942 Σεργίου
1736 3872 1800 3944 δὴ
1825 3890 1979 3944 τηνιο

390 3956 567 4009 καῦτα
596 3959 1094 4029 πατριαριοῦντος,
1128 3960 1385 4033 Ἰωάννην
1421 3964 1638 4033 πέμψαι
1671 3965 1978 4035 πρεσϐύτε-

395 4064 521 4120 ρον·
555 4049 650 4103 καὶ
678 4050 748 4103 τὰ
785 4050 907 4120 ιερὰ
936 4052 1155 4123 ἐκείνης
1186 4054 1593 4126 ἁναλεξάμενον
1627 4058 1876 4127 λείψανα,
1898 4059 1978 4129 τῷ

391 4142 560 4213 αὐτῆς
589 4144 947 4214 μοναστηρίῳ
971 4144 1234 4212 ἐνθεῖναι,
1263 4147 1425 4217 ὅπερ,
1444 4146 1518 4210 ὡς
1542 4148 1782 4218 εἴρηται,
1806 4153 1979 4220 μέσον

389 4237 510 4289 ταῖν
535 4237 682 4290 δυοῖν
730 4235 1058 4306 ἐκκλησίαιν
1119 4238 1223 4311 τῆς
1276 4240 1480 4307 Σοφίας
1517 4257 1578 4293 τε
1614 4244 1707 4295 καὶ¹
1736 4244 1978 4313 Εἰρήνης

388 4330 801 4401 ἀνῳκοδόμησε.
827 4330 1133 4384 Διετείνετο
1170 4331 1230 4384 δὲ
1265 4334 1294 4385 ὁ
1327 4332 1630 4403 εἰρημένος
1673 4335 1978 4405 πρεσϐύτε-

392 4439 508 4492 ρος,
542 4424 621 4486 ὼς
653 4417 764 4476 εἶδε
798 4421 937 4477 πολύ
960 4441 1013 4477 τι
1047 4419 1191 4493 αἷμα
1224 4424 1580 4496 ὑπερδλύσαν
1614 4427 1817 4492 αὐτῶν,
1842 4429 1979 4497 ὁπη-

2078 3223 2247 3279 etiam
2281 3222 2457 3279 beatae
2487 3223 2655 3295 hujus
2692 3221 2914 3277 feminae
2940 3221 3108 3276 vitam
3139 3218 3511 3288 conscriptam
3540 3216 3670 3270 reli-

2074 3316 2238 3387 quit:
2286 3317 2343 3372 in
2385 3331 2496 3387 qua
2535 3315 2673 3371 illud
2704 3330 2928 3385 quoque
2970 3330 3089 3370 eam
3138 3320 3667 3395 commemorantem

2073 3412 2266 3466 audire
2341 3410 2492 3474 licet,
2542 3409 2691 3480 quod
2747 3418 3039 3479 postquam
3093 3406 3428 3462 Nicomediae
3478 3414 3672 3458 saneta

2074 3498 2358 3573 Olympias
2406 3502 2550 3557 diem
2583 3517 2747 3556 suum
2795 3501 2954 3565 obiit,
3002 3500 3327 3571 priusquam
3372 3497 3671 3568 sepultura:

2078 3594 2459 3660 mandaretur,
2498 3593 2767 3663 temporis
2796 3594 2918 3663 ejus
2947 3590 3368 3647 Nicomediensi
3394 3590 3669 3660 episcopo

2078 3684 2133 3737 in
2161 3685 2371 3739 somnis
2402 3684 2730 3757 praeceperit
2751 3723 2765 3747 ,
2810 3692 2872 3737 ut
2911 3682 3256 3738 venerandas
3285 3681 3553 3750 reliquias
3582 3695 3675 3733 ar-

2079 3775 2219 3830 culze
2258 3773 2551 3845 impositas
2584 3775 2698 3831 alto
2730 3775 2867 3830 mari
2904 3774 3298 3837 committeret,
3329 3782 3387 3827 et
3415 3787 3669 3841 quocun—

2078 3883 2187 3939 que
2220 3870 2472 3924 locorum
2516 3868 2611 3923 illa
2655 3881 2881 3924 cursum
2923 3874 3157 3931 teneret,
3191 3866 3266 3920 ibi
3307 3879 3509 3933 corpus
3551 3862 3673 3933 ejus

2079 3965 2430 4035 sepeliretur.
2491 3964 2547 4019 Id
2587 3965 2655 4020 ab
2707 3964 2973 4033 episcopo
3029 3963 3276 4026 factum,
3324 3970 3381 4017 et
3429 3974 3555 4035 arca
3600 3960 3670 4013 ad

2083 4058 2424 4112 maritimum
2458 4058 2644 4111 locum
2681 4056 2866 4111 delata
2895 4069 3000 4119 est,
3033 4056 3123 4110 ubi
3160 4054 3400 4124 apostoli
3445 4052 3673 4108 Thomas

2080 4149 2379 4203 delubrum
2436 4146 2679 4218 positum
2714 4158 2836 4203 est:
2871 4145 2939 4200 ab
2965 4145 3163 4200 incolis
3189 4145 3345 4199 locus
3372 4144 3418 4200 is
3449 4143 3670 4196 Brochti

2080 4241 2284 4296 dictus.
2332 4239 2410 4293 lbi
2446 4240 2632 4294 divina
2680 4239 2898 4293 visione
2928 4236 3199 4292 admoniti
3244 4236 3338 4306 qui
3386 4236 3669 4305 regionem

2079 4345 2203 4385 eam
2251 4330 2521 4395 incolunt,
2552 4329 2846 4393 exierunt,
2894 4338 2949 4382 et
2985 4342 3172 4382 sacras
3218 4327 3368 4381 illius
3404 4325 3672 4395 reliquias

2082 4425 2149 4478 ad
2184 4433 2433 4479 sanctam
2457 4420 2715 4478 sacrificii
2738 4436 2889 4475 aram
2917 4428 3310 4491 reposuerunt,
3337 4434 3478 4490 quas
3506 4419 3673 4473 innu-

389 4512 519 4567 νίκα
540 4513 686 4567 αὐτὰ
719 4514 1037 4581 ἀνελέγετο,
1065 4513 1200 4569 ὥσθ’
1247 4515 1624 4588 ὑπερδραμεῖν
1656 4519 1828 4573 αὑτοῦ
1882 4520 1969 4572 καὶ

2086 4514 2445 4570 tnerabilium
2484 4512 2804 4567 morborum
2838 4527 2993 4578 cura,
3023 4512 3448 4582 daemonumth
3482 4512 3675 4582 expul—

388 4603 456 4658 τὰ
485 4605 716 4671 ἔπιπλα,
758 4608 856 4662 καὶ
887 4607 1138 4661 κάτωθεν
1173 4607 1391 4680 ῥεῦσαι.
1422 4611 1503 4663 Τὰ
1535 4610 1626 4664 ῐσα
1651 4610 1707 4664 δὲ
1737 4616 1831 4665 καὶ
1862 4612 1969 4682 ἐτε-

2083 4607 2263 4672 sione,
2324 4606 2559 4675 aliisque
2618 4604 2927 4675 prodigiis,
2987 4620 3110 4668 quas
3155 4620 3323 4673 supra
3383 4605 3672 4661 hominum

390 4714 484 4767 ρος
511 4693 641 4752 εἶδε.
678 4698 899 4752 Πολλῶν
953 4700 1011 4753 δὲ
1042 4701 1492 4771 συρῤευσὰντων,
1559 4703 1767 4772 ἰάματα
1799 4707 1969 4775 napi.

2083 4699 2404 4770 opinionem
2452 4699 2531 4753 ibi
2579 4708 2712 4753 sunt
2761 4697 3035 4762 exhibita,
3085 4698 3232 4752 Deus
3263 4698 3523 4769 dignatus
3565 4708 3670 4753 est.

387 4791 515 4856 δοξα
551 4789 710 4862 ὤφθη
739 4793 1038 4862 δαιμονίων
1061 4793 1338 4848 πλείστων
1364 4794 1755 4849 ἀπελαθέντων
1776 4813 1789 4826 ·
1823 4799 1883 4852 ἓν
1916 4799 1969 4853 δὲ

2084 4793 2364 4849 Memoria:
2393 4807 2618 4864 quoque
2658 4791 2940 4861 proditum
2974 4802 3091 4852 est.
3132 4800 3321 4860 postea
3351 4793 3673 4848 incursione

386 4884 596 4938 τούτων
656 4884 993 4955 ἀστραγάλῳ
1028 4884 1293 4953 γυναικὸς
1344 4886 1666 4956 ἐμφωλεῦον
1713 4888 1969 4953 ἐξέωσεν.

2081 4888 2272 4942 hostili
2326 4886 2592 4955 templum
2647 4887 2753 4938 hoc
2794 4884 3041 4954 Apostoli
3093 4885 3379 4939 incensum
3416 4900 3581 4953 esse;
3617 4894 3675 4940 et

400 4974 561 5031 ’Δλλὰ
590 4976 831 5031 τοσαῦτα
860 4977 961 5046 μὶν
985 4976 1111 5048 περί
1138 4976 1241 5049 τῆς
1264 4980 1545 5050 μακαρίας
1583 4981 1969 5050 Ὀλυμπιάδος.

2085 4980 2233 5051 quod
2271 4978 2520 5048 reliquias
2552 4976 2670 5031 ista:
2702 4991 2875 5047 prope
2908 4975 3075 5031 maris
3108 4979 3284 5031 undas
3313 4978 3433 5033 siue
3463 4986 3671 5041 essent,

386 5085 570 5125 arcam
614 5070 839 5142 quidem
886 5072 998 5143 igni
1028 5082 1435 5144 consumptam,
1474 5074 1618 5145 ipsas
1674 5087 1855 5131 autem
1912 5079 1968 5133 in
2005 5078 2204 5134 ﬂuctus
2257 5073 2426 5128 maris
2488 5070 2763 5141 proiectas
2792 5084 2934 5126 esse.
2998 5070 3118 5136 Quo
3190 5085 3323 5124 vero
3398 5070 3522 5124 loco
3567 5070 3672 5125 illae

386 5169 567 5231 Oiant,
600 5165 807 5221 undam
836 5167 1008 5236 ipsam
1041 5176 1328 5224 cruentam
1362 5170 1701 5235 constitisse,
1731 5171 1844 5226 Deo
1875 5171 2067 5227 veluti.
2088 5170 2384 5226 exhibente
2410 5171 2670 5237 martyris
2714 5163 2866 5219 illius
2934 5162 3365 5219 confessionem.
3417 5161 3672 5232 Sergium

389 5275 556 5329 porro
578 5261 675 5331 qui
704 5272 818 5317 tum
843 5263 1214 5332 patriarcham
1245 5265 1436 5335 gessit,
1462 5265 1733 5322 Joannem
1761 5266 2146 5337 presbyterum
2171 5279 2239 5320 eo
2263 5261 2515 5327 misisse;
2540 5273 2779 5330 eumque
2796 5273 2952 5313 sacra
2983 5256 3105 5327 ejus
3128 5272 3254 5312 ossa
3277 5257 3527 5319 collecta,
3554 5270 3672 5309 mo-

390 5359 637 5414 nasterio
667 5358 819 5413 illius
848 5359 1129 5427 intulisse,
1159 5362 1303 5433 quod
1328 5362 1443 5430 ipsa
1471 5360 1655 5430 (sicuti
1687 5360 1895 5416 dictum
1928 5361 2030 5431 est)
2099 5360 2224 5415 loco
2252 5357 2434 5413 medio
2458 5356 2600 5410 inter
2632 5354 2743 5408 duo
2767 5353 3061 5425 Sapientiae
3083 5363 3139 5407 et
3166 5352 3322 5408 Pacis
3354 5352 3552 5422 templa
3573 5368 3673 5408 ex-

399 5449 613 5505 citavit.
634 5449 927 5520 Presbyter
947 5460 1154 5517 autem,
1185 5466 1348 5521 quem
1370 5451 1632 5515 diximus,
1658 5449 2026 5513 conﬁrmavit,
2053 5464 2177 5504 cum
2209 5446 2474 5517 reliquias
2501 5460 2595 5500 eas
2621 5443 2925 5515 colligeret,
2965 5457 3212 5513 magnam
3246 5444 3357 5497 vim
3385 5445 3672 5515 sanguinis

387 5557 449 5597 se
467 5558 632 5613 super
649 5543 733 5599 eis
757 5543 1154 5600 scaturientem
1192 5544 1416 5610 vidisse,
1442 5543 1581 5599 adeo
1607 5552 1664 5598 ut
1699 5552 1908 5600 vestem
1951 5557 2169 5612 quoque
2216 5542 2338 5611 ejus
2379 5537 2688 5608 contigerit,
2722 5548 2890 5607 atque
2954 5534 3079 5590 inde
3138 5532 3455 5590 deﬂuxerit.
3505 5534 3674 5610 404

389 5636 594 5691 Eadem
662 5636 804 5693 alius
852 5655 1074 5710 quoque
1134 5639 1291 5695 vidit.
1333 5639 1555 5695 Etcum
1606 5639 1762 5695 multi
1806 5638 2145 5694 confluerent
2197 5637 2468 5701 homines,
2518 5636 2832 5691 sanationes
2903 5632 3148 5689 mirifica:
3220 5629 3484 5686 exhibitas
3542 5640 3673 5687 sunt

389 5733 734 5791 daemonibus
801 5734 1057 5806 plurimis
1104 5733 1295 5807 ejectis
1332 5752 1345 5789 :
1410 5747 1644 5803 quorum
1700 5748 1843 5787 unus
1869 5732 1979 5787 talo
2007 5731 2253 5787 mulieris
2284 5729 2575 5796 incubans,
2606 5728 2834 5783 nbat-tus
2889 5733 2991 5780 cst.
3039 5724 3162 5779 llaec
3201 5723 3267 5778 de
3299 5721 3456 5779 beata
3488 5721 3673 5793 Olytne

388 5826 577 5891 biade.
