4044 6456
415 313 551 380 1015

993 444 1222 505 CAPUT
1253 448 1420 509 XXV.

421 528 491 582 De
532 538 933 592 conversatione
976 550 1026 593 ct
1073 543 1182 595 vita
1212 554 1415 602 sanctae
1460 547 1728 606 Niraretae
1765 548 2010 604 Nicome-

1111 614 1330 669 diensis.

486 717 659 771 Erant
699 730 885 776 autem
924 726 1046 780 alia:
1096 744 1323 799 quoque
1357 732 1547 802 plures
1597 735 1793 790 eodem
1837 752 2004 792 cursu

410 826 536 865 rum
581 812 672 867 illa
718 820 1146 884 concertantes,
1201 826 1511 895 eaiemque
1570 842 1700 897 erga
1742 845 2005 900 magnum

408 900 623 957 Patrem
670 906 945 964 charitale
989 910 1289 982 ﬂagrantes
1338 932 1352 968 :
1400 934 1638 987 quarum
1688 937 1797 975 una
1860 923 2005 979 bona

406 994 709 1051 admndum
761 1000 886 1063 fuit,
935 1003 1191 1083 Nicareta
1240 1008 1473 1080 Bithyna
1535 1012 1668 1083 (l),
1721 1013 2004 1072 nobilibus

405 1086 644 1140 maxime
713 1093 1044 1159 parentibus
1082 1082 1256 1166 apud
1321 1082 1786 1159 Nicomedienscs
1856 1117 2002 1160 orla.

403 1173 591 1233 Gt'lllls
631 1180 681 1234 ei
714 1184 1041 1248 praeclarum
1070 1198 1191 1242 erat
1246 1206 1260 1241 :
1301 1202 1567 1260 perpetua
1606 1209 1738 1249 vero
1769 1196 2002 1266 virgini-

402 1278 514 1323 tate
555 1282 613 1326 et
654 1274 866 1343 reliqua
911 1278 1038 1333 vitae
1088 1281 1298 1338 virtute
1343 1285 1506 1339 valde
1579 1287 1817 1340 celebris
1872 1289 1999 1343 fuit.

403 1359 568 1415 Fastu
624 1379 856 1432 prorsus
902 1372 1101 1438 caruit,
1158 1373 1473 1430 humilitate
1533 1376 1677 1430 inter
1732 1394 1827 1433 cas
1879 1396 2002 1448 qua:

403 1451 552 1508 idem
616 1458 865 1514 studium
939 1458 1342 1534 Sequebantur,
1400 1470 1680 1539 precipue
1743 1472 2000 1543 insignis.

404 1544 673 1603 Ordinem
725 1550 780 1604 iu
834 1555 1110 1622 moribus,
1140 1574 1398 1614 sermone
1435 1571 1488 1615 et
1520 1563 1628 1616 vita
1675 1566 2000 1633 quotidiana

403 1641 676 1696 servarit.
716 1643 826 1698 lies
860 1646 1132 1705 humanas
1164 1651 1232 1705 ad
1277 1662 1515 1708 mortem
1565 1670 1743 1726 usque
1790 1658 2000 1717 divinis

403 1733 752 1800 posthabuit.
808 1739 888 1791 Ad
937 1739 1331 1798 fortitudinem
1400 1762 1626 1817 quoque
1689 1753 1995 1821 composita

402 1822 532 1888 fuit,
579 1833 635 1878 et
684 1841 871 1883 rerum
922 1829 1282 1889 difﬁcultates
1326 1834 1589 1892 facillime
1634 1842 1886 1908 pertulit.
1929 1843 1998 1898 Et

403 1915 549 1984 quod
583 1918 794 1974 divitia:
828 1923 1017 1978 multa:
1049 1926 1101 1980 ei
1134 1925 1333 1981 ablatae
1362 1940 1571 1997 essent,
1607 1947 1719 1986 non
1750 1948 1895 2005 aegre
1944 1936 1997 1991 ei

406 2011 516 2063 fuit
562 2026 579 2065 :
609 2019 777 2082 atque
817 2031 884 2069 eo
926 2018 1075 2087 quod
1111 2019 1161 2073 ei
1193 2034 1260 2074 ex
1301 2021 1408 2076 illis
1443 2023 1720 2093 reliquum
1745 2024 1852 2081 fuit
1881 2027 2007 2082 exi-

402 2117 571 2171 gnum
605 2103 931 2169 admodum.
973 2110 1182 2180 eptime
1222 2111 1603 2179 dispensaudo
1652 2114 1719 2169 ad
1746 2120 1994 2174 necessi-
2034 2142 2041 2150 ·

402 2206 570 2251 tatem
606 2207 690 2253 est
721 2215 856 2266 usa;
894 2217 1020 2256 cum
1047 2204 1274 2274 quidem
1306 2205 1374 2260 ad
1404 2208 1633 2264 multam
1670 2214 1997 2281 pervenerit

399 2298 771 2357 senectutem,
822 2293 1061 2365 aliisque
1087 2297 1255 2352 etiam
1282 2298 1598 2355 liberaliter
1632 2303 1994 2373 impertierit.

398 2380 468 2433 Et
515 2396 639 2436 cum
688 2386 975 2440 munditiae
1014 2388 1265 2443 studiosa
1308 2401 1480 2455 esset,
1524 2394 1772 2448 remedia
1821 2396 1994 2450 etiam

396 2478 619 2545 egregia
646 2480 1093 2549 promptitudine
1115 2483 1393 2549 condidit,
1423 2485 1491 2538 ad
1525 2486 1810 2541 variorum
1846 2503 1996 2543 mor-

398 2566 601 2621 borum
634 2586 794 2625 usum
826 2575 1146 2637 commoda,
1181 2592 1305 2645 quae
1334 2579 1589 2647 plurimis
1628 2585 1852 2652 {egrotis
1897 2582 1996 2638 de-

397 2657 505 2725 dit,
537 2663 631 2731 qui
674 2662 814 2718 nihil
855 2666 985 2736 opis
1012 2677 1069 2722 et
1096 2669 1399 2741 adiumenti
1436 2687 1466 2725 a
1493 2674 1782 2729 consuetis
1825 2674 2000 2730 medi-

398 2755 483 2808 cis
580 2760 846 2813 retulere.
910 2758 1201 2817 Diviuiore
1285 2763 1435 2818 enim
1536 2766 1779 2836 quodam
1856 2779 1996 2824 nutu

399 2861 768 2920 quascunque
819 2856 1224 2924 aggrederetur
1277 2874 1386 2923 res,
1423 2858 1589 2915 linem
1639 2861 1846 2916 bonum
1892 2863 1998 2918 illae

398 2941 718 3011 capiebant.
754 2946 956 3016 Atque,
1001 2955 1061 3002 ut
1093 2951 1147 3004 in
1185 2966 1403 3019 summa
1431 2953 1635 3019 dicam,
1669 2971 1725 3009 tn
1773 2954 1998 3015 feminis

1649 332 2074 397 NICEPHORI
2114 335 2458 404 CALLISTI

2030 450 2086 512 Δ

3564 344 3699 412 1016
3760 411 3771 419 .

2720 467 2762 519 Κ
2776 467 2963 520 ΕΦΛΑ.
3000 467 3041 519 Κ
3054 467 3131 523 Ε’.

2114 550 2258 620 Περὶ
2286 551 2397 620 τῆς
2427 557 2744 619 πολιτείας
2776 559 2873 612 καί
2909 557 3149 625 ἀγωγῆς
3176 556 3287 625 τῆς
3319 556 3495 624 ὁσίας
3523 555 3701 613 Νικα-

2456 627 2644 694 ρέτης
2669 626 2781 696 τῆς
2807 629 2874 682 ἐκ
2899 628 3320 697 Νικομηὸεἰας.

2187 735 2389 788 Πολλαὶ
2417 736 2473 790 δὲ
2506 739 2600 792 καὶ
2654 739 2815 792 ἄλλαι
2840 734 2981 811 ἦσαν
3011 739 3103 793 τὸν
3130 739 3250 793 ίσον
3276 738 3466 809 ἐκείνῃ
3497 736 3700 807 δρόμον

2110 822 2624 894 ἀνθαμιλλώμεναι,
2663 829 2864 898 ἐπίσης
2918 845 2979 880 τε
3008 826 3105 882 καὶ
3127 827 3190 880 τὸ
3242 826 3466 896 φίλτρον
3494 823 3569 894 τῷ
3599 840 3700 894 με-

2111 913 2265 982 γάλῳ
2298 918 2471 986 Πατρὶ
2509 920 2845 987 τρέφουσαν
2883 912 2959 972 ὧν
3019 918 3120 988 μία
3149 918 3251 971 καλ⁸
3282 915 3464 985 ἁγαθὴ
3492 915 3613 969 λίαν
3638 916 3699 969 ἐν

2109 1006 2342 1071 ταύταις
2363 1005 2429 1079 ἦν
2459 1011 2552 1064 καὶ
2582 1012 2865 1082 Νικαρέτη
2893 1012 2925 1079 ἡ
2952 1011 3157 1081 Βιθυνή
3182 1026 3197 1041 θ
3226 1008 3564 1080 εὐπατρίδης
3594 1006 3697 1077 μὲν

2108 1096 2273 1167 εἴπερ
2303 1116 2387 1163 τις
2440 1103 2594 1170 παρὰ
2623 1100 2999 1170 Νικομηδεῦσι
3022 1116 3036 1129 ⁸
3095 1101 3257 1169 γένος
3291 1099 3346 1154 δὲ
3378 1100 3515 1167 αὐτῇ
3544 1114 3700 1169 περι-

2107 1191 2336 1259 δόητον·
2388 1193 2482 1245 ἐπὶ
2539 1193 2597 1246 δὲ
2623 1193 2786 1263 ἀϊδίῳ
2842 1191 3137 1263 παρθενίᾳ,
3170 1191 3263 1246 καὶ
3289 1193 3357 1262 τῇ
3388 1191 3553 1259 λοιπῇ
3602 1188 3697 1243 τοῦ

2108 1279 2226 1348 βίου
2263 1282 2455 1353 ἀρετῇ,
2492 1284 2615 1337 λίαν
2647 1284 2966 1353 εὐδόκιμος.
2996 1281 3341 1352 Ἀτυφοτάτη
3370 1284 3429 1336 δὲ
3458 1280 3577 1334 λίαν
3626 1275 3697 1352 ἦν

2103 1376 2214 1427 τῶν
2251 1377 2375 1429 ὃςαι
2405 1379 2618 1448 σπουδῇ
2650 1377 2881 1450 τοιαύτη
2909 1377 3097 1431 ἰδίων.
3160 1373 3431 1430 Τέτακτο’
3465 1373 3523 1428 δὲ
3558 1372 3697 1443 αὐτῇ

2103 1470 2203 1523 καὶ
2235 1464 2366 1540 ἦθος
2400 1472 2494 1525 καὶ
2526 1471 2687 1539 λόγος
2721 1472 2820 1524 καὶ
2867 1472 3078 1525 δίαιτα.
3110 1469 3194 1523 Τὰ
3224 1470 3281 1523 δὲ
3311 1467 3448 1523 Θεοῦ
3470 1466 3564 1521 καὶ
3595 1466 3696 1536 μὲ-

2103 1579 2196 1634 χρι
2234 1562 2473 1616 θανάτου
2501 1567 2781 1634 προετίμα
2811 1562 2925 1617 τῶν
2958 1561 3342 1634 ἀνθρωπίνων.
3375 1556 3486 1613 Ἦν
3507 1558 3563 1612 δὲ
3599 1557 3697 1611 καὶ

2103 1655 2279 1719 ἄλλως
2323 1655 2485 1725 ἱκανὴ
2510 1657 2651 1726 πρός
2672 1673 2731 1708 τε
2762 1657 2993 1727 ἀνδρίαν
3029 1656 3124 1708 καὶ
3156 1655 3489 1726 δυσχέρειαν
3517 1666 3697 1722 πραγο

2108 1748 2295 1816 μάτων
2336 1750 2514 1818 ῥᾷστα
2578 1750 2951 1817 ὑπενεγκεῖν·
3014 1748 3109 1802 καὶ
3161 1748 3304 1818 μήτε
3336 1745 3436 1816 τὴν
3494 1743 3697 1814 πολλὴν

2103 1842 2432 1910 περιουσίαν
2455 1841 2827 1914 ἀφῃρημένην
2854 1840 3126 1911 ἄχθεσθαι
3146 1857 3159 1872 ·
3193 1840 3264 1894 τά,
3290 1856 3351 1892 τε
3378 1837 3695 1907 περιλειπό-

2106 1951 2243 2004 μενα
2263 1934 2604 2002 ὀλίγαιπάνυ
2634 1934 2879 2006 ἀρίστως
2903 1933 3324 2004 οἰκονομοῢσαν,
3372 1931 3481 1985 τῶν
3504 1932 3696 1997 ἐπιτη-

2100 2028 2262 2083 δείων
2298 2027 2693 2091 ὲπαπολαύειν,
2747 2028 2840 2080 καὶ
2873 2026 3028 2079 ταῦτ’
3064 2028 3148 2089 είς
3191 2025 3371 2094 γῆρας
3400 2020 3696 2092 προελθοῦ-

2102 2140 2203 2176 σαν
2236 2122 2398 2194 βαθὺ,
2435 2124 2532 2177 καὶ
2562 2121 2748 2186 ἄλλοις
2785 2122 3038 2190 ἀφθόνως
3068 2119 3435 2190 μεταδιδόναι.
3469 2116 3701 2170 Φιιλόκαο

2100 2217 2191 2279 λος
2239 2215 2296 2268 δὲ
2344 2215 2468 2269 λίαν
2512 2216 2887 2285 γεγενημένη,
2955 2213 3243 2286 προθυμίᾳ
3296 2210 3573 2280 φιλοκάλῳ
3601 2209 3698 2263 καὶ

2101 2310 2373 2380 φάρμακα
2419 2308 2915 2378 παρασκευάζειν,
2976 2307 3265 2377 ἐπιτήδεια
3324 2303 3462 2375 πρὸς
3506 2303 3695 2375 χρείαν

2100 2402 2367 2454 ποικίλων
2425 2403 2754 2471 νοσημάτων
2809 2402 3361 2469 ταλαιπωρουμένοις
3406 2396 3689 2467 ἀνδράσιν,

2100 2491 2181 2559 οἷς
2212 2496 2449 2565 ἐπήρκει
2507 2494 2621 2547 τῶν
2665 2494 2923 2563 συνήθων
2953 2491 3257 2557 πλείστοις,
3294 2490 3462 2560 μηδὲν
3490 2489 3697 2543 ἀπονα-

2104 2589 2290 2659 μένοις
2331 2589 2441 2640 τῶν
2486 2588 2709 2658 ἰατρῶν.
2779 2588 2951 2661 Ῥοπῇ
3002 2585 3112 2656 γάρ
3160 2602 3270 2638 τινι
3324 2581 3575 2653 θειοτέρςι⁴
3610 2575 3695 2641 οἷς

2100 2677 2529 2747 ἐπιχειρήσειεν,
2582 2677 2663 2739 είς
2692 2678 2933 2748 χρηστὸν
2964 2677 3187 2746 ἀπήντα.
3218 2672 3397 2735 τέλος.
3444 2672 3534 2725 Ἑν
3566 2687 3691 2723 συν-

2098 2771 2317 2840 τόμῳδ¹
2344 2772 2525 2825 εἰπεῖν
2556 2771 2681 2825 ὅσαι
2720 2770 3019 2851 σπουδαὶίιι⁷
3063 2769 3173 2822 τῶν
3204 2766 3507 2837 γυναικῶν,
3547 2764 3692 2818 οὐδε-

2105 2863 2233 2931 μίαν
2256 2862 2322 2915 ἄν
2347 2879 2429 2924 τις
2467 2862 2635 2933 ἄλλην
2666 2858 2850 2932 εὗρεν,
2886 2862 3011 2931 ἤθει
3037 2878 3096 2914 τε
3127 2862 3226 2914 καὶ
3275 2858 3569 2929 σεμνότητι
3594 2858 3690 2910 καὶ

2098 2957 2168 3024 τῇ
2199 2955 2365 3033 λοιπῇ
2418 2956 2590 3024 ἀρετῇ
2649 2955 3073 3010 ἐπιδεδωκυίαν.
3134 2951 3375 3022 Τοιαύτη
3431 2950 3489 3004 δὲ
3531 2944 3686 3016 οὖσα,

402 3047 757 3108 (ιυαξοιιηῳιθ
799 3039 945 3107 apud
1002 3056 1103 3097 nos
1152 3043 1392 3098 laudatae
1445 3044 1627 3113 fuere,
1680 3062 1791 3101 non
1830 3050 1994 3104 aliam

2103 3048 2307 3116 ὀλίγοις
2336 3043 2406 3119 ἦν
2435 3047 2719 3117 γνώριμος
2738 3063 2752 3078 ο
2796 3046 2919 3118 ἤθει
2955 3048 3065 3118 γὰρ
3092 3045 3454 3115 μετριότητος
3488 3044 3583 3125 καὶ,
3609 3045 3686 3110 τῷ

403 3131 659 3198 reperire
742 3131 852 3186 fcit
904 3134 1180 3199 moribus,
1232 3139 1528 3194 sanctitate
1585 3151 1643 3195 et
1696 3143 1999 3200 virtutibus

2109 3142 2391 3212 φιλοσόφῳ
2448 3140 2543 3194 τοῦ
2595 3142 2828 3211 τρόπου,
2863 3143 2995 3207 περὶ
3049 3136 3253 3191 πολλοῦ
3316 3133 3692 3206 ἐπετήδευετὸ

397 3221 631 3293 reliquis
661 3226 1127 3293 praestantiorem.
1162 3227 1229 3282 Et
1250 3230 1373 3284 talis
1398 3245 1526 3285 cum
1559 3244 1725 3299 esset,
1756 3250 1996 3305 perpau-

2105 3238 2394 3292 λανθάνειν
2419 3251 2433 3266 ο
2463 3236 2540 3299 ὡς
2574 3235 2713 3305 μήτε
2740 3236 2821 3298 εἰς
2848 3233 3128 3296 διακονίας
3161 3231 3384 3301 ἀξίωμα
3411 3226 3691 3300 προελθεῖν

396 3316 479 3369 cis
522 3325 718 3385 tamen
781 3326 913 3371 nota
980 3318 1108 3373 fuit.
1157 3319 1394 3390 Propter
1467 3339 1685 3378 morum
1751 3342 1996 3398 namque

396 3408 728 3462 modestiam
773 3419 829 3464 et
875 3411 1285 3469 mediocritatis
1351 3416 1627 3481 studium,
1667 3426 1729 3473 ut
1771 3421 1992 3489 lateret,

396 3502 751 3578 potissimum
805 3517 1031 3570 operam
1086 3506 1263 3573 dedit,
1290 3507 1430 3563 adeo
1461 3516 1523 3562 ut
1570 3525 1751 3580 neque
1805 3513 1994 3569 diaco-

399 3594 568 3649 nissa:
602 3594 877 3650 honorem
915 3599 1227 3669 suscipere,
1269 3617 1451 3671 neque
1494 3616 1778 3659 sacrarum
1824 3608 1994 3678 virgi—

396 3702 532 3740 num
593 3689 763 3743 coetui
832 3693 1074 3759 prmeSse
1146 3693 1409 3758 voluerit,
1476 3701 1731 3763 quamvis
1804 3699 1871 3753 ad
1935 3699 1993 3754 id

396 3782 645 3838 Joannes
703 3785 1023 3853 patriarcha
1081 3800 1206 3840 eam
1252 3800 1399 3855 saepe
1439 3787 1772 3845 cohortatus
1817 3792 1889 3846 sit
1937 3802 1994 3849 et

2105 3332 2351 3395 ἑλέσθαι,
2387 3328 2526 3383 ἀλλὰ
2553 3327 2691 3396 μηδὲ
2722 3326 2888 3397 χοροῦ
2921 3328 3219 3396 παρθένων
3248 3322 3415 3394 ιερῶν
3444 3319 3694 3390 καθηγή-

2101 3425 2327 3488 σασθαι,
2365 3425 2460 3476 καὶ
2481 3421 2657 3475 ταῦτα
2687 3420 2942 3474 Ἰωάννου
2975 3416 3071 3470 τοῦ
3115 3415 3466 3486 πατριάρχου
3494 3412 3692 3466 πολλά-

2096 3537 2183 3584 κις
2237 3520 2329 3570 ἐπὶ
2359 3514 2535 3583 τούτῳ
2587 3502 3050 3584 προτρεπομένου
3092 3511 3189 3564 καὶ
3243 3507 3687 3578 παραθήγοντος.

2097 3610 2370 3680 Τοιαύτην
2407 3608 2507 3679 μὲν
2538 3608 2633 3660 καὶ
2666 3609 2698 3676 ἡ
2740 3606 3095 3676 περιώνυμος
3136 3601 3422 3672 Νικαρέτη
3457 3597 3689 3667 ἐτύγχα-

2097 3720 2221 3761 νεν·
2252 3705 2388 3774 ἡμῖν
2421 3701 2479 3773 δὲ
2515 3700 2545 3754 6
2595 3699 2755 3769 λόγος
2811 3699 2906 3753 ἐπὶ
2949 3698 3020 3752 τὰ
3056 3695 3259 3767 συνεχῆ
3315 3694 3416 3764 τῆς
3452 3690 3691 3762 ἱστορίας

2098 3795 2384 3868 φερέσθω.

396 3876 673 3930 excitarit.
722 3870 874 3934 Talis
935 3895 1161 3950 quoque
1227 3892 1333 3934 suo
1395 3878 1571 3950 ipsius
1641 3884 1988 3954 respondens
2028 3890 2241 3947 nomini
2305 3889 2563 3946 Nicareta
2591 3883 2719 3941 fuit.
2790 3881 2899 3940 Sed
2922 3882 3103 3938 oratio
3133 3881 3295 3937 nobis
3325 3881 3393 3937 ad
3421 3879 3687 3951 reliquam

403 3974 696 4030 historiam
728 3978 943 4033 redeat.

858 4097 1023 4170 1,05
1062 4096 1293 4153 CAPUT
1336 4098 1529 4157 XXVI.

396 4191 475 4246 De
505 4172 832 4261 proft'rlione
866 4191 1099 4261 Joannis
1121 4192 1173 4244 in
1197 4190 1367 4246 locum
1388 4195 1473 4247 cui
1496 4212 1683 4252 nomen
1718 4197 1993 4256 Cucusus:

468 4260 519 4315 et
559 4260 625 4315 de
668 4265 915 4331 episcopo
943 4260 1205 4331 Adelphio
1224 4303 1237 4323 .
1267 4271 1317 4315 et
1345 4264 1409 4317 de
1440 4264 1755 4326 admirabili
1792 4272 1995 4327 uisione

468 4349 634 4404 quam
671 4334 720 4387 is
748 4334 814 4386 de
846 4332 1219 4402 Chrysostomo
1248 4336 1398 4390 vidit.

470 4448 660 4505 Fortis
706 4448 802 4504 ille
858 4446 1117 4503 veritatis
1168 4460 1550 4522 propugnator
1596 4453 1652 4508 in
1729 4445 1994 4526 oppidum

2677 4102 2932 4157 ΚΕΦΑΛ.
2984 4096 3131 4167 καθ.

2102 4199 2244 4270 Περὶ
2262 4198 2384 4271 τῆς
2412 4199 2503 4265 εις
2525 4196 2907 4271 -Κουξιουσόν
2925 4193 3211 4271 ’ἀφίξεως
3264 4187 3693 4271 ξῙωὰννοιίηὲαι

2177 4259 2286 4325 τοῦ
2312 4259 2655 4323 ἐπισκόπου
2679 4259 3038 4333 Ἀδελφίοὺ,
3083 4264 3185 4318 καί
3214 4261 3324 4329 τῆς
3349 4259 3693 4333 πωδόξου

2177 4341 2500 4407 ὀπτασίας,
2532 4336 2615 4407 ἢν
2652 4337 2754 4391 διὰ
2783 4331 2896 4390 τὸθ-
2916 4334 3352 4403 Χρυσόστομον
3378 4331 3689 4385 ἐθεάσατο.

2187 4456 2248 4510 ὐ
2282 4454 2385 4527 μὲν
2411 4453 2507 4509 οὖν
2548 4454 2653 4524 τῆς
2700 4451 2970 4522 ἀληθείας
2998 4451 3249 4520 γενναῖος
3272 4446 3582 4517 ἀγωνιστὴς
3612 4445 3693 4507 είς

396 4542 676 4599 Armeniae
714 4542 1000 4597 Cucusum
1048 4540 1325 4598 abductus
1377 4556 1480 4612 est,
1531 4546 1599 4601 ad
1660 4547 1809 4618 quod
1873 4557 1991 4605 tum

2103 4550 2161 4605 τό
2186 4549 2290 4620 τῆς
2349 4548 2648 4620 Ἀρμενίας
2703 4543 2987 4616 πολίχνιον
3034 4542 3135 4615 τὴν
3162 4541 3485 4598 Κουκουσδν
3509 4541 3690 4611 ἦγετο,

396 4638 558 4693 multi
593 4635 969 4693 excurrebant
1006 4633 1202 4692 Isauri.
1241 4638 1515 4695 Consulto
1549 4655 1684 4695 vero
1745 4643 1803 4697 id
1856 4658 2001 4712 quo-

398 4752 510 4807 que
532 4734 740 4788 factum
785 4741 940 4802 puto,
976 4738 1038 4787 ut
1068 4730 1125 4786 in
1164 4736 1465 4790 sazviorum
1496 4734 1788 4791 hominum
1818 4736 2000 4792 maui-

406 4831 513 4884 hus
566 4833 739 4891 esset,
793 4839 961 4895 quam
1013 4824 1094 4880 illi
1148 4826 1245 4897 qui
1295 4841 1427 4882 eum
1485 4841 1555 4881 eo
1608 4826 1997 4895 abduxissent,

401 4919 662 4975 fuissent.
696 4915 962 4983 Quamvis
993 4918 1048 4973 id
1082 4917 1275 4973 divina
1307 4917 1664 4988 providentia
1711 4918 1784 4973 ita
1829 4919 1996 4974 etiam

401 5012 769 5085 disposuerit,
802 5021 864 5068 ut
891 5014 1061 5069 etiam
1091 5013 1171 5068 illi
1218 5012 1316 5084 qui
1349 5013 1820 5069 veritatis'lucem
1875 5030 1992 5071 non

402 5108 702 5170 vidissent,
733 5123 832 5177 per
869 5108 1062 5177 .ipsum
1105 5121 1277 5162 manu
1328 5105 1700 5161 ducerentur.
1756 5108 1812 5161 ld
1847 5108 1996 5178 quod

403 5202 629 5258 accidit.
662 5200 949 5272 Siquidem
976 5200 1238 5257 doctrina
1266 5208 1323 5256 et
1349 5199 1513 5255 factis
1545 5199 1803 5257 miriﬁcis
1863 5203 2006 5257 mul-

407 5309 491 5352 tas
535 5297 607 5352 ibi
642 5298 791 5370 cepit
817 5306 1037 5368 gentes,
1070 5292 1367 5364 episcopos
1415 5301 1473 5348 et
1504 5290 1864 5364 presbyteros
1920 5293 2000 5348 ibi

289 5436 291 5440 Α
404 5388 674 5455 creando,
704 5399 763 5445 et
811 5403 1002 5443 sacras
1039 5386 1356 5454 Scripturas
1387 5399 1486 5440 eos
1537 5385 1815 5440 docendo.
1855 5383 1998 5440 Sed-

406 5484 555 5537 rnim
600 5482 747 5555 apud
780 5480 1046 5551 oppidum
1080 5477 1362 5534 Cucusum
1411 5476 1722 5547 Adelphius
1769 5477 1998 5547 quidam

407 5576 654 5633 Arabissi
689 5576 1011 5646 episcopus,
1037 5571 1257 5628 visione
1285 5571 1476 5627 divina
1497 5570 1842 5635 admonitus,
1867 5585 1996 5626 eum

2100 4644 2327 4698 πολλῶν
2385 4639 2650 4712 τηνικάδε
2707 4637 2873 4691 τοῦτο
2904 4634 3362 4706 κατατρεχόντων
3406 4632 3690 4702 Ὶσαύρων.

2111 4733 2404 4805 Ἐπίτηδες
2428 4726 2587 4802 οἶμαι
2618 4726 2923 4793 καὶτοῦτο,
2972 4728 3039 4780 i'v’
3071 4725 3179 4779 ὑπὸ
3208 4726 3399 4796 χερσὶν
3439 4723 3692 4796 ἀγριοτέ-

2103 4844 2227 4899 ραις
2288 4827 2401 4880 τῶν
2452 4824 2715 4903 ἀγόντων.
2765 4820 3035 4891 γένηται·
3103 4818 3208 4872 κᾶν
3267 4817 3444 4881 ἄλλως
3472 4820 3538 4887 τῇ
3574 4818 3693 4884 θείᾳ.

2101 4919 2336 4991 προνοίᾳ
2391 4917 2808 4989 διῳκονόμητοο
2876 4912 2967 4966 ἵνα
3021 4911 3231 4983 μᾶλλον
3261 4912 3356 4964 καὶ
3405 4911 3456 4962 oi
3488 4912 3562 4980 μὴ
3596 4907 3689 4960 τοῦ

2105 5015 2284 5085 φωτὸς
2313 5015 2416 5082 τῆς
2452 5010 2716 5081 ἀληθείας
2749 5010 3159 5079 μετεσχηκότες
3202 5004 3273 5058 δι’
3303 5004 3470 5060 αὐτοῦ
3506 5022 3696 5075 χειρα-

2105 5106 2442 5179 γωγηθείεν.
2482 5107 2548 5159 ’⁸0
2595 5103 2692 5157 καὶ
2725 5102 3038 5156 συνέϐαινε.
3093 5099 3224 5164 Τοῖς
3277 5117 3339 5153 τε
3374 5100 3482 5170 γὰρ
3514 5100 3691 5165 λόγοις

2103 5202 2338 5262 καὶτοῖς
2373 5197 2707 5268 παραδόξοις
2732 5197 2843 5250 τῶν
2896 5194 3080 5265 ἔργων
3131 5194 3304 5247 πολλὰ
3355 5193 3466 5247 τῶν
3512 5194 3691 5245 ἐκεῖσε

2101 5286 2277 5349 ὲθνῶν
2303 5292 2664 5364 ἐχειρώσατο,
2696 5290 3043 5361 χειροτονίας
3077 5288 3397 5340 ἐπισκόπων
3430 5287 3524 5340 καὶ
3551 5303 3691 5359 πρε-

2104 5387 2387 5457 σϐυτέρων
2412 5386 2606 5452 ποιῶν,
2648 5387 2745 5437 καὶ
2769 5382 2870 5447 τὰς
2912 5383 3069 5451 ἱερὰς
3101 5381 3439 5435 ἐκδιδάσκων
3467 5380 3691 5443 τούτους

2100 5478 2351 5549 Γραφάς.
2424 5476 2570 5529 Ἀλλ’
2631 5474 2713 5537 είς
2763 5472 2867 5543 μὲν
2903 5469 3224 5526 Κουκουσδν
3277 5467 3555 5535 Ἀδέλφιός
3605 5484 3692 5530 τις

2103 5570 2405 5633 ἐπίσκοπος
2427 5565 2764 5641 Ἀραὸισσοῦ
2790 5566 2914 5636 ὄψει
2943 5566 3057 5618 τινὶ
3083 5561 3337 5633 θειοτέρα
3369 5560 3532 5614 αὑτὸν
3553 5561 3689 5613 ὑπο-

482 5762 560 5831 (1)
595 5760 747 5817 llanc
809 5758 915 5817 sibi
982 5759 1257 5831 cegnitam
1320 5760 1663 5817 Sozomenus
1714 5755 2195 5831 ConstantinOpoli
2255 5772 2498 5830 quoque,
2551 5770 2677 5812 cum
2729 5753 2983 5826 plurimis
3041 5750 3168 5810 aliis
3230 5749 3288 5806 in
3315 5746 3680 5806 voluntarium

408 5830 664 5890 exsilium
691 5832 1014 5891 disaessissc
1041 5831 1257 5901 scribit,
1288 5833 1384 5889 lib.
1416 5850 1530 5902 vin,
1561 5847 1679 5901 cap.
1703 5830 1795 5888 25.
