  <div class='ocr_page' id='page_1' title='image "/cluster/home/n/w/nwhite01/storage/ocr_20150623/146:no.2/coo.31924054870518/516.png"; bbox 0 0 4044 6440; ppageno 0'>
   <div class='ocr_carea' id='block_1_1' title="bbox 319 349 455 410">
    <p class='ocr_par' dir='ltr' id='par_1_1' title="bbox 319 349 455 410">
     <span class='ocr_line' id='line_1_1' title="bbox 319 349 455 410; baseline 0 -1"><span class='ocrx_word' id='word_1_1' title='bbox 319 349 455 410; x_wconf 75' lang='grc'><strong>1017</strong></span> 
     </span>
    </p>
   </div>
   <div class='ocr_carea' id='block_1_2' title="bbox 320 461 578 532">
    <p class='ocr_par' dir='ltr' id='par_1_2' title="bbox 320 461 578 532">
     <span class='ocr_line' id='line_1_2' title="bbox 320 461 578 532; baseline 0.019 -19"><span class='ocrx_word' id='word_1_2' title='bbox 320 461 531 532; x_wconf 76' lang='grc' dir='ltr'>δέχεται</span> <span class='ocrx_word' id='word_1_3' title='bbox 564 482 578 496; x_wconf 81' lang='lat'><strong><em>°</em></strong></span> 
     </span>
    </p>
   </div>
   <div class='ocr_carea' id='block_1_3' title="bbox 320 555 1907 648">
    <p class='ocr_par' dir='ltr' id='par_1_3' title="bbox 320 555 1907 648">
     <span class='ocr_line' id='line_1_3' title="bbox 320 555 1907 648; baseline 0.018 -43"><span class='ocrx_word' id='word_1_4' title='bbox 320 555 635 625; x_wconf 82' lang='grc' dir='ltr'>ἀδημονεῖν,</span> <span class='ocrx_word' id='word_1_5' title='bbox 661 563 758 612; x_wconf 73' lang='grc' dir='ltr'><strong>καὶ</strong></span> <span class='ocrx_word' id='word_1_6' title='bbox 783 563 923 616; x_wconf 79' lang='grc' dir='ltr'>Θεοῦ</span> <span class='ocrx_word' id='word_1_7' title='bbox 963 565 1172 620; x_wconf 77' lang='grc' dir='ltr'>δεῖσθαι</span> <span class='ocrx_word' id='word_1_8' title='bbox 1207 571 1477 627; x_wconf 75' lang='grc' dir='ltr'>δεικνύειν</span> <span class='ocrx_word' id='word_1_9' title='bbox 1523 572 1574 628; x_wconf 77' lang='grc' dir='ltr'>οξ</span> <span class='ocrx_word' id='word_1_10' title='bbox 1606 581 1770 648; x_wconf 79' lang='grc' dir='ltr'>χοροῦ</span> <span class='ocrx_word' id='word_1_11' title='bbox 1810 583 1907 632; x_wconf 73' lang='grc' dir='ltr'>καὶ</span> 
     </span>
    </p>
   </div>
   <div class='ocr_carea' id='block_1_4' title="bbox 320 647 1904 739">
    <p class='ocr_par' dir='ltr' id='par_1_4' title="bbox 320 647 1904 739">
     <span class='ocr_line' id='line_1_4' title="bbox 320 647 1904 739; baseline 0.019 -43"><span class='ocrx_word' id='word_1_12' title='bbox 320 647 567 712; x_wconf 83' lang='grc' dir='ltr'>στάσεως</span> <span class='ocrx_word' id='word_1_13' title='bbox 595 649 806 704; x_wconf 76' lang='grc' dir='ltr'>ἐκεῖνον</span> <span class='ocrx_word' id='word_1_14' title='bbox 839 656 1016 724; x_wconf 81' lang='grc' dir='ltr'>ἠξίου.</span> <span class='ocrx_word' id='word_1_15' title='bbox 1083 661 1171 712; x_wconf 85' lang='grc' dir='ltr'><strong>Ἐν</strong></span> <span class='ocrx_word' id='word_1_16' title='bbox 1207 664 1465 719; x_wconf 76' lang='grc' dir='ltr'><strong>ἐκστάσει</strong></span> <span class='ocrx_word' id='word_1_17' title='bbox 1501 670 1556 720; x_wconf 81' lang='grc' dir='ltr'><strong>δὲ</strong></span> <span class='ocrx_word' id='word_1_18' title='bbox 1588 647 1904 739; x_wconf 76' lang='grc' dir='ltr'>γενόμενον,</span> 
     </span>
    </p>
   </div>
   <div class='ocr_carea' id='block_1_5' title="bbox 322 739 1908 833">
    <p class='ocr_par' dir='ltr' id='par_1_5' title="bbox 322 739 1908 833">
     <span class='ocr_line' id='line_1_5' title="bbox 322 739 1908 833; baseline 0.016 -41"><span class='ocrx_word' id='word_1_19' title='bbox 322 739 534 833; x_wconf 69' lang='grc' dir='ltr'>παντας</span> <span class='ocrx_word' id='word_1_20' title='bbox 571 743 672 814; x_wconf 82' lang='grc' dir='ltr'>μὲν</span> <span class='ocrx_word' id='word_1_21' title='bbox 696 745 891 813; x_wconf 78' lang='grc' dir='ltr'><strong>ἁγίους</strong></span> <span class='ocrx_word' id='word_1_22' title='bbox 928 750 1082 816; x_wconf 85' lang='grc' dir='ltr'>ἰδεῖν,</span> <span class='ocrx_word' id='word_1_23' title='bbox 1109 756 1252 808; x_wconf 82' lang='grc' dir='ltr'>κατὰ</span> <span class='ocrx_word' id='word_1_24' title='bbox 1286 758 1490 812; x_wconf 84' lang='grc' dir='ltr'>κύκλον</span> <span class='ocrx_word' id='word_1_25' title='bbox 1517 759 1717 831; x_wconf 77' lang='grc' dir='ltr'>ἐφεξῆς</span> <span class='ocrx_word' id='word_1_26' title='bbox 1746 764 1908 833; x_wconf 80' lang='grc' dir='ltr'>ἐστη-</span> 
     </span>
    </p>
   </div>
   <div class='ocr_carea' id='block_1_6' title="bbox 322 831 1908 920">
    <p class='ocr_par' dir='ltr' id='par_1_6' title="bbox 322 831 1908 920">
     <span class='ocr_line' id='line_1_6' title="bbox 322 831 1908 920; baseline 0.015 -37"><span class='ocrx_word' id='word_1_27' title='bbox 322 831 486 895; x_wconf 79' lang='grc' dir='ltr'>κὸτας</span> <span class='ocrx_word' id='word_1_28' title='bbox 507 849 524 863; x_wconf 81' lang='grc'>⁶</span> <span class='ocrx_word' id='word_1_29' title='bbox 563 835 774 890; x_wconf 80' lang='grc' dir='ltr'>ἐκεῖνον</span> <span class='ocrx_word' id='word_1_30' title='bbox 796 838 854 891; x_wconf 82' lang='grc' dir='ltr'>δὲ</span> <span class='ocrx_word' id='word_1_31' title='bbox 886 840 962 911; x_wconf 83' lang='grc' dir='ltr'>μὴ</span> <span class='ocrx_word' id='word_1_32' title='bbox 1000 841 1214 907; x_wconf 81' lang='grc' dir='ltr'><strong>τούτοις</strong></span> <span class='ocrx_word' id='word_1_33' title='bbox 1244 848 1379 918; x_wconf 77' lang='grc' dir='ltr'>ὁρᾷν</span> <span class='ocrx_word' id='word_1_34' title='bbox 1419 849 1763 920; x_wconf 71' lang='grc' dir='ltr'>ἐναρίθμιον.</span> <span class='ocrx_word' id='word_1_35' title='bbox 1788 831 1908 906; x_wconf 77' lang='grc' dir='ltr'>Δει-</span> 
     </span>
    </p>
   </div>
   <div class='ocr_carea' id='block_1_7' title="bbox 323 925 1908 1010">
    <p class='ocr_par' dir='ltr' id='par_1_7' title="bbox 323 925 1908 1010">
     <span class='ocr_line' id='line_1_7' title="bbox 323 925 1908 1010; baseline 0.015 -33"><span class='ocrx_word' id='word_1_36' title='bbox 323 925 430 988; x_wconf 91' lang='grc' dir='ltr'><strong>νῶς</strong></span> <span class='ocrx_word' id='word_1_37' title='bbox 464 927 509 978; x_wconf 83' lang='grc' dir='ltr'>δ’</span> <span class='ocrx_word' id='word_1_38' title='bbox 545 930 857 1000; x_wconf 79' lang='grc' dir='ltr'>ἀχθομένῳ.</span> <span class='ocrx_word' id='word_1_39' title='bbox 901 934 1140 1002; x_wconf 80' lang='grc' dir='ltr'>ἄγγελον</span> <span class='ocrx_word' id='word_1_40' title='bbox 1169 939 1319 1008; x_wconf 84' lang='grc' dir='ltr'>αὐτῷ</span> <span class='ocrx_word' id='word_1_41' title='bbox 1361 945 1656 1010; x_wconf 74' lang='grc' dir='ltr'>ἐπιστῆναι</span> <span class='ocrx_word' id='word_1_42' title='bbox 1677 960 1691 975; x_wconf 79' lang='grc' dir='ltr'><strong>ο</strong></span> <span class='ocrx_word' id='word_1_43' title='bbox 1725 945 1785 998; x_wconf 87' lang='grc' dir='ltr'>ὃν</span> <span class='ocrx_word' id='word_1_44' title='bbox 1814 948 1908 1000; x_wconf 74' lang='grc' dir='ltr'>καὶ</span> 
     </span>
    </p>
   </div>
   <div class='ocr_carea' id='block_1_8' title="bbox 321 1203 1908 1286">
    <p class='ocr_par' dir='ltr' id='par_1_8' title="bbox 321 1203 1908 1286">
     <span class='ocr_line' id='line_1_8' title="bbox 321 1203 1908 1286; baseline 0.016 -34"><span class='ocrx_word' id='word_1_45' title='bbox 321 1203 604 1272; x_wconf 74' lang='grc' dir='ltr'>εἰληφέναι</span> <span class='ocrx_word' id='word_1_46' title='bbox 660 1206 824 1259; x_wconf 82' lang='grc' dir='ltr'>αὐτὸν</span> <span class='ocrx_word' id='word_1_47' title='bbox 870 1211 1041 1279; x_wconf 80' lang='grc' dir='ltr'>γέρας</span> <span class='ocrx_word' id='word_1_48' title='bbox 1110 1213 1300 1283; x_wconf 79' lang='grc' dir='ltr'>ὑμνεῖν</span> <span class='ocrx_word' id='word_1_49' title='bbox 1361 1218 1454 1271; x_wconf 82' lang='grc' dir='ltr'><strong>τὸν</strong></span> <span class='ocrx_word' id='word_1_50' title='bbox 1503 1219 1662 1286; x_wconf 82' lang='grc' dir='ltr'>Θεὸν,</span> <span class='ocrx_word' id='word_1_51' title='bbox 1693 1221 1822 1275; x_wconf 79' lang='grc' dir='ltr'>ἔνθα</span> <span class='ocrx_word' id='word_1_52' title='bbox 1863 1225 1908 1276; x_wconf 83' lang='grc' dir='ltr'>δ’</span> 
     </span>
    </p>
   </div>
   <div class='ocr_carea' id='block_1_9' title="bbox 319 1295 1911 1385">
    <p class='ocr_par' dir='ltr' id='par_1_9' title="bbox 319 1295 1911 1385">
     <span class='ocr_line' id='line_1_9' title="bbox 319 1295 1911 1385; baseline 0.016 -41"><span class='ocrx_word' id='word_1_53' title='bbox 319 1295 514 1366; x_wconf 67' lang='grc' dir='ltr'>ἑκείνῳ</span> <span class='ocrx_word' id='word_1_54' title='bbox 539 1298 572 1366; x_wconf 81' lang='grc' dir='ltr'><strong>ἡ</strong></span> <span class='ocrx_word' id='word_1_55' title='bbox 600 1299 813 1364; x_wconf 79' lang='grc' dir='ltr'><strong>στάσις,</strong></span> <span class='ocrx_word' id='word_1_56' title='bbox 849 1304 948 1354; x_wconf 85' lang='grc' dir='ltr'><strong>οὐκ</strong></span> <span class='ocrx_word' id='word_1_57' title='bbox 994 1305 1206 1372; x_wconf 81' lang='grc' dir='ltr'>ἐφεῖται</span> <span class='ocrx_word' id='word_1_58' title='bbox 1237 1311 1352 1373; x_wconf 79' lang='grc' dir='ltr'>τοῖς</span> <span class='ocrx_word' id='word_1_59' title='bbox 1398 1311 1616 1376; x_wconf 78' lang='grc' dir='ltr'>πολλοῖς</span> <span class='ocrx_word' id='word_1_60' title='bbox 1662 1315 1911 1385; x_wconf 81' lang='grc' dir='ltr'>παρακύ-</span> 
     </span>
    </p>
   </div>
   <div class='ocr_carea' id='block_1_10' title="bbox 321 1389 1908 1476">
    <p class='ocr_par' dir='ltr' id='par_1_10' title="bbox 321 1389 1908 1476">
     <span class='ocr_line' id='line_1_10' title="bbox 321 1389 1908 1476; baseline 0.016 -41"><span class='ocrx_word' id='word_1_61' title='bbox 321 1400 502 1476; x_wconf 70' lang='grc' dir='ltr'>πτειν.</span> <span class='ocrx_word' id='word_1_62' title='bbox 562 1405 581 1438; x_wconf 75' lang='grc' dir='ltr'><strong>ι</strong></span> <span class='ocrx_word' id='word_1_63' title='bbox 626 1389 818 1444; x_wconf 83' lang='grc' dir='ltr'>Ἀπιθι</span> <span class='ocrx_word' id='word_1_64' title='bbox 861 1395 1065 1462; x_wconf 79' lang='grc' dir='ltr'>τοίνυν,</span> <span class='ocrx_word' id='word_1_65' title='bbox 1118 1399 1212 1450; x_wconf 77' lang='grc' dir='ltr'><strong>καὶ</strong></span> <span class='ocrx_word' id='word_1_66' title='bbox 1269 1399 1331 1452; x_wconf 82' lang='grc' dir='ltr'>τὸ</span> <span class='ocrx_word' id='word_1_67' title='bbox 1382 1401 1485 1472; x_wconf 82' lang='grc' dir='ltr'><strong>τῆς</strong></span> <span class='ocrx_word' id='word_1_68' title='bbox 1529 1405 1711 1475; x_wconf 76' lang='grc' dir='ltr'>ψυχῆς</span> <span class='ocrx_word' id='word_1_69' title='bbox 1744 1407 1908 1476; x_wconf 82' lang='grc' dir='ltr'><strong>ἄλγος</strong></span> 
     </span>
    </p>
   </div>
   <div class='ocr_carea' id='block_1_11' title="bbox 320 1470 1911 1566">
    <p class='ocr_par' dir='ltr' id='par_1_11' title="bbox 320 1470 1911 1566">
     <span class='ocr_line' id='line_1_11' title="bbox 320 1470 1911 1566; baseline 0.017 -43"><span class='ocrx_word' id='word_1_70' title='bbox 320 1470 598 1540; x_wconf 71' lang='grc' dir='ltr'>θεράπευε</span> <span class='ocrx_word' id='word_1_71' title='bbox 619 1491 634 1508; x_wconf 76' lang='grc' dir='ltr'><strong>ο</strong></span> <span class='ocrx_word' id='word_1_72' title='bbox 664 1480 727 1530; x_wconf 85' lang='grc' dir='ltr'>τὸ</span> <span class='ocrx_word' id='word_1_73' title='bbox 762 1482 872 1551; x_wconf 84' lang='grc' dir='ltr'><strong>γὰρ</strong></span> <span class='ocrx_word' id='word_1_74' title='bbox 899 1483 972 1552; x_wconf 85' lang='grc' dir='ltr'>μὴ</span> <span class='ocrx_word' id='word_1_75' title='bbox 1008 1485 1141 1556; x_wconf 80' lang='grc' dir='ltr'>ὁρᾷν</span> <span class='ocrx_word' id='word_1_76' title='bbox 1176 1504 1236 1540; x_wconf 90' lang='grc' dir='ltr'><strong>σε</strong></span> <span class='ocrx_word' id='word_1_77' title='bbox 1257 1470 1452 1543; x_wconf 83' lang='grc' dir='ltr'>τοῦτον</span> <span class='ocrx_word' id='word_1_78' title='bbox 1478 1470 1638 1546; x_wconf 25' lang='lat' dir='ltr'><strong>oft—1b.</strong></span> <span class='ocrx_word' id='word_1_79' title='bbox 1667 1470 1744 1564; x_wconf 74' lang='grc' dir='ltr'><strong>μὴ</strong></span> <span class='ocrx_word' id='word_1_80' title='bbox 1770 1470 1911 1566; x_wconf 80' lang='grc' dir='ltr'>παρ-</span> 
     </span>
    </p>
   </div>
   <div class='ocr_carea' id='block_1_12' title="bbox 319 1568 1909 1655">
    <p class='ocr_par' dir='ltr' id='par_1_12' title="bbox 319 1568 1909 1655">
     <span class='ocr_line' id='line_1_12' title="bbox 319 1568 1909 1655; baseline 0.018 -41"><span class='ocrx_word' id='word_1_81' title='bbox 319 1568 481 1631; x_wconf 83' lang='grc' dir='ltr'>εϊναι,</span> <span class='ocrx_word' id='word_1_82' title='bbox 531 1569 591 1622; x_wconf 79' lang='grc' dir='ltr'>τὸ</span> <span class='ocrx_word' id='word_1_83' title='bbox 627 1570 684 1623; x_wconf 80' lang='grc' dir='ltr'>δὲ</span> <span class='ocrx_word' id='word_1_84' title='bbox 722 1572 834 1626; x_wconf 88' lang='grc' dir='ltr'><strong>τῶν</strong></span> <span class='ocrx_word' id='word_1_85' title='bbox 887 1575 1099 1630; x_wconf 85' lang='grc' dir='ltr'>πολλῶν</span> <span class='ocrx_word' id='word_1_86' title='bbox 1131 1579 1440 1651; x_wconf 82' lang='grc' dir='ltr'>ὑπερεῖναι,</span> <span class='ocrx_word' id='word_1_87' title='bbox 1471 1585 1564 1636; x_wconf 77' lang='grc' dir='ltr'>καὶ</span> <span class='ocrx_word' id='word_1_88' title='bbox 1614 1585 1676 1638; x_wconf 84' lang='grc' dir='ltr'><strong>τδ</strong></span> <span class='ocrx_word' id='word_1_89' title='bbox 1719 1589 1909 1655; x_wconf 82' lang='grc' dir='ltr'>περιὸν</span> 
     </span>
    </p>
   </div>
   <div class='ocr_carea' id='block_1_13' title="bbox 317 1656 1910 1742">
    <p class='ocr_par' dir='ltr' id='par_1_13' title="bbox 317 1656 1910 1742">
     <span class='ocr_line' id='line_1_13' title="bbox 317 1656 1910 1742; baseline 0.009 -24"><span class='ocrx_word' id='word_1_90' title='bbox 317 1656 418 1724; x_wconf 76' lang='grc' dir='ltr'><strong>τῆς</strong></span> <span class='ocrx_word' id='word_1_91' title='bbox 442 1665 613 1730; x_wconf 69' lang='grc' dir='ltr'>τιμῆς</span> <span class='ocrx_word' id='word_1_92' title='bbox 631 1664 872 1732; x_wconf 78' lang='grc' dir='ltr'>ἐμποιεῖ.</span> <span class='ocrx_word' id='word_1_93' title='bbox 910 1686 929 1720; x_wconf 72' lang='grc' dir='ltr'><strong>ι</strong></span> <span class='ocrx_word' id='word_1_94' title='bbox 983 1670 1222 1735; x_wconf 80' lang='grc' dir='ltr'>Ἐκεῖνος</span> <span class='ocrx_word' id='word_1_95' title='bbox 1249 1673 1350 1742; x_wconf 81' lang='grc' dir='ltr'>μὲν</span> <span class='ocrx_word' id='word_1_96' title='bbox 1395 1669 1490 1728; x_wconf 83' lang='grc' dir='ltr'><strong>οὖν</strong></span> <span class='ocrx_word' id='word_1_97' title='bbox 1518 1676 1684 1730; x_wconf 81' lang='grc' dir='ltr'>αὑτὸν</span> <span class='ocrx_word' id='word_1_98' title='bbox 1714 1679 1910 1731; x_wconf 83' lang='grc' dir='ltr'>ὐποδέ-</span> 
     </span>
    </p>
   </div>
   <div class='ocr_carea' id='block_1_14' title="bbox 319 1753 1906 1842">
    <p class='ocr_par' dir='ltr' id='par_1_14' title="bbox 319 1753 1906 1842">
     <span class='ocr_line' id='line_1_14' title="bbox 319 1753 1906 1842; baseline 0.014 -40"><span class='ocrx_word' id='word_1_99' title='bbox 319 1767 476 1820; x_wconf 85' lang='grc' dir='ltr'>χεται</span> <span class='ocrx_word' id='word_1_100' title='bbox 502 1769 515 1782; x_wconf 88' lang='grc'><strong>·</strong></span> <span class='ocrx_word' id='word_1_101' title='bbox 555 1753 620 1806; x_wconf 82' lang='grc' dir='ltr'>τὰ</span> <span class='ocrx_word' id='word_1_102' title='bbox 677 1755 734 1808; x_wconf 84' lang='grc' dir='ltr'>δὲ</span> <span class='ocrx_word' id='word_1_103' title='bbox 793 1759 938 1812; x_wconf 80' lang='grc' dir='ltr'>κατὰ</span> <span class='ocrx_word' id='word_1_104' title='bbox 971 1762 1074 1830; x_wconf 85' lang='grc' dir='ltr'><strong>τὴν</strong></span> <span class='ocrx_word' id='word_1_105' title='bbox 1101 1762 1218 1816; x_wconf 79' lang='grc' dir='ltr'>ὁδὸν</span> <span class='ocrx_word' id='word_1_106' title='bbox 1258 1764 1391 1835; x_wconf 85' lang='grc' dir='ltr'>ἄλλη</span> <span class='ocrx_word' id='word_1_107' title='bbox 1419 1784 1507 1831; x_wconf 89' lang='grc' dir='ltr'><strong>τις</strong></span> <span class='ocrx_word' id='word_1_108' title='bbox 1559 1771 1840 1840; x_wconf 81' lang='grc' dir='ltr'><strong>τραγῳδία</strong></span> <span class='ocrx_word' id='word_1_109' title='bbox 1874 1771 1906 1842; x_wconf 84' lang='grc' dir='ltr'>ἤ</span> 
     </span>
    </p>
   </div>
   <div class='ocr_carea' id='block_1_15' title="bbox 320 1843 1906 1933">
    <p class='ocr_par' dir='ltr' id='par_1_15' title="bbox 320 1843 1906 1933">
     <span class='ocr_line' id='line_1_15' title="bbox 320 1843 1906 1933; baseline 0.015 -39"><span class='ocrx_word' id='word_1_110' title='bbox 320 1843 510 1896; x_wconf 81' lang='grc' dir='ltr'><strong>κακῶν</strong></span> <span class='ocrx_word' id='word_1_111' title='bbox 535 1845 703 1910; x_wconf 83' lang='grc' dir='ltr'>Ἰλιὰς</span> <span class='ocrx_word' id='word_1_112' title='bbox 727 1848 994 1920; x_wconf 79' lang='grc' dir='ltr'>ἄντικρύς</span> <span class='ocrx_word' id='word_1_113' title='bbox 1023 1856 1174 1909; x_wconf 75' lang='grc' dir='ltr'>ἐστιν</span> <span class='ocrx_word' id='word_1_114' title='bbox 1201 1873 1214 1887; x_wconf 85' lang='lat'><strong><em>°</em></strong></span> <span class='ocrx_word' id='word_1_115' title='bbox 1247 1859 1352 1912; x_wconf 87' lang='grc' dir='ltr'>ὃσα</span> <span class='ocrx_word' id='word_1_116' title='bbox 1384 1861 1496 1930; x_wconf 78' lang='grc' dir='ltr'><strong>γὰρ</strong></span> <span class='ocrx_word' id='word_1_117' title='bbox 1532 1861 1740 1933; x_wconf 80' lang='grc' dir='ltr'>ὑπέστη</span> <span class='ocrx_word' id='word_1_118' title='bbox 1768 1880 1906 1916; x_wconf 78' lang='grc' dir='ltr'>παν-</span> 
     </span>
    </p>
   </div>
   <div class='ocr_carea' id='block_1_16' title="bbox 317 1937 1906 2024">
    <p class='ocr_par' dir='ltr' id='par_1_16' title="bbox 317 1937 1906 2024">
     <span class='ocr_line' id='line_1_16' title="bbox 317 1937 1906 2024; baseline 0.014 -37"><span class='ocrx_word' id='word_1_119' title='bbox 317 1937 572 2002; x_wconf 82' lang='grc' dir='ltr'>τοδαποῖς</span> <span class='ocrx_word' id='word_1_120' title='bbox 607 1945 1003 2010; x_wconf 82' lang='grc' dir='ltr'>προσπαλαίων</span> <span class='ocrx_word' id='word_1_121' title='bbox 1039 1952 1256 2014; x_wconf 80' lang='grc' dir='ltr'><strong>κακοῖς,</strong></span> <span class='ocrx_word' id='word_1_122' title='bbox 1291 1952 1378 2013; x_wconf 86' lang='grc' dir='ltr'><strong>τίς</strong></span> <span class='ocrx_word' id='word_1_123' title='bbox 1428 1951 1496 2006; x_wconf 83' lang='grc' dir='ltr'>ἂν</span> <span class='ocrx_word' id='word_1_124' title='bbox 1533 1954 1698 2008; x_wconf 81' lang='grc' dir='ltr'>ἄλλου</span> <span class='ocrx_word' id='word_1_125' title='bbox 1724 1955 1906 2024; x_wconf 78' lang='grc' dir='ltr'>λὲγον-</span> 
     </span>
    </p>
   </div>
   <div class='ocr_carea' id='block_1_17' title="bbox 317 2033 1906 2116">
    <p class='ocr_par' dir='ltr' id='par_1_17' title="bbox 317 2033 1906 2116">
     <span class='ocr_line' id='line_1_17' title="bbox 317 2033 1906 2116; baseline 0.014 -35"><span class='ocrx_word' id='word_1_126' title='bbox 317 2047 410 2093; x_wconf 90' lang='grc' dir='ltr'><strong>τος</strong></span> <span class='ocrx_word' id='word_1_127' title='bbox 435 2033 586 2102; x_wconf 77' lang='grc' dir='ltr'>ἥδιον</span> <span class='ocrx_word' id='word_1_128' title='bbox 623 2035 656 2105; x_wconf 75' lang='grc' dir='ltr'>ἢ</span> <span class='ocrx_word' id='word_1_129' title='bbox 697 2036 1068 2110; x_wconf 83' lang='grc' dir='ltr'>ἀληθέστερον</span> <span class='ocrx_word' id='word_1_130' title='bbox 1095 2043 1440 2116; x_wconf 83' lang='grc' dir='ltr'>ἀκούσειενῆ</span> <span class='ocrx_word' id='word_1_131' title='bbox 1472 2047 1639 2100; x_wconf 83' lang='grc' dir='ltr'>αὐτοῦ</span> <span class='ocrx_word' id='word_1_132' title='bbox 1690 2051 1906 2102; x_wconf 77' lang='grc' dir='ltr'>ἐκείνου</span> 
     </span>
    </p>
   </div>
   <div class='ocr_carea' id='block_1_18' title="bbox 317 2124 1910 2214">
    <p class='ocr_par' dir='ltr' id='par_1_18' title="bbox 317 2124 1910 2214">
     <span class='ocr_line' id='line_1_18' title="bbox 317 2124 1910 2214; baseline 0.013 -38"><span class='ocrx_word' id='word_1_133' title='bbox 317 2124 719 2195; x_wconf 77' lang='grc' dir='ltr'>διηγουμένου;</span> <span class='ocrx_word' id='word_1_134' title='bbox 756 2130 851 2183; x_wconf 71' lang='grc' dir='ltr'>καὶ</span> <span class='ocrx_word' id='word_1_135' title='bbox 900 2132 1078 2186; x_wconf 80' lang='grc' dir='ltr'>ταῦτα</span> <span class='ocrx_word' id='word_1_136' title='bbox 1113 2137 1223 2206; x_wconf 79' lang='grc' dir='ltr'><strong>γὰρ</strong></span> <span class='ocrx_word' id='word_1_137' title='bbox 1255 2138 1287 2207; x_wconf 80' lang='grc' dir='ltr'>ἡ</span> <span class='ocrx_word' id='word_1_138' title='bbox 1319 2139 1498 2208; x_wconf 83' lang='grc' dir='ltr'>χρυσῆ</span> <span class='ocrx_word' id='word_1_139' title='bbox 1533 2139 1755 2207; x_wconf 87' lang='grc' dir='ltr'>γλῶττα</span> <span class='ocrx_word' id='word_1_140' title='bbox 1785 2142 1910 2214; x_wconf 78' lang='grc' dir='ltr'>ἄρι-</span> 
     </span>
    </p>
   </div>
   <div class='ocr_carea' id='block_1_19' title="bbox 319 2221 1909 2307">
    <p class='ocr_par' dir='ltr' id='par_1_19' title="bbox 319 2221 1909 2307">
     <span class='ocr_line' id='line_1_19' title="bbox 319 2221 1909 2307; baseline 0.013 -37"><span class='ocrx_word' id='word_1_141' title='bbox 319 2234 421 2270; x_wconf 85' lang='grc' dir='ltr'><strong>στα</strong></span> <span class='ocrx_word' id='word_1_142' title='bbox 449 2222 546 2272; x_wconf 76' lang='grc' dir='ltr'><strong>καὶ</strong></span> <span class='ocrx_word' id='word_1_143' title='bbox 575 2221 651 2284; x_wconf 84' lang='grc' dir='ltr'>ὡς</span> <span class='ocrx_word' id='word_1_144' title='bbox 689 2225 860 2295; x_wconf 79' lang='grc' dir='ltr'>ἐχρῆν</span> <span class='ocrx_word' id='word_1_145' title='bbox 910 2226 1182 2299; x_wconf 76' lang='grc' dir='ltr'>διεξῆλθε.</span> <span class='ocrx_word' id='word_1_146' title='bbox 1214 2230 1590 2303; x_wconf 84' lang='grc' dir='ltr'>Κωνσταντίῳ</span> <span class='ocrx_word' id='word_1_147' title='bbox 1622 2235 1734 2306; x_wconf 79' lang='grc' dir='ltr'><strong>γὰρ</strong></span> <span class='ocrx_word' id='word_1_148' title='bbox 1771 2255 1909 2307; x_wconf 81' lang='grc' dir='ltr'>πρε-</span> 
     </span>
    </p>
   </div>
   <div class='ocr_carea' id='block_1_20' title="bbox 321 2311 1903 2401">
    <p class='ocr_par' dir='ltr' id='par_1_20' title="bbox 321 2311 1903 2401">
     <span class='ocr_line' id='line_1_20' title="bbox 321 2311 1903 2401; baseline 0.013 -37"><span class='ocrx_word' id='word_1_149' title='bbox 321 2311 575 2384; x_wconf 83' lang='grc' dir='ltr'>σδυτέρῳ</span> <span class='ocrx_word' id='word_1_150' title='bbox 604 2316 766 2380; x_wconf 79' lang='grc' dir='ltr'>εὐθὺς</span> <span class='ocrx_word' id='word_1_151' title='bbox 829 2321 893 2371; x_wconf 82' lang='grc' dir='ltr'>ὲκ</span> <span class='ocrx_word' id='word_1_152' title='bbox 926 2319 1167 2384; x_wconf 76' lang='grc' dir='ltr'>Νικαίας</span> <span class='ocrx_word' id='word_1_153' title='bbox 1219 2324 1470 2393; x_wconf 73' lang='grc' dir='ltr'>γράφων,</span> <span class='ocrx_word' id='word_1_154' title='bbox 1499 2327 1674 2381; x_wconf 81' lang='grc' dir='ltr'>ταῦτα</span> <span class='ocrx_word' id='word_1_155' title='bbox 1730 2331 1903 2401; x_wconf 83' lang='grc' dir='ltr'>δηλοῖ,</span> 
     </span>
    </p>
   </div>
   <div class='ocr_carea' id='block_1_21' title="bbox 319 2401 1104 2479">
    <p class='ocr_par' dir='ltr' id='par_1_21' title="bbox 319 2401 1104 2479">
     <span class='ocr_line' id='line_1_21' title="bbox 319 2401 1104 2479; baseline 0.015 -24"><span class='ocrx_word' id='word_1_156' title='bbox 319 2401 463 2457; x_wconf 77' lang='grc' dir='ltr'>οὕτω</span> <span class='ocrx_word' id='word_1_157' title='bbox 493 2408 631 2461; x_wconf 74' lang='grc' dir='ltr'><strong>κατὰ</strong></span> <span class='ocrx_word' id='word_1_158' title='bbox 667 2411 821 2479; x_wconf 81' lang='grc' dir='ltr'>ῥῆμα</span> <span class='ocrx_word' id='word_1_159' title='bbox 851 2412 1068 2477; x_wconf 79' lang='grc' dir='ltr'>διεξιών</span> <span class='ocrx_word' id='word_1_160' title='bbox 1089 2432 1104 2447; x_wconf 85' lang='grc'><strong>·</strong></span> 
     </span>
    </p>
   </div>
   <div class='ocr_carea' id='block_1_22' title="bbox 1217 363 2672 449">
    <p class='ocr_par' dir='ltr' id='par_1_22' title="bbox 1217 363 2672 449">
     <span class='ocr_line' id='line_1_22' title="bbox 1217 363 2672 449; baseline 0.02 -29"><span class='ocrx_word' id='word_1_161' title='bbox 1217 363 1823 432; x_wconf 47' lang='grc' dir='ltr'><strong>ΕΕΕΙΑΕΞΙΑΞΤΙΕᾸῩ</strong></span> <span class='ocrx_word' id='word_1_162' title='bbox 1868 379 2260 444; x_wconf 64' lang='grc' dir='ltr'><strong>ΙΙΙΞΤΟΒΙίΕ</strong></span> <span class='ocrx_word' id='word_1_163' title='bbox 2302 388 2449 449; x_wconf 87' lang='lat' dir='ltr'><strong>LIB.</strong></span> <span class='ocrx_word' id='word_1_164' title='bbox 2499 389 2672 449; x_wconf 84' lang='lat' dir='ltr'><strong>XIII.</strong></span> 
     </span>
    </p>
   </div>
   <div class='ocr_carea' id='block_1_23' title="bbox 642 467 1903 570">
    <p class='ocr_par' dir='ltr' id='par_1_23' title="bbox 642 467 1903 553">
     <span class='ocr_line' id='line_1_23' title="bbox 642 467 1903 553; baseline 0.017 -35"><span class='ocrx_word' id='word_1_165' title='bbox 642 467 701 519; x_wconf 81' lang='grc' dir='ltr'>ὃν</span> <span class='ocrx_word' id='word_1_166' title='bbox 735 469 895 537; x_wconf 79' lang='grc' dir='ltr'>λόγος</span> <span class='ocrx_word' id='word_1_167' title='bbox 956 471 1067 542; x_wconf 71' lang='grc' dir='ltr'>ἔχει</span> <span class='ocrx_word' id='word_1_168' title='bbox 1135 481 1274 545; x_wconf 62' lang='grc' dir='ltr'>μετὰ</span> <span class='ocrx_word' id='word_1_169' title='bbox 1336 482 1600 553; x_wconf 75' lang='grc' dir='ltr'>κοίμησιν</span> <span class='ocrx_word' id='word_1_170' title='bbox 1651 487 1903 541; x_wconf 80' lang='grc' dir='ltr'>Ἰωάννου</span> 
     </span>
    </p>
   </div>
   <div class='ocr_carea' id='block_1_24' title="bbox 2009 467 3595 570">
    <p class='ocr_par' dir='ltr' id='par_1_24' title="bbox 2019 497 3595 570">
     <span class='ocr_line' id='line_1_24' title="bbox 2019 497 3595 570; baseline 0.006 -22"><span class='ocrx_word' id='word_1_171' title='bbox 2019 497 2257 564; x_wconf 79' lang='lat' dir='ltr'><strong>excepit.</strong></span> <span class='ocrx_word' id='word_1_172' title='bbox 2297 497 2452 552; x_wconf 90' lang='lat' dir='ltr'><strong>llunc</strong></span> <span class='ocrx_word' id='word_1_173' title='bbox 2477 499 2620 554; x_wconf 80' lang='lat' dir='ltr'><strong>fama</strong></span> <span class='ocrx_word' id='word_1_174' title='bbox 2649 508 2752 558; x_wconf 81' lang='lat' dir='ltr'><strong>est.</strong></span> <span class='ocrx_word' id='word_1_175' title='bbox 2794 510 2916 570; x_wconf 86' lang='lat' dir='ltr'><strong>post</strong></span> <span class='ocrx_word' id='word_1_176' title='bbox 2949 501 3178 557; x_wconf 85' lang='lat' dir='ltr'><strong>Joannis</strong></span> <span class='ocrx_word' id='word_1_177' title='bbox 3212 503 3446 566; x_wconf 84' lang='lat' dir='ltr'><strong>obitum,</strong></span> <span class='ocrx_word' id='word_1_178' title='bbox 3470 521 3595 558; x_wconf 87' lang='lat' dir='ltr'><strong>cum</strong></span> 
     </span>
    </p>
   </div>
   <div class='ocr_carea' id='block_1_25' title="bbox 3461 392 3598 456">
    <p class='ocr_par' dir='ltr' id='par_1_25' title="bbox 3461 392 3598 456">
     <span class='ocr_line' id='line_1_25' title="bbox 3461 392 3598 456; baseline -0.029 0"><span class='ocrx_word' id='word_1_179' title='bbox 3461 392 3598 456; x_wconf 84' lang='lat'><strong>1018</strong></span> 
     </span>
    </p>
   </div>
   <div class='ocr_carea' id='block_1_26' title="bbox 2017 587 3597 660">
    <p class='ocr_par' dir='ltr' id='par_1_26' title="bbox 2017 587 3597 660">
     <span class='ocr_line' id='line_1_26' title="bbox 2017 587 3597 660; baseline 0.007 -21"><span class='ocrx_word' id='word_1_180' title='bbox 2017 587 2072 639; x_wconf 88' lang='lat' dir='ltr'><strong>in</strong></span> <span class='ocrx_word' id='word_1_181' title='bbox 2127 603 2367 645; x_wconf 66' lang='lat' dir='ltr'><strong>maerore</strong></span> <span class='ocrx_word' id='word_1_182' title='bbox 2403 591 2612 660; x_wconf 85' lang='lat' dir='ltr'><strong>ingenti</strong></span> <span class='ocrx_word' id='word_1_183' title='bbox 2663 601 2827 656; x_wconf 88' lang='lat' dir='ltr'><strong>esset,</strong></span> <span class='ocrx_word' id='word_1_184' title='bbox 2883 594 3056 648; x_wconf 88' lang='lat' dir='ltr'><strong>Deum</strong></span> <span class='ocrx_word' id='word_1_185' title='bbox 3099 611 3312 657; x_wconf 89' lang='lat' dir='ltr'><strong>orasse,</strong></span> <span class='ocrx_word' id='word_1_186' title='bbox 3372 605 3431 650; x_wconf 93' lang='lat' dir='ltr'><strong>ut</strong></span> <span class='ocrx_word' id='word_1_187' title='bbox 3490 597 3597 650; x_wconf 74' lang='lat' dir='ltr'><strong>sib:</strong></span> 
     </span>
    </p>
   </div>
   <div class='ocr_carea' id='block_1_27' title="bbox 2014 678 3601 759">
    <p class='ocr_par' dir='ltr' id='par_1_27' title="bbox 2014 678 3601 759">
     <span class='ocr_line' id='line_1_27' title="bbox 2014 678 3601 759; baseline 0.007 -28"><span class='ocrx_word' id='word_1_188' title='bbox 2014 678 2314 753; x_wconf 83' lang='lat' dir='ltr'><strong>indicaret,</strong></span> <span class='ocrx_word' id='word_1_189' title='bbox 2351 699 2591 751; x_wconf 88' lang='lat' dir='ltr'><strong>quanam</strong></span> <span class='ocrx_word' id='word_1_190' title='bbox 2624 685 2753 741; x_wconf 86' lang='lat' dir='ltr'><strong>sede</strong></span> <span class='ocrx_word' id='word_1_191' title='bbox 2805 698 2861 740; x_wconf 88' lang='lat' dir='ltr'><strong>et</strong></span> <span class='ocrx_word' id='word_1_192' title='bbox 2891 689 3127 742; x_wconf 87' lang='lat' dir='ltr'><strong>statione</strong></span> <span class='ocrx_word' id='word_1_193' title='bbox 3160 689 3311 742; x_wconf 91' lang='lat' dir='ltr'><strong>illum</strong></span> <span class='ocrx_word' id='word_1_194' title='bbox 3342 690 3601 759; x_wconf 83' lang='lat' dir='ltr'><strong>dignatus</strong></span> 
     </span>
    </p>
   </div>
   <div class='ocr_carea' id='block_1_28' title="bbox 2014 776 3597 844">
    <p class='ocr_par' dir='ltr' id='par_1_28' title="bbox 2014 776 3597 844">
     <span class='ocr_line' id='line_1_28' title="bbox 2014 776 3597 844; baseline 0.008 -22"><span class='ocrx_word' id='word_1_195' title='bbox 2014 777 2199 836; x_wconf 87' lang='lat' dir='ltr'><strong>esset;</strong></span> <span class='ocrx_word' id='word_1_196' title='bbox 2229 779 2394 840; x_wconf 87' lang='lat' dir='ltr'><strong>atque</strong></span> <span class='ocrx_word' id='word_1_197' title='bbox 2447 789 2573 828; x_wconf 87' lang='lat' dir='ltr'><strong>cum</strong></span> <span class='ocrx_word' id='word_1_198' title='bbox 2623 776 2676 829; x_wconf 92' lang='lat' dir='ltr'><strong>in</strong></span> <span class='ocrx_word' id='word_1_199' title='bbox 2729 778 2932 831; x_wconf 81' lang='lat' dir='ltr'><strong>exstasi</strong></span> <span class='ocrx_word' id='word_1_200' title='bbox 2982 789 3370 834; x_wconf 90' lang='lat' dir='ltr'><strong>consternatus</strong></span> <span class='ocrx_word' id='word_1_201' title='bbox 3426 793 3597 844; x_wconf 80' lang='lat' dir='ltr'><strong>esset,</strong></span> 
     </span>
    </p>
   </div>
   <div class='ocr_carea' id='block_1_29' title="bbox 2015 863 3602 942">
    <p class='ocr_par' dir='ltr' id='par_1_29' title="bbox 2015 863 3602 942">
     <span class='ocr_line' id='line_1_29' title="bbox 2015 863 3602 942; baseline 0.008 -30"><span class='ocrx_word' id='word_1_202' title='bbox 2015 869 2237 914; x_wconf 90' lang='lat' dir='ltr'><strong>sanctos</strong></span> <span class='ocrx_word' id='word_1_203' title='bbox 2266 863 2492 931; x_wconf 85' lang='lat' dir='ltr'><strong>quidem</strong></span> <span class='ocrx_word' id='word_1_204' title='bbox 2530 882 2724 922; x_wconf 83' lang='lat' dir='ltr'><strong>Omnes</strong></span> <span class='ocrx_word' id='word_1_205' title='bbox 2764 871 3127 924; x_wconf 78' lang='lat' dir='ltr'><strong>circumcirca</strong></span> <span class='ocrx_word' id='word_1_206' title='bbox 3167 873 3370 942; x_wconf 23' lang='lat' dir='ltr'><strong>.ordiue</strong></span> <span class='ocrx_word' id='word_1_207' title='bbox 3416 873 3602 926; x_wconf 84' lang='lat' dir='ltr'><strong>consi-</strong></span> 
     </span>
    </p>
   </div>
   <div class='ocr_carea' id='block_1_30' title="bbox 2013 954 3600 1018">
    <p class='ocr_par' dir='ltr' id='par_1_30' title="bbox 2013 954 3600 1018">
     <span class='ocr_line' id='line_1_30' title="bbox 2013 954 3600 1018; baseline 0.01 -16"><span class='ocrx_word' id='word_1_208' title='bbox 2013 960 2222 1004; x_wconf 83' lang='lat' dir='ltr'><strong>stentes</strong></span> <span class='ocrx_word' id='word_1_209' title='bbox 2276 954 2504 1016; x_wconf 91' lang='lat' dir='ltr'><strong>vidisse,</strong></span> <span class='ocrx_word' id='word_1_210' title='bbox 2545 958 2698 1011; x_wconf 89' lang='lat' dir='ltr'><strong>illum</strong></span> <span class='ocrx_word' id='word_1_211' title='bbox 2760 971 2945 1014; x_wconf 84' lang='lat' dir='ltr'><strong>autem</strong></span> <span class='ocrx_word' id='word_1_212' title='bbox 3007 963 3060 1014; x_wconf 91' lang='lat' dir='ltr'><strong>in</strong></span> <span class='ocrx_word' id='word_1_213' title='bbox 3120 979 3311 1016; x_wconf 90' lang='lat' dir='ltr'><strong>eorum</strong></span> <span class='ocrx_word' id='word_1_214' title='bbox 3365 980 3600 1018; x_wconf 77' lang='lat' dir='ltr'><strong>numero</strong></span> 
     </span>
    </p>
   </div>
   <div class='ocr_carea' id='block_1_31' title="bbox 2014 1047 3591 1128">
    <p class='ocr_par' dir='ltr' id='par_1_31' title="bbox 2014 1047 3591 1128">
     <span class='ocr_line' id='line_1_31' title="bbox 2014 1047 3591 1128; baseline 0.012 -35"><span class='ocrx_word' id='word_1_215' title='bbox 2014 1057 2125 1096; x_wconf 92' lang='lat' dir='ltr'><strong>non</strong></span> <span class='ocrx_word' id='word_1_216' title='bbox 2158 1047 2533 1113; x_wconf 86' lang='lat' dir='ltr'><strong>eonspexisse.</strong></span> <span class='ocrx_word' id='word_1_217' title='bbox 2565 1051 2721 1114; x_wconf 79' lang='lat' dir='ltr'><strong>Quod</strong></span> <span class='ocrx_word' id='word_1_218' title='bbox 2754 1053 2845 1106; x_wconf 87' lang='lat' dir='ltr'><strong>ubi</strong></span> <span class='ocrx_word' id='word_1_219' title='bbox 2884 1057 3128 1122; x_wconf 77' lang='lat' dir='ltr'><strong>graviter</strong></span> <span class='ocrx_word' id='word_1_220' title='bbox 3162 1058 3308 1123; x_wconf 87' lang='lat' dir='ltr'><strong>tulit,</strong></span> <span class='ocrx_word' id='word_1_221' title='bbox 3333 1061 3591 1128; x_wconf 78' lang='lat' dir='ltr'><strong>angelum</strong></span> 
     </span>
    </p>
   </div>
   <div class='ocr_carea' id='block_1_32' title="bbox 2013 1131 3598 1214">
    <p class='ocr_par' dir='ltr' id='par_1_32' title="bbox 2013 1131 3598 1214">
     <span class='ocr_line' id='line_1_32' title="bbox 2013 1131 3598 1214; baseline 0.009 -30"><span class='ocrx_word' id='word_1_222' title='bbox 2013 1131 2065 1185; x_wconf 88' lang='lat' dir='ltr'><strong>ei</strong></span> <span class='ocrx_word' id='word_1_223' title='bbox 2102 1140 2373 1189; x_wconf 84' lang='lat' dir='ltr'><strong>astantem</strong></span> <span class='ocrx_word' id='word_1_224' title='bbox 2436 1138 2650 1192; x_wconf 89' lang='lat' dir='ltr'><strong>doloris</strong></span> <span class='ocrx_word' id='word_1_225' title='bbox 2702 1142 3014 1196; x_wconf 82' lang='lat' dir='ltr'><strong>molestiam</strong></span> <span class='ocrx_word' id='word_1_226' title='bbox 3089 1144 3363 1198; x_wconf 87' lang='lat' dir='ltr'><strong>ademisse</strong></span> <span class='ocrx_word' id='word_1_227' title='bbox 3431 1156 3598 1214; x_wconf 86' lang='lat' dir='ltr'><strong>atque</strong></span> 
     </span>
    </p>
   </div>
   <div class='ocr_carea' id='block_1_33' title="bbox 2018 1226 3596 1306">
    <p class='ocr_par' dir='ltr' id='par_1_33' title="bbox 2018 1226 3596 1306">
     <span class='ocr_line' id='line_1_33' title="bbox 2018 1226 3596 1306; baseline 0.008 -29"><span class='ocrx_word' id='word_1_228' title='bbox 2018 1226 2254 1293; x_wconf 81' lang='lat' dir='ltr'><strong>dixisse,</strong></span> <span class='ocrx_word' id='word_1_229' title='bbox 2292 1229 2455 1283; x_wconf 88' lang='lat' dir='ltr'><strong>aliam</strong></span> <span class='ocrx_word' id='word_1_230' title='bbox 2490 1231 2687 1287; x_wconf 88' lang='lat' dir='ltr'><strong>Joanni</strong></span> <span class='ocrx_word' id='word_1_231' title='bbox 2712 1234 2920 1298; x_wconf 86' lang='lat' dir='ltr'><strong>sedem,</strong></span> <span class='ocrx_word' id='word_1_232' title='bbox 2970 1237 3078 1290; x_wconf 89' lang='lat' dir='ltr'><strong>Deo</strong></span> <span class='ocrx_word' id='word_1_233' title='bbox 3121 1237 3596 1306; x_wconf 86' lang='lat' dir='ltr'><strong>propinquiorcm,</strong></span> 
     </span>
    </p>
   </div>
   <div class='ocr_carea' id='block_1_34' title="bbox 2014 1317 3602 1398">
    <p class='ocr_par' dir='ltr' id='par_1_34' title="bbox 2014 1317 3602 1398">
     <span class='ocr_line' id='line_1_34' title="bbox 2014 1317 3602 1398; baseline 0.008 -28"><span class='ocrx_word' id='word_1_234' title='bbox 2014 1317 2399 1390; x_wconf 87' lang='lat' dir='ltr'><strong>honoremque</strong></span> <span class='ocrx_word' id='word_1_235' title='bbox 2459 1325 2926 1392; x_wconf 72' lang='lat' dir='ltr'><strong>prmstantiorem,</strong></span> <span class='ocrx_word' id='word_1_236' title='bbox 2963 1337 3023 1380; x_wconf 92' lang='lat' dir='ltr'><strong>ut</strong></span> <span class='ocrx_word' id='word_1_237' title='bbox 3061 1344 3169 1381; x_wconf 90' lang='lat' dir='ltr'><strong>una</strong></span> <span class='ocrx_word' id='word_1_238' title='bbox 3226 1346 3351 1381; x_wconf 91' lang='lat' dir='ltr'><strong>cum</strong></span> <span class='ocrx_word' id='word_1_239' title='bbox 3389 1330 3602 1398; x_wconf 77' lang='lat' dir='ltr'><strong>angelis</strong></span> 
     </span>
    </p>
   </div>
   <div class='ocr_carea' id='block_1_35' title="bbox 2014 1411 3593 1484">
    <p class='ocr_par' dir='ltr' id='par_1_35' title="bbox 2014 1411 3593 1484">
     <span class='ocr_line' id='line_1_35' title="bbox 2014 1411 3593 1484; baseline 0.006 -20"><span class='ocrx_word' id='word_1_240' title='bbox 2014 1411 2188 1465; x_wconf 90' lang='lat' dir='ltr'><strong>Deum</strong></span> <span class='ocrx_word' id='word_1_241' title='bbox 2235 1413 2495 1469; x_wconf 86' lang='lat' dir='ltr'><strong>laudibus</strong></span> <span class='ocrx_word' id='word_1_242' title='bbox 2531 1416 2718 1480; x_wconf 83' lang='lat' dir='ltr'><strong>vehat,</strong></span> <span class='ocrx_word' id='word_1_243' title='bbox 2754 1417 2944 1472; x_wconf 87' lang='lat' dir='ltr'><strong>datum</strong></span> <span class='ocrx_word' id='word_1_244' title='bbox 2977 1435 3119 1484; x_wconf 87' lang='lat' dir='ltr'><strong>esse,</strong></span> <span class='ocrx_word' id='word_1_245' title='bbox 3157 1421 3223 1473; x_wconf 90' lang='lat' dir='ltr'><strong>ad</strong></span> <span class='ocrx_word' id='word_1_246' title='bbox 3265 1423 3593 1475; x_wconf 85' lang='lat' dir='ltr'><strong>stationem-</strong></span> 
     </span>
    </p>
   </div>
   <div class='ocr_carea' id='block_1_36' title="bbox 2014 1509 3597 1579">
    <p class='ocr_par' dir='ltr' id='par_1_36' title="bbox 2014 1509 3597 1579">
     <span class='ocr_line' id='line_1_36' title="bbox 2014 1509 3597 1579; baseline 0.006 -25"><span class='ocrx_word' id='word_1_247' title='bbox 2014 1517 2122 1570; x_wconf 86' lang='lat' dir='ltr'><strong>que</strong></span> <span class='ocrx_word' id='word_1_248' title='bbox 2174 1520 2294 1558; x_wconf 89' lang='lat' dir='ltr'><strong>eam</strong></span> <span class='ocrx_word' id='word_1_249' title='bbox 2329 1511 2646 1575; x_wconf 85' lang='lat' dir='ltr'><strong>perspicere</strong></span> <span class='ocrx_word' id='word_1_250' title='bbox 2685 1525 2793 1563; x_wconf 91' lang='lat' dir='ltr'><strong>non</strong></span> <span class='ocrx_word' id='word_1_251' title='bbox 2851 1509 3035 1564; x_wconf 89' lang='lat' dir='ltr'><strong>multis</strong></span> <span class='ocrx_word' id='word_1_252' title='bbox 3091 1511 3418 1579; x_wconf 87' lang='lat' dir='ltr'><strong>permissum</strong></span> <span class='ocrx_word' id='word_1_253' title='bbox 3453 1526 3597 1565; x_wconf 88' lang='lat' dir='ltr'><strong>esse.</strong></span> 
     </span>
    </p>
   </div>
   <div class='ocr_carea' id='block_1_37' title="bbox 2021 1597 3600 1669">
    <p class='ocr_par' dir='ltr' id='par_1_37' title="bbox 2021 1597 3600 1669">
     <span class='ocr_line' id='line_1_37' title="bbox 2021 1597 3600 1669; baseline 0.007 -23"><span class='ocrx_word' id='word_1_254' title='bbox 2021 1597 2176 1649; x_wconf 73' lang='lat' dir='ltr'><strong>«Abi</strong></span> <span class='ocrx_word' id='word_1_255' title='bbox 2242 1597 2448 1666; x_wconf 86' lang='lat' dir='ltr'><strong>itaque,</strong></span> <span class='ocrx_word' id='word_1_256' title='bbox 2489 1599 2690 1669; x_wconf 89' lang='lat' dir='ltr'><strong>inquit,</strong></span> <span class='ocrx_word' id='word_1_257' title='bbox 2721 1613 2776 1654; x_wconf 91' lang='lat' dir='ltr'><strong>et</strong></span> <span class='ocrx_word' id='word_1_258' title='bbox 2834 1603 3003 1655; x_wconf 90' lang='lat' dir='ltr'><strong>animi</strong></span> <span class='ocrx_word' id='word_1_259' title='bbox 3070 1601 3321 1656; x_wconf 78' lang='lat' dir='ltr'><strong>dolorem</strong></span> <span class='ocrx_word' id='word_1_260' title='bbox 3388 1604 3600 1657; x_wconf 82' lang='lat' dir='ltr'><strong>omitte.</strong></span> 
     </span>
    </p>
   </div>
   <div class='ocr_carea' id='block_1_38' title="bbox 2016 1689 3605 1764">
    <p class='ocr_par' dir='ltr' id='par_1_38' title="bbox 2016 1689 3605 1764">
     <span class='ocr_line' id='line_1_38' title="bbox 2016 1689 3605 1764; baseline 0.005 -21"><span class='ocrx_word' id='word_1_261' title='bbox 2016 1689 2176 1755; x_wconf 87' lang='lat' dir='ltr'><strong>Quod</strong></span> <span class='ocrx_word' id='word_1_262' title='bbox 2241 1691 2389 1743; x_wconf 87' lang='lat' dir='ltr'><strong>enim</strong></span> <span class='ocrx_word' id='word_1_263' title='bbox 2457 1692 2607 1747; x_wconf 92' lang='lat' dir='ltr'><strong>hunc</strong></span> <span class='ocrx_word' id='word_1_264' title='bbox 2669 1709 2776 1748; x_wconf 92' lang='lat' dir='ltr'><strong>non</strong></span> <span class='ocrx_word' id='word_1_265' title='bbox 2830 1693 3006 1757; x_wconf 88' lang='lat' dir='ltr'><strong>vides,</strong></span> <span class='ocrx_word' id='word_1_266' title='bbox 3056 1711 3165 1749; x_wconf 94' lang='lat' dir='ltr'><strong>non</strong></span> <span class='ocrx_word' id='word_1_267' title='bbox 3214 1705 3506 1764; x_wconf 83' lang='lat' dir='ltr'><strong>propterea</strong></span> <span class='ocrx_word' id='word_1_268' title='bbox 3557 1698 3605 1751; x_wconf 90' lang='lat' dir='ltr'><strong>is</strong></span> 
     </span>
    </p>
   </div>
   <div class='ocr_carea' id='block_1_39' title="bbox 2013 1782 3601 1858">
    <p class='ocr_par' dir='ltr' id='par_1_39' title="bbox 2013 1782 3601 1858">
     <span class='ocr_line' id='line_1_39' title="bbox 2013 1782 3601 1858; baseline 0.005 -23"><span class='ocrx_word' id='word_1_269' title='bbox 2013 1797 2125 1836; x_wconf 90' lang='lat' dir='ltr'><strong>non</strong></span> <span class='ocrx_word' id='word_1_270' title='bbox 2153 1782 2331 1848; x_wconf 80' lang='lat' dir='ltr'><strong>adest,</strong></span> <span class='ocrx_word' id='word_1_271' title='bbox 2375 1784 2470 1839; x_wconf 89' lang='lat' dir='ltr'><strong>sed</strong></span> <span class='ocrx_word' id='word_1_272' title='bbox 2501 1787 2688 1854; x_wconf 89' lang='lat' dir='ltr'><strong>potius</strong></span> <span class='ocrx_word' id='word_1_273' title='bbox 2719 1801 2888 1855; x_wconf 89' lang='lat' dir='ltr'><strong>supra</strong></span> <span class='ocrx_word' id='word_1_274' title='bbox 2939 1789 3142 1842; x_wconf 90' lang='lat' dir='ltr'><strong>multos</strong></span> <span class='ocrx_word' id='word_1_275' title='bbox 3179 1798 3262 1842; x_wconf 87' lang='lat' dir='ltr'><strong>est</strong></span> <span class='ocrx_word' id='word_1_276' title='bbox 3298 1806 3312 1843; x_wconf 89' lang='lat'><strong>:</strong></span> <span class='ocrx_word' id='word_1_277' title='bbox 3345 1799 3511 1858; x_wconf 88' lang='lat' dir='ltr'><strong>atque</strong></span> <span class='ocrx_word' id='word_1_278' title='bbox 3546 1789 3601 1843; x_wconf 90' lang='lat' dir='ltr'><strong>id</strong></span> 
     </span>
    </p>
   </div>
   <div class='ocr_carea' id='block_1_40' title="bbox 2013 1873 3601 1943">
    <p class='ocr_par' dir='ltr' id='par_1_40' title="bbox 2013 1873 3601 1943">
     <span class='ocr_line' id='line_1_40' title="bbox 2013 1873 3601 1943; baseline 0.006 -18"><span class='ocrx_word' id='word_1_279' title='bbox 2013 1873 2338 1928; x_wconf 85' lang='lat' dir='ltr'><strong>excellentis</strong></span> <span class='ocrx_word' id='word_1_280' title='bbox 2357 1885 2443 1929; x_wconf 90' lang='lat' dir='ltr'><strong>est</strong></span> <span class='ocrx_word' id='word_1_281' title='bbox 2475 1875 2706 1931; x_wconf 90' lang='lat' dir='ltr'><strong>honoris</strong></span> <span class='ocrx_word' id='word_1_282' title='bbox 2731 1878 3026 1932; x_wconf 87' lang='lat' dir='ltr'><strong>indicium.</strong></span> <span class='ocrx_word' id='word_1_283' title='bbox 3067 1897 3086 1931; x_wconf 72' lang='grc' dir='ltr'><strong>ι</strong></span> <span class='ocrx_word' id='word_1_284' title='bbox 3122 1879 3220 1933; x_wconf 91' lang='lat' dir='ltr'><strong>Ille</strong></span> <span class='ocrx_word' id='word_1_285' title='bbox 3247 1894 3400 1943; x_wconf 84' lang='lat' dir='ltr'><strong>sane,</strong></span> <span class='ocrx_word' id='word_1_286' title='bbox 3439 1881 3601 1934; x_wconf 73' lang='lat' dir='ltr'><strong>sicuti</strong></span> 
     </span>
    </p>
   </div>
   <div class='ocr_carea' id='block_1_41' title="bbox 2015 1963 3602 2038">
    <p class='ocr_par' dir='ltr' id='par_1_41' title="bbox 2015 1963 3602 2038">
     <span class='ocr_line' id='line_1_41' title="bbox 2015 1963 3602 2038; baseline 0.007 -22"><span class='ocrx_word' id='word_1_287' title='bbox 2015 1963 2284 2030; x_wconf 80' lang='lat' dir='ltr'><strong>diximus,</strong></span> <span class='ocrx_word' id='word_1_288' title='bbox 2313 1965 2583 2021; x_wconf 82' lang='lat' dir='ltr'><strong>Joannem</strong></span> <span class='ocrx_word' id='word_1_289' title='bbox 2616 1969 2862 2038; x_wconf 78' lang='lat' dir='ltr'><strong>excepit.</strong></span> <span class='ocrx_word' id='word_1_290' title='bbox 2895 1969 3028 2035; x_wconf 86' lang='lat' dir='ltr'><strong>Quae</strong></span> <span class='ocrx_word' id='word_1_291' title='bbox 3058 1985 3192 2024; x_wconf 86' lang='lat' dir='ltr'><strong>vero</strong></span> <span class='ocrx_word' id='word_1_292' title='bbox 3227 1972 3276 2026; x_wconf 92' lang='lat' dir='ltr'><strong>ei</strong></span> <span class='ocrx_word' id='word_1_293' title='bbox 3313 1972 3366 2024; x_wconf 91' lang='lat' dir='ltr'><strong>in</strong></span> <span class='ocrx_word' id='word_1_294' title='bbox 3398 1972 3602 2027; x_wconf 88' lang='lat' dir='ltr'><strong>itinere</strong></span> 
     </span>
    </p>
   </div>
   <div class='ocr_carea' id='block_1_42' title="bbox 2014 2055 3602 2132">
    <p class='ocr_par' dir='ltr' id='par_1_42' title="bbox 2014 2055 3602 2132">
     <span class='ocr_line' id='line_1_42' title="bbox 2014 2055 3602 2132; baseline 0.005 -25"><span class='ocrx_word' id='word_1_295' title='bbox 2014 2055 2289 2123; x_wconf 88' lang='lat' dir='ltr'><strong>accidere,</strong></span> <span class='ocrx_word' id='word_1_296' title='bbox 2339 2059 2608 2128; x_wconf 66' lang='lat' dir='ltr'><strong>tragoedia</strong></span> <span class='ocrx_word' id='word_1_297' title='bbox 2636 2059 2766 2125; x_wconf 89' lang='lat' dir='ltr'><strong>alia,</strong></span> <span class='ocrx_word' id='word_1_298' title='bbox 2801 2075 2898 2114; x_wconf 86' lang='lat' dir='ltr'><strong>seu</strong></span> <span class='ocrx_word' id='word_1_299' title='bbox 2936 2061 3210 2115; x_wconf 90' lang='lat' dir='ltr'><strong>malorum</strong></span> <span class='ocrx_word' id='word_1_300' title='bbox 3265 2063 3392 2116; x_wconf 88' lang='lat' dir='ltr'><strong>Ilias</strong></span> <span class='ocrx_word' id='word_1_301' title='bbox 3446 2079 3602 2132; x_wconf 84' lang='lat' dir='ltr'><strong>pror-</strong></span> 
     </span>
    </p>
   </div>
   <div class='ocr_carea' id='block_1_43' title="bbox 2011 2150 3606 2213">
    <p class='ocr_par' dir='ltr' id='par_1_43' title="bbox 2011 2150 3606 2213">
     <span class='ocr_line' id='line_1_43' title="bbox 2011 2150 3606 2213; baseline 0.005 -13"><span class='ocrx_word' id='word_1_302' title='bbox 2011 2162 2108 2201; x_wconf 84' lang='lat' dir='ltr'><strong>sus</strong></span> <span class='ocrx_word' id='word_1_303' title='bbox 2127 2156 2279 2202; x_wconf 91' lang='lat' dir='ltr'><strong>sunt.</strong></span> <span class='ocrx_word' id='word_1_304' title='bbox 2316 2151 2489 2213; x_wconf 75' lang='lat' dir='ltr'><strong>Quam</strong></span> <span class='ocrx_word' id='word_1_305' title='bbox 2517 2150 2687 2205; x_wconf 83' lang='lat' dir='ltr'><strong>variis</strong></span> <span class='ocrx_word' id='word_1_306' title='bbox 2709 2151 2858 2204; x_wconf 91' lang='lat' dir='ltr'><strong>enim</strong></span> <span class='ocrx_word' id='word_1_307' title='bbox 2889 2165 3014 2204; x_wconf 91' lang='lat' dir='ltr'><strong>cum</strong></span> <span class='ocrx_word' id='word_1_308' title='bbox 3046 2155 3315 2207; x_wconf 65' lang='lat' dir='ltr'><strong>aerumnis</strong></span> <span class='ocrx_word' id='word_1_309' title='bbox 3337 2154 3606 2210; x_wconf 87' lang='lat' dir='ltr'><strong>collucta-</strong></span> 
     </span>
    </p>
   </div>
   <div class='ocr_carea' id='block_1_44' title="bbox 2012 2245 3601 2317">
    <p class='ocr_par' dir='ltr' id='par_1_44' title="bbox 2012 2245 3601 2317">
     <span class='ocr_line' id='line_1_44' title="bbox 2012 2245 3601 2317; baseline 0.003 -20"><span class='ocrx_word' id='word_1_310' title='bbox 2012 2253 2102 2299; x_wconf 92' lang='lat' dir='ltr'><strong>tus</strong></span> <span class='ocrx_word' id='word_1_311' title='bbox 2133 2245 2231 2306; x_wconf 90' lang='lat' dir='ltr'><strong>sit,</strong></span> <span class='ocrx_word' id='word_1_312' title='bbox 2264 2259 2292 2297; x_wconf 88' lang='lat' dir='ltr'><strong>a</strong></span> <span class='ocrx_word' id='word_1_313' title='bbox 2325 2245 2552 2301; x_wconf 86' lang='lat' dir='ltr'><strong>nemine</strong></span> <span class='ocrx_word' id='word_1_314' title='bbox 2581 2262 2644 2300; x_wconf 91' lang='lat' dir='ltr'><strong>ea</strong></span> <span class='ocrx_word' id='word_1_315' title='bbox 2675 2262 2841 2316; x_wconf 88' lang='lat' dir='ltr'><strong>quam</strong></span> <span class='ocrx_word' id='word_1_316' title='bbox 2873 2247 2943 2301; x_wconf 88' lang='lat' dir='ltr'><strong>ab</strong></span> <span class='ocrx_word' id='word_1_317' title='bbox 2973 2247 3094 2317; x_wconf 87' lang='lat' dir='ltr'><strong>ipso</strong></span> <span class='ocrx_word' id='word_1_318' title='bbox 3128 2260 3601 2304; x_wconf 85' lang='lat' dir='ltr'><strong>commemorante</strong></span> 
     </span>
    </p>
   </div>
   <div class='ocr_carea' id='block_1_45' title="bbox 2005 2337 3598 2412">
    <p class='ocr_par' dir='ltr' id='par_1_45' title="bbox 2005 2337 3598 2412">
     <span class='ocr_line' id='line_1_45' title="bbox 2005 2337 3598 2412; baseline 0.003 -22"><span class='ocrx_word' id='word_1_319' title='bbox 2005 2337 2310 2405; x_wconf 86' lang='lat' dir='ltr'><strong>jucundius</strong></span> <span class='ocrx_word' id='word_1_320' title='bbox 2359 2347 2456 2392; x_wconf 88' lang='lat' dir='ltr'><strong>aut</strong></span> <span class='ocrx_word' id='word_1_321' title='bbox 2489 2340 2678 2393; x_wconf 90' lang='lat' dir='ltr'><strong>verius</strong></span> <span class='ocrx_word' id='word_1_322' title='bbox 2711 2341 3008 2409; x_wconf 87' lang='lat' dir='ltr'><strong>quisquam</strong></span> <span class='ocrx_word' id='word_1_323' title='bbox 3059 2343 3405 2412; x_wconf 81' lang='lat' dir='ltr'><strong>cognoverit.</strong></span> <span class='ocrx_word' id='word_1_324' title='bbox 3463 2342 3598 2396; x_wconf 87' lang='lat' dir='ltr'><strong>Nam</strong></span> 
     </span>
    </p>
   </div>
   <div class='ocr_carea' id='block_1_46' title="bbox 2007 2431 3601 2502">
    <p class='ocr_par' dir='ltr' id='par_1_46' title="bbox 2007 2431 3601 2502">
     <span class='ocr_line' id='line_1_46' title="bbox 2007 2431 3601 2502; baseline 0.002 -20"><span class='ocrx_word' id='word_1_325' title='bbox 2007 2443 2074 2482; x_wconf 90' lang='lat' dir='ltr'><strong>ea</strong></span> <span class='ocrx_word' id='word_1_326' title='bbox 2113 2445 2338 2500; x_wconf 88' lang='lat' dir='ltr'><strong>quoque</strong></span> <span class='ocrx_word' id='word_1_327' title='bbox 2402 2431 2546 2484; x_wconf 88' lang='lat' dir='ltr'><strong>mala</strong></span> <span class='ocrx_word' id='word_1_328' title='bbox 2583 2446 2754 2486; x_wconf 88' lang='lat' dir='ltr'><strong>aurea</strong></span> <span class='ocrx_word' id='word_1_329' title='bbox 2788 2432 2881 2486; x_wconf 92' lang='lat' dir='ltr'><strong>illa</strong></span> <span class='ocrx_word' id='word_1_330' title='bbox 2913 2433 3130 2502; x_wconf 78' lang='lat' dir='ltr'><strong>lingua,</strong></span> <span class='ocrx_word' id='word_1_331' title='bbox 3166 2435 3241 2486; x_wconf 91' lang='lat' dir='ltr'><strong>ita</strong></span> <span class='ocrx_word' id='word_1_332' title='bbox 3290 2443 3349 2488; x_wconf 92' lang='lat' dir='ltr'><strong>ut</strong></span> <span class='ocrx_word' id='word_1_333' title='bbox 3389 2434 3601 2500; x_wconf 84' lang='lat' dir='ltr'><strong>decuit,</strong></span> 
     </span>
    </p>
   </div>
   <div class='ocr_carea' id='block_1_47' title="bbox 321 2498 3604 2596">
    <p class='ocr_par' dir='ltr' id='par_1_47' title="bbox 321 2498 3604 2596">
     <span class='ocr_line' id='line_1_47' title="bbox 321 2498 3604 2596; baseline 0.003 -26"><span class='ocrx_word' id='word_1_334' title='bbox 321 2498 530 2596; x_wconf 48' lang='grc' dir='ltr'><strong>ορξξτηθ</strong></span> <span class='ocrx_word' id='word_1_335' title='bbox 555 2504 834 2596; x_wconf 54' lang='grc' dir='ltr'><strong>εἶιιιοευῖιο</strong></span> <span class='ocrx_word' id='word_1_336' title='bbox 869 2507 952 2562; x_wconf 78' lang='lat' dir='ltr'><strong>Ad</strong></span> <span class='ocrx_word' id='word_1_337' title='bbox 983 2507 1365 2572; x_wconf 81' lang='lat' dir='ltr'><strong>Constantium</strong></span> <span class='ocrx_word' id='word_1_338' title='bbox 1420 2517 1694 2588; x_wconf 89' lang='lat' dir='ltr'><strong>siquidem</strong></span> <span class='ocrx_word' id='word_1_339' title='bbox 1735 2498 2140 2592; x_wconf 9' lang='lat' dir='ltr'><strong>presbyterum,</strong></span> <span class='ocrx_word' id='word_1_340' title='bbox 2191 2498 2261 2581; x_wconf 56' lang='lat' dir='ltr'><strong>es</strong></span> <span class='ocrx_word' id='word_1_341' title='bbox 2328 2527 2446 2596; x_wconf 86' lang='lat' dir='ltr'><strong>ipsa</strong></span> <span class='ocrx_word' id='word_1_342' title='bbox 2517 2527 2703 2581; x_wconf 83' lang='lat' dir='ltr'><strong>statim</strong></span> <span class='ocrx_word' id='word_1_343' title='bbox 2768 2527 2950 2582; x_wconf 81' lang='lat' dir='ltr'><strong>Nica&#39;a</strong></span> <span class='ocrx_word' id='word_1_344' title='bbox 2981 2528 3249 2593; x_wconf 88' lang='lat' dir='ltr'><strong>scribens,</strong></span> <span class='ocrx_word' id='word_1_345' title='bbox 3278 2529 3393 2583; x_wconf 75' lang='lat' dir='ltr'><strong>haec</strong></span> <span class='ocrx_word' id='word_1_346' title='bbox 3422 2527 3604 2596; x_wconf 65' lang='lat' dir='ltr'><strong>verbis</strong></span> 
     </span>
    </p>
   </div>
   <div class='ocr_carea' id='block_1_48' title="bbox 322 2592 896 2667">
    <p class='ocr_par' dir='ltr' id='par_1_48' title="bbox 322 2592 896 2667">
     <span class='ocr_line' id='line_1_48' title="bbox 322 2592 896 2667; baseline 0.021 -20"><span class='ocrx_word' id='word_1_347' title='bbox 322 2592 527 2650; x_wconf 81' lang='lat' dir='ltr'><strong>talibus</strong></span> <span class='ocrx_word' id='word_1_348' title='bbox 561 2595 840 2667; x_wconf 79' lang='lat' dir='ltr'><strong>signiﬁcat</strong></span> <span class='ocrx_word' id='word_1_349' title='bbox 882 2620 896 2659; x_wconf 88' lang='lat'><strong>:</strong></span> 
     </span>
    </p>
   </div>
   <div class='ocr_carea' id='block_1_49' title="bbox 901 2747 1328 2808">
    <p class='ocr_par' dir='ltr' id='par_1_49' title="bbox 901 2747 1328 2808">
     <span class='ocr_line' id='line_1_49' title="bbox 901 2747 1328 2808; baseline 0.019 -8"><span class='ocrx_word' id='word_1_350' title='bbox 901 2747 1157 2807; x_wconf 76' lang='grc' dir='ltr'><strong>ΚΕΦΑΛ.</strong></span> <span class='ocrx_word' id='word_1_351' title='bbox 1201 2753 1328 2808; x_wconf 84' lang='grc' dir='ltr'><strong>ΚΖ’.</strong></span> 
     </span>
    </p>
   </div>
   <div class='ocr_carea' id='block_1_50' title="bbox 329 2847 1908 2937">
    <p class='ocr_par' dir='ltr' id='par_1_50' title="bbox 329 2847 1908 2937">
     <span class='ocr_line' id='line_1_50' title="bbox 329 2847 1908 2937; baseline 0.016 -36"><span class='ocrx_word' id='word_1_352' title='bbox 329 2847 654 2937; x_wconf 55' lang='grc' dir='ltr'>Ἐρξισςοαξὴ</span> <span class='ocrx_word' id='word_1_353' title='bbox 688 2855 799 2937; x_wconf 57' lang='grc' dir='ltr'><strong>⁴ζοῦ</strong></span> <span class='ocrx_word' id='word_1_354' title='bbox 821 2859 987 2937; x_wconf 59' lang='grc' dir='ltr'>θείου</span> <span class='ocrx_word' id='word_1_355' title='bbox 1010 2862 1449 2937; x_wconf 65' lang='grc' dir='ltr'>Χρυσοστόμου</span> <span class='ocrx_word' id='word_1_356' title='bbox 1475 2869 1627 2937; x_wconf 81' lang='grc' dir='ltr'>ὑπὲρ</span> <span class='ocrx_word' id='word_1_357' title='bbox 1652 2869 1772 2925; x_wconf 80' lang='grc' dir='ltr'>τῶν</span> <span class='ocrx_word' id='word_1_358' title='bbox 1799 2872 1908 2926; x_wconf 73' lang='grc' dir='ltr'>τοῦ</span> 
     </span>
    </p>
   </div>
   <div class='ocr_carea' id='block_1_51' title="bbox 390 2923 1910 3006">
    <p class='ocr_par' dir='ltr' id='par_1_51' title="bbox 390 2923 1910 3006">
     <span class='ocr_line' id='line_1_51' title="bbox 390 2923 1910 3006; baseline 0.015 -33"><span class='ocrx_word' id='word_1_359' title='bbox 390 2923 554 3006; x_wconf 57' lang='grc' dir='ltr'><strong>ᾷξοῆ</strong></span> <span class='ocrx_word' id='word_1_360' title='bbox 581 2925 929 3006; x_wconf 63' lang='grc' dir='ltr'>ἐκκλῃσιῶγ</span> <span class='ocrx_word' id='word_1_361' title='bbox 950 2947 964 2961; x_wconf 77' lang='grc' dir='ltr'><strong>ο</strong></span> <span class='ocrx_word' id='word_1_362' title='bbox 1002 2923 1103 2985; x_wconf 64' lang='lat' dir='ltr'><strong>ubi</strong></span> <span class='ocrx_word' id='word_1_363' title='bbox 1138 2923 1356 3004; x_wconf 79' lang='grc' dir='ltr'>μερικῆ</span> <span class='ocrx_word' id='word_1_364' title='bbox 1395 2923 1510 3006; x_wconf 64' lang='grc' dir='ltr'>τῆς</span> <span class='ocrx_word' id='word_1_365' title='bbox 1544 2923 1673 2994; x_wconf 72' lang='grc' dir='ltr'><strong>κᾶτ’</strong></span> 
     </span>
    </p>
   </div>
   <div class='ocr_carea' id='block_1_52' title="bbox 385 2990 954 3065">
    <p class='ocr_par' dir='ltr' id='par_1_52' title="bbox 385 2990 954 3065">
     <span class='ocr_line' id='line_1_52' title="bbox 385 2990 954 3065; baseline 0.018 -22"><span class='ocrx_word' id='word_1_366' title='bbox 385 2990 628 3061; x_wconf 77' lang='grc' dir='ltr'>ἐξορίας</span> <span class='ocrx_word' id='word_1_367' title='bbox 651 2995 748 3065; x_wconf 80' lang='grc' dir='ltr'>διή</span> <span class='ocrx_word' id='word_1_368' title='bbox 760 2990 954 3065; x_wconf 63' lang='lat' dir='ltr'><strong>mare.</strong></span> 
     </span>
    </p>
   </div>
   <div class='ocr_carea' id='block_1_53' title="bbox 393 3105 1906 3195">
    <p class='ocr_par' dir='ltr' id='par_1_53' title="bbox 393 3105 1906 3195">
     <span class='ocr_line' id='line_1_53' title="bbox 393 3105 1906 3195; baseline 0.017 -37"><span class='ocrx_word' id='word_1_369' title='bbox 393 3124 413 3157; x_wconf 74' lang='grc' dir='ltr'><strong>ι</strong></span> <span class='ocrx_word' id='word_1_370' title='bbox 452 3105 532 3176; x_wconf 82' lang='grc' dir='ltr'><strong>Τῇ</strong></span> <span class='ocrx_word' id='word_1_371' title='bbox 561 3109 802 3184; x_wconf 81' lang='grc' dir='ltr'>τετάρτῃ</span> <span class='ocrx_word' id='word_1_372' title='bbox 852 3111 948 3166; x_wconf 84' lang='grc' dir='ltr'>τοῦ</span> <span class='ocrx_word' id='word_1_373' title='bbox 1007 3114 1267 3187; x_wconf 79' lang='grc' dir='ltr'>Πανέμου</span> <span class='ocrx_word' id='word_1_374' title='bbox 1302 3121 1478 3190; x_wconf 79' lang='grc' dir='ltr'>μηνὸς</span> <span class='ocrx_word' id='word_1_375' title='bbox 1539 3125 1762 3195; x_wconf 82' lang='grc' dir='ltr'>μέλλων</span> <span class='ocrx_word' id='word_1_376' title='bbox 1796 3128 1906 3182; x_wconf 75' lang='grc' dir='ltr'><strong>ἀπὸ</strong></span> 
     </span>
    </p>
   </div>
   <div class='ocr_carea' id='block_1_54' title="bbox 315 3197 1906 3292">
    <p class='ocr_par' dir='ltr' id='par_1_54' title="bbox 315 3197 1906 3292">
     <span class='ocr_line' id='line_1_54' title="bbox 315 3197 1906 3292; baseline 0.017 -42"><span class='ocrx_word' id='word_1_377' title='bbox 315 3197 416 3267; x_wconf 78' lang='grc' dir='ltr'>τῆς</span> <span class='ocrx_word' id='word_1_378' title='bbox 445 3199 682 3265; x_wconf 81' lang='grc' dir='ltr'>Νικαίας</span> <span class='ocrx_word' id='word_1_379' title='bbox 710 3203 976 3277; x_wconf 80' lang='grc' dir='ltr'>ὲξορμᾷν,</span> <span class='ocrx_word' id='word_1_380' title='bbox 1008 3209 1186 3264; x_wconf 76' lang='grc' dir='ltr'>ταῦτα</span> <span class='ocrx_word' id='word_1_381' title='bbox 1216 3213 1603 3288; x_wconf 86' lang='grc' dir='ltr'>διαπέμπομαι</span> <span class='ocrx_word' id='word_1_382' title='bbox 1635 3221 1705 3274; x_wconf 79' lang='grc' dir='ltr'>τὰ</span> <span class='ocrx_word' id='word_1_383' title='bbox 1725 3223 1906 3292; x_wconf 84' lang='grc' dir='ltr'>γράμ-</span> 
     </span>
    </p>
   </div>
   <div class='ocr_carea' id='block_1_55' title="bbox 318 3295 1904 3385">
    <p class='ocr_par' dir='ltr' id='par_1_55' title="bbox 318 3295 1904 3385">
     <span class='ocr_line' id='line_1_55' title="bbox 318 3295 1904 3385; baseline 0.015 -41"><span class='ocrx_word' id='word_1_384' title='bbox 318 3308 465 3385; x_wconf 78' lang='grc' dir='ltr'>ματα</span> <span class='ocrx_word' id='word_1_385' title='bbox 519 3295 664 3364; x_wconf 80' lang='grc' dir='ltr'>πρὸς</span> <span class='ocrx_word' id='word_1_386' title='bbox 697 3296 798 3368; x_wconf 77' lang='grc' dir='ltr'>τὴν</span> <span class='ocrx_word' id='word_1_387' title='bbox 829 3299 928 3372; x_wconf 73' lang='grc' dir='ltr'>σὴν</span> <span class='ocrx_word' id='word_1_388' title='bbox 961 3301 1280 3360; x_wconf 80' lang='grc' dir='ltr'>θεοσέϐειαν</span> <span class='ocrx_word' id='word_1_389' title='bbox 1333 3311 1702 3379; x_wconf 79' lang='grc' dir='ltr'>παρακαλῶν,</span> <span class='ocrx_word' id='word_1_390' title='bbox 1764 3315 1904 3385; x_wconf 82' lang='grc' dir='ltr'>ὅπερ</span> 
     </span>
    </p>
   </div>
   <div class='ocr_carea' id='block_1_56' title="bbox 315 3383 1905 3476">
    <p class='ocr_par' dir='ltr' id='par_1_56' title="bbox 315 3383 1905 3476">
     <span class='ocr_line' id='line_1_56' title="bbox 315 3383 1905 3476; baseline 0.017 -42"><span class='ocrx_word' id='word_1_391' title='bbox 315 3383 406 3476; x_wconf 51' lang='grc' dir='ltr'><strong>ἀειΔ</strong></span> <span class='ocrx_word' id='word_1_392' title='bbox 424 3387 766 3476; x_wconf 79' lang='grc' dir='ltr'>παρακαλῶν</span> <span class='ocrx_word' id='word_1_393' title='bbox 795 3391 897 3445; x_wconf 85' lang='grc' dir='ltr'>οὐκ</span> <span class='ocrx_word' id='word_1_394' title='bbox 933 3393 1304 3468; x_wconf 78' lang='grc' dir='ltr'>ὲπαυσάμηνο</span> <span class='ocrx_word' id='word_1_395' title='bbox 1362 3399 1467 3454; x_wconf 76' lang='grc' dir='ltr'><strong>κᾶν</strong></span> <span class='ocrx_word' id='word_1_396' title='bbox 1521 3383 1905 3476; x_wconf 76' lang='grc' dir='ltr'>χαλεπώτερος</span> 
     </span>
    </p>
   </div>
   <div class='ocr_carea' id='block_1_57' title="bbox 313 3473 1903 3566">
    <p class='ocr_par' dir='ltr' id='par_1_57' title="bbox 313 3473 1903 3566">
     <span class='ocr_line' id='line_1_57' title="bbox 313 3473 1903 3566; baseline 0.016 -40"><span class='ocrx_word' id='word_1_397' title='bbox 313 3473 408 3527; x_wconf 82' lang='grc' dir='ltr'>τοῦ</span> <span class='ocrx_word' id='word_1_398' title='bbox 435 3474 529 3529; x_wconf 80' lang='grc' dir='ltr'>νῦν</span> <span class='ocrx_word' id='word_1_399' title='bbox 559 3480 885 3551; x_wconf 79' lang='grc' dir='ltr'>κατέχοντος</span> <span class='ocrx_word' id='word_1_400' title='bbox 917 3486 1146 3557; x_wconf 77' lang='grc' dir='ltr'>γένηται</span> <span class='ocrx_word' id='word_1_401' title='bbox 1198 3491 1227 3543; x_wconf 84' lang='grc' dir='ltr'>ὁ</span> <span class='ocrx_word' id='word_1_402' title='bbox 1267 3493 1502 3562; x_wconf 82' lang='grc' dir='ltr'>χειμὼν,</span> <span class='ocrx_word' id='word_1_403' title='bbox 1531 3497 1639 3551; x_wconf 81' lang='grc' dir='ltr'>κᾶν</span> <span class='ocrx_word' id='word_1_404' title='bbox 1676 3499 1903 3566; x_wconf 77' lang='grc' dir='ltr'>μείζονα</span> 
     </span>
    </p>
   </div>
   <div class='ocr_carea' id='block_1_58' title="bbox 313 3567 1905 3658">
    <p class='ocr_par' dir='ltr' id='par_1_58' title="bbox 313 3567 1905 3658">
     <span class='ocr_line' id='line_1_58' title="bbox 313 3567 1905 3658; baseline 0.015 -40"><span class='ocrx_word' id='word_1_405' title='bbox 313 3567 382 3658; x_wconf 74' lang='grc' dir='ltr'><strong>τα</strong></span> <span class='ocrx_word' id='word_1_406' title='bbox 409 3567 652 3638; x_wconf 85' lang='grc' dir='ltr'>κύματα,</span> <span class='ocrx_word' id='word_1_407' title='bbox 688 3574 763 3642; x_wconf 81' lang='grc' dir='ltr'>μὴ</span> <span class='ocrx_word' id='word_1_408' title='bbox 789 3575 1095 3632; x_wconf 86' lang='grc' dir='ltr'>διαλείπειν</span> <span class='ocrx_word' id='word_1_409' title='bbox 1122 3581 1190 3635; x_wconf 82' lang='grc' dir='ltr'>τὰ</span> <span class='ocrx_word' id='word_1_410' title='bbox 1220 3589 1422 3638; x_wconf 83' lang='grc' dir='ltr'>σαυτοῦ</span> <span class='ocrx_word' id='word_1_411' title='bbox 1451 3587 1796 3658; x_wconf 84' lang='grc' dir='ltr'>πληροῦντα,</span> <span class='ocrx_word' id='word_1_412' title='bbox 1825 3591 1905 3654; x_wconf 83' lang='grc' dir='ltr'>εἰς</span> 
     </span>
    </p>
   </div>
   <div class='ocr_carea' id='block_1_59' title="bbox 313 3657 1902 3747">
    <p class='ocr_par' dir='ltr' id='par_1_59' title="bbox 313 3657 1902 3747">
     <span class='ocr_line' id='line_1_59' title="bbox 313 3657 1902 3747; baseline 0.016 -36"><span class='ocrx_word' id='word_1_413' title='bbox 313 3657 416 3732; x_wconf 73' lang='grc' dir='ltr'><strong>τὴν</strong></span> <span class='ocrx_word' id='word_1_414' title='bbox 445 3662 767 3726; x_wconf 80' lang='grc' dir='ltr'>οἰκονομίαν</span> <span class='ocrx_word' id='word_1_415' title='bbox 789 3659 858 3734; x_wconf 80' lang='grc' dir='ltr'>ἧς</span> <span class='ocrx_word' id='word_1_416' title='bbox 909 3667 1147 3739; x_wconf 81' lang='grc' dir='ltr'>ὲξαρχῆς</span> <span class='ocrx_word' id='word_1_417' title='bbox 1175 3673 1302 3742; x_wconf 78' lang='grc' dir='ltr'><strong>ἥψω</strong></span> <span class='ocrx_word' id='word_1_418' title='bbox 1325 3691 1339 3705; x_wconf 74' lang='grc' dir='ltr'><strong>ο</strong></span> <span class='ocrx_word' id='word_1_419' title='bbox 1372 3675 1517 3744; x_wconf 84' lang='grc' dir='ltr'>λέγω</span> <span class='ocrx_word' id='word_1_420' title='bbox 1539 3657 1601 3747; x_wconf 71' lang='grc' dir='ltr'><strong>δὴ</strong></span> <span class='ocrx_word' id='word_1_421' title='bbox 1640 3680 1735 3733; x_wconf 80' lang='grc' dir='ltr'>τοῦ</span> <span class='ocrx_word' id='word_1_422' title='bbox 1781 3681 1902 3735; x_wconf 75' lang='grc' dir='ltr'><strong>Ἐλ-</strong></span> 
     </span>
    </p>
   </div>
   <div class='ocr_carea' id='block_1_60' title="bbox 313 3750 1903 3836">
    <p class='ocr_par' dir='ltr' id='par_1_60' title="bbox 313 3750 1903 3836">
     <span class='ocr_line' id='line_1_60' title="bbox 313 3750 1903 3836; baseline 0.015 -34"><span class='ocrx_word' id='word_1_423' title='bbox 313 3750 582 3822; x_wconf 80' lang='grc' dir='ltr'>ληνισμοῦ</span> <span class='ocrx_word' id='word_1_424' title='bbox 607 3754 708 3824; x_wconf 78' lang='grc' dir='ltr'>τὴν</span> <span class='ocrx_word' id='word_1_425' title='bbox 731 3755 1075 3826; x_wconf 78' lang='grc' dir='ltr'>καθαίρεσιν,</span> <span class='ocrx_word' id='word_1_426' title='bbox 1096 3761 1204 3816; x_wconf 92' lang='grc' dir='ltr'><strong>τῶν</strong></span> <span class='ocrx_word' id='word_1_427' title='bbox 1226 3766 1538 3836; x_wconf 76' lang='grc' dir='ltr'>ἐκκλησιῶν</span> <span class='ocrx_word' id='word_1_428' title='bbox 1567 3770 1666 3834; x_wconf 82' lang='grc' dir='ltr'>τὰς</span> <span class='ocrx_word' id='word_1_429' title='bbox 1691 3773 1903 3826; x_wconf 78' lang='grc' dir='ltr'>οἰκοδο-</span> 
     </span>
    </p>
   </div>
   <div class='ocr_carea' id='block_1_61' title="bbox 315 3842 1906 3932">
    <p class='ocr_par' dir='ltr' id='par_1_61' title="bbox 315 3842 1906 3932">
     <span class='ocr_line' id='line_1_61' title="bbox 315 3842 1906 3932; baseline 0.016 -38"><span class='ocrx_word' id='word_1_430' title='bbox 315 3842 449 3911; x_wconf 80' lang='grc' dir='ltr'>μὰς,</span> <span class='ocrx_word' id='word_1_431' title='bbox 480 3845 590 3897; x_wconf 90' lang='grc' dir='ltr'><strong>τῶν</strong></span> <span class='ocrx_word' id='word_1_432' title='bbox 627 3846 818 3918; x_wconf 70' lang='grc' dir='ltr'>ψυχῶν</span> <span class='ocrx_word' id='word_1_433' title='bbox 859 3848 959 3920; x_wconf 82' lang='grc' dir='ltr'>τὴν</span> <span class='ocrx_word' id='word_1_434' title='bbox 989 3853 1333 3922; x_wconf 78' lang='grc' dir='ltr'>ἐπιμέλειαν.</span> <span class='ocrx_word' id='word_1_435' title='bbox 1396 3860 1486 3930; x_wconf 75' lang='grc' dir='ltr'><strong>Μὴ</strong></span> <span class='ocrx_word' id='word_1_436' title='bbox 1525 3861 1589 3932; x_wconf 87' lang='grc' dir='ltr'>δή</span> <span class='ocrx_word' id='word_1_437' title='bbox 1613 3879 1673 3914; x_wconf 90' lang='grc' dir='ltr'><strong>σε</strong></span> <span class='ocrx_word' id='word_1_438' title='bbox 1710 3861 1906 3920; x_wconf 83' lang='grc' dir='ltr'>ὕπτιον</span> 
     </span>
    </p>
   </div>
   <div class='ocr_carea' id='block_1_62' title="bbox 313 3936 1904 4025">
    <p class='ocr_par' dir='ltr' id='par_1_62' title="bbox 313 3936 1904 4025">
     <span class='ocr_line' id='line_1_62' title="bbox 313 3936 1904 4025; baseline 0.016 -39"><span class='ocrx_word' id='word_1_439' title='bbox 313 3936 541 3990; x_wconf 84' lang='grc' dir='ltr'>ποιείτω</span> <span class='ocrx_word' id='word_1_440' title='bbox 572 3937 682 3990; x_wconf 88' lang='grc' dir='ltr'><strong>τῶν</strong></span> <span class='ocrx_word' id='word_1_441' title='bbox 711 3944 1063 4012; x_wconf 84' lang='grc' dir='ltr'>πραγμάτων</span> <span class='ocrx_word' id='word_1_442' title='bbox 1100 3947 1132 4015; x_wconf 80' lang='grc' dir='ltr'>ἡ</span> <span class='ocrx_word' id='word_1_443' title='bbox 1182 3947 1477 4005; x_wconf 72' lang='grc' dir='ltr'>δυσκολίαο</span> <span class='ocrx_word' id='word_1_444' title='bbox 1513 3954 1635 4006; x_wconf 81' lang='grc' dir='ltr'>οὐδὲ</span> <span class='ocrx_word' id='word_1_445' title='bbox 1669 3955 1775 4025; x_wconf 78' lang='grc' dir='ltr'>γὰρ</span> <span class='ocrx_word' id='word_1_446' title='bbox 1801 3975 1904 4010; x_wconf 89' lang='grc' dir='ltr'>κυ-</span> 
     </span>
    </p>
   </div>
   <div class='ocr_carea' id='block_1_63' title="bbox 316 4027 1904 4113">
    <p class='ocr_par' dir='ltr' id='par_1_63' title="bbox 316 4027 1904 4113">
     <span class='ocr_line' id='line_1_63' title="bbox 316 4027 1904 4113; baseline 0.016 -35"><span class='ocrx_word' id='word_1_447' title='bbox 316 4027 585 4099; x_wconf 78' lang='grc' dir='ltr'>ϐερνήτης</span> <span class='ocrx_word' id='word_1_448' title='bbox 623 4030 684 4083; x_wconf 74' lang='grc' dir='ltr'>τὸ</span> <span class='ocrx_word' id='word_1_449' title='bbox 738 4034 979 4104; x_wconf 82' lang='grc' dir='ltr'>πέλαγος</span> <span class='ocrx_word' id='word_1_450' title='bbox 1037 4038 1186 4108; x_wconf 81' lang='grc' dir='ltr'>ὁρῶν</span> <span class='ocrx_word' id='word_1_451' title='bbox 1239 4045 1574 4113; x_wconf 82' lang='grc' dir='ltr'>μαινόμενον</span> <span class='ocrx_word' id='word_1_452' title='bbox 1606 4049 1696 4100; x_wconf 81' lang='grc' dir='ltr'><strong>καὶ</strong></span> <span class='ocrx_word' id='word_1_453' title='bbox 1732 4049 1904 4102; x_wconf 79' lang='grc' dir='ltr'>διανι-</span> 
     </span>
    </p>
   </div>
   <div class='ocr_carea' id='block_1_64' title="bbox 314 4121 1906 4197">
    <p class='ocr_par' dir='ltr' id='par_1_64' title="bbox 314 4121 1906 4197">
     <span class='ocr_line' id='line_1_64' title="bbox 314 4121 1906 4197; baseline 0.016 -27"><span class='ocrx_word' id='word_1_454' title='bbox 314 4121 621 4189; x_wconf 84' lang='grc' dir='ltr'>στάμενον,</span> <span class='ocrx_word' id='word_1_455' title='bbox 684 4125 1063 4197; x_wconf 74' lang='grc' dir='ltr'>ἀποστήσεται</span> <span class='ocrx_word' id='word_1_456' title='bbox 1119 4133 1230 4187; x_wconf 89' lang='grc' dir='ltr'><strong>τῶν</strong></span> <span class='ocrx_word' id='word_1_457' title='bbox 1295 4136 1538 4192; x_wconf 79' lang='grc' dir='ltr'>οίάκωνο</span> <span class='ocrx_word' id='word_1_458' title='bbox 1594 4140 1712 4192; x_wconf 82' lang='grc' dir='ltr'>ἀλλ’</span> <span class='ocrx_word' id='word_1_459' title='bbox 1784 4143 1906 4196; x_wconf 81' lang='grc' dir='ltr'>οὐδὲ</span> 
     </span>
    </p>
   </div>
   <div class='ocr_carea' id='block_1_65' title="bbox 317 4212 1902 4303">
    <p class='ocr_par' dir='ltr' id='par_1_65' title="bbox 317 4212 1902 4303">
     <span class='ocr_line' id='line_1_65' title="bbox 317 4212 1902 4303; baseline 0.016 -40"><span class='ocrx_word' id='word_1_460' title='bbox 317 4212 500 4282; x_wconf 70' lang='grc' dir='ltr'>ἰατρὸς</span> <span class='ocrx_word' id='word_1_461' title='bbox 523 4215 616 4269; x_wconf 80' lang='grc' dir='ltr'><strong>τὸν</strong></span> <span class='ocrx_word' id='word_1_462' title='bbox 647 4221 928 4287; x_wconf 81' lang='grc' dir='ltr'>κάμνοντα</span> <span class='ocrx_word' id='word_1_463' title='bbox 957 4221 1174 4292; x_wconf 84' lang='grc' dir='ltr'>βλέπων</span> <span class='ocrx_word' id='word_1_464' title='bbox 1198 4228 1264 4296; x_wconf 82' lang='grc' dir='ltr'>τῇ</span> <span class='ocrx_word' id='word_1_465' title='bbox 1316 4231 1459 4299; x_wconf 83' lang='grc' dir='ltr'>νόσῳ</span> <span class='ocrx_word' id='word_1_466' title='bbox 1503 4232 1902 4303; x_wconf 79' lang='grc' dir='ltr'>κρατούμενον,</span> 
     </span>
    </p>
   </div>
   <div class='ocr_carea' id='block_1_66' title="bbox 313 4304 1904 4392">
    <p class='ocr_par' dir='ltr' id='par_1_66' title="bbox 313 4304 1904 4392">
     <span class='ocr_line' id='line_1_66' title="bbox 313 4304 1904 4392; baseline 0.015 -37"><span class='ocrx_word' id='word_1_467' title='bbox 313 4304 666 4376; x_wconf 82' lang='grc' dir='ltr'>ἀναχωρήσει</span> <span class='ocrx_word' id='word_1_468' title='bbox 723 4313 824 4381; x_wconf 82' lang='grc' dir='ltr'>τῆς</span> <span class='ocrx_word' id='word_1_469' title='bbox 885 4314 1226 4382; x_wconf 77' lang='grc' dir='ltr'>θεραπείαςο</span> <span class='ocrx_word' id='word_1_470' title='bbox 1291 4318 1428 4372; x_wconf 85' lang='grc' dir='ltr'>ἀλλά</span> <span class='ocrx_word' id='word_1_471' title='bbox 1477 4322 1600 4374; x_wconf 84' lang='grc' dir='ltr'>τότε</span> <span class='ocrx_word' id='word_1_472' title='bbox 1663 4324 1904 4392; x_wconf 88' lang='grc' dir='ltr'>μάλιστα</span> 
     </span>
    </p>
   </div>
   <div class='ocr_carea' id='block_1_67' title="bbox 313 4394 1903 4490">
    <p class='ocr_par' dir='ltr' id='par_1_67' title="bbox 313 4394 1903 4490">
     <span class='ocr_line' id='line_1_67' title="bbox 313 4394 1903 4490; baseline 0.016 -43"><span class='ocrx_word' id='word_1_473' title='bbox 313 4394 548 4490; x_wconf 76' lang='grc' dir='ltr'>ἕκαστος</span> <span class='ocrx_word' id='word_1_474' title='bbox 579 4401 788 4455; x_wconf 81' lang='grc' dir='ltr'>τούτων</span> <span class='ocrx_word' id='word_1_475' title='bbox 817 4407 884 4474; x_wconf 81' lang='grc' dir='ltr'>τῇ</span> <span class='ocrx_word' id='word_1_476' title='bbox 931 4407 1095 4480; x_wconf 80' lang='grc' dir='ltr'>τέχνῃ</span> <span class='ocrx_word' id='word_1_477' title='bbox 1153 4411 1422 4478; x_wconf 80' lang='grc' dir='ltr'>χρήσεται</span> <span class='ocrx_word' id='word_1_478' title='bbox 1455 4415 1548 4469; x_wconf 83' lang='grc' dir='ltr'>καὶ</span> <span class='ocrx_word' id='word_1_479' title='bbox 1597 4419 1664 4488; x_wconf 79' lang='grc' dir='ltr'>τῇ</span> <span class='ocrx_word' id='word_1_480' title='bbox 1699 4419 1903 4490; x_wconf 67' lang='grc' dir='ltr'>προθυ-</span> 
     </span>
    </p>
   </div>
   <div class='ocr_carea' id='block_1_68' title="bbox 1930 3164 1977 3228">
    <p class='ocr_par' dir='ltr' id='par_1_68' title="bbox 1930 3164 1977 3228">
     <span class='ocr_line' id='line_1_68' title="bbox 1930 3164 1977 3228; baseline 0 0"><span class='ocrx_word' id='word_1_481' title='bbox 1930 3164 1977 3228; x_wconf 84' lang='lat' dir='ltr'><strong><em>C</em></strong></span> 
     </span>
    </p>
   </div>
   <div class='ocr_carea' id='block_1_69' title="bbox 2474 2729 3158 2830">
    <p class='ocr_par' dir='ltr' id='par_1_69' title="bbox 2474 2729 3158 2830">
     <span class='ocr_line' id='line_1_69' title="bbox 2474 2729 3158 2830; baseline 0.003 -18"><span class='ocrx_word' id='word_1_482' title='bbox 2474 2759 2640 2830; x_wconf 66' lang='grc' dir='ltr'><strong>[ιοθ</strong></span> <span class='ocrx_word' id='word_1_483' title='bbox 2675 2758 2901 2816; x_wconf 56' lang='lat' dir='ltr'><strong>CAPUT</strong></span> <span class='ocrx_word' id='word_1_484' title='bbox 2942 2729 3158 2814; x_wconf 79' lang='lat' dir='ltr'><strong>xxvii.</strong></span> 
     </span>
    </p>
   </div>
   <div class='ocr_carea' id='block_1_70' title="bbox 2022 2871 3602 2944">
    <p class='ocr_par' dir='ltr' id='par_1_70' title="bbox 2022 2871 3602 2944">
     <span class='ocr_line' id='line_1_70' title="bbox 2022 2871 3602 2944; baseline 0 -18"><span class='ocrx_word' id='word_1_485' title='bbox 2022 2871 2261 2943; x_wconf 77' lang='lat' dir='ltr'><strong>Epistola</strong></span> <span class='ocrx_word' id='word_1_486' title='bbox 2296 2871 2404 2944; x_wconf 69' lang='lat' dir='ltr'><strong>diui</strong></span> <span class='ocrx_word' id='word_1_487' title='bbox 2435 2871 2816 2944; x_wconf 75' lang='lat' dir='ltr'><strong>C/trysostomi,</strong></span> <span class='ocrx_word' id='word_1_488' title='bbox 2850 2888 2945 2942; x_wconf 85' lang='lat' dir='ltr'><strong>pro</strong></span> <span class='ocrx_word' id='word_1_489' title='bbox 2981 2871 3210 2924; x_wconf 72' lang='lat' dir='ltr'><strong>ecclesiis</strong></span> <span class='ocrx_word' id='word_1_490' title='bbox 3245 2871 3382 2926; x_wconf 75' lang='lat' dir='ltr'><strong>Dei:</strong></span> <span class='ocrx_word' id='word_1_491' title='bbox 3416 2873 3602 2944; x_wconf 78' lang='lat' dir='ltr'><strong>singu-</strong></span> 
     </span>
    </p>
   </div>
   <div class='ocr_carea' id='block_1_71' title="bbox 2360 2941 3252 3011">
    <p class='ocr_par' dir='ltr' id='par_1_71' title="bbox 2360 2941 3252 3011">
     <span class='ocr_line' id='line_1_71' title="bbox 2360 2941 3252 3011; baseline 0 -15"><span class='ocrx_word' id='word_1_492' title='bbox 2360 2942 2491 2996; x_wconf 80' lang='lat' dir='ltr'><strong>laris</strong></span> <span class='ocrx_word' id='word_1_493' title='bbox 2518 2941 2584 2996; x_wconf 85' lang='lat' dir='ltr'><strong>de</strong></span> <span class='ocrx_word' id='word_1_494' title='bbox 2615 2941 2801 2996; x_wconf 71' lang='lat' dir='ltr'><strong>exsilio</strong></span> <span class='ocrx_word' id='word_1_495' title='bbox 2836 2941 2950 3011; x_wconf 77' lang='lat' dir='ltr'><strong>ejus</strong></span> <span class='ocrx_word' id='word_1_496' title='bbox 2986 2944 3252 2996; x_wconf 80' lang='lat' dir='ltr'><strong>narratio.</strong></span> 
     </span>
    </p>
   </div>
   <div class='ocr_carea' id='block_1_72' title="bbox 2088 3121 3603 3192">
    <p class='ocr_par' dir='ltr' id='par_1_72' title="bbox 2088 3121 3603 3192">
     <span class='ocr_line' id='line_1_72' title="bbox 2088 3121 3603 3192; baseline 0.002 -16"><span class='ocrx_word' id='word_1_497' title='bbox 2088 3141 2108 3176; x_wconf 77' lang='grc' dir='ltr'><strong>ι</strong></span> <span class='ocrx_word' id='word_1_498' title='bbox 2131 3122 2314 3176; x_wconf 66' lang='lat' dir='ltr'><strong>Nicaea</strong></span> <span class='ocrx_word' id='word_1_499' title='bbox 2341 3129 2538 3192; x_wconf 86' lang='lat' dir='ltr'><strong>quarto</strong></span> <span class='ocrx_word' id='word_1_500' title='bbox 2570 3122 2776 3177; x_wconf 88' lang='lat' dir='ltr'><strong>mensis</strong></span> <span class='ocrx_word' id='word_1_501' title='bbox 2801 3121 2934 3177; x_wconf 86' lang='lat' dir='ltr'><strong>Julii</strong></span> <span class='ocrx_word' id='word_1_502' title='bbox 2977 3121 3068 3178; x_wconf 91' lang='lat' dir='ltr'><strong>die</strong></span> <span class='ocrx_word' id='word_1_503' title='bbox 3095 3122 3406 3189; x_wconf 87' lang='lat' dir='ltr'><strong>soluturus,</strong></span> <span class='ocrx_word' id='word_1_504' title='bbox 3437 3124 3603 3179; x_wconf 87' lang='lat' dir='ltr'><strong>hasce</strong></span> 
     </span>
    </p>
   </div>
   <div class='ocr_carea' id='block_1_73' title="bbox 2011 3213 3603 3284">
    <p class='ocr_par' dir='ltr' id='par_1_73' title="bbox 2011 3213 3603 3284">
     <span class='ocr_line' id='line_1_73' title="bbox 2011 3213 3603 3284; baseline 0.003 -16"><span class='ocrx_word' id='word_1_505' title='bbox 2011 3214 2077 3268; x_wconf 88' lang='lat' dir='ltr'><strong>ad</strong></span> <span class='ocrx_word' id='word_1_506' title='bbox 2103 3215 2363 3284; x_wconf 88' lang='lat' dir='ltr'><strong>pietatem</strong></span> <span class='ocrx_word' id='word_1_507' title='bbox 2395 3223 2544 3269; x_wconf 89' lang='lat' dir='ltr'><strong>tuam</strong></span> <span class='ocrx_word' id='word_1_508' title='bbox 2587 3213 2712 3269; x_wconf 84' lang='lat' dir='ltr'><strong>dedi</strong></span> <span class='ocrx_word' id='word_1_509' title='bbox 2753 3215 2989 3276; x_wconf 83' lang='lat' dir='ltr'><strong>litteras,</strong></span> <span class='ocrx_word' id='word_1_510' title='bbox 3018 3215 3087 3270; x_wconf 91' lang='lat' dir='ltr'><strong>ad</strong></span> <span class='ocrx_word' id='word_1_511' title='bbox 3121 3215 3176 3271; x_wconf 90' lang='lat' dir='ltr'><strong>id</strong></span> <span class='ocrx_word' id='word_1_512' title='bbox 3204 3225 3256 3270; x_wconf 93' lang='lat' dir='ltr'><strong>te</strong></span> <span class='ocrx_word' id='word_1_513' title='bbox 3282 3217 3603 3282; x_wconf 87' lang='lat' dir='ltr'><strong>cohortans,</strong></span> 
     </span>
    </p>
   </div>
   <div class='ocr_carea' id='block_1_74' title="bbox 2009 3305 3605 3380">
    <p class='ocr_par' dir='ltr' id='par_1_74' title="bbox 2009 3305 3605 3380">
     <span class='ocr_line' id='line_1_74' title="bbox 2009 3305 3605 3380; baseline 0.003 -20"><span class='ocrx_word' id='word_1_514' title='bbox 2009 3305 2076 3361; x_wconf 91' lang='lat' dir='ltr'><strong>ad</strong></span> <span class='ocrx_word' id='word_1_515' title='bbox 2105 3305 2254 3375; x_wconf 92' lang='lat' dir='ltr'><strong>quod</strong></span> <span class='ocrx_word' id='word_1_516' title='bbox 2289 3321 2573 3376; x_wconf 88' lang='lat' dir='ltr'><strong>nunquam</strong></span> <span class='ocrx_word' id='word_1_517' title='bbox 2620 3307 2904 3362; x_wconf 88' lang='lat' dir='ltr'><strong>cohortari</strong></span> <span class='ocrx_word' id='word_1_518' title='bbox 2953 3306 3096 3362; x_wconf 89' lang='lat' dir='ltr'><strong>desii</strong></span> <span class='ocrx_word' id='word_1_519' title='bbox 3145 3325 3157 3362; x_wconf 96' lang='lat'>:</span> <span class='ocrx_word' id='word_1_520' title='bbox 3192 3309 3444 3379; x_wconf 80' lang='lat' dir='ltr'><strong>quamvis</strong></span> <span class='ocrx_word' id='word_1_521' title='bbox 3478 3326 3605 3380; x_wconf 74' lang='lat' dir='ltr'><strong>gra-</strong></span> 
     </span>
    </p>
   </div>
   <div class='ocr_carea' id='block_1_75' title="bbox 2009 3401 3602 3475">
    <p class='ocr_par' dir='ltr' id='par_1_75' title="bbox 2009 3401 3602 3475">
     <span class='ocr_line' id='line_1_75' title="bbox 2009 3401 3602 3475; baseline 0.004 -22"><span class='ocrx_word' id='word_1_522' title='bbox 2009 3401 2132 3456; x_wconf 83' lang='lat' dir='ltr'><strong>vior</strong></span> <span class='ocrx_word' id='word_1_523' title='bbox 2187 3409 2460 3469; x_wconf 84' lang='lat' dir='ltr'><strong>praesente</strong></span> <span class='ocrx_word' id='word_1_524' title='bbox 2523 3410 2857 3471; x_wconf 85' lang='lat' dir='ltr'><strong>tempestate</strong></span> <span class='ocrx_word' id='word_1_525' title='bbox 2910 3403 3194 3471; x_wconf 83' lang='lat' dir='ltr'><strong>procella,</strong></span> <span class='ocrx_word' id='word_1_526' title='bbox 3249 3405 3602 3475; x_wconf 87' lang='lat' dir='ltr'><strong>majoresquc</strong></span> 
     </span>
    </p>
   </div>
   <div class='ocr_carea' id='block_1_76' title="bbox 2009 3493 3599 3566">
    <p class='ocr_par' dir='ltr' id='par_1_76' title="bbox 2009 3493 3599 3566">
     <span class='ocr_line' id='line_1_76' title="bbox 2009 3493 3599 3566; baseline 0.004 -19"><span class='ocrx_word' id='word_1_527' title='bbox 2009 3493 2212 3548; x_wconf 84' lang='lat' dir='ltr'><strong>ﬂuctus</strong></span> <span class='ocrx_word' id='word_1_528' title='bbox 2245 3494 2529 3564; x_wconf 81' lang='lat' dir='ltr'><strong>ingruant,</strong></span> <span class='ocrx_word' id='word_1_529' title='bbox 2565 3502 2625 3549; x_wconf 95' lang='lat' dir='ltr'><strong>ut</strong></span> <span class='ocrx_word' id='word_1_530' title='bbox 2655 3511 2724 3550; x_wconf 93' lang='lat' dir='ltr'><strong>ne</strong></span> <span class='ocrx_word' id='word_1_531' title='bbox 2765 3495 3108 3551; x_wconf 85' lang='lat' dir='ltr'><strong>intermittas</strong></span> <span class='ocrx_word' id='word_1_532' title='bbox 3141 3512 3210 3550; x_wconf 88' lang='lat' dir='ltr'><strong>ea</strong></span> <span class='ocrx_word' id='word_1_533' title='bbox 3257 3513 3382 3566; x_wconf 66' lang='lat' dir='ltr'><strong>qum</strong></span> <span class='ocrx_word' id='word_1_534' title='bbox 3432 3497 3599 3553; x_wconf 85' lang='lat' dir='ltr'><strong>cilicii</strong></span> 
     </span>
    </p>
   </div>
   <div class='ocr_carea' id='block_1_77' title="bbox 2011 3583 3593 3655">
    <p class='ocr_par' dir='ltr' id='par_1_77' title="bbox 2011 3583 3593 3655">
     <span class='ocr_line' id='line_1_77' title="bbox 2011 3583 3593 3655; baseline 0.003 -18"><span class='ocrx_word' id='word_1_535' title='bbox 2011 3584 2088 3637; x_wconf 90' lang='lat' dir='ltr'><strong>tui</strong></span> <span class='ocrx_word' id='word_1_536' title='bbox 2115 3592 2267 3646; x_wconf 91' lang='lat' dir='ltr'><strong>sunt,</strong></span> <span class='ocrx_word' id='word_1_537' title='bbox 2299 3583 2354 3637; x_wconf 92' lang='lat' dir='ltr'><strong>in</strong></span> <span class='ocrx_word' id='word_1_538' title='bbox 2394 3600 2461 3638; x_wconf 89' lang='lat' dir='ltr'><strong>ea</strong></span> <span class='ocrx_word' id='word_1_539' title='bbox 2497 3600 2662 3653; x_wconf 87' lang='lat' dir='ltr'><strong>quam</strong></span> <span class='ocrx_word' id='word_1_540' title='bbox 2692 3585 2761 3638; x_wconf 88' lang='lat' dir='ltr'><strong>ab</strong></span> <span class='ocrx_word' id='word_1_541' title='bbox 2792 3585 2954 3640; x_wconf 90' lang='lat' dir='ltr'><strong>initio</strong></span> <span class='ocrx_word' id='word_1_542' title='bbox 2987 3586 3186 3655; x_wconf 89' lang='lat' dir='ltr'><strong>cepisti</strong></span> <span class='ocrx_word' id='word_1_543' title='bbox 3229 3587 3593 3642; x_wconf 84' lang='lat' dir='ltr'><strong>administra-</strong></span> 
     </span>
    </p>
   </div>
   <div class='ocr_carea' id='block_1_78' title="bbox 2010 3673 3602 3748">
    <p class='ocr_par' dir='ltr' id='par_1_78' title="bbox 2010 3673 3602 3748">
     <span class='ocr_line' id='line_1_78' title="bbox 2010 3673 3602 3748; baseline 0.001 -16"><span class='ocrx_word' id='word_1_544' title='bbox 2010 3678 2184 3739; x_wconf 85' lang='lat' dir='ltr'><strong>tione,</strong></span> <span class='ocrx_word' id='word_1_545' title='bbox 2213 3673 2518 3747; x_wconf 74' lang='lat' dir='ltr'><strong>adimp‘Iere</strong></span> <span class='ocrx_word' id='word_1_546' title='bbox 2553 3695 2567 3732; x_wconf 88' lang='lat'>:</span> <span class='ocrx_word' id='word_1_547' title='bbox 2598 3677 2798 3733; x_wconf 66' lang='lat' dir='ltr'><strong>Graeca:</strong></span> <span class='ocrx_word' id='word_1_548' title='bbox 2817 3678 3238 3748; x_wconf 87' lang='lat' dir='ltr'><strong>superstitionis</strong></span> <span class='ocrx_word' id='word_1_549' title='bbox 3259 3682 3602 3735; x_wconf 82' lang='lat' dir='ltr'><strong>extermina-</strong></span> 
     </span>
    </p>
   </div>
   <div class='ocr_carea' id='block_1_79' title="bbox 2010 3770 3596 3834">
    <p class='ocr_par' dir='ltr' id='par_1_79' title="bbox 2010 3770 3596 3834">
     <span class='ocr_line' id='line_1_79' title="bbox 2010 3770 3596 3834; baseline 0.002 -10"><span class='ocrx_word' id='word_1_550' title='bbox 2010 3770 2217 3825; x_wconf 88' lang='lat' dir='ltr'><strong>tionem</strong></span> <span class='ocrx_word' id='word_1_551' title='bbox 2250 3770 2399 3834; x_wconf 89' lang='lat' dir='ltr'><strong>dico,</strong></span> <span class='ocrx_word' id='word_1_552' title='bbox 2428 3771 2797 3826; x_wconf 81' lang='lat' dir='ltr'><strong>ecclesiarum</strong></span> <span class='ocrx_word' id='word_1_553' title='bbox 2825 3772 3246 3833; x_wconf 75' lang='lat' dir='ltr'><strong>aediﬁcationes,</strong></span> <span class='ocrx_word' id='word_1_554' title='bbox 3279 3773 3596 3827; x_wconf 86' lang='lat' dir='ltr'><strong>animarum</strong></span> 
     </span>
    </p>
   </div>
   <div class='ocr_carea' id='block_1_80' title="bbox 2008 3861 3600 3930">
    <p class='ocr_par' dir='ltr' id='par_1_80' title="bbox 2008 3861 3600 3930">
     <span class='ocr_line' id='line_1_80' title="bbox 2008 3861 3600 3930; baseline 0 -14"><span class='ocrx_word' id='word_1_555' title='bbox 2008 3876 2221 3916; x_wconf 87' lang='lat' dir='ltr'><strong>curam.</strong></span> <span class='ocrx_word' id='word_1_556' title='bbox 2255 3861 2450 3930; x_wconf 83' lang='lat' dir='ltr'><strong>Neque</strong></span> <span class='ocrx_word' id='word_1_557' title='bbox 2485 3871 2538 3916; x_wconf 90' lang='lat' dir='ltr'><strong>te</strong></span> <span class='ocrx_word' id='word_1_558' title='bbox 2594 3861 2858 3930; x_wconf 89' lang='lat' dir='ltr'><strong>supinum</strong></span> <span class='ocrx_word' id='word_1_559' title='bbox 2915 3871 3014 3918; x_wconf 91' lang='lat' dir='ltr'><strong>aut</strong></span> <span class='ocrx_word' id='word_1_560' title='bbox 3068 3863 3360 3918; x_wconf 89' lang='lat' dir='ltr'><strong>socordem</strong></span> <span class='ocrx_word' id='word_1_561' title='bbox 3412 3879 3600 3918; x_wconf 88' lang='lat' dir='ltr'><strong>rerum</strong></span> 
     </span>
    </p>
   </div>
   <div class='ocr_carea' id='block_1_81' title="bbox 2009 3952 3598 4026">
    <p class='ocr_par' dir='ltr' id='par_1_81' title="bbox 2009 3952 3598 4026">
     <span class='ocr_line' id='line_1_81' title="bbox 2009 3952 3598 4026; baseline 0.001 -19"><span class='ocrx_word' id='word_1_562' title='bbox 2009 3952 2306 4008; x_wconf 80' lang='lat' dir='ltr'><strong>diﬂicultas</strong></span> <span class='ocrx_word' id='word_1_563' title='bbox 2357 3952 2545 4008; x_wconf 77' lang='lat' dir='ltr'><strong>faciat.</strong></span> <span class='ocrx_word' id='word_1_564' title='bbox 2602 3953 2793 4022; x_wconf 88' lang='lat' dir='ltr'><strong>Neque</strong></span> <span class='ocrx_word' id='word_1_565' title='bbox 2845 3953 2996 4007; x_wconf 91' lang='lat' dir='ltr'><strong>enim</strong></span> <span class='ocrx_word' id='word_1_566' title='bbox 3078 3954 3439 4026; x_wconf 76' lang='lat' dir='ltr'><strong>gubernator,</strong></span> <span class='ocrx_word' id='word_1_567' title='bbox 3501 3953 3598 4008; x_wconf 87' lang='lat' dir='ltr'><strong>ubi</strong></span> 
     </span>
    </p>
   </div>
   <div class='ocr_carea' id='block_1_82' title="bbox 2009 4045 3600 4116">
    <p class='ocr_par' dir='ltr' id='par_1_82' title="bbox 2009 4045 3600 4116">
     <span class='ocr_line' id='line_1_82' title="bbox 2009 4045 3600 4116; baseline 0 -16"><span class='ocrx_word' id='word_1_568' title='bbox 2009 4062 2163 4101; x_wconf 89' lang='lat' dir='ltr'><strong>mare</strong></span> <span class='ocrx_word' id='word_1_569' title='bbox 2192 4047 2373 4116; x_wconf 86' lang='lat' dir='ltr'><strong>ipsum</strong></span> <span class='ocrx_word' id='word_1_570' title='bbox 2396 4045 2664 4101; x_wconf 89' lang='lat' dir='ltr'><strong>concitari</strong></span> <span class='ocrx_word' id='word_1_571' title='bbox 2696 4055 2754 4100; x_wconf 89' lang='lat' dir='ltr'><strong>et</strong></span> <span class='ocrx_word' id='word_1_572' title='bbox 2775 4045 2966 4100; x_wconf 74' lang='lat' dir='ltr'><strong>furere</strong></span> <span class='ocrx_word' id='word_1_573' title='bbox 2995 4046 3164 4111; x_wconf 88' lang='lat' dir='ltr'><strong>videt,</strong></span> <span class='ocrx_word' id='word_1_574' title='bbox 3198 4062 3230 4100; x_wconf 89' lang='lat' dir='ltr'><strong>a</strong></span> <span class='ocrx_word' id='word_1_575' title='bbox 3263 4048 3423 4100; x_wconf 86' lang='lat' dir='ltr'><strong>navis</strong></span> <span class='ocrx_word' id='word_1_576' title='bbox 3444 4047 3600 4100; x_wconf 90' lang='lat' dir='ltr'><strong>clavo</strong></span> 
     </span>
    </p>
   </div>
   <div class='ocr_carea' id='block_1_83' title="bbox 2009 4137 3601 4208">
    <p class='ocr_par' dir='ltr' id='par_1_83' title="bbox 2009 4137 3601 4208">
     <span class='ocr_line' id='line_1_83' title="bbox 2009 4137 3601 4208; baseline -0.002 -13"><span class='ocrx_word' id='word_1_577' title='bbox 2009 4150 2068 4195; x_wconf 89' lang='lat' dir='ltr'><strong>et</strong></span> <span class='ocrx_word' id='word_1_578' title='bbox 2116 4137 2510 4208; x_wconf 74' lang='lat' dir='ltr'><strong>gubernaculis</strong></span> <span class='ocrx_word' id='word_1_579' title='bbox 2561 4137 2803 4192; x_wconf 89' lang='lat' dir='ltr'><strong>discedit</strong></span> <span class='ocrx_word' id='word_1_580' title='bbox 2861 4152 2876 4189; x_wconf 87' lang='lat'><strong>:</strong></span> <span class='ocrx_word' id='word_1_581' title='bbox 2931 4152 3116 4206; x_wconf 88' lang='lat' dir='ltr'><strong>neque</strong></span> <span class='ocrx_word' id='word_1_582' title='bbox 3174 4137 3450 4202; x_wconf 89' lang='lat' dir='ltr'><strong>medicus,</strong></span> <span class='ocrx_word' id='word_1_583' title='bbox 3502 4137 3601 4192; x_wconf 86' lang='lat' dir='ltr'><strong>ubi</strong></span> 
     </span>
    </p>
   </div>
   <div class='ocr_carea' id='block_1_84' title="bbox 2006 4228 3596 4303">
    <p class='ocr_par' dir='ltr' id='par_1_84' title="bbox 2006 4228 3596 4303">
     <span class='ocr_line' id='line_1_84' title="bbox 2006 4228 3596 4303; baseline -0.003 -16"><span class='ocrx_word' id='word_1_584' title='bbox 2006 4247 2210 4303; x_wconf 81' lang='lat' dir='ltr'><strong>aegrum</strong></span> <span class='ocrx_word' id='word_1_585' title='bbox 2241 4233 2433 4286; x_wconf 88' lang='lat' dir='ltr'><strong>morbo</strong></span> <span class='ocrx_word' id='word_1_586' title='bbox 2457 4231 2661 4300; x_wconf 90' lang='lat' dir='ltr'><strong>corripi</strong></span> <span class='ocrx_word' id='word_1_587' title='bbox 2685 4229 2886 4293; x_wconf 90' lang='lat' dir='ltr'><strong>cernit,</strong></span> <span class='ocrx_word' id='word_1_588' title='bbox 2919 4230 3205 4284; x_wconf 91' lang='lat' dir='ltr'><strong>curatione</strong></span> <span class='ocrx_word' id='word_1_589' title='bbox 3238 4228 3596 4297; x_wconf 80' lang='lat' dir='ltr'><strong>supersedet:</strong></span> 
     </span>
    </p>
   </div>
   <div class='ocr_carea' id='block_1_85' title="bbox 2007 4323 3603 4392">
    <p class='ocr_par' dir='ltr' id='par_1_85' title="bbox 2007 4323 3603 4392">
     <span class='ocr_line' id='line_1_85' title="bbox 2007 4323 3603 4392; baseline -0.003 -14"><span class='ocrx_word' id='word_1_590' title='bbox 2007 4325 2104 4379; x_wconf 85' lang='lat' dir='ltr'><strong>sed</strong></span> <span class='ocrx_word' id='word_1_591' title='bbox 2137 4333 2254 4377; x_wconf 90' lang='lat' dir='ltr'><strong>tum</strong></span> <span class='ocrx_word' id='word_1_592' title='bbox 2289 4324 2528 4377; x_wconf 80' lang='lat' dir='ltr'><strong>maxime</strong></span> <span class='ocrx_word' id='word_1_593' title='bbox 2559 4333 2797 4392; x_wconf 79' lang='lat' dir='ltr'><strong>uterque</strong></span> <span class='ocrx_word' id='word_1_594' title='bbox 2831 4323 3067 4377; x_wconf 89' lang='lat' dir='ltr'><strong>istorum</strong></span> <span class='ocrx_word' id='word_1_595' title='bbox 3125 4332 3301 4375; x_wconf 89' lang='lat' dir='ltr'><strong>artem</strong></span> <span class='ocrx_word' id='word_1_596' title='bbox 3353 4335 3509 4373; x_wconf 87' lang='lat' dir='ltr'><strong>suam</strong></span> <span class='ocrx_word' id='word_1_597' title='bbox 3543 4329 3603 4374; x_wconf 81' lang='lat' dir='ltr'><strong>et</strong></span> 
     </span>
    </p>
   </div>
   <div class='ocr_carea' id='block_1_86' title="bbox 2008 4413 3599 4485">
    <p class='ocr_par' dir='ltr' id='par_1_86' title="bbox 2008 4413 3599 4485">
     <span class='ocr_line' id='line_1_86' title="bbox 2008 4413 3599 4485; baseline -0.001 -17"><span class='ocrx_word' id='word_1_598' title='bbox 2008 4413 2507 4485; x_wconf 80' lang='lat' dir='ltr'><strong>promptitudiuem</strong></span> <span class='ocrx_word' id='word_1_599' title='bbox 2557 4414 2808 4469; x_wconf 88' lang='lat' dir='ltr'><strong>adhibet.</strong></span> <span class='ocrx_word' id='word_1_600' title='bbox 2865 4413 2986 4468; x_wconf 91' lang='lat' dir='ltr'><strong>Non</strong></span> <span class='ocrx_word' id='word_1_601' title='bbox 3059 4423 3111 4469; x_wconf 84' lang='lat' dir='ltr'><strong>te</strong></span> <span class='ocrx_word' id='word_1_602' title='bbox 3166 4414 3232 4467; x_wconf 88' lang='lat' dir='ltr'><strong>ad</strong></span> <span class='ocrx_word' id='word_1_603' title='bbox 3285 4413 3599 4467; x_wconf 89' lang='lat' dir='ltr'><strong>socordiam</strong></span> 
     </span>
    </p>
   </div>
   <div class='ocr_carea' id='block_1_87' title="bbox 315 4487 1903 4579">
    <p class='ocr_par' dir='ltr' id='par_1_87' title="bbox 315 4487 1894 4577">
     <span class='ocr_line' id='line_1_87' title="bbox 315 4487 1894 4577; baseline 0.016 -37"><span class='ocrx_word' id='word_1_604' title='bbox 315 4487 434 4559; x_wconf 71' lang='grc' dir='ltr'>μία.</span> <span class='ocrx_word' id='word_1_605' title='bbox 471 4492 564 4560; x_wconf 82' lang='grc' dir='ltr'><strong>Μὴ</strong></span> <span class='ocrx_word' id='word_1_606' title='bbox 591 4492 657 4562; x_wconf 82' lang='grc' dir='ltr'><strong>δὴ</strong></span> <span class='ocrx_word' id='word_1_607' title='bbox 694 4495 890 4549; x_wconf 77' lang='grc' dir='ltr'>ὕπτιον</span> <span class='ocrx_word' id='word_1_608' title='bbox 917 4500 1143 4554; x_wconf 86' lang='grc' dir='ltr'>ποιείτω</span> <span class='ocrx_word' id='word_1_609' title='bbox 1188 4521 1248 4556; x_wconf 87' lang='grc' dir='ltr'><strong>σε</strong></span> <span class='ocrx_word' id='word_1_610' title='bbox 1282 4506 1352 4558; x_wconf 79' lang='grc' dir='ltr'>τὰ</span> <span class='ocrx_word' id='word_1_611' title='bbox 1381 4487 1756 4577; x_wconf 76' lang='grc' dir='ltr'>συμϐαίνοντα</span> <span class='ocrx_word' id='word_1_612' title='bbox 1784 4528 1801 4545; x_wconf 77' lang='grc' dir='ltr'><strong>ο</strong></span> <span class='ocrx_word' id='word_1_613' title='bbox 1833 4512 1894 4565; x_wconf 86' lang='grc' dir='ltr'><strong>οὐ</strong></span> 
     </span>
    </p>
   </div>
   <div class='ocr_carea' id='block_1_88' title="bbox 2009 4487 3598 4579">
    <p class='ocr_par' dir='ltr' id='par_1_88' title="bbox 2009 4492 3598 4578">
     <span class='ocr_line' id='line_1_88' title="bbox 2009 4492 3598 4578; baseline -0.002 -17"><span class='ocrx_word' id='word_1_614' title='bbox 2009 4507 2263 4576; x_wconf 81' lang='lat' dir='ltr'><strong>redigant</strong></span> <span class='ocrx_word' id='word_1_615' title='bbox 2299 4505 2595 4578; x_wconf 69' lang='lat' dir='ltr'><strong>praesentia</strong></span> <span class='ocrx_word' id='word_1_616' title='bbox 2632 4507 2812 4573; x_wconf 88' lang='lat' dir='ltr'><strong>mala;</strong></span> <span class='ocrx_word' id='word_1_617' title='bbox 2855 4520 2964 4560; x_wconf 91' lang='lat' dir='ltr'><strong>non</strong></span> <span class='ocrx_word' id='word_1_618' title='bbox 3014 4492 3162 4559; x_wconf 85' lang='lat' dir='ltr'><strong>enim</strong></span> <span class='ocrx_word' id='word_1_619' title='bbox 3211 4507 3281 4559; x_wconf 89' lang='lat' dir='ltr'><strong>de</strong></span> <span class='ocrx_word' id='word_1_620' title='bbox 3333 4505 3417 4558; x_wconf 87' lang='lat' dir='ltr'><strong>eis</strong></span> <span class='ocrx_word' id='word_1_621' title='bbox 3472 4520 3598 4573; x_wconf 82' lang='lat' dir='ltr'><strong>quae</strong></span> 
     </span>
    </p>
   </div>
   <div class='ocr_carea' id='block_1_89' title="bbox 311 4581 1902 4670">
    <p class='ocr_par' dir='ltr' id='par_1_89' title="bbox 311 4581 1902 4670">
     <span class='ocr_line' id='line_1_89' title="bbox 311 4581 1902 4670; baseline 0.015 -36"><span class='ocrx_word' id='word_1_622' title='bbox 311 4582 419 4653; x_wconf 84' lang='grc' dir='ltr'><strong>γὰρ</strong></span> <span class='ocrx_word' id='word_1_623' title='bbox 454 4583 597 4654; x_wconf 85' lang='grc' dir='ltr'>ὑπὲρ</span> <span class='ocrx_word' id='word_1_624' title='bbox 654 4581 730 4640; x_wconf 84' lang='grc' dir='ltr'>ὧν</span> <span class='ocrx_word' id='word_1_625' title='bbox 767 4587 1014 4642; x_wconf 80' lang='grc' dir='ltr'>ποιοῦσιν</span> <span class='ocrx_word' id='word_1_626' title='bbox 1045 4593 1196 4660; x_wconf 84' lang='grc' dir='ltr'>ἡμᾶς</span> <span class='ocrx_word' id='word_1_627' title='bbox 1228 4595 1411 4665; x_wconf 71' lang='grc' dir='ltr'>ἕτεροι</span> <span class='ocrx_word' id='word_1_628' title='bbox 1474 4595 1687 4664; x_wconf 74' lang='grc' dir='ltr'>κακῶν,</span> <span class='ocrx_word' id='word_1_629' title='bbox 1741 4603 1902 4670; x_wconf 81' lang='grc' dir='ltr'>λόγον</span> 
     </span>
    </p>
   </div>
   <div class='ocr_carea' id='block_1_90' title="bbox 311 4674 1901 4757">
    <p class='ocr_par' dir='ltr' id='par_1_90' title="bbox 311 4674 1901 4757">
     <span class='ocr_line' id='line_1_90' title="bbox 311 4674 1901 4757; baseline 0.014 -30"><span class='ocrx_word' id='word_1_630' title='bbox 311 4674 558 4747; x_wconf 83' lang='grc' dir='ltr'>δώσομεν</span> <span class='ocrx_word' id='word_1_631' title='bbox 584 4693 598 4708; x_wconf 81' lang='grc'><strong><em>⁸</em></strong></span> <span class='ocrx_word' id='word_1_632' title='bbox 633 4679 773 4733; x_wconf 81' lang='grc' dir='ltr'>ἀλλὰ</span> <span class='ocrx_word' id='word_1_633' title='bbox 816 4683 910 4735; x_wconf 80' lang='grc' dir='ltr'><strong>καὶ</strong></span> <span class='ocrx_word' id='word_1_634' title='bbox 943 4686 1140 4753; x_wconf 85' lang='grc' dir='ltr'>μισθὸν</span> <span class='ocrx_word' id='word_1_635' title='bbox 1180 4688 1494 4757; x_wconf 68' lang='grc' dir='ltr'>ληψόμεθα.</span> <span class='ocrx_word' id='word_1_636' title='bbox 1549 4693 1610 4744; x_wconf 80' lang='grc' dir='ltr'><strong>Εἰ</strong></span> <span class='ocrx_word' id='word_1_637' title='bbox 1639 4694 1696 4747; x_wconf 83' lang='grc' dir='ltr'>δὲ</span> <span class='ocrx_word' id='word_1_638' title='bbox 1745 4697 1901 4749; x_wconf 76' lang='grc' dir='ltr'>αὐτοὶ</span> 
     </span>
    </p>
   </div>
   <div class='ocr_carea' id='block_1_91' title="bbox 309 4769 1902 4857">
    <p class='ocr_par' dir='ltr' id='par_1_91' title="bbox 309 4769 1902 4857">
     <span class='ocr_line' id='line_1_91' title="bbox 309 4769 1902 4857; baseline 0.014 -38"><span class='ocrx_word' id='word_1_639' title='bbox 309 4769 379 4820; x_wconf 83' lang='grc' dir='ltr'>τὰ</span> <span class='ocrx_word' id='word_1_640' title='bbox 409 4769 543 4840; x_wconf 86' lang='grc' dir='ltr'>παρ’</span> <span class='ocrx_word' id='word_1_641' title='bbox 573 4771 786 4825; x_wconf 81' lang='grc' dir='ltr'>ἑαυτῶν</span> <span class='ocrx_word' id='word_1_642' title='bbox 814 4774 888 4844; x_wconf 84' lang='grc' dir='ltr'>μὴ</span> <span class='ocrx_word' id='word_1_643' title='bbox 919 4776 1354 4849; x_wconf 77' lang='grc' dir='ltr'>είσενέγκοιμεν,</span> <span class='ocrx_word' id='word_1_644' title='bbox 1384 4783 1522 4836; x_wconf 84' lang='grc' dir='ltr'>ἀλλὰ</span> <span class='ocrx_word' id='word_1_645' title='bbox 1551 4787 1902 4857; x_wconf 74' lang='grc' dir='ltr'>ρᾳθυμήσαι-</span> 
     </span>
    </p>
   </div>
   <div class='ocr_carea' id='block_1_92' title="bbox 312 4863 1900 4950">
    <p class='ocr_par' dir='ltr' id='par_1_92' title="bbox 312 4863 1900 4950">
     <span class='ocr_line' id='line_1_92' title="bbox 312 4863 1900 4950; baseline 0.014 -38"><span class='ocrx_word' id='word_1_646' title='bbox 312 4877 434 4930; x_wconf 87' lang='grc' dir='ltr'>μεν,</span> <span class='ocrx_word' id='word_1_647' title='bbox 465 4863 618 4915; x_wconf 77' lang='grc' dir='ltr'>οὐδὲν</span> <span class='ocrx_word' id='word_1_648' title='bbox 642 4867 720 4928; x_wconf 82' lang='grc' dir='ltr'><strong>είς</strong></span> <span class='ocrx_word' id='word_1_649' title='bbox 744 4867 904 4920; x_wconf 84' lang='grc' dir='ltr'>τοῦτο</span> <span class='ocrx_word' id='word_1_650' title='bbox 937 4869 1096 4939; x_wconf 76' lang='grc' dir='ltr'>ἡμῶν</span> <span class='ocrx_word' id='word_1_651' title='bbox 1123 4876 1498 4942; x_wconf 82' lang='grc' dir='ltr'>προστήσεται</span> <span class='ocrx_word' id='word_1_652' title='bbox 1533 4880 1562 4930; x_wconf 81' lang='grc' dir='ltr'>ὁ</span> <span class='ocrx_word' id='word_1_653' title='bbox 1585 4879 1696 4932; x_wconf 87' lang='grc' dir='ltr'><strong>τῶν</strong></span> <span class='ocrx_word' id='word_1_654' title='bbox 1722 4897 1900 4950; x_wconf 74' lang='grc' dir='ltr'>πραγο</span> 
     </span>
    </p>
   </div>
   <div class='ocr_carea' id='block_1_93' title="bbox 313 4954 1900 5042">
    <p class='ocr_par' dir='ltr' id='par_1_93' title="bbox 313 4954 1900 5042">
     <span class='ocr_line' id='line_1_93' title="bbox 313 4954 1900 5042; baseline 0.013 -37"><span class='ocrx_word' id='word_1_655' title='bbox 313 4954 502 5021; x_wconf 82' lang='grc' dir='ltr'>μάτων</span> <span class='ocrx_word' id='word_1_656' title='bbox 564 4955 819 5025; x_wconf 78' lang='grc' dir='ltr'>θόρυϐος.</span> <span class='ocrx_word' id='word_1_657' title='bbox 899 4961 1059 5014; x_wconf 81' lang='grc' dir='ltr'>Ἐπεὶ</span> <span class='ocrx_word' id='word_1_658' title='bbox 1115 4963 1210 5017; x_wconf 74' lang='grc' dir='ltr'>καὶ</span> <span class='ocrx_word' id='word_1_659' title='bbox 1268 4965 1484 5030; x_wconf 76' lang='grc' dir='ltr'>Παῦλος</span> <span class='ocrx_word' id='word_1_660' title='bbox 1546 4969 1900 5042; x_wconf 82' lang='grc' dir='ltr'>δεσμωτήρια</span> 
     </span>
    </p>
   </div>
   <div class='ocr_carea' id='block_1_94' title="bbox 307 5048 1897 5127">
    <p class='ocr_par' dir='ltr' id='par_1_94' title="bbox 307 5048 1897 5127">
     <span class='ocr_line' id='line_1_94' title="bbox 307 5048 1897 5127; baseline 0.011 -27"><span class='ocrx_word' id='word_1_661' title='bbox 307 5048 496 5113; x_wconf 88' lang='grc' dir='ltr'>οίκῶν,</span> <span class='ocrx_word' id='word_1_662' title='bbox 531 5051 623 5102; x_wconf 86' lang='grc' dir='ltr'>καὶ</span> <span class='ocrx_word' id='word_1_663' title='bbox 655 5051 733 5122; x_wconf 74' lang='grc' dir='ltr'>τῷ</span> <span class='ocrx_word' id='word_1_664' title='bbox 757 5052 901 5125; x_wconf 83' lang='grc' dir='ltr'>ξύλῳ</span> <span class='ocrx_word' id='word_1_665' title='bbox 930 5055 1385 5127; x_wconf 84' lang='grc' dir='ltr'>προσδεδεμένος,</span> <span class='ocrx_word' id='word_1_666' title='bbox 1415 5062 1484 5112; x_wconf 82' lang='grc' dir='ltr'>τὰ</span> <span class='ocrx_word' id='word_1_667' title='bbox 1506 5062 1672 5116; x_wconf 84' lang='grc' dir='ltr'>αὐτοῦ</span> <span class='ocrx_word' id='word_1_668' title='bbox 1696 5066 1897 5118; x_wconf 76' lang='grc' dir='ltr'>ἐποίει·</span> 
     </span>
    </p>
   </div>
   <div class='ocr_carea' id='block_1_95' title="bbox 309 5137 1898 5224">
    <p class='ocr_par' dir='ltr' id='par_1_95' title="bbox 309 5137 1898 5224">
     <span class='ocr_line' id='line_1_95' title="bbox 309 5137 1898 5224; baseline 0.011 -34"><span class='ocrx_word' id='word_1_669' title='bbox 309 5139 404 5191; x_wconf 73' lang='grc' dir='ltr'><strong>καὶ</strong></span> <span class='ocrx_word' id='word_1_670' title='bbox 427 5139 611 5203; x_wconf 85' lang='grc' dir='ltr'>Ἰωνᾶς</span> <span class='ocrx_word' id='word_1_671' title='bbox 642 5144 700 5195; x_wconf 84' lang='grc' dir='ltr'>ἐν</span> <span class='ocrx_word' id='word_1_672' title='bbox 738 5145 939 5213; x_wconf 78' lang='grc' dir='ltr'>γαστρὶ</span> <span class='ocrx_word' id='word_1_673' title='bbox 971 5145 1066 5197; x_wconf 84' lang='grc' dir='ltr'>τοῦ</span> <span class='ocrx_word' id='word_1_674' title='bbox 1093 5145 1388 5203; x_wconf 81' lang='grc' dir='ltr'>Θαλαττίου</span> <span class='ocrx_word' id='word_1_675' title='bbox 1432 5137 1627 5222; x_wconf 82' lang='grc' dir='ltr'>θηρίου</span> <span class='ocrx_word' id='word_1_676' title='bbox 1660 5155 1898 5224; x_wconf 81' lang='grc' dir='ltr'>φερόμε-</span> 
     </span>
    </p>
   </div>
   <div class='ocr_carea' id='block_1_96' title="bbox 307 5232 1897 5318">
    <p class='ocr_par' dir='ltr' id='par_1_96' title="bbox 307 5232 1897 5318">
     <span class='ocr_line' id='line_1_96' title="bbox 307 5232 1897 5318; baseline 0.013 -38"><span class='ocrx_word' id='word_1_677' title='bbox 307 5245 433 5291; x_wconf 74' lang='grc' dir='ltr'>νοςο</span> <span class='ocrx_word' id='word_1_678' title='bbox 467 5232 562 5284; x_wconf 77' lang='grc' dir='ltr'><strong>καὶ</strong></span> <span class='ocrx_word' id='word_1_679' title='bbox 593 5233 642 5283; x_wconf 80' lang='lat' dir='ltr'><strong>oi</strong></span> <span class='ocrx_word' id='word_1_680' title='bbox 686 5238 832 5302; x_wconf 82' lang='grc' dir='ltr'>τρεῖς</span> <span class='ocrx_word' id='word_1_681' title='bbox 898 5236 1089 5297; x_wconf 84' lang='grc' dir='ltr'>παῖδες</span> <span class='ocrx_word' id='word_1_682' title='bbox 1121 5238 1170 5289; x_wconf 76' lang='lat' dir='ltr'><strong>oi</strong></span> <span class='ocrx_word' id='word_1_683' title='bbox 1215 5240 1276 5291; x_wconf 81' lang='grc' dir='ltr'><strong>ἐν</strong></span> <span class='ocrx_word' id='word_1_684' title='bbox 1325 5244 1394 5310; x_wconf 83' lang='grc' dir='ltr'>τῇ</span> <span class='ocrx_word' id='word_1_685' title='bbox 1435 5244 1652 5313; x_wconf 80' lang='grc' dir='ltr'>καμίνῳ</span> <span class='ocrx_word' id='word_1_686' title='bbox 1685 5243 1897 5318; x_wconf 80' lang='grc' dir='ltr'>διατρί-</span> 
     </span>
    </p>
   </div>
   <div class='ocr_carea' id='block_1_97' title="bbox 309 5321 1898 5409">
    <p class='ocr_par' dir='ltr' id='par_1_97' title="bbox 309 5321 1898 5409">
     <span class='ocr_line' id='line_1_97' title="bbox 309 5321 1898 5409; baseline 0.012 -37"><span class='ocrx_word' id='word_1_687' title='bbox 309 5321 530 5385; x_wconf 78' lang='grc' dir='ltr'>ϐοντες’</span> <span class='ocrx_word' id='word_1_688' title='bbox 563 5324 658 5376; x_wconf 79' lang='grc' dir='ltr'><strong>καὶ</strong></span> <span class='ocrx_word' id='word_1_689' title='bbox 690 5326 883 5382; x_wconf 74' lang='grc' dir='ltr'>οὐδένα</span> <span class='ocrx_word' id='word_1_690' title='bbox 916 5329 1126 5384; x_wconf 85' lang='grc' dir='ltr'>τούτων</span> <span class='ocrx_word' id='word_1_691' title='bbox 1156 5331 1225 5385; x_wconf 73' lang='grc' dir='ltr'>τὰ</span> <span class='ocrx_word' id='word_1_692' title='bbox 1261 5334 1487 5387; x_wconf 85' lang='grc' dir='ltr'>ποικίλα</span> <span class='ocrx_word' id='word_1_693' title='bbox 1541 5336 1898 5409; x_wconf 83' lang='grc' dir='ltr'>δεσμωτήρια</span> 
     </span>
    </p>
   </div>
   <div class='ocr_carea' id='block_1_98' title="bbox 305 5413 1892 5496">
    <p class='ocr_par' dir='ltr' id='par_1_98' title="bbox 305 5413 1892 5496">
     <span class='ocr_line' id='line_1_98' title="bbox 305 5413 1892 5496; baseline 0.011 -30"><span class='ocrx_word' id='word_1_694' title='bbox 305 5413 484 5468; x_wconf 78' lang='grc' dir='ltr'>ταῦτα</span> <span class='ocrx_word' id='word_1_695' title='bbox 544 5419 926 5490; x_wconf 68' lang='grc' dir='ltr'>ῥᾳθυμότερον</span> <span class='ocrx_word' id='word_1_696' title='bbox 978 5428 1268 5496; x_wconf 81' lang='grc' dir='ltr'>πεποίηκε.</span> <span class='ocrx_word' id='word_1_697' title='bbox 1331 5426 1500 5480; x_wconf 78' lang='grc' dir='ltr'>Ταῦτ’</span> <span class='ocrx_word' id='word_1_698' title='bbox 1530 5426 1626 5482; x_wconf 84' lang='grc' dir='ltr'><strong>οὖν</strong></span> <span class='ocrx_word' id='word_1_699' title='bbox 1670 5430 1892 5496; x_wconf 83' lang='grc' dir='ltr'>ἐννοῶν,</span> 
     </span>
    </p>
   </div>
   <div class='ocr_carea' id='block_1_99' title="bbox 305 5507 1898 5589">
    <p class='ocr_par' dir='ltr' id='par_1_99' title="bbox 305 5507 1898 5589">
     <span class='ocr_line' id='line_1_99' title="bbox 305 5507 1898 5589; baseline 0.011 -31"><span class='ocrx_word' id='word_1_700' title='bbox 305 5507 545 5561; x_wconf 83' lang='grc' dir='ltr'>δέσποτά</span> <span class='ocrx_word' id='word_1_701' title='bbox 579 5527 706 5578; x_wconf 86' lang='grc' dir='ltr'>μου,</span> <span class='ocrx_word' id='word_1_702' title='bbox 771 5515 866 5566; x_wconf 77' lang='grc' dir='ltr'><strong>καὶ</strong></span> <span class='ocrx_word' id='word_1_703' title='bbox 924 5515 1181 5587; x_wconf 84' lang='grc' dir='ltr'>Φοινίκης</span> <span class='ocrx_word' id='word_1_704' title='bbox 1221 5518 1603 5589; x_wconf 76' lang='grc' dir='ltr'>καὶἈραϐίας</span> <span class='ocrx_word' id='word_1_705' title='bbox 1655 5523 1898 5576; x_wconf 72' lang='grc' dir='ltr'>καὶτῶν</span> 
     </span>
    </p>
   </div>
   <div class='ocr_carea' id='block_1_100' title="bbox 307 5597 1891 5683">
    <p class='ocr_par' dir='ltr' id='par_1_100' title="bbox 307 5597 1891 5683">
     <span class='ocr_line' id='line_1_100' title="bbox 307 5597 1891 5683; baseline 0.009 -30"><span class='ocrx_word' id='word_1_706' title='bbox 307 5597 454 5653; x_wconf 82' lang='grc' dir='ltr'>κατὰ</span> <span class='ocrx_word' id='word_1_707' title='bbox 483 5601 583 5670; x_wconf 77' lang='grc' dir='ltr'>τὴν</span> <span class='ocrx_word' id='word_1_708' title='bbox 607 5604 876 5677; x_wconf 77' lang='grc' dir='ltr'>ἀνατολὴν</span> <span class='ocrx_word' id='word_1_709' title='bbox 901 5609 975 5676; x_wconf 82' lang='grc' dir='ltr'>μὴ</span> <span class='ocrx_word' id='word_1_710' title='bbox 1012 5609 1196 5682; x_wconf 83' lang='grc' dir='ltr'>παύσῃ</span> <span class='ocrx_word' id='word_1_711' title='bbox 1225 5611 1529 5680; x_wconf 66' lang='grc' dir='ltr'>φροντίζων</span> <span class='ocrx_word' id='word_1_712' title='bbox 1562 5613 1891 5683; x_wconf 65' lang='grc' dir='ltr'>ὲκκλτισιῶνο</span> 
     </span>
    </p>
   </div>
   <div class='ocr_carea' id='block_1_101' title="bbox 305 5691 1894 5777">
    <p class='ocr_par' dir='ltr' id='par_1_101' title="bbox 305 5691 1894 5777">
     <span class='ocr_line' id='line_1_101' title="bbox 305 5691 1894 5777; baseline 0.011 -34"><span class='ocrx_word' id='word_1_713' title='bbox 305 5691 465 5755; x_wconf 85' lang='grc' dir='ltr'>είδὼς</span> <span class='ocrx_word' id='word_1_714' title='bbox 503 5695 584 5748; x_wconf 85' lang='grc' dir='ltr'><strong>ὅτι</strong></span> <span class='ocrx_word' id='word_1_715' title='bbox 621 5697 846 5749; x_wconf 88' lang='grc' dir='ltr'>πλείονα</span> <span class='ocrx_word' id='word_1_716' title='bbox 870 5698 1017 5772; x_wconf 69' lang='grc' dir='ltr'>λήψῃ</span> <span class='ocrx_word' id='word_1_717' title='bbox 1048 5703 1138 5754; x_wconf 67' lang='grc' dir='ltr'><strong>τὸν</strong></span> <span class='ocrx_word' id='word_1_718' title='bbox 1183 5705 1400 5770; x_wconf 86' lang='grc' dir='ltr'>μισθὸν,</span> <span class='ocrx_word' id='word_1_719' title='bbox 1425 5706 1534 5777; x_wconf 83' lang='grc' dir='ltr'>ὅσῳ</span> <span class='ocrx_word' id='word_1_720' title='bbox 1579 5708 1674 5759; x_wconf 71' lang='grc' dir='ltr'><strong>καὶ</strong></span> <span class='ocrx_word' id='word_1_721' title='bbox 1703 5707 1894 5760; x_wconf 85' lang='grc' dir='ltr'>τοσού-</span> 
     </span>
    </p>
   </div>
   <div class='ocr_carea' id='block_1_102' title="bbox 302 5782 1892 5868">
    <p class='ocr_par' dir='ltr' id='par_1_102' title="bbox 302 5782 1892 5868">
     <span class='ocr_line' id='line_1_102' title="bbox 302 5782 1892 5868; baseline 0.01 -32"><span class='ocrx_word' id='word_1_722' title='bbox 302 5799 416 5838; x_wconf 77' lang='grc' dir='ltr'><strong>των</strong></span> <span class='ocrx_word' id='word_1_723' title='bbox 440 5782 612 5840; x_wconf 78' lang='grc' dir='ltr'>ὄντων</span> <span class='ocrx_word' id='word_1_724' title='bbox 642 5787 752 5841; x_wconf 87' lang='grc' dir='ltr'><strong>τῶν</strong></span> <span class='ocrx_word' id='word_1_725' title='bbox 777 5788 1141 5860; x_wconf 73' lang='grc' dir='ltr'>κωλυμὲιτων,</span> <span class='ocrx_word' id='word_1_726' title='bbox 1199 5794 1265 5847; x_wconf 78' lang='grc' dir='ltr'><strong>τὰ</strong></span> <span class='ocrx_word' id='word_1_727' title='bbox 1295 5795 1447 5866; x_wconf 77' lang='grc' dir='ltr'>παρὰ</span> <span class='ocrx_word' id='word_1_728' title='bbox 1476 5795 1674 5851; x_wconf 58' lang='grc' dir='ltr'>σαυτοῦ</span> <span class='ocrx_word' id='word_1_729' title='bbox 1708 5798 1892 5868; x_wconf 75' lang='grc' dir='ltr'>εἰσφέ-</span> 
     </span>
    </p>
   </div>
   <div class='ocr_carea' id='block_1_103' title="bbox 2009 4596 3637 4664">
    <p class='ocr_par' dir='ltr' id='par_1_103' title="bbox 2009 4596 3637 4664">
     <span class='ocr_line' id='line_1_103' title="bbox 2009 4596 3637 4664; baseline -0.005 -10"><span class='ocrx_word' id='word_1_730' title='bbox 2009 4600 2174 4654; x_wconf 89' lang='lat' dir='ltr'><strong>nobis</strong></span> <span class='ocrx_word' id='word_1_731' title='bbox 2215 4601 2535 4654; x_wconf 78' lang='lat' dir='ltr'><strong>inferuntur</strong></span> <span class='ocrx_word' id='word_1_732' title='bbox 2589 4597 3019 4660; x_wconf 83' lang='lat' dir='ltr'><strong>calamitatibus,</strong></span> <span class='ocrx_word' id='word_1_733' title='bbox 3073 4598 3356 4664; x_wconf 30' lang='lat' dir='ltr'><strong>rationem.</strong></span> <span class='ocrx_word' id='word_1_734' title='bbox 3397 4596 3600 4650; x_wconf 84' lang='lat' dir='ltr'><strong>redde-</strong></span> <span class='ocrx_word' id='word_1_735' title='bbox 3635 4644 3637 4646; x_wconf 80' lang='lat'><strong>.</strong></span> 
     </span>
    </p>
   </div>
   <div class='ocr_carea' id='block_1_104' title="bbox 2010 4689 3598 4760">
    <p class='ocr_par' dir='ltr' id='par_1_104' title="bbox 2010 4689 3598 4760">
     <span class='ocr_line' id='line_1_104' title="bbox 2010 4689 3598 4760; baseline -0.001 -16"><span class='ocrx_word' id='word_1_736' title='bbox 2010 4707 2155 4753; x_wconf 89' lang='lat' dir='ltr'><strong>mus,</strong></span> <span class='ocrx_word' id='word_1_737' title='bbox 2185 4691 2320 4758; x_wconf 87' lang='lat' dir='ltr'><strong>quin</strong></span> <span class='ocrx_word' id='word_1_738' title='bbox 2351 4690 2538 4760; x_wconf 89' lang='lat' dir='ltr'><strong>potius</strong></span> <span class='ocrx_word' id='word_1_739' title='bbox 2573 4690 2887 4744; x_wconf 89' lang='lat' dir='ltr'><strong>mercedem</strong></span> <span class='ocrx_word' id='word_1_740' title='bbox 2935 4690 3297 4760; x_wconf 85' lang='lat' dir='ltr'><strong>accipiemus.</strong></span> <span class='ocrx_word' id='word_1_741' title='bbox 3349 4689 3404 4743; x_wconf 91' lang='lat' dir='ltr'><strong>Si</strong></span> <span class='ocrx_word' id='word_1_742' title='bbox 3465 4705 3598 4742; x_wconf 86' lang='lat' dir='ltr'><strong>vero</strong></span> 
     </span>
    </p>
   </div>
   <div class='ocr_carea' id='block_1_105' title="bbox 2008 4781 3598 4852">
    <p class='ocr_par' dir='ltr' id='par_1_105' title="bbox 2008 4781 3598 4852">
     <span class='ocr_line' id='line_1_105' title="bbox 2008 4781 3598 4852; baseline -0.001 -16"><span class='ocrx_word' id='word_1_743' title='bbox 2008 4798 2224 4852; x_wconf 69' lang='lat' dir='ltr'><strong>ea-quae</strong></span> <span class='ocrx_word' id='word_1_744' title='bbox 2259 4784 2316 4836; x_wconf 90' lang='lat' dir='ltr'><strong>in</strong></span> <span class='ocrx_word' id='word_1_745' title='bbox 2353 4783 2514 4836; x_wconf 88' lang='lat' dir='ltr'><strong>nobis</strong></span> <span class='ocrx_word' id='word_1_746' title='bbox 2546 4793 2698 4846; x_wconf 91' lang='lat' dir='ltr'><strong>sunt,</strong></span> <span class='ocrx_word' id='word_1_747' title='bbox 2731 4783 2782 4836; x_wconf 92' lang='lat' dir='ltr'><strong>in</strong></span> <span class='ocrx_word' id='word_1_748' title='bbox 2811 4781 3116 4836; x_wconf 86' lang='lat' dir='ltr'><strong>Ecclesiam</strong></span> <span class='ocrx_word' id='word_1_749' title='bbox 3150 4798 3259 4836; x_wconf 91' lang='lat' dir='ltr'><strong>non</strong></span> <span class='ocrx_word' id='word_1_750' title='bbox 3285 4782 3598 4837; x_wconf 85' lang='lat' dir='ltr'><strong>contuleri-</strong></span> 
     </span>
    </p>
   </div>
   <div class='ocr_carea' id='block_1_106' title="bbox 2009 4875 3597 4942">
    <p class='ocr_par' dir='ltr' id='par_1_106' title="bbox 2009 4875 3597 4942">
     <span class='ocr_line' id='line_1_106' title="bbox 2009 4875 3597 4942; baseline 0.001 -13"><span class='ocrx_word' id='word_1_751' title='bbox 2009 4891 2155 4942; x_wconf 90' lang='lat' dir='ltr'><strong>mus,</strong></span> <span class='ocrx_word' id='word_1_752' title='bbox 2187 4876 2283 4930; x_wconf 89' lang='lat' dir='ltr'><strong>sed</strong></span> <span class='ocrx_word' id='word_1_753' title='bbox 2342 4875 2562 4930; x_wconf 83' lang='lat' dir='ltr'><strong>desides</strong></span> <span class='ocrx_word' id='word_1_754' title='bbox 2619 4875 2916 4937; x_wconf 88' lang='lat' dir='ltr'><strong>iuerimus,</strong></span> <span class='ocrx_word' id='word_1_755' title='bbox 2951 4876 3089 4930; x_wconf 82' lang='lat' dir='ltr'><strong>nihil</strong></span> <span class='ocrx_word' id='word_1_756' title='bbox 3143 4892 3245 4931; x_wconf 90' lang='lat' dir='ltr'><strong>nos</strong></span> <span class='ocrx_word' id='word_1_757' title='bbox 3296 4891 3360 4930; x_wconf 89' lang='lat' dir='ltr'><strong>ea</strong></span> <span class='ocrx_word' id='word_1_758' title='bbox 3425 4877 3479 4930; x_wconf 90' lang='lat' dir='ltr'><strong>in</strong></span> <span class='ocrx_word' id='word_1_759' title='bbox 3537 4893 3597 4931; x_wconf 90' lang='lat' dir='ltr'><strong>re</strong></span> 
     </span>
    </p>
   </div>
   <div class='ocr_carea' id='block_1_107' title="bbox 2007 4971 3597 5041">
    <p class='ocr_par' dir='ltr' id='par_1_107' title="bbox 2007 4971 3597 5041">
     <span class='ocr_line' id='line_1_107' title="bbox 2007 4971 3597 5041; baseline 0.001 -17"><span class='ocrx_word' id='word_1_760' title='bbox 2007 4971 2296 5040; x_wconf 72' lang='lat' dir='ltr'><strong>adiuvabit</strong></span> <span class='ocrx_word' id='word_1_761' title='bbox 2327 4981 2422 5026; x_wconf 87' lang='lat' dir='ltr'><strong>ant</strong></span> <span class='ocrx_word' id='word_1_762' title='bbox 2461 4971 2718 5025; x_wconf 76' lang='lat' dir='ltr'><strong>defendet</strong></span> <span class='ocrx_word' id='word_1_763' title='bbox 2756 4971 3022 5025; x_wconf 88' lang='lat' dir='ltr'><strong>malorum</strong></span> <span class='ocrx_word' id='word_1_764' title='bbox 3065 4973 3336 5027; x_wconf 89' lang='lat' dir='ltr'><strong>tumultus</strong></span> <span class='ocrx_word' id='word_1_765' title='bbox 3368 4993 3381 5027; x_wconf 88' lang='lat'><strong>:</strong></span> <span class='ocrx_word' id='word_1_766' title='bbox 3417 4989 3597 5041; x_wconf 86' lang='lat' dir='ltr'><strong>quan-</strong></span> 
     </span>
    </p>
   </div>
   <div class='ocr_carea' id='block_1_108' title="bbox 2005 5062 3598 5133">
    <p class='ocr_par' dir='ltr' id='par_1_108' title="bbox 2005 5062 3598 5133">
     <span class='ocr_line' id='line_1_108' title="bbox 2005 5062 3598 5133; baseline 0.003 -17"><span class='ocrx_word' id='word_1_767' title='bbox 2005 5062 2304 5133; x_wconf 89' lang='lat' dir='ltr'><strong>doquidem</strong></span> <span class='ocrx_word' id='word_1_768' title='bbox 2338 5072 2394 5118; x_wconf 92' lang='lat' dir='ltr'><strong>et</strong></span> <span class='ocrx_word' id='word_1_769' title='bbox 2426 5063 2629 5118; x_wconf 87' lang='lat' dir='ltr'><strong>Paulus</strong></span> <span class='ocrx_word' id='word_1_770' title='bbox 2663 5077 2943 5117; x_wconf 75' lang='lat' dir='ltr'><strong>carcerem</strong></span> <span class='ocrx_word' id='word_1_771' title='bbox 2977 5065 3245 5129; x_wconf 89' lang='lat' dir='ltr'><strong>incolens,</strong></span> <span class='ocrx_word' id='word_1_772' title='bbox 3275 5066 3328 5118; x_wconf 91' lang='lat' dir='ltr'><strong>in</strong></span> <span class='ocrx_word' id='word_1_773' title='bbox 3360 5067 3598 5120; x_wconf 81' lang='lat' dir='ltr'><strong>vinculis</strong></span> 
     </span>
    </p>
   </div>
   <div class='ocr_carea' id='block_1_109' title="bbox 1996 5144 3597 5214">
    <p class='ocr_par' dir='ltr' id='par_1_109' title="bbox 1996 5144 3597 5214">
     <span class='ocr_line' id='line_1_109' title="bbox 1996 5144 3597 5214; baseline 0.004 -6"><span class='ocrx_word' id='word_1_774' title='bbox 1996 5144 2249 5208; x_wconf 71' lang='lat' dir='ltr'><strong>cilicium</strong></span> <span class='ocrx_word' id='word_1_775' title='bbox 2295 5171 2457 5210; x_wconf 89' lang='lat' dir='ltr'><strong>suum</strong></span> <span class='ocrx_word' id='word_1_776' title='bbox 2492 5156 2643 5209; x_wconf 77' lang='lat' dir='ltr'><strong>fecit.</strong></span> <span class='ocrx_word' id='word_1_777' title='bbox 2707 5156 2777 5210; x_wconf 87' lang='lat' dir='ltr'><strong>Et</strong></span> <span class='ocrx_word' id='word_1_778' title='bbox 2822 5156 2990 5211; x_wconf 83' lang='lat' dir='ltr'><strong>Jonas</strong></span> <span class='ocrx_word' id='word_1_779' title='bbox 3041 5157 3095 5210; x_wconf 92' lang='lat' dir='ltr'><strong>in</strong></span> <span class='ocrx_word' id='word_1_780' title='bbox 3151 5170 3345 5213; x_wconf 83' lang='lat' dir='ltr'><strong>ventre</strong></span> <span class='ocrx_word' id='word_1_781' title='bbox 3402 5159 3597 5214; x_wconf 70' lang='lat' dir='ltr'><strong>bellua:</strong></span> 
     </span>
    </p>
   </div>
   <div class='ocr_carea' id='block_1_110' title="bbox 2006 5247 3596 5319">
    <p class='ocr_par' dir='ltr' id='par_1_110' title="bbox 2006 5247 3596 5319">
     <span class='ocr_line' id='line_1_110' title="bbox 2006 5247 3596 5319; baseline 0.002 -21"><span class='ocrx_word' id='word_1_782' title='bbox 2006 5247 2238 5300; x_wconf 67' lang='lat' dir='ltr'><strong>marinae</strong></span> <span class='ocrx_word' id='word_1_783' title='bbox 2266 5248 2516 5302; x_wconf 88' lang='lat' dir='ltr'><strong>inclusus</strong></span> <span class='ocrx_word' id='word_1_784' title='bbox 2542 5248 2672 5310; x_wconf 84' lang='lat' dir='ltr'><strong>fuit,</strong></span> <span class='ocrx_word' id='word_1_785' title='bbox 2709 5259 2766 5302; x_wconf 89' lang='lat' dir='ltr'><strong>et</strong></span> <span class='ocrx_word' id='word_1_786' title='bbox 2799 5257 2911 5302; x_wconf 91' lang='lat' dir='ltr'><strong>tres</strong></span> <span class='ocrx_word' id='word_1_787' title='bbox 2943 5250 3102 5319; x_wconf 90' lang='lat' dir='ltr'><strong>pueri</strong></span> <span class='ocrx_word' id='word_1_788' title='bbox 3145 5251 3198 5304; x_wconf 85' lang='lat' dir='ltr'><strong>in</strong></span> <span class='ocrx_word' id='word_1_789' title='bbox 3227 5254 3448 5305; x_wconf 89' lang='lat' dir='ltr'><strong>camino</strong></span> <span class='ocrx_word' id='word_1_790' title='bbox 3479 5266 3596 5303; x_wconf 88' lang='lat' dir='ltr'><strong>ver-</strong></span> 
     </span>
    </p>
   </div>
   <div class='ocr_carea' id='block_1_111' title="bbox 2003 5338 3594 5410">
    <p class='ocr_par' dir='ltr' id='par_1_111' title="bbox 2003 5338 3594 5410">
     <span class='ocr_line' id='line_1_111' title="bbox 2003 5338 3594 5410; baseline 0.004 -21"><span class='ocrx_word' id='word_1_791' title='bbox 2003 5338 2106 5390; x_wconf 88' lang='lat' dir='ltr'><strong>sati</strong></span> <span class='ocrx_word' id='word_1_792' title='bbox 2141 5347 2269 5391; x_wconf 91' lang='lat' dir='ltr'><strong>sunt</strong></span> <span class='ocrx_word' id='word_1_793' title='bbox 2299 5355 2313 5392; x_wconf 90' lang='lat'><strong>:</strong></span> <span class='ocrx_word' id='word_1_794' title='bbox 2351 5354 2532 5408; x_wconf 83' lang='lat' dir='ltr'><strong>neque</strong></span> <span class='ocrx_word' id='word_1_795' title='bbox 2569 5349 2751 5392; x_wconf 84' lang='lat' dir='ltr'><strong>tamen</strong></span> <span class='ocrx_word' id='word_1_796' title='bbox 2788 5340 2988 5394; x_wconf 90' lang='lat' dir='ltr'><strong>horum</strong></span> <span class='ocrx_word' id='word_1_797' title='bbox 3013 5357 3344 5410; x_wconf 87' lang='lat' dir='ltr'><strong>quemquam</strong></span> <span class='ocrx_word' id='word_1_798' title='bbox 3381 5340 3594 5395; x_wconf 84' lang='lat' dir='ltr'><strong>vincula</strong></span> 
     </span>
    </p>
   </div>
   <div class='ocr_carea' id='block_1_112' title="bbox 2002 5430 3594 5503">
    <p class='ocr_par' dir='ltr' id='par_1_112' title="bbox 2002 5430 3594 5503">
     <span class='ocr_line' id='line_1_112' title="bbox 2002 5430 3594 5503; baseline 0.003 -21"><span class='ocrx_word' id='word_1_799' title='bbox 2002 5431 2152 5485; x_wconf 83' lang='lat' dir='ltr'><strong>varia</strong></span> <span class='ocrx_word' id='word_1_800' title='bbox 2184 5430 2248 5484; x_wconf 90' lang='lat' dir='ltr'><strong>ad</strong></span> <span class='ocrx_word' id='word_1_801' title='bbox 2282 5430 2551 5485; x_wconf 85' lang='lat' dir='ltr'><strong>desidiam</strong></span> <span class='ocrx_word' id='word_1_802' title='bbox 2585 5432 2872 5502; x_wconf 77' lang='lat' dir='ltr'><strong>redegere.</strong></span> <span class='ocrx_word' id='word_1_803' title='bbox 2907 5432 3032 5487; x_wconf 64' lang='lat' dir='ltr'><strong>Hmc</strong></span> <span class='ocrx_word' id='word_1_804' title='bbox 3059 5436 3176 5503; x_wconf 88' lang='lat' dir='ltr'><strong>ipsa</strong></span> <span class='ocrx_word' id='word_1_805' title='bbox 3210 5443 3389 5487; x_wconf 88' lang='lat' dir='ltr'><strong>tecum</strong></span> <span class='ocrx_word' id='word_1_806' title='bbox 3427 5448 3594 5501; x_wconf 89' lang='lat' dir='ltr'><strong>repu-</strong></span> 
     </span>
    </p>
   </div>
   <div class='ocr_carea' id='block_1_113' title="bbox 2005 5523 3594 5590">
    <p class='ocr_par' dir='ltr' id='par_1_113' title="bbox 2005 5523 3594 5590">
     <span class='ocr_line' id='line_1_113' title="bbox 2005 5523 3594 5590; baseline 0.003 -16"><span class='ocrx_word' id='word_1_807' title='bbox 2005 5531 2149 5586; x_wconf 89' lang='lat' dir='ltr'><strong>tans,</strong></span> <span class='ocrx_word' id='word_1_808' title='bbox 2193 5523 2415 5577; x_wconf 87' lang='lat' dir='ltr'><strong>domine</strong></span> <span class='ocrx_word' id='word_1_809' title='bbox 2458 5526 2555 5585; x_wconf 91' lang='lat' dir='ltr'><strong>mi,</strong></span> <span class='ocrx_word' id='word_1_810' title='bbox 2600 5538 2666 5578; x_wconf 90' lang='lat' dir='ltr'><strong>ne</strong></span> <span class='ocrx_word' id='word_1_811' title='bbox 2708 5525 2961 5579; x_wconf 88' lang='lat' dir='ltr'><strong>omiseris</strong></span> <span class='ocrx_word' id='word_1_812' title='bbox 3002 5525 3318 5589; x_wconf 66' lang='lat' dir='ltr'><strong>Pliteniciaa,</strong></span> <span class='ocrx_word' id='word_1_813' title='bbox 3354 5525 3594 5590; x_wconf 68' lang='lat' dir='ltr'><strong>Arabiae,</strong></span> 
     </span>
    </p>
   </div>
   <div class='ocr_carea' id='block_1_114' title="bbox 2001 5615 3593 5688">
    <p class='ocr_par' dir='ltr' id='par_1_114' title="bbox 2001 5615 3593 5688">
     <span class='ocr_line' id='line_1_114' title="bbox 2001 5615 3593 5688; baseline 0.003 -19"><span class='ocrx_word' id='word_1_814' title='bbox 2001 5625 2057 5669; x_wconf 91' lang='lat' dir='ltr'><strong>et</strong></span> <span class='ocrx_word' id='word_1_815' title='bbox 2088 5615 2331 5670; x_wconf 86' lang='lat' dir='ltr'><strong>Orientis</strong></span> <span class='ocrx_word' id='word_1_816' title='bbox 2372 5617 2731 5672; x_wconf 89' lang='lat' dir='ltr'><strong>ecclesiarum</strong></span> <span class='ocrx_word' id='word_1_817' title='bbox 2773 5633 2964 5673; x_wconf 85' lang='lat' dir='ltr'><strong>curam</strong></span> <span class='ocrx_word' id='word_1_818' title='bbox 2999 5633 3192 5687; x_wconf 82' lang='lat' dir='ltr'><strong>gerere</strong></span> <span class='ocrx_word' id='word_1_819' title='bbox 3228 5636 3240 5672; x_wconf 90' lang='lat'>:</span> <span class='ocrx_word' id='word_1_820' title='bbox 3290 5620 3421 5673; x_wconf 90' lang='lat' dir='ltr'><strong>illud</strong></span> <span class='ocrx_word' id='word_1_821' title='bbox 3471 5635 3593 5688; x_wconf 87' lang='lat' dir='ltr'><strong>per-</strong></span> 
     </span>
    </p>
   </div>
   <div class='ocr_carea' id='block_1_115' title="bbox 2001 5708 3590 5782">
    <p class='ocr_par' dir='ltr' id='par_1_115' title="bbox 2001 5708 3590 5782">
     <span class='ocr_line' id='line_1_115' title="bbox 2001 5708 3590 5782; baseline 0.003 -20"><span class='ocrx_word' id='word_1_822' title='bbox 2001 5723 2226 5762; x_wconf 89' lang='lat' dir='ltr'><strong>suasum</strong></span> <span class='ocrx_word' id='word_1_823' title='bbox 2261 5708 2496 5776; x_wconf 86' lang='lat' dir='ltr'><strong>habens,</strong></span> <span class='ocrx_word' id='word_1_824' title='bbox 2529 5711 2865 5780; x_wconf 85' lang='lat' dir='ltr'><strong>locupletem</strong></span> <span class='ocrx_word' id='word_1_825' title='bbox 2901 5719 2953 5766; x_wconf 90' lang='lat' dir='ltr'><strong>te</strong></span> <span class='ocrx_word' id='word_1_826' title='bbox 2982 5713 3296 5766; x_wconf 89' lang='lat' dir='ltr'><strong>mercedem</strong></span> <span class='ocrx_word' id='word_1_827' title='bbox 3335 5723 3590 5782; x_wconf 81' lang='lat' dir='ltr'><strong>receptu-</strong></span> 
     </span>
    </p>
   </div>
   <div class='ocr_carea' id='block_1_116' title="bbox 2000 5803 3588 5868">
    <p class='ocr_par' dir='ltr' id='par_1_116' title="bbox 2000 5803 3588 5868">
     <span class='ocr_line' id='line_1_116' title="bbox 2000 5803 3588 5868; baseline 0.003 -14"><span class='ocrx_word' id='word_1_828' title='bbox 2000 5815 2122 5854; x_wconf 90' lang='lat' dir='ltr'><strong>rum</strong></span> <span class='ocrx_word' id='word_1_829' title='bbox 2203 5815 2356 5868; x_wconf 86' lang='lat' dir='ltr'><strong>esse,</strong></span> <span class='ocrx_word' id='word_1_830' title='bbox 2447 5803 2490 5855; x_wconf 84' lang='lat' dir='ltr'><strong>si</strong></span> <span class='ocrx_word' id='word_1_831' title='bbox 2565 5811 2640 5857; x_wconf 86' lang='lat' dir='ltr'><strong>tot</strong></span> <span class='ocrx_word' id='word_1_832' title='bbox 2724 5811 2780 5856; x_wconf 90' lang='lat' dir='ltr'><strong>et</strong></span> <span class='ocrx_word' id='word_1_833' title='bbox 2862 5803 3032 5861; x_wconf 87' lang='lat' dir='ltr'><strong>tantis</strong></span> <span class='ocrx_word' id='word_1_834' title='bbox 3103 5803 3588 5859; x_wconf 77' lang='lat' dir='ltr'><strong>intercedentibus</strong></span> 
     </span>
    </p>
   </div>
  </div>
