  <div class='ocr_page' id='page_1' title='image "/cluster/home/n/w/nwhite01/storage/ocr_20150623/146:no.2/coo.31924054870518/517.png"; bbox 0 0 2022 3223; ppageno 0'>
   <div class='ocr_carea' id='block_1_1' title="bbox 228 168 296 202">
    <p class='ocr_par' dir='ltr' id='par_1_1' title="bbox 228 168 296 202">
     <span class='ocr_line' id='line_1_1' title="bbox 228 168 296 202; baseline 0 -1"><span class='ocrx_word' id='word_1_1' title='bbox 228 168 296 202; x_wconf 77' lang='grc'>1019</span> 
     </span>
    </p>
   </div>
   <div class='ocr_carea' id='block_1_2' title="bbox 840 170 1249 202">
    <p class='ocr_par' dir='ltr' id='par_1_2' title="bbox 840 170 1249 202">
     <span class='ocr_line' id='line_1_2' title="bbox 840 170 1249 202; baseline -0.005 0"><span class='ocrx_word' id='word_1_2' title='bbox 840 171 1050 202; x_wconf 82' lang='lat' dir='ltr'><strong>NICEPHORI</strong></span> <span class='ocrx_word' id='word_1_3' title='bbox 1073 170 1249 201; x_wconf 82' lang='lat' dir='ltr'><strong>CALLISTI</strong></span> 
     </span>
    </p>
   </div>
   <div class='ocr_carea' id='block_1_3' title="bbox 1785 169 1854 202">
    <p class='ocr_par' dir='ltr' id='par_1_3' title="bbox 1785 169 1854 202">
     <span class='ocr_line' id='line_1_3' title="bbox 1785 169 1854 202; baseline -0.029 0"><span class='ocrx_word' id='word_1_4' title='bbox 1785 169 1854 202; x_wconf 73' lang='lat'><strong>1020</strong></span> 
     </span>
    </p>
   </div>
   <div class='ocr_carea' id='block_1_4' title="bbox 228 226 1029 266">
    <p class='ocr_par' dir='ltr' id='par_1_4' title="bbox 228 232 1016 266">
     <span class='ocr_line' id='line_1_4' title="bbox 228 232 1016 266; baseline 0 -8"><span class='ocrx_word' id='word_1_5' title='bbox 228 232 447 266; x_wconf 72' lang='lat' dir='ltr'><strong>impedimentis,</strong></span> <span class='ocrx_word' id='word_1_6' title='bbox 464 240 494 259; x_wconf 80' lang='lat' dir='ltr'><strong>ea</strong></span> <span class='ocrx_word' id='word_1_7' title='bbox 507 240 568 266; x_wconf 62' lang='lat' dir='ltr'><strong>quae</strong></span> <span class='ocrx_word' id='word_1_8' title='bbox 585 232 612 259; x_wconf 95' lang='lat' dir='ltr'><strong>in</strong></span> <span class='ocrx_word' id='word_1_9' title='bbox 635 237 660 259; x_wconf 90' lang='lat' dir='ltr'><strong>te</strong></span> <span class='ocrx_word' id='word_1_10' title='bbox 685 235 760 264; x_wconf 89' lang='lat' dir='ltr'><strong>sunt,</strong></span> <span class='ocrx_word' id='word_1_11' title='bbox 789 232 830 259; x_wconf 82' lang='lat' dir='ltr'><strong>eis</strong></span> <span class='ocrx_word' id='word_1_12' title='bbox 854 232 1016 259; x_wconf 87' lang='lat' dir='ltr'><strong>contuleris.</strong></span> 
     </span>
    </p>
   </div>
   <div class='ocr_carea' id='block_1_5' title="bbox 1081 226 1855 266">
    <p class='ocr_par' dir='ltr' id='par_1_5' title="bbox 1081 226 1855 264">
     <span class='ocr_line' id='line_1_5' title="bbox 1081 226 1855 264; baseline 0 -10"><span class='ocrx_word' id='word_1_13' title='bbox 1081 239 1138 261; x_wconf 61' lang='grc' dir='ltr'>λεις.</span> <span class='ocrx_word' id='word_1_14' title='bbox 1157 230 1212 255; x_wconf 83' lang='grc' dir='ltr'><strong>Καὶ</strong></span> <span class='ocrx_word' id='word_1_15' title='bbox 1240 230 1357 264; x_wconf 75' lang='grc' dir='ltr'>γράφειν</span> <span class='ocrx_word' id='word_1_16' title='bbox 1384 227 1412 254; x_wconf 77' lang='grc' dir='ltr'>δὲ</span> <span class='ocrx_word' id='word_1_17' title='bbox 1428 228 1494 263; x_wconf 77' lang='grc' dir='ltr'>ἡμῖν</span> <span class='ocrx_word' id='word_1_18' title='bbox 1524 226 1642 262; x_wconf 80' lang='grc' dir='ltr'>συνεχῶς</span> <span class='ocrx_word' id='word_1_19' title='bbox 1664 227 1700 262; x_wconf 84' lang='grc' dir='ltr'>μὴ</span> <span class='ocrx_word' id='word_1_20' title='bbox 1720 227 1855 255; x_wconf 67' lang='grc' dir='ltr'>κατόκνειν</span> 
     </span>
    </p>
   </div>
   <div class='ocr_carea' id='block_1_6' title="bbox 227 277 1017 313">
    <p class='ocr_par' dir='ltr' id='par_1_6' title="bbox 227 277 1017 313">
     <span class='ocr_line' id='line_1_6' title="bbox 227 277 1017 313; baseline 0.001 -8"><span class='ocrx_word' id='word_1_21' title='bbox 227 277 322 312; x_wconf 82' lang='lat' dir='ltr'><strong>Neque</strong></span> <span class='ocrx_word' id='word_1_22' title='bbox 345 278 394 305; x_wconf 84' lang='lat' dir='ltr'><strong>tibi</strong></span> <span class='ocrx_word' id='word_1_23' title='bbox 424 285 506 313; x_wconf 76' lang='lat' dir='ltr'><strong>grave</strong></span> <span class='ocrx_word' id='word_1_24' title='bbox 532 278 578 309; x_wconf 81' lang='lat' dir='ltr'><strong>sit,</strong></span> <span class='ocrx_word' id='word_1_25' title='bbox 606 278 789 306; x_wconf 86' lang='lat' dir='ltr'><strong>creberrimas</strong></span> <span class='ocrx_word' id='word_1_26' title='bbox 808 278 840 305; x_wconf 85' lang='lat' dir='ltr'><strong>ad</strong></span> <span class='ocrx_word' id='word_1_27' title='bbox 873 286 923 306; x_wconf 87' lang='lat' dir='ltr'><strong>nos</strong></span> <span class='ocrx_word' id='word_1_28' title='bbox 952 280 1017 306; x_wconf 89' lang='lat' dir='ltr'><strong>dare</strong></span> 
     </span>
    </p>
   </div>
   <div class='ocr_carea' id='block_1_7' title="bbox 227 322 1017 358">
    <p class='ocr_par' dir='ltr' id='par_1_7' title="bbox 227 322 1017 358">
     <span class='ocr_line' id='line_1_7' title="bbox 227 322 1017 358; baseline 0.003 -9"><span class='ocrx_word' id='word_1_29' title='bbox 227 322 344 350; x_wconf 73' lang='lat' dir='ltr'><strong>litteras.</strong></span> <span class='ocrx_word' id='word_1_30' title='bbox 359 323 425 350; x_wconf 85' lang='lat' dir='ltr'><strong>Nam</strong></span> <span class='ocrx_word' id='word_1_31' title='bbox 441 323 522 350; x_wconf 86' lang='lat' dir='ltr'><strong>sicuti</strong></span> <span class='ocrx_word' id='word_1_32' title='bbox 541 331 614 351; x_wconf 87' lang='lat' dir='ltr'><strong>nunc</strong></span> <span class='ocrx_word' id='word_1_33' title='bbox 640 324 827 358; x_wconf 75' lang='lat' dir='ltr'><strong>cognovimus,</strong></span> <span class='ocrx_word' id='word_1_34' title='bbox 854 332 909 351; x_wconf 92' lang='lat' dir='ltr'><strong>non</strong></span> <span class='ocrx_word' id='word_1_35' title='bbox 930 324 1017 352; x_wconf 79' lang='lat' dir='ltr'><strong>Seba-</strong></span> 
     </span>
    </p>
   </div>
   <div class='ocr_carea' id='block_1_8' title="bbox 228 368 1015 404">
    <p class='ocr_par' dir='ltr' id='par_1_8' title="bbox 228 368 1015 404">
     <span class='ocr_line' id='line_1_8' title="bbox 228 368 1015 404; baseline 0.003 -10"><span class='ocrx_word' id='word_1_36' title='bbox 228 368 320 399; x_wconf 86' lang='lat' dir='ltr'><strong>stiam,</strong></span> <span class='ocrx_word' id='word_1_37' title='bbox 345 369 392 395; x_wconf 85' lang='lat' dir='ltr'><strong>sed</strong></span> <span class='ocrx_word' id='word_1_38' title='bbox 420 368 560 397; x_wconf 91' lang='lat' dir='ltr'><strong>Cucusum</strong></span> <span class='ocrx_word' id='word_1_39' title='bbox 580 369 733 397; x_wconf 81' lang='lat' dir='ltr'><strong>exsulatum</strong></span> <span class='ocrx_word' id='word_1_40' title='bbox 751 370 791 397; x_wconf 91' lang='lat' dir='ltr'><strong>ire</strong></span> <span class='ocrx_word' id='word_1_41' title='bbox 814 370 882 404; x_wconf 83' lang='lat' dir='ltr'><strong>iussi</strong></span> <span class='ocrx_word' id='word_1_42' title='bbox 907 377 1015 402; x_wconf 87' lang='lat' dir='ltr'><strong>sumus,</strong></span> 
     </span>
    </p>
   </div>
   <div class='ocr_carea' id='block_1_9' title="bbox 228 414 1016 450">
    <p class='ocr_par' dir='ltr' id='par_1_9' title="bbox 228 414 1016 450">
     <span class='ocr_line' id='line_1_9' title="bbox 228 414 1016 450; baseline 0.004 -10"><span class='ocrx_word' id='word_1_43' title='bbox 228 421 281 448; x_wconf 88' lang='lat' dir='ltr'><strong>quo</strong></span> <span class='ocrx_word' id='word_1_44' title='bbox 294 414 343 441; x_wconf 88' lang='lat' dir='ltr'><strong>tibi</strong></span> <span class='ocrx_word' id='word_1_45' title='bbox 361 414 468 442; x_wconf 76' lang='lat' dir='ltr'><strong>litteras</strong></span> <span class='ocrx_word' id='word_1_46' title='bbox 485 416 594 443; x_wconf 86' lang='lat' dir='ltr'><strong>mittere</strong></span> <span class='ocrx_word' id='word_1_47' title='bbox 609 416 717 444; x_wconf 79' lang='lat' dir='ltr'><strong>facilius</strong></span> <span class='ocrx_word' id='word_1_48' title='bbox 728 417 790 443; x_wconf 89' lang='lat' dir='ltr'><strong>erit.</strong></span> <span class='ocrx_word' id='word_1_49' title='bbox 807 415 916 443; x_wconf 86' lang='lat' dir='ltr'><strong>Scribes</strong></span> <span class='ocrx_word' id='word_1_50' title='bbox 934 416 1016 450; x_wconf 76' lang='lat' dir='ltr'><strong>igitur</strong></span> 
     </span>
    </p>
   </div>
   <div class='ocr_carea' id='block_1_10' title="bbox 228 459 1015 495">
    <p class='ocr_par' dir='ltr' id='par_1_10' title="bbox 228 459 1015 495">
     <span class='ocr_line' id='line_1_10' title="bbox 228 459 1015 495; baseline 0.006 -11"><span class='ocrx_word' id='word_1_51' title='bbox 228 459 320 491; x_wconf 81' lang='lat' dir='ltr'><strong>nobis,</strong></span> <span class='ocrx_word' id='word_1_52' title='bbox 335 464 403 493; x_wconf 88' lang='lat' dir='ltr'><strong>quot</strong></span> <span class='ocrx_word' id='word_1_53' title='bbox 416 467 489 487; x_wconf 89' lang='lat' dir='ltr'><strong>anno</strong></span> <span class='ocrx_word' id='word_1_54' title='bbox 501 461 623 495; x_wconf 81' lang='lat' dir='ltr'><strong>quolibet</strong></span> <span class='ocrx_word' id='word_1_55' title='bbox 646 461 787 489; x_wconf 65' lang='lat' dir='ltr'><strong>adificatre</strong></span> <span class='ocrx_word' id='word_1_56' title='bbox 810 462 866 488; x_wconf 84' lang='lat' dir='ltr'><strong>sint</strong></span> <span class='ocrx_word' id='word_1_57' title='bbox 877 461 1015 493; x_wconf 75' lang='lat' dir='ltr'><strong>ecclesiae,</strong></span> 
     </span>
    </p>
   </div>
   <div class='ocr_carea' id='block_1_11' title="bbox 227 504 1017 543">
    <p class='ocr_par' dir='ltr' id='par_1_11' title="bbox 227 504 1017 543">
     <span class='ocr_line' id='line_1_11' title="bbox 227 504 1017 543; baseline 0.008 -13"><span class='ocrx_word' id='word_1_58' title='bbox 227 508 256 531; x_wconf 90' lang='lat' dir='ltr'><strong>et</strong></span> <span class='ocrx_word' id='word_1_59' title='bbox 273 505 319 538; x_wconf 90' lang='lat' dir='ltr'><strong>qui</strong></span> <span class='ocrx_word' id='word_1_60' title='bbox 335 504 387 531; x_wconf 91' lang='lat' dir='ltr'><strong>viri</strong></span> <span class='ocrx_word' id='word_1_61' title='bbox 405 506 492 533; x_wconf 81' lang='lat' dir='ltr'><strong>sancti</strong></span> <span class='ocrx_word' id='word_1_62' title='bbox 514 507 540 533; x_wconf 92' lang='lat' dir='ltr'><strong>in</strong></span> <span class='ocrx_word' id='word_1_63' title='bbox 563 507 733 534; x_wconf 67' lang='lat' dir='ltr'><strong>Plimniciam</strong></span> <span class='ocrx_word' id='word_1_64' title='bbox 753 508 971 543; x_wconf 77' lang='lat' dir='ltr'><strong>commigrarint,</strong></span> <span class='ocrx_word' id='word_1_65' title='bbox 990 514 1017 536; x_wconf 84' lang='lat' dir='ltr'><strong>et</strong></span> 
     </span>
    </p>
   </div>
   <div class='ocr_carea' id='block_1_12' title="bbox 228 550 1015 586">
    <p class='ocr_par' dir='ltr' id='par_1_12' title="bbox 228 550 1015 586">
     <span class='ocr_line' id='line_1_12' title="bbox 228 550 1015 586; baseline 0.008 -10"><span class='ocrx_word' id='word_1_66' title='bbox 228 551 250 577; x_wconf 79' lang='lat' dir='ltr'><strong>si</strong></span> <span class='ocrx_word' id='word_1_67' title='bbox 265 558 325 584; x_wconf 67' lang='lat' dir='ltr'><strong>qua:</strong></span> <span class='ocrx_word' id='word_1_68' title='bbox 334 550 436 586; x_wconf 82' lang='lat' dir='ltr'><strong>majora</strong></span> <span class='ocrx_word' id='word_1_69' title='bbox 452 553 618 580; x_wconf 81' lang='lat' dir='ltr'><strong>accesserint</strong></span> <span class='ocrx_word' id='word_1_70' title='bbox 632 553 808 581; x_wconf 88' lang='lat' dir='ltr'><strong>incrementa.</strong></span> <span class='ocrx_word' id='word_1_71' title='bbox 821 554 928 582; x_wconf 81' lang='lat' dir='ltr'><strong>Etenim</strong></span> <span class='ocrx_word' id='word_1_72' title='bbox 952 562 1015 582; x_wconf 90' lang='lat' dir='ltr'><strong>cum</strong></span> 
     </span>
    </p>
   </div>
   <div class='ocr_carea' id='block_1_13' title="bbox 228 595 1014 631">
    <p class='ocr_par' dir='ltr' id='par_1_13' title="bbox 228 595 1014 631">
     <span class='ocr_line' id='line_1_13' title="bbox 228 595 1014 631; baseline 0.009 -10"><span class='ocrx_word' id='word_1_73' title='bbox 228 595 368 622; x_wconf 71' lang='lat' dir='ltr'><strong>Niczrnum</strong></span> <span class='ocrx_word' id='word_1_74' title='bbox 380 597 527 631; x_wconf 86' lang='lat' dir='ltr'><strong>quemdam</strong></span> <span class='ocrx_word' id='word_1_75' title='bbox 542 599 705 627; x_wconf 87' lang='lat' dir='ltr'><strong>monachum</strong></span> <span class='ocrx_word' id='word_1_76' title='bbox 721 607 790 627; x_wconf 59' lang='lat' dir='ltr'><strong>casae</strong></span> <span class='ocrx_word' id='word_1_77' title='bbox 802 607 858 627; x_wconf 75' lang='lat' dir='ltr'><strong>sua:</strong></span> <span class='ocrx_word' id='word_1_78' title='bbox 880 601 1014 628; x_wconf 77' lang='lat' dir='ltr'><strong>inclusum</strong></span> 
     </span>
    </p>
   </div>
   <div class='ocr_carea' id='block_1_14' title="bbox 229 642 1017 678">
    <p class='ocr_par' dir='ltr' id='par_1_14' title="bbox 229 642 1017 678">
     <span class='ocr_line' id='line_1_14' title="bbox 229 642 1017 678; baseline 0.009 -10"><span class='ocrx_word' id='word_1_79' title='bbox 229 642 406 675; x_wconf 63' lang='lat' dir='ltr'><strong>reperissem.</strong></span> <span class='ocrx_word' id='word_1_80' title='bbox 418 643 442 669; x_wconf 90' lang='lat' dir='ltr'><strong>ei</strong></span> <span class='ocrx_word' id='word_1_81' title='bbox 460 648 489 669; x_wconf 90' lang='lat' dir='ltr'><strong>ut</strong></span> <span class='ocrx_word' id='word_1_82' title='bbox 500 644 533 670; x_wconf 88' lang='lat' dir='ltr'><strong>ad</strong></span> <span class='ocrx_word' id='word_1_83' title='bbox 552 645 679 678; x_wconf 80' lang='lat' dir='ltr'><strong>pietatem</strong></span> <span class='ocrx_word' id='word_1_84' title='bbox 695 650 768 672; x_wconf 87' lang='lat' dir='ltr'><strong>tuam</strong></span> <span class='ocrx_word' id='word_1_85' title='bbox 785 646 838 673; x_wconf 89' lang='lat' dir='ltr'><strong>iret</strong></span> <span class='ocrx_word' id='word_1_86' title='bbox 847 652 874 673; x_wconf 88' lang='lat' dir='ltr'><strong>et</strong></span> <span class='ocrx_word' id='word_1_87' title='bbox 892 647 918 674; x_wconf 95' lang='lat' dir='ltr'><strong>in</strong></span> <span class='ocrx_word' id='word_1_88' title='bbox 933 648 1017 675; x_wconf 74' lang='lat' dir='ltr'><strong>Pbm-</strong></span> 
     </span>
    </p>
   </div>
   <div class='ocr_carea' id='block_1_15' title="bbox 229 687 1016 725">
    <p class='ocr_par' dir='ltr' id='par_1_15' title="bbox 229 687 1016 725">
     <span class='ocr_line' id='line_1_15' title="bbox 229 687 1016 725; baseline 0.01 -11"><span class='ocrx_word' id='word_1_89' title='bbox 229 687 330 715; x_wconf 90' lang='lat' dir='ltr'><strong>niciam</strong></span> <span class='ocrx_word' id='word_1_90' title='bbox 349 689 581 722; x_wconf 78' lang='lat' dir='ltr'><strong>proﬁcisceretur,</strong></span> <span class='ocrx_word' id='word_1_91' title='bbox 599 692 733 725; x_wconf 75' lang='lat' dir='ltr'><strong>persuasi.</strong></span> <span class='ocrx_word' id='word_1_92' title='bbox 749 692 790 719; x_wconf 83' lang='lat' dir='ltr'><strong>An</strong></span> <span class='ocrx_word' id='word_1_93' title='bbox 804 693 826 719; x_wconf 89' lang='lat' dir='ltr'><strong>is</strong></span> <span class='ocrx_word' id='word_1_94' title='bbox 838 694 871 720; x_wconf 88' lang='lat' dir='ltr'><strong>ad</strong></span> <span class='ocrx_word' id='word_1_95' title='bbox 888 699 914 721; x_wconf 88' lang='lat' dir='ltr'><strong>te</strong></span> <span class='ocrx_word' id='word_1_96' title='bbox 933 702 1016 722; x_wconf 88' lang='lat' dir='ltr'><strong>vene-</strong></span> 
     </span>
    </p>
   </div>
   <div class='ocr_carea' id='block_1_16' title="bbox 230 734 1016 774">
    <p class='ocr_par' dir='ltr' id='par_1_16' title="bbox 230 734 1016 774">
     <span class='ocr_line' id='line_1_16' title="bbox 230 734 1016 774; baseline 0.009 -13"><span class='ocrx_word' id='word_1_97' title='bbox 230 736 277 767; x_wconf 81' lang='lat' dir='ltr'><strong>rit.</strong></span> <span class='ocrx_word' id='word_1_98' title='bbox 293 734 336 762; x_wconf 80' lang='lat' dir='ltr'><strong>fac</strong></span> <span class='ocrx_word' id='word_1_99' title='bbox 352 736 447 763; x_wconf 85' lang='lat' dir='ltr'><strong>sciam.</strong></span> <span class='ocrx_word' id='word_1_100' title='bbox 460 735 541 772; x_wconf 64' lang='lat' dir='ltr'><strong>M7</strong></span> <span class='ocrx_word' id='word_1_101' title='bbox 565 737 603 764; x_wconf 83' lang='lat' dir='ltr'><strong>De</strong></span> <span class='ocrx_word' id='word_1_102' title='bbox 628 737 776 771; x_wconf 82' lang='lat' dir='ltr'><strong>Salamine,</strong></span> <span class='ocrx_word' id='word_1_103' title='bbox 794 739 867 773; x_wconf 88' lang='lat' dir='ltr'><strong>quod</strong></span> <span class='ocrx_word' id='word_1_104' title='bbox 885 740 1016 774; x_wconf 81' lang='lat' dir='ltr'><strong>oppidum</strong></span> 
     </span>
    </p>
   </div>
   <div class='ocr_carea' id='block_1_17' title="bbox 231 783 1020 819">
    <p class='ocr_par' dir='ltr' id='par_1_17' title="bbox 231 783 1020 819">
     <span class='ocr_line' id='line_1_17' title="bbox 231 783 1020 819; baseline 0.009 -12"><span class='ocrx_word' id='word_1_105' title='bbox 231 785 274 808; x_wconf 86' lang='lat' dir='ltr'><strong>est</strong></span> <span class='ocrx_word' id='word_1_106' title='bbox 287 789 341 809; x_wconf 93' lang='lat' dir='ltr'><strong>non</strong></span> <span class='ocrx_word' id='word_1_107' title='bbox 355 783 435 817; x_wconf 76' lang='lat' dir='ltr'><strong>longe</strong></span> <span class='ocrx_word' id='word_1_108' title='bbox 452 791 467 810; x_wconf 68' lang='grc' dir='ltr'><strong>ι</strong></span> <span class='ocrx_word' id='word_1_109' title='bbox 483 783 554 819; x_wconf 88' lang='lat' dir='ltr'><strong>Cyro</strong></span> <span class='ocrx_word' id='word_1_110' title='bbox 571 784 666 815; x_wconf 82' lang='lat' dir='ltr'><strong>situm.</strong></span> <span class='ocrx_word' id='word_1_111' title='bbox 681 787 709 811; x_wconf 84' lang='lat' dir='ltr'><strong>et</strong></span> <span class='ocrx_word' id='word_1_112' title='bbox 731 784 765 811; x_wconf 83' lang='lat' dir='ltr'><strong>ab</strong></span> <span class='ocrx_word' id='word_1_113' title='bbox 785 785 881 812; x_wconf 56' lang='lat' dir='ltr'><strong>haeresi</strong></span> <span class='ocrx_word' id='word_1_114' title='bbox 904 787 1020 814; x_wconf 78' lang='lat' dir='ltr'><strong>Marcio-</strong></span> 
     </span>
    </p>
   </div>
   <div class='ocr_carea' id='block_1_18' title="bbox 231 826 1018 866">
    <p class='ocr_par' dir='ltr' id='par_1_18' title="bbox 231 826 1018 866">
     <span class='ocr_line' id='line_1_18' title="bbox 231 826 1018 866; baseline 0.009 -13"><span class='ocrx_word' id='word_1_115' title='bbox 231 826 366 854; x_wconf 89' lang='lat' dir='ltr'><strong>nistarum</strong></span> <span class='ocrx_word' id='word_1_116' title='bbox 399 836 559 863; x_wconf 85' lang='lat' dir='ltr'><strong>oppressum</strong></span> <span class='ocrx_word' id='word_1_117' title='bbox 586 834 646 860; x_wconf 83' lang='lat' dir='ltr'><strong>est,</strong></span> <span class='ocrx_word' id='word_1_118' title='bbox 673 833 787 857; x_wconf 89' lang='lat' dir='ltr'><strong>acturus</strong></span> <span class='ocrx_word' id='word_1_119' title='bbox 824 838 886 858; x_wconf 89' lang='lat' dir='ltr'><strong>cum</strong></span> <span class='ocrx_word' id='word_1_120' title='bbox 917 832 1018 866; x_wconf 87' lang='lat' dir='ltr'><strong>quibus</strong></span> 
     </span>
    </p>
   </div>
   <div class='ocr_carea' id='block_1_19' title="bbox 231 874 1058 916">
    <p class='ocr_par' dir='ltr' id='par_1_19' title="bbox 231 874 1058 916">
     <span class='ocr_line' id='line_1_19' title="bbox 231 874 1058 916; baseline 0.008 -17"><span class='ocrx_word' id='word_1_121' title='bbox 231 874 364 907; x_wconf 86' lang='lat' dir='ltr'><strong>oportuit.</strong></span> <span class='ocrx_word' id='word_1_122' title='bbox 393 879 421 901; x_wconf 89' lang='lat' dir='ltr'><strong>et</strong></span> <span class='ocrx_word' id='word_1_123' title='bbox 456 882 513 902; x_wconf 91' lang='lat' dir='ltr'><strong>rem</strong></span> <span class='ocrx_word' id='word_1_124' title='bbox 543 882 652 902; x_wconf 86' lang='lat' dir='ltr'><strong>omnem</strong></span> <span class='ocrx_word' id='word_1_125' title='bbox 688 881 762 903; x_wconf 88' lang='lat' dir='ltr'><strong>recte</strong></span> <span class='ocrx_word' id='word_1_126' title='bbox 796 877 1058 916; x_wconf 60' lang='lat' dir='ltr'><strong>conformaturuss</strong></span> 
     </span>
    </p>
   </div>
   <div class='ocr_carea' id='block_1_20' title="bbox 232 916 1021 954">
    <p class='ocr_par' dir='ltr' id='par_1_20' title="bbox 232 916 1021 954">
     <span class='ocr_line' id='line_1_20' title="bbox 232 916 1021 954; baseline 0.01 -11"><span class='ocrx_word' id='word_1_127' title='bbox 232 916 348 949; x_wconf 73' lang='lat' dir='ltr'><strong>fueram,</strong></span> <span class='ocrx_word' id='word_1_128' title='bbox 360 918 410 946; x_wconf 86' lang='lat' dir='ltr'><strong>nisi</strong></span> <span class='ocrx_word' id='word_1_129' title='bbox 423 919 527 954; x_wconf 86' lang='lat' dir='ltr'><strong>ejectus</strong></span> <span class='ocrx_word' id='word_1_130' title='bbox 538 926 639 947; x_wconf 73' lang='lat' dir='ltr'><strong>essmn.</strong></span> <span class='ocrx_word' id='word_1_131' title='bbox 651 920 727 953; x_wconf 88' lang='lat' dir='ltr'><strong>Quod</strong></span> <span class='ocrx_word' id='word_1_132' title='bbox 741 921 763 949; x_wconf 89' lang='lat' dir='ltr'><strong>si</strong></span> <span class='ocrx_word' id='word_1_133' title='bbox 775 922 916 950; x_wconf 90' lang='lat' dir='ltr'><strong>dominum</strong></span> <span class='ocrx_word' id='word_1_134' title='bbox 930 931 1021 951; x_wconf 84' lang='lat' dir='ltr'><strong>meum</strong></span> 
     </span>
    </p>
   </div>
   <div class='ocr_carea' id='block_1_21' title="bbox 232 962 1024 1004">
    <p class='ocr_par' dir='ltr' id='par_1_21' title="bbox 232 962 1024 1004">
     <span class='ocr_line' id='line_1_21' title="bbox 232 962 1024 1004; baseline 0.01 -15"><span class='ocrx_word' id='word_1_135' title='bbox 232 962 378 999; x_wconf 86' lang='lat' dir='ltr'><strong>Cyriacnm</strong></span> <span class='ocrx_word' id='word_1_136' title='bbox 400 965 563 1000; x_wconf 79' lang='lat' dir='ltr'><strong>episcopum</strong></span> <span class='ocrx_word' id='word_1_137' title='bbox 578 966 819 1001; x_wconf 89' lang='lat' dir='ltr'><strong>Constantinopoli</strong></span> <span class='ocrx_word' id='word_1_138' title='bbox 842 976 905 996; x_wconf 81' lang='lat' dir='ltr'><strong>esse</strong></span> <span class='ocrx_word' id='word_1_139' title='bbox 921 977 1024 1004; x_wconf 77' lang='lat' dir='ltr'><strong>cogno-</strong></span> 
     </span>
    </p>
   </div>
   <div class='ocr_carea' id='block_1_22' title="bbox 234 1010 1024 1049">
    <p class='ocr_par' dir='ltr' id='par_1_22' title="bbox 234 1010 1024 1049">
     <span class='ocr_line' id='line_1_22' title="bbox 234 1010 1024 1049; baseline 0.009 -13"><span class='ocrx_word' id='word_1_140' title='bbox 234 1010 318 1041; x_wconf 60' lang='lat' dir='ltr'><strong>veris,</strong></span> <span class='ocrx_word' id='word_1_141' title='bbox 334 1011 425 1037; x_wconf 85' lang='lat' dir='ltr'><strong>scribe</strong></span> <span class='ocrx_word' id='word_1_142' title='bbox 439 1012 472 1037; x_wconf 90' lang='lat' dir='ltr'><strong>ad</strong></span> <span class='ocrx_word' id='word_1_143' title='bbox 488 1020 550 1038; x_wconf 86' lang='lat' dir='ltr'><strong>eum</strong></span> <span class='ocrx_word' id='word_1_144' title='bbox 571 1012 621 1039; x_wconf 85' lang='lat' dir='ltr'><strong>hac</strong></span> <span class='ocrx_word' id='word_1_145' title='bbox 642 1013 673 1039; x_wconf 80' lang='lat' dir='ltr'><strong>de</strong></span> <span class='ocrx_word' id='word_1_146' title='bbox 691 1021 783 1046; x_wconf 85' lang='lat' dir='ltr'><strong>causa,</strong></span> <span class='ocrx_word' id='word_1_147' title='bbox 801 1020 827 1041; x_wconf 82' lang='lat' dir='ltr'><strong>et</strong></span> <span class='ocrx_word' id='word_1_148' title='bbox 852 1016 982 1049; x_wconf 72' lang='lat' dir='ltr'><strong>perlicere</strong></span> <span class='ocrx_word' id='word_1_149' title='bbox 1002 1016 1024 1043; x_wconf 89' lang='lat' dir='ltr'><strong>is</strong></span> 
     </span>
    </p>
   </div>
   <div class='ocr_carea' id='block_1_23' title="bbox 233 1055 1023 1094">
    <p class='ocr_par' dir='ltr' id='par_1_23' title="bbox 233 1055 1023 1094">
     <span class='ocr_line' id='line_1_23' title="bbox 233 1055 1023 1094; baseline 0.009 -14"><span class='ocrx_word' id='word_1_150' title='bbox 233 1055 325 1081; x_wconf 87' lang='lat' dir='ltr'><strong>omnia</strong></span> <span class='ocrx_word' id='word_1_151' title='bbox 348 1056 457 1089; x_wconf 88' lang='lat' dir='ltr'><strong>poterit.</strong></span> <span class='ocrx_word' id='word_1_152' title='bbox 483 1056 635 1084; x_wconf 82' lang='lat' dir='ltr'><strong>Coltortare</strong></span> <span class='ocrx_word' id='word_1_153' title='bbox 664 1067 777 1091; x_wconf 82' lang='lat' dir='ltr'><strong>omnes,</strong></span> <span class='ocrx_word' id='word_1_154' title='bbox 799 1065 825 1087; x_wconf 85' lang='lat' dir='ltr'><strong>et</strong></span> <span class='ocrx_word' id='word_1_155' title='bbox 851 1060 1023 1094; x_wconf 82' lang='lat' dir='ltr'><strong>potissimum</strong></span> 
     </span>
    </p>
   </div>
   <div class='ocr_carea' id='block_1_24' title="bbox 235 1101 1025 1137">
    <p class='ocr_par' dir='ltr' id='par_1_24' title="bbox 235 1101 1025 1137">
     <span class='ocr_line' id='line_1_24' title="bbox 235 1101 1025 1137; baseline 0.008 -10"><span class='ocrx_word' id='word_1_156' title='bbox 235 1101 282 1134; x_wconf 91' lang='lat' dir='ltr'><strong>qui</strong></span> <span class='ocrx_word' id='word_1_157' title='bbox 307 1101 434 1129; x_wconf 80' lang='lat' dir='ltr'><strong>fiduciam</strong></span> <span class='ocrx_word' id='word_1_158' title='bbox 460 1104 531 1137; x_wconf 85' lang='lat' dir='ltr'><strong>apud</strong></span> <span class='ocrx_word' id='word_1_159' title='bbox 557 1104 641 1131; x_wconf 84' lang='lat' dir='ltr'><strong>Deum</strong></span> <span class='ocrx_word' id='word_1_160' title='bbox 666 1105 785 1136; x_wconf 78' lang='lat' dir='ltr'><strong>habent,</strong></span> <span class='ocrx_word' id='word_1_161' title='bbox 808 1110 836 1133; x_wconf 86' lang='lat' dir='ltr'><strong>ut</strong></span> <span class='ocrx_word' id='word_1_162' title='bbox 860 1107 975 1133; x_wconf 90' lang='lat' dir='ltr'><strong>multum</strong></span> <span class='ocrx_word' id='word_1_163' title='bbox 996 1112 1025 1134; x_wconf 89' lang='lat' dir='ltr'><strong>et</strong></span> 
     </span>
    </p>
   </div>
   <div class='ocr_carea' id='block_1_25' title="bbox 235 1148 1023 1187">
    <p class='ocr_par' dir='ltr' id='par_1_25' title="bbox 235 1148 1023 1187">
     <span class='ocr_line' id='line_1_25' title="bbox 235 1148 1023 1187; baseline 0.008 -14"><span class='ocrx_word' id='word_1_164' title='bbox 235 1148 346 1174; x_wconf 58' lang='lat' dir='ltr'><strong>ass-idne</strong></span> <span class='ocrx_word' id='word_1_165' title='bbox 385 1154 475 1179; x_wconf 86' lang='lat' dir='ltr'><strong>orent,</strong></span> <span class='ocrx_word' id='word_1_166' title='bbox 512 1154 540 1176; x_wconf 85' lang='lat' dir='ltr'><strong>ut</strong></span> <span class='ocrx_word' id='word_1_167' title='bbox 578 1158 698 1184; x_wconf 77' lang='lat' dir='ltr'><strong>praesens</strong></span> <span class='ocrx_word' id='word_1_168' title='bbox 737 1151 812 1177; x_wconf 81' lang='lat' dir='ltr'><strong>orbis</strong></span> <span class='ocrx_word' id='word_1_169' title='bbox 851 1152 1023 1187; x_wconf 70' lang='lat' dir='ltr'><strong>naufragium</strong></span> 
     </span>
    </p>
   </div>
   <div class='ocr_carea' id='block_1_26' title="bbox 236 1195 1025 1233">
    <p class='ocr_par' dir='ltr' id='par_1_26' title="bbox 236 1195 1025 1233">
     <span class='ocr_line' id='line_1_26' title="bbox 236 1195 1025 1233; baseline 0.006 -12"><span class='ocrx_word' id='word_1_170' title='bbox 236 1195 427 1228; x_wconf 76' lang='lat' dir='ltr'><strong>conquiescat.</strong></span> <span class='ocrx_word' id='word_1_171' title='bbox 455 1195 644 1223; x_wconf 83' lang='lat' dir='ltr'><strong>Intolerabilia</strong></span> <span class='ocrx_word' id='word_1_172' title='bbox 667 1197 740 1223; x_wconf 89' lang='lat' dir='ltr'><strong>enim</strong></span> <span class='ocrx_word' id='word_1_173' title='bbox 771 1197 872 1229; x_wconf 70' lang='lat' dir='ltr'><strong>Asiam,</strong></span> <span class='ocrx_word' id='word_1_174' title='bbox 902 1199 1025 1233; x_wconf 81' lang='lat' dir='ltr'><strong>aliasque</strong></span> 
     </span>
    </p>
   </div>
   <div class='ocr_carea' id='block_1_27' title="bbox 239 1241 1024 1278">
    <p class='ocr_par' dir='ltr' id='par_1_27' title="bbox 239 1241 1024 1278">
     <span class='ocr_line' id='line_1_27' title="bbox 239 1241 1024 1278; baseline 0.006 -11"><span class='ocrx_word' id='word_1_175' title='bbox 239 1241 321 1268; x_wconf 88' lang='lat' dir='ltr'><strong>urbes</strong></span> <span class='ocrx_word' id='word_1_176' title='bbox 335 1246 361 1268; x_wconf 86' lang='lat' dir='ltr'><strong>et</strong></span> <span class='ocrx_word' id='word_1_177' title='bbox 387 1242 519 1269; x_wconf 84' lang='lat' dir='ltr'><strong>ecclesias</strong></span> <span class='ocrx_word' id='word_1_178' title='bbox 535 1243 661 1270; x_wconf 76' lang='lat' dir='ltr'><strong>invasere</strong></span> <span class='ocrx_word' id='word_1_179' title='bbox 679 1243 770 1270; x_wconf 85' lang='lat' dir='ltr'><strong>mala:</strong></span> <span class='ocrx_word' id='word_1_180' title='bbox 795 1252 856 1278; x_wconf 78' lang='lat' dir='ltr'><strong>qua:</strong></span> <span class='ocrx_word' id='word_1_181' title='bbox 874 1245 1024 1278; x_wconf 74' lang='lat' dir='ltr'><strong>sigillatim,</strong></span> 
     </span>
    </p>
   </div>
   <div class='ocr_carea' id='block_1_28' title="bbox 236 1288 1024 1325">
    <p class='ocr_par' dir='ltr' id='par_1_28' title="bbox 236 1288 1024 1325">
     <span class='ocr_line' id='line_1_28' title="bbox 236 1288 1024 1325; baseline 0.008 -12"><span class='ocrx_word' id='word_1_182' title='bbox 236 1296 272 1314; x_wconf 90' lang='lat' dir='ltr'><strong>ne</strong></span> <span class='ocrx_word' id='word_1_183' title='bbox 291 1288 423 1315; x_wconf 81' lang='lat' dir='ltr'><strong>molestus</strong></span> <span class='ocrx_word' id='word_1_184' title='bbox 439 1296 500 1315; x_wconf 79' lang='lat' dir='ltr'><strong>esse</strong></span> <span class='ocrx_word' id='word_1_185' title='bbox 517 1288 620 1321; x_wconf 81' lang='lat' dir='ltr'><strong>videar,</strong></span> <span class='ocrx_word' id='word_1_186' title='bbox 643 1297 806 1317; x_wconf 79' lang='lat' dir='ltr'><strong>enumerare</strong></span> <span class='ocrx_word' id='word_1_187' title='bbox 831 1292 998 1325; x_wconf 84' lang='lat' dir='ltr'><strong>supersedeo</strong></span> <span class='ocrx_word' id='word_1_188' title='bbox 1018 1301 1024 1319; x_wconf 87' lang='lat'><strong>:</strong></span> 
     </span>
    </p>
   </div>
   <div class='ocr_carea' id='block_1_29' title="bbox 238 1335 1026 1368">
    <p class='ocr_par' dir='ltr' id='par_1_29' title="bbox 238 1335 1026 1368">
     <span class='ocr_line' id='line_1_29' title="bbox 238 1335 1026 1368; baseline 0.008 -8"><span class='ocrx_word' id='word_1_189' title='bbox 238 1339 322 1368; x_wconf 86' lang='lat' dir='ltr'><strong>atque</strong></span> <span class='ocrx_word' id='word_1_190' title='bbox 345 1342 430 1361; x_wconf 89' lang='lat' dir='ltr'><strong>unttm</strong></span> <span class='ocrx_word' id='word_1_191' title='bbox 454 1335 521 1362; x_wconf 91' lang='lat' dir='ltr'><strong>illud</strong></span> <span class='ocrx_word' id='word_1_192' title='bbox 547 1335 620 1367; x_wconf 87' lang='lat' dir='ltr'><strong>dico,</strong></span> <span class='ocrx_word' id='word_1_193' title='bbox 647 1336 729 1363; x_wconf 89' lang='lat' dir='ltr'><strong>multa</strong></span> <span class='ocrx_word' id='word_1_194' title='bbox 759 1345 832 1363; x_wconf 87' lang='lat' dir='ltr'><strong>nunc</strong></span> <span class='ocrx_word' id='word_1_195' title='bbox 861 1343 885 1364; x_wconf 87' lang='lat' dir='ltr'><strong>et</strong></span> <span class='ocrx_word' id='word_1_196' title='bbox 917 1339 1026 1366; x_wconf 85' lang='lat' dir='ltr'><strong>assidua</strong></span> 
     </span>
    </p>
   </div>
   <div class='ocr_carea' id='block_1_30' title="bbox 239 1381 1026 1418">
    <p class='ocr_par' dir='ltr' id='par_1_30' title="bbox 239 1381 1026 1418">
     <span class='ocr_line' id='line_1_30' title="bbox 239 1381 1026 1418; baseline 0.006 -12"><span class='ocrx_word' id='word_1_197' title='bbox 239 1388 362 1415; x_wconf 81' lang='lat' dir='ltr'><strong>peropus</strong></span> <span class='ocrx_word' id='word_1_198' title='bbox 378 1388 438 1407; x_wconf 85' lang='lat' dir='ltr'><strong>esse</strong></span> <span class='ocrx_word' id='word_1_199' title='bbox 451 1381 620 1415; x_wconf 83' lang='lat' dir='ltr'><strong>precatione.</strong></span> <span class='ocrx_word' id='word_1_200' title='bbox 643 1391 652 1407; x_wconf 75' lang='grc' dir='ltr'><strong><em>ι</em></strong></span> <span class='ocrx_word' id='word_1_201' title='bbox 671 1382 700 1409; x_wconf 85' lang='lat' dir='ltr'><strong>In</strong></span> <span class='ocrx_word' id='word_1_202' title='bbox 720 1383 771 1409; x_wconf 87' lang='lat' dir='ltr'><strong>alia</strong></span> <span class='ocrx_word' id='word_1_203' title='bbox 798 1391 893 1410; x_wconf 87' lang='lat' dir='ltr'><strong>rursus</strong></span> <span class='ocrx_word' id='word_1_204' title='bbox 913 1385 1026 1418; x_wconf 76' lang='lat' dir='ltr'><strong>epistola</strong></span> 
     </span>
    </p>
   </div>
   <div class='ocr_carea' id='block_1_31' title="bbox 238 1423 1027 1464">
    <p class='ocr_par' dir='ltr' id='par_1_31' title="bbox 238 1423 1027 1464">
     <span class='ocr_line' id='line_1_31' title="bbox 238 1423 1027 1464; baseline 0.006 -12"><span class='ocrx_word' id='word_1_205' title='bbox 238 1427 276 1452; x_wconf 83' lang='lat' dir='ltr'><strong>ita</strong></span> <span class='ocrx_word' id='word_1_206' title='bbox 295 1426 403 1461; x_wconf 90' lang='lat' dir='ltr'><strong>inquit:</strong></span> <span class='ocrx_word' id='word_1_207' title='bbox 419 1436 427 1451; x_wconf 79' lang='grc' dir='ltr'><strong>ι</strong></span> <span class='ocrx_word' id='word_1_208' title='bbox 444 1426 521 1459; x_wconf 86' lang='lat' dir='ltr'><strong>Quod</strong></span> <span class='ocrx_word' id='word_1_209' title='bbox 537 1426 558 1453; x_wconf 87' lang='lat' dir='ltr'><strong>si</strong></span> <span class='ocrx_word' id='word_1_210' title='bbox 576 1427 602 1454; x_wconf 93' lang='lat' dir='ltr'><strong>in</strong></span> <span class='ocrx_word' id='word_1_211' title='bbox 614 1423 726 1454; x_wconf 65' lang='lat' dir='ltr'><strong>carcere</strong></span> <span class='ocrx_word' id='word_1_212' title='bbox 743 1428 852 1462; x_wconf 73' lang='lat' dir='ltr'><strong>(legitis,</strong></span> <span class='ocrx_word' id='word_1_213' title='bbox 869 1430 1027 1464; x_wconf 82' lang='lat' dir='ltr'><strong>catenisque</strong></span> 
     </span>
    </p>
   </div>
   <div class='ocr_carea' id='block_1_32' title="bbox 240 1474 1027 1508">
    <p class='ocr_par' dir='ltr' id='par_1_32' title="bbox 240 1474 1027 1508">
     <span class='ocr_line' id='line_1_32' title="bbox 240 1474 1027 1508; baseline 0.004 -9"><span class='ocrx_word' id='word_1_214' title='bbox 240 1474 338 1505; x_wconf 81' lang='lat' dir='ltr'><strong>\incti,</strong></span> <span class='ocrx_word' id='word_1_215' title='bbox 357 1479 384 1500; x_wconf 89' lang='lat' dir='ltr'><strong>et</strong></span> <span class='ocrx_word' id='word_1_216' title='bbox 404 1482 466 1501; x_wconf 88' lang='lat' dir='ltr'><strong>cum</strong></span> <span class='ocrx_word' id='word_1_217' title='bbox 484 1474 617 1508; x_wconf 80' lang='lat' dir='ltr'><strong>squalidis</strong></span> <span class='ocrx_word' id='word_1_218' title='bbox 632 1480 659 1500; x_wconf 92' lang='lat' dir='ltr'><strong>et</strong></span> <span class='ocrx_word' id='word_1_219' title='bbox 674 1474 796 1501; x_wconf 85' lang='lat' dir='ltr'><strong>sordidis</strong></span> <span class='ocrx_word' id='word_1_220' title='bbox 813 1475 972 1502; x_wconf 85' lang='lat' dir='ltr'><strong>hominibus</strong></span> <span class='ocrx_word' id='word_1_221' title='bbox 1001 1476 1027 1503; x_wconf 92' lang='lat' dir='ltr'><strong>in</strong></span> 
     </span>
    </p>
   </div>
   <div class='ocr_carea' id='block_1_33' title="bbox 241 1519 1026 1555">
    <p class='ocr_par' dir='ltr' id='par_1_33' title="bbox 241 1519 1026 1555">
     <span class='ocr_line' id='line_1_33' title="bbox 241 1519 1026 1555; baseline 0.001 -9"><span class='ocrx_word' id='word_1_222' title='bbox 241 1519 382 1547; x_wconf 68' lang='lat' dir='ltr'><strong>custodias</strong></span> <span class='ocrx_word' id='word_1_223' title='bbox 409 1520 508 1547; x_wconf 85' lang='lat' dir='ltr'><strong>inclusi</strong></span> <span class='ocrx_word' id='word_1_224' title='bbox 537 1521 614 1552; x_wconf 87' lang='lat' dir='ltr'><strong>estis,</strong></span> <span class='ocrx_word' id='word_1_225' title='bbox 642 1525 789 1554; x_wconf 80' lang='lat' dir='ltr'><strong>propterea</strong></span> <span class='ocrx_word' id='word_1_226' title='bbox 814 1521 887 1555; x_wconf 92' lang='lat' dir='ltr'><strong>quod</strong></span> <span class='ocrx_word' id='word_1_227' title='bbox 911 1523 1026 1548; x_wconf 86' lang='lat' dir='ltr'><strong>istorum</strong></span> 
     </span>
    </p>
   </div>
   <div class='ocr_carea' id='block_1_34' title="bbox 1072 273 1855 308">
    <p class='ocr_par' dir='ltr' id='par_1_34' title="bbox 1072 273 1855 308">
     <span class='ocr_line' id='line_1_34' title="bbox 1072 273 1855 308; baseline -0.001 -6"><span class='ocrx_word' id='word_1_228' title='bbox 1072 276 1139 302; x_wconf 79' lang='grc' dir='ltr'>ἀλλὰ</span> <span class='ocrx_word' id='word_1_229' title='bbox 1154 276 1201 302; x_wconf 74' lang='grc' dir='ltr'>καὶ</span> <span class='ocrx_word' id='word_1_230' title='bbox 1213 275 1381 302; x_wconf 74' lang='grc' dir='ltr'>πυκνότατα.</span> <span class='ocrx_word' id='word_1_231' title='bbox 1404 274 1448 305; x_wconf 78' lang='grc' dir='ltr'><strong>Ὠς</strong></span> <span class='ocrx_word' id='word_1_232' title='bbox 1470 274 1526 308; x_wconf 77' lang='grc' dir='ltr'>γὰρ</span> <span class='ocrx_word' id='word_1_233' title='bbox 1549 273 1675 307; x_wconf 74' lang='grc' dir='ltr'>ἔγνωμεν</span> <span class='ocrx_word' id='word_1_234' title='bbox 1691 274 1749 304; x_wconf 77' lang='grc' dir='ltr'>νῦν,</span> <span class='ocrx_word' id='word_1_235' title='bbox 1766 274 1855 301; x_wconf 76' lang='grc' dir='ltr'>οὐκέτι</span> 
     </span>
    </p>
   </div>
   <div class='ocr_carea' id='block_1_35' title="bbox 1071 319 1852 355">
    <p class='ocr_par' dir='ltr' id='par_1_35' title="bbox 1071 319 1852 355">
     <span class='ocr_line' id='line_1_35' title="bbox 1071 319 1852 355; baseline -0.005 -7"><span class='ocrx_word' id='word_1_236' title='bbox 1071 323 1110 353; x_wconf 78' lang='grc' dir='ltr'><strong>εἰς</strong></span> <span class='ocrx_word' id='word_1_237' title='bbox 1128 323 1306 355; x_wconf 76' lang='grc' dir='ltr'>Σεῦάστειαν,</span> <span class='ocrx_word' id='word_1_238' title='bbox 1323 321 1382 348; x_wconf 82' lang='grc' dir='ltr'>ἀλλ’</span> <span class='ocrx_word' id='word_1_239' title='bbox 1396 321 1437 351; x_wconf 76' lang='grc' dir='ltr'>εἰς</span> <span class='ocrx_word' id='word_1_240' title='bbox 1459 320 1509 354; x_wconf 80' lang='grc' dir='ltr'>τὴν</span> <span class='ocrx_word' id='word_1_241' title='bbox 1523 319 1679 346; x_wconf 77' lang='grc' dir='ltr'>Κουκουσδν</span> <span class='ocrx_word' id='word_1_242' title='bbox 1699 319 1852 354; x_wconf 78' lang='grc' dir='ltr'>ἐκελεύσθη-</span> 
     </span>
    </p>
   </div>
   <div class='ocr_carea' id='block_1_36' title="bbox 1075 365 1853 402">
    <p class='ocr_par' dir='ltr' id='par_1_36' title="bbox 1075 365 1853 402">
     <span class='ocr_line' id='line_1_36' title="bbox 1075 365 1853 402; baseline -0.004 -8"><span class='ocrx_word' id='word_1_243' title='bbox 1075 377 1126 402; x_wconf 90' lang='grc' dir='ltr'><strong>μεν</strong></span> <span class='ocrx_word' id='word_1_244' title='bbox 1141 368 1281 400; x_wconf 81' lang='grc' dir='ltr'><strong>ἀπελθεῖν,</strong></span> <span class='ocrx_word' id='word_1_245' title='bbox 1298 368 1367 394; x_wconf 85' lang='grc' dir='ltr'>ὅπου</span> <span class='ocrx_word' id='word_1_246' title='bbox 1380 375 1421 393; x_wconf 82' lang='grc' dir='ltr'><strong>σοι</strong></span> <span class='ocrx_word' id='word_1_247' title='bbox 1433 366 1481 393; x_wconf 80' lang='grc' dir='ltr'><strong>καὶ</strong></span> <span class='ocrx_word' id='word_1_248' title='bbox 1497 365 1682 400; x_wconf 79' lang='grc' dir='ltr'><strong>εὐκολώτερον</strong></span> <span class='ocrx_word' id='word_1_249' title='bbox 1693 365 1853 392; x_wconf 80' lang='grc' dir='ltr'>ὲπιστέλλειι</span> 
     </span>
    </p>
   </div>
   <div class='ocr_carea' id='block_1_37' title="bbox 1071 411 1848 449">
    <p class='ocr_par' dir='ltr' id='par_1_37' title="bbox 1071 411 1848 449">
     <span class='ocr_line' id='line_1_37' title="bbox 1071 411 1848 449; baseline -0.004 -9"><span class='ocrx_word' id='word_1_250' title='bbox 1071 415 1148 448; x_wconf 84' lang='grc' dir='ltr'>ἡμῖν.</span> <span class='ocrx_word' id='word_1_251' title='bbox 1172 414 1265 449; x_wconf 76' lang='grc' dir='ltr'>Γράῳε</span> <span class='ocrx_word' id='word_1_252' title='bbox 1292 414 1382 440; x_wconf 94' lang='grc' dir='ltr'>τοίνυν</span> <span class='ocrx_word' id='word_1_253' title='bbox 1406 414 1482 448; x_wconf 81' lang='grc' dir='ltr'>ἡμῖν,</span> <span class='ocrx_word' id='word_1_254' title='bbox 1507 412 1590 439; x_wconf 83' lang='grc' dir='ltr'>πόσαι</span> <span class='ocrx_word' id='word_1_255' title='bbox 1615 421 1644 438; x_wconf 83' lang='grc' dir='ltr'><strong>τε</strong></span> <span class='ocrx_word' id='word_1_256' title='bbox 1659 411 1848 446; x_wconf 74' lang='grc' dir='ltr'>ὲκκὶησίαιὲπ</span> 
     </span>
    </p>
   </div>
   <div class='ocr_carea' id='block_1_38' title="bbox 1071 457 1843 495">
    <p class='ocr_par' dir='ltr' id='par_1_38' title="bbox 1071 457 1843 495">
     <span class='ocr_line' id='line_1_38' title="bbox 1071 457 1843 495; baseline -0.004 -10"><span class='ocrx_word' id='word_1_257' title='bbox 1071 459 1131 491; x_wconf 70' lang='grc' dir='ltr'>ἔτος</span> <span class='ocrx_word' id='word_1_258' title='bbox 1141 459 1368 495; x_wconf 75' lang='grc' dir='ltr'>ᾠκοδομήθησαν,</span> <span class='ocrx_word' id='word_1_259' title='bbox 1386 460 1433 486; x_wconf 78' lang='grc' dir='ltr'>καὶ</span> <span class='ocrx_word' id='word_1_260' title='bbox 1447 459 1521 489; x_wconf 80' lang='grc' dir='ltr'>τίνες</span> <span class='ocrx_word' id='word_1_261' title='bbox 1534 458 1629 492; x_wconf 75' lang='grc' dir='ltr'>ἄνδρες</span> <span class='ocrx_word' id='word_1_262' title='bbox 1643 457 1716 491; x_wconf 73' lang='grc' dir='ltr'>ἅγιοι</span> <span class='ocrx_word' id='word_1_263' title='bbox 1728 458 1843 492; x_wconf 61' lang='lat' dir='ltr'><strong>prrsum</strong></span> 
     </span>
    </p>
   </div>
   <div class='ocr_carea' id='block_1_39' title="bbox 1071 503 1852 540">
    <p class='ocr_par' dir='ltr' id='par_1_39' title="bbox 1071 503 1852 540">
     <span class='ocr_line' id='line_1_39' title="bbox 1071 503 1852 540; baseline -0.005 -8"><span class='ocrx_word' id='word_1_264' title='bbox 1071 514 1121 532; x_wconf 76' lang='grc' dir='ltr'><strong>σαν</strong></span> <span class='ocrx_word' id='word_1_265' title='bbox 1137 506 1176 536; x_wconf 83' lang='grc' dir='ltr'>είς</span> <span class='ocrx_word' id='word_1_266' title='bbox 1190 506 1240 540; x_wconf 81' lang='grc' dir='ltr'>τὴν</span> <span class='ocrx_word' id='word_1_267' title='bbox 1256 505 1395 539; x_wconf 79' lang='grc' dir='ltr'>Φοινίκην.</span> <span class='ocrx_word' id='word_1_268' title='bbox 1413 504 1462 531; x_wconf 81' lang='grc' dir='ltr'>καὶ</span> <span class='ocrx_word' id='word_1_269' title='bbox 1476 504 1557 535; x_wconf 83' lang='grc' dir='ltr'>εἴτις</span> <span class='ocrx_word' id='word_1_270' title='bbox 1572 503 1673 530; x_wconf 88' lang='grc' dir='ltr'>πλείων</span> <span class='ocrx_word' id='word_1_271' title='bbox 1684 503 1778 538; x_wconf 81' lang='grc' dir='ltr'>γέγονε</span> <span class='ocrx_word' id='word_1_272' title='bbox 1790 511 1852 538; x_wconf 76' lang='grc' dir='ltr'>προι</span> 
     </span>
    </p>
   </div>
   <div class='ocr_carea' id='block_1_40' title="bbox 1070 549 1852 585">
    <p class='ocr_par' dir='ltr' id='par_1_40' title="bbox 1070 549 1852 585">
     <span class='ocr_line' id='line_1_40' title="bbox 1070 549 1852 585; baseline -0.004 -7"><span class='ocrx_word' id='word_1_273' title='bbox 1070 552 1152 585; x_wconf 79' lang='grc' dir='ltr'>κοπή.</span> <span class='ocrx_word' id='word_1_274' title='bbox 1173 552 1226 578; x_wconf 74' lang='grc' dir='ltr'>Καὶ</span> <span class='ocrx_word' id='word_1_275' title='bbox 1238 551 1293 585; x_wconf 76' lang='grc' dir='ltr'><strong>γὰρ</strong></span> <span class='ocrx_word' id='word_1_276' title='bbox 1307 549 1362 577; x_wconf 80' lang='grc' dir='ltr'>ἀπὸ</span> <span class='ocrx_word' id='word_1_277' title='bbox 1378 551 1494 581; x_wconf 76' lang='grc' dir='ltr'><strong>Νικαίας</strong></span> <span class='ocrx_word' id='word_1_278' title='bbox 1522 550 1612 585; x_wconf 84' lang='grc' dir='ltr'>εὑρών</span> <span class='ocrx_word' id='word_1_279' title='bbox 1627 558 1689 576; x_wconf 82' lang='grc' dir='ltr'>τινα</span> <span class='ocrx_word' id='word_1_280' title='bbox 1705 549 1852 584; x_wconf 72' lang='grc' dir='ltr'>μονάζοντσ</span> 
     </span>
    </p>
   </div>
   <div class='ocr_carea' id='block_1_41' title="bbox 1070 594 1853 630">
    <p class='ocr_par' dir='ltr' id='par_1_41' title="bbox 1070 594 1853 630">
     <span class='ocr_line' id='line_1_41' title="bbox 1070 594 1853 630; baseline -0.005 -7"><span class='ocrx_word' id='word_1_281' title='bbox 1070 597 1309 630; x_wconf 70' lang='grc' dir='ltr'>ἐγκεκλεισμένον,</span> <span class='ocrx_word' id='word_1_282' title='bbox 1324 596 1422 623; x_wconf 70' lang='grc' dir='ltr'>ἔπεισα</span> <span class='ocrx_word' id='word_1_283' title='bbox 1444 596 1528 622; x_wconf 64' lang='grc' dir='ltr'>αὑτὸν</span> <span class='ocrx_word' id='word_1_284' title='bbox 1543 595 1632 622; x_wconf 79' lang='grc' dir='ltr'>ὲλθιῖν</span> <span class='ocrx_word' id='word_1_285' title='bbox 1658 595 1726 629; x_wconf 71' lang='grc' dir='ltr'>πρὸς</span> <span class='ocrx_word' id='word_1_286' title='bbox 1745 595 1794 630; x_wconf 81' lang='grc' dir='ltr'>τὴν</span> <span class='ocrx_word' id='word_1_287' title='bbox 1807 594 1853 628; x_wconf 77' lang='grc' dir='ltr'>σὴι</span> 
     </span>
    </p>
   </div>
   <div class='ocr_carea' id='block_1_42' title="bbox 1071 641 1846 676">
    <p class='ocr_par' dir='ltr' id='par_1_42' title="bbox 1071 641 1846 676">
     <span class='ocr_line' id='line_1_42' title="bbox 1071 641 1846 676; baseline -0.003 -8"><span class='ocrx_word' id='word_1_288' title='bbox 1071 642 1227 673; x_wconf 74' lang='grc' dir='ltr'>εὐλάὸειαν,</span> <span class='ocrx_word' id='word_1_289' title='bbox 1242 643 1290 668; x_wconf 69' lang='grc' dir='ltr'>καὶ</span> <span class='ocrx_word' id='word_1_290' title='bbox 1312 641 1442 669; x_wconf 81' lang='grc' dir='ltr'><strong>ἀπελθεῖν</strong></span> <span class='ocrx_word' id='word_1_291' title='bbox 1458 643 1498 672; x_wconf 81' lang='lat' dir='ltr'><strong>ei;</strong></span> <span class='ocrx_word' id='word_1_292' title='bbox 1508 641 1558 676; x_wconf 82' lang='grc' dir='ltr'>τὴν</span> <span class='ocrx_word' id='word_1_293' title='bbox 1569 641 1710 675; x_wconf 80' lang='grc' dir='ltr'>Φοινίκην.</span> <span class='ocrx_word' id='word_1_294' title='bbox 1724 641 1754 666; x_wconf 80' lang='lat' dir='ltr'><strong>Ei</strong></span> <span class='ocrx_word' id='word_1_295' title='bbox 1770 649 1846 675; x_wconf 88' lang='grc' dir='ltr'>παρα</span> 
     </span>
    </p>
   </div>
   <div class='ocr_carea' id='block_1_43' title="bbox 1071 686 1857 723">
    <p class='ocr_par' dir='ltr' id='par_1_43' title="bbox 1071 686 1857 723">
     <span class='ocr_line' id='line_1_43' title="bbox 1071 686 1857 723; baseline -0.003 -9"><span class='ocrx_word' id='word_1_296' title='bbox 1071 690 1185 722; x_wconf 78' lang='grc' dir='ltr'>γέγονεν</span> <span class='ocrx_word' id='word_1_297' title='bbox 1197 686 1253 721; x_wconf 82' lang='grc' dir='ltr'>οὖν,</span> <span class='ocrx_word' id='word_1_298' title='bbox 1265 687 1388 723; x_wconf 87' lang='grc' dir='ltr'>δηλῶσαί</span> <span class='ocrx_word' id='word_1_299' title='bbox 1404 696 1449 722; x_wconf 86' lang='grc' dir='ltr'><strong>μοι</strong></span> <span class='ocrx_word' id='word_1_300' title='bbox 1464 687 1628 714; x_wconf 86' lang='grc' dir='ltr'>σπούδασον.</span> <span class='ocrx_word' id='word_1_301' title='bbox 1641 686 1695 714; x_wconf 83' lang='grc' dir='ltr'>Τοῦ</span> <span class='ocrx_word' id='word_1_302' title='bbox 1707 686 1857 721; x_wconf 67' lang='grc' dir='ltr'>Σαλαμῖνος,</span> 
     </span>
    </p>
   </div>
   <div class='ocr_carea' id='block_1_44' title="bbox 1070 732 1857 769">
    <p class='ocr_par' dir='ltr' id='par_1_44' title="bbox 1070 732 1857 769">
     <span class='ocr_line' id='line_1_44' title="bbox 1070 732 1857 769; baseline -0.003 -10"><span class='ocrx_word' id='word_1_303' title='bbox 1070 733 1165 760; x_wconf 69' lang='grc' dir='ltr'>ἕνεκεν</span> <span class='ocrx_word' id='word_1_304' title='bbox 1184 733 1285 769; x_wconf 83' lang='grc' dir='ltr'><strong>χωρίου</strong></span> <span class='ocrx_word' id='word_1_305' title='bbox 1310 733 1356 760; x_wconf 82' lang='grc' dir='ltr'><strong>τοῦ</strong></span> <span class='ocrx_word' id='word_1_306' title='bbox 1384 733 1456 760; x_wconf 84' lang='grc' dir='ltr'>κατὰ</span> <span class='ocrx_word' id='word_1_307' title='bbox 1470 733 1520 768; x_wconf 83' lang='grc' dir='ltr'>τὴν</span> <span class='ocrx_word' id='word_1_308' title='bbox 1545 732 1638 767; x_wconf 79' lang='grc' dir='ltr'>Κῦρον</span> <span class='ocrx_word' id='word_1_309' title='bbox 1655 732 1794 765; x_wconf 79' lang='grc' dir='ltr'>κειμένου,</span> <span class='ocrx_word' id='word_1_310' title='bbox 1810 732 1857 757; x_wconf 74' lang='grc' dir='ltr'>τοῦ</span> 
     </span>
    </p>
   </div>
   <div class='ocr_carea' id='block_1_45' title="bbox 1073 777 1857 815">
    <p class='ocr_par' dir='ltr' id='par_1_45' title="bbox 1073 777 1857 815">
     <span class='ocr_line' id='line_1_45' title="bbox 1073 777 1857 815; baseline -0.004 -9"><span class='ocrx_word' id='word_1_311' title='bbox 1073 780 1125 806; x_wconf 70' lang='grc' dir='ltr'><strong>ὑπὸ</strong></span> <span class='ocrx_word' id='word_1_312' title='bbox 1142 780 1193 814; x_wconf 85' lang='grc' dir='ltr'>τῆς</span> <span class='ocrx_word' id='word_1_313' title='bbox 1203 780 1338 815; x_wconf 80' lang='grc' dir='ltr'>αἱρέσεως</span> <span class='ocrx_word' id='word_1_314' title='bbox 1354 779 1408 806; x_wconf 83' lang='grc' dir='ltr'>τῶν</span> <span class='ocrx_word' id='word_1_315' title='bbox 1427 779 1648 814; x_wconf 79' lang='grc' dir='ltr'>Μαρκιωνιστῶν</span> <span class='ocrx_word' id='word_1_316' title='bbox 1660 777 1857 812; x_wconf 84' lang='grc' dir='ltr'>πολιορκουμέ-</span> 
     </span>
    </p>
   </div>
   <div class='ocr_carea' id='block_1_46' title="bbox 1072 823 1858 861">
    <p class='ocr_par' dir='ltr' id='par_1_46' title="bbox 1072 823 1858 861">
     <span class='ocr_line' id='line_1_46' title="bbox 1072 823 1858 861; baseline -0.005 -8"><span class='ocrx_word' id='word_1_317' title='bbox 1072 835 1131 859; x_wconf 88' lang='grc' dir='ltr'>νου,</span> <span class='ocrx_word' id='word_1_318' title='bbox 1148 827 1224 861; x_wconf 78' lang='grc' dir='ltr'>ἥμην</span> <span class='ocrx_word' id='word_1_319' title='bbox 1240 826 1426 861; x_wconf 79' lang='grc' dir='ltr'><strong>διειλεγμένος</strong></span> <span class='ocrx_word' id='word_1_320' title='bbox 1443 823 1484 857; x_wconf 76' lang='grc' dir='ltr'>οἷς</span> <span class='ocrx_word' id='word_1_321' title='bbox 1502 825 1598 860; x_wconf 76' lang='grc' dir='ltr'>ἐχρῆν,</span> <span class='ocrx_word' id='word_1_322' title='bbox 1612 825 1659 851; x_wconf 75' lang='grc' dir='ltr'>καὶ</span> <span class='ocrx_word' id='word_1_323' title='bbox 1669 823 1858 859; x_wconf 82' lang='grc' dir='ltr'>κατωρθωκὼς</span> 
     </span>
    </p>
   </div>
   <div class='ocr_carea' id='block_1_47' title="bbox 1072 866 1858 905">
    <p class='ocr_par' dir='ltr' id='par_1_47' title="bbox 1072 866 1858 905">
     <span class='ocr_line' id='line_1_47' title="bbox 1072 866 1858 905; baseline -0.004 -8"><span class='ocrx_word' id='word_1_324' title='bbox 1072 870 1102 897; x_wconf 82' lang='grc' dir='ltr'>τὸ</span> <span class='ocrx_word' id='word_1_325' title='bbox 1119 871 1174 897; x_wconf 74' lang='grc' dir='ltr'>πᾶν</span> <span class='ocrx_word' id='word_1_326' title='bbox 1185 878 1191 885; x_wconf 92' lang='grc'>·</span> <span class='ocrx_word' id='word_1_327' title='bbox 1210 870 1268 897; x_wconf 82' lang='grc' dir='ltr'>ἀλλ’</span> <span class='ocrx_word' id='word_1_328' title='bbox 1282 871 1369 905; x_wconf 73' lang='grc' dir='ltr'>ἔφθην</span> <span class='ocrx_word' id='word_1_329' title='bbox 1380 870 1537 905; x_wconf 76' lang='grc' dir='ltr'>ἐκϐληθείς.</span> <span class='ocrx_word' id='word_1_330' title='bbox 1553 870 1585 896; x_wconf 79' lang='lat' dir='ltr'><strong>Et</strong></span> <span class='ocrx_word' id='word_1_331' title='bbox 1605 869 1696 895; x_wconf 82' lang='grc' dir='ltr'>τοίνυν</span> <span class='ocrx_word' id='word_1_332' title='bbox 1713 868 1800 903; x_wconf 81' lang='grc' dir='ltr'><strong>μάθῃς</strong></span> <span class='ocrx_word' id='word_1_333' title='bbox 1813 866 1858 894; x_wconf 84' lang='grc' dir='ltr'>τὸν</span> 
     </span>
    </p>
   </div>
   <div class='ocr_carea' id='block_1_48' title="bbox 1073 915 1859 952">
    <p class='ocr_par' dir='ltr' id='par_1_48' title="bbox 1073 915 1859 952">
     <span class='ocr_line' id='line_1_48' title="bbox 1073 915 1859 952; baseline -0.006 -8"><span class='ocrx_word' id='word_1_334' title='bbox 1073 917 1169 952; x_wconf 82' lang='grc' dir='ltr'>κύριόν</span> <span class='ocrx_word' id='word_1_335' title='bbox 1184 926 1233 952; x_wconf 88' lang='grc' dir='ltr'><strong>μου</strong></span> <span class='ocrx_word' id='word_1_336' title='bbox 1250 917 1391 952; x_wconf 81' lang='grc' dir='ltr'>Κυριακδν</span> <span class='ocrx_word' id='word_1_337' title='bbox 1407 917 1453 943; x_wconf 73' lang='grc' dir='ltr'>τὸν</span> <span class='ocrx_word' id='word_1_338' title='bbox 1469 916 1623 942; x_wconf 69' lang='grc' dir='ltr'>ἐπίσκοπον</span> <span class='ocrx_word' id='word_1_339' title='bbox 1638 915 1684 941; x_wconf 74' lang='grc' dir='ltr'><strong>ἐπὶ</strong></span> <span class='ocrx_word' id='word_1_340' title='bbox 1706 915 1757 948; x_wconf 85' lang='grc' dir='ltr'><strong>τῆς</strong></span> <span class='ocrx_word' id='word_1_341' title='bbox 1782 915 1859 940; x_wconf 76' lang='grc' dir='ltr'><strong>κων·</strong></span> 
     </span>
    </p>
   </div>
   <div class='ocr_carea' id='block_1_49' title="bbox 1073 959 1857 998">
    <p class='ocr_par' dir='ltr' id='par_1_49' title="bbox 1073 959 1857 998">
     <span class='ocr_line' id='line_1_49' title="bbox 1073 959 1857 998; baseline -0.005 -8"><span class='ocrx_word' id='word_1_342' title='bbox 1073 964 1335 990; x_wconf 85' lang='grc' dir='ltr'>σταντινουπολιτῶν</span> <span class='ocrx_word' id='word_1_343' title='bbox 1350 962 1514 998; x_wconf 75' lang='grc' dir='ltr'>διατρίϐειν,</span> <span class='ocrx_word' id='word_1_344' title='bbox 1531 961 1686 988; x_wconf 79' lang='grc' dir='ltr'>ἐπίστειλον</span> <span class='ocrx_word' id='word_1_345' title='bbox 1707 960 1781 995; x_wconf 81' lang='grc' dir='ltr'>αὐτῷ</span> <span class='ocrx_word' id='word_1_346' title='bbox 1795 959 1857 986; x_wconf 81' lang='grc' dir='ltr'><strong>ταὺ-</strong></span> 
     </span>
    </p>
   </div>
   <div class='ocr_carea' id='block_1_50' title="bbox 1072 1007 1861 1045">
    <p class='ocr_par' dir='ltr' id='par_1_50' title="bbox 1072 1007 1861 1045">
     <span class='ocr_line' id='line_1_50' title="bbox 1072 1007 1861 1045; baseline -0.005 -9"><span class='ocrx_word' id='word_1_347' title='bbox 1072 1019 1121 1044; x_wconf 78' lang='grc' dir='ltr'>της</span> <span class='ocrx_word' id='word_1_348' title='bbox 1136 1010 1229 1036; x_wconf 66' lang='grc' dir='ltr'>ἕνεκεν</span> <span class='ocrx_word' id='word_1_349' title='bbox 1241 1011 1289 1045; x_wconf 80' lang='grc' dir='ltr'><strong>τῆς</strong></span> <span class='ocrx_word' id='word_1_350' title='bbox 1306 1011 1473 1042; x_wconf 78' lang='grc' dir='ltr'><strong>ὑποθέσεως,</strong></span> <span class='ocrx_word' id='word_1_351' title='bbox 1502 1010 1549 1036; x_wconf 73' lang='grc' dir='ltr'>καὶ</span> <span class='ocrx_word' id='word_1_352' title='bbox 1562 1009 1591 1035; x_wconf 84' lang='grc' dir='ltr'><strong>τὸ</strong></span> <span class='ocrx_word' id='word_1_353' title='bbox 1613 1009 1667 1034; x_wconf 75' lang='grc' dir='ltr'><strong>πᾶν</strong></span> <span class='ocrx_word' id='word_1_354' title='bbox 1683 1007 1774 1034; x_wconf 67' lang='grc' dir='ltr'>ἀνύειν</span> <span class='ocrx_word' id='word_1_355' title='bbox 1785 1007 1861 1041; x_wconf 80' lang='grc' dir='ltr'>δυνή-</span> 
     </span>
    </p>
   </div>
   <div class='ocr_carea' id='block_1_51' title="bbox 1075 1053 1860 1090">
    <p class='ocr_par' dir='ltr' id='par_1_51' title="bbox 1075 1053 1860 1090">
     <span class='ocr_line' id='line_1_51' title="bbox 1075 1053 1860 1090; baseline -0.005 -8"><span class='ocrx_word' id='word_1_356' title='bbox 1075 1065 1160 1083; x_wconf 81' lang='grc' dir='ltr'>σεται,</span> <span class='ocrx_word' id='word_1_357' title='bbox 1176 1056 1287 1087; x_wconf 80' lang='grc' dir='ltr'>Πάντας</span> <span class='ocrx_word' id='word_1_358' title='bbox 1298 1057 1345 1082; x_wconf 74' lang='grc' dir='ltr'><strong>καὶ</strong></span> <span class='ocrx_word' id='word_1_359' title='bbox 1361 1056 1480 1090; x_wconf 78' lang='grc' dir='ltr'>μάλιστα</span> <span class='ocrx_word' id='word_1_360' title='bbox 1495 1057 1555 1086; x_wconf 65' lang='grc' dir='ltr'>τοῦς</span> <span class='ocrx_word' id='word_1_361' title='bbox 1572 1054 1730 1089; x_wconf 67' lang='grc' dir='ltr'>παρρησίαν</span> <span class='ocrx_word' id='word_1_362' title='bbox 1748 1053 1860 1087; x_wconf 72' lang='grc' dir='ltr'>ἔχοντας</span> 
     </span>
    </p>
   </div>
   <div class='ocr_carea' id='block_1_52' title="bbox 1075 1098 1860 1135">
    <p class='ocr_par' dir='ltr' id='par_1_52' title="bbox 1075 1098 1860 1135">
     <span class='ocr_line' id='line_1_52' title="bbox 1075 1098 1860 1135; baseline -0.004 -10"><span class='ocrx_word' id='word_1_363' title='bbox 1075 1102 1142 1135; x_wconf 63' lang='grc' dir='ltr'>προς</span> <span class='ocrx_word' id='word_1_364' title='bbox 1162 1102 1207 1127; x_wconf 62' lang='grc' dir='ltr'>τὴν</span> <span class='ocrx_word' id='word_1_365' title='bbox 1219 1102 1284 1128; x_wconf 68' lang='grc' dir='ltr'>Θεὸν</span> <span class='ocrx_word' id='word_1_366' title='bbox 1301 1101 1456 1135; x_wconf 79' lang='grc' dir='ltr'>παρακάλει</span> <span class='ocrx_word' id='word_1_367' title='bbox 1470 1100 1554 1134; x_wconf 83' lang='grc' dir='ltr'>πολλῇ</span> <span class='ocrx_word' id='word_1_368' title='bbox 1568 1099 1721 1133; x_wconf 80' lang='grc' dir='ltr'>κεχρῆσθαι</span> <span class='ocrx_word' id='word_1_369' title='bbox 1733 1099 1766 1133; x_wconf 80' lang='grc' dir='ltr'><strong>τῇ</strong></span> <span class='ocrx_word' id='word_1_370' title='bbox 1781 1098 1860 1131; x_wconf 80' lang='grc' dir='ltr'>εὐχῇ,</span> 
     </span>
    </p>
   </div>
   <div class='ocr_carea' id='block_1_53' title="bbox 1075 1140 1862 1180">
    <p class='ocr_par' dir='ltr' id='par_1_53' title="bbox 1075 1140 1862 1180">
     <span class='ocr_line' id='line_1_53' title="bbox 1075 1140 1862 1180; baseline -0.006 -9"><span class='ocrx_word' id='word_1_371' title='bbox 1075 1145 1159 1180; x_wconf 71' lang='grc' dir='ltr'>πολλῇ</span> <span class='ocrx_word' id='word_1_372' title='bbox 1176 1147 1207 1180; x_wconf 81' lang='grc' dir='ltr'>τῇ</span> <span class='ocrx_word' id='word_1_373' title='bbox 1228 1144 1363 1179; x_wconf 58' lang='grc' dir='ltr'>ἐκτενείᾳ,</span> <span class='ocrx_word' id='word_1_374' title='bbox 1380 1144 1450 1171; x_wconf 81' lang='grc' dir='ltr'>ὥστε</span> <span class='ocrx_word' id='word_1_375' title='bbox 1480 1144 1510 1170; x_wconf 75' lang='grc' dir='ltr'>τὸ</span> <span class='ocrx_word' id='word_1_376' title='bbox 1527 1144 1577 1176; x_wconf 65' lang='grc' dir='ltr'><strong>τῆς</strong></span> <span class='ocrx_word' id='word_1_377' title='bbox 1597 1143 1763 1176; x_wconf 75' lang='grc' dir='ltr'>οἰκουμένης</span> <span class='ocrx_word' id='word_1_378' title='bbox 1781 1140 1862 1167; x_wconf 80' lang='grc' dir='ltr'>τοῦτο</span> 
     </span>
    </p>
   </div>
   <div class='ocr_carea' id='block_1_54' title="bbox 1075 1185 1862 1224">
    <p class='ocr_par' dir='ltr' id='par_1_54' title="bbox 1075 1185 1862 1224">
     <span class='ocr_line' id='line_1_54' title="bbox 1075 1185 1862 1224; baseline -0.006 -8"><span class='ocrx_word' id='word_1_379' title='bbox 1075 1190 1205 1224; x_wconf 69' lang='grc' dir='ltr'>ναυάγιον</span> <span class='ocrx_word' id='word_1_380' title='bbox 1224 1190 1383 1216; x_wconf 74' lang='grc' dir='ltr'>παύσασθαι</span> <span class='ocrx_word' id='word_1_381' title='bbox 1395 1197 1402 1204; x_wconf 81' lang='lat'>&#39;</span> <span class='ocrx_word' id='word_1_382' title='bbox 1424 1190 1548 1224; x_wconf 76' lang='grc' dir='ltr'>ἀφόρητα</span> <span class='ocrx_word' id='word_1_383' title='bbox 1565 1188 1618 1223; x_wconf 77' lang='grc' dir='ltr'><strong>γὰρ</strong></span> <span class='ocrx_word' id='word_1_384' title='bbox 1640 1188 1687 1214; x_wconf 81' lang='grc' dir='ltr'>καὶ</span> <span class='ocrx_word' id='word_1_385' title='bbox 1704 1187 1753 1221; x_wconf 82' lang='grc' dir='ltr'>τὴν</span> <span class='ocrx_word' id='word_1_386' title='bbox 1769 1185 1862 1212; x_wconf 80' lang='grc' dir='ltr'>Ἀσίαν</span> 
     </span>
    </p>
   </div>
   <div class='ocr_carea' id='block_1_55' title="bbox 1076 1228 1863 1270">
    <p class='ocr_par' dir='ltr' id='par_1_55' title="bbox 1076 1228 1863 1270">
     <span class='ocr_line' id='line_1_55' title="bbox 1076 1228 1863 1270; baseline -0.004 -8"><span class='ocrx_word' id='word_1_387' title='bbox 1076 1237 1210 1263; x_wconf 71' lang='grc' dir='ltr'>κατέλαϐε</span> <span class='ocrx_word' id='word_1_388' title='bbox 1236 1237 1319 1269; x_wconf 81' lang='grc' dir='ltr'>κακὰ,</span> <span class='ocrx_word' id='word_1_389' title='bbox 1350 1236 1398 1262; x_wconf 73' lang='grc' dir='ltr'>καὶ</span> <span class='ocrx_word' id='word_1_390' title='bbox 1416 1237 1513 1270; x_wconf 82' lang='grc' dir='ltr'>ἑτέρας</span> <span class='ocrx_word' id='word_1_391' title='bbox 1541 1235 1569 1261; x_wconf 72' lang='grc' dir='ltr'>δὲ</span> <span class='ocrx_word' id='word_1_392' title='bbox 1597 1228 1689 1265; x_wconf 76' lang='grc' dir='ltr'>πόλεις</span> <span class='ocrx_word' id='word_1_393' title='bbox 1704 1234 1751 1260; x_wconf 73' lang='grc' dir='ltr'>καὶ</span> <span class='ocrx_word' id='word_1_394' title='bbox 1765 1233 1863 1268; x_wconf 71' lang='grc' dir='ltr'>ἐκκλη-</span> 
     </span>
    </p>
   </div>
   <div class='ocr_carea' id='block_1_56' title="bbox 1077 1278 1863 1316">
    <p class='ocr_par' dir='ltr' id='par_1_56' title="bbox 1077 1278 1863 1316">
     <span class='ocr_line' id='line_1_56' title="bbox 1077 1278 1863 1316; baseline -0.005 -8"><span class='ocrx_word' id='word_1_395' title='bbox 1077 1282 1147 1313; x_wconf 60' lang='grc' dir='ltr'>σίας.</span> <span class='ocrx_word' id='word_1_396' title='bbox 1171 1281 1273 1316; x_wconf 64' lang='lat' dir='ltr'><strong>&quot;Amp,</strong></span> <span class='ocrx_word' id='word_1_397' title='bbox 1295 1282 1338 1307; x_wconf 87' lang='grc' dir='ltr'><strong>ἴνα</strong></span> <span class='ocrx_word' id='word_1_398' title='bbox 1353 1281 1390 1316; x_wconf 84' lang='grc' dir='ltr'>μὴ</span> <span class='ocrx_word' id='word_1_399' title='bbox 1406 1281 1476 1307; x_wconf 79' lang='grc' dir='ltr'>δοκῶ</span> <span class='ocrx_word' id='word_1_400' title='bbox 1490 1279 1736 1315; x_wconf 71' lang='grc' dir='ltr'>διενοχλεῐν,ἀφεὶς</span> <span class='ocrx_word' id='word_1_401' title='bbox 1753 1279 1782 1304; x_wconf 67' lang='grc' dir='ltr'><strong>τὺ</strong></span> <span class='ocrx_word' id='word_1_402' title='bbox 1797 1278 1863 1305; x_wconf 88' lang='grc' dir='ltr'>καθ-</span> 
     </span>
    </p>
   </div>
   <div class='ocr_carea' id='block_1_57' title="bbox 1077 1322 1862 1360">
    <p class='ocr_par' dir='ltr' id='par_1_57' title="bbox 1077 1322 1862 1360">
     <span class='ocr_line' id='line_1_57' title="bbox 1077 1322 1862 1360; baseline -0.008 -7"><span class='ocrx_word' id='word_1_403' title='bbox 1077 1328 1191 1353; x_wconf 70' lang='grc' dir='ltr'>έκαστον</span> <span class='ocrx_word' id='word_1_404' title='bbox 1205 1327 1305 1360; x_wconf 79' lang='grc' dir='ltr'>λέγειν,</span> <span class='ocrx_word' id='word_1_405' title='bbox 1323 1327 1412 1352; x_wconf 70' lang='grc' dir='ltr'>ἐκεῖνο</span> <span class='ocrx_word' id='word_1_406' title='bbox 1429 1325 1509 1360; x_wconf 82' lang='grc' dir='ltr'>μόνον</span> <span class='ocrx_word' id='word_1_407' title='bbox 1525 1325 1591 1359; x_wconf 80' lang='grc' dir='ltr'><strong>ἐρῶ,</strong></span> <span class='ocrx_word' id='word_1_408' title='bbox 1604 1325 1645 1350; x_wconf 75' lang='grc' dir='ltr'>ὃτι</span> <span class='ocrx_word' id='word_1_409' title='bbox 1658 1324 1745 1358; x_wconf 82' lang='grc' dir='ltr'>εὐχῶν</span> <span class='ocrx_word' id='word_1_410' title='bbox 1759 1322 1862 1349; x_wconf 78' lang='grc' dir='ltr'>πολλῶν</span> 
     </span>
    </p>
   </div>
   <div class='ocr_carea' id='block_1_58' title="bbox 1077 1364 1863 1408">
    <p class='ocr_par' dir='ltr' id='par_1_58' title="bbox 1077 1364 1863 1408">
     <span class='ocr_line' id='line_1_58' title="bbox 1077 1364 1863 1408; baseline -0.006 -9"><span class='ocrx_word' id='word_1_411' title='bbox 1077 1374 1156 1408; x_wconf 77' lang='grc' dir='ltr'>χρεία</span> <span class='ocrx_word' id='word_1_412' title='bbox 1179 1374 1225 1399; x_wconf 77' lang='grc' dir='ltr'>καὶ</span> <span class='ocrx_word' id='word_1_413' title='bbox 1246 1374 1364 1406; x_wconf 79' lang='grc' dir='ltr'>δεήσεων</span> <span class='ocrx_word' id='word_1_414' title='bbox 1392 1372 1523 1398; x_wconf 77' lang='grc' dir='ltr'>ἑκτενῶν.</span> <span class='ocrx_word' id='word_1_415' title='bbox 1541 1381 1550 1397; x_wconf 75' lang='grc' dir='ltr'><strong>ι</strong></span> <span class='ocrx_word' id='word_1_416' title='bbox 1568 1370 1624 1397; x_wconf 70' lang='grc' dir='ltr'><strong>Καὶ</strong></span> <span class='ocrx_word' id='word_1_417' title='bbox 1648 1370 1729 1396; x_wconf 79' lang='grc' dir='ltr'>πάλιν</span> <span class='ocrx_word' id='word_1_418' title='bbox 1755 1364 1783 1395; x_wconf 72' lang='grc' dir='ltr'>ἓν</span> <span class='ocrx_word' id='word_1_419' title='bbox 1797 1369 1863 1405; x_wconf 72' lang='grc' dir='ltr'>ἄλλῃ</span> 
     </span>
    </p>
   </div>
   <div class='ocr_carea' id='block_1_59' title="bbox 1078 1414 1862 1453">
    <p class='ocr_par' dir='ltr' id='par_1_59' title="bbox 1078 1414 1862 1453">
     <span class='ocr_line' id='line_1_59' title="bbox 1078 1414 1862 1453; baseline -0.008 -7"><span class='ocrx_word' id='word_1_420' title='bbox 1078 1419 1131 1446; x_wconf 76' lang='grc' dir='ltr'>τῶν</span> <span class='ocrx_word' id='word_1_421' title='bbox 1148 1418 1297 1445; x_wconf 76' lang='grc' dir='ltr'>ἐπιστολῶν</span> <span class='ocrx_word' id='word_1_422' title='bbox 1312 1418 1384 1444; x_wconf 71' lang='grc' dir='ltr'>οὕτω</span> <span class='ocrx_word' id='word_1_423' title='bbox 1401 1418 1483 1453; x_wconf 72' lang='grc' dir='ltr'>φησίν</span> <span class='ocrx_word' id='word_1_424' title='bbox 1494 1425 1501 1433; x_wconf 66' lang='grc' dir='ltr'><strong>ι</strong></span> <span class='ocrx_word' id='word_1_425' title='bbox 1520 1425 1529 1442; x_wconf 78' lang='grc' dir='ltr'><strong>ι</strong></span> <span class='ocrx_word' id='word_1_426' title='bbox 1549 1417 1581 1443; x_wconf 85' lang='grc' dir='ltr'><strong>Εἰ</strong></span> <span class='ocrx_word' id='word_1_427' title='bbox 1592 1416 1646 1451; x_wconf 85' lang='grc' dir='ltr'><strong>γὰρ</strong></span> <span class='ocrx_word' id='word_1_428' title='bbox 1660 1417 1707 1442; x_wconf 76' lang='grc' dir='ltr'>καὶ</span> <span class='ocrx_word' id='word_1_429' title='bbox 1720 1414 1862 1450; x_wconf 78' lang='grc' dir='ltr'>δεσμωτή-</span> 
     </span>
    </p>
   </div>
   <div class='ocr_carea' id='block_1_60' title="bbox 1079 1459 1863 1499">
    <p class='ocr_par' dir='ltr' id='par_1_60' title="bbox 1079 1459 1863 1499">
     <span class='ocr_line' id='line_1_60' title="bbox 1079 1459 1863 1499; baseline -0.006 -8"><span class='ocrx_word' id='word_1_430' title='bbox 1079 1474 1137 1499; x_wconf 88' lang='grc' dir='ltr'>ριον</span> <span class='ocrx_word' id='word_1_431' title='bbox 1152 1466 1262 1495; x_wconf 78' lang='grc' dir='ltr'>οἰκεῖτε.</span> <span class='ocrx_word' id='word_1_432' title='bbox 1279 1464 1326 1491; x_wconf 75' lang='grc' dir='ltr'>καὶ</span> <span class='ocrx_word' id='word_1_433' title='bbox 1350 1465 1444 1491; x_wconf 71' lang='grc' dir='ltr'>ἅλυσιν</span> <span class='ocrx_word' id='word_1_434' title='bbox 1471 1462 1642 1497; x_wconf 79' lang='grc' dir='ltr'>περίχεισθε,</span> <span class='ocrx_word' id='word_1_435' title='bbox 1657 1462 1706 1487; x_wconf 60' lang='grc' dir='ltr'><strong>καὶ⁵</strong></span> <span class='ocrx_word' id='word_1_436' title='bbox 1727 1461 1794 1495; x_wconf 69' lang='grc' dir='ltr'>μετὰ</span> <span class='ocrx_word' id='word_1_437' title='bbox 1810 1459 1863 1486; x_wconf 87' lang='grc' dir='ltr'><strong>τῶν</strong></span> 
     </span>
    </p>
   </div>
   <div class='ocr_carea' id='block_1_61' title="bbox 1080 1505 1862 1547">
    <p class='ocr_par' dir='ltr' id='par_1_61' title="bbox 1080 1505 1862 1547">
     <span class='ocr_line' id='line_1_61' title="bbox 1080 1505 1862 1547; baseline -0.009 -9"><span class='ocrx_word' id='word_1_438' title='bbox 1080 1511 1250 1547; x_wconf 75' lang='grc' dir='ltr'>αὐχμώντων</span> <span class='ocrx_word' id='word_1_439' title='bbox 1264 1511 1311 1537; x_wconf 74' lang='grc' dir='ltr'>καὶ</span> <span class='ocrx_word' id='word_1_440' title='bbox 1342 1510 1491 1545; x_wconf 75' lang='grc' dir='ltr'>ρυπὼντων</span> <span class='ocrx_word' id='word_1_441' title='bbox 1512 1509 1574 1535; x_wconf 76' lang='grc' dir='ltr'>ἐστὲ</span> <span class='ocrx_word' id='word_1_442' title='bbox 1590 1505 1862 1541; x_wconf 72' lang='grc' dir='ltr'>κατακεκλεισμένοι,</span> 
     </span>
    </p>
   </div>
   <div class='ocr_carea' id='block_1_62' title="bbox 240 1552 1029 1600">
    <p class='ocr_par' dir='ltr' id='par_1_62' title="bbox 240 1565 1028 1600">
     <span class='ocr_line' id='line_1_62' title="bbox 240 1565 1028 1600; baseline 0.004 -9"><span class='ocrx_word' id='word_1_443' title='bbox 240 1565 379 1600; x_wconf 84' lang='lat' dir='ltr'><strong>iniquitati</strong></span> <span class='ocrx_word' id='word_1_444' title='bbox 397 1574 451 1593; x_wconf 92' lang='lat' dir='ltr'><strong>non</strong></span> <span class='ocrx_word' id='word_1_445' title='bbox 468 1567 643 1599; x_wconf 85' lang='lat' dir='ltr'><strong>consentitis,</strong></span> <span class='ocrx_word' id='word_1_446' title='bbox 660 1568 796 1594; x_wconf 86' lang='lat' dir='ltr'><strong>exsultate</strong></span> <span class='ocrx_word' id='word_1_447' title='bbox 820 1575 853 1594; x_wconf 78' lang='grc' dir='ltr'>(ιο</span> <span class='ocrx_word' id='word_1_448' title='bbox 873 1568 985 1595; x_wconf 88' lang='lat' dir='ltr'><strong>nomine</strong></span> <span class='ocrx_word' id='word_1_449' title='bbox 1001 1572 1028 1595; x_wconf 89' lang='lat' dir='ltr'><strong>et</strong></span> 
     </span>
    </p>
   </div>
   <div class='ocr_carea' id='block_1_63' title="bbox 1081 1552 1862 1600">
    <p class='ocr_par' dir='ltr' id='par_1_63' title="bbox 1081 1552 1862 1600">
     <span class='ocr_line' id='line_1_63' title="bbox 1081 1552 1862 1600; baseline -0.008 -16"><span class='ocrx_word' id='word_1_450' title='bbox 1081 1558 1173 1584; x_wconf 73' lang='grc' dir='ltr'>ἕνεκεν</span> <span class='ocrx_word' id='word_1_451' title='bbox 1197 1556 1243 1584; x_wconf 82' lang='grc' dir='ltr'>τοῦ</span> <span class='ocrx_word' id='word_1_452' title='bbox 1265 1557 1302 1591; x_wconf 86' lang='grc' dir='ltr'>μὴ</span> <span class='ocrx_word' id='word_1_453' title='bbox 1332 1556 1477 1582; x_wconf 78' lang='grc' dir='ltr'>συνθέσθαι</span> <span class='ocrx_word' id='word_1_454' title='bbox 1506 1556 1538 1590; x_wconf 73' lang='grc' dir='ltr'><strong>τῇ</strong></span> <span class='ocrx_word' id='word_1_455' title='bbox 1563 1554 1669 1580; x_wconf 81' lang='grc' dir='ltr'>τούτων</span> <span class='ocrx_word' id='word_1_456' title='bbox 1695 1552 1862 1600; x_wconf 56' lang='grc' dir='ltr'>παρανομία,</span> 
     </span>
    </p>
   </div>
   <div class='ocr_carea' id='block_1_64' title="bbox 239 1611 1029 1647">
    <p class='ocr_par' dir='ltr' id='par_1_64' title="bbox 239 1611 1029 1647">
     <span class='ocr_line' id='line_1_64' title="bbox 239 1611 1029 1647; baseline 0.003 -9"><span class='ocrx_word' id='word_1_457' title='bbox 239 1611 405 1646; x_wconf 77' lang='lat' dir='ltr'><strong>gloriamini,</strong></span> <span class='ocrx_word' id='word_1_458' title='bbox 438 1611 567 1645; x_wconf 82' lang='lat' dir='ltr'><strong>quoniam</strong></span> <span class='ocrx_word' id='word_1_459' title='bbox 595 1612 715 1647; x_wconf 80' lang='lat' dir='ltr'><strong>ingentis</strong></span> <span class='ocrx_word' id='word_1_460' title='bbox 751 1612 820 1639; x_wconf 88' lang='lat' dir='ltr'><strong>lucri</strong></span> <span class='ocrx_word' id='word_1_461' title='bbox 863 1613 920 1640; x_wconf 56' lang='lat' dir='ltr'><strong>hac</strong></span> <span class='ocrx_word' id='word_1_462' title='bbox 950 1613 1029 1640; x_wconf 85' lang='lat' dir='ltr'><strong>vobis</strong></span> 
     </span>
    </p>
   </div>
   <div class='ocr_carea' id='block_1_65' title="bbox 241 1657 1029 1691">
    <p class='ocr_par' dir='ltr' id='par_1_65' title="bbox 241 1657 1029 1691">
     <span class='ocr_line' id='line_1_65' title="bbox 241 1657 1029 1691; baseline 0.003 -8"><span class='ocrx_word' id='word_1_463' title='bbox 241 1657 352 1684; x_wconf 88' lang='lat' dir='ltr'><strong>occasio</strong></span> <span class='ocrx_word' id='word_1_464' title='bbox 368 1661 443 1684; x_wconf 90' lang='lat' dir='ltr'><strong>sunt.</strong></span> <span class='ocrx_word' id='word_1_465' title='bbox 470 1658 700 1691; x_wconf 76' lang='lat' dir='ltr'><strong>Quandoquidem</strong></span> <span class='ocrx_word' id='word_1_466' title='bbox 716 1662 744 1684; x_wconf 90' lang='lat' dir='ltr'><strong>et</strong></span> <span class='ocrx_word' id='word_1_467' title='bbox 768 1666 818 1685; x_wconf 92' lang='lat' dir='ltr'><strong>nos</strong></span> <span class='ocrx_word' id='word_1_468' title='bbox 843 1658 941 1691; x_wconf 85' lang='lat' dir='ltr'><strong>attriti,</strong></span> <span class='ocrx_word' id='word_1_469' title='bbox 963 1666 1029 1685; x_wconf 89' lang='lat' dir='ltr'><strong>con-</strong></span> 
     </span>
    </p>
   </div>
   <div class='ocr_carea' id='block_1_66' title="bbox 242 1703 1030 1738">
    <p class='ocr_par' dir='ltr' id='par_1_66' title="bbox 242 1703 1030 1738">
     <span class='ocr_line' id='line_1_66' title="bbox 242 1703 1030 1738; baseline 0.001 -9"><span class='ocrx_word' id='word_1_470' title='bbox 242 1703 344 1738; x_wconf 78' lang='lat' dir='ltr'><strong>sumpti</strong></span> <span class='ocrx_word' id='word_1_471' title='bbox 383 1708 411 1730; x_wconf 82' lang='lat' dir='ltr'><strong>et</strong></span> <span class='ocrx_word' id='word_1_472' title='bbox 439 1703 578 1731; x_wconf 75' lang='lat' dir='ltr'><strong>sexcentis</strong></span> <span class='ocrx_word' id='word_1_473' title='bbox 609 1704 708 1731; x_wconf 90' lang='lat' dir='ltr'><strong>mortis</strong></span> <span class='ocrx_word' id='word_1_474' title='bbox 737 1704 886 1738; x_wconf 77' lang='lat' dir='ltr'><strong>generibus</strong></span> <span class='ocrx_word' id='word_1_475' title='bbox 912 1704 1030 1731; x_wconf 76' lang='lat' dir='ltr'><strong>confecti</strong></span> 
     </span>
    </p>
   </div>
   <div class='ocr_carea' id='block_1_67' title="bbox 241 1750 1030 1785">
    <p class='ocr_par' dir='ltr' id='par_1_67' title="bbox 241 1750 1030 1785">
     <span class='ocr_line' id='line_1_67' title="bbox 241 1750 1030 1785; baseline 0.001 -9"><span class='ocrx_word' id='word_1_476' title='bbox 241 1757 362 1777; x_wconf 80' lang='lat' dir='ltr'><strong>sumus:</strong></span> <span class='ocrx_word' id='word_1_477' title='bbox 382 1750 407 1777; x_wconf 90' lang='lat' dir='ltr'><strong>id</strong></span> <span class='ocrx_word' id='word_1_478' title='bbox 435 1750 508 1784; x_wconf 88' lang='lat' dir='ltr'><strong>quod</strong></span> <span class='ocrx_word' id='word_1_479' title='bbox 537 1750 697 1777; x_wconf 85' lang='lat' dir='ltr'><strong>renuntiare</strong></span> <span class='ocrx_word' id='word_1_480' title='bbox 727 1755 803 1778; x_wconf 89' lang='lat' dir='ltr'><strong>certo</strong></span> <span class='ocrx_word' id='word_1_481' title='bbox 832 1755 958 1785; x_wconf 87' lang='lat' dir='ltr'><strong>possunt,</strong></span> <span class='ocrx_word' id='word_1_482' title='bbox 983 1750 1030 1785; x_wconf 89' lang='lat' dir='ltr'><strong>qui</strong></span> 
     </span>
    </p>
   </div>
   <div class='ocr_carea' id='block_1_68' title="bbox 241 1796 1032 1830">
    <p class='ocr_par' dir='ltr' id='par_1_68' title="bbox 241 1796 1032 1830">
     <span class='ocr_line' id='line_1_68' title="bbox 241 1796 1032 1830; baseline 0.001 -8"><span class='ocrx_word' id='word_1_483' title='bbox 241 1796 317 1823; x_wconf 85' lang='lat' dir='ltr'><strong>brevi</strong></span> <span class='ocrx_word' id='word_1_484' title='bbox 333 1796 415 1823; x_wconf 80' lang='lat' dir='ltr'><strong>etiam</strong></span> <span class='ocrx_word' id='word_1_485' title='bbox 427 1800 567 1823; x_wconf 91' lang='lat' dir='ltr'><strong>momento</strong></span> <span class='ocrx_word' id='word_1_486' title='bbox 578 1796 723 1823; x_wconf 89' lang='lat' dir='ltr'><strong>nobiscum</strong></span> <span class='ocrx_word' id='word_1_487' title='bbox 737 1796 814 1823; x_wconf 84' lang='lat' dir='ltr'><strong>fuere</strong></span> <span class='ocrx_word' id='word_1_488' title='bbox 832 1806 838 1823; x_wconf 87' lang='lat'><strong>:</strong></span> <span class='ocrx_word' id='word_1_489' title='bbox 854 1805 916 1823; x_wconf 90' lang='lat' dir='ltr'><strong>cum</strong></span> <span class='ocrx_word' id='word_1_490' title='bbox 931 1797 1032 1830; x_wconf 89' lang='lat' dir='ltr'><strong>quibus</strong></span> 
     </span>
    </p>
   </div>
   <div class='ocr_carea' id='block_1_69' title="bbox 242 1842 1032 1877">
    <p class='ocr_par' dir='ltr' id='par_1_69' title="bbox 242 1842 1032 1877">
     <span class='ocr_line' id='line_1_69' title="bbox 242 1842 1032 1877; baseline 0.003 -9"><span class='ocrx_word' id='word_1_491' title='bbox 242 1842 364 1876; x_wconf 84' lang='lat' dir='ltr'><strong>colloqui</strong></span> <span class='ocrx_word' id='word_1_492' title='bbox 389 1850 443 1869; x_wconf 93' lang='lat' dir='ltr'><strong>non</strong></span> <span class='ocrx_word' id='word_1_493' title='bbox 471 1843 566 1877; x_wconf 91' lang='lat' dir='ltr'><strong>potui,</strong></span> <span class='ocrx_word' id='word_1_494' title='bbox 595 1847 709 1877; x_wconf 83' lang='lat' dir='ltr'><strong>propter</strong></span> <span class='ocrx_word' id='word_1_495' title='bbox 741 1843 889 1870; x_wconf 84' lang='lat' dir='ltr'><strong>continuas</strong></span> <span class='ocrx_word' id='word_1_496' title='bbox 920 1843 1032 1876; x_wconf 79' lang='lat' dir='ltr'><strong>febres,</strong></span> 
     </span>
    </p>
   </div>
   <div class='ocr_carea' id='block_1_70' title="bbox 241 1887 1033 1923">
    <p class='ocr_par' dir='ltr' id='par_1_70' title="bbox 241 1887 1033 1923">
     <span class='ocr_line' id='line_1_70' title="bbox 241 1887 1033 1923; baseline 0.004 -10"><span class='ocrx_word' id='word_1_497' title='bbox 241 1887 346 1922; x_wconf 81' lang='lat' dir='ltr'><strong>quibus</strong></span> <span class='ocrx_word' id='word_1_498' title='bbox 370 1895 431 1914; x_wconf 90' lang='lat' dir='ltr'><strong>sum</strong></span> <span class='ocrx_word' id='word_1_499' title='bbox 452 1892 615 1922; x_wconf 83' lang='lat' dir='ltr'><strong>occupatus.</strong></span> <span class='ocrx_word' id='word_1_500' title='bbox 640 1888 797 1923; x_wconf 86' lang='lat' dir='ltr'><strong>quibusque</strong></span> <span class='ocrx_word' id='word_1_501' title='bbox 821 1888 868 1915; x_wconf 91' lang='lat' dir='ltr'><strong>diu</strong></span> <span class='ocrx_word' id='word_1_502' title='bbox 894 1893 1033 1923; x_wconf 80' lang='lat' dir='ltr'><strong>noctuque</strong></span> 
     </span>
    </p>
   </div>
   <div class='ocr_carea' id='block_1_71' title="bbox 242 1933 1032 1965">
    <p class='ocr_par' dir='ltr' id='par_1_71' title="bbox 242 1933 1032 1965">
     <span class='ocr_line' id='line_1_71' title="bbox 242 1933 1032 1965; baseline 0 -5"><span class='ocrx_word' id='word_1_503' title='bbox 242 1933 369 1964; x_wconf 80' lang='lat' dir='ltr'><strong>amictus.</strong></span> <span class='ocrx_word' id='word_1_504' title='bbox 396 1933 448 1960; x_wconf 90' lang='lat' dir='ltr'><strong>iter</strong></span> <span class='ocrx_word' id='word_1_505' title='bbox 475 1937 564 1960; x_wconf 88' lang='lat' dir='ltr'><strong>tamen</strong></span> <span class='ocrx_word' id='word_1_506' title='bbox 595 1933 686 1961; x_wconf 84' lang='lat' dir='ltr'><strong>facere</strong></span> <span class='ocrx_word' id='word_1_507' title='bbox 712 1941 827 1961; x_wconf 88' lang='lat' dir='ltr'><strong>necesse</strong></span> <span class='ocrx_word' id='word_1_508' title='bbox 845 1933 939 1965; x_wconf 81' lang='lat' dir='ltr'><strong>habui.</strong></span> <span class='ocrx_word' id='word_1_509' title='bbox 964 1938 1032 1961; x_wconf 65' lang='lat' dir='ltr'><strong>astu</strong></span> 
     </span>
    </p>
   </div>
   <div class='ocr_carea' id='block_1_72' title="bbox 243 1980 1035 2015">
    <p class='ocr_par' dir='ltr' id='par_1_72' title="bbox 243 1980 1035 2015">
     <span class='ocr_line' id='line_1_72' title="bbox 243 1980 1035 2015; baseline 0.001 -9"><span class='ocrx_word' id='word_1_510' title='bbox 243 1987 405 2015; x_wconf 84' lang='lat' dir='ltr'><strong>oppressus.</strong></span> <span class='ocrx_word' id='word_1_511' title='bbox 423 1980 561 2008; x_wconf 86' lang='lat' dir='ltr'><strong>insomnia</strong></span> <span class='ocrx_word' id='word_1_512' title='bbox 583 1980 775 2012; x_wconf 82' lang='lat' dir='ltr'><strong>labefactatus,</strong></span> <span class='ocrx_word' id='word_1_513' title='bbox 795 1988 887 2007; x_wconf 86' lang='lat' dir='ltr'><strong>rerum</strong></span> <span class='ocrx_word' id='word_1_514' title='bbox 909 1987 1035 2007; x_wconf 85' lang='lat' dir='ltr'><strong>necessa-</strong></span> 
     </span>
    </p>
   </div>
   <div class='ocr_carea' id='block_1_73' title="bbox 245 2026 1035 2061">
    <p class='ocr_par' dir='ltr' id='par_1_73' title="bbox 245 2026 1035 2061">
     <span class='ocr_line' id='line_1_73' title="bbox 245 2026 1035 2061; baseline -0.001 -8"><span class='ocrx_word' id='word_1_515' title='bbox 245 2028 350 2054; x_wconf 89' lang='lat' dir='ltr'><strong>riarum</strong></span> <span class='ocrx_word' id='word_1_516' title='bbox 367 2026 492 2060; x_wconf 82' lang='lat' dir='ltr'><strong>penuria,</strong></span> <span class='ocrx_word' id='word_1_517' title='bbox 504 2031 718 2061; x_wconf 86' lang='lat' dir='ltr'><strong>curatorumque</strong></span> <span class='ocrx_word' id='word_1_518' title='bbox 728 2033 775 2053; x_wconf 85' lang='lat' dir='ltr'><strong>seu</strong></span> <span class='ocrx_word' id='word_1_519' title='bbox 785 2026 959 2053; x_wconf 80' lang='lat' dir='ltr'><strong>defensorum</strong></span> <span class='ocrx_word' id='word_1_520' title='bbox 977 2026 1035 2053; x_wconf 92' lang='lat' dir='ltr'><strong>ino-</strong></span> 
     </span>
    </p>
   </div>
   <div class='ocr_carea' id='block_1_74' title="bbox 245 2072 1036 2109">
    <p class='ocr_par' dir='ltr' id='par_1_74' title="bbox 245 2072 1036 2109">
     <span class='ocr_line' id='line_1_74' title="bbox 245 2072 1036 2109; baseline -0.001 -9"><span class='ocrx_word' id='word_1_521' title='bbox 245 2073 289 2109; x_wconf 88' lang='lat' dir='ltr'><strong>pia</strong></span> <span class='ocrx_word' id='word_1_522' title='bbox 307 2072 459 2100; x_wconf 78' lang='lat' dir='ltr'><strong>confectus.</strong></span> <span class='ocrx_word' id='word_1_523' title='bbox 480 2073 547 2100; x_wconf 84' lang='lat' dir='ltr'><strong>Nam</strong></span> <span class='ocrx_word' id='word_1_524' title='bbox 567 2077 594 2100; x_wconf 89' lang='lat' dir='ltr'><strong>et</strong></span> <span class='ocrx_word' id='word_1_525' title='bbox 611 2073 645 2099; x_wconf 89' lang='lat' dir='ltr'><strong>iis</strong></span> <span class='ocrx_word' id='word_1_526' title='bbox 661 2072 707 2105; x_wconf 87' lang='lat' dir='ltr'><strong>qui</strong></span> <span class='ocrx_word' id='word_1_527' title='bbox 731 2072 772 2098; x_wconf 86' lang='lat' dir='ltr'><strong>vel</strong></span> <span class='ocrx_word' id='word_1_528' title='bbox 790 2072 816 2098; x_wconf 92' lang='lat' dir='ltr'><strong>in</strong></span> <span class='ocrx_word' id='word_1_529' title='bbox 834 2072 950 2098; x_wconf 84' lang='lat' dir='ltr'><strong>metallis</strong></span> <span class='ocrx_word' id='word_1_530' title='bbox 965 2080 1036 2106; x_wconf 88' lang='lat' dir='ltr'><strong>opus</strong></span> 
     </span>
    </p>
   </div>
   <div class='ocr_carea' id='block_1_75' title="bbox 246 2117 1037 2152">
    <p class='ocr_par' dir='ltr' id='par_1_75' title="bbox 246 2117 1037 2152">
     <span class='ocr_line' id='line_1_75' title="bbox 246 2117 1037 2152; baseline -0.001 -6"><span class='ocrx_word' id='word_1_531' title='bbox 246 2119 363 2151; x_wconf 69' lang='lat' dir='ltr'><strong>faciunt,</strong></span> <span class='ocrx_word' id='word_1_532' title='bbox 387 2119 430 2146; x_wconf 86' lang='lat' dir='ltr'><strong>vel</strong></span> <span class='ocrx_word' id='word_1_533' title='bbox 449 2126 591 2146; x_wconf 87' lang='lat' dir='ltr'><strong>carcerem</strong></span> <span class='ocrx_word' id='word_1_534' title='bbox 613 2118 749 2149; x_wconf 87' lang='lat' dir='ltr'><strong>incolunt,</strong></span> <span class='ocrx_word' id='word_1_535' title='bbox 774 2118 855 2152; x_wconf 77' lang='lat' dir='ltr'><strong>longe</strong></span> <span class='ocrx_word' id='word_1_536' title='bbox 875 2117 987 2144; x_wconf 85' lang='lat' dir='ltr'><strong>duriora</strong></span> <span class='ocrx_word' id='word_1_537' title='bbox 1009 2124 1037 2145; x_wconf 88' lang='lat' dir='ltr'><strong>et</strong></span> 
     </span>
    </p>
   </div>
   <div class='ocr_carea' id='block_1_76' title="bbox 246 2163 1037 2200">
    <p class='ocr_par' dir='ltr' id='par_1_76' title="bbox 246 2163 1037 2200">
     <span class='ocr_line' id='line_1_76' title="bbox 246 2163 1037 2200; baseline -0.003 -8"><span class='ocrx_word' id='word_1_538' title='bbox 246 2166 320 2200; x_wconf 86' lang='lat' dir='ltr'><strong>passi</strong></span> <span class='ocrx_word' id='word_1_539' title='bbox 339 2172 445 2197; x_wconf 84' lang='lat' dir='ltr'><strong>sumus,</strong></span> <span class='ocrx_word' id='word_1_540' title='bbox 461 2170 489 2192; x_wconf 86' lang='lat' dir='ltr'><strong>et</strong></span> <span class='ocrx_word' id='word_1_541' title='bbox 506 2164 657 2192; x_wconf 81' lang='lat' dir='ltr'><strong>etiamnum</strong></span> <span class='ocrx_word' id='word_1_542' title='bbox 674 2164 804 2198; x_wconf 87' lang='lat' dir='ltr'><strong>patimur.</strong></span> <span class='ocrx_word' id='word_1_543' title='bbox 819 2163 852 2189; x_wconf 89' lang='lat' dir='ltr'><strong>Et</strong></span> <span class='ocrx_word' id='word_1_544' title='bbox 870 2164 913 2190; x_wconf 83' lang='lat' dir='ltr'><strong>vix</strong></span> <span class='ocrx_word' id='word_1_545' title='bbox 929 2164 1037 2190; x_wconf 80' lang='lat' dir='ltr'><strong>laudent</strong></span> 
     </span>
    </p>
   </div>
   <div class='ocr_carea' id='block_1_77' title="bbox 245 2209 1037 2246">
    <p class='ocr_par' dir='ltr' id='par_1_77' title="bbox 245 2209 1037 2246">
     <span class='ocr_line' id='line_1_77' title="bbox 245 2209 1037 2246; baseline -0.005 -5"><span class='ocrx_word' id='word_1_546' title='bbox 245 2214 400 2241; x_wconf 65' lang='lat' dir='ltr'><strong>Ctesaream</strong></span> <span class='ocrx_word' id='word_1_547' title='bbox 414 2220 447 2239; x_wconf 83' lang='lat' dir='ltr'><strong>ex</strong></span> <span class='ocrx_word' id='word_1_548' title='bbox 466 2214 628 2246; x_wconf 85' lang='lat' dir='ltr'><strong>tempestate</strong></span> <span class='ocrx_word' id='word_1_549' title='bbox 645 2210 670 2235; x_wconf 92' lang='lat' dir='ltr'><strong>in</strong></span> <span class='ocrx_word' id='word_1_550' title='bbox 691 2214 800 2244; x_wconf 86' lang='lat' dir='ltr'><strong>portum</strong></span> <span class='ocrx_word' id='word_1_551' title='bbox 825 2209 960 2237; x_wconf 87' lang='lat' dir='ltr'><strong>venimus.</strong></span> <span class='ocrx_word' id='word_1_552' title='bbox 984 2210 1037 2237; x_wconf 83' lang='lat' dir='ltr'><strong>Sed</strong></span> 
     </span>
    </p>
   </div>
   <div class='ocr_carea' id='block_1_78' title="bbox 247 2255 1036 2295">
    <p class='ocr_par' dir='ltr' id='par_1_78' title="bbox 247 2255 1036 2295">
     <span class='ocr_line' id='line_1_78' title="bbox 247 2255 1036 2295; baseline -0.004 -9"><span class='ocrx_word' id='word_1_553' title='bbox 247 2269 283 2289; x_wconf 84' lang='lat' dir='ltr'><strong>ne</strong></span> <span class='ocrx_word' id='word_1_554' title='bbox 301 2264 395 2295; x_wconf 88' lang='lat' dir='ltr'><strong>portus</strong></span> <span class='ocrx_word' id='word_1_555' title='bbox 409 2258 521 2294; x_wconf 89' lang='lat' dir='ltr'><strong>quidem</strong></span> <span class='ocrx_word' id='word_1_556' title='bbox 535 2257 586 2284; x_wconf 86' lang='lat' dir='ltr'><strong>iste</strong></span> <span class='ocrx_word' id='word_1_557' title='bbox 597 2263 723 2282; x_wconf 83' lang='lat' dir='ltr'><strong>recreare</strong></span> <span class='ocrx_word' id='word_1_558' title='bbox 741 2264 791 2282; x_wconf 89' lang='lat' dir='ltr'><strong>nos</strong></span> <span class='ocrx_word' id='word_1_559' title='bbox 807 2263 840 2282; x_wconf 83' lang='lat' dir='ltr'><strong>ex</strong></span> <span class='ocrx_word' id='word_1_560' title='bbox 857 2255 991 2283; x_wconf 77' lang='lat' dir='ltr'><strong>ﬂuctuum</strong></span> <span class='ocrx_word' id='word_1_561' title='bbox 1009 2261 1036 2283; x_wconf 92' lang='lat' dir='ltr'><strong>et</strong></span> 
     </span>
    </p>
   </div>
   <div class='ocr_carea' id='block_1_79' title="bbox 248 2302 1037 2338">
    <p class='ocr_par' dir='ltr' id='par_1_79' title="bbox 248 2302 1037 2338">
     <span class='ocr_line' id='line_1_79' title="bbox 248 2302 1037 2338; baseline -0.009 -3"><span class='ocrx_word' id='word_1_562' title='bbox 248 2307 386 2335; x_wconf 88' lang='lat' dir='ltr'><strong>undarum</strong></span> <span class='ocrx_word' id='word_1_563' title='bbox 410 2304 543 2333; x_wconf 63' lang='lat' dir='ltr'><strong>aerumnis</strong></span> <span class='ocrx_word' id='word_1_564' title='bbox 568 2302 658 2338; x_wconf 88' lang='lat' dir='ltr'><strong>potuit</strong></span> <span class='ocrx_word' id='word_1_565' title='bbox 674 2310 681 2328; x_wconf 90' lang='lat'>:</span> <span class='ocrx_word' id='word_1_566' title='bbox 699 2302 769 2329; x_wconf 83' lang='lat' dir='ltr'><strong>adeo</strong></span> <span class='ocrx_word' id='word_1_567' title='bbox 797 2310 846 2329; x_wconf 81' lang='lat' dir='ltr'><strong>nos</strong></span> <span class='ocrx_word' id='word_1_568' title='bbox 869 2303 1037 2337; x_wconf 70' lang='lat' dir='ltr'><strong>praeteritum</strong></span> 
     </span>
    </p>
   </div>
   <div class='ocr_carea' id='block_1_80' title="bbox 250 2348 1037 2388">
    <p class='ocr_par' dir='ltr' id='par_1_80' title="bbox 250 2348 1037 2388">
     <span class='ocr_line' id='line_1_80' title="bbox 250 2348 1037 2388; baseline -0.01 -7"><span class='ocrx_word' id='word_1_569' title='bbox 250 2359 358 2388; x_wconf 85' lang='lat' dir='ltr'><strong>tempus</strong></span> <span class='ocrx_word' id='word_1_570' title='bbox 379 2358 495 2386; x_wconf 87' lang='lat' dir='ltr'><strong>prorsus</strong></span> <span class='ocrx_word' id='word_1_571' title='bbox 516 2350 646 2378; x_wconf 85' lang='lat' dir='ltr'><strong>confecit.</strong></span> <span class='ocrx_word' id='word_1_572' title='bbox 664 2349 859 2376; x_wconf 85' lang='lat' dir='ltr'><strong>Verumtamen</strong></span> <span class='ocrx_word' id='word_1_573' title='bbox 886 2348 1037 2376; x_wconf 77' lang='lat' dir='ltr'><strong>Caesaream</strong></span> 
     </span>
    </p>
   </div>
   <div class='ocr_carea' id='block_1_81' title="bbox 248 2392 1038 2429">
    <p class='ocr_par' dir='ltr' id='par_1_81' title="bbox 248 2392 1038 2429">
     <span class='ocr_line' id='line_1_81' title="bbox 248 2392 1038 2429; baseline -0.009 -3"><span class='ocrx_word' id='word_1_574' title='bbox 248 2407 312 2426; x_wconf 88' lang='lat' dir='ltr'><strong>cum</strong></span> <span class='ocrx_word' id='word_1_575' title='bbox 334 2398 481 2428; x_wconf 80' lang='lat' dir='ltr'><strong>venissem,</strong></span> <span class='ocrx_word' id='word_1_576' title='bbox 495 2403 550 2423; x_wconf 87' lang='lat' dir='ltr'><strong>non</strong></span> <span class='ocrx_word' id='word_1_577' title='bbox 566 2403 662 2429; x_wconf 90' lang='lat' dir='ltr'><strong>parum</strong></span> <span class='ocrx_word' id='word_1_578' title='bbox 675 2402 735 2422; x_wconf 91' lang='lat' dir='ltr'><strong>sum</strong></span> <span class='ocrx_word' id='word_1_579' title='bbox 762 2394 941 2424; x_wconf 81' lang='lat' dir='ltr'><strong>refocillatus,</strong></span> <span class='ocrx_word' id='word_1_580' title='bbox 966 2392 1038 2427; x_wconf 70' lang='lat' dir='ltr'><strong>quod</strong></span> 
     </span>
    </p>
   </div>
   <div class='ocr_carea' id='block_1_82' title="bbox 249 2438 1038 2480">
    <p class='ocr_par' dir='ltr' id='par_1_82' title="bbox 249 2438 1038 2480">
     <span class='ocr_line' id='line_1_82' title="bbox 249 2438 1038 2480; baseline -0.01 -7"><span class='ocrx_word' id='word_1_581' title='bbox 249 2452 278 2473; x_wconf 75' lang='lat' dir='ltr'><strong>et</strong></span> <span class='ocrx_word' id='word_1_582' title='bbox 293 2453 389 2480; x_wconf 86' lang='lat' dir='ltr'><strong>puram</strong></span> <span class='ocrx_word' id='word_1_583' title='bbox 407 2443 423 2470; x_wconf 89' lang='lat' dir='ltr'><strong>b</strong></span> <span class='ocrx_word' id='word_1_584' title='bbox 437 2443 523 2470; x_wconf 85' lang='lat' dir='ltr'><strong>berim</strong></span> <span class='ocrx_word' id='word_1_585' title='bbox 540 2448 653 2476; x_wconf 84' lang='lat' dir='ltr'><strong>aquam,</strong></span> <span class='ocrx_word' id='word_1_586' title='bbox 666 2447 695 2467; x_wconf 82' lang='lat' dir='ltr'><strong>et</strong></span> <span class='ocrx_word' id='word_1_587' title='bbox 711 2448 808 2475; x_wconf 80' lang='lat' dir='ltr'><strong>panem</strong></span> <span class='ocrx_word' id='word_1_588' title='bbox 825 2447 879 2467; x_wconf 91' lang='lat' dir='ltr'><strong>non</strong></span> <span class='ocrx_word' id='word_1_589' title='bbox 895 2438 1038 2466; x_wconf 85' lang='lat' dir='ltr'><strong>sordidum</strong></span> 
     </span>
    </p>
   </div>
   <div class='ocr_carea' id='block_1_83' title="bbox 248 2485 1040 2526">
    <p class='ocr_par' dir='ltr' id='par_1_83' title="bbox 248 2485 1040 2526">
     <span class='ocr_line' id='line_1_83' title="bbox 248 2485 1040 2526; baseline -0.01 -8"><span class='ocrx_word' id='word_1_590' title='bbox 248 2497 333 2526; x_wconf 83' lang='lat' dir='ltr'><strong>atque</strong></span> <span class='ocrx_word' id='word_1_591' title='bbox 349 2491 450 2517; x_wconf 88' lang='lat' dir='ltr'><strong>durum</strong></span> <span class='ocrx_word' id='word_1_592' title='bbox 466 2488 642 2523; x_wconf 83' lang='lat' dir='ltr'><strong>sumpserim,</strong></span> <span class='ocrx_word' id='word_1_593' title='bbox 660 2494 749 2520; x_wconf 88' lang='lat' dir='ltr'><strong>neque</strong></span> <span class='ocrx_word' id='word_1_594' title='bbox 774 2486 800 2512; x_wconf 88' lang='lat' dir='ltr'><strong>in</strong></span> <span class='ocrx_word' id='word_1_595' title='bbox 815 2486 952 2513; x_wconf 86' lang='lat' dir='ltr'><strong>doliorum</strong></span> <span class='ocrx_word' id='word_1_596' title='bbox 965 2485 1040 2519; x_wconf 77' lang='lat' dir='ltr'><strong>frag-</strong></span> 
     </span>
    </p>
   </div>
   <div class='ocr_carea' id='block_1_84' title="bbox 251 2531 1042 2566">
    <p class='ocr_par' dir='ltr' id='par_1_84' title="bbox 251 2531 1042 2566">
     <span class='ocr_line' id='line_1_84' title="bbox 251 2531 1042 2566; baseline -0.01 -1"><span class='ocrx_word' id='word_1_597' title='bbox 251 2536 353 2564; x_wconf 88' lang='lat' dir='ltr'><strong>mentis</strong></span> <span class='ocrx_word' id='word_1_598' title='bbox 367 2535 490 2565; x_wconf 86' lang='lat' dir='ltr'><strong>lavarim.</strong></span> <span class='ocrx_word' id='word_1_599' title='bbox 512 2533 559 2560; x_wconf 91' lang='lat' dir='ltr'><strong>sed</strong></span> <span class='ocrx_word' id='word_1_600' title='bbox 574 2533 702 2560; x_wconf 83' lang='lat' dir='ltr'><strong>balneum</strong></span> <span class='ocrx_word' id='word_1_601' title='bbox 719 2531 912 2566; x_wconf 86' lang='lat' dir='ltr'><strong>qualecunque</strong></span> <span class='ocrx_word' id='word_1_602' title='bbox 930 2537 1042 2564; x_wconf 74' lang='lat' dir='ltr'><strong>repere-</strong></span> 
     </span>
    </p>
   </div>
   <div class='ocr_carea' id='block_1_85' title="bbox 252 2575 1040 2615">
    <p class='ocr_par' dir='ltr' id='par_1_85' title="bbox 252 2575 1040 2615">
     <span class='ocr_line' id='line_1_85' title="bbox 252 2575 1040 2615; baseline -0.01 -6"><span class='ocrx_word' id='word_1_603' title='bbox 252 2584 316 2612; x_wconf 84' lang='lat' dir='ltr'><strong>rim.</strong></span> <span class='ocrx_word' id='word_1_604' title='bbox 330 2585 358 2608; x_wconf 81' lang='lat' dir='ltr'><strong>et</strong></span> <span class='ocrx_word' id='word_1_605' title='bbox 372 2581 445 2615; x_wconf 91' lang='lat' dir='ltr'><strong>quod</strong></span> <span class='ocrx_word' id='word_1_606' title='bbox 462 2579 488 2606; x_wconf 94' lang='lat' dir='ltr'><strong>in</strong></span> <span class='ocrx_word' id='word_1_607' title='bbox 506 2578 578 2605; x_wconf 90' lang='lat' dir='ltr'><strong>lecto</strong></span> <span class='ocrx_word' id='word_1_608' title='bbox 595 2584 652 2604; x_wconf 89' lang='lat' dir='ltr'><strong>tum</strong></span> <span class='ocrx_word' id='word_1_609' title='bbox 668 2577 771 2605; x_wconf 89' lang='lat' dir='ltr'><strong>cubare</strong></span> <span class='ocrx_word' id='word_1_610' title='bbox 786 2577 954 2611; x_wconf 87' lang='lat' dir='ltr'><strong>permissum</strong></span> <span class='ocrx_word' id='word_1_611' title='bbox 974 2575 1040 2601; x_wconf 81' lang='lat' dir='ltr'><strong>milii</strong></span> 
     </span>
    </p>
   </div>
   <div class='ocr_carea' id='block_1_86' title="bbox 252 2623 1041 2661">
    <p class='ocr_par' dir='ltr' id='par_1_86' title="bbox 252 2623 1041 2661">
     <span class='ocr_line' id='line_1_86' title="bbox 252 2623 1041 2661; baseline -0.014 -4"><span class='ocrx_word' id='word_1_612' title='bbox 252 2629 348 2657; x_wconf 85' lang='lat' dir='ltr'><strong>fuerit.</strong></span> <span class='ocrx_word' id='word_1_613' title='bbox 368 2627 479 2655; x_wconf 86' lang='lat' dir='ltr'><strong>l‘ossem</strong></span> <span class='ocrx_word' id='word_1_614' title='bbox 493 2626 606 2661; x_wconf 88' lang='lat' dir='ltr'><strong>quidem</strong></span> <span class='ocrx_word' id='word_1_615' title='bbox 624 2624 703 2659; x_wconf 88' lang='lat' dir='ltr'><strong>plura</strong></span> <span class='ocrx_word' id='word_1_616' title='bbox 725 2623 786 2650; x_wconf 85' lang='lat' dir='ltr'><strong>istis</strong></span> <span class='ocrx_word' id='word_1_617' title='bbox 801 2629 1019 2649; x_wconf 87' lang='lat' dir='ltr'><strong>commemorare</strong></span> <span class='ocrx_word' id='word_1_618' title='bbox 1034 2629 1041 2646; x_wconf 90' lang='lat'><strong>:</strong></span> 
     </span>
    </p>
   </div>
   <div class='ocr_carea' id='block_1_87' title="bbox 251 2666 1044 2704">
    <p class='ocr_par' dir='ltr' id='par_1_87' title="bbox 251 2666 1044 2704">
     <span class='ocr_line' id='line_1_87' title="bbox 251 2666 1044 2704; baseline -0.014 -1"><span class='ocrx_word' id='word_1_619' title='bbox 251 2683 348 2703; x_wconf 71' lang='lat' dir='ltr'><strong>verum</strong></span> <span class='ocrx_word' id='word_1_620' title='bbox 364 2682 397 2701; x_wconf 89' lang='lat' dir='ltr'><strong>ne</strong></span> <span class='ocrx_word' id='word_1_621' title='bbox 412 2673 498 2700; x_wconf 87' lang='lat' dir='ltr'><strong>nintio</strong></span> <span class='ocrx_word' id='word_1_622' title='bbox 514 2679 561 2699; x_wconf 85' lang='lat' dir='ltr'><strong>vos</strong></span> <span class='ocrx_word' id='word_1_623' title='bbox 585 2670 679 2697; x_wconf 84' lang='lat' dir='ltr'><strong>dolore</strong></span> <span class='ocrx_word' id='word_1_624' title='bbox 699 2669 783 2704; x_wconf 73' lang='grc' dir='ltr'>ωε</span> <span class='ocrx_word' id='word_1_625' title='bbox 806 2667 933 2698; x_wconf 75' lang='lat' dir='ltr'><strong>alliciant,</strong></span> <span class='ocrx_word' id='word_1_626' title='bbox 952 2667 978 2693; x_wconf 93' lang='lat' dir='ltr'><strong>in</strong></span> <span class='ocrx_word' id='word_1_627' title='bbox 1001 2666 1044 2693; x_wconf 75' lang='lat' dir='ltr'><strong>liis</strong></span> 
     </span>
    </p>
   </div>
   <div class='ocr_carea' id='block_1_88' title="bbox 251 2713 1044 2753">
    <p class='ocr_par' dir='ltr' id='par_1_88' title="bbox 251 2713 1044 2753">
     <span class='ocr_line' id='line_1_88' title="bbox 251 2713 1044 2753; baseline -0.013 -4"><span class='ocrx_word' id='word_1_628' title='bbox 251 2721 413 2753; x_wconf 75' lang='lat' dir='ltr'><strong>consistant,</strong></span> <span class='ocrx_word' id='word_1_629' title='bbox 444 2727 500 2746; x_wconf 91' lang='lat' dir='ltr'><strong>uno</strong></span> <span class='ocrx_word' id='word_1_630' title='bbox 535 2718 582 2745; x_wconf 86' lang='lat' dir='ltr'><strong>illo</strong></span> <span class='ocrx_word' id='word_1_631' title='bbox 611 2716 730 2751; x_wconf 81' lang='lat' dir='ltr'><strong>adjecto,</strong></span> <span class='ocrx_word' id='word_1_632' title='bbox 763 2722 818 2742; x_wconf 91' lang='lat' dir='ltr'><strong>non</strong></span> <span class='ocrx_word' id='word_1_633' title='bbox 859 2713 960 2741; x_wconf 88' lang='lat' dir='ltr'><strong>debere</strong></span> <span class='ocrx_word' id='word_1_634' title='bbox 995 2720 1044 2739; x_wconf 83' lang='lat' dir='ltr'><strong>vos</strong></span> 
     </span>
    </p>
   </div>
   <div class='ocr_carea' id='block_1_89' title="bbox 253 2757 1044 2802">
    <p class='ocr_par' dir='ltr' id='par_1_89' title="bbox 253 2757 1044 2802">
     <span class='ocr_line' id='line_1_89' title="bbox 253 2757 1044 2802; baseline -0.014 -8"><span class='ocrx_word' id='word_1_635' title='bbox 253 2766 420 2802; x_wconf 75' lang='lat' dir='ltr'><strong>exprobrare</strong></span> <span class='ocrx_word' id='word_1_636' title='bbox 430 2765 482 2798; x_wconf 83' lang='lat' dir='ltr'><strong>eis,</strong></span> <span class='ocrx_word' id='word_1_637' title='bbox 505 2770 600 2791; x_wconf 82' lang='lat' dir='ltr'><strong>casum</strong></span> <span class='ocrx_word' id='word_1_638' title='bbox 621 2760 727 2788; x_wconf 88' lang='lat' dir='ltr'><strong>scilicet</strong></span> <span class='ocrx_word' id='word_1_639' title='bbox 749 2764 885 2791; x_wconf 88' lang='lat' dir='ltr'><strong>nostrutn,</strong></span> <span class='ocrx_word' id='word_1_640' title='bbox 905 2757 1044 2790; x_wconf 88' lang='lat' dir='ltr'><strong>desinere,</strong></span> 
     </span>
    </p>
   </div>
   <div class='ocr_carea' id='block_1_90' title="bbox 253 2803 1045 2849">
    <p class='ocr_par' dir='ltr' id='par_1_90' title="bbox 253 2803 1045 2849">
     <span class='ocr_line' id='line_1_90' title="bbox 253 2803 1045 2849; baseline -0.016 -8"><span class='ocrx_word' id='word_1_641' title='bbox 253 2814 301 2849; x_wconf 85' lang='lat' dir='ltr'><strong>qui</strong></span> <span class='ocrx_word' id='word_1_642' title='bbox 322 2820 373 2840; x_wconf 91' lang='lat' dir='ltr'><strong>nos</strong></span> <span class='ocrx_word' id='word_1_643' title='bbox 389 2812 518 2846; x_wconf 75' lang='lat' dir='ltr'><strong>diligunt.</strong></span> <span class='ocrx_word' id='word_1_644' title='bbox 538 2808 606 2836; x_wconf 86' lang='lat' dir='ltr'><strong>Nam</strong></span> <span class='ocrx_word' id='word_1_645' title='bbox 631 2813 694 2834; x_wconf 88' lang='lat' dir='ltr'><strong>cum</strong></span> <span class='ocrx_word' id='word_1_646' title='bbox 723 2810 762 2832; x_wconf 89' lang='lat' dir='ltr'><strong>tot</strong></span> <span class='ocrx_word' id='word_1_647' title='bbox 783 2805 936 2832; x_wconf 89' lang='lat' dir='ltr'><strong>habeamus</strong></span> <span class='ocrx_word' id='word_1_648' title='bbox 956 2803 1045 2829; x_wconf 85' lang='lat' dir='ltr'><strong>nostri</strong></span> 
     </span>
    </p>
   </div>
   <div class='ocr_carea' id='block_1_91' title="bbox 254 2848 1045 2892">
    <p class='ocr_par' dir='ltr' id='par_1_91' title="bbox 254 2848 1045 2892">
     <span class='ocr_line' id='line_1_91' title="bbox 254 2848 1045 2892; baseline -0.018 -4"><span class='ocrx_word' id='word_1_649' title='bbox 254 2848 404 2890; x_wconf 72' lang='lat' dir='ltr'><strong>studiosos.</strong></span> <span class='ocrx_word' id='word_1_650' title='bbox 424 2863 497 2886; x_wconf 82' lang='lat' dir='ltr'><strong>tanta</strong></span> <span class='ocrx_word' id='word_1_651' title='bbox 515 2858 653 2892; x_wconf 76' lang='lat' dir='ltr'><strong>potestate</strong></span> <span class='ocrx_word' id='word_1_652' title='bbox 669 2857 697 2880; x_wconf 88' lang='lat' dir='ltr'><strong>et</strong></span> <span class='ocrx_word' id='word_1_653' title='bbox 721 2852 886 2879; x_wconf 82' lang='lat' dir='ltr'><strong>auctoritate</strong></span> <span class='ocrx_word' id='word_1_654' title='bbox 905 2848 1045 2884; x_wconf 64' lang='lat' dir='ltr'><strong>praeditos,</strong></span> 
     </span>
    </p>
   </div>
   <div class='ocr_carea' id='block_1_92' title="bbox 256 2895 1042 2940">
    <p class='ocr_par' dir='ltr' id='par_1_92' title="bbox 256 2895 1042 2940">
     <span class='ocr_line' id='line_1_92' title="bbox 256 2895 1042 2940; baseline -0.018 -5"><span class='ocrx_word' id='word_1_655' title='bbox 256 2914 347 2940; x_wconf 68' lang='lat' dir='ltr'><strong>neque</strong></span> <span class='ocrx_word' id='word_1_656' title='bbox 375 2912 422 2933; x_wconf 83' lang='lat' dir='ltr'><strong>eas</strong></span> <span class='ocrx_word' id='word_1_657' title='bbox 444 2911 488 2932; x_wconf 86' lang='lat' dir='ltr'><strong>res</strong></span> <span class='ocrx_word' id='word_1_658' title='bbox 511 2903 702 2935; x_wconf 85' lang='lat' dir='ltr'><strong>impetramus,</strong></span> <span class='ocrx_word' id='word_1_659' title='bbox 720 2906 788 2934; x_wconf 89' lang='lat' dir='ltr'><strong>quas</strong></span> <span class='ocrx_word' id='word_1_660' title='bbox 813 2896 935 2926; x_wconf 85' lang='lat' dir='ltr'><strong>damnati</strong></span> <span class='ocrx_word' id='word_1_661' title='bbox 960 2895 1042 2922; x_wconf 90' lang='lat' dir='ltr'><strong>etiam</strong></span> 
     </span>
    </p>
   </div>
   <div class='ocr_carea' id='block_1_93' title="bbox 1081 1596 1865 1637">
    <p class='ocr_par' dir='ltr' id='par_1_93' title="bbox 1081 1596 1865 1637">
     <span class='ocr_line' id='line_1_93' title="bbox 1081 1596 1865 1637; baseline -0.009 -8"><span class='ocrx_word' id='word_1_662' title='bbox 1081 1604 1138 1630; x_wconf 80' lang='grc' dir='ltr'>ἀλλ’</span> <span class='ocrx_word' id='word_1_663' title='bbox 1154 1601 1200 1629; x_wconf 78' lang='grc' dir='ltr'>οὖν</span> <span class='ocrx_word' id='word_1_664' title='bbox 1211 1602 1343 1637; x_wconf 76' lang='grc' dir='ltr'>σκιρτᾶτε</span> <span class='ocrx_word' id='word_1_665' title='bbox 1362 1601 1408 1627; x_wconf 68' lang='grc' dir='ltr'>καὶ</span> <span class='ocrx_word' id='word_1_666' title='bbox 1435 1599 1614 1634; x_wconf 77' lang='grc' dir='ltr'>ἀγαλλιᾶσθε,</span> <span class='ocrx_word' id='word_1_667' title='bbox 1630 1598 1671 1624; x_wconf 83' lang='grc' dir='ltr'>ὅτι</span> <span class='ocrx_word' id='word_1_668' title='bbox 1686 1597 1787 1631; x_wconf 79' lang='grc' dir='ltr'>πολλῆς</span> <span class='ocrx_word' id='word_1_669' title='bbox 1800 1596 1865 1629; x_wconf 75' lang='grc' dir='ltr'>ὑμῖν</span> 
     </span>
    </p>
   </div>
   <div class='ocr_carea' id='block_1_94' title="bbox 1082 1641 1865 1682">
    <p class='ocr_par' dir='ltr' id='par_1_94' title="bbox 1082 1641 1865 1682">
     <span class='ocr_line' id='line_1_94' title="bbox 1082 1641 1865 1682; baseline -0.009 -8"><span class='ocrx_word' id='word_1_670' title='bbox 1082 1648 1218 1682; x_wconf 72' lang='grc' dir='ltr'>ἐμπορίας</span> <span class='ocrx_word' id='word_1_671' title='bbox 1229 1647 1358 1677; x_wconf 82' lang='grc' dir='ltr'>ὑπόθεσις</span> <span class='ocrx_word' id='word_1_672' title='bbox 1372 1645 1461 1672; x_wconf 78' lang='grc' dir='ltr'>ταῦτα</span> <span class='ocrx_word' id='word_1_673' title='bbox 1475 1653 1481 1659; x_wconf 91' lang='grc'>·</span> <span class='ocrx_word' id='word_1_674' title='bbox 1497 1644 1559 1670; x_wconf 77' lang='grc' dir='ltr'>ἐπεὶ</span> <span class='ocrx_word' id='word_1_675' title='bbox 1571 1644 1618 1670; x_wconf 70' lang='grc' dir='ltr'>καὶ</span> <span class='ocrx_word' id='word_1_676' title='bbox 1631 1644 1712 1678; x_wconf 78' lang='grc' dir='ltr'>ἡμεῖς</span> <span class='ocrx_word' id='word_1_677' title='bbox 1726 1641 1865 1677; x_wconf 77' lang='grc' dir='ltr'>ἀνηλώθη-</span> 
     </span>
    </p>
   </div>
   <div class='ocr_carea' id='block_1_95' title="bbox 1084 1687 1865 1729">
    <p class='ocr_par' dir='ltr' id='par_1_95' title="bbox 1084 1687 1865 1729">
     <span class='ocr_line' id='line_1_95' title="bbox 1084 1687 1865 1729; baseline -0.01 -9"><span class='ocrx_word' id='word_1_678' title='bbox 1084 1703 1143 1729; x_wconf 82' lang='grc' dir='ltr'>μεν,</span> <span class='ocrx_word' id='word_1_679' title='bbox 1156 1693 1378 1727; x_wconf 77' lang='grc' dir='ltr'>ὲδαπανήθημεν,</span> <span class='ocrx_word' id='word_1_680' title='bbox 1405 1691 1514 1726; x_wconf 84' lang='grc' dir='ltr'>μυρίοις</span> <span class='ocrx_word' id='word_1_681' title='bbox 1533 1690 1708 1723; x_wconf 79' lang='grc' dir='ltr'>ἀπεθάνομεν</span> <span class='ocrx_word' id='word_1_682' title='bbox 1729 1687 1865 1716; x_wconf 73' lang='grc' dir='ltr'>θανάτοις.</span> 
     </span>
    </p>
   </div>
   <div class='ocr_carea' id='block_1_96' title="bbox 1082 1729 1867 1775">
    <p class='ocr_par' dir='ltr' id='par_1_96' title="bbox 1082 1729 1867 1775">
     <span class='ocr_line' id='line_1_96' title="bbox 1082 1729 1867 1775; baseline -0.013 -10"><span class='ocrx_word' id='word_1_683' title='bbox 1082 1739 1137 1775; x_wconf 57' lang='grc' dir='ltr'>Καὶ</span> <span class='ocrx_word' id='word_1_684' title='bbox 1150 1738 1235 1764; x_wconf 78' lang='grc' dir='ltr'>ταῦτα</span> <span class='ocrx_word' id='word_1_685' title='bbox 1259 1737 1349 1763; x_wconf 77' lang='grc' dir='ltr'>ἴσασιν</span> <span class='ocrx_word' id='word_1_686' title='bbox 1374 1735 1573 1770; x_wconf 75' lang='grc' dir='ltr'>ἀκριϐέστερον</span> <span class='ocrx_word' id='word_1_687' title='bbox 1596 1731 1758 1767; x_wconf 73' lang='grc' dir='ltr'>ἀναγγεῖλαι</span> <span class='ocrx_word' id='word_1_688' title='bbox 1777 1730 1802 1757; x_wconf 84' lang='grc' dir='ltr'><strong>οι</strong></span> <span class='ocrx_word' id='word_1_689' title='bbox 1819 1729 1867 1756; x_wconf 71' lang='grc' dir='ltr'>καὶ</span> 
     </span>
    </p>
   </div>
   <div class='ocr_carea' id='block_1_97' title="bbox 1084 1775 1868 1819">
    <p class='ocr_par' dir='ltr' id='par_1_97' title="bbox 1084 1775 1868 1819">
     <span class='ocr_line' id='line_1_97' title="bbox 1084 1775 1868 1819; baseline -0.013 -9"><span class='ocrx_word' id='word_1_690' title='bbox 1084 1785 1214 1819; x_wconf 70' lang='grc' dir='ltr'>βραχεῖαν</span> <span class='ocrx_word' id='word_1_691' title='bbox 1228 1783 1315 1818; x_wconf 72' lang='grc' dir='ltr'>ῥοπὴν</span> <span class='ocrx_word' id='word_1_692' title='bbox 1330 1783 1396 1817; x_wconf 77' lang='grc' dir='ltr'>ἡμῖν</span> <span class='ocrx_word' id='word_1_693' title='bbox 1424 1779 1639 1814; x_wconf 84' lang='grc' dir='ltr'>συγγενόμενοι·</span> <span class='ocrx_word' id='word_1_694' title='bbox 1665 1777 1735 1812; x_wconf 68' lang='grc' dir='ltr'>πρὸς</span> <span class='ocrx_word' id='word_1_695' title='bbox 1746 1775 1791 1807; x_wconf 75' lang='grc' dir='ltr'><strong>ιιῦς</strong></span> <span class='ocrx_word' id='word_1_696' title='bbox 1807 1775 1868 1801; x_wconf 66' lang='grc' dir='ltr'>οὐδὲ</span> 
     </span>
    </p>
   </div>
   <div class='ocr_carea' id='block_1_98' title="bbox 1083 1821 1868 1864">
    <p class='ocr_par' dir='ltr' id='par_1_98' title="bbox 1083 1821 1868 1864">
     <span class='ocr_line' id='line_1_98' title="bbox 1083 1821 1868 1864; baseline -0.01 -9"><span class='ocrx_word' id='word_1_697' title='bbox 1083 1829 1259 1864; x_wconf 78' lang='grc' dir='ltr'>διαλεχθῆναί</span> <span class='ocrx_word' id='word_1_698' title='bbox 1270 1838 1296 1855; x_wconf 83' lang='grc' dir='ltr'><strong>τι</strong></span> <span class='ocrx_word' id='word_1_699' title='bbox 1311 1827 1455 1862; x_wconf 75' lang='grc' dir='ltr'>ἐδυνήθην,</span> <span class='ocrx_word' id='word_1_700' title='bbox 1472 1826 1524 1852; x_wconf 77' lang='grc' dir='ltr'><strong>ὑπὸ</strong></span> <span class='ocrx_word' id='word_1_701' title='bbox 1537 1826 1591 1852; x_wconf 83' lang='grc' dir='ltr'>τῶν</span> <span class='ocrx_word' id='word_1_702' title='bbox 1605 1823 1724 1858; x_wconf 83' lang='grc' dir='ltr'>συνεχῶν</span> <span class='ocrx_word' id='word_1_703' title='bbox 1746 1821 1868 1857; x_wconf 82' lang='grc' dir='ltr'>πυρετῶν</span> 
     </span>
    </p>
   </div>
   <div class='ocr_carea' id='block_1_99' title="bbox 1085 1867 1869 1910">
    <p class='ocr_par' dir='ltr' id='par_1_99' title="bbox 1085 1867 1869 1910">
     <span class='ocr_line' id='line_1_99' title="bbox 1085 1867 1869 1910; baseline -0.013 -7"><span class='ocrx_word' id='word_1_704' title='bbox 1085 1876 1342 1910; x_wconf 71' lang='grc' dir='ltr'>καταϐεϐλημένος·</span> <span class='ocrx_word' id='word_1_705' title='bbox 1370 1874 1417 1905; x_wconf 84' lang='grc' dir='ltr'><strong>οὒς</strong></span> <span class='ocrx_word' id='word_1_706' title='bbox 1447 1873 1516 1907; x_wconf 69' lang='grc' dir='ltr'>ἔχων</span> <span class='ocrx_word' id='word_1_707' title='bbox 1542 1872 1590 1898; x_wconf 77' lang='grc' dir='ltr'>καὶ</span> <span class='ocrx_word' id='word_1_708' title='bbox 1620 1871 1649 1896; x_wconf 75' lang='grc' dir='ltr'>ἔν</span> <span class='ocrx_word' id='word_1_709' title='bbox 1673 1869 1751 1896; x_wconf 76' lang='grc' dir='ltr'>νυκτὶ</span> <span class='ocrx_word' id='word_1_710' title='bbox 1778 1868 1825 1894; x_wconf 82' lang='grc' dir='ltr'>καὶ</span> <span class='ocrx_word' id='word_1_711' title='bbox 1839 1867 1869 1893; x_wconf 77' lang='grc' dir='ltr'>ὲν</span> 
     </span>
    </p>
   </div>
   <div class='ocr_carea' id='block_1_100' title="bbox 1084 1913 1867 1958">
    <p class='ocr_par' dir='ltr' id='par_1_100' title="bbox 1084 1913 1867 1958">
     <span class='ocr_line' id='line_1_100' title="bbox 1084 1913 1867 1958; baseline -0.011 -10"><span class='ocrx_word' id='word_1_712' title='bbox 1084 1923 1187 1958; x_wconf 76' lang='grc' dir='ltr'>ἡμέρᾳ,</span> <span class='ocrx_word' id='word_1_713' title='bbox 1205 1921 1357 1954; x_wconf 71' lang='grc' dir='ltr'>ὁδοιπορεῖν</span> <span class='ocrx_word' id='word_1_714' title='bbox 1369 1919 1577 1955; x_wconf 79' lang='grc' dir='ltr'>ἠναγκαζόμην,</span> <span class='ocrx_word' id='word_1_715' title='bbox 1592 1918 1640 1945; x_wconf 86' lang='grc' dir='ltr'>καὶ</span> <span class='ocrx_word' id='word_1_716' title='bbox 1653 1916 1751 1942; x_wconf 82' lang='grc' dir='ltr'>θάλπει</span> <span class='ocrx_word' id='word_1_717' title='bbox 1762 1913 1867 1947; x_wconf 84' lang='grc' dir='ltr'>πολιορ-</span> 
     </span>
    </p>
   </div>
   <div class='ocr_carea' id='block_1_101' title="bbox 1085 1960 1869 2003">
    <p class='ocr_par' dir='ltr' id='par_1_101' title="bbox 1085 1960 1869 2003">
     <span class='ocr_line' id='line_1_101' title="bbox 1085 1960 1869 2003; baseline -0.01 -8"><span class='ocrx_word' id='word_1_718' title='bbox 1085 1969 1230 2003; x_wconf 81' lang='grc' dir='ltr'>κούμενος,</span> <span class='ocrx_word' id='word_1_719' title='bbox 1254 1968 1303 1994; x_wconf 77' lang='grc' dir='ltr'>καὶ</span> <span class='ocrx_word' id='word_1_720' title='bbox 1327 1966 1379 1992; x_wconf 77' lang='grc' dir='ltr'><strong>ὑπῇ</strong></span> <span class='ocrx_word' id='word_1_721' title='bbox 1406 1965 1457 2000; x_wconf 81' lang='grc' dir='ltr'>τῆς</span> <span class='ocrx_word' id='word_1_722' title='bbox 1484 1965 1539 1991; x_wconf 75' lang='grc' dir='ltr'>τῶν</span> <span class='ocrx_word' id='word_1_723' title='bbox 1563 1963 1726 1998; x_wconf 78' lang='grc' dir='ltr'>ἐπιτηδείων</span> <span class='ocrx_word' id='word_1_724' title='bbox 1754 1960 1869 1997; x_wconf 79' lang='grc' dir='ltr'>ἐρημίας</span> 
     </span>
    </p>
   </div>
   <div class='ocr_carea' id='block_1_102' title="bbox 1086 2005 1870 2049">
    <p class='ocr_par' dir='ltr' id='par_1_102' title="bbox 1086 2005 1870 2049">
     <span class='ocr_line' id='line_1_102' title="bbox 1086 2005 1870 2049; baseline -0.011 -8"><span class='ocrx_word' id='word_1_725' title='bbox 1086 2015 1284 2049; x_wconf 78' lang='grc' dir='ltr'>ἀπολλύμενος,</span> <span class='ocrx_word' id='word_1_726' title='bbox 1297 2014 1343 2040; x_wconf 74' lang='grc' dir='ltr'>καὶ</span> <span class='ocrx_word' id='word_1_727' title='bbox 1354 2013 1402 2047; x_wconf 83' lang='grc' dir='ltr'>τῆς</span> <span class='ocrx_word' id='word_1_728' title='bbox 1419 2012 1473 2037; x_wconf 85' lang='grc' dir='ltr'>τῶν</span> <span class='ocrx_word' id='word_1_729' title='bbox 1500 2009 1731 2045; x_wconf 85' lang='grc' dir='ltr'>προστησομένων</span> <span class='ocrx_word' id='word_1_730' title='bbox 1744 2005 1870 2042; x_wconf 75' lang='grc' dir='ltr'>ἀπορίας.</span> 
     </span>
    </p>
   </div>
   <div class='ocr_carea' id='block_1_103' title="bbox 1087 2051 1872 2094">
    <p class='ocr_par' dir='ltr' id='par_1_103' title="bbox 1087 2051 1872 2094">
     <span class='ocr_line' id='line_1_103' title="bbox 1087 2051 1872 2094; baseline -0.01 -9"><span class='ocrx_word' id='word_1_731' title='bbox 1087 2060 1141 2085; x_wconf 73' lang='grc' dir='ltr'><strong>Καὶ</strong></span> <span class='ocrx_word' id='word_1_732' title='bbox 1152 2059 1207 2094; x_wconf 75' lang='grc' dir='ltr'><strong>γὰρ</strong></span> <span class='ocrx_word' id='word_1_733' title='bbox 1223 2059 1276 2084; x_wconf 79' lang='grc' dir='ltr'>τῶν</span> <span class='ocrx_word' id='word_1_734' title='bbox 1289 2057 1322 2083; x_wconf 76' lang='grc' dir='ltr'><strong>τὰ</strong></span> <span class='ocrx_word' id='word_1_735' title='bbox 1339 2055 1460 2092; x_wconf 80' lang='grc' dir='ltr'>μέταλλα</span> <span class='ocrx_word' id='word_1_736' title='bbox 1487 2054 1692 2091; x_wconf 75' lang='grc' dir='ltr'>ἐργαζομένων,</span> <span class='ocrx_word' id='word_1_737' title='bbox 1716 2052 1764 2079; x_wconf 71' lang='grc' dir='ltr'>καὶ</span> <span class='ocrx_word' id='word_1_738' title='bbox 1787 2051 1820 2079; x_wconf 75' lang='grc' dir='ltr'><strong>τὰ</strong></span> <span class='ocrx_word' id='word_1_739' title='bbox 1830 2051 1872 2077; x_wconf 79' lang='grc' dir='ltr'>δε-</span> 
     </span>
    </p>
   </div>
   <div class='ocr_carea' id='block_1_104' title="bbox 1090 2097 1873 2140">
    <p class='ocr_par' dir='ltr' id='par_1_104' title="bbox 1090 2097 1873 2140">
     <span class='ocr_line' id='line_1_104' title="bbox 1090 2097 1873 2140; baseline -0.01 -8"><span class='ocrx_word' id='word_1_740' title='bbox 1090 2106 1235 2140; x_wconf 80' lang='grc' dir='ltr'>σμωτήρια</span> <span class='ocrx_word' id='word_1_741' title='bbox 1251 2103 1411 2134; x_wconf 80' lang='grc' dir='ltr'>οἰκούντων,</span> <span class='ocrx_word' id='word_1_742' title='bbox 1438 2100 1617 2137; x_wconf 72' lang='grc' dir='ltr'>χαλεπώτερα</span> <span class='ocrx_word' id='word_1_743' title='bbox 1635 2100 1682 2126; x_wconf 82' lang='grc' dir='ltr'>καὶ</span> <span class='ocrx_word' id='word_1_744' title='bbox 1699 2097 1873 2132; x_wconf 80' lang='grc' dir='ltr'>πεπόνθαμεν</span> 
     </span>
    </p>
   </div>
   <div class='ocr_carea' id='block_1_105' title="bbox 1090 2143 1874 2185">
    <p class='ocr_par' dir='ltr' id='par_1_105' title="bbox 1090 2143 1874 2185">
     <span class='ocr_line' id='line_1_105' title="bbox 1090 2143 1874 2185; baseline -0.01 -8"><span class='ocrx_word' id='word_1_745' title='bbox 1090 2152 1135 2177; x_wconf 69' lang='grc' dir='ltr'>καὶ</span> <span class='ocrx_word' id='word_1_746' title='bbox 1149 2151 1301 2185; x_wconf 84' lang='grc' dir='ltr'>πάσχομεν.</span> <span class='ocrx_word' id='word_1_747' title='bbox 1323 2149 1387 2183; x_wconf 69' lang='grc' dir='ltr'><strong>Ὀψὲ</strong></span> <span class='ocrx_word' id='word_1_748' title='bbox 1400 2148 1428 2174; x_wconf 82' lang='grc' dir='ltr'>δέ</span> <span class='ocrx_word' id='word_1_749' title='bbox 1446 2156 1511 2174; x_wconf 77' lang='grc' dir='ltr'>ποτε</span> <span class='ocrx_word' id='word_1_750' title='bbox 1526 2146 1574 2173; x_wconf 74' lang='grc' dir='ltr'>καὶ</span> <span class='ocrx_word' id='word_1_751' title='bbox 1589 2146 1664 2180; x_wconf 84' lang='grc' dir='ltr'>μόλις</span> <span class='ocrx_word' id='word_1_752' title='bbox 1680 2145 1810 2179; x_wconf 81' lang='grc' dir='ltr'>ὲπέτυχον</span> <span class='ocrx_word' id='word_1_753' title='bbox 1823 2143 1874 2177; x_wconf 80' lang='grc' dir='ltr'><strong>τῆς</strong></span> 
     </span>
    </p>
   </div>
   <div class='ocr_carea' id='block_1_106' title="bbox 1090 2188 1873 2231">
    <p class='ocr_par' dir='ltr' id='par_1_106' title="bbox 1090 2188 1873 2231">
     <span class='ocr_line' id='line_1_106' title="bbox 1090 2188 1873 2231; baseline -0.011 -8"><span class='ocrx_word' id='word_1_754' title='bbox 1090 2196 1272 2231; x_wconf 75' lang='grc' dir='ltr'>Καισαρείας,</span> <span class='ocrx_word' id='word_1_755' title='bbox 1292 2195 1346 2222; x_wconf 77' lang='grc' dir='ltr'>ἀπὸ</span> <span class='ocrx_word' id='word_1_756' title='bbox 1361 2193 1496 2229; x_wconf 81' lang='grc' dir='ltr'>χειμῶνος</span> <span class='ocrx_word' id='word_1_757' title='bbox 1517 2193 1556 2223; x_wconf 80' lang='grc' dir='ltr'>είς</span> <span class='ocrx_word' id='word_1_758' title='bbox 1574 2191 1672 2225; x_wconf 84' lang='grc' dir='ltr'>λιμένα</span> <span class='ocrx_word' id='word_1_759' title='bbox 1689 2189 1785 2217; x_wconf 71' lang='grc' dir='ltr'>ἐλθών.</span> <span class='ocrx_word' id='word_1_760' title='bbox 1802 2188 1873 2215; x_wconf 75' lang='grc' dir='ltr'>Ἀλλ’</span> 
     </span>
    </p>
   </div>
   <div class='ocr_carea' id='block_1_107' title="bbox 1051 2234 1874 2278">
    <p class='ocr_par' dir='ltr' id='par_1_107' title="bbox 1051 2234 1874 2278">
     <span class='ocr_line' id='line_1_107' title="bbox 1051 2234 1874 2278; baseline -0.013 -7"><span class='ocrx_word' id='word_1_761' title='bbox 1051 2245 1076 2274; x_wconf 91' lang='lat' dir='ltr'><strong><em>D</em></strong></span> <span class='ocrx_word' id='word_1_762' title='bbox 1090 2245 1150 2271; x_wconf 65' lang='lat' dir='ltr'><strong>036s</strong></span> <span class='ocrx_word' id='word_1_763' title='bbox 1163 2245 1176 2271; x_wconf 85' lang='lat'><em>6</em></span> <span class='ocrx_word' id='word_1_764' title='bbox 1186 2243 1270 2278; x_wconf 85' lang='grc' dir='ltr'>λιμὴν</span> <span class='ocrx_word' id='word_1_765' title='bbox 1281 2242 1358 2272; x_wconf 83' lang='grc' dir='ltr'>οὗτος</span> <span class='ocrx_word' id='word_1_766' title='bbox 1374 2242 1486 2275; x_wconf 78' lang='grc' dir='ltr'>ῖσχυσεν</span> <span class='ocrx_word' id='word_1_767' title='bbox 1502 2237 1710 2272; x_wconf 82' lang='grc' dir='ltr'>ἀνακτήσασθαι</span> <span class='ocrx_word' id='word_1_768' title='bbox 1720 2237 1754 2264; x_wconf 81' lang='grc' dir='ltr'><strong>τὰ</strong></span> <span class='ocrx_word' id='word_1_769' title='bbox 1763 2236 1816 2263; x_wconf 74' lang='grc' dir='ltr'><strong>ἀπὸ</strong></span> <span class='ocrx_word' id='word_1_770' title='bbox 1826 2234 1874 2261; x_wconf 78' lang='grc' dir='ltr'><strong>τοῦ</strong></span> 
     </span>
    </p>
   </div>
   <div class='ocr_carea' id='block_1_108' title="bbox 1089 2284 1875 2321">
    <p class='ocr_par' dir='ltr' id='par_1_108' title="bbox 1089 2284 1875 2321">
     <span class='ocr_line' id='line_1_108' title="bbox 1089 2284 1875 2321; baseline -0.009 -4"><span class='ocrx_word' id='word_1_771' title='bbox 1089 2290 1236 2317; x_wconf 84' lang='grc' dir='ltr'>κλυδωνίου</span> <span class='ocrx_word' id='word_1_772' title='bbox 1249 2290 1321 2317; x_wconf 87' lang='grc' dir='ltr'>κακά</span> <span class='ocrx_word' id='word_1_773' title='bbox 1336 2297 1342 2305; x_wconf 88' lang='grc'><strong>·</strong></span> <span class='ocrx_word' id='word_1_774' title='bbox 1361 2288 1432 2314; x_wconf 79' lang='grc' dir='ltr'>οὕτω</span> <span class='ocrx_word' id='word_1_775' title='bbox 1458 2286 1587 2319; x_wconf 78' lang='grc' dir='ltr'>καθάπαξ</span> <span class='ocrx_word' id='word_1_776' title='bbox 1602 2285 1677 2321; x_wconf 79' lang='grc' dir='ltr'><strong>ἡμᾶς</strong></span> <span class='ocrx_word' id='word_1_777' title='bbox 1690 2285 1704 2310; x_wconf 87' lang='grc' dir='ltr'><strong>ὸ</strong></span> <span class='ocrx_word' id='word_1_778' title='bbox 1721 2284 1875 2319; x_wconf 77' lang='grc' dir='ltr'>ἔμπροσθεν</span> 
     </span>
    </p>
   </div>
   <div class='ocr_carea' id='block_1_109' title="bbox 1089 2328 1876 2370">
    <p class='ocr_par' dir='ltr' id='par_1_109' title="bbox 1089 2328 1876 2370">
     <span class='ocr_line' id='line_1_109' title="bbox 1089 2328 1876 2370; baseline -0.01 -8"><span class='ocrx_word' id='word_1_779' title='bbox 1089 2336 1184 2370; x_wconf 79' lang='grc' dir='ltr'>χρόνος</span> <span class='ocrx_word' id='word_1_780' title='bbox 1199 2334 1414 2369; x_wconf 82' lang='grc' dir='ltr'>κατειργάσατο.</span> <span class='ocrx_word' id='word_1_781' title='bbox 1448 2332 1520 2359; x_wconf 78' lang='grc' dir='ltr'>Ἀλλ’</span> <span class='ocrx_word' id='word_1_782' title='bbox 1551 2332 1627 2366; x_wconf 81' lang='grc' dir='ltr'><strong>ὅμως</strong></span> <span class='ocrx_word' id='word_1_783' title='bbox 1661 2329 1748 2356; x_wconf 85' lang='grc' dir='ltr'>ὲλθὼν</span> <span class='ocrx_word' id='word_1_784' title='bbox 1773 2330 1813 2360; x_wconf 82' lang='grc' dir='ltr'>εἰς</span> <span class='ocrx_word' id='word_1_785' title='bbox 1827 2328 1876 2362; x_wconf 78' lang='grc' dir='ltr'>τὴν</span> 
     </span>
    </p>
   </div>
   <div class='ocr_carea' id='block_1_110' title="bbox 1091 2374 1877 2417">
    <p class='ocr_par' dir='ltr' id='par_1_110' title="bbox 1091 2374 1877 2417">
     <span class='ocr_line' id='line_1_110' title="bbox 1091 2374 1877 2417; baseline -0.011 -8"><span class='ocrx_word' id='word_1_786' title='bbox 1091 2383 1273 2417; x_wconf 75' lang='grc' dir='ltr'>Καισάρειαν,</span> <span class='ocrx_word' id='word_1_787' title='bbox 1300 2381 1329 2407; x_wconf 83' lang='grc' dir='ltr'>οὐ</span> <span class='ocrx_word' id='word_1_788' title='bbox 1356 2379 1474 2414; x_wconf 76' lang='grc' dir='ltr'>σμικρὸν</span> <span class='ocrx_word' id='word_1_789' title='bbox 1501 2377 1640 2412; x_wconf 75' lang='grc' dir='ltr'><strong>ἁνέψυξα·</strong></span> <span class='ocrx_word' id='word_1_790' title='bbox 1661 2376 1761 2403; x_wconf 65' lang='lat' dir='ltr'><strong>sum</strong></span> <span class='ocrx_word' id='word_1_791' title='bbox 1781 2374 1877 2405; x_wconf 76' lang='grc' dir='ltr'>ὓδατος</span> 
     </span>
    </p>
   </div>
   <div class='ocr_carea' id='block_1_111' title="bbox 1091 2420 1877 2463">
    <p class='ocr_par' dir='ltr' id='par_1_111' title="bbox 1091 2420 1877 2463">
     <span class='ocr_line' id='line_1_111' title="bbox 1091 2420 1877 2463; baseline -0.011 -8"><span class='ocrx_word' id='word_1_792' title='bbox 1091 2429 1167 2455; x_wconf 70' lang='grc' dir='ltr'>ἔπιον</span> <span class='ocrx_word' id='word_1_793' title='bbox 1195 2427 1328 2463; x_wconf 76' lang='grc' dir='ltr'>καθαροῦ,</span> <span class='ocrx_word' id='word_1_794' title='bbox 1353 2427 1395 2453; x_wconf 82' lang='grc' dir='ltr'>ὅτι</span> <span class='ocrx_word' id='word_1_795' title='bbox 1422 2425 1470 2453; x_wconf 74' lang='grc' dir='ltr'>καὶ</span> <span class='ocrx_word' id='word_1_796' title='bbox 1497 2425 1582 2460; x_wconf 81' lang='grc' dir='ltr'>ἄρτου</span> <span class='ocrx_word' id='word_1_797' title='bbox 1608 2424 1659 2451; x_wconf 83' lang='grc' dir='ltr'>οὑκ</span> <span class='ocrx_word' id='word_1_798' title='bbox 1675 2422 1802 2453; x_wconf 78' lang='grc' dir='ltr'>ὀδωδότος</span> <span class='ocrx_word' id='word_1_799' title='bbox 1817 2420 1877 2447; x_wconf 69' lang='grc' dir='ltr'>οὐδὲ</span> 
     </span>
    </p>
   </div>
   <div class='ocr_carea' id='block_1_112' title="bbox 1093 2465 1878 2508">
    <p class='ocr_par' dir='ltr' id='par_1_112' title="bbox 1093 2465 1878 2508">
     <span class='ocr_line' id='line_1_112' title="bbox 1093 2465 1878 2508; baseline -0.011 -7"><span class='ocrx_word' id='word_1_800' title='bbox 1093 2473 1313 2508; x_wconf 73' lang='grc' dir='ltr'>κατεσκληκότος</span> <span class='ocrx_word' id='word_1_801' title='bbox 1336 2471 1502 2506; x_wconf 73' lang='grc' dir='ltr'>μετέλαϐον·</span> <span class='ocrx_word' id='word_1_802' title='bbox 1520 2471 1563 2497; x_wconf 74' lang='grc' dir='ltr'>ὅτι</span> <span class='ocrx_word' id='word_1_803' title='bbox 1578 2469 1672 2496; x_wconf 78' lang='grc' dir='ltr'>οὐκέτι</span> <span class='ocrx_word' id='word_1_804' title='bbox 1695 2469 1725 2495; x_wconf 78' lang='grc' dir='ltr'>ὲν</span> <span class='ocrx_word' id='word_1_805' title='bbox 1738 2468 1794 2499; x_wconf 77' lang='grc' dir='ltr'>τοῖς</span> <span class='ocrx_word' id='word_1_806' title='bbox 1815 2465 1878 2492; x_wconf 78' lang='grc' dir='ltr'>κλα-</span> 
     </span>
    </p>
   </div>
   <div class='ocr_carea' id='block_1_113' title="bbox 1093 2512 1880 2555">
    <p class='ocr_par' dir='ltr' id='par_1_113' title="bbox 1093 2512 1880 2555">
     <span class='ocr_line' id='line_1_113' title="bbox 1093 2512 1880 2555; baseline -0.011 -7"><span class='ocrx_word' id='word_1_807' title='bbox 1093 2530 1181 2555; x_wconf 82' lang='grc' dir='ltr'>σμασι</span> <span class='ocrx_word' id='word_1_808' title='bbox 1207 2521 1261 2547; x_wconf 81' lang='grc' dir='ltr'>τῶν</span> <span class='ocrx_word' id='word_1_809' title='bbox 1285 2520 1374 2546; x_wconf 84' lang='grc' dir='ltr'>πίθων</span> <span class='ocrx_word' id='word_1_810' title='bbox 1398 2518 1552 2553; x_wconf 81' lang='grc' dir='ltr'>ἐλουόμην·</span> <span class='ocrx_word' id='word_1_811' title='bbox 1575 2516 1632 2543; x_wconf 79' lang='grc' dir='ltr'>ἀλλ’</span> <span class='ocrx_word' id='word_1_812' title='bbox 1647 2512 1726 2551; x_wconf 75' lang='grc' dir='ltr'>εὗρον</span> <span class='ocrx_word' id='word_1_813' title='bbox 1739 2515 1880 2550; x_wconf 83' lang='grc' dir='ltr'>βαλανεῖον</span> 
     </span>
    </p>
   </div>
   <div class='ocr_carea' id='block_1_114' title="bbox 1093 2560 1881 2602">
    <p class='ocr_par' dir='ltr' id='par_1_114' title="bbox 1093 2560 1881 2602">
     <span class='ocr_line' id='line_1_114' title="bbox 1093 2560 1881 2602; baseline -0.01 -9"><span class='ocrx_word' id='word_1_814' title='bbox 1093 2565 1148 2593; x_wconf 81' lang='grc' dir='ltr'>οἷον</span> <span class='ocrx_word' id='word_1_815' title='bbox 1176 2567 1206 2602; x_wconf 82' lang='grc' dir='ltr'>δή</span> <span class='ocrx_word' id='word_1_816' title='bbox 1235 2574 1321 2592; x_wconf 85' lang='grc' dir='ltr'>ποτε·</span> <span class='ocrx_word' id='word_1_817' title='bbox 1353 2566 1393 2592; x_wconf 84' lang='grc' dir='ltr'>ὅτι</span> <span class='ocrx_word' id='word_1_818' title='bbox 1418 2562 1637 2599; x_wconf 83' lang='grc' dir='ltr'>συγκεχώρημαι</span> <span class='ocrx_word' id='word_1_819' title='bbox 1663 2562 1732 2592; x_wconf 76' lang='grc' dir='ltr'><strong>τέως</strong></span> <span class='ocrx_word' id='word_1_820' title='bbox 1745 2562 1779 2596; x_wconf 79' lang='grc' dir='ltr'>τῇ</span> <span class='ocrx_word' id='word_1_821' title='bbox 1802 2560 1881 2595; x_wconf 75' lang='grc' dir='ltr'>κλίνῃ</span> 
     </span>
    </p>
   </div>
   <div class='ocr_carea' id='block_1_115' title="bbox 1094 2606 1878 2649">
    <p class='ocr_par' dir='ltr' id='par_1_115' title="bbox 1094 2606 1878 2649">
     <span class='ocr_line' id='line_1_115' title="bbox 1094 2606 1878 2649; baseline -0.011 -9"><span class='ocrx_word' id='word_1_822' title='bbox 1094 2613 1300 2649; x_wconf 79' lang='grc' dir='ltr'>προσηλῶσθαι.</span> <span class='ocrx_word' id='word_1_823' title='bbox 1336 2611 1414 2645; x_wconf 81' lang='grc' dir='ltr'>Ἐνῆν</span> <span class='ocrx_word' id='word_1_824' title='bbox 1443 2610 1491 2637; x_wconf 76' lang='grc' dir='ltr'>καὶ</span> <span class='ocrx_word' id='word_1_825' title='bbox 1517 2609 1631 2636; x_wconf 81' lang='grc' dir='ltr'>πλείονα</span> <span class='ocrx_word' id='word_1_826' title='bbox 1647 2607 1750 2636; x_wconf 82' lang='grc' dir='ltr'>τούτων</span> <span class='ocrx_word' id='word_1_827' title='bbox 1775 2606 1878 2633; x_wconf 64' lang='grc' dir='ltr'>εἰπεῖν’</span> 
     </span>
    </p>
   </div>
   <div class='ocr_carea' id='block_1_116' title="bbox 1095 2653 1880 2695">
    <p class='ocr_par' dir='ltr' id='par_1_116' title="bbox 1095 2653 1880 2695">
     <span class='ocr_line' id='line_1_116' title="bbox 1095 2653 1880 2695; baseline -0.013 -7"><span class='ocrx_word' id='word_1_828' title='bbox 1095 2661 1209 2688; x_wconf 81' lang='grc' dir='ltr'>ἀλλ’ἵνα</span> <span class='ocrx_word' id='word_1_829' title='bbox 1223 2661 1261 2695; x_wconf 79' lang='grc' dir='ltr'>μὴ</span> <span class='ocrx_word' id='word_1_830' title='bbox 1278 2659 1381 2694; x_wconf 72' lang='grc' dir='ltr'>σφόδρα</span> <span class='ocrx_word' id='word_1_831' title='bbox 1401 2658 1525 2692; x_wconf 84' lang='grc' dir='ltr'>λυπήσω,</span> <span class='ocrx_word' id='word_1_832' title='bbox 1543 2656 1625 2691; x_wconf 82' lang='grc' dir='ltr'>μέχρι</span> <span class='ocrx_word' id='word_1_833' title='bbox 1650 2654 1752 2681; x_wconf 80' lang='grc' dir='ltr'>τούτων</span> <span class='ocrx_word' id='word_1_834' title='bbox 1767 2653 1880 2687; x_wconf 81' lang='grc' dir='ltr'>ῖστημι.</span> 
     </span>
    </p>
   </div>
   <div class='ocr_carea' id='block_1_117' title="bbox 1096 2698 1880 2741">
    <p class='ocr_par' dir='ltr' id='par_1_117' title="bbox 1096 2698 1880 2741">
     <span class='ocr_line' id='line_1_117' title="bbox 1096 2698 1880 2741; baseline -0.014 -7"><span class='ocrx_word' id='word_1_835' title='bbox 1096 2709 1184 2734; x_wconf 71' lang='grc' dir='ltr'>ἐκεῖνο</span> <span class='ocrx_word' id='word_1_836' title='bbox 1201 2706 1369 2741; x_wconf 74' lang='grc' dir='ltr'>προστιθεὶς,</span> <span class='ocrx_word' id='word_1_837' title='bbox 1383 2705 1424 2731; x_wconf 84' lang='grc' dir='ltr'>ὅτι</span> <span class='ocrx_word' id='word_1_838' title='bbox 1440 2704 1477 2737; x_wconf 88' lang='grc' dir='ltr'>μὴ</span> <span class='ocrx_word' id='word_1_839' title='bbox 1492 2701 1619 2736; x_wconf 83' lang='grc' dir='ltr'>παύσητε</span> <span class='ocrx_word' id='word_1_840' title='bbox 1631 2699 1807 2731; x_wconf 79' lang='grc' dir='ltr'>ὀνειδίζοντες</span> <span class='ocrx_word' id='word_1_841' title='bbox 1817 2698 1880 2727; x_wconf 59' lang='grc' dir='ltr'>τοὺς</span> 
     </span>
    </p>
   </div>
   <div class='ocr_carea' id='block_1_118' title="bbox 1096 2743 1880 2788">
    <p class='ocr_par' dir='ltr' id='par_1_118' title="bbox 1096 2743 1880 2788">
     <span class='ocr_line' id='line_1_118' title="bbox 1096 2743 1880 2788; baseline -0.015 -7"><span class='ocrx_word' id='word_1_842' title='bbox 1096 2755 1262 2788; x_wconf 80' lang='grc' dir='ltr'>ἀγαπῶντας</span> <span class='ocrx_word' id='word_1_843' title='bbox 1279 2752 1369 2788; x_wconf 80' lang='grc' dir='ltr'><strong>ἡμᾶς·</strong></span> <span class='ocrx_word' id='word_1_844' title='bbox 1390 2750 1535 2782; x_wconf 56' lang='grc' dir='ltr'>τοσούτους</span> <span class='ocrx_word' id='word_1_845' title='bbox 1559 2748 1614 2782; x_wconf 73' lang='grc' dir='ltr'><strong>γάρ</strong></span> <span class='ocrx_word' id='word_1_846' title='bbox 1630 2747 1737 2783; x_wconf 75' lang='grc' dir='ltr'>ἔχοντες</span> <span class='ocrx_word' id='word_1_847' title='bbox 1751 2743 1880 2780; x_wconf 70' lang='grc' dir='ltr'>ἐραστὰς,</span> 
     </span>
    </p>
   </div>
   <div class='ocr_carea' id='block_1_119' title="bbox 1098 2789 1881 2833">
    <p class='ocr_par' dir='ltr' id='par_1_119' title="bbox 1098 2789 1881 2833">
     <span class='ocr_line' id='line_1_119' title="bbox 1098 2789 1881 2833; baseline -0.015 -6"><span class='ocrx_word' id='word_1_848' title='bbox 1098 2803 1144 2827; x_wconf 72' lang='grc' dir='ltr'>καὶ</span> <span class='ocrx_word' id='word_1_849' title='bbox 1156 2800 1291 2833; x_wconf 79' lang='grc' dir='ltr'>τοσαύτην</span> <span class='ocrx_word' id='word_1_850' title='bbox 1305 2797 1421 2832; x_wconf 85' lang='grc' dir='ltr'>δύναμιν</span> <span class='ocrx_word' id='word_1_851' title='bbox 1439 2794 1704 2831; x_wconf 78' lang='grc' dir='ltr'>περιὸεὸλημένους,</span> <span class='ocrx_word' id='word_1_852' title='bbox 1722 2790 1783 2818; x_wconf 69' lang='grc' dir='ltr'>οὐδὲ</span> <span class='ocrx_word' id='word_1_853' title='bbox 1794 2789 1881 2816; x_wconf 80' lang='grc' dir='ltr'>αὐτῶν</span> 
     </span>
    </p>
   </div>
   <div class='ocr_carea' id='block_1_120' title="bbox 1097 2834 1882 2879">
    <p class='ocr_par' dir='ltr' id='par_1_120' title="bbox 1097 2834 1882 2879">
     <span class='ocr_line' id='line_1_120' title="bbox 1097 2834 1882 2879; baseline -0.017 -7"><span class='ocrx_word' id='word_1_854' title='bbox 1097 2846 1269 2879; x_wconf 77' lang='grc' dir='ltr'>τυγχάνομεν</span> <span class='ocrx_word' id='word_1_855' title='bbox 1298 2841 1335 2870; x_wconf 84' lang='grc' dir='ltr'>ὧν</span> <span class='ocrx_word' id='word_1_856' title='bbox 1351 2842 1533 2877; x_wconf 80' lang='grc' dir='ltr'>τυγχάνουσιν</span> <span class='ocrx_word' id='word_1_857' title='bbox 1546 2840 1571 2866; x_wconf 83' lang='grc' dir='ltr'><strong>οἱ</strong></span> <span class='ocrx_word' id='word_1_858' title='bbox 1592 2837 1744 2869; x_wconf 84' lang='grc' dir='ltr'>κατάδικοι,</span> <span class='ocrx_word' id='word_1_859' title='bbox 1758 2835 1829 2863; x_wconf 77' lang='grc' dir='ltr'>ὥστε</span> <span class='ocrx_word' id='word_1_860' title='bbox 1843 2834 1882 2879; x_wconf 69' lang='grc' dir='ltr'>είς</span> 
     </span>
    </p>
   </div>
   <div class='ocr_carea' id='block_1_121' title="bbox 1100 2878 1881 2927">
    <p class='ocr_par' dir='ltr' id='par_1_121' title="bbox 1100 2878 1881 2927">
     <span class='ocr_line' id='line_1_121' title="bbox 1100 2878 1881 2927; baseline -0.017 -9"><span class='ocrx_word' id='word_1_861' title='bbox 1100 2878 1277 2927; x_wconf 76' lang='grc' dir='ltr'>ἡμερώτερον</span> <span class='ocrx_word' id='word_1_862' title='bbox 1288 2889 1334 2916; x_wconf 72' lang='grc' dir='ltr'>καὶ</span> <span class='ocrx_word' id='word_1_863' title='bbox 1349 2887 1500 2922; x_wconf 74' lang='grc' dir='ltr'>ἐγγύτερόν</span> <span class='ocrx_word' id='word_1_864' title='bbox 1522 2894 1574 2912; x_wconf 89' lang='grc' dir='ltr'><strong>που</strong></span> <span class='ocrx_word' id='word_1_865' title='bbox 1590 2881 1822 2912; x_wconf 71' lang='grc' dir='ltr'>καταδικασθῆναι</span> <span class='ocrx_word' id='word_1_866' title='bbox 1837 2878 1881 2906; x_wconf 80' lang='grc' dir='ltr'>τό·</span> 
     </span>
    </p>
   </div>
  </div>
