4044 6438
328 339 463 407 1021

1264 350 1868 424 ECCLESIAS'I‘IC/E
1907 367 2297 431 HISTORle
2334 375 2480 435 LIB.
2519 379 2692 443 ΧΙΗ.

3451 388 3594 447 11122

324 476 445 512 πον.
494 458 658 514 Ἀλλά
686 464 777 517 xyl
806 465 903 519 τοῦ
938 467 1194 537 σώματος
1232 473 1368 539 ἡμῖν
1396 473 1900 540 ἀπαγορεύσαντος,

2018 482 2270 541 homines
2298 487 2620 558 impetrant,
2656 503 2717 546 ut
2752 490 2805 544 in
2851 492 3215 548 amoeniorem
3241 492 3568 550 viciniorem

323 552 419 603 καὶ
448 551 544 605 τοῦ
583 554 753 620 φόϐου
786 557 896 610 τῶν
934 560 1204 628 ἰσαύρων
1249 566 1430 616 πάντα
1460 565 1914 634 πολιορκοῦντος,

321 642 426 713 τῆς
488 649 697 717 μικρᾶς
747 649 961 722 ταύτης
997 655 1095 707 καὶ
1124 655 1381 717 εὐτελοῦς
1411 658 1512 710 οὐκ
1563 659 1916 731 ἐπετύχομεν

323 735 569 804 χάριτος.
605 738 743 805 Δόξα
770 740 849 811 τῷ
874 742 998 812 Θεῷ
1021 746 1119 798 καὶ
1167 746 1256 801 διὰ
1286 748 1448 802 τοῦτο
1473 765 1488 778 ·
1522 753 1584 803 οὐ
1619 753 1914 821 παυόμεθα

322 828 432 896 γάρ
466 829 632 882 αὐτὸν
665 832 760 885 ἐπὶ
790 834 925 887 πᾶσι
959 835 1300 903 δοξάζοντες.
1337 839 1438 909 Εῐη
1464 842 1527 895 τὸ
1543 844 1717 911 ὄνομα
1742 846 1912 898 αὑτοῦ

322 917 690 989 εὐλογημένον
730 925 812 986 εἰς
839 925 970 990 τοὺς
1021 928 1249 994 αἰῶνας.
1301 932 1449 986 Ἴστε
1475 937 1582 1006 γὰρ
1616 935 1693 1000 ὡς
1729 937 1915 993 πάντα

324 1007 575 1079 θορύϐων
598 1014 695 1067 καὶ
742 1018 990 1087 ταραχῆς
1025 1022 1447 1092 πεπλήρωνται”
1491 1028 1585 1080 καὶ
1643 1029 1742 1098 οὐχ
1769 1029 1913 1099 ὑπὲρ

323 1100 961 1173 Κωνσταντινουπόλεως
1008 1113 1116 1183 χρὴ
1177 1115 1340 1184 μόνον
1393 1120 1762 1185 παρακαλεῖν,
1794 1122 1911 1173 ἀλλ’

323 1189 465 1255 ὑπὲρ
494 1193 591 1262 τῆς
638 1196 970 1271 οἰκουμένης
1003 1202 1260 1273 ἁπάσης’
1310 1207 1619 1280 ἐπειδήπερ
1654 1211 1910 1265 ἐντεῦθεν

319 1280 632 1375 ἀρξάμενον
661 1287 721 1339 τὸ
785 1291 959 1344 κακὸν
979 1332 994 1356 ,
1027 1298 1286 1366 καθάπερ
1320 1301 1563 1370 εἴρηται,
1620 1303 1908 1375 πανταχοῦ

319 1374 420 1443 τῆς
449 1375 557 1446 γῆς
581 1379 683 1443 τὰς
733 1382 1036 1452 ἐκκλησίας
1110 1388 1460 1457 λυμαίνεται.
1499 1374 1907 1466 Ἑὸδυμήκοντα

280 1506 285 1509 η
318 1467 503 1523 τοίνυν
534 1471 754 1542 ἡμέρας
780 1477 1166 1545 ἀναλώσαντες
1189 1485 1333 1539 κατὰ
1362 1487 1465 1558 τὴν
1490 1487 1629 1555 ὁδὸν,
1646 1490 1750 1559 ὀψέ
1773 1508 1906 1545 ποτε

319 1559 726 1654 ἀπηντήκαμεν
786 1569 868 1632 εἰς
929 1573 1031 1641 τὴν
1089 1577 1434 1644 Κουκουσὸν,
1487 1582 1550 1634 τὸ
1595 1582 1780 1648 πάσης
1806 1585 1903 1654 τῆς

315 1653 646 1745 οἰκουμένης
708 1661 1056 1733 ἐρημότατον
1106 1670 1330 1740 χωρίον.
1387 1672 1552 1727 Ὅθεν
1591 1653 1904 1745 λογίζεσθαι

313 1747 391 1837 ’τῇΔ
420 1744 827 1820 θαυμασιότητι
881 1756 1038 1825 ὑμῶν
1065 1759 1300 1828 ἔξεστιν,
1356 1766 1459 1819 ὅσα
1483 1767 1579 1819 καὶ
1607 1744 1775 1837 ἡλίκα
1805 1787 1903 1822 πε-

2018 590 2125 645 que
2148 577 2330 632 locum
2367 582 2886 638 condemnaremur.
2922 584 3125 639 Verum
3151 600 3277 639 cum
3309 595 3365 639 et
3397 602 3600 656 corpus

2017 682 2289 724 aerumnas
2315 671 2478 726 hasce
2512 674 2754 735 tolerare
2785 676 3037 745 deneget,
3065 686 3122 731 et
3150 687 3332 733 metus
3381 678 3600 734 Isauro-

2016 773 2139 811 rum
2167 763 2352 817 omnia
2382 764 2784 827 circumvallet,
2821 782 3042 835 parvam
3070 767 3234 823 'hanc
3274 778 3334 824 et
3376 776 3594 823 tenuem

2015 852 2247 919 gratiam
2301 853 2555 911 obtinere
2591 874 2702 912 non
2756 874 3068 929 possumus.
3120 860 3204 915 Sil
3252 876 3321 915 eo
3376 876 3600 930 quoque

2016 946 2240 1001 nomine
2272 946 2382 1000 Deo
2422 949 2616 1017 gloria.
2668 950 2790 1006 Non
2842 952 2988 1007 enim
3034 952 3341 1021 gloriﬁcare
3378 969 3504 1007 eum
3542 956 3596 1007 in

2013 1038 2273 1119 omnibus
2298 1038 2627 1095 desinimus.
2652 1042 2735 1096 Sit
2766 1057 2966 1097 nomen
2997 1044 3117 1113 ejus
3146 1043 3496 1098 benedictum
3539 1046 3594 1099 in

2014 1129 2237 1183 saecula.
2276 1129 2444 1184 Scitis
2480 1148 2743 1202 namque,
2796 1136 2912 1189 loca
2964 1136 3147 1190 omnia
3180 1136 3513 1190 tumultibus
3540 1145 3597 1191 et

2014 1220 2196 1275 turbis
2234 1236 2360 1276 esse
2391 1222 2551 1290 plena
2590 1239 2739 1278 :nee
2779 1240 2880 1294 pro
2931 1212 3409 1297 Constantinopoli
3455 1229 3593 1291 sola,

2008 1310 2111 1365 sed
2171 1326 2270 1381 pro
2337 1313 2601 1367 universo
2645 1314 2782 1369 orbe
2816 1316 3071 1371 oratione
3112 1324 3162 1371 et
3206 1311 3595 1372 cohortatione

2007 1414 2147 1469 opus
2175 1410 2277 1455 est.
2322 1401 2453 1455 Inde
2481 1402 2630 1457 enim
2695 1404 2852 1458 initio
2881 1414 3125 1476 sumpto,
3157 1408 3321 1461 sicuti
3384 1408 3593 1462 dictum

2007 1501 2110 1558 est,
2148 1494 2353 1548 malum
2382 1496 2501 1548 loca
2525 1496 2710 1551 omnia
2736 1496 3069 1565 pervadens,
3107 1497 3370 1552 ecclesias
3403 1511 3595 1550 omnes

2010 1587 2215 1638 turbat.
2258 1584 2617 1656 Septuaginta
2648 1586 2844 1642 diebus
2873 1588 2929 1642 in
2978 1589 3176 1644 itinere
3228 1587 3593 1656 consumptis,
3660 1658 3661 1661 η

2005 1677 2304 1746 aliquando
2337 1677 2561 1732 tandem
2610 1677 2891 1733 Cucusum
2942 1681 3302 1750 pervenimus
3347 1698 3362 1734 :
3410 1681 3591 1734 locum

2005 1768 2176 1821 totius
2220 1769 2406 1836 orbis,
2457 1780 2687 1841 propter
2732 1773 3129 1837 solitudinem,
3183 1773 3590 1843 gravissimum.

324 1835 606 1934 πάνθαμεν
635 1846 802 1909 κακά,
827 1852 1084 1917 πυρετοῖς
1103 1825 1405 1924 άφορήντοις
1432 1825 1778 1924 παλαίοντες,
1805 1860 1900 1915 καὶ

2008 1858 2247 1915 Proinde
2272 1863 2581 1916 reverentia
2616 1873 2799 1919 vestra
2836 1865 3098 1934 colligere
3132 1874 3336 1934 potest,
3364 1880 3488 1932 qua:
3539 1875 3595 1918 et

325 1927 478 2000 φόϐῳ
533 1930 825 2006 Ἰσαυρικῷ
859 1938 1339 2014 πολιορκούμενοι.
1392 1948 1503 2002 Kal
1534 1949 1707 2005 ταῦτα
1733 1950 1900 2019 λέγω,

321 2020 425 2074 οὐκ
448 2022 619 2088 ἀξιῶν
661 2027 951 2099 ἐνοχλῆσαι
1014 2050 1137 2089 τινα
1194 2038 1336 2093 ὥστε
1366 2041 1515 2111 ἡμᾶς
1557 2044 1902 2113 μεταστῆσαι

314 2112 589 2170 ἐντεῦθεν.
627 2117 704 2172 Τὸ
738 2122 850 2193 γάρ
874 2126 1269 2192 χαλεπώτατον
1295 2112 1637 2204 διηνύσαμεν
1656 2136 1752 2204 τῆς
1778 2112 1901 2188 ὀδοῦ

309 2205 411 2276 τὴν
435 2207 843 2280 ταλαιπωρίαν.
876 2216 1015 2271 Ἀλλ’
1046 2220 1195 2290 ὑμᾶς
1239 2224 1406 2294 χάριν
1434 2227 1593 2291 αἰτῶ,
1649 2227 1712 2279 τὸ
1766 2244 1898 2280 συν-

312 2297 454 2392 εχιῦς
481 2300 613 2371 ἡμῖν
639 2306 897 2392 γράφειν,
930 2311 1027 2364 καὶ
1054 2313 1195 2385 ὑπὲρ
1236 2316 1348 2369 τῶν
1380 2318 1696 2389 ἐκκλησιῶν
1729 2336 1896 2392 φρον-

310 2386 507 2480 τίςειν.
546 2392 706 2480 ιΚαὶ
735 2391 893 2460 αὖθις
937 2400 1104 2453 πάλιν
1134 2405 1335 2471 φησίν·
1377 2426 1394 2458 ι
1434 2386 1592 2461 Ἐπεὶ
1624 2386 1898 2480 acontias:

311 2478 494 2547 τρίτον
526 2479 647 2546 ἔτος
700 2488 760 2540 ἐν
810 2488 998 2560 ἐξορίᾳ
1049 2488 1450 2565 διατρίϐοντας,
1500 2500 1666 2570 λιμῷ,
1694 2478 1894 2572 λοιμῷ,

312 2572 597 2643 πολέμοις,
657 2578 1006 2651 πολιορκίαις
1055 2588 1363 2658 συνεχέσιν,
1427 2592 1639 2662 ἐρημίᾳ
1675 2595 1893 2662 άφάτῳ,

311 2663 530 2761 θανάτῳ
585 2669 970 2746 καθημερινῷ,
1030 2680 1333 2751 μαχαίραις
1396 2684 1755 2754 Ἰσαυρικαῖς,
1794 2692 1894 2761 οὐχ

312 2755 397 2853 ὡς
421 2758 580 2853 ἔτυχε
610 2765 931 2834 παρακαλεῖ
983 2770 1083 2824 καὶ
1130 2776 1545 2844 παραμυθεῖται
1579 2781 1641 2834 τὸ
1668 2755 1895 2853 διαρκὲς

309 2848 408 2942 καὶ
438 2850 671 2922 μόνιμον
703 2855 862 2923 ὑμῶν
891 2858 992 2929 τῆς
1042 2860 1380 2931 διαθέσεως,
1423 2871 1524 2937 τῆς
1573 2848 1891 2942 παρρησίας

309 2940 375 3038 το
397 2942 639 3038 άκλινές.
669 2948 836 3004 Ὅθεν
857 2953 908 3006 εἰ
931 2954 1027 3007 καὶ
1052 2955 1150 3010 τοῦ
1182 2958 1419 3028 ἐδάφους
1438 2962 1536 3016 καὶ
1560 2940 1672 3018 τῶν
1692 2940 1894 3038 τειχῶν

312 3033 411 3103 τῆς
446 3036 1098 3116 πόλιωςέκϐεόλήμεθα,
1125 3050 1227 3121 τῆς
1259 3051 1317 3106 δέ
1352 3055 1558 3126 κυρίως
1586 3033 1892 3124 πόλεωςτοὺ

2005 1961 2212 2019 quanta
2252 1952 2650 2021 pertulerimus
2682 1956 2849 2018 mala,
2878 1955 3407 2013 insustcntabilibus
3428 1956 3596 2009 febri-

2003 2040 2108 2096 bus
2167 2042 2493 2110 eonﬂictati,
2551 2054 2608 2101 et
2667 2054 2816 2101 metu
2866 2046 3111 2102 Isaurico
3167 2048 3590 2102 circumvallati.

2001 2130 2180 2202 Atque
2206 2133 2323 2189 hinc
2344 2135 2567 2204 quidem
2586 2136 2732 2198 dico,
2764 2152 2875 2192 non
2902 2139 3048 2207 quod
3078 2138 3241 2192 velim
3263 2153 3590 2208 quemquam

2002 2226 2262 2295 cuiquam
2315 2228 2611 2284 molestum
2660 2245 2807 2296 esse,
2841 2241 2899 2285 et
2942 2243 3128 2300 petere
3185 2239 3248 2285 ut
3296 2230 3407 2285 alio
3465 2232 3593 2287 inde

1966 2327 1970 2332 '
2001 2318 2322 2371 transferar.
2346 2318 2482 2374 Nam
2514 2321 2659 2389 quod
2694 2319 3056 2375 durissimum
3108 2320 3232 2383 fuit,
3257 2321 3359 2377 viae
3381 2322 3595 2376 scilicet

1999 2425 2324 2474 aerumnam,
2356 2412 2712 2481 pertulimus.
2753 2413 2858 2468 Sed
2901 2414 3049 2468 illam
3085 2431 3116 2469 a
3155 2414 3311 2470 vobis
3358 2417 3591 2485 gratiam

1998 2511 2149 2572 peto,
2179 2510 2240 2557 ut
2300 2504 2501 2559 crebro
2547 2506 2613 2560 ad
2668 2519 2769 2560 nos
2808 2506 3087 2569 scribatis,
3138 2515 3194 2561 et
3232 2506 3594 2561 ecclesiarum

1997 2604 2191 2647 curam
2226 2600 2452 2665 geratis.
2497 2615 2515 2647 ι
2572 2598 2639 2649 Ει
2668 2613 2862 2652 rursus
2909 2598 3091 2667 inquit
3127 2615 3142 2651 :
3176 2615 3195 2648 ι
3229 2596 3595 2666 Quandoqui-

1997 2684 2124 2739 dem
2150 2697 2207 2740 et
2227 2702 2328 2742 nos
2358 2688 2580 2744 tertium
2614 2689 2725 2758 jatn
2759 2704 2963 2744 annum
3011 2691 3065 2743 in
3096 2689 3296 2743 exsilio
3350 2697 3594 2758 agentes,

1998 2776 2055 2830 in
2113 2777 2277 2845 fame,
2335 2788 2514 2848 peste,
2578 2779 2760 2845 bellis,
2828 2781 3112 2835 continuis
3179 2779 3607 2834 obsidioniitnh

1997 2870 2301 2925 solitudine
2347 2872 2683 2936 incredibili,
2734 2883 2911 2927 morte
2954 2872 3319 2941 quotidiana,
3367 2871 3598 2927 ensibus

1997 2959 2280 3028 lsauricis,
2332 2980 2439 3018 non
2483 2963 2844 3020 mediocriter
2885 2968 3100 3020 animat
3172 2974 3230 3018 et
3274 2964 3596 3019 consolatur

1995 3053 2310 3110 aﬂectionis
2355 3067 2551 3110 vestra:
2612 3057 2997 3121 abundantia,
3047 3068 3104 3113 et
3155 3056 3494 3118 constantia,
3536 3067 3595 3110 et

315 3128 765 3223 μετῳκίσθημεν.
803 3136 866 3189 Εἰ
889 3138 998 3210 γὰρ
1026 3140 1182 3210 ὑμεῖς
1218 3144 1252 3215 ἡ
1286 3144 1461 3212 πόλις,
1500 3150 1622 3219 μεθ’
1657 3152 1812 3223 ὑμῶν
1834 3155 1892 3209 δέ

2005 3147 2215 3202 liducia:
2245 3150 2538 3204 stabilitas.
2566 3148 2918 3219 Quapropter
2956 3151 3124 3205 etiam
3152 3149 3197 3203 si
3229 3148 3349 3204 solo
3372 3158 3429 3202 et
3452 3163 3593 3203 mm-

314 3217 477 3287 ἡμεῖς
501 3222 590 3276 ἀεὶ
621 3227 718 3279 και
751 3227 810 3281 ιν
835 3228 989 3301 ὑμῖν,
1021 3232 1248 3306 εὔδηλον
1278 3237 1361 3291 ὅτι
1385 3240 1484 3294 και
1504 3217 1750 3298 ’ἐνταῦθα
1779 3246 1898 3300 διά-

315 3323 528 3406 ·Ϊοντες,
559 3314 661 3385 τὴν
702 3318 859 3374 πόλιν
892 3322 1154 3395 οἰκοῦμεν
1193 3329 1434 3399 ἐκείνην.
1497 3334 1610 3387 Καὶ
1659 3336 1768 3406 γάρ
1807 3340 1895 3392 ἐν·

310 3399 651 3501 διαιτώμεθα
705 3410 863 3481 ὑμῶν
916 3418 1039 3480 ταῖς
1093 3419 1335 3490 ψυχαῖς·
1402 3429 1497 3480 καί
1531 3399 1781 3501 ὅπουπερ
1828 3431 1896 3486 ἂν

313 3483 487 3592 tiliae?
537 3500 750 3592 πάντας
810 3505 956 3575 ὑμᾶς
986 3483 1119 3570 τοὺς
1156 3483 1427 3583 σιροδροὺς
1477 3518 1637 3591 ἡμῶν
1658 3483 1897 3592 ἐραστάς

314 3582 411 3636 ἐπὶ
445 3584 688 3654 διανοίας
720 3596 1118 3667 περιφέροντες
1149 3582 1378 3675 ἄπιμεν.
1409 3624 1429 3659 ι
1466 3620 1471 3625 ‘

878 3885 1143 3943 ΚΕΦΑΛ,
1185 3890 1323 3948 ΚΗ¹.

311 3968 457 4052 Περὶ
519 3970 849 4052 Ἀροξακίογ
904 3979 1279 4052 πατριάρχου
1324 3989 1901 4047 Κωνσταντινουπό-

382 4041 896 4137 floreis"
920 4041 1049 4137 ικαὶ
1233 4057 1379 4137 τοὺς
1427 4041 1574 4137 περὶ.

386 4112 600 4168 ἐδίωκε
623 4131 638 4148 ο
677 4112 777 4169 καὶ
798 4112 879 4184 ὠς
908 4112 1311 4192 ἐτελεύτῆσεν
1336 4112 1663 4201 ἔνβρῖιχεῗ.

381 4227 573 4283 Ταῦτα
624 4231 730 4300 μὲν
770 4233 826 4286 αἰ
862 4234 1182 4287 ἐπιστολαίο
1234 4237 1297 4289 οὐ
1346 4239 1530 4308 πολλῷ
1558 4241 1617 4294 δὲ
1662 4243 1897 4316 ὕστερον

307 4324 702 4394 χειροτονεῖται
735 4325 833 4395 τῆς
864 4326 1282 4384 Κωνσταντίνου
1333 4330 1650 4403 Ἀρσάκιος,
1683 4337 1899 4392 Νεκτα-

2003 3240 2172 3295 nibus
2203 3241 2362 3310 ejecti
2394 3256 2608 3308 sumus,
2646 3256 2776 3295 vera
2802 3250 2984 3296 tamen
3016 3241 3247 3296 civitate
3269 3239 3447 3295 exacti
3481 3254 3594 3294 non

2004 3349 2218 3388 sumus.
2282 3334 2341 3390 Si
2399 3336 2547 3388 enim
2605 3349 2703 3388 vos
2758 3335 3039 3390 civitatem
3098 3333 3318 3399 facitis,
3380 3344 3437 3397 et
3494 3349 3598 3389 nos

2002 3422 2291 3479 vobiscum
2323 3439 2547 3493 semper
2575 3433 2629 3479 et
2666 3425 2724 3479 in
2748 3425 2908 3479 vobis
2937 3441 3152 3487 sumus,
3184 3425 3319 3479 satis
3349 3434 3591 3490 constat,

2002 3517 2170 3571 etiam
2219 3516 2351 3571 dum
2385 3516 2474 3571 hic
2514 3519 2749 3586 agimus,
2783 3518 2979 3571 urbem
3016 3532 3120 3573 nos
3151 3516 3299 3571 illam
3328 3516 3592 3573 incolere.

1962 3615 1970 3624 '
2001 3607 2062 3661 ln
2088 3607 2294 3663 animis
2337 3609 2486 3663 enim
2524 3609 2743 3667 vestris
2774 3624 3071 3664 versamur
3109 3628 3123 3664 :
3169 3621 3226 3663 et
3275 3609 3597 3677 ubicunque

2003 3711 2216 3764 sumus,
2249 3712 2444 3753 omnes
2474 3713 2575 3753 vos
2603 3699 2968 3754 vehementes
2999 3699 3175 3755 nostri
3216 3708 3493 3754 amatores
3537 3699 3599 3752 in

2002 3800 2189 3848 mente
2218 3801 2404 3848 nostra
2430 3792 2900 3848 circumfer-imus.
2930 3811 2951 3844 ι

2427 3904 2596 3978 [ιοε
2638 3902 2866 3962 CAPUT
2920 3904 3136 3963 xxvm
3218 3914 3225 3927 τ

2001 3997 2084 4054 De
2120 3998 2347 4071 Arsacia
2381 4001 2695 4071 patriarcha
2735 3998 3374 4071 Constantinopolitano.
3411 4001 3599 4071 qualis

2071 4070 2116 4124 is
2147 4068 2354 4142 fuerit:
2392 4078 2443 4122 et
2478 4078 2534 4122 ut
2567 4068 2800 4123 Joannis
2836 4068 3126 4125 sectatores
3167 4068 3470 4142 persecutus
3501 4074 3593 4137 sit,

2074 4146 2126 4193 et
2155 4138 2319 4209 paulo
2351 4146 2468 4210 post
2498 4150 2762 4194 mortuus.

2071 4249 2328 4320 Epistolas
2369 4250 2450 4305 sic
2493 4251 2721 4307 habent.
2758 4249 2880 4306 Non
2901 4252 3075 4306 multo
3094 4265 3226 4306 vero
3244 4253 3595 4323 postepisco-

1998 4358 2105 4415 pus
2133 4344 2783 4414 Constantinopolitanus
2818 4343 3118 4399 ordinatur
3153 4345 3450 4411 Arsacias,
3484 4346 3594 4400 Ne-

313 4418 434 4487 ρίου
477 4416 577 4471 τοῦ
625 4417 734 4489 πρὸ
794 4419 1047 4474 Ἰωάννου
1108 4423 1210 4495 τὴν
1264 4425 1525 4498 τοιαύτην
1587 4429 1898 4503 ἐπισκοπὴν

2005 4437 2184 4503 ctarii,
2221 4438 2316 4508 qui
2351 4445 2480 4493 ante
2527 4438 2797 4493 Joannem
2823 4439 3207 4509 episcopatum
3233 4454 3359 4493 eum
3396 4440 3593 4509 gessit,

309 4507 650 4571 διιθύναντος
681 4511 912 4582 ἀδελφός
933 4529 948 4544 ο
994 4514 1136 4586 ἀνὴρ
1176 4518 1353 4584 πρᾶος
1392 4516 1537 4573 εἶναι
1569 4520 1767 4588 δοκῶν,
1797 4525 1893 4577 καὶ

2005 4507 2302 4582 frater:vir
2324 4528 2575 4599 placidus
2597 4528 2821 4599 quidem
2844 4507 3150 4599 judicatus,
3176 4538 3234 4585 et
3262 4507 3598 4601 erga'Deum

314 4604 446 4673 περὶ
500 4603 564 4656 τὸ
590 4605 748 4657 θεῖον
801 4605 1042 4674 μάλιστα
1095 4608 1355 4680 εὐλαϐής.
1399 4611 1656 4684 Ἀχρείαν
1706 4616 1764 4670 δέ
1799 4617 1900 4688 τὴν

2006 4620 2244 4676 maxime
2266 4620 2575 4692 religiosus.
2594 4619 2796 4677 Gloriae
2818 4632 3002 4677 autem
3021 4622 3143 4694 ejus
3158 4622 3349 4677 clerici
3365 4622 3603 4692 quidam.

315 4697 448 4764 περὶ
499 4696 671 4750 αὑτοῦ
727 4698 890 4766 δόξαν
946 4700 1172 4754 ἐποίουν
1206 4705 1467 4774 κληρικοί
1513 4724 1683 4775 τινες,
1716 4707 1753 4762 ἃ
1803 4711 1901 4780 μὲν

310 4786 600 4841 ἐδούλοντο
664 4789 928 4860 δρῶντες,
963 4792 1163 4863 ἐκείνῳ
1194 4793 1251 4846 δὲ
1302 4799 1402 4864 τὴν
1434 4797 1621 4851 αἰτίαν
1665 4800 1894 4871 ἐπιγραο

312 4874 563 4944 φάμενοι.
599 4876 789 4946 Πολλῷ
812 4877 870 4930 δὲ
904 4880 1131 4951 χείρονα
1163 4880 1371 4951 μᾶλλον
1405 4885 1595 4939 τοῦτον
1623 4888 1799 4941 ἐποίει
1830 4888 1899 4942 τὰ

309 4970 572 5039 τηνικάδε
605 4971 897 5040 συμσάντα
926 4974 1058 5043 avspl
1096 4975 1223 5038 τοὺς
1282 4977 1506 5049 Ἰωάννῃ
1556 4984 1898 5053 προσκειμέτ

313 5077 461 5124 νους.
508 5061 666 5115 Ἐπεὶ
698 5062 804 5134 γὰρ
830 5065 984 5135 αὐτῷ
1024 5060 1090 5118 ’τε
1122 5068 1215 5122 καὶ
1244 5071 1314 5141 τῇ
1364 5071 1486 5123 κατ’
1511 5072 1676 5127 αὑτὸν
1697 5073 1899 5144 ἐκκλη-

312 5153 406 5224 σία
431 5158 715 5209 κοινωνεῖν
745 5159 778 5230 ἢ
811 5159 1171 5230 συνεύχεσθαι
1199 5161 1492 5232 ἀπηξίουν,
1533 5162 1570 5217 ἆ
1604 5181 1668 5218 τε
1698 5164 1761 5236 δὴ
1789 5165 1899 5219 τῶν

309 5245 360 5298 τ’
389 5246 696 5301 ἐπιϐούλων
743 5252 839 5302 καί
870 5252 1226 5320 συκοφαντῶν
1280 5253 1536 5307 Ἰωάννου
1583 5256 1899 5326 ἀναμεμιγ-

316 5340 494 5410 μένων
522 5342 728 5405 αὐτοῖς,
765 5344 889 5397 καθ’
921 5346 1154 5408 ἑαυτοὺς
1186 5346 1243 5399 δέ
1288 5345 1657 5418 ἐκκλησίαζον
1704 5348 1893 5418 ἁθροιο

310 5428 534 5502 ζόμενοι
556 5450 571 5465 ·
606 5435 710 5489 ἀνά
737 5452 797 5489 τε
823 5436 923 5501 τὰς
946 5439 1211 5507 ἐσχατιὰς
1241 5439 1338 5492 καὶ
1367 5439 1528 5500 στοὰς
1552 5434 1650 5509 τῆς
1685 5442 1895 5505 πόλεως

307 5523 502 5594 λόγους
536 5527 668 5599 περὶ
698 5526 893 5582 τούτου
920 5529 1200 5600 προσῆγεν
1240 5530 1516 5601 Ἀρκαδίῳ
1542 5531 1622 5600 τῷ
1655 5530 1894 5602 βασιλεῖ.

308 5619 425 5675 Καὶ
445 5620 510 5693 δὴ
547 5622 938 5693 συνηγμένοις,
970 5622 1251 5694 πεμφθείς
1280 5641 1368 5687 τις
1398 5623 1614 5678 ἐκεῖθεν
1653 5625 1751 5679 καὶ
1793 5626 1896 5679 οὐκ

307 5713 512 5786 ἀγεννῆ
563 5715 815 5772 νεολαίαν
850 5721 1369 5793 προσεπαγόμενος,
1416 5719 1476 5773 τὸ
1527 5718 1633 5790 μὲν
1687 5719 1895 5788 πλῆθος

309 5808 566 5875 παίοντας
602 5809 782 5879 ξύλοις
820 5815 917 5871 καὶ
948 5812 1119 5880 λίθοις
1140 5853 1155 5882 ,
1186 5812 1404 5870 ἐκεῖθεν
1463 5812 1698 5885 ἠλαυνον
1725 5828 1740 5845 ο
1772 5812 1891 5869 ὅσοι

2005 4712 2326 4776 obfuerunt,
2347 4713 2444 4782 qui
2474 4711 2751 4784 quidquid
2779 4713 3026 4780 voluere,
3079 4713 3356 4779 fecerunt,
3389 4725 3446 4770 et
3471 4715 3604 4769 θυι-μ

2006 4821 2128 4877 pam
2162 4821 2382 4862 omnem
2416 4807 2470 4861 in
2499 4821 2626 4862 eum
2655 4807 3036 4863 contulerunt.
3076 4807 3421 4864 Deteriorem
3453 4824 3603 4864 vero

2002 4915 2130 4955 eum
2202 4900 2379 4955 multo
2437 4900 2621 4956 iecere
2654 4913 2719 4954 ea
2770 4916 2894 4971 quae
2942 4900 3174 4956 Joannis
3216 4901 3603 4958 sectatoribus.

2003 4991 2280 5047 accidere.
2318 4992 2617 5063 Postquam
2655 4993 2804 5048 enim
2832 5008 2958 5048 cum
2982 5007 3051 5049 eo
3085 5003 3143 5049 et
3173 5010 3302 5050 cum
3348 4994 3600 5050 eccleSia,

2002 5082 2145 5153 ejus,
2203 5083 2259 5137 in
2293 5099 2401 5154 qua
2462 5085 2824 5142 insidiatores
2848 5095 2905 5142 et
2953 5088 3308 5159 sycophanta:
3362 5087 3599 5143 Joannis

2001 5176 2162 5231 multi
2191 5177 2315 5232 aliis
2340 5179 2593 5247 permisti
2624 5189 2843 5244 essent,
2869 5180 3290 5236 communicare
3329 5188 3387 5235 et
3418 5194 3589 5234 orare

2002 5268 2325 5332 noluerunt,
2351 5279 2409 5323 et
2434 5287 2567 5327 suos
2595 5271 2702 5327 sibi
2723 5282 3036 5328 conventus
3066 5274 3120 5327 in
3147 5271 3416 5327 extremis
3440 5272 3590 5327 locis

2000 5364 2057 5411 et
2086 5358 2397 5427 porticibus
2416 5360 2661 5417 civitatis
2688 5373 2945 5432 egerunt,
3000 5379 3116 5419 rem
3147 5378 3270 5417 eam
3317 5361 3385 5418 ad
3415 5364 3589 5417 Area-

2001 5451 2155 5506 dium
2193 5451 2586 5521 imperatorem
2616 5454 2837 5513 detulit.
2894 5458 3088 5527 Itaque
3122 5456 3192 5511 ad
3222 5472 3320 5511 eos
3347 5471 3591 5527 congre-

1999 5553 2155 5614 gatos
2182 5543 2411 5614 quidam
2433 5562 2561 5602 cum
2582 5563 2692 5604 non
2712 5548 3119 5605 contemnenda
3151 5548 3385 5603 militum
3418 5563 3589 5604 manu

2000 5639 2227 5693 missus.
2261 5637 2343 5693 Illi
2375 5640 2792 5697 multitudinem
2826 5641 3068 5696 fustibus
3095 5648 3154 5695 et
3183 5641 3329 5695 saxis
3357 5640 3584 5710 pulsan-

1998 5737 2102 5796 tes,
2125 5729 2253 5786 inde
2292 5730 2651 5802 depulerunt.
2685 5731 3013 5804 Quicunque
3042 5742 3226 5790 autem
3287 5733 3434 5789 inter
3458 5731 3594 5789 illos

1997 5820 2317 5878 ardentiore
2342 5836 2473 5894 erga
2504 5820 2771 5881 Joannem
2806 5825 3015 5895 animo,
3048 5832 3105 5880 et
3125 5822 3287 5895 quasi
3320 5821 3578 5880 multitu-
