4044 6448
315 436 454 519 1025

1241 446 1838 506 ECCLESIASTICJE
1880 448 2266 507 lllS'l‘ORl/E
2307 448 2452 509 LIB.
2498 449 2669 512 XIII.

3429 449 3566 515 1026

297 570 500 626 σιλείου
553 563 829 635 ἀσκητικᾶ
878 579 1021 623 τινες
1060 558 1199 613 εἷναί
1253 578 1440 629 φασιν.
1491 561 1602 628 Οὐχ
1645 556 1795 624 οἶτος
1827 559 1871 613 δ’

1987 568 2059 615 εει
2074 560 2388 627 translatus,
2412 569 2463 615 et
2481 572 2702 631 propter
2717 575 2879 631 quem
2898 561 2949 616 in
2972 561 3214 617 Ecclesia
3234 562 3568 621 oll‘endicula

208 664 215 675 ’
295 664 446 719 ἐστὶν
479 656 799 719 Εὑστάθιος,
855 656 882 706 ὁ
927 656 1006 717 εἰς
1052 651 1388 720 ’Λντιόχειαν
1435 651 1663 721 ὕστερον
1708 669 1874 719 μετα-

294 758 421 819 ϐὰς,
441 755 512 807 δι’
541 751 599 805 ὃν
631 750 726 802 καὶ
759 748 826 800 τὰ
854 745 996 801 κατὰ
1026 744 1294 798 Παυλῖνον
1322 743 1417 796 καὶ
1454 741 1758 795 Φλαᾶιανδν
1783 746 1876 795 καὶ

298 852 573 917 Εὐάγριον
605 845 670 911 τῇ
718 839 1022 907 Ἐκκλησία⁵
1054 836 1354 905 ἐπισυνέϐη
1398 835 1694 888 σκάνδαλα.
1744 832 1802 887 Ὀ
1831 833 1876 888 δ’

306 937 556 999 Ἀττικὸς
592 937 668 997 εἰς
702 932 899 998 ἄνδρας
931 930 1033 999 ἥδη
1074 926 1321 989 τελέσας,
1346 926 1481 994 πρδς
1509 925 1609 994 τὴν
1640 925 1876 978 καθόλου

308 1030 643 1099 Ἐκκλησίαν
664 1024 947 1092 μετέθετο,
974 1021 1042 1073 τὰ
1061 1020 1398 1073 Μακεδονίαν
1413 1017 1721 1072 ἀποδύων.
1752 1015 1876 1087 Εἶχε

298 1122 355 1173 δὲ
388 1119 448 1172 τὸ
473 1119 714 1186 φρονεῖν,
745 1114 807 1165 οὐ
846 1115 1081 1184 μαθήσει
1123 1113 1490 1181 κτησάμενος,
1522 1109 1660 1164 ἀλλὰ
1692 1109 1877 1178 φύσει.

297 1211 390 1264 Διὸ
415 1213 517 1262 κάν
545 1211 659 1271 τοῖς
715 1208 1020 1276 πρακτέοις
1070 1205 1495 1275 ἐπηόολὼτατος
1541 1201 1610 1276 ἦν
1633 1222 1646 1236 ⁸
1682 1204 1805 1257 λίαν
1836 1204 1881 1257 δ’

296 1301 690 1354 ἐπιὸουλεῦσαι
723 1301 820 1354 καὶ
855 1300 1142 1371 διαδρᾶσαι
1176 1296 1334 1362 αὖθις
1366 1298 1664 1367 ἐπιϐουλὴν
1690 1296 1878 1363 δεξιώ-

295 1411 452 1456 τατος
489 1409 501 1422 ·
539 1394 697 1446 τόσον
726 1393 783 1447 δὲ
816 1388 1031 1469 τδιῆθος
1060 1390 1352 1459 ἐπαγωγὸν
1384 1386 1551 1459 εἶχεν,
1584 1391 1660 1451 ὡς
1694 1388 1883 1457 σχεδὸν

302 1490 438 1539 πᾶσι
467 1486 872 1556 κεχαρισμένος
918 1483 1084 1539 εἶναι.
1117 1484 1198 1535 Τὰ
1232 1482 1289 1535 δέ
1333 1482 1472 1551 πρὸς
1508 1481 1635 1544 τοὺς
1679 1480 1881 1548 ἐκκλη-

304 1578 624 1640 σιαστικοὺς
649 1576 843 1644 λόγους
875 1575 1083 1647 ἀφελὴς
1112 1570 1202 1647 ἦν,
1233 1575 1328 1629 καὶ
1360 1574 1638 1638 τοιούτους
1682 1574 1883 1637 αὐτοὺς

304 1668 596 1734 ἐξετίθετο,
640 1667 782 1721 ὥστε
831 1668 971 1738 μήτε
1008 1670 1161 1737 παρὰ
1206 1666 1319 1720 τῶν
1352 1666 1640 1736 ἀκροατῶν
1684 1682 1884 1735 μετεγ-

304 1762 640 1831 γράφεσθαι.
670 1762 808 1830 μήτε
845 1760 951 1831 μὴν
976 1760 1328 1813 παντάπασιν
1357 1760 1606 1828 ἀμοιρεῖν
1634 1757 1883 1821 παιδείας

303 1852 616 1925 ἀνηκούσης
645 1854 857 1922 λόγους.
908 1852 1208 1921 Ἐπιμελὴς
1242 1850 1288 1903 δ’
1314 1851 1394 1913 εἰς
1411 1849 1580 1919 ἄκρον
1612 1848 1710 1915 ὢν,
1737 1850 1881 1914 εῐπη

305 1944 499 2017 καιρὸν
545 1945 740 2015 ἐθήρα,
774 1944 901 2006 τοὺς
932 1946 1065 2014 παρ’
1098 1943 1361 2013 Ἕλλησιν
1385 1943 1476 1995 ἐπὶ
1509 1943 1768 2012 ῥητορεία
1795 1938 1886 1991 εὐ-

304 2037 717 2109 δοκιμήσαντας
775 2039 1013 2108 ῥήτορας
1051 2036 1283 2107 ἤσκητο.
1334 2034 1449 2089 Καὶ
1504 2034 1724 2101 ἰδιώτης
1788 2030 1886 2103 μὲν

303 2125 446 2184 εἶναι
500 2129 706 2182 ἐδόκειο
763 2128 825 2193 ἐξ
876 2128 1108 2183 ἐκείνων
1153 2128 1209 2180 δὲ
1243 2127 1558 2197 μαρτυρίας
1592 2124 1881 2195 παράγων,

297 2220 393 2272 καὶ
422 2218 553 2281 τοὺς
604 2219 990 2288 ἐπιστημόνως
1040 2219 1330 2290 μετιόντας
1369 2216 1688 2271 ἐλάνθανεν.
1735 2216 1887 2270 Ἐπι-

299 2291 630 2381 μελέστατος
686 2311 745 2365 δέ
803 2312 940 2381 πρὸς
981 2311 1042 2365 τὸ
1097 2309 1357 2381 ὁμόδοξον
1414 2308 1492 2363 ὢν
1543 2310 1640 2363 καί¹
1696 2309 1883 2379 ἦπιος,

299 2405 410 2466 τοῖς
444 2403 622 2466 ἄλλως
671 2402 704 2475 ἢ
763 2400 839 2465 ὡς
890 2402 1089 2473 ἐκείνῳ
1139 2401 1316 2455 ἐδόκει
1362 2401 1623 2472 φρονοῦσι
1655 2400 1885 2469 φοϐερὸς

306 2496 542 2566 μάλιστα
590 2491 677 2567 ἦν,
712 2498 777 2549 ἐκ
815 2494 911 2549 τοῦ
946 2497 1146 2566 ῥᾴστου
1204 2512 1267 2548 τε
1310 2494 1452 2565 ἔχων
1500 2494 1618 2558 δέος
1655 2494 1884 2557 ἐκείνοις

303 2587 595 2658 ἐμόἀλλεὶν
656 2589 822 2657 μόνον
870 2586 1229 2658 βουλόμενοςο
1288 2588 1387 2641 πά)
1405 2605 1453 2640 ιν
1492 2586 1538 2638 δ’
1570 2582 1636 2638 αὖ
1687 2586 1885 2657 ἁθρόον

302 2681 798 2753 μεταϐαλλόμενος,
825 2682 961 2749 πρὸς
991 2683 1053 2734 τὸ
1101 2681 1278 2747 πρᾶον
1317 2682 1683 2751 μεταχωρεῖν.
1703 2679 1762 2731 Ὀ
1788 2680 1886 2749 μὲν

298 2766 392 2826 οὖν
419 2774 662 2835 τοιοῦτος
689 2771 777 2844 ἦν,
811 2774 885 2839 ὡς
916 2776 962 2826 οξ
991 2774 1158 2826 αὐτοῦ
1194 2775 1391 2838 πεῖραν
1427 2772 1715 2841 εἰληφότες
1742 2770 1884 2824 ἱστό-

301 2880 501 2934 ρησαν.
533 2864 739 2919 Τούτου
765 2865 811 2919 δ’
841 2865 936 2917 ἐπὶ
960 2864 1067 2917 τῶν
1099 2865 1301 2919 οἰάκων
1329 2863 1481 2928 ὄντος
1510 2864 1610 2933 τῆς
1656 2856 1888 2932 Ἐκκλη-

303 2956 444 3021 σίας,
484 2955 654 3019 πολύς
676 2974 762 3018 τις
789 2957 1010 3024 ἐγένετο
1056 2957 1164 3010 τῶν
1209 2955 1433 3028 Ἰωάννῃ
1466 2956 1885 3027 προσκειμένων

299 3048 327 3100 ό
354 3047 622 3116 διωγμὸς,
653 3048 748 3101 τοῦ
781 3047 1041 3101 πλείστου
1081 3048 1285 3118 μέρους
1324 3050 1422 3118 τῆς
1466 3050 1541 3102 ἔω
1594 3048 1689 3101 καὶ
1719 3048 1884 3100 ἐσπε-

302 3139 420 3209 ρίου
450 3140 658 3210 λήξεως
709 3141 1118 3211 ἐκτρεπομένου
1168 3141 1271 3212 τὴν
1301 3141 1598 3195 κοινωνίαν
1630 3142 1729 3208 τῆς
1762 3139 1883 3193 κατ’

1983 651 2073 705 illa
2133 652 2281 706 inter
2339 653 2625 706 Paulinum
2657 660 2713 707 et
2737 653 3035 719 Meletium,
3079 665 3135 710 et
3163 655 3482 710 Flavianum
3518 664 3570 710 et

1983 742 2279 813 Evagrium
2335 745 2617 799 exstitere.
2648 746 2863 800 Atticus
2894 746 2984 802 ubi
3011 749 3153 800 inter
3184 747 3334 803 viros
3369 764 3570 804 census

1980 845 2086 896 est.
2127 833 2428 890 Matedonii
2459 825 2727 907 opinione
2755 839 2977 910 rejects,
2998 839 3064 892 ad
3090 839 3392 895 Ecclesiam
3444 841 3568 895 uni-

1985 926 2250 980 uersalem
2270 942 2329 980 se
2355 929 2611 994 contulit,
2633 945 2740 983 non
2764 941 2870 985 tam
2898 930 3152 984 doctrina
3175 946 3338 1000 quam
3367 941 3563 988 natura

1981 1016 2228 1085 prudens
2261 1032 2278 1072 :
2314 1029 2654 1087 quapropter
2685 1019 2739 1072 in
2769 1021 2934 1075 rebus
2960 1021 3186 1089 agendis
3228 1022 3389 1077 facile
3415 1024 3562 1092 quod

1984 1107 2159 1162 voluit
2180 1118 2467 1164 assecutus
2483 1119 2584 1174 est,
2619 1111 2964 1167 instruendis
2994 1112 3159 1167 simul
3188 1121 3247 1167 et
3294 1113 3566 1184 ell'ugieu-

1983 1200 2070 1256 dis
2128 1200 2346 1254 insidiis
2401 1200 2730 1255 dexteritate
2763 1217 2922 1256 m-ra.
2981 1202 3143 1274 511
3199 1206 3258 1260 In
3314 1207 3566 1264 moribus

1983 1293 2103 1363 ejus
2137 1292 2221 1346 ha:
2260 1292 2484 1346 luerunt
2525 1292 2819 1354 illecebrae.
2854 1303 2912 1348 ut
2932 1294 3049 1350 fere
3069 1295 3326 1351 omnibus
3373 1308 3564 1368 gratus

1984 1390 2040 1435 et
2066 1380 2267 1436 charus
2286 1391 2453 1438 esset.
2490 1381 2551 1437 In
2592 1383 2938 1439 orationibus
2993 1386 3389 1442 ecclesiasticis
3433 1377 3569 1444 s'im-

1988 1474 2111 1543 plex
2136 1472 2259 1539 fuit,
2302 1488 2510 1543 easque
2536 1474 2891 1539 talesedidit,
2929 1485 2991 1530 ut
3014 1492 3195 1546 neque
3246 1479 3317 1533 ab
3352 1481 3572 1536 audito-

1986 1566 2724 1631 ribus‘transcriberentur,
2776 1558 2959 1638 ne/que
3017 1568 3250 1624 omnino
3311 1570 3569 1628 doctrina

1985 1658 2299 1713 liberaliora
2324 1666 2380 1714 et
2404 1659 2677 1730 elegantia
2699 1670 2971 1715 carerent.
2998 1662 3065 1717 Et
3097 1679 3223 1719 cum
3242 1665 3328 1718 vir
3354 1678 3569 1718 summa

1987 1751 2268 1821 diligentia
2296 1764 2464 1817 esset,
2503 1763 2874 1823 opportunum
2909 1762 3125 1823 tempus
3178 1765 3394 1819 nactus,
3433 1756 3571 1811 sub-
3644 1798 3649 1803 .

1989 1845 2118 1900 inde
2147 1856 2395 1900 oratores
2437 1844 2655 1901 Graecos
2704 1845 3038 1901 celebriores
3078 1848 3311 1916 legendo
3331 1862 3392 1903 se
3415 1863 3573 1901 exor-

1989 1937 2122 1992 cuit.
2166 1934 2304 1991 Tum
2336 1939 2558 1992 demum
2579 1977 2596 2001 ,
2653 1952 2778 1992 cum
2807 1938 2976 1991 idiota
3006 1951 3104 1992 seu
3135 1938 3288 1991 rudis
3336 1952 3458 1992 esse
3485 1938 3571 1991 vi-

1988 2029 2232 2091 deretur,
2296 2030 2613 2085 testimonia
2660 2030 2729 2084 ab
2759 2029 2868 2084 illis
2922 2037 3235 2095 mutuatus,
3266 2045 3364 2084 eos
3393 2030 3565 2084 etiam

1958 2122 2080 2193 ‘qui
2117 2122 2332 2177 erudite
2356 2137 2481 2178 cum
2530 2139 2598 2179 eo
2625 2135 2875 2194 agerent,
2911 2121 3128 2178 fefellit:
3153 2124 3407 2194 Cumque
3441 2136 3567 2179 stu-

1987 2217 2336 2274 diosissimus
2389 2227 2445 2275 et
2501 2218 2753 2289 placidus
2826 2220 3062 2273 maxime
3134 2235 3262 2288 erga
3317 2219 3569 2290 ejusdem

1987 2315 2276 2369 sententiae
2299 2324 2620 2377 sectatores,
2656 2323 2770 2367 tum
2810 2313 2892 2368 eis
2937 2315 3031 2384 qui
3061 2314 3224 2369 aliter
3255 2330 3417 2384 quam
3452 2315 3570 2383 ipse

1987 2406 2661 2469 sentirent,formidabilis
2692 2407 2987 2476 plurimum
3017 2405 3139 2461 fuit.
3175 2404 3267 2460 Eis
3286 2406 3567 2467 facillime.

1988 2497 2343 2552 dummmodo
2371 2497 2562 2562 vellet,
2604 2497 2871 2551 timorem.
2905 2497 3152 2551 incutere
3201 2497 3383 2565 potuit
3433 2514 3447 2551 :
3514 2504 3572 2549 et

1988 2606 2209 2643 rursum
2242 2598 2391 2643 totus
2429 2598 2696 2653 mutatus,
2754 2589 2820 2643 ad
2872 2589 3189 2643 comitatem
3244 2602 3304 2641 se
3356 2589 3569 2644 retulit.

1988 2678 2134 2733 Talis
2159 2680 2251 2733 ille
2286 2679 2389 2734 fuit
2421 2679 2620 2735 :sicuti
2653 2680 2745 2748 qui
2775 2695 2901 2734 cum
2930 2695 3258 2750 cognovere,
3294 2680 3574 2734 memoriae

1988 2772 2339 2827 mandarunt.
2384 2772 2463 2827 Eo
2509 2782 2690 2826 autem
2737 2772 3034 2827 Ecclesiam
3090 2775 3453 2842 gubernante,
3489 2773 3576 2827 in—

1986 2873 2204 2931 genlem
2262 2863 2491 2919 Joannis
2576 2863 2810 2918 studiosi
2864 2865 3044 2919 tulere
3102 2867 3571 2935 persecutionem,

1989 2972 2111 3009 cum
2141 2956 2362 3026 quidem
2395 2955 2629 3010 maxima
2658 2965 2715 3010 ct
2747 2954 2993 3011 Orientis
3020 2965 3076 3010 et
3108 2955 3423 3011 Occidentis
3444 2974 3571 3025 pars

1989 3036 2247 3103 Erclesia:
2314 3049 2434 3118 ejus
2494 3050 2937 3104 communionem
3021 3059 3391 3105 aversaretur.
3452 3051 3575 3116 Quo

1989 3148 2233 3208 tempore
2258 3130 2480 3207 Ephesii
2517 3140 2846 3210 impunitate
2886 3153 3130 3211 arrepta,
3166 3157 3289 3210 quae
3343 3143 3423 3197 eis
3456 3143 3571 3197 visa

297 3232 462 3287 αὐτὸν
501 3230 855 3302 Ἐκκλησίας.
882 3234 1021 3287 Καθ’
1051 3233 1110 3287 δν
1166 3234 1231 3303 δὴ
1268 3233 1461 3302 χρόνον
1495 3233 1542 3285 οἱ
1576 3234 1635 3285 ἐν
1681 3232 1884 3302 Ἐφέσῳ

1996 3243 2145 3295 sunt,
2185 3231 2369 3286 omnia
2404 3248 2625 3288 movere
2667 3244 2723 3289 et
2773 3243 2989 3289 mutare
3026 3238 3343 3291 voluerunt.
3384 3237 3572 3307 Itaque

238 3360 247 3367 -
297 3325 482 3389 ἁδείας
507 3326 868 3395 δραξάμενοι,
974 3326 1160 3394 σφίσιν
1206 3326 1422 3390 ἐδόκει,
1460 3324 1624 3379 πάντ’
1673 3325 1887 3377 ἐκίνουν

300 3422 398 3469 καὶ
430 3418 838 3488 μεταστρέφειν
870 3416 1178 3471 ἐϐούλοντο.
1215 3419 1328 3472 Καὶ
1357 3418 1486 3481 τοὺς
1527 3417 1627 3487 μὲν
1654 3418 1759 3470 ὑπὸ
1790 3416 1885 3470 τοῦ

300 3508 470 3563 καλοῦ
501 3511 767 3580 ποιμένος
810 3511 907 3564 καὶ¹
942 3510 1017 3572 ὡς
1040 3509 1162 3580 Θεῷ
1193 3511 1349 3580 φίλον
1388 3513 1499 3572 τοῖς
1534 3509 1751 3580 θρόνοις
1780 3512 1886 3563 ἐνι-

297 3600 605 3675 δρυμένους
640 3602 968 3674 ἐξήλαυνον·
1010 3603 1275 3673 βεῦἡλους
1305 3606 1359 3658 δέ
1409 3622 1564 3667 τινας
1610 3605 1705 3659 καὶ
1739 3621 1889 3673 παμ-

303 3696 539 3766 μιάρους
567 3696 967 3750 ἀντικαθίστων
993 3698 1104 3760 τοῖς
1131 3696 1351 3764 θώκοις,
1382 3680 1455 3768 μή
1479 3715 1622 3761 τινος
1648 3697 1885 3766 βασάνου

299 3787 403 3857 τῆς
439 3789 779 3859 χειροτονίας
811 3790 1240 3859 προηγουμένης
1264 3804 1279 3820 °
1310 3788 1425 3841 ἀλλ’
1469 3787 1646 3853 οὕτως
1679 3790 1887 3841 εἰκαῖον

301 3880 477 3933 ἐδόκει
530 3882 591 3933 τὸ
640 3883 880 3952 πρᾶγμα
910 3884 1007 3934 καὶ
1043 3882 1338 3953 πρόχειρον
1385 3883 1459 3946 ὡς
1493 3882 1658 3954 μόνον
1698 3881 1887 3952 βούλε-

302 3970 450 4035 σθαι,
487 3971 520 4041 ἦ
554 3989 608 4025 τι
649 3971 877 4038 διδόναι,
913 3973 1009 4025 καὶ
1052 3974 1429 4046 εὐχερέστατα
1465 3974 1565 4041 τὴν
1600 3974 1888 4045 ίεραρχίαν

300 4062 631 4133 λαμϐάνειν.
670 4064 779 4119 Καὶ
806 4064 928 4135 δῆθ’
958 4067 1007 4118 οἱ
1028 4066 1438 4132 ·ἐκ6ληθέντες,
1472 4063 1662 4131 δεξιῶς
1699 4065 1891 4137 μετελ-

303 4153 490 4215 θόντες
525 4155 654 4217 τοὺς
685 4155 796 4207 τῶν
840 4155 1102 4208 τοιούτων
1150 4159 1595 4226 καταφρονητάς,
1651 4158 1889 4223 εἰσαγω·

302 4244 405 4314 γῆς
465 4244 807 4314 ἐτύγχανον,
863 4246 1193 4316 χρημάτων,
1250 4248 1388 4315 φεῦι
1431 4249 1529 4316 τὴν
1590 4247 1889 4317 ίερωσύνην

302 4335 624 4406 ὠνούμενοι.
662 4337 727 4391 Οἳ
760 4336 824 4408 δὴ
875 4340 972 4391 καὶ
1030 4328 1402 4408 Ἡρακλείδην
1452 4340 1682 4406 ἐκεῖνον,
1744 4338 1807 4393 δν
1860 4339 1889 4391 ό

305 4433 484 4499 μέγας
527 4430 758 4498 Ἐφέσου
792 4431 1054 4502 πρόεδρος
1090 4431 1483 4501 καταστήσειε.
1522 4433 1890 4507 συνεπιψηφι-

303 4522 549 4587 ζομένων
578 4526 644 4594 τῇ
683 4523 881 4593 πράξει
945 4524 1040 4576 καὶ
1091 4524 1273 4577 ἄλλων
1330 4524 1715 4597 ἐϐδομήκοντα
1759 4529 1885 4579 ἐπι-

1990 3323 2142 3378 viros
2187 3340 2215 3376 a
2267 3324 2413 3377 bono
2479 3334 2698 3392 pastore
2728 3327 2852 3392 rite,
2889 3337 2945 3381 et
2994 3328 3158 3382 sicuti
3208 3322 3321 3382 Deo
3352 3340 3573 3399 gratum

1989 3428 2092 3481 est,
2130 3417 2182 3471 in
2215 3419 2428 3473 thronis
2451 3420 2682 3473 collatos
2708 3420 2993 3490 ejecerunt
3019 3461 3033 3486 ,
3063 3422 3255 3491 eisque
3308 3422 3575 3492 profanos

1987 3513 2252 3580 quosdam
2271 3521 2323 3565 et
2350 3513 2594 3582 impuros
2615 3529 2843 3581 prorsus
2861 3514 3115 3568 homines
3136 3514 3572 3582 substitucrunt,

1990 3607 2136 3659 nulla
2157 3607 2534 3678 exploratione
2560 3622 2825 3660 manuum
2861 3606 3201 3674 impositioni
3230 3616 3513 3677 praseunte
3556 3626 3571 3661 :

1991 3700 2199 3770 quippe
2230 3699 2303 3763 ita
2336 3716 2474 3753 vana
2521 3707 2577 3753 et
2605 3699 2784 3753 facilis
2823 3714 2886 3753 ca
2922 3714 3009 3752 res
3068 3699 3185 3754 visa
3215 3708 3322 3762 est,
3377 3708 3433 3752 nt
3502 3699 3570 3753 ad

1989 3792 2371 3863 episcopatum
2394 3792 2806 3862 promptissime
2836 3792 3251 3861 suscipiendum
3300 3794 3434 3847 satis
3475 3808 3569 3846 es-

1990 3893 2098 3946 set,
2135 3883 2179 3938 si
2211 3884 2333 3953 quis
2395 3884 2447 3937 id
2484 3884 2646 3938 modo
2680 3884 2864 3949 vellet,
2923 3894 3020 3937 aut
3067 3883 3275 3953 aliquid
3319 3883 3573 3939 donaret.

1991 3974 2229 4031 Proinde
2257 3976 2349 4045 qui
2383 3975 2590 4029 dudum
2618 3993 2647 4030 a
2674 3975 2885 4031 Joanne
2938 3975 3283 4031 exauctorati
3334 3975 3573 4040 fuerant,

1990 4063 2279 4118 commode
2313 4071 2495 4117 rerum
2529 4064 2721 4118 talium
2754 4073 3166 4133 contemptores
3216 4065 3479 4135 aggressi,
3518 4067 3573 4119 in

1992 4154 2233 4211 Ecclesia
2284 4166 2412 4209 sunt
2444 4155 2770 4221 introducti,
2816 4155 3137 4224 episcopatu
3174 4156 3334 4226 (proh
3370 4157 3593 4225 pudor!)

1991 4248 2223 4319 pecunia
2257 4250 2562 4317 redempto.
2614 4248 2720 4314 Qui
2774 4247 2941 4302 etiam
2995 4246 3342 4303 Heraclidem
3395 4250 3574 4313 illum,

1991 4353 2155 4408 quem
2185 4353 2414 4408 magnus
2442 4337 2684 4393 Joannes
2732 4336 2931 4406 Ephesi
2990 4337 3311 4406 episcopum
3355 4354 3577 4393 creave-

1994 4440 2099 4495 rat,
2159 4430 2593 4501 suﬂ‘ragantibus
2652 4430 2703 4486 ei
2760 4430 2886 4484 aliis
2941 4446 3164 4500 quoque
3226 4431 3577 4501 septuaginta

1992 4524 2292 4592 episcopis,
2327 4522 2394 4577 ad
2428 4538 2625 4587 annos,
2663 4534 2908 4594 quatuor
2930 4523 3318 4579 crudelissime
3358 4527 3573 4582 carceri

303 4612 548 4679 σκόπων,
581 4592 675 4665 ἐπὶ
712 4615 962 4686 τέσσαρα
996 4614 1093 4684 ἐτη
1126 4616 1427 4684 ὠμοτάτως
1466 4592 1882 4691 καθείρξαντες,

1991 4616 2369 4672 incluserunt:
2398 4625 2454 4670 et
2490 4592 2693 4686 postea
2743 4615 3013 4686 dignitate
3057 4616 3109 4671 ei
3168 4617 3428 4688 abrogata
3476 4619 3578 4690 (l),

301 4702 498 4756 ἔπειτα
550 4702 876 4768 καθελόντες
915 4704 1007 4758 τὸν
1057 4708 1446 4761 κατάπτυστον
1496 4709 1591 4762 καὶ
1626 4707 1886 4779 προφανῆ

302 4794 549 4847 κίναιδον
594 4786 783 4865 ἄνδρα,
830 4796 922 4849 τὸν
984 4796 1271 4868 βδελυρίας
1323 4800 1507 4866 πάσης
1553 4800 1888 4869 ἀνάμεστον,

302 4887 396 4939 τον
435 4886 530 4940 τοῦ
568 4886 863 4956 τριϐούνου
896 4887 1173 4954 Βίκτωςος
1221 4887 1586 4958 εὐνοῦχον,τῷ
1618 4886 1713 4940 τοῦ
1744 4903 1891 4957 παρ-

305 4977 462 5031 θένου
518 4978 694 5048 θρόνῳ
743 4970 809 5049 (ὦ
861 4978 986 5049 δίκη
1049 4982 1142 5033 καὶ
1196 4981 1364 5050 ἀνοχὴ
1418 4979 1590 5033 Θεοῦί
1653 4979 1891 5045 ἀναξίως

305 5070 729 5139 ἐγκαθιστῶσιν.

382 5272 460 5346 (l)
516 5273 691 5347 Nemo
738 5274 967 5347 gradum
1009 5274 1317 5347 sacerdotii
1373 5274 1665 5329 venalitate
1695 5270 1885 5343 tpretii

309 5344 606 5416 mercetur.
625 5344 905 5411 Quantum
928 5345 1163 5416 quisque
1188 5355 1455 5409 meretur,
1475 5360 1584 5399 non
1617 5354 1883 5415 quantum

310 5425 442 5475 dare
471 5414 690 5481 sulllcit,
714 5416 1044 5474 aestimetur:
1067 5414 1188 5472 Non
1217 5416 1417 5488 pretio,
1464 5416 1561 5473 sed
1625 5414 1887 5487 precibus

1994 4709 2389 4764 exsecrandum
2412 4719 2469 4764 et
2503 4708 2852 4763 inanil‘estuut
2875 4711 3175 4776 cinaedum,
3194 4711 3583 4768 detestationis

1996 4803 2177 4857 omnis
2210 4802 2456 4871 plenum.
2490 4804 2693 4856 tribuni
2726 4801 2962 4857 Victoris
3008 4804 3354 4863 eunuchum,
3378 4805 3432 4856 in
3464 4806 3580 4857 vir-

1996 4894 2140 4964 ginis
2171 4894 2274 4948 viri
2304 4895 2502 4957 throno
2533 4895 2588 4963 (ο
2612 4893 2851 4949 vindicta
2874 4903 2931 4951 et
2956 4894 3224 4965 patientia
3254 4894 3349 4949 Dei
3371 4894 3410 4965 ἰ)
3440 4894 3585 4949 iudi—

1996 4983 2260 5055 gnissime
2291 4984 2659 5041 collocarunt.

1996 5277 2284 5399 ordilnctur
2337 5274 2589 5331 antistes.
2623 5273 2683 5328 L.
2728 5270 3154 5347 Siquemquam.
3209 5269 3273 5328 C.
3300 5273 3369 5329 de
3409 5273 3582 5345 θρίω.

1996 5356 2051 5399 et
2083 5360 2112 5399 c
2136 5362 2219 5399 cr.
3332 5390 3341 5399 κ

1996 5356 2051 5399 ει
2083 5356 2219 5400 CICI‘.
