4044 6460
311 410 477 500 1029'

1245 431 1854 494 ECCI.ESI.\STIC/E
1896 431 2288 493 HISTORIA?
2327 432 2474 492 LIB.
2519 431 2690 494 XIII.

3448 435 3584 492 1030

306 556 406 616 τὰς
437 550 689 619 συνάξεις
725 552 980 606 ἐποίουνο
1019 541 1079 603 οὗ
1114 551 1276 620 χάριν
1310 553 1405 603 καὶ
1437 549 1655 602 πολλῶν
1697 549 1893 603 δεινῶν

2004 547 2074 602 ab
2110 546 2354 603 Ecclesia
2392 547 2649 617 sejuncti,
2714 560 2950 617 synach
2979 552 3036 600 et
3091 553 3399 600 conventus
3453 557 3585 599 suos

308 643 712 725 ἐπειράθησαν.

895 847 1148 899 ΚΕΦΛΛ.
1184 843 1315 898 ΛΑ⁹.

309 940 454 1008 Περι
503 937 606 1008 τῆς
648 936 733 1004 ’ἐς
808 925 1046 1008 Ῥώμην
1102 937 1426 1008 πρεσϐείας
1460 937 1579 991 τῶν
1628 935 1897 991 εὐσεϐῶν

678 1009 831 1076 ὑπὲρ
864 1009 976 1075 τῆς
1005 1007 1284 1062 Ἰωάννου
1325 1008 1524 1075 δίκης.

383 1123 528 1177 Ἀλλ’
561 1123 702 1178 οὕτω
750 1123 938 1186 κακῶς
975 1122 1208 1194 ἐχούσης
1261 1125 1359 1188 τῆς
1399 1121 1754 1196 Ἐκκλησίας,
1787 1126 1897 1178 τῶν

310 1234 455 1278 τινες
487 1218 805 1271 ἐπισκόπων
833 1218 929 1271 καὶ
964 1215 1271 1286 κληρικῶν,
1304 1215 1455 1287 ζήλῳ
1493 1215 1625 1287 θείῳ
1671 1216 1896 1284 διαφλε-

309 1306 520 1371 γέντες,
565 1306 709 1377 ὑπὲρ
741 1307 995 1362 Ἰωάννου
1026 1309 1120 1361 καὶ
1153 1306 1255 1375 τῆς
1292 1306 1547 1378 πονηρῶς
1579 1308 1673 1359 καὶ
1695 1306 1897 1371 ἀθλίως

310 1398 544 1469 ἐχούσης
579 1398 933 1469 Ἐκκλησίας,
986 1398 1088 1469 τῆς
1135 1397 1208 1452 ἕω
1240 1398 1580 1468 ἀπάραντες,
1613 1398 1712 1470 τὴν
1760 1415 1896 1469 πρε·

310 1488 581 1558 σϐυτέραν
627 1490 1052 1560 κατελάμϐανον
1096 1490 1342 1560 Ῥώμην,
1393 1492 1487 1544 καὶ
1518 1492 1616 1562 τὴν
1648 1491 1896 1561 χαλεπὴν

308 1582 526 1649 ἐκείνην
565 1581 878 1653 τραγῳδίαν
933 1582 1250 1650 κατέλεγον,
1293 1582 1539 1652 Ὀνωρίῳ
1574 1582 1897 1653 παραστάν-

309 1691 402 1738 τες
434 1674 510 1743 τῷ
539 1674 772 1746 βασιλεῖ,
798 1675 883 1728 ἐτι
911 1677 967 1731 δὲ
998 1660 1094 1729 καὶ
1115 1674 1459 1747 ’Ἰννοκεντίῳ
1486 1675 1564 1747 τῷ
1600 1674 1894 1745 Ῥωμαίων

309 1769 617 1836 ὲπισκὸπῳ.
653 1768 811 1822 Μετά
858 1769 970 1839 γὰρ
1004 1769 1097 1823 τὸν
1151 1769 1321 1822 πολὺν
1375 1770 1587 1822 ἐκεῖνον
1639 1770 1895 1839 Δάμασον

309 1862 556 1933 Σιρέκιος
601 1861 702 1932 τὴν
736 1860 1052 1932 ἐπισκοπὴν
1098 1861 1396 1930 διεδέχετο.
1456 1859 1664 1915 Τούτου
1707 1860 1763 1914 δὲ
1797 1859 1892 1930 ἔτη

312 1954 712 2009 πεντεκαίδεκα
746 1952 1127 2020 διανύσαντος,
1154 1953 1514 2018 Ἀναστάσιος
1537 1956 1616 2016 εἰς
1649 1953 1739 2008 τὸν
1770 1953 1896 2026 θρό-

311 2063 400 2097 νον
438 2047 694 2115 ἀνήγετο.
728 2046 887 2101 Μετά
914 2047 970 2100 δὲ
1006 2045 1200 2101 τοῦτον
1230 2047 1357 2117 τρία
1393 2047 1489 2115 ἔτη
1523 2046 1898 2102 διαὸιώσαντα

308 2136 661 2205 Ἰννοκέντιος
701 2142 912 2214 ταύτην
949 2142 1194 2212 ἐπλήρου
1225 2144 1326 2212 τὴν
1369 2142 1650 2214 διαδοχήν.
1692 2144 1800 2196 Καὶ
1829 2142 1897 2207 ἃς

310 2231 573 2302 ἐφέροντο
616 2233 800 2297 δόντες
831 2235 1155 2299 ἐπιστολάς·
1202 2238 1347 2302 τρεῖς
1393 2236 1437 2287 δ’
1468 2230 1631 2306 ἦσαν,
1676 2229 1751 2292 ὧν
1797 2237 1897 2305 μία

314 2321 415 2387 μὲν
446 2320 542 2389 τῆς
563 2323 775 2393 χρυσῆς
805 2327 900 2378 καὶ
925 2323 1174 2395 γλώττης
1211 2325 1429 2395 ἐκείνης
1457 2320 1546 2396 ἦν,
1581 2328 1652 2379 τὰ
1682 2343 1897 2396 συμπε-

314 2415 475 2466 σόντα
497 2415 674 2467 πάντα
690 2415 830 2487 πρὸς
863 2416 1060 2471 λεπτὸν
1090 2398 1334 2472 διιοῦσα’
1371 2417 1508 2488 ἄλλη
1537 2418 1594 2472 δὲ
1625 2419 1779 2488 κοινὴ
1803 2421 1898 2474 τοῦ

318 2502 958 2570 Κωνσταντινουπόλεως
990 2507 1195 2577 κλήρου
1241 2507 1439 2571 τάντός
1459 2524 1473 2538 '
1501 2509 1664 2579 τρίτη
1704 2509 1759 2562 δὲ
1790 2511 1897 2565 τῶν

315 2598 731 2667 τεσσαράκοντα
763 2600 1108 2667 ἐπισκόπων,
1141 2599 1189 2653 οἳ
1224 2600 1325 2669 τῆς
1371 2599 1627 2654 Ἰωάννου
1679 2601 1897 2673 μερίδος

312 2685 455 2758 ἦσαν
485 2690 580 2744 καὶ
612 2691 925 2757 κοινωνίας.
954 2693 1177 2757 Ταύτας
1206 2693 1273 2761 δὴ
1307 2693 1742 2764 ἐγχειρίσαντες,
1771 2712 1898 2747 τοσ-

310 2783 470 2837 οῦτον
508 2783 668 2853 ζῆλον
725 2786 957 2848 ἐκείνοις
1025 2785 1242 2856 ἀνῆψαν
1313 2786 1732 2858 περιπαθήσασι
1784 2787 1900 2852 τοῖς

310 2876 530 2941 δεινοῖς,
562 2875 638 2939 ὡς
670 2876 764 2930 καὶ
788 2877 958 2947 ἄμφω
992 2878 1269 2950 Ἀρκαδὲῳ
1302 2879 1383 2951 τῷ
1422 2880 1636 2950 βασιλεῖ
1666 2882 1900 2952 διαπέμ-

310 2968 518 3050 ψασθαι
547 2969 879 3041 γράμματα,
929 2971 1022 3024 τὸν
1051 2972 1145 3023 ἐπὶ
1189 2975 1301 3034 τοῖς
1344 2973 1762 3043 πεπραγμένοις
1790 2992 1898 3044 μα-

314 3064 445 3132 κρὸν
476 3062 645 3117 ὕπνον
676 3065 887 3118 ἐκείνου
931 3064 1378 3132 διεγκαλοῦντας.
1428 3067 1695 3138 ᾙτιῶντο
1716 3067 1774 3120 δὲ
1803 3069 1897 3120 καὶ

312 3157 410 3229 τὴν
438 3157 701 3226 δευτέραν
731 3157 1035 3228 ὑπερορίαν
1066 3157 1142 3220 ὡς
1170 3158 1247 3229 μὴ
1276 3158 1499 3228 θεσμοῖς
1520 3159 1897 3230 γεγενημένην

2002 653 2198 709 egere:
2263 654 2428 709 quam
2464 639 2537 694 ob
2597 653 2821 695 causam
2888 638 3093 695 multas
3148 636 3314 693 etiam
3369 638 3579 708 experti

1962 752 1967 761 ί
2004 740 2136 785 sunt
2176 745 2472 787 aerumnas.

2446 895 2449 899 .
2558 842 2786 900 CAPUT
2813 844 3008 899 XXXI.

2002 934 2081 990 De
2127 935 2390 1007 legatione
2433 954 2596 1008 quam
2638 937 2713 1007 pii
2747 935 2971 991 Romam
3015 936 3079 992 de
3122 936 3351 992 Joannis
3378 938 3583 1010 judicio

2648 1010 2929 1062 miserunt.

2075 1118 2212 1174 Cum
2237 1117 2482 1175 Ecclesia
2524 1120 2598 1176 ita
2652 1121 3011 1193 amigeretur,
3042 1124 3285 1193 episcopi
3349 1123 3578 1192 quidam

2000 1224 2057 1271 et
2093 1215 2306 1285 clerici,
2333 1218 2521 1273 divino
2552 1218 2671 1273 zelo
2693 1233 2792 1289 pro
2815 1219 3026 1276 Joanne
3047 1228 3105 1275 et
3124 1219 3390 1285 Ecclesia,
3424 1220 3585 1291 cujus

2003 1318 2115 1364 tam
2152 1310 2332 1365 malus
2362 1319 2415 1365 et
2443 1311 2798 1366 miserandus
2835 1319 3014 1367 status
3046 1321 3213 1379 esset,
3260 1313 3579 1382 ﬂagrantes,

1999 1416 2065 1455 ex
2092 1402 2318 1457 Oriente
2343 1402 2572 1457 Romam
2605 1414 2847 1460 veterem
2881 1413 3010 1460 sunt
3037 1405 3291 1474 profecti,
3331 1421 3582 1475 gravem-

1998 1509 2105 1562 que
2137 1494 2460 1563 tragmdiam
2496 1493 2655 1547 istam
2688 1492 2931 1549 Honorio
2965 1492 3285 1562 imperatori
3323 1501 3377 1546 et
3418 1493 3582 1547 luno—

1998 1586 2181 1639 centio
2216 1583 2399 1640 Romae
2428 1584 3238 1655 episcopo.commemorarunt.
3293 1582 3428 1639 Nam
3456 1593 3582 1654 post

1999 1691 2254 1746 magnum
2276 1676 2429 1731 illum
2466 1675 3042 1742 Damasum,Siricius
3075 1676 3395 1749 quindecim
3419 1678 3582 1732 annis

1999 1767 2373 1837 episcopatum
2409 1758 2725 1824 Romanum
2755 1769 2954 1825 tenuit.
2985 1769 3048 1824 Ei
3074 1778 3257 1824 autem
3291 1769 3578 1835 defuncto,

2002 1861 2317 1916 Anastasius
2350 1865 2679 1931 subrogatus
2701 1872 2805 1918 est.
2839 1861 2944 1930 Qui
2979 1862 3072 1915 ubi
3108 1870 3230 1931 post
3270 1861 3577 1915 triennium

2000 1953 2257 2014 decessit.
2293 1954 2649 2010 Innocentius
2675 1956 2859 2010 locum
2882 1956 3003 2025 ejus
3036 1970 3134 2024 per
3165 1954 3577 2032 successionem

2000 2047 2168 2117 cepit.
2200 2046 2338 2102 Tres
2367 2047 2442 2102 illi
2469 2062 2657 2102 secum
2693 2047 2932 2102 attulere
2987 2047 3290 2117 epistolas;
3342 2060 3579 2116 quarum

2001 2156 2105 2194 una
2135 2156 2318 2194 aureae
2353 2139 2499 2195 illius
2531 2140 2733 2211 lingua:
2793 2149 2935 2204 erat,
2990 2139 3335 2194 calamitates
3387 2154 3581 2193 omnes

1998 2233 2347 2288 exactissime
2382 2246 2675 2287 recensens
2713 2249 2728 2287 :
2763 2231 3026 2295 secunda,
3065 2232 3231 2286 totius
3259 2229 3579 2286 Constanti-

1998 2322 2331 2392 nopolitanae
2360 2322 2515 2379 urbis
2547 2323 2680 2378 cieri
2712 2321 3062 2384 communis;
3117 2322 3297 2390 tertia,
3337 2321 3580 2392 quadra—

1999 2415 2150 2484 ginta
2211 2414 2429 2471 illorum
2466 2415 2881 2486 episcoporum,
2912 2415 3006 2485 qui
3068 2414 3489 2471 communionis‘
3523 2424 3583 2471 et

1999 2508 2240 2578 partium
2281 2507 2507 2564 Joannis
2534 2517 2714 2564 erant.
2742 2509 2836 2565 Eis
2864 2509 3117 2573 redditis,
3143 2517 3353 2563 tantum
3388 2509 3444 2563 in
3469 2508 3580 2565 illis

2001 2601 2178 2655 zelum
2208 2601 2607 2667 accenderunt,
2645 2612 2871 2672 propter
2891 2601 3236 2657 calamitates
3252 2602 3351 2656 eas
3382 2602 3579 2658 dolen-

2005 2693 2175 2754 tibus,
2219 2701 2279 2748 ut
2307 2694 2473 2748 ambo
2501 2693 2566 2748 ad
2626 2694 3017 2766 imperatorem
3044 2695 3341 2750 Arcadium
3371 2677 3584 2751 litteras

2001 2785 2281 2852 dederint,
2312 2785 2720 2841 diuturnum-in
2753 2788 2922 2844 rebus
2946 2788 3264 2861 hujusmodi
3322 2803 3581 2844 somnum

2004 2877 2127 2947 ejus
2158 2878 2651 2948 reprehendentes.
2679 2878 2990 2949 Carpebant
3015 2895 3147 2935 vero
3171 2882 3408 2937 alterum
3437 2896 3578 2951 quo-

2002 2982 2111 3035 que
2144 2968 2424 3031 exsilium,
2475 2983 2588 3038 quo
2641 2967 2886 3024 Joannes
2910 2979 3111 3040 praeter
3164 2971 3582 3026 ecclesiasticas

1999 3057 2316 3114 sanctiones
2339 3058 2572 3114 aﬂectus
2608 3058 2787 3115 fuerat
2817 3071 3111 3130 :Oportere
3146 3061 3503 3127 afﬁrmantes,
3536 3064 3581 3119 si

2001 3167 2123 3220 quae
2152 3150 2228 3204 illi
2274 3167 2419 3207 verae
2441 3152 2749 3208 honestatis
2774 3162 2832 3207 et
2862 3153 3123 3209 Ecclesiae
3167 3155 3427 3224 tranquill
3452 3157 3582 3213 tatis

312 3250 825 3321 ὲκκλησιαστικοίςυ
862 3253 958 3306 καὶ
996 3250 1221 3322 χρῆναι,
1255 3253 1415 3320 εἰπερ
1450 3269 1501 3304 τι
1532 3252 1729 3323 ἐκείνῳ
1760 3253 1891 3322 μέλ-

1997 3259 2123 3300 cura
2142 3254 2308 3307 esset,
2335 3244 2500 3317 414
2527 3245 2852 3315 episcopum
2874 3246 2929 3301 in
2952 3245 3140 3301 sedem
3160 3262 3314 3302 suam
3344 3248 3531 3302 reduci
3557 3288 3574 3311 ,

312 3341 404 3394 λον
427 3342 522 3395 τοῦ
556 3359 616 3396 τε
646 3343 850 3413 κυρίως
881 3343 1050 3397 καλοῦ
1082 3344 1182 3397 καὶ
1207 3343 1310 3412 τῆς
1351 3346 1496 3398 κατὰ
1531 3345 1630 3415 τὴν
1660 3346 1893 3417 Ἐκκλη-

316 3430 438 3483 σίαν
468 3431 717 3500 εἰρήνης,
751 3432 845 3483 τὸν
896 3431 999 3500 μὲν
1043 3431 1194 3500 ἱερέα
1233 3431 1409 3515 πάλιξ
1446 3435 1528 3495 εἰς
1560 3432 1652 3485 τὸν
1692 3436 1893 3487 οἰκεῖον

314 3522 619 3591 ἐπανάγειν
652 3522 846 3592 θρόνον
867 3537 881 3552 ·
930 3521 1184 3594 ἀθροῖσαι
1215 3523 1274 3577 δὲ
1321 3523 1416 3577 καὶ
1454 3525 1597 3578 κατά
1627 3526 1895 3578 Θεσσαλο-

321 3613 479 3683 νίκην
514 3613 755 3678 σύνοδον,
808 3614 905 3668 ἆτε
937 3613 1003 3686 δὴ
1042 3614 1209 3683 μέσον
1240 3614 1503 3684 κειμένην
1549 3614 1660 3668 τῶν
1715 3615 1775 3679 ἐξ
1819 3617 1893 3669 ἕω

314 3710 409 3762 καὶ
447 3707 671 3777 Ῥώμης
700 3707 945 3777 ἡκόντων
975 3721 989 3736 ⁶
1025 3707 1493 3775 μεταστέλλεσθαι
1524 3708 1581 3760 δὲ
1610 3711 1711 3780 τῆς
1742 3708 1894 3763 Ἀλε-

315 3802 549 3872 ξάνδρου
591 3804 687 3857 καὶ
720 3790 1007 3873 Θεόφιλον,
1037 3803 1096 3864 ὃς
1130 3804 1253 3857 τάδε
1288 3806 1468 3859 πάντα
1503 3806 1723 3876 συνέχεε
1746 3822 1760 3836 ο
1797 3806 1895 3860 καὶ

313 3897 503 3950 τοῦτον
554 3896 648 3950 τὸν
694 3897 898 3965 τρόπον
928 3899 1193 3968 κανονικῇ
1230 3897 1328 3950 καὶ
1374 3896 1580 3980 ἀπαθὶεῖ
1611 3897 1793 3969 διαίτῃ
1824 3898 1892 3951 τὰ

315 3989 459 4042 κατὰ
486 3988 578 4041 τὸν
612 3988 869 4057 Ἰωάννην
911 3988 1129 4042 ἅπαντα
1177 3986 1496 4056 εύθετῆσαι.
1545 3985 1750 4039 Τούτου
1784 3986 1891 4057 γὰρ

314 4078 475 4147 χάριν
512 4074 728 4144 πέμψαι
777 4074 872 4128 καί
916 4091 1072 4136 τινας
1121 4072 1233 4127 τῶν
1264 4072 1485 4128 Ἰταλῶν
1529 4072 1891 4134 ἐπισκόπους,

316 4170 623 4239 συνείδησιν
666 4166 879 4236 ἀγαθὴν
924 4167 1018 4220 καὶ
1046 4166 1255 4236 ἀψευδῆ
1289 4165 1447 4235 δίκην
1477 4165 1600 4225 ταῖς
1639 4163 1891 4234 καρδίαις

315 4261 709 4330 κεκτημένους,
767 4258 977 4326 ἔλεγον.
1025 4256 1263 4319 Τοιαῦτα
1296 4256 1395 4326 μὲν
1428 4255 1702 4326 ’Λρκαδίῳ
1752 4254 1780 4307 ὃ
1828 4269 1889 4306 τε

331 4350 586 4420 Ὀνώριος
638 4352 732 4403 καὶ
771 4346 1119 4410 Ἰννοκὲντιος
1170 4347 1453 4415 ἔπεμπον·
1507 4343 1545 4398 ἀ
1577 4344 1635 4398 δὲ
1663 4344 1892 4418 ’ῐωάννῃ

316 4445 412 4497 καὶ
438 4445 548 4506 τοῖς
579 4444 639 4497 ὲν
672 4441 859 4510 κλήρῳ
890 4440 1258 4509 ἀντέγραφον,
1294 4438 1506 4500 τούτοις
1533 4439 1647 4502 τοῖς
1680 4437 1890 4508 ῥήμασι

319 4535 657 4603 περιείχοντο
681 4547 695 4561 ο
725 4532 873 4602 ἆπερ
908 4530 1025 4599 ἐγὼ
1057 4533 1122 4582 ὲκ
1151 4530 1249 4599 τῆς
1286 4527 1576 4599 Ῥωμαίων
1602 4527 1888 4583 διαλέκτου

1997 3344 2054 3389 et
2084 3335 2354 3406 synodum
2383 3335 2814 3403 Thessalonicae,
2856 3353 2979 3408 quae
3028 3339 3083 3392 in
3114 3339 3298 3394 medio
3335 3353 3366 3392 e
3407 3341 3579 3394 Roma

1995 3434 2051 3478 et
2099 3441 2167 3479 ex
2222 3425 2446 3481 Oriente
2496 3427 2847 3483 venientibus
2882 3430 2976 3492 sit,
3009 3430 3154 3500 cegi.
3209 3430 3581 3502 Theophilum

1995 3517 2163 3571 etiam
2196 3519 2648 3584 Alexandrinum,
2676 3521 2768 3592 qui
2807 3523 2991 3579 omnia
3036 3539 3099 3578 ea
3132 3525 3465 3588 miscuisset,
3491 3541 3583 3581 ac-

1995 3611 2129 3667 ciri:
2155 3623 2322 3684 atque
2347 3613 2420 3669 ita
2453 3614 2675 3671 demunt
2709 3619 3002 3685 canonico,
3025 3620 3303 3692 nullisque
3330 3622 3579 3678 allec-tio-

1996 3704 2164 3758 nibus
2191 3714 2454 3777 corrupto
2502 3707 2735 3776 judicio,
2788 3708 3018 3766 Joannis
3072 3726 3293 3767 causam
3355 3729 3578 3770 omnem

1997 3797 2105 3850 rite
2130 3806 2182 3851 et
2217 3795 2647 3855 ordinedecidi.
2677 3799 2850 3870 Cujus
2878 3802 2959 3859 rei
2996 3802 3169 3873 gratia
3204 3819 3263 3859 se
3288 3805 3458 3860 Italos
3477 3806 3579 3860 ali-

1996 3895 2131 3957 quot
2182 3888 2473 3960 episcopos
2502 3890 2723 3947 misisse
2771 3893 3126 3959 addiderunt,
3177 3898 3575 3954 conscientiam

1996 3978 2197 4035 bonam
2229 3991 2285 4036 et
2311 3982 2588 4054 judicium
2620 3993 2830 4040 rectum
2868 3986 2922 4040 in
2965 3988 3230 4044 cordibus
3288 3989 3402 4046 suis
3432 3991 3576 4046 obti-

1994 4084 2215 4129 nentes.
2254 4072 2379 4129 Haec
2432 4077 2514 4131 sic
2573 4077 2641 4131 ad
2673 4076 2969 4134 Arcadium
3026 4081 3305 4138 Honorius
3336 4093 3391 4138 et
3417 4084 3577 4138 Inno-

1994 4164 2207 4218 cemius
2235 4168 2528 4235 scripsere.
2560 4167 2690 4234 Quae
2721 4185 2854 4223 vero
2887 4170 3085 4226 Joanni
3132 4173 3298 4228 etiam
3343 4183 3399 4229 et
3426 4176 3579 4231 clero

1995 4257 2357 4325 rescripsere,
2413 4259 2751 4330 ejuscemodi
2814 4263 3004 4317 verbis
3031 4266 3424 4321 continentur:
3453 4285 3578 4338 quae

1993 4361 2095 4416 ego
2123 4362 2190 4400 ex
2216 4346 2464 4403 Romano
2520 4364 2775 4405 sermone
2810 4362 3047 4422 utraque
3107 4357 3161 4409 in
3191 4355 3431 4413 Graecam
3468 4362 3580 4415 lin-

1993 4454 2153 4506 guam
2207 4439 2468 4494 translata
2527 4441 2756 4509 inveni,
2798 4453 2855 4499 et
2904 4445 3150 4502 historia:
3212 4449 3343 4506 huic
3372 4438 3574 4524 adjeci.

1996 4527 2239 4598 Epistolu
2265 4529 2333 4583 ad
2361 4530 2631 4586 Joannem
2671 4534 2749 4590 sic
2799 4536 3005 4592 habet:

316 4627 553 4697 ἑκάτερα
575 4625 773 4694 εὑρὼν,
807 4627 887 4688 εἰς
912 4622 1152 4694 Ἕλληνα
1179 4622 1433 4690 γλῶσσαν
1457 4622 1892 4693 μεταϐληθέντα,
1931 4625 2001 4695 τῇ
2066 4625 2363 4695 συγγραφῇ
2393 4624 2743 4697 παρεθέμην.
2780 4627 2846 4682 Ἠ
2879 4629 2978 4699 μὲν
2999 4629 3092 4685 οὖν
3120 4635 3257 4703 πρὸς
3321 4630 3578 4709 Ἰωάννην

316 4722 524 4788 ἔγραφε
554 4716 757 4771 τοιάδε·

904 4808 1156 4863 ΚΕΦᾹΛ.
1190 4809 1317 4865 AB’.

327 4903 718 4962 Ἰννοκεντίου
746 4902 964 4957 πάππα
1009 4900 1234 4969 Ῥώμης
1266 4893 1584 4955 ἐπιστολαὶ
1609 4899 1719 4957 δύο
1743 4920 1887 4972 πεμ-

389 4977 628 5045 φθεῖσαι
658 4973 739 5039 τῷ
765 4990 828 5027 τε
880 4972 1016 5045 ζερῷ
1038 4974 1443 5045 Χρυσρστόμῳ
1494 4973 1564 5024 ἐν
1596 4974 1891 5040 ὑπερορίᾳ

390 5040 676 5115 διάγοντι,
710 5045 808 5099 καὶ
836 5040 917 5108 τῷ
938 5040 1140 5109 κλήρῳ
1165 5040 1273 5110 τῆς
1311 5045 1890 5097 Κωνσταντινουπό-

387 5122 554 5180 λαως.

394 5249 411 5281 ι
454 5229 515 5282 Εἰ
545 5229 640 5282 καὶ
678 5229 858 5283 πάντα
910 5230 995 5282 δεῖ
1025 5229 1118 5282 τὸν
1144 5229 1405 5282 ’ἀναίτιον
1452 5231 1768 5302 προσδοκᾷν
1819 5231 1889 5285 τὰ

316 5322 554 5393 χρηστὰ.
595 5324 691 5376 καὶ
718 5323 871 5390 παρὰ
898 5320 991 5374 τοῦ
1021 5320 1159 5374 Θεοῦ
1199 5322 1290 5374 τὸν
1320 5320 1468 5375 ἔλεον
1492 5325 1693 5389 αἰτεῖν,
1737 5324 1887 5394 ὅμως

318 5413 416 5467 καὶ
443 5414 576 5484 παρ’
622 5413 781 5484 ἡμῶν
835 5413 933 5480 τὴν
965 5413 1322 5477 ἀνεξικακίαν
1374 5414 1884 5485 συμϐουλευόντων,

317 5508 388 5559 τὰ
413 5506 725 5577 καθήκοντα
746 5507 1056 5577 γράμματα
1080 5507 1166 5559 διὰ
1190 5508 1475 5577 Κυριακοῦ
1494 5509 1600 5577 ,τοῦ
1628 5511 1884 5564 διακόνου

319 5596 752 5662 ὲίίαϊιέσταλτιίιι⁹
789 5597 929 5651 ὥστε
967 5598 1043 5669 μὴ
1076 5598 1243 5653 πλέον
1261 5599 1557 5671 δυνηθῆναι
1597 5602 1697 5673 τὴν
1726 5602 1886 5673 ὓϐριν

317 5695 378 5744 ὲν
408 5691 486 5760 τῷ
514 5689 823 5760 συντρίϐειν
848 5689 909 5742 τὸ
934 5691 1141 5758 ἀγαθὸν
1171 5690 1413 5754 συνειδὸς
1439 5693 1495 5744 ὲν
1523 5692 1601 5763 τῷ
1621 5692 1887 5757 ἐλπίζειν.

317 5779 461 5835 Οὐδὲ
490 5780 599 5850 γὰρ
644 5780 881 5849 ὀφείλεις
909 5780 1229 5849 διδαχθῆναι
1267 5783 1295 5834 ὁ
1327 5780 1599 5834 τοσούτων
1634 5781 1780 5834 λαῶν
1812 5783 1885 5835 δι-

318 5874 589 5941 δάσκαλος
618 5876 714 5930 καὶ
744 5877 965 5941 ποιμὴν,
998 5875 1124 5936 τοὺς
1155 5875 1410 5944 ἀρίστους
1436 5877 1523 5929 ἀεὶ
1563 5876 1658 5930 καὶ
1688 5876 1884 5928 πολλὰ·

1923 4837 1970 4892 D

2552 4817 2776 4875 CAPUT
2799 4818 3017 4877 XXXII.

1991 4906 2292 4987 Innocentii
2351 4926 2504 4979 papa:
2565 4906 3098 4987 Romanijepistolte
3179 4915 3335 4980 dum,
3374 4932 3574 4987 sancto

2063 4977 2436 5060 Corycostomo
2469 4982 2647 5036 exsuli
2688 4994 2738 5036 et
2782 4977 2924 5039 clero
2972 4977 3573 5059 Constantinopolitano

2066 5064 2258 5103 Μίδεω.

2071 5247 2091 5279 ι
2127 5228 2364 5287 Tametsi
2395 5233 2742 5290 innocentem
2775 5236 2919 5292 bona
2977 5240 3161 5294 omnia
3213 5252 3564 5312 exspectare,

1992 5329 2048 5375 et
2070 5321 2232 5378 a.Deo
2249 5324 2679 5382 misericordiam
2702 5338 2887 5399 petere
2915 5334 3226 5396 conveniat,
3248 5343 3432 5389 tamen
3468 5352 3569 5391 nos

1993 5418 2341 5486 quoque,qui
2396 5419 2703 5475 tolerantiae
2746 5424 3011 5479 malorum
3059 5438 3315 5480 suasores
3353 5442 3566 5489 sumus,

1991 5506 2202 5563 litteras
2267 5510 2450 5576 hasce,
2493 5528 2594 5582 pro
2623 5529 2692 5568 eo
2751 5524 2917 5585 atque
2940 5517 3155 5579 decuit,
3177 5534 3301 5573 cum
3333 5519 3564 5590 (Syriaco

1993 5598 2228 5654 diacono
2248 5601 2316 5655 ad
2351 5610 2403 5658 te
2442 5604 2714 5670 dedimus,
2754 5620 2828 5661 ne
2879 5607 3329 5664 adversariorum
3362 5610 3564 5681 injuria

1995 5691 2117 5760 plus
2139 5693 2330 5761 possit,
2366 5694 2501 5749 dum
2532 5696 2741 5767 afﬂigit,
2777 5713 2940 5768 quam
3010 5699 3153 5755 bona
3200 5702 3567 5777 conseiemia,

1995 5780 2129 5838 dum
2155 5784 2209 5838 in
2258 5799 2354 5854 spe
2383 5800 2510 5842 cum
2539 5790 2631 5843 illa
2665 5790 2926 5845 luctatur.
2963 5790 3083 5846 Non
3126 5793 3277 5847 enim
3316 5809 3459 5863 opus
3482 5803 3566 5850 est

1998 5876 2185 5931 doceri
2214 5888 2286 5943 te,
2330 5887 2408 5935 tot
2462 5884 2789 5953 populorum
2834 5883 3116 5940 doctorem
3148 5893 3204 5941 et
3262 5896 3566 5957 pastorem,
