4044 6482
452 390 614 490 ,ιοιι

1712 412 2137 477 NlCEPiiORI
2180 390 2527 471 CA'LLlS'i‘I

3628 407 3762 473 1032

478 525 721 595 optimos
768 541 1018 598 quosque
1076 543 1220 598 saepe
1255 538 1420 597 atque
1470 529 1609 584 adeo
1665 545 1886 599 semper
1935 544 2062 598 pro-

2177 543 2263 589 κις
2295 526 2713 595 δοκιμάζεσθαι,
2752 527 2799 579 εί
2836 526 2894 578 ἐν
2925 527 2990 597 τῇ
3028 514 3180 595 ἑκμῇ
3210 523 3306 590 τῆς
3338 520 3616 591 ὑπομονῆς
3655 541 3761 575 πα-

483 618 629 685 bari,
694 636 761 673 an
804 621 862 673 in
926 622 1111 691 vigore
1169 623 1449 689 patientiae
1494 622 1815 692 persistant,
1880 637 2060 691 neque

485 710 652 765 alicui
706 711 960 766 dolorum
1011 713 1187 769 labori
1221 715 1442 770 cedant.
1468 715 1536 770 Ει
1559 724 1643 770 est
1689 714 1941 785 proiecto
1974 728 2064 769 res

483 803 701 858 stabilis
751 812 808 858 et
866 803 1044 871 ﬁrma,
1077 806 1417 862 conscientia
1471 808 1615 864 bona
1650 807 1704 861 in
1736 806 1896 860 malis
1946 818 2071 873 quae

480 894 683 965 injuste
710 897 985 961 accidunt,
1007 899 1304 954 omnibus:
1327 915 1451 970 quae
1480 900 1585 955 nisi
1650 900 1775 970 quis
1806 897 2071 969 patientia

483 997 683 1051 Vincat,
718 988 987 1044 indicium
1022 990 1090 1045 de
1119 1006 1180 1045 se
1221 991 1378 1046 maiae
1447 990 1784 1061 suspicionis
1833 989 2068 1059 praebet.

480 1080 674 1135 Omnia
706 1097 944 1152 namque
977 1084 1256 1139 sustinere
1312 1083 1499 1150 debet,
1528 1085 1626 1154 qui
1660 1082 1775 1138 Deo
1792 1082 2063 1152 primum,

479 1173 684 1230 deinde
714 1190 829 1230 suae
858 1190 1082 1245 quoque
1113 1177 1341 1233 conﬁdit
1366 1176 1754 1234 conscientiae.
1790 1173 2063 1242 Quando-

478 1271 702 1339 quidem
731 1270 911 1325 bonus
955 1282 1121 1341 atque
1148 1270 1415 1347 honestus
1437 1272 1524 1324 vir
1552 1270 1802 1325 exerceri
1864 1270 1934 1324 ad
1973 1284 2069 1339 pa-

478 1361 734 1415 tientiam
769 1361 1005 1417 maxime
1052 1372 1253 1431 potest,
1294 1362 1441 1416 vinci
1472 1370 1656 1416 autem
1691 1376 1801 1417 non
1857 1367 2069 1431 potest.

477 1450 618 1505 Nam
667 1460 908 1505 mentem
954 1452 1078 1523 ejus
1139 1453 1338 1507 divinae
1366 1452 1690 1507 custodiunt
1729 1451 2062 1520 Scriptum.

480 1542 782 1598 Abundant
796 1550 984 1601 autem
1009 1544 1276 1614 exemplis
1297 1544 1567 1617 lectiones
1583 1559 1775 1609 sacras,
1796 1559 1935 1612 quas
1960 1560 2030 1613 po
2047 1572 2070 1585 -

482 1635 614 1704 pulo
645 1636 951 1690 tradimus:
978 1644 1034 1691 et
1062 1651 1255 1692 omnes
1286 1651 1456 1707 prope
1477 1647 1700 1694 sanctos
1725 1635 1896 1691 variis
1944 1651 2068 1691 mo-

488 1729 576 1784 dis
594 1739 655 1784 et
696 1729 1050 1784 continenter
1103 1730 1265 1785 malis
1312 1729 1548 1784 afﬂictos
1594 1744 1738 1793 esse,
1792 1718 1918 1783 cuin
1957 1728 2066 1785 ﬁde

481 1832 852 1889 attestantur;
886 1823 1092 1894 quippe
1116 1823 1211 1891 qui
1242 1832 1502 1893 tanquam
1552 1824 1607 1877 in
1636 1823 1823 1893 aliquo
1852 1823 2065 1894 judicio

488 1913 787 1983 explorati,
825 1917 1044 1968 tandem
1068 1913 1149 1969 sic
1166 1911 1234 1968 ad
1266 1928 1528 1969 coronam
1558 1912 1840 1983 patientia:
1867 1929 2068 1985 perve-

483 2021 635 2062 nere.
658 2005 990 2078 Consoletur
1022 2005 1190 2078 igitur
1219 2006 1551 2062 cbaritatem
1579 2014 1755 2075 tuam,
1784 2006 1957 2062 l‘rater
1983 2022 2071 2062 re-

482 2096 909 2163 verendissime,
933 2099 1275 2154 conscientia
1311 2109 1427 2165 tua,
1455 2115 1578 2169 quae
1609 2100 1663 2154 in
1690 2100 2070 2156 tribulationi-

481 2192 588 2246 bus
633 2192 893 2246 solatium
947 2192 1173 2247 virtutis
1223 2193 1456 2269 obtinet.
1526 2192 1690 2265 415
1734 2192 2069 2263 lnspiciente

479 2297 723 2352 namque
742 2282 863 2352 ipso
891 2283 1125 2339 Domino
1151 2282 1392 2346 Christo,
1422 2283 1479 2338 in
1508 2293 1675 2353 portu
1719 2283 1893 2354 pacis,
1926 2299 2065 2353 pura

480 2376 759 2431 constabit
785 2375 1149 2430 conscientia.
1182 2393 1200 2426 ι
1236 2376 1361 2430 liam
1395 2373 1750 2431 Innocentius
1776 2374 1842 2429 ad
1875 2375 2068 2430 divum

481 2466 935 2537 Cbrysostomum
963 2467 1210 2537 scripsit.
1238 2466 1481 2537 Epistola
1511 2476 1693 2522 autem
1729 2467 1799 2522 ad
1838 2467 2068 2523 clericos

482 2558 601 2612 haec
626 2568 758 2612 est:
801 2574 819 2608 ι
862 2559 1221 2612 innocentius
1265 2558 1561 2630 episcopus
1613 2558 1955 2629 presbyteris
2012 2566 2069 2613 et

484 2650 765 2718 diacouis,
797 2651 1010 2721 totique
1039 2650 1187 2706 clero
1212 2660 1267 2707 et
1288 2651 1492 2722 pOpulo
1514 2640 1770 2706 Ecclesiae
1801 2650 2069 2707 Constan-

488 2740 896 2811 tinOpolitanae,
920 2756 1043 2811 quae
1070 2741 1175 2797 sub
1209 2739 1706 2821 Joannqepiscopo
1745 2750 1849 2809 est,
1881 2740 2068 2796 fratri-

479 2831 587 2888 bus
632 2831 869 2899 dilectis,
919 2834 1179 2891 salutem.
1239 2833 1321 2889 Ex
1361 2833 1562 2890 litteris
1616 2834 1936 2891 dilectionis
1967 2851 2067 2891 vc-

486 2938 636 2992 strae,
682 2944 821 2997 quas
878 2944 979 2998 per
1036 2927 1371 2985 Germanum
1420 2931 1800 3002 presbyterum
1831 2940 1886 2985 et
1929 2928 2067 2985 Cas-

479 3021 696 3074 sianum
749 3020 1045 3077 diaconum
1087 3022 1156 3077 ad
1205 3037 1306 3077 nos
1358 3022 1613 3088 dedistis,
1642 3038 1863 3079 scenam
1896 3023 2068 3077 malo-

479 3127 626 3178 rum,
657 3128 824 3182 quam
855 3113 929 3168 ob
953 3114 1146 3168 oculos
1171 3115 1454 3185 posuistis,
1488 3114 1655 3169 anxia
1687 3113 2065 3169 sollicitudine

477 3204 753 3274 cognovi:
785 3211 841 3259 et
864 3204 1069 3274 quibus
1090 3207 1351 3262 aerumnis
1368 3206 1639 3276 malisque
1658 3205 1795 3261 ﬁdes
1825 3206 2063 3274 laboret,
2097 3238 2151 3301 c-

484 3296 722 3366 repetita
787 3297 989 3366 sapius
1049 3297 1290 3354 lectione
1352 3299 1628 3370 perspexi.
1683 3296 1786 3353 Cui
1836 3298 1914 3354 rei
1950 3296 2065 3355 sola

480 3387 766 3455 patientia:
812 3388 1117 3443 consolatio
1167 3386 1441 3443 medetur.
1494 3385 1655 3441 Dabit
1713 3385 1859 3442 enim
1909 3385 2066 3442 brevi

477 3479 627 3534 Deus
653 3486 843 3533 noster
865 3478 1264 3541 alllictionibus
1282 3464 1462 3533 Atinatis
1496 3476 1684 3545 tinem,
1705 3493 1842 3549 quas
1891 3479 2066 3533 susti-

476 3572 667 3626 nuisse
722 3570 992 3641 proderit.
1024 3560 1285 3626 Sedenim
1310 3554 1458 3624 hanc
1487 3568 1662 3639 ipsam
1695 3571 2062 3625 necessariam

474 3664 935 3727 consolationem,
965 3663 1021 3717 in
1043 3662 1207 3718 initio
1235 3657 1484 3732 epistolae
1506 3661 1820 3718 dilectionis
1852 3671 2061 3718 vestrae

477 3757 731 3825 positam,
763 3756 1057 3812 consilium
1077 3750 1535 3826 propositumque
1558 3766 1805 3811 vestrum
1831 3755 2064 3811 laudan-

479 3858 564 3902 tes
596 3847 996 3914 intelleximus,
1036 3846 1210 3913 multa
1247 3834 1529 3917 patientiae
1553 3846 1869 3902 testimonia
1908 3863 2063 3902 com-
2110 3874 2111 3877 η

479 3938 834 4008 plectentem.
858 3935 1307 3993 ConSolationem
1335 3932 1573 4006 namque
1599 3947 1869 4005 nostram,
1894 3955 2058 4011 quam

476 4030 547 4084 ad
608 4045 707 4085 vos
762 4020 1031 4091 scribere,
1058 4027 1374 4093 debuimus,
1437 4028 1638 4084 litteris
1694 4029 1799 4098 ipsi
1863 4032 2063 4086 vestris

480 4118 929 4193 praioccupastis.
964 4118 1097 4175 Eam
1129 4119 1404 4191 siquidem
1435 4122 1823 4180 laborantibus
1873 4124 2029 4179 Domi
2051 4156 2063 4165 -

478 4234 585 4272 nus
650 4224 840 4271 noster
888 4212 1139 4285 praebere
1175 4213 1498 4285 patientiam
1554 4217 1714 4282 solet,
1746 4226 1805 4272 ut
1834 4219 1891 4272 in
1929 4218 2061 4288 ipsis

478 4307 949 4381 tribulationibus
979 4321 1039 4360 se
1067 4304 1215 4374 ipsos
1250 4305 1453 4361 Cbristi
1481 4308 1626 4362 servi
1660 4313 1938 4373 solentur,
1969 4326 2062 4365 se-

474 4414 605 4477 cum
626 4390 741 4470 ipsi
760 4380 1108 4468 reputantes,
1131 4396 1323 4453 eadem
1349 4406 1510 4454 antea
1537 4401 1763 4465 sanctis,
1798 4415 1921 4471 qua:
1952 4400 2059 4470 ipsi

478 4490 799 4564 patiuntur,
832 4487 1129 4547 accidisse.
1162 4487 1270 4545 Sed
1329 4497 1386 4547 et
1416 4505 1519 4546 nos
1564 4507 1632 4546 ex
1680 4492 1815 4561 ipsis
1851 4491 2056 4547 litteris

2181 619 2507 688 ραμένουτι,
2558 620 2655 671 καὶ
2705 618 2887 672 οὐδενὶ
2947 617 3097 688 πόνῳ
3145 614 3522 678 κακοπαθείας
3563 616 3763 668 ὐποπέ-

2178 727 2396 764 πτουσι.
2447 712 2557 765 Καὶ
2607 712 2757 763 ἐστιν
2794 711 2868 772 ὡς
2902 709 3123 776 ἀληθῶς
3156 708 3379 779 βέϐαιον
3428 708 3663 778 πρᾶγμα
3701 706 3760 759 τὸ

2180 803 2419 866 συνειδὸς
2455 804 2536 864 είς
2582 802 2762 856 πάντα
2806 802 2877 855 τὰ
2913 801 3115 864 ἀδίκως
3164 802 3589 870 συμπίπτοντα·
3621 800 3763 869 ἇπερ

2175 899 2226 950 εί
2278 897 2353 967 μὴ
2411 896 2661 964 νικήσειέ
2691 913 2779 959 τις
2823 896 3141 965 ὑπομένων,
3194 894 3499 964 τεκμήριον
3550 892 3759 963 φαύλης

2177 988 2511 1058 ὑπολήψεως
2565 988 2815 1059 ἐκφέρει.
2850 989 3037 1042 Πάντα
3063 990 3174 1056 γὰρ
3209 987 3506 1057 ὑπομένειν
3532 985 3758 1053 ὀφείλει,

2173 1082 2252 1153 τῷ
2276 1081 2398 1152 Θεῷ
2429 1084 2670 1152 πρῶτον,
2703 1079 2826 1136 εἶτα
2866 1083 2961 1138 καὶ
2990 1082 3072 1154 τῷ
3116 1060 3546 1151 ίδὲῳιπεποιθὼς
3582 1096 3758 1133 συνει-

2169 1174 2315 1228 δότι’
2360 1172 2525 1226 ὁπότε
2572 1172 2810 1244 μάλιστα
2862 1172 3246 1242 γυμνάζεσθαι
3295 1172 3376 1233 είς
3420 1170 3754 1241 ὑπομονήνό

2180 1263 2345 1327 καλὸς
2377 1266 2474 1318 καὶ
2515 1264 2721 1333 ἀγαθὸς
2753 1264 3001 1326 δύναται,
3035 1263 3289 1317 νικᾶσθαι
3321 1261 3375 1315 δὲ
3407 1260 3470 1314 οὗ
3490 1277 3506 1293 ο
3542 1261 3758 1329 ἐπειδή-

2173 1376 2280 1429 περ
2311 1358 2462 1427 αὑτῷ
2494 1358 2592 1429 τὴν
2620 1357 2869 1412 διάνοιαν
2900 1359 2957 1411 αἱ
2989 1359 3132 1413 θεῖαι
3160 1358 3379 1426 Γραφαὶ
3403 1356 3753 1426 φυλάττουσι*

2175 1450 2565 1520 περιττεύουσι
2593 1452 2704 1521 γὰρ
2731 1449 3131 1520 ὑποδείγμασιν
3157 1451 3210 1504 at
3239 1449 3381 1504 θεῖαι
3422 1446 3757 1516 ἀναγνώσεις

2169 1544 2235 1608 ἃς
2256 1547 2366 1607 τοῖς
2395 1545 2544 1608 λαοῖς
2578 1543 2996 1613 παραδιδόαμεν
3018 1562 3029 1573 σ
3064 1543 3272 1606 αἵτινες
3309 1541 3515 1605 πάντας
3572 1539 3756 1610 σχεδὸν

2169 1637 2296 1700 τοὺς
2334 1638 2524 1704 ἁγίους
2552 1636 3047 1705 καταπεπονῆσθαι
3078 1635 3355 1707 διαφόρως
3394 1636 3492 1689 καὶ
3518 1632 3756 1703 συνεχῶς

2171 1725 2567 1789 ἐπιστώσαντο,
2597 1724 2693 1778 καὶ
2715 1723 3115 1794 δοκιμάζεσθαι
3143 1723 3398 1793 καθάπερ
3423 1706 3489 1775 ἐν’
3509 1737 3614 1774 τινι
3642 1719 3757 1773 δια-

2174 1814 2408 1883 γνώσειυ
2459 1815 2605 1869 οὕτω
2644 1833 2704 1869 τε
2749 1815 2830 1877 είς
2873 1816 2966 1867 τὸν
3024 1816 3290 1883 στέφανον
3338 1813 3439 1883 τῆς
3479 1811 3751 1882 ὑπομονῆς

2179 1907 2522 1977 ἐληλυθέναι.
2568 1905 2979 1977 Παραμυθείτω
3024 1906 3122 1976 τὴν
3158 1906 3380 1976 ἀγάπην
3416 1922 3508 1957 σου
3540 1904 3668 1956 αὐτὸ
3692 1902 3755 1956 τὸ

2179 2001 2443 2065 συνειδὸς,
2488 2001 2683 2068 ἀδελφέ
2731 2000 3059 2070 τιμιώτατε,
3099 1999 3236 2069 ὅπερ
3262 2000 3320 2052 ἐν
3353 2000 3473 2061 ταῖς
3510 1996 3753 2066 θλίψεσιν

2178 2093 2295 2165 ἔχει
2314 2094 2413 2165 τὴν
2437 2093 2802 2165 παραμυθίαν
2825 2094 2922 2163 τῆς
2946 2092 3175 2162 ἀρετῆς.
3198 2090 3622 2151 Ἐποπτεύοντος
3642 2089 3752 2158 γὰρ

2176 2186 2271 2239 τοῦ
2312 2186 2588 2240 Δεσπότου
2634 2183 2896 2256 Χριστοῦ,
2945 2186 3001 2237 ὲν
3052 2184 3129 2255 τῷ
3180 2184 3363 2253 λιμένι
3405 2183 3503 2249 τῆς
3533 2183 3755 2251 εἰρήνης

2177 2279 2578 2363 κτ.θνρισθεῖσα
2620 2281 2650 2347 ἡ
2699 2277 3009 2347 συνείδησις
3046 2279 3327 2347 στήσεται.
3372 2294 3391 2328 ι
3431 2275 3615 2328 Ταῦτα
3651 2276 3752 2342 μὲν

2177 2372 2315 2442 πρὸς
2345 2372 2439 2425 τὸν
2467 2370 2612 2425 θεῖον
2647 2372 3039 2442 Χρυσόστομον
3081 2369 3436 2432 Ἰννοκέντιος
3471 2369 3749 2437 ἔγραφεν·

2174 2461 2211 2516 ἃ
2239 2463 2295 2516 δὲ
2323 2465 2421 2516 καὶ
2462 2463 2601 2534 πρὸς
2640 2462 2769 2525 τοὺς
2819 2459 3141 2531 κληρικοῦς,
3191 2461 3249 2514 ἐν
3309 2458 3524 2522 τούτοις
3571 2453 3745 2528 ἦσαν’

2181 2574 2200 2606 ο
2234 2555 2589 2618 Ἰννοκὲντιος
2629 2552 2955 2618 ἐπίσκοπος,
2988 2552 3391 2625 πρεσϐυτέροις
3433 2551 3526 2605 καὶ
3564 2550 3751 2604 διακό-

2174 2666 2309 2715 νοις,
2343 2651 2437 2702 καὶ
2469 2646 2636 2701 παντὶ
2666 2645 2744 2715 τῷ
2774 2646 2962 2716 κλήρῳ
2985 2646 3080 2699 καὶ
3104 2645 3182 2716 τῷ
3210 2645 3324 2718 λαῷ
3358 2647 3457 2716 τῆς
3493 2644 3749 2698 Κωνταν-

2173 2742 2542 2805 τινουπόλεως
2588 2742 2922 2812 Ἐκκλησίας
2970 2742 3084 2805 τοῖς
3143 2737 3248 2793 ὁπδ
3310 2738 3400 2792 τὸν
3454 2740 3748 2792 ὲπῗσκοπον

2175 2832 2433 2903 Ἰωάννην
2493 2834 2806 2905 ἀγαπητοῖς
2873 2831 3123 2900 ἀδελφοῖς
3189 2829 3422 2900 χαίρειν.
3486 2829 3581 2882 Ἐκ
3640 2827 3749 2883 τῶν

2175 2925 2525 2994 γραμμάτων
2555 2925 2655 2993 τῆς
2687 2924 2963 2995 ὑμετέρας
3000 2923 3248 2992 ἀγάπης,
3293 2923 3453 2977 ama
3496 2923 3581 2977 διὰ
3612 2920 3748 2991 Γερ-

2179 3015 2350 3086 μανοῦ
2393 3016 2487 3068 τοῦ
2523 3015 2930 3087 πρεσϐυτέρου,
2973 3018 3068 3070 καὶ
3102 3014 3421 3070 Κασσιανοῦ
3455 3015 3547 3069 τοῦ
3570 3014 3748 3068 διακό-

2174 3126 2266 3162 νου
2298 3109 2713 3171 ἀπεστὰλκατε,
2756 3111 2856 3180 τὴν
2887 3109 3094 3178 σκηνὴν
3126 3107 3235 3161 τῶν
3289 3106 3480 3161 κακῶν
3530 3107 3596 3180 ἢν
3644 3107 3749 3174 πρὸ

2173 3197 2282 3253 τῶν
2332 3197 2632 3269 ὀφθαλμῶν
2681 3197 2920 3269 temur:
2946 3199 3004 3250 ἐν
3038 3197 3286 3269 μερίμνῳ
3316 3195 3578 3267 φροντίδι,
3610 3212 3747 3247 κατ-

2176 3289 2418 3360 έμαθονο
2479 3294 2637 3355 ὅσαις
2679 3308 2737 3344 τε
2792 3293 2827 3363 ἡ
2866 3290 3053 3352 πίστις
3112 3290 3310 3358 κάμνει
3349 3290 3746 3356 ταλαιπωρίαις

2176 3386 2274 3439 καὶ
2310 3386 2518 3451 πόνοις,
2552 3384 3034 3456 ἐπαναληφθείσας
3062 3382 3323 3445 πολλάκις
3350 3382 3746 3452 τῇἮναγτὼσει

2169 3480 2439 3534 κατεῖδον.
2470 3480 2654 3549 »Ὅπερ
2710 3480 2945 3549 πρᾶγμα
2995 3478 3133 3548 μόνη
3182 3477 3214 3546 ἡ
3265 3473 3607 3544 παράκλησις
3648 3472 3746 3542 τῆς

2170 3572 2451 3643 ὑπομονῆς
2504 3574 2675 3627 ίᾶται.
2731 3571 2906 3624 Δώσει
2936 3569 3049 3642 γὰρ
3097 3570 3155 3623 ἐν
3198 3571 3354 3639 τάχει
3407 3570 3435 3622 ὁ
3483 3569 3745 3638 ἡμέτερος

2168 3666 2300 3730 Θεὸς
2325 3669 2445 3729 ταῖς
2474 3666 2774 3728 τοσαύταις
2802 3663 3018 3735 θλίψεσι
3041 3661 3219 3724 τέλος,
3243 3663 3338 3715 καὶ
3366 3660 3536 3713 ταῦτα
3570 3658 3747 3711 συνοί-

2170 3778 2253 3814 σει
2289 3763 2732 3831 συνενηνοχέναι.
2764 3757 2936 3812 Ἀ).λά
2963 3757 3072 3829 γάρ
3106 3755 3278 3827 αὐτὴν
3310 3756 3408 3826 τὴν
3443 3751 3742 3820 ἀναγκαίαν

2169 3853 2542 3922 παράκλησιν,
2575 3854 2633 3903 ἐν
2665 3853 2809 3921 ἀρχῇ
2862 3850 2964 3921 τῆς
3009 3848 3302 3918 ἐπιστολῆς
3343 3846 3444 3916 τῆς
3478 3842 3743 3914 ὑμετέρας

2165 3946 2385 4015 ἀγάπης
2416 3945 2703 4015 κειμένην,
2735 3941 3190 4012 ἐγκωμιάζοντες
3236 3939 3391 4010 ὑμῶν
3423 3938 3520 4009 τὴν
3549 3937 3743 4009 πρόθε-

2167 4054 2251 4091 σιν
2283 4036 2705 4105 ἐπεγνὼκαμεν,
2751 4035 2953 4098 πολλὰς
2996 4033 3132 4104 πρὸς
3159 4033 3220 4087 τδ
3265 4031 3557 4101 ὑπομένειν
3602 4044 3741 4099 μαρ-

2164 4130 2360 4199 τυρίας
2386 4128 2772 4199 περιέχουσαν.
2801 4127 2911 4198 Τὴν
2932 4128 3043 4196 γάρ
3066 4125 3346 4198 ἡμετέραν
3370 4122 3736 4194 παράκλησιν,

2164 4223 2232 4293 ἣν
2262 4221 2552 4290 ὀφείλομεν
2578 4221 2708 4289 ὑμῖν
2739 4221 3077 4286 ἐπιστεῖλαι,
3105 4220 3220 4281 τοῖς
3244 4218 3533 4288 ὑμετέροις
3560 4215 3739 4284 γράμ-

2167 4330 2300 4383 μασι
2334 4311 2742 4383 προεφθάσατε.
2794 4313 3014 4381 Ταύτην
3062 4310 3171 4381 γάρ
3220 4311 3334 4372 τοῖς
3385 4308 3738 4377 κάμνουσινό

2162 4404 2436 4474 ἡμέτερος
2464 4405 2741 4473 Δεσπότης
2775 4404 3056 4475 ὑπομονὴν
3093 4403 3355 4472 παρέχειν
3397 4398 3587 4453 εἴωθεν
3607 4414 3621 4428 ⁸
3650 4400 3735 4452 ἵνα

2166 4497 2264 4549 καὶ
2308 4498 2365 4549 ἐν
2404 4499 2525 4558 ταῖς
2570 4495 2790 4566 θλίψεσι
2842 4497 3229 4564 τυγχάνοντες,
3281 4493 3513 4554 ἑαυτοὺς
3547 4493 3595 4545 ot
3639 4489 3730 4543 τοῦ

475 4583 679 4638 vestris
705 4579 906 4634 afferre
931 4579 1088 4635 vobis
1117 4580 1375 4637 solatium
1410 4596 1726 4652 possumus.
1760 4582 1881 4636 Non
1910 4583 2056 4638 enim

2170 4587 2403 4661 Χριστοῦ
2446 4587 2626 4642 δοῦλοι
2676 4586 3144 4657 παραμυθῶνται,
3189 4584 3637 4654 ἀναλογιζόμενοι
3679 4584 3735 4635 ἐν

475 4674 546 4729 ab
580 4688 668 4738 eo,
702 4683 763 4728 ut
786 4671 940 4728 vobis
981 4674 1392 4741 condoleamus,
1422 4675 1587 4730 alieni
1615 4689 1847 4729 sumus:
1883 4675 2058 4744 siqui-

475 4766 602 4821 dem
629 4772 686 4817 et
713 4780 813 4819 nos
835 4765 889 4819 in
926 4767 1084 4821 vobis
1128 4767 1450 4839 alﬂigimur.
1486 4766 1623 4833 Quis
1647 4782 1885 4837 namque
1914 4768 2056 4823 ferre

474 4857 670 4928 possit,
694 4874 815 4927 qua:
842 4858 911 4913 ab
942 4860 1050 4914 illis
1066 4858 1453 4931 designantur,
1485 4874 1626 4928 quos
1651 4860 1889 4915 maxime
1918 4877 2056 4917 con-

476 4947 737 5003 veniebat
756 4949 1442 5021 pacilicaztranquillitatis
1473 4959 1530 5005 et
1592 4952 1907 5009 concordiae
1939 4965 2058 5008 stu-

474 5040 660 5097 diosos
679 5058 800 5099 esse
819 5043 840 5098 ?
859 5044 1015 5101 Nunc
1030 5045 1254 5100 insolito
1277 5060 1430 5099 more
1451 5045 1680 5102 sedibus
1696 5049 2055 5107 ecclesiarum

474 5151 699 5191 suarum
729 5138 1052 5193 innocentes
1087 5135 1392 5207 ejiciuntur
1432 5136 1700 5209 episcopi.
1740 5141 1896 5207 Quod
1923 5158 2057 5198 sane

473 5230 687 5299 primus
716 5230 886 5285 frater
908 5241 967 5286 et
991 5230 1201 5301 collega
1260 5237 1473 5293 noster,
1520 5232 1820 5302 episcbpus
1868 5244 2053 5289 vester

470 5323 729 5385 Joannes,
786 5338 886 5390 per
953 5320 1213 5390 injuriam
1238 5331 1323 5376 est
1347 5338 1564 5391 passus.
1592 5340 1760 5379 causa
1819 5327 2050 5394 indicta,

471 5427 528 5471 et
553 5416 786 5471 crimine
808 5427 987 5482 neque
1017 5412 1258 5481 objecta,
1288 5430 1468 5485 neque
1504 5417 1714 5471 audito.
1756 5416 1889 5483 Quae
1926 5435 2055 5474 vero

473 5507 590 5562 haec
645 5505 928 5577 prohibita
970 5505 1113 5560 ratio
1169 5516 1278 5574 est,
1333 5515 1391 5562 ut
1405 5508 1604 5578 judicii
1632 5511 1908 5579 specimen
1941 5527 2055 5566 non

471 5610 750 5664 servetur,
800 5606 900 5659 aut
935 5597 1005 5651 de
1055 5613 1221 5653 causa
1256 5615 1367 5653 non
1406 5602 1711 5670 quaeratur?
1734 5603 1802 5657 .ln
1870 5605 2054 5658 locum

472 5693 781 5751 viventium
827 5691 1217 5762 episcoporum
1266 5693 1358 5747 alii
1425 5695 1819 5764 subrogantur:
1872 5694 2055 5766 quasi,

473 5783 569 5852 qui
619 5768 689 5841 ab
708 5784 980 5854 ejusmodi
1029 5782 1253 5840 delictis
1287 5796 1680 5857 prorumpunt,
1722 5802 1753 5842 a
1790 5789 2055 5858 quopiam

469 5875 707 5944 iudicari
722 5876 935 5946 possint
955 5885 1104 5933 recte
1124 5877 1426 5948 quidquam
1457 5879 1540 5936 vel
1562 5879 1749 5937 dicere
1772 5880 1851 5935 Vel
1874 5882 2053 5937 facere

2162 4681 2353 4742 αὑταῖς
2392 4682 2487 4733 καὶ
2539 4678 2811 4749 πρότερον
2841 4676 3175 4747 γεγενῆσθαι
3213 4676 3338 4740 τοὺς
3368 4676 3558 4744 ἁγίους
3592 4675 3734 4740 ἅπερ

2161 4773 2319 4826 αὐτοὶ
2351 4775 2643 4843 πάσχουσι.
2682 4775 2793 4826 Καὶ
2825 4772 2985 4842 ἡμεῖς
3015 4770 3073 4823 δὲ
3108 4769 3167 4835 ἐξ
3195 4769 3378 4823 αὐτῶν
3405 4767 3515 4820 τῶν
3542 4769 3736 4838 ὑμετέ-

2166 4885 2276 4938 ρων
2304 4868 2654 4939 γραμμάτων
2687 4866 2969 4937 δυνάμεθοι
2998 4866 3128 4936 ὑμῖν
3158 4863 3526 4935 προσενέγκαι
3553 4861 3730 4931 παρά-

2163 4960 2355 5027 κλησιν
2376 4974 2388 4987 ο
2419 4958 2478 5011 οὑ
2507 4959 2616 5026 γὰρ
2646 4958 2739 5010 τοῦ
2769 4956 3058 5024 συναλγεῖν
3086 4955 3216 5025 ὑμῖν
3247 4956 3411 5024 ἐσμεν
3440 4955 3731 5023 ἀλλότριοι,

2164 5049 2464 5117 ἐπειδήπερ
2497 5049 2593 5102 καὶ
2637 5050 2798 5118 ἡμεῖς
2831 5042 3179 5116 κολαζόμεθα
3208 5048 3264 5098 ἐν
3296 5046 3463 5114 ῥμῖν.
3501 5043 3595 5107 Τίς
3627 5043 3729 5113 γὰρ

2164 5143 2389 5209 ἐνέγκαι
2418 5142 2710 5211 δυνήσεται
2734 5143 2802 5193 τά
2823 5139 3322 5209 ἐξαμαρτανόμενα
3356 5139 3450 5190 ὑπ’
3472 5139 3729 5203 ἐκείνους

2163 5230 2416 5296 οὖστινας
2463 5232 2636 5303 ἐχρῆν
2671 5232 2916 5300 μάλιστα
2947 5230 3043 5283 τοῦ
3089 5230 3327 5299 γαληνοῦ
3358 5230 3456 5298 τῆς
3491 5230 3732 5298 εἰρήνης,

2163 5326 2260 5377 καὶ
2319 5326 2493 5394 αὐτῆς
2553 5324 2899 5386 σπουδαστὰς
2952 5319 3096 5375 εἶναι
3150 5324 3247 5392 τῆς
3293 5322 3570 5391 ὁμονοίας.
3625 5322 3735 5374 Νῦν

2163 5416 2558 5489 ἐξηλλαγμένῳ
2598 5419 2787 5489 τρόπῳ
2824 5419 2933 5472 ἀπὸ
2965 5419 3067 5489 τῆς
3112 5420 3410 5490 προεδρίας
3440 5418 3547 5471 τῶν
3593 5420 3735 5471 ἰδίων

2164 5511 2475 5575 ἐκκλησιῶν
2527 5511 2860 5576 ὲξωθοῦνται
2913 5512 3085 5565 eoeo;
3163 5514 3351 5581 ἱερεῖς.
3410 5513 3473 5564 ὐ
3526 5511 3590 5580 δὴ
3650 5510 3740 5562 καὶ

2166 5604 2380 5676 πρῶτος
2408 5607 2439 5657 ὁ
2463 5606 2697 5675 ἁδελφὸς
2730 5607 2890 5676 ἡμῶν
2921 5608 3019 5659 καὶ
3042 5606 3459 5674 συλλειτουργδς
3488 5604 3739 5672 Ἰωάννης

2163 5699 2192 5750 ὁ
2233 5697 2501 5769 ὑμέτερος
2535 5698 2838 5762 ἐπίσκοπος
2896 5698 3095 5765 ἀδίκως
3145 5698 3425 5757 πέπονθε.-
3467 5699 3738 5768 μηδεμιᾶς

2164 5790 2343 5860 τυχὼν
2367 5791 2686 5862 ἀκροάσεως
2708 5808 2720 5822 ⁸
2759 5792 2913 5845 οὐδὲν
2945 5790 3203 5861 ἔγκλημα
3250 5793 3594 5861 ἐπιφέρεται,
3630 5789 3736 5843 οὐδ’
3790 5844 3795 5851 ,

2166 5886 2534 5940 εἰσακούεται,
2578 5888 2683 5939 Καὶ
2724 5886 2804 5950 τίς
2841 5887 2872 5955 ἡ
2907 5884 3342 5954 ἀπηγορευμένη
3376 5887 3610 5947 ἐπινοικ,
3651 5884 3735 5941 ἕνα
