4044 6438
480 355 616 420 1035

1698 347 2113 410 NICEI‘IIORI
2162 349 2507 410 CALLlSTI

3581 340 3713 405 1036

476 471 532 523 in
562 482 762 522 manus
790 476 1039 538 recepto,
1068 465 1164 522 Dei
1212 479 1403 518 amans
1438 462 1709 533 {Etnylius
1752 464 2047 519 Beneventi

2155 465 2417 534 chictq,
2455 463 2559 518 ἀνά
2599 464 2785 533 χεῖρας
2826 460 3081 526 λαϐόντες
3123 456 3173 516 οξ
3214 458 3341 532 περὶ
3377 457 3466 513 τὸν
3497 458 3718 528 θεοφιλῆ

475 561 789 629 episcopus,
818 558 1116 627 Cathegius
1174 566 1232 611 et
1252 553 1612 619 Gaudentius,
1640 570 1765 608 cum
1798 554 2050 610 Valentia

475 664 530 707 et
559 651 841 707 Bouil'acio
875 649 1229 720 presbyteris,
1268 648 1441 702 Roma
1471 646 1791 718 Byzantium
1818 644 2049 716 profecti

476 754 622 801 sunt.
665 742 1049 814 Sequebantur
1071 757 1166 796 eos
1190 740 1452 813 Cyriacus
1481 749 1537 794 et
1570 738 1899 804 Demetrius,
1941 752 2048 792 una

476 853 599 891 cum
658 835 902 892 Palladio
964 845 1019 889 et
1071 833 1317 905 Eulysio,
1378 832 1471 903 qui
1527 828 1754 886 Joannis
1806 830 2047 901 partium

475 927 707 983 studiosi
775 941 842 981 eo
897 935 1183 989 venerant,
1260 934 1315 978 et
1379 924 1701 993 tragmdiam
1780 923 2046 978 malorum

474 1034 695 1073 omnem
727 1018 836 1072 illis
878 1024 1268 1085 exposuerant.
1313 1014 1450 1069 Cum
1480 1024 1662 1068 autem
1698 1012 1753 1066 in
1783 1011 2047 1071 Graciam

475 1110 875 1181 pervenissent,
938 1109 993 1162 in
1054 1120 1252 1161 manus
1310 1104 1518 1160 tribuni
1566 1103 1892 1174 cujusdam,
1953 1103 2048 1173 qui

475 1204 702 1259 insidias
726 1203 808 1258 eis
845 1201 1172 1266 tetenderat,
1203 1198 1535 1253 inciderunt.
1570 1197 1687 1253 Non
1714 1199 1859 1251 enim
1879 1196 2050 1250 latere

476 1307 778 1366 potuerunt
805 1295 1131 1349 feminarum
1160 1293 1453 1363 pessimam
1483 1289 1787 1345 Eudoxiam
1818 1288 2051 1359 legatio-

474 1392 563 1444 nis
593 1388 711 1458 ejus
746 1386 1026 1441 maudata.
1080 1385 1145 1439 Et
1172 1383 1317 1453 quod
1362 1398 1555 1436 eorum
1607 1380 1896 1436 sententiae
1950 1396 2047 1436 seu

473 1479 733 1541 consilio,
765 1478 858 1547 qui
889 1475 1223 1545 legationem
1254 1488 1375 1528 eam
1426 1472 1711 1537 miserant,
1746 1485 1867 1527 arte
1910 1486 2048 1542 qua-

474 1571 598 1626 dam
632 1572 1034 1633 adversaretur,
1066 1568 1315 1621 actiones
1336 1581 1526 1619 eorum
1556 1562 1851 1617 contrariis
1876 1564 2051 1616 aetio-

474 1662 638 1715 nibus
684 1658 971 1729 praevenit.
1039 1657 1387 1726 Quapropter
1440 1653 1889 1709 Thessalonicam
1942 1653 2049 1709 illis

475 1752 687 1817 videre,
727 1759 895 1820 atque
943 1764 1096 1818 papae
1145 1748 1379 1809 litteras,
1435 1760 1572 1815 quas
1625 1745 1691 1799 ad
1742 1744 1863 1817 ejus
1895 1744 2048 1799 urbis

474 1845 793 1913 episcopum
828 1841 1091 1912 Anysium
1128 1837 1400 1899 ferebant,
1439 1834 1670 1891 reddere
1710 1836 2043 1907 permissum
2080 1810 2119 1867 Β

476 1951 585 1989 non
618 1943 727 1988 est.
761 1932 869 1987 Sed
902 1931 1123 1986 duobus
1180 1928 1418 2002 navigiis
1452 1928 1715 1999 impositi,
1751 1938 2043 1998 postquam

474 2033 527 2085 in
556 2045 724 2082 unum
743 2043 809 2082 ex
836 2024 1117 2089 suburbiis
1135 2021 1759 2092 Constantinopolitanae
1783 2020 2043 2087 civitatis,

473 2119 619 2189 quod
653 2117 893 2186 Athyras
946 2123 1198 2176 vocatur,
1254 2121 1649 2183 pervenerunt,
1687 2127 1788 2182 per
1824 2111 1933 2166 vim
1988 2110 2044 2166 in

473 2210 781 2266 custodiam
820 2216 953 2263 sunt
980 2205 1216 2276 conjecti
1254 2221 1270 2259 :
1325 2205 1531 2274 quibus
1580 2218 1680 2274 per
1710 2204 2045 2258 calumniam

469 2307 751 2377 objectum
786 2312 891 2363 est,
923 2300 1069 2371 quod
1102 2300 1367 2354 ditionem
1417 2297 1652 2351 alienam
1681 2295 1823 2352 ultra
1854 2296 2046 2350 termic

469 2414 573 2453 nos
596 2413 730 2451 suos
760 2397 1063 2456 turbarent,
1090 2401 1141 2445 et
1175 2405 1299 2444 cum
1330 2387 1630 2444 Orientalis
1667 2387 1882 2459 imperii
1913 2402 2048 2443 con-

426 2496 433 2507 ‘
472 2488 700 2544 tumelia
731 2486 806 2540 ibi
834 2485 1119 2540 adessent.
1169 2481 1404 2536 Romani
1464 2478 1649 2550 igitur,
1682 2489 1738 2533 et
1783 2477 2048 2550 (Syriacus

470 2584 794 2653 episcopus,
836 2578 1044 2648 quique
1073 2589 1196 2630 cum
1224 2589 1290 2628 eo
1341 2582 1524 2639 erant,
1552 2571 1783 2625 seorsim
1810 2572 2046 2640 quisque

472 2676 527 2730 in
563 2671 846 2728 custodias
877 2666 1097 2729 inclusi,
1129 2661 1259 2719 torti
1314 2673 1444 2717 sunt
1503 2673 1561 2717 et
1587 2664 1851 2717 aerumnis
1878 2661 2049 2730 pluri-

469 2766 577 2820 mis
599 2762 801 2827 all‘ecti,
838 2767 898 2813 ut
942 2758 1156 2813 litteras
1207 2754 1478 2825 ﬂagitatus
1513 2751 1849 2824 proferrent.
1887 2753 2049 2808 Post-

472 2873 635 2930 quam
673 2866 854 2910 autem
893 2852 970 2907 illi
1003 2833 1076 2905 se.
1114 2864 1209 2904 eas
1264 2865 1374 2902 non
1441 2848 1596 2915 prius
1650 2844 1880 2901 daturos
1926 2860 2047 2900 esse

472 2954 836 3016 aﬂirmarunt,
874 2960 1039 3017 quam
1082 2944 1481 3013 imperatorem
1512 2938 1803 3002 vidissent,
1857 2945 2049 3008 utpote

471 3047 537 3100 ad
578 3059 705 3099 eum
739 3024 929 3112 legati,
959 3046 1240 3110 postremo
1276 3032 1531 3089 Valerius
1559 3031 1809 3103 quidam,
1857 3046 1922 3083 ex
1969 3030 2050 3083 l‘e-

471 3139 635 3193 ritate
666 3145 720 3190 et
755 3131 1045 3188 temeraria
1080 3127 1314 3183 audacia
1352 3141 1555 3180 nomen
1585 3132 1641 3179 et
1664 3121 2044 3178 celebritatem
2076 3144 2118 3200 ε

471 3244 775 3299 aucupans,
796 3222 1041 3297 episcopi
1066 3222 1256 3287 unius,
1285 3219 1430 3293 apud
1452 3232 1615 3290 quem
1640 3217 1836 3272 littera:
1858 3223 2047 3297 erant,

471 3325 672 3396 pollice
702 3322 900 3385 fracto,
954 3318 1157 3386 scripta
1204 3316 1323 3385 ipsa
1379 3323 1434 3367 et
1483 3312 1704 3366 vaseula
1757 3307 2046 3382 quaedam,

468 3417 662 3471 adbaac
699 3409 968 3483 quidquid
999 3408 1111 3463 illis
1147 3407 1215 3462 ad
1260 3421 1350 3461 res
1388 3402 1735 3459 necessarias
1777 3399 2051 3471 parandas

470 3517 589 3565 erat
614 3507 850 3579 argenti,
903 3503 955 3558 ei
987 3502 1198 3572 eripuit
1250 3498 1357 3555 :id
1414 3499 1559 3568 quod
1617 3495 1709 3551 ille
1765 3509 1877 3549 non
1931 3494 2051 3547 sine

471 3601 717 3670 maligno
747 3596 978 3653 consilto
1009 3594 1164 3659 fecit,
1194 3600 1253 3646 ut
1278 3588 1588 3662 sumptibus
1621 3584 1888 3643 omnibus
1919 3597 2049 3654 spo-

472 3693 615 3759 liati,
675 3690 858 3745 facere
906 3685 1118 3755 aliquid
1172 3683 1274 3746 illi,
1330 3680 1474 3751 quod
1540 3678 1882 3750 prohibitum
1943 3685 2050 3743 est,

474 3782 807 3841 necessitate
831 3779 1213 3847 adigerentur.
1246 3773 1415 3846 418
1441 3771 1719 3828 Postridie
1768 3772 1890 3841 ejus
1938 3770 2049 3825 diei

473 3877 568 3931 alii
601 3871 830 3945 plurimi
864 3869 1100 3935 aﬂuere,
1138 3866 1256 3922 sive
1289 3866 1358 3920 ab
1388 3865 1506 3934 ipsa
1539 3864 1805 3927 Augusta,
1848 3877 1947 3918 seu
1984 3862 2051 3918 ab

473 3968 657 4022 Attico
686 3962 843 4017 missi
893 3978 913 4017 :
977 3960 1071 4030 qui
1128 3958 1198 4014 ab
1257 3956 1371 4012 illis
1418 3956 1723 4027 petierunt,
1756 3961 1818 4009 ut
1874 3954 2052 4008 tribus

476 4058 725 4115 millibus
756 4067 1113 4110 nummorum
1158 4064 1455 4107 aureorum
1500 4049 1764 4119 receptis,
1799 4063 1922 4102 cum
1959 4054 2054 4101 At-

476 4154 585 4205 tico
615 4145 1110 4208 communicarent,
1141 4141 1374 4203 Joannis
1400 4149 1585 4197 autem
1615 4154 1836 4195 causam
1872 4140 2053 4208 despi-

475 4252 686 4300 cerent.
728 4242 849 4297 Hoc
903 4239 982 4299 illi
1051 4252 1109 4292 se
1160 4236 1407 4291 facturos
1470 4248 1696 4305 prorsus
1756 4244 2045 4306 negarunt.

475 4337 690 4395 Accidit
719 4336 872 4391 enim
930 4331 1202 4387 divinitus
1230 4328 1516 4398 quiddam,
1571 4328 1719 4399 quod
1748 4342 1870 4382 eam
1934 4341 2049 4381 rem

477 4426 784 4500 prohibuit.
821 4426 956 4481 Nam
1001 4424 1096 4479 uni
1147 4437 1213 4477 ex
1271 4419 1491 4491 Aimylii
1548 4420 1819 4485 diaconis,
1881 4421 2107 4500 Paulo;

2150 556 2438 628 Δίμύλιον,
2474 553 2883 609 Βενεϐενδοῦὧὲ
2915 547 3067 616 οὗτος
3099 553 3416 633 ἐπίσκοπος,
3450 550 3721 619 Καθήγιόν

2150 665 2209 701 τε
2255 649 2351 703 καὶ
2393 648 2747 710 Γαυδέντιον,
2793 648 2894 702 σὺν
2938 646 3243 715 Οὐαλεντίῳ
3286 645 3381 699 καὶ
3422 644 3720 714 Βονιφατίῳ

2149 742 2263 804 τοῖς
2311 740 2726 811 πρεσϐυτέροις,
2776 740 2842 795 ἑκ
2877 737 3096 809 Ῥώμης
3146 739 3282 810 πρδς
3327 738 3389 790 τὸ
3430 736 3718 801 Βυζάντιον

2150 833 2342 905 ᾔεσαν.
2387 833 2589 886 Εἵπετο
2631 832 2676 885 δ’
2706 831 2892 907 αὐτοῖς
2932 830 3209 901 Κυριακδς
3248 830 3344 884 καὶ
3381 832 3717 899 Δημήτριος,

2152 922 2369 992 σύναμα
2420 922 2705 991 Παλλαδίῳ
2756 923 2850 976 καὶ
2900 919 3190 993 Εὖλυσίῳο
3242 920 3293 974 οῖ
3340 921 3437 991 τῆς
3475 919 3716 974 Ἰωάννου

2153 1015 2373 1087 μερίδος
2416 1015 2589 1079 ὅντες,
2638 1017 2820 1071 ἐκεῖσε
2862 1013 2928 1083 δὴ
2974 1012 3363 1083 παρεγένοντο,
3410 1009 3502 1065 καὶ
3543 1008 3719 1064 πάντα

2150 1106 2380 1170 ἐκείνοις
2417 1106 2889 1179 ῖξετραγῴδησαν.
2929 1106 3057 1160 Ἀνά
3088 1105 3145 1159 δὲ
3175 1104 3274 1176 τὴν
3311 1102 3535 1157 Ἐλλάδα
3565 1102 3718 1172 γενό-

2152 1215 2326 1269 μενοι,
2353 1200 2457 1253 ὑπό
2480 1217 2583 1259 τινι
2609 1199 2941 1269 ὲνεδρεύοντι
2968 1197 3078 1251 τῶν
3103 1197 3402 1269 χιλιάρχων
3424 1197 3505 1259 εις
3531 1196 3718 1266 χεῖρας

2150 1286 2534 1355 ἐμπίπτουσιν.
2573 1288 2709 1343 Οὐδὲ
2748 1287 2860 1358 γὰρ
2900 1283 2968 1357 ἦν
3001 1287 3187 1341 λαθεῖν
3218 1287 3316 1357 τὴν
3352 1284 3716 1356 πονηροτάτην

2149 1379 2426 1448 γυναικῶν
2460 1380 2719 1445 Εύδοξίαν
2751 1381 2821 1435 τά
2851 1380 2949 1452 τῆς
2996 1379 3358 1452 στελλομένης
3401 1377 3713 1449 πρεσϐείας.

2163 1472 2629 1545 Ἀντιτεχνωμένη
2678 1473 2734 1527 δὲ
2778 1476 2843 1545 τῇ
2889 1473 3084 1546 γνώμῃ
3127 1473 3239 1527 τῶν
3282 1469 3717 1526 ἀποστειλάντων

2149 1564 2496 1635 προέφθανεν
2532 1564 3001 1636 ἀντιπράττουσα.
3043 1564 3450 1634 Θεσσαλονίκην
3492 1564 3591 1633 μὲν
3625 1556 3719 1615 οὖν

2149 1656 2210 1709 οὐ
2248 1655 2591 1727 συνεχώρουν
2621 1656 2865 1720 ἐκείνους
2902 1656 3032 1710 ίδεῖν
3056 1670 3071 1685 ⁸
3105 1656 3226 1710 οὐδὲ
3257 1656 3363 1728 γὰρ
3395 1657 3432 1710 ά
3464 1655 3597 1724 πρὶς
3627 1653 3718 1707 τὸν

2149 1747 2368 1813 ἐκείνης
2401 1746 2701 1802 ἐπίσκοπον
2743 1747 2989 1802 ’Δνύσιον
3021 1748 3117 1801 τοῦ
3153 1748 3355 1803 πάππα
3390 1746 3718 1816 ἐπεφέροντο

2151 1837 2480 1909 γράμματα,
2510 1838 2695 1894 δοῦναι
2723 1838 2872 1892 εῖων.
2901 1839 3036 1891 Δνσὶ
3061 1839 3239 1895 τοίνυν
3266 1840 3473 1902 πλοίοις
3500 1838 3717 1901 τούτους

2150 1929 2543 1995 ἐπιϐαλόντες,
2596 1932 2722 1984 ἐπεὶ
2770 1932 2828 1990 ὲς
2879 1932 3209 2002 προάστειον
3254 1932 3353 2003 τῆς
3404 1932 3641 1998 πόλεως,
3686 1930 3718 1984 δ

2161 2020 2397 2091 Ἀθύρας
2428 2020 2708 2087 καλεῖται,
2742 2020 3004 2089 ἔφθανον,
3041 2021 3233 2088 βιαίως
3261 2018 3447 2093 εἶργον
3476 2022 3729 2093 φρουρᾷ,-

2149 2111 2246 2165 ἆτε
2293 2112 2454 2183 δῆθεν
2502 2112 2795 2186 ὑπερόριον
2841 2116 3192 2185 ἐνοχλοῦντας
3240 2117 3446 2187 ἀρχὴν,
3486 2116 3584 2197 ξιαὶ
3628 2116 3719 2169 ἐπὶ

2151 2203 2308 2275 ὕϐρει
2344 2206 2443 2276 τῆς
2478 2206 2664 2263 ἐνθάδε
2699 2206 2978 2277 βασιλείας
3015 2210 3438 2281 γεγενημένους,
3470 2206 3719 2277 διαϐολὴν

2150 2300 2581 2367 κατεσκεύαζον.
2613 2301 2680 2355 Οἶ
2706 2319 2766 2354 τε
2800 2296 2896 2356 οὖν
2928 2301 3230 2371 Ῥωμαῖοι,
3262 2305 3357 2359 καὶ
3390 2305 3439 2357 oi
3471 2302 3600 2372 περὶ
3628 2304 3722 2357 τὸν

2150 2394 2451 2449 ἐπίσκοπον
2476 2395 2759 2466 Κυριακδν
2780 2396 3189 2464 ὲγκλεισθέντες
3214 2398 3403 2469 χωρὶς,
3427 2396 3718 2467 ητάζοντο,

2092 2544 2121 2563 ,ἱ
2150 2487 2244 2541 καὶ
2281 2488 2474 2550 δεινοῖς
2517 2485 2795 2553 πλείστοις
2836 2488 3281 2557 περιεσάλλοντο,
3317 2490 3385 2545 τὰ
3420 2489 3719 2561 γράμματα

2148 2579 2565 2648 ἀπαιτούμενοι.
2601 2566 2701 2643 Ὠς
2728 2579 2773 2633 δ’
2802 2583 3001 2635 ἐκεῖνοι
3032 2577 3095 2634 τὸ
3130 2582 3205 2651 μὴ
3241 2581 3424 2636 δοῦναι
3456 2580 3718 2652 διισχυρί-

2149 2670 2303 2734 ζοντο
2337 2670 2632 2741 πρότερον,
2668 2672 2716 2723 εί
2750 2671 2827 2741 μὴ
2860 2671 3087 2742 βασιλέα
3118 2672 3436 2738 θεάσαιντο,
3467 2672 3719 2741 πρέσϐεις

2148 2763 2302 2826 ὄντες
2322 2803 2337 2826 ,
2366 2762 2517 2824 τέλος
2549 2760 2845 2831 Οὐαλέριός
2876 2781 2959 2827 τις
2989 2767 3054 2817 ἐκ
3086 2763 3384 2835 θηριωδῖας
3414 2766 3506 2817 καὶ
3539 2762 3721 2832 ἰταμό-

2148 2869 2309 2923 τητος
2340 2851 2511 2919 ὄνομα
2542 2851 2723 2922 ἑαυτῷ
2754 2853 3058 2923 περιθεῖναι
3089 2855 3435 2926 βουλόμενος,
3469 2856 3583 2919 ἑνὸς
3610 2855 3718 2909 τῶν

2151 2943 2472 2996 ἐπισκόπων
2495 2942 2587 2996 τὸν
2611 2944 2899 3016 ἀντίχειρα
2921 2947 3221 3012 διακλάσας
3247 2941 3434 3021 παρίἶ)
3457 2950 3522 3003 τά
3543 2949 3717 3020 γράμ-

2156 3053 2299 3107 ματα
2319 3030 2408 3107 ἦν,
2425 3035 2563 3089 αὐτά
2580 3054 2639 3090 τε
2663 3037 2916 3106 ἀφείλετο
2937 3039 3004 3092 τὰ
3030 3040 3258 3107 πυκτία,
3276 3042 3368 3095 καί
3388 3060 3508 3096 τινα
3529 3042 3717 3113 σκεύη.

2151 3128 2244 3181 καὶ
2286 3130 2385 3181 ὅσα
2427 3129 2491 3199 δὴ
2541 3130 2677 3199 προς
2721 3128 2924 3200 ὣνησιν
2969 3131 3075 3185 τῶν
3122 3134 3444 3201 ἐπιτηδείων
3484 3136 3723 3207 ἀργύρια

2151 3216 2311 3295 ἦσαν,
2347 3223 2447 3275 οὐκ
2482 3221 2590 3276 ἄπο
2639 3224 2736 3277 καὶ
2767 3224 2927 3279 τοῦτο
2964 3229 3208 3301 πονηρᾶς
3244 3227 3470 3299 γνώμης
3499 3229 3725 3300 διαπρισ-

2142 3303 2421 3384 ξάμενος,
2453 3315 2542 3369 ῖνα
2568 3314 2678 3369 τῶν
2706 3317 2843 3385 πρδς
2873 3317 3067 3388 χρείαν
3096 3319 3296 3385 ἐνδεεῖς
3323 3321 3721 3387 καταστάπες,

2152 3407 2359 3479 πρᾶξαί
2386 3425 2438 3461 τι
2466 3407 2578 3461 τῶν
2607 3410 3085 3479 ἀπηγορευμένων
3110 3412 3536 3482 ἀναγκασθεῖεν.
3560 3412 3638 3483 Τῇ
3665 3413 3723 3466 δδ

2151 3495 2414 3567 ὑστεραίᾳ
2443 3494 2593 3550 ἄλλοι
2616 3513 2676 3549 τε
2707 3497 2954 3551 πλεῖστοι
2985 3499 3267 3571 παρῆσαν,
3295 3503 3393 3557 εἰτ’
3412 3506 3476 3558 έκ
3500 3503 3597 3574 τῆς
3625 3503 3724 3574 βα-

2153 3588 2370 3653 σιλίδος,
2404 3589 2516 3649 εἴτε
2547 3591 2642 3642 καὶ
2667 3589 2800 3662 παρ’
2824 3591 2988 3645 αὐτοῦ
3019 3592 3084 3663 δὴ
3115 3593 3458 3664 πεμφθέντες
3484 3593 3577 3649 τοῦ
3607 3596 3724 3649 ’Δτ-

2150 3679 2306 3734 τικοῦ
2332 3696 2345 3711 ⁸
2374 3679 2425 3734 οῖ
2453 3679 2548 3733 καὶ
2578 3680 2785 3748 ἠξίουν,
2814 3681 3149 3751 τρισχιλίους
3180 3682 3439 3745 λαϐόντας
3467 3681 3719 3754 χρυσοῦς,

2152 3771 2480 3840 κοινωνῆσαι
2514 3769 2614 3840 μὲν
2649 3771 2905 3841 Ἀττικῷ,
2935 3771 3036 3842 τῆς
3069 3771 3127 3826 δὲ
3162 3774 3410 3829 Ἰωάννου
3439 3774 3594 3844 δεκης
3621 3790 3721 3831 κα·

2153 3868 2443 3936 τάφρονεῖν
2468 3881 2483 3898 ο
2527 3865 2655 3928 τοὺς
2696 3866 2751 3920 δὲ
2794 3871 3029 3939 πάμπαν
3071 3871 3469 3943 ἀπαγορεῦσαι.
3514 3872 3721 3942 Συνέϐη

2152 3961 2333 4031 γάρτι
2366 3959 2462 4013 καὶ
2494 3958 2767 4029 θειότερον
2803 3955 3012 4032 εἶργον,
3051 3963 3198 4035 μάλα
3223 3965 3323 4035 τὴν
3357 3966 3575 4036 πρᾶξιν.
3612 3964 3723 4020 Ἑνὶ
3776 4031 3783 4036 _

2152 4050 2263 4117 γὰρ
2305 4047 2413 4099 τῶν
2457 4048 2726 4118 Δῖμυλίου
2772 4050 3070 4118 διακόνων,
3122 4053 3318 4125 Παύλῳ
3358 4054 3455 4127 τὴν
3499 4055 3719 4125 κλῆσιν,

2156 4139 2396 4211 σώφρονι
2421 4140 2516 4193 καὶ
2545 4141 2751 4211 μετρίῳ
2777 4142 2951 4212 ἀνδρὶ,
2976 4144 3070 4196 τὸν
3096 4146 3238 4199 θεῖον
3265 4148 3557 4201 ἀπόστολον
3586 4148 3725 4201 Παῦ-

2153 4234 2247 4285 λον
2271 4234 2605 4303 ἐπιφανέντα
2628 4237 2804 4288 εἰπεῖν
2825 4235 3043 4305 λέγεται
3064 4253 3076 4265 ·
3111 4258 3131 4291 ι
3162 4240 3402 4294 Βλέπετε
3429 4243 3543 4306 πῶς
3569 4244 3724 4313 ἀκρι-

2155 4325 2267 4387 ϐῶς
2309 4328 2704 4398 περιπατεῖτεο
2738 4328 2794 4380 ai
2835 4327 3038 4399 ἡμέραι
3077 4329 3188 4403 γάρ
3230 4333 3497 4402 πονηραί’
3542 4350 3561 4383 ι
3598 4331 3724 4396 ἴσως

2155 4418 2255 4488 τὴν
2284 4419 2673 4489 ὑπεσχημένην
2700 4419 2919 4492 ἀπάτην
2944 4422 3230 4492 ἐπέχοντα.
3261 4422 3352 4494 Μὴ
3378 4423 3475 4494 τὴν
3501 4424 3723 4494 εἰσήγη-

476 4521 722 4585 nomine,
754 4519 876 4573 viro
906 4525 1059 4572 casto
1082 4526 1137 4570 et
1172 4514 1478 4579 moderato,
1518 4512 1704 4568 divum
1727 4513 2051 4583 Apostolum

2162 4528 2245 4564 σιν
2274 4514 2455 4566 τοίνυν
2486 4490 2924 4581 εἰσδεξαμένων,
2955 4490 3091 4568 ἀλλά
3121 4514 3223 4586 τὴν.
3249 4516 3309 4578 ές
3340 4490 3557 4586 ἱΡώμην

475 4615 706 4670 Paulum
730 4619 1085 4683 apparentem
1112 4606 1319 4664 dixisse
1349 4605 1537 4663 ferunt
1577 4622 1592 4659 :
1635 4623 1654 4657 ι
1697 4604 1893 4660 Videte
1917 4618 2047 4673 quo-

476 4707 639 4763 modo
681 4711 935 4760 accurate
966 4706 1087 4773 (seu
1116 4696 1538 4768 circumspecte)
1567 4694 1885 4759 ambuletis,
1934 4694 2054 4749 dies

474 4797 623 4854 enim
653 4796 782 4851 mali
830 4801 996 4857 sunt;
1036 4810 1054 4844 ι
1116 4790 1443 4862 promissam
1485 4788 1629 4844 forte
1676 4786 1929 4842 fraudem
1970 4785 2053 4841 sic

477 4888 836 4942 inhibentem.
906 4882 1167 4938 Sedenim
1198 4897 1324 4936 cum
1380 4881 1456 4934 illi
1491 4879 1915 4951 promissionem
1953 4892 2051 4931 seu

474 4980 844 5038 conditionem
873 4978 1114 5033 oblatam
1166 4992 1276 5031 non
1310 4975 1645 5045 reciperent,
1678 4972 1774 5027 sed
1809 4971 2049 5026 reditum

477 5076 531 5128 in
577 5073 878 5129 Romanam
920 5070 1109 5123 urbem
1146 5067 1405 5136 precibus
1437 5072 1732 5134 peterent:
1772 5062 2049 5127 Valerius,

476 5165 567 5231 qui
618 5161 898 5232 egregium
938 5157 1071 5213 illud
1122 5155 1223 5210 viri
1271 5154 1466 5224 optimi
1509 5153 1728 5207 facinus
1773 5152 1825 5207 in
1853 5152 2052 5223 pollice

480 5255 733 5326 patravit,
761 5252 827 5307 ad
860 5252 998 5306 male
1023 5248 1295 5321 agendum
1321 5256 1603 5306 strenuus,
1632 5246 1782 5316 putri
1811 5246 2049 5315 cuipiam

475 5358 528 5401 et
559 5354 828 5401 vetustate
864 5341 1117 5413 squalido
1156 5339 1375 5409 navigio
1421 5353 1517 5391 eos
1548 5337 1897 5401 commissos,
1929 5338 2049 5397 esi-

478 5439 611 5490 tium
644 5435 725 5487 eis
757 5438 976 5487 struens
999 5429 1277 5490 videlicet,
1326 5428 1555 5481 Romam
1611 5428 1814 5481 reverti
1859 5427 2049 5499 jussit.

476 5528 553 5581 illi
586 5539 711 5580 cum
748 5541 967 5581 summo
1009 5520 1254 5592 periculo
1307 5521 1646 5589 navigantes,
1689 5535 1831 5590 πει-ο
1889 5520 2052 5574 Lam-

478 5633 698 5689 psacum
760 5617 1111 5685 appulerunt.
1164 5613 1297 5667 lude
1355 5629 1476 5664 nan
1535 5622 1763 5677 mutata,
1807 5622 2089 5683 quatuor~

476 5712 755 5767 mensibus
828 5709 1028 5778 elapsis
1101 5708 1325 5762 Romani
1407 5723 1731 5776 pervenere.
1802 5716 1857 5759 ιιι
1908 5709 2051 5777 apud

464 5786 854 5858 innocentium
906 5817 1096 5869 papam
1133 5800 1410 5870 sigilhlim
1466 5816 1587 5871 qtae
1634 5802 1715 5854 eis
1769 5802 2047 5865 accidere,

2158 4603 2458 4657 δολούντων
2484 4603 2768 4666 ἐπάνοδον,
2799 4603 3128 4675 Οὐαλλέριος
3158 4609 3183 4658 ὁ
3211 4606 3272 4658 τὸ
3301 4607 3398 4658 τοῦ
3430 4606 3728 4677 ἀντίχειρος

2157 4695 2579 4767 ἀριστούργημα
2616 4696 3140 4767 διαπεπραγμένος,
3176 4696 3348 4760 δεινὸς
3386 4696 3461 4750 ὢν
3494 4698 3589 4750 καὶ
3629 4713 3726 4750 κα-

2154 4791 2461 4860 κουργῆσαι
2486 4829 2500 4854 ,
2538 4787 2733 4860 σαπρῷ
2758 4798 2871 4842 ’τινι
2906 4788 3004 4841 καὶ
3035 4789 3374 4859 γεγηρακότι
3407 4788 3574 4861 πλοίῳ
3604 4787 3728 4842 τού-

2156 4896 2283 4941 τους
2312 4879 2637 4944 πιστεύσας,
2666 4880 2741 4943 ώς
2773 4880 2839 4933 ἂν
2871 4880 3131 4950 πρόνοιαν
3163 4880 3441 4943 ἀπωλείας
3470 4895 3728 4950 πραγμα⁴

2156 4974 2453 5042 τευόμενος
2473 5013 2487 5037 ,
2518 4974 2658 5042 πρὸς
2684 4973 2784 5043 τὴν
2824 4971 3043 5042 Ῥώμην
3073 4972 3376 5041 ἀνάγεσθαι
3412 4971 3723 5042 παρηγγύα.

2158 5066 2268 5119 Καὶ
2297 5064 2361 5135 δὴ
2393 5064 2470 5133 τῷ
2501 5064 2619 5136 πλῷ
2647 5067 2704 5117 ιν
2737 5063 2856 5136 χρῷ
2887 5064 3134 5117 κινδύνου
3171 5063 3325 5132 μόλις
3350 5065 3413 5132 τῇ
3445 5061 3728 5131 Λαμψάκῳ

2157 5158 2452 5227 προσσχεῖν
2468 5155 2768 5223 ἐξεγένετο.
2784 5156 3030 5210 Ἐκεῖθεν
3042 5156 3096 5208 δὲ
3113 5156 3174 5208 τὸ
3189 5156 3414 5209 ἀκάτιον
3430 5153 3729 5224 ἀμειψάμε-

2156 5266 2258 5312 νοι,
2308 5250 2587 5317 τεττάρων
2638 5249 3056 5319 παρῳχηκότων
3112 5249 3321 5317 μηνῶν,
3373 5247 3473 5317 τὴν
3509 5246 3728 5314 Ῥώμην

2157 5340 2456 5395 κατέ)αὸον
2485 5354 2497 5367 ·
2532 5342 2628 5393 καὶ
2666 5339 2999 5411 ’ίννοκεντίῳ
3028 5339 3107 5409 τῷ
3137 5340 3339 5412 πάππε(⁸
3368 5338 3729 5409 έμφανισθέν-

2153 5452 2267 5497 τες,
2299 5434 2442 5486 κατὰ
2479 5436 2646 5504 μέρος
2676 5435 2746 5487 τά
2779 5434 3133 5503 συμπεσόντα
3168 5434 3524 5505 ἀνήγγελλον,
3562 5432 3728 5503 μηδὲν

2156 5526 2383 5590 εἰδότες,
2430 5527 2483 5579 εί
2524 5545 2577 5579 τι
2627 5526 2691 5597 δὴ
2735 5529 2847 5591 τοῖς
2899 5528 3024 5595 περὶ
3080 5526 3353 5595 κυριακὸν
3398 5525 3685 5593 ἐπεγένετο
3713 5538 3729 5555 ⁸

2157 5621 2292 5673 άλλά
2326 5620 2459 5691 μηδὲ
2496 5623 2626 5689 περὶ
2650 5620 2903 5676 Ἰωάννου
2923 5661 2940 5689 ,
2971 5622 3000 5674 ὅ
3029 5637 3081 5676 τι
3110 5621 3175 5689 δὴ
3205 5621 3355 5690 αὐτῷ
3386 5618 3585 5689 συνέϐη
3623 5636 3729 5687 μα·-

2158 5710 2271 5763 Θεῖν
2308 5713 2709 5781 ἑξισχύσαντες.
2747 5713 2815 5764 Ἀ
2851 5711 2915 5783 δὴ
2948 5713 3038 5766 τὸν
3073 5713 3282 5782 νωθρὸν
3309 5711 3593 5782 Ἀρκάδων
3623 5710 3731 5764 διε·

2157 5802 2402 5874 λάμϐα.ε
2434 5806 2607 5873 τέως,
2642 5806 2715 5870 ὡς
2753 5803 2984 5876 ὕστερον
3019 5805 3229 5875 ὑπῆρξε
3265 5789 3480 5874 μαθεῖν.
3510 5802 3633 5857 Ἐπὶ
3666 5802 3729 5872 δὴ
