4044 6462
505 355 645 422 1039

1726 354 2147 417 NlCEPHORI
2190 357 2276 416 CA
2286 353 2539 417 LLISTI

3640 351 3768 419 1040

503 470 701 526 scitote
750 483 859 522 non
911 472 1139 537 parvum
1189 466 1242 521 id
1278 466 1436 522 vobis
1498 477 1779 536 peccatum
1833 468 1973 535 fore,
2028 470 2082 523 in

2192 469 2292 540 μὲν
2325 470 2387 521 οὐ
2431 467 2631 538 μικρὸν
2667 465 2793 534 ὑμῖν
2827 464 2885 517 τὸ
2924 463 3231 536 ἁμάρτημα
3271 464 3576 534 γενήσεται
3619 465 3677 519 ὲν
3705 470 3766 538 τῇ

505 563 785 618 horrenda
834 562 927 616 illa
967 560 1165 633 judicii
1212 560 1351 616 die:
1401 576 1524 616 cum
1581 562 1860 616 neminem
1918 563 2084 632 hujus

503 653 634 708 vita:
687 651 869 706 honor
915 660 974 706 et
1021 648 1260 721 dignitas
1306 650 1570 721 adjuvare
1619 650 1845 720 poterit,
1881 665 2080 705 arcana

506 753 691 799 autem
719 755 773 800 et
800 743 984 799 abdita
1015 742 1266 797 cordium
1292 744 1395 797 sub
1421 742 1614 798 oculos
1635 743 1879 797 omnium
1905 741 2087 796 eﬂ'un-

507 837 712 894 dentur
733 846 899 907 atque
927 836 1362 891 exhibebuutur.
1410 835 1723 900 Arsacium,
1778 849 1942 904 quem
1985 849 2084 904 pro

508 947 707 1000 magno
742 931 954 986 Joanne
1002 930 1059 984 in
1098 930 1358 983 thronum
1411 928 1784 999 episcopalem
1820 926 2086 997 produxi-

507 1023 629 1088 stis,
657 1023 823 1077 etiam
860 1031 985 1092 post
1045 1021 1260 1076 obitum
1303 1029 1750 1085 exauctoramus,
1812 1034 1918 1073 una
1960 1033 2085 1073 cum

506 1114 766 1169 omnibus
826 1114 922 1183 qui
998 1112 1253 1167 consulto
1307 1125 1432 1165 cum
1484 1126 1551 1165 eo
1603 1110 2087 1165 communicarunt

506 1204 817 1274 cpiscOpis,
849 1204 1011 1273 cujus
1048 1203 1216 1258 etiam
1249 1216 1453 1257 nomen
1488 1217 1647 1256 sacro
1693 1201 2083 1271 episcoporum

506 1297 634 1352 albo
668 1313 777 1351 non
828 1296 1189 1351 inscribatur.
1241 1294 1508 1363 Indignus
1554 1293 1702 1348 enim
1750 1307 1817 1347 eo
1876 1292 2087 1346 honore

506 1399 615 1453 est,
653 1389 829 1458 utqui
857 1389 1238 1457 episcopatum
1272 1388 1426 1457 quasi
1472 1386 1748 1441 adulterio
1801 1384 2084 1454 polluerit.

506 1481 700 1536 Omnis
739 1481 1012 1549 siquidem
1054 1479 1339 1549 plantatio,
1378 1494 1500 1548 qua:
1525 1494 1555 1532 a
1595 1477 1754 1531 Patre
1794 1487 1984 1531 nosrro
2028 1475 2086 1529 in

507 1574 663 1629 cmlis
695 1573 940 1642 plantata
968 1587 1079 1625 non
1110 1581 1214 1634 est,
1260 1570 1634 1627 eradicabitur
1666 1570 1703 1622 ί.
1758 1568 1839 1623 Ad
1900 1567 2086 1622 Theo-

509 1665 648 1736 phili
699 1663 1117 1735 abrogationem
1153 1661 1408 1716 addimus
1437 1660 2083 1727 cxcommunicationem,

508 1756 1032 1811 anathematismum
1088 1765 1146 1811 et
1202 1755 1511 1810 absolutam
1552 1769 1583 1809 a
1655 1752 2086 1809 Cbristianismo

2189 562 2402 634 φοϐερᾷ
2421 559 2718 633 ἡμέρᾳτῆς
2739 558 2998 627 κρίσεως,
3018 559 3139 611 οῦτε
3158 559 3218 611 οὐ
3235 558 3540 628 δυνήσεται
3559 557 3769 628 ἀξίωμα

2191 654 2448 724 βιωτικόν
2475 669 2599 706 τινα
2627 650 2908 724 ὠφελῆσαι
2928 669 2943 685 ο
2978 650 3201 704 ἐκείνων
3230 649 3285 703 δὲ
3315 648 3392 704 τὰ
3425 650 3580 714 ὲντὺς
3613 652 3771 720 ὲκχυο

2189 747 2450 817 θήσονται
2487 746 2623 816 πρὸς
2661 746 2967 815 ὑπόδειγμα
3001 745 3242 799 πάντων.
3286 742 3593 813 Ἀρσάκιον
3627 743 3682 797 δὲ
3716 743 3770 796 δν

2188 836 2516 909 είσηγάγετε
2559 839 2637 901 είς
2672 838 2765 892 τὸν
2802 837 2991 907 θρόνον
3025 837 3125 906 τῆς
3168 836 3480 903 ἐπισκοπῆς
3525 836 3647 889 ἀντὶ
3679 837 3770 889 τοῦ

2190 927 2431 995 μεγάλου
2468 928 2747 994 Ἰωάννου,
2791 929 2884 981 καὶ
2931 928 3072 999 μετὰ
3113 928 3340 980 θάνατον
3391 926 3768 996 καθαιροίμεν

2189 1018 2287 1072 σὺν
2319 1022 2454 1073 πᾶσι
2485 1023 2596 1082 τοῖς
2632 1020 3140 1090 συγκοινωνήσασιν
3172 1007 3321 1090 αῦτῷ
3356 1019 3626 1089 προθέσει
3658 1020 3770 1071 ἐπι-

2191 1111 2414 1174 σκόποις
2444 1128 2456 1141 ·
2490 1103 2699 1175 οὗτινος
2731 1111 2869 1181 μηδὲ
2896 1111 2955 1164 τὸ
2986 1109 3157 1181 ὄνομα
3183 1110 3533 1180 ὲγγραφήτω
3558 1111 3670 1172 τοῖς
3704 1109 3773 1162 ἱε-

2192 1206 2301 1273 ροῖς
2328 1203 2616 1274 διπτύχοις
2638 1220 2653 1236 ·
2684 1203 2902 1269 ἀνάξιος
2929 1204 3036 1272 γάρ
3064 1203 3213 1255 ἐστιν
3238 1202 3312 1264 ὡς
3345 1200 3653 1271 μοιχεύσας
3677 1202 3768 1269 τὴν

2188 1297 2496 1368 ἐπισκοπὴν
2520 1313 2533 1328 ·
2567 1297 2720 1350 πᾶσα
2752 1296 2861 1366 γὰρ
2893 1293 3093 1364 φυτεία
3131 1293 3206 1364 μὴ
3243 1293 3589 1361 φυτευθεῖσα
3626 1292 3770 1363 παρὰ

2188 1390 2280 1444 τοῦ
2320 1389 2532 1460 Πατρδς
2567 1390 2727 1460 ἡμῶν
2766 1388 2856 1442 τοῦ
2894 1391 2952 1443 ὲν
2985 1389 3263 1459 οὐρανοῖς,
3302 1385 3763 1458 ὲκριζωθήσεται.

2160 1482 2606 1552 ⁶Προστιθέμεθα
2655 1486 2721 1553 τῇ
2772 1481 3095 1550 καθαιρέσει
3144 1480 3415 1549 Θεοφίλου
3466 1476 3769 1549 ἀφορισμδν

2189 1576 2287 1628 καὶ
2331 1574 2801 1645 ἀναθεματισμδν,
2844 1577 2941 1629 καὶ
2976 1573 3190 1628 τελείαν
3233 1572 3602 1642 ἀλλοτρίωσιν
3643 1573 3769 1641 Χρι-

2190 1664 2535 1737 στιανισμοῦ.
2585 1685 2604 1719 ι
2648 1665 2887 1720 Τοιαῦτα
2933 1665 3034 1736 μὲν
3071 1668 3100 1720 ὁ
3134 1665 3495 1726 Ἰννοκέντιος
3539 1663 3769 1733 ἔγραφεν

2193 1757 2336 1829 ὑπὲρ
2370 1759 2623 1813 Ἰωάννου
2649 1756 3097 1829 διαμαχόμενος·
3123 1757 3223 1810 οὐκ
3247 1755 3355 1820 ἔξω
3385 1755 3577 1827 μέντοι
3600 1753 3766 1816 αίτίας

508 1848 922 1904 alienationem.
954 1866 974 1899 ι
1009 1846 1139 1902 Haec
1169 1847 1524 1903 Innocentius
1567 1860 1669 1916 pro
1719 1845 1930 1911 Joanne
1984 1859 2087 1914 pu-

2192 1816 2371 1906 ἐποίει
2416 1851 2514 1906 καὶ
2552 1816 2803 1907 Ἀττικδν
2826 1816 2968 1921 ”μὲτ’
2998 1816 3305 1920 ’Ᾰρσάκιον-
3337 1816 3421 1916 τά)
3465 1849 3644 1920 θρόνῳ
3679 1844 3765 1899 τοῦ

508 1956 683 2011 gnans
734 1939 985 2010 scripsit.
1035 1938 1228 2009 Neque
1272 1954 1406 1995 vero
1460 1940 1627 1994 etiam
1676 1937 1946 2002 Atticum,
1990 1935 2084 2006 qui

510 2042 634 2103 post
668 2032 957 2089 Arsacium
988 2033 1250 2086 thronum
1279 2029 1459 2101 magni
1493 2029 1639 2084 illius
1659 2027 1948 2091 involavit,
1977 2042 2087 2081 non

509 2128 808 2185 accusavit.
851 2127 1058 2183 Verum
1091 2134 1235 2180 utea
1268 2139 1357 2181 res
1415 2122 1724 2194 composita
1754 2130 1944 2192 postea
1990 2120 2086 2187 sit,

509 2220 747 2277 historia
767 2220 891 2277 loco
922 2233 1025 2276 suo
1060 2217 1339 2274 ostendet.

1042 2376 1272 2436 CAPUT
1339 2376 1558 2435 XXXV.

513 2496 588 2550 De
610 2496 910 2550 incursione
938 2494 1170 2565 gentium
1194 2493 1622 2565 barbararumin
1645 2492 1777 2563 ﬁnes
1799 2488 2086 2565 Romanos,

580 2583 641 2620 eo
690 2560 1158 2633 tempore'facta:
1212 2565 1346 2617 etde
1384 2564 1598 2633 exortis
1646 2560 1923 2632 tyrannis,
1975 2560 2091 2616 Sti-

581 2638 770 2700 Jicone,
811 2631 1086 2699 Atariclw,
1127 2632 1328 2699 Attalo,
1366 2631 1536 2695 Sara,
1568 2642 1617 2686 et
1651 2631 1815 2687 aliis:
1852 2642 1902 2685 et
1932 2643 1989 2686 ut
2023 2634 2088 2685 ab

579 2707 835 2761 Atartcho
856 2703 1026 2758 Roma
1054 2707 1121 2758 sit
1145 2714 1304 2774 capta
1328 2721 1347 2758 :
1372 2717 1422 2758 et
1451 2704 1515 2756 de
1540 2703 1786 2773 formosa:
1812 2704 2089 2774 cujusdam

583 2777 838 2832 Romana:
871 2774 1106 2830 mulieris
1132 2776 1402 2831 castitate.

586 2933 794 2989 Eadem
821 2930 1353 3004 tentpestate,sicuti
1387 2932 1440 2986 in
1503 2931 1760 2986 omnibus
1805 2929 2095 2999 episcopo-

513 3044 632 3082 rum
659 3025 1097 3082 dissensionibus
1125 3025 1371 3094 reperire
1403 3033 1507 3088 est,
1543 3038 1629 3078 res
1657 3022 1822 3076 etiam
1862 3018 2094 3090 publicae

2194 1944 2436 2014 μεγάλου
2479 1945 2985 2016 ὲπεισπηδήσαντα.
3011 1940 3156 1997 Ἀλλ’
3183 1942 3334 2005 ὅπως
3374 1940 3556 1994 ταῦτα
3599 1940 3765 2011 χρῦνιρ

2190 2035 2421 2104 ὕστερον
2451 2034 2788 2101 διαλέλυται,
2818 2036 2853 2106 ἡ
2887 2033 3121 2105 καθεξῆς
3152 2033 3371 2104 ἱστορία
3401 2033 3657 2105 δηλώσει.

2644 2218 2686 2228 σοι

2775 2379 3029 2434 ΚΕΦΔΛ.
3060 2375 3183 2432 ΛΕ’.

2192 2500 2333 2569 Περὶ
2358 2498 2690 2569 ἐπιδρομῆς
2727 2496 2917 2553 ἐθνῶν
2953 2495 3285 2569 τηνικαῦτα
3318 2496 3758 2569 γεγενημένης-ο

2262 2566 2363 2625 καὶ
2393 2570 2529 2639 περὶ
2559 2566 2679 2623 τῶν
2698 2567 3175 2639 ἐπαναστάντων
3196 2566 3536 2639 τυράννων,
3569 2567 3760 2639 Steti—

2264 2635 2482 2711 χωνοςξ
2521 2639 2773 2711 ’,Αλλαρί
2776 2656 2917 2711 xcv,
2933 2636 3238 2701 Ἀττάλου,
3266 2638 3499 2711 ζῴου,
3526 2638 3622 2690 καὶ
3651 2635 3759 2711 aut:

2256 2704 2414 2780 βωιν
2436 2704 2547 2780 vetat
2590 2710 2672 2780 ὡς
2708 2704 2876 2761 ’ἑάλω
2905 2707 3236 2780 Ἀλλᾳρζχφ
3274 2707 3330 2780 ἡ⁸
3355 2704 3368 2707 ⁷
3389 2710 3401 2726 ⁸
3407 2706 3586 2780 Βώμη
3615 2724 3630 2739 .
3675 2704 3761 2759 και

2264 2776 2398 2847 περὶ
2432 2779 2544 2850 τῆς
2592 2777 2912 2848 σώφρονος
2939 2777 3011 2831 ἐν
3051 2776 3248 2846 Ῥώμῃ
3295 2776 3526 2847 ὡραίας
3574 2776 3762 2847 furat-

2263 2853 2393 2917 κός.

2267 2946 2402 3014 Περὶ
2440 2943 2500 2997 δὲ
2532 2942 2725 2998 τοῦτον
2756 2941 2849 2997 τὸν
2882 2941 3108 3014 χρόνον,
3139 2943 3215 3006 ὡς
3257 2941 3476 2997 ἐπίπαν
3506 2942 3655 2995 ἔστιν
3684 2938 3762 2993 εὕ-

2198 3041 2313 3108 ρεῖν
2343 3038 2462 3101 ταῖς
2495 3036 2604 3089 τῶν
2640 3035 2803 3107 ἱερῶν
2831 3035 3157 3106 διχονοίαις,
3190 3034 3288 3088 καὶ
3316 3036 3395 3091 τά
3428 3034 3586 3089 κοινά
3617 3030 3760 3102 θορύ-

514 3120 848 3176 tumultibus
903 3127 1033 3173 sunt
1088 3118 1333 3187 repletae.
1379 3114 1565 3170 Ilunni
1606 3128 1845 3182 namque
1892 3110 2090 3165 Istrum

2196 3129 2309 3183 ϐων
2340 3128 2521 3200 πλήρη
2546 3128 2919 3200 γεγενημένα.
2952 3125 3145 3181 Οῦννοι
3178 3127 3280 3197 μιν
3307 3129 3428 3200 γὰρ
3452 3127 3547 3181 τὸν
3572 3126 3763 3193 Ἰστρον

515 3212 870 3285 tranSgressi,
957 3209 1255 3265 Thraciam
1322 3216 1606 3263 vastantes
1670 3209 2088 3276 percurrerunt,

515 3308 750 3363 lluldam
801 3306 879 3377 (1)
934 3304 1131 3359 ducem
1175 3301 1473 3357 habentes.
1519 3301 1588 3355 Et
1635 3296 1833 3353 Isauri.
1863 3294 2089 3365 quidam

513 3400 800 3469 pradones
821 3411 1086 3468 perquam
1126 3394 1248 3458 feri,
1283 3393 1487 3463 ingenti
1517 3399 1706 3446 coacta
1738 3386 2093 3443 multitudine

514 3492 856 3548 l’bteniciam
885 3500 1053 3559 atque
1093 3486 1336 3549 Cariam,
1365 3492 1421 3539 et
1473 3497 1596 3553 qua:
1639 3481 1696 3536 in
1747 3481 1929 3537 medio
1975 3480 2094 3537 sitae

512 3595 646 3640 sunt
698 3584 885 3648 nrbes,
939 3577 1364 3637 excursionibus
1418 3575 1792 3645 extremisque
1839 3571 2094 3630 cladibus

511 3684 802 3732 vexarunt.
832 3674 1029 3730 Stilico
1053 3685 1298 3743 quoque,
1331 3666 1559 3723 Honorii
1607 3680 1787 3732 socer,
1818 3679 2095 3736 opumque

512 3779 569 3825 et
616 3769 900 3839 copiarum
959 3767 1106 3821 illius
1165 3765 1415 3820 omnium
1473 3761 1625 3829 dux,
1671 3759 1759 3815 vir
1818 3772 2092 3822 summus,

514 3861 680 3917 simul
732 3870 789 3915 et
836 3861 1210 3915 Romanorum
1260 3866 1316 3911 et
1365 3852 1727 3909 barbarorum
1788 3851 1861 3906 ad
1924 3864 2096 3907 novas

517 3970 606 4009 res
673 3953 1043 4023 spectantium
1118 3948 1305 4006 studia
1361 3946 1468 4003 sibi
1524 3945 1816 4001 conciliata
1859 3943 2091 4006 habens.

514 4062 640 4102 cum
702 4043 975 4115 pra-lectis
1024 4056 1215 4097 eorum
1274 4040 1423 4110 egit,
1483 4047 1538 4093 et
1593 4036 1939 4092 committere
2010 4034 2096 4089 itt-

516 4151 603 4194 tcr
638 4152 696 4193 se
752 4137 1126 4205 imperatores
1179 4130 1430 4186 tentavit.
1474 4127 1652 4198 Atque
1682 4126 1799 4190 ubi,
1858 4137 1922 4197 ut
1965 4125 2095 4180 Ala-

518 4230 674 4284 ricbo
745 4225 1080 4282 Gotthorum
1156 4222 1285 4277 duci
1343 4221 1722 4276 ducendarutn
1817 4220 2100 4275 Romana-

516 4338 638 4377 rum
671 4320 957 4390 capiarum
988 4314 1232 4387 dignitas
1277 4313 1640 4379 tribueretur,
1695 4309 1959 4381 suffragio
1993 4324 2095 4365 suo

512 4415 723 4479 ell‘ecit,
787 4416 840 4467 in
882 4409 1129 4481 Illyricos
1179 4407 1392 4462 movit:
1428 4414 1484 4462 et
1528 4421 1596 4462 eo
1641 4403 1861 4461 Jovium
1899 4418 2096 4472 quem-

2195 3220 2718 3291 διαπεραιωθέντες,
2761 3220 2862 3287 τὴν
2905 3219 3132 3289 Θρᾴκην
3170 3217 3439 3291 δῃοῦντες
3482 3216 3760 3276 κατέθεον,

2193 3311 2503 3382 ἡγούμενον
2535 3309 2745 3380 Οῦλδην
2777 3308 3013 3380 ἔχοντες.
3047 3307 3285 3377 Ἰσαυροὶ
3316 3308 3381 3362 δὲ
3414 3306 3607 3380 λῃσταί
3633 3317 3761 3361 τινες

2194 3402 2482 3476 θηριώδεις
2510 3404 2569 3466 ὲς
2599 3401 2735 3456 πολύ
2763 3418 2818 3454 τι
2846 3399 3055 3471 πλῆθος
3084 3399 3496 3472 ἁθροισθέντες,
3524 3396 3760 3464 Φοινίκην

2193 3513 2254 3549 τε
2290 3496 2385 3549 καὶ⁸
2417 3493 2633 3567 Καρίαν
2665 3494 2762 3547 καὶ
2791 3492 2893 3556 τὰς
2925 3495 2986 3546 έν
3022 3493 3177 3562 μέσῳ
3207 3491 3420 3546 τούτων
3442 3489 3621 3551 πόλεις
3643 3501 3760 3539 κατ-

2199 3588 2458 3659 έδραμον,
2501 3584 2944 3657 κακουργοῦντες
2983 3584 3054 3639 τά
3089 3585 3320 3655 ἔσχατα.
3360 3586 3469 3638 Καὶ
3511 3580 3759 3649 Στελίχων

2208 3680 2471 3751 Ὀνωρίου
2500 3679 2601 3750 μὲν
2626 3678 2918 3750 κηδεστὴς,
2942 3677 3004 3734 οὐ
3033 3679 3140 3749 μὴν
3160 3675 3208 3731 δ’
3231 3676 3371 3731 ἀλλὰ
3395 3678 3488 3731 καὶ
3511 3673 3608 3744 τῆς
3631 3667 3760 3724 ὲκεί-

2195 3789 2288 3826 νου
2332 3772 2513 3843 πάσης
2556 3769 2843 3842 δυνάμεως
2880 3770 3273 3839 ἐξηγούμενος,
3309 3768 3454 3840 ἀνὴρ
3496 3760 3760 3832 διαφερόν-

2195 3882 2305 3929 τως
2341 3864 2517 3936 μέγας
2550 3848 2864 3934 γενόμενος,
2899 3860 2963 3915 τὸ
2994 3862 3150 3931 παρὰ
3181 3859 3480 3928 Ῥωμαίοις
3511 3855 3605 3910 καὶ
3637 3853 3760 3923 βαρ-

2197 3958 2391 4028 ϐάροις
2431 3953 2752 4024 νεωτερίζον
2791 3952 2933 4023 ἔχων
2971 3951 3315 4023 πειθόμενον,
3355 3952 3473 4014 τοῖς
3515 3947 3760 4018 ἄρχουσιν

2178 4047 2426 4101 -ὲκείνων
2459 4046 2539 4108 είς
2577 4044 2771 4110 λόγους
2813 4043 3020 4111 ἐλθὼν,
3059 4041 3393 4114 συγκρούειν
3429 4039 3565 4109 πρὸς
3603 4032 3759 4088 ἑαυτὰ

2196 4139 2264 4192 τὰ
2315 4137 2563 4209 βασίλεια
2616 4139 2816 4205 πεῖραν
2868 4135 3149 4207 προσῆγεν
3175 4150 3191 4166 ο
3228 4132 3537 4204 ’Δλλαρίχῳ
3585 4143 3643 4181 τε
3690 4120 3759 4190 τῷ

2197 4233 2489 4304 ἡγουμένῳ
2536 4230 2661 4305 τῶν.
2695 4227 2909 4283 Γότθων
2961 4227 3225 4297 πρόξενος
3282 4224 3595 4286 καταστάς,
3638 4217 3761 4270 Ῥωο

2200 4322 2377 4394 μαίων
2437 4321 2779 4393 στρατηγίας
2834 4319 3058 4390 ἀξίωμα
3112 4316 3421 4389 περιθεῖναι
3445 4352 3463 4380 ,
3497 4307 3758 4380 Ἰλλυριοῖς

2199 4412 2597 4483 ὲπανέστησεν,
2627 4411 2822 4467 Ἰόϐιόν
2855 4428 2979 4468 τινα
3013 4410 3261 4481 ῦπαρχον
3296 4409 3530 4468 ἐκεινοις
3562 4415 3757 4473 προκι-

518 4496 642 4561 daiu
705 4502 1007 4574 praemisit,
1076 4516 1135 4556 re
1195 4500 1269 4555 ita
1337 4499 1682 4570 composita,
1747 4507 1809 4552 ut
1872 4505 1928 4552 et
1979 4496 2090 4566 ipse

2200 4508 2512 4573 ταστήσας,
2551 4502 2881 4575 συνθέμενος
2916 4504 3058 4575 μετὰ
3089 4503 3199 4557 τῶν
3234 4502 3523 4571 Ῥωμαίων
3558 4491 3756 4562 συμβα-

516 4613 643 4653 cum
704 4595 969 4650 Romanis
1027 4592 1249 4648 Arcadii
1324 4591 1561 4647 ducibus
1617 4587 2091 4659 congrederetur,

505 4691 677 4763 42],
716 4697 773 4743 et
802 4685 1049 4755 regionis
1078 4685 1247 4742 etiam
1287 4684 1406 4755 ejus
1440 4682 1675 4754 populos
1711 4678 1945 4735 Honorii
1992 4678 2095 4733 im-

518 4787 677 4856 perio
732 4781 1057 4852 subjiceret.
1111 4779 1411 4835 Alaricbus
1466 4784 1652 4831 autem
1703 4771 1948 4828 exercitu
2025 4785 2092 4825 ex

507 4875 786 4933 Dalmatia
833 4883 888 4927 et
931 4873 1232 4935 Pannonia,
1278 4877 1423 4925 terra
1453 4866 1710 4932 barbara,
1740 4873 2002 4934 suscepto
2035 4865 2093 4918 in

514 4969 946 5024 mediterraneas
988 4968 1140 5019 venit
1174 4964 1289 5035 (2),
1356 4960 1703 5037 Graeciaque
1741 4967 1799 5013 et
1854 4957 2093 5013 Athenis

516 5062 715 5132 captis,
754 5060 989 5114 vicinam
1020 5045 1245 5128 quoque
1280 5052 1608 5111 Dalmatiam
1641 5050 1898 5105 vastavit.
1925 5049 2098 5105 Dein-

520 5157 588 5211 de
646 5154 926 5227 Illyricum
998 5153 1323 5224 ingressus,
1383 5157 1550 5218 atque
1626 5143 1948 5215 aliquandiu
2015 5143 2094 5199 ibi

521 5259 785 5313 moratus,
822 5265 921 5320 per
971 5249 1134 5319 Alpes
1192 5247 1249 5299 in
1306 5243 1519 5300 Italiam
1571 5242 1757 5307 rediit,
1826 5240 2095 5296 Stilicone

521 5342 801 5410 angustias
887 5356 1079 5395 earum
1148 5338 1303 5391 illum
1375 5335 1615 5389 transire
1685 5334 2093 5404 permittente,

522 5446 712 5505 utpote
768 5426 863 5505 qui
909 5433 1141 5487 insidias
1189 5427 1513 5498 imperatori
1560 5437 1830 5481 strueret.
1891 5425 2088 5480 Postea

469 5536 497 5599 ⁸,
519 5529 811 5584 Alaricltus
841 5542 965 5582 cum
1004 5523 1134 5577 inde
1164 5519 1439 5592 proﬁcisci
1470 5521 1651 5587 vellet,
1687 5518 1911 5575 Honorii
1942 5519 2095 5575 litte—

598 5672 617 5701 ⁸
660 5667 999 5727 Matttlt.Xttt,
1041 5664 1128 5718 15.

595 5846 671 5915 (ι)
704 5845 785 5898 ΑΙ.
821 5842 1022 5897 Παίάὶη
1049 5850 1262 5897 vocant.

2200 4597 2311 4650 λεῖν
2346 4597 2673 4667 στρατηγῶν
2693 4634 2710 4661 ,
2747 4595 2889 4650 ὥστε
2929 4595 3027 4650 καὶ
3059 4597 3187 4659 τοὺς
3228 4595 3332 4649 ἀνὰ
3362 4592 3478 4647 τόδε
3511 4589 3570 4642 τὸ
3604 4583 3755 4650 κλίμα

2199 4691 2476 4761 ῦπηκόους
2512 4691 2760 4761 Ὀνωρίφ
2793 4689 3062 4756 ὑποτάξαι
3086 4689 3257 4757 δῆθεν
3285 4686 3364 4759 τῷ
3398 4681 3624 4756 βασιλεῖ.
3650 4674 3759 4728 Ἀλ-

2198 4784 2425 4855 λάριχος
2451 4784 2511 4837 δὲ
2543 4782 2878 4855 παραλαϐὼν
2907 4784 2999 4835 τὸν
3032 4782 3299 4852 στρατὸν,
3332 4777 3441 4833 ἀπό
3470 4790 3527 4829 τε
3555 4769 3754 4835 Δαλμα-

2199 4878 2316 4940 τίας
2352 4878 2449 4930 καὶ
2482 4877 2780 4939 Παννονίας
2819 4873 3100 4946 βαρϐάρου
3134 4872 3240 4942 γῆς
3273 4873 3352 4933 εἰς
3384 4869 3484 4929 τὰς
3513 4861 3758 4936 ἠπείρους
3872 4924 3884 4941 .

2199 4969 2438 5038 ἐγένετο.
2483 4968 2713 5023 Ἐλλάδα
2761 4969 2820 5023 δὲ
2871 4968 2968 5021 καὶ
3000 4966 3234 5035 Ἀθήνας
3286 4963 3455 5027 ἑλὼν,
3504 4956 3598 5012 καὶ
3644 4949 3757 5008 τοὺς

2173 5064 2491 5135 ’προσεχεῖς
2523 5062 2814 5134 Δαλμάτας
2847 5060 3121 5130 ληῖξεται.
3149 5056 3428 5112 Ἐπελθὼν
3457 5052 3515 5104 δὲ
3546 5048 3641 5115 τὴν
3664 5040 3756 5135 'l’ﬁ'

2202 5131 2430 5224 “Pisa,
2462 5157 2560 5210 καὶ
2596 5131 2780 5208 ἱκανὸν
2816 5155 3009 5224 χρόνον
3040 5153 3153 5216 τοϊς
3186 5153 3305 5205 ἐκεῖ
3336 5142 3649 5215 διατρίψας,
3677 5131 3756 5185 διὰ

2201 5246 2311 5300 τῶν
2342 5247 2591 5301 Ἄλπεων
2622 5249 2703 5309 είς
2729 5245 2831 5316 τὴν
2856 5245 3088 5301 Ἰταλίαν
3115 5244 3419 5305 ἐπάνεισιν,
3449 5230 3757 5316 Στελίχφνυς

2201 5338 2354 5406 αὑτῷ
2387 5341 2485 5402 τὰς
2519 5339 2695 5402 πύλας
2731 5314 2952 5400 ἀνέντος
2982 5336 3093 5390 τῶν
3123 5335 3411 5392 Ἄλπεων,
3444 5325 3525 5382 ἆτ’
3553 5314 3759 5406 ἐπιϐουο

2156 5468 2159 5471 ι
2201 5429 2300 5494 λάς
2325 5404 2747 5501 -παλαμωμένου
2777 5430 2855 5500 τῷ
2888 5429 3121 5499 βασιλεῖ.
3153 5421 3262 5480 Εἶτ’
3290 5420 3494 5478 ἐκεῖθεν
3520 5404 3754 5478 ἐκδημεῖν

2204 5523 2446 5593 μέλλων,
2479 5527 2803 5594 γράμμασιν
2837 5520 3102 5592 Ὀνωρίου
3133 5520 3228 5589 τῆς
3258 5519 3352 5572 ἐπὶ
3378 5514 3437 5567 τὺ
3466 5509 3643 5577 πρόσω
3679 5512 3754 5550 -ιο-

2269 5840 2344 5912 (9)
2378 5840 2488 5898 Hoc
2515 5840 2731 5897 Sozom.
2766 5854 2874 5893 non
2905 5837 3069 5893 habet
3099 5834 3195 5891 lib.
3226 5850 3300 5902 ts,
3336 5844 3451 5897 cap.
3484 5823 3535 5879 4.
