4044 6446
315 463 445 527 ῙοτίῙ

1228 438 1825 524 ΕΟΕιΕΞΙΑδΤΓΕιΕ
1860 452 2250 514 HISTORl/E
2288 451 2639 531 unum.
2712 507 2719 512 .

3424 448 3579 513 101?

314 584 464 654 ρεισς
506 584 726 656 ἐσχέθη.
756 587 1026 657 ’Ὕστερον
1060 583 1116 636 δὲ
1156 581 1317 644 αὐτὸς
1356 579 1454 633 καὶ
1488 576 1749 644 Ὀνώριον
1781 573 1882 625 διε-

1992 569 2064 621 ris
2097 568 2198 635 (Ι),
2229 584 2298 624 ne
2335 577 2580 638 coeptum
2636 566 2742 622 iter
2767 574 3220 637 persequeretur,
3250 565 3576 634 prohibitus

311 675 521 727 κώλυεν
568 678 649 739 είς
697 679 796 749 τὴν
846 677 1263 732 Κωνσταντίνου
1317 671 1579 742 μέλλοντα
1626 668 1889 736 ἐκδημεῖν

314 767 485 834 φειδοῖ
510 768 608 821 τοῦ
643 770 927 837 ἀδελφιδοῦ
949 811 963 833 ,
1002 769 1141 823 ὥστε
1176 767 1404 828 πιστοὺς
1436 765 1704 834 ἄρχοντας
1739 758 1886 829 αύτῷ

312 861 654 926 καταστῆσαι
689 861 814 928 ἄρτι
847 859 1255 928 ὀρφανισθέντι.
1290 855 1485 916 Δεδιὼς
1522 856 1615 910 καὶ
1645 854 1754 922 γὰρ
1782 847 1884 922 ἦν.

318 952 391 1023 μή
421 969 473 1005 τι
501 952 589 1005 διὰ
618 954 675 1005 τὸ
701 953 802 1022 τῆς
831 952 1047 1023 ἡλικίας
1076 952 1262 1013 ἀτελὲς
1291 950 1455 1005 πάθοι
1484 952 1512 1024 δ
1541 950 1667 1009 παῖς
1698 945 1888 999 Θεοδό-

318 1061 451 1107 σιος.
477 1045 720 1099 Ἐκώλυε
758 1044 855 1113 μὲν
883 1045 975 1098 οὖν
1003 1048 1210 1100 ἐκεῖνον
1231 1083 1246 1107 ,
1280 1044 1580 1110 ἀναγκαῖον
1606 1040 1781 1105 λέγων
1810 1035 1886 1090 εῖ-

317 1151 402 1186 ναι
435 1133 615 1203 μένειν
646 1135 705 1186 ἐν
728 1134 933 1201 Ἰταλίᾳ
962 1134 1053 1187 διὰ
1079 1135 1178 1201 τὴν
1210 1133 1440 1200 ἔναγχος
1469 1129 1763 1200 τυραννίδα
1792 1144 1886 1196 γε·

314 1226 624 1295 γενημένην
661 1226 719 1278 ἐν
761 1226 1074 1297 Ἀριηλάτῳ
1101 1226 1251 1295 παρὰ
1288 1225 1383 1278 τοῦ
1424 1222 1834 1276 Κωνσταντίνου
1863 1237 1878 1254 ·

311 1315 474 1377 αὐτὸς
506 1315 562 1367 δὲ
597 1317 794 1379 πείσας
828 1319 922 1373 καὶ
950 1317 1177 1387 θάτερον
1204 1317 1315 1370 τῶν
1346 1317 1642 1385 σκήπτρων
1670 1313 1880 1380 λαϐὼν,

309 1403 339 1456 ὃ
370 1403 609 1474 λάόαρον
642 1406 901 1475 Ῥωμαῖοι
932 1406 1193 1473 καλοῦσι,
1224 1407 1497 1478 τέσσαράς
1522 1421 1583 1458 τε
1612 1419 1883 1474 στρατιω-

312 1492 420 1545 τῶν
448 1493 718 1563 ἀριθμοὺς
747 1496 1007 1566 εῐληξὼς,
1036 1497 1173 1566 πρὸς
1195 1497 1253 1550 δέ
1280 1497 1376 1551 καὶ
1402 1497 1705 1565 γράμματα
1733 1495 1885 1564 βασι-

310 1582 446 1646 λέως
470 1585 569 1652 τὴν
592 1586 680 1637 ἐπ’
700 1587 969 1657 ἀνατολῆς
993 1588 1176 1655 ἄφιξιν
1200 1588 1587 1655 ἐπιτρέποντα.
1613 1570 1716 1656 ήδη
1747 1585 1882 1655 πρὸς

308 1676 376 1743 τῇ
418 1675 580 1745 ἐξόδῳ
620 1671 711 1746 ἦν.
745 1678 939 1746 Φήμης
978 1679 1036 1732 δὲ
1075 1681 1514 1750 περιηχηθείσης
1553 1678 1631 1742 ώς
1662 1676 1740 1745 τῷ
1781 1675 1882 1744 υἱῷ

310 1766 561 1836 Εύχερίῳ
581 1807 596 1831 ,
631 1771 1038 1838 συνεργούντων
1067 1771 1177 1826 τῶν
1206 1773 1264 1827 ἐν
1292 1771 1521 1840 δυνάμει
1540 1809 1556 1833 ,
1588 1771 1881 1838 τυραννίδα

310 1855 673 1956 καθίστησινκ,
707 1861 767 1914 ἐν
802 1863 991 1915 στάσει
1027 1864 1087 1917 τὸ
1129 1866 1522 1933 στρατιωτικὸν
1556 1865 1879 1933 γενόμενον,
1915 1901 1956 1956 Β

311 1948 505 2017 πρῶτα
539 1953 636 2020 μὲν
666 1953 941 2007 κτείνουσι
972 1957 1063 2007 τὸν
1091 1956 1192 2026 τῆς
1228 1957 1459 2020 Ἰταλίας
1495 1956 1590 2009 καὶ
1625 1956 1879 2009 Γαλατῶν

310 2037 580 2111 ὕπαρχον,
607 2045 702 2097 καὶ
728 2046 921 2110 ἄλλους
953 2046 1239 2116 βασιλικὰς
1270 2049 1448 2119 ἀρχὰς
1478 2049 1883 2121 ἐπιτετραμμέ-

310 2146 455 2192 νους.
500 2131 576 2183 Ού
623 2132 802 2202 πολλῷ
839 2135 884 2186 δ’
913 2134 1141 2205 ὕστερον
1183 2138 1332 2206 παρὰ
1371 2138 1480 2191 τῶν
1525 2141 1582 2191 ἐν
1618 2137 1878 2208 Ῥαδέννῃ

310 2221 660 2287 στρατιωτῶν
689 2224 785 2277 καὶ
815 2225 978 2289 αὐτὸς
1007 2229 1320 2298 ἀναιρεῖται
1350 2228 1618 2300 Στελίχων
1641 2245 1656 2261 ⁸
1687 2229 1881 2283 ἔπειτα

309 2309 367 2362 δέ
396 2313 490 2365 καὶ
520 2315 546 2365 ὁ
573 2313 761 2368 τούτου
793 2318 907 2381 υίὸς
935 2320 1197 2390 Εύχέριος
1227 2322 1529 2376 κτίννυται.
1560 2324 1623 2375 Οἱ
1658 2322 1757 2391 μὲν
1785 2318 1881 2375 οὖν

311 2401 453 2456 οὕτω
500 2406 847 2475 φωραθέντες
894 2412 1156 2475 κακόνους
1204 2408 1348 2466 εἶναι
1394 2413 1472 2482 τῷ
1521 2412 1734 2483 βασιλεῖ
1776 2410 1880 2468 ὧδε

316 2496 629 2552 ἀπώλοντοο
678 2502 815 2570 μετὰ
857 2502 914 2556 δὲ
956 2503 1058 2573 τὴν
1099 2504 1307 2559 τούτων
1353 2506 1635 2575 ἀναίρεσιν
1678 2505 1737 2559 τὸ
1783 2506 1880 2559 σὺν

313 2587 543 2653 ἐκείνοις
582 2592 892 2664 βάρϐαρον,
927 2595 1003 2665 τῷ
1044 2597 1431 2667 προειρημένῳ
1468 2597 1772 2667 Ἀλλαρίχῳ
1803 2598 1880 2666 τῷ

312 2675 494 2745 Γότθῳ
547 2678 846 2749 συμμίξαν,
894 2682 995 2750 τὴν
1038 2682 1258 2754 Ῥώμην
1306 2685 1566 2756 ἐπειρᾶτο
1617 2686 1877 2750 πορθεῖν·

309 2766 500 2824 ἔπειτα
529 2775 657 2843 περὶ
686 2775 913 2845 εἰρήνης
941 2776 1260 2847 Ἀλλαρίχου
1292 2779 1432 2848 πρὸς
1458 2778 1718 2849 Ὀνώριον
1744 2777 1880 2848 πρέ·

311 2861 461 2924 σσεις
494 2864 825 2933 πέμψαντος,
855 2869 978 2921 ἐπεὶ
1003 2868 1375 2940 ἀπετύγχανε,
1403 2870 1635 2932 πολλοὺς
1663 2871 1757 2922 καὶ
1787 2870 1882 2925 ἄλ-

310 2951 436 3016 λους
468 2953 778 3026 βαρεάρους
810 2960 1146 3028 ἐπαγαγὼν,
1178 2961 1280 3031 τὴν
1315 2961 1537 3029 Ῥώμην
1565 2961 1720 3026 αὖθις
1751 2965 1881 3016 ἐπο-

309 3042 519 3113 λιόρκει
556 3048 1025 3119 παρακαθήμενος
1047 3068 1063 3084 ο
1100 3055 1197 3105 καὶ
1230 3054 1324 3106 τὸν
1357 3054 1602 3124 ποταμὸν
1635 3054 1882 3124 Θύμϐριν

315 3135 550 3205 συσχὼν,
593 3138 651 3199 ὃς
697 3140 784 3192 διὰ
832 3141 998 3209 μέσου
1042 3144 1154 3212 ῥέει
1195 3144 1295 3213 τῆς
1342 3145 1573 3210 πόλεως,
1620 3145 1878 3198 διεκώλυε

1988 669 2097 713 est.
2162 659 2369 715 Deinde
2401 674 2537 714 vero
2571 668 2627 714 et
2682 658 2874 714 Stilico
2909 658 3213 714 Honorium
3246 657 3557 727 impedivit,

1989 755 2293 826 quominus
2347 754 2889 820 Constantinopolim
2940 764 3169 822 propter
3220 752 3410 806 fratris
3459 750 3556 805 lilii

1991 863 2178 904 curam
2214 849 2567 909 concederet.
2606 857 2665 902 ut
2710 847 2904 902 lideles
2943 846 3234 916 praefectos
3263 845 3312 898 ei
3345 844 3556 898 consti-

1990 947 2190 1002 tueret,
2221 938 2314 1008 qui
2343 952 2455 992 non
2485 937 2559 990 ita
2588 936 2802 1007 pridem
2835 935 3076 1006 pupillus
3118 934 3295 989 factus
3331 932 3504 986 fuerat
3541 948 3555 983 :

1987 1030 2195 1084 veritus
2237 1029 2452 1085 scilicet
2494 1029 2612 1094 ille,
2673 1044 2741 1084 ne
2775 1038 3005 1098 propter
3038 1035 3283 1081 teneram
3334 1034 3553 1079 aetatem

1987 1121 2338 1176 Theodosius
2404 1135 2546 1189 puer-
2603 1118 2820 1174 adversi
2886 1117 3187 1188 quidquam
3251 1124 3548 1186 pateretur.

1987 1214 2249 1283 lmpediit
2298 1213 2445 1267 hunc
2499 1211 2673 1283 igitur
2727 1211 2942 1274 Stilico,
2976 1208 3288 1265 necessario
3315 1224 3441 1264 eum
3498 1208 3550 1261 in

1986 1305 2141 1360 Italia
2191 1319 2415 1359 ntanere
2444 1302 2650 1359 debere
2681 1302 2898 1364 dicens,
2961 1311 3189 1372 propter
3243 1300 3548 1369 proximam

1987 1395 2328 1468 tyrannidem
2351 1396 2493 1465 apud
2517 1395 2788 1449 Arelatem
2808 1409 2837 1448 a
2856 1393 3216 1448 Constantino
3233 1393 3550 1447 excitatam.

1985 1490 2102 1545 Hoc
2138 1504 2263 1544 cum
2313 1489 2389 1543 illi
2440 1487 2834 1557 persuasisset,
2891 1485 3128 1540 alterum
3178 1499 3246 1538 ex
3298 1485 3550 1549 sceptris.
3634 1550 3636 1553 λ

1984 1597 2081 1636 seu
2101 1580 2316 1635 vexillis
2349 1579 2556 1648 potius,
2577 1578 2833 1646 arripuit,
2857 1575 3001 1646 quod
3038 1575 3272 1630 Romani
3303 1574 3553 1628 labarum

1982 1682 2227 1727 vocant:
2278 1670 2556 1740 simulque
2611 1677 2854 1740 quatuor
2897 1667 3134 1722 militum
3188 1667 3439 1727 ordines,
3499 1673 3555 1717 et

1986 1764 2333 1835 imperatoris
2359 1765 2592 1829 litteras,
2622 1762 2827 1830 quibus
2853 1760 2907 1815 ei
2945 1758 3216 1829 profectio
3247 1757 3550 1812 Orientalis

1986 1856 2427 1926 permittebatur,
2473 1855 2712 1922 accepit,
2752 1862 2922 1922 atque
2955 1851 3011 1905 in
3046 1849 3458 1919 expeditionem
3494 1864 3555 1902 se

1984 1948 2158 2004 dedit.
2193 1948 2297 2004 Ubi
2332 1963 2467 2002 vero
2495 1946 2639 2001 fama
2667 1944 2971 2009 increbuit,
3008 1940 3360 2013 tyrannidem
3394 1940 3548 1994 illum

1984 2042 2097 2096 lilio
2124 2041 2429 2104 Eucherio,
2457 2040 2539 2093 eis
2569 2036 2967 2109 adjuvantibus
2990 2035 3092 2104 qui
3118 2049 3243 2089 cum
3274 2026 3551 2102 potestate

1983 2132 2127 2202 apud
2166 2133 2344 2202 ipsum
2379 2137 2559 2195 erant,
2592 2142 2818 2198 parare;
2852 2127 3079 2189 milites,
3112 2126 3385 2181 seditione
3434 2139 3554 2178 mo-

1983 2239 2058 2293 ta,
2091 2228 2328 2297 primum
2387 2226 2555 2282 Italiae
2600 2233 2654 2280 et
2682 2224 2871 2280 Galliae
2900 2223 3246 2294 praefectum,
3303 2221 3552 2290 aliosque

1982 2322 2186 2392 quibus
2219 2319 2560 2390 imperatorii
2598 2317 2950 2388 magistratus
2991 2314 3272 2371 commissi
3305 2313 3549 2375 fuerant,

1983 2422 2249 2470 necarunt
2279 2430 2295 2469 ε
2323 2411 2527 2466 deinde
2570 2411 2734 2480 paulo
2776 2418 2898 2477 post
2948 2409 3230 2462 Ravenna:
3275 2422 3304 2461 a
3359 2405 3552 2460 militi-

1983 2504 2087 2559 bus
2119 2513 2174 2557 et
2207 2503 2324 2571 ipse
2373 2500 2585 2563 Stilico,
2637 2515 2764 2555 mox
2798 2499 2965 2553 etiam
3013 2498 3158 2554 filius
3190 2498 3309 2569 ejus
3341 2495 3554 2550 Enche-

1985 2597 2097 2650 rius
2124 2595 2411 2665 jugulatus
2437 2601 2545 2647 est.
2592 2591 2773 2661 Atque
2822 2591 2916 2645 isti
2961 2590 3212 2659 quidem,
3257 2587 3403 2657 quod
3449 2590 3550 2640 ad—

1982 2706 2180 2745 versus
2196 2690 2590 2759 imperatorem
2609 2686 2964 2757 conspirasse
2985 2684 3315 2755 deprehensi
3343 2690 3555 2746 essent,

1982 2784 2050 2837 ad
2088 2783 2235 2836 hunc
2268 2783 2490 2835 modum
2519 2781 2802 2836 interiere.
2847 2777 2977 2832 Post
3004 2792 3200 2831 eorum
3253 2784 3436 2830 autem
3471 2774 3553 2828 in-

1986 2864 2229 2937 teritum,
2260 2874 2354 2942 qui
2398 2888 2522 2926 cum
2578 2871 2687 2926 illis
2738 2870 2959 2924 fuerant
3004 2869 3240 2932 barbari,
3298 2870 3347 2923 ei
3381 2882 3547 2937 quem

1982 2967 2221 3021 diximus
2251 2966 2508 3020 Alaricho
2538 2963 2743 3020 Gottho
2778 2963 3087 3032 conjuncti,
3121 2962 3350 3016 Romam
3382 2976 3554 3030 expu—

1982 3073 2153 3129 gnare
2190 3058 2428 3128 aggressi
2481 3065 2630 3110 sunt.
2674 3056 2754 3110 lbi
2808 3054 3098 3109 Alariehus
3141 3054 3209 3108 de
3253 3068 3388 3122 pace
3428 3069 3552 3106 ora-

1986 3162 2133 3206 tores
2163 3149 2229 3203 ad
2266 3149 2566 3212 llonorjnm
2592 3149 2740 3203 misit
2771 3167 2785 3203 :
2819 3163 2985 3218 quam
3023 3148 3115 3202 ubi
3144 3163 3253 3201 non
3279 3148 3545 3208 obtinuit.

311 3227 482 3298 ταύτῃ
509 3230 616 3283 τῶν
642 3233 963 3302 ἐπιτηδείων
987 3238 1085 3304 τὴν
1111 3237 1319 3290 εἴσοδον
1345 3240 1409 3290 ἐκ
1440 3239 1648 3309 Πόρτου
1678 3239 1877 3307 ἀνάγε-

1982 3242 2103 3296 aliis
2132 3256 2354 3310 quoque
2388 3241 2575 3294 multis
2623 3240 2875 3294 barbaris
2914 3240 3192 3302 adductis,
3241 3239 3557 3293 Romanam-

315 3319 460 3375 σθαι.
516 3324 788 3391 Μέγιστον
829 3327 886 3379 δ’
914 3331 942 3381 ὁ
995 3331 1200 3398 Πόρτος
1243 3330 1345 3399 τῆς
1388 3331 1607 3402 Ῥώμης
1655 3331 1879 3402 νεώριον

312 3413 464 3480 τρισ¹ί¹
502 3414 686 3483 λιμέσι
730 3423 1239 3491 περιγραφόμενον,
1283 3424 1377 3477 καὶ
1418 3426 1496 3487 είς
1542 3427 1744 3495 μικρᾶς
1786 3427 1883 3479 πό-

314 3500 452 3565 λεως
492 3508 950 3577 παρατεινόμενον
985 3512 1218 3582 μέγεθος
1258 3512 1434 3579 (οὕτω
1468 3514 1576 3583 γὰρ
1608 3514 1667 3567 τὸ
1700 3515 1880 3568 ἐκεῖσε

315 3595 552 3649 ἐπίνειον
589 3595 850 3668 Ῥωμαῖοι
884 3601 1167 3673 καλοῦσι).
1204 3603 1380 3672 Λιμοῦ
1416 3603 1461 3656 δ’
1487 3604 1878 3675 ἐπιγενομένου

315 3688 383 3757 τῇ
419 3689 611 3742 σπάνει
643 3691 754 3743 τῶν
785 3694 1121 3760 ἀναγκαίων,
1154 3695 1291 3760 πρὸς
1323 3696 1379 3750 δέ
1410 3697 1507 3750 καὶ
1536 3696 1750 3767 λοιμοῦ⁹
1785 3697 1880 3751 καὶ

316 3778 426 3836 τῶι
469 3780 670 3837 δούλων
718 3784 820 3854 ήδη
873 3785 1010 3855 πρὸς
1047 3785 1363 3857 Ἀλλάριχον
1411 3786 1876 3856 αὐτομολούντων,

315 3877 489 3932 ἐδόκει
518 3877 668 3931 θύειν
700 3883 834 3932 πᾶσι
865 3882 1033 3943 ναοῖς.
1066 3880 1301 3936 Θοῦσκοι
1328 3880 1387 3935 δέ
1417 3898 1565 3946 τινες
1599 3882 1879 3952 μετακλη-

317 3965 539 4030 θέντες,
591 3967 954 4048 ὑπισχνοῦντο
1005 3971 1274 4039 σκηπτοῖς
1321 3985 1430 4024 τισι
1482 3970 1577 4025 καὶ
1628 3971 1880 4042 βρονταῖς

315 4061 444 4123 τοὺς
498 4059 811 4128 βαρϐάρους
864 4058 1073 4114 ἐκεῖθεν
1125 4060 1394 4116 ἐλαύνειν.
1449 4061 1720 4132 Εἴργαστο
1769 4063 1880 4132 γὰρ

313 4149 473 4202 τοῦτο
503 4149 689 4212 αὐτοῖς
722 4150 816 4203 καὶ
850 4152 980 4219 περὶ
1012 4150 1167 4203 πόλιν
1197 4150 1386 4220 ἄλλην,
1416 4152 1656 4222 Λαρνίαν
1683 4152 1876 4223 ὄνομα,

313 4242 383 4313 ήν
413 4243 514 4311 οὐχ
546 4234 690 4295 εἷλεν
723 4241 1040 4311 Ἀλλάριχος
1073 4244 1308 4312 παριών.
1343 4241 1418 4295 οὐ
1458 4243 1565 4312 μὴν
1599 4241 1809 4312 ὤνησεν
1843 4244 1877 4314 ή

311 4333 534 4404 τοιαύτη
585 4335 817 4388 ἐπίνοια.
849 4334 1006 4387 Ὅσοι
1049 4334 1160 4403 γὰρ
1205 4333 1267 4388 εὖ
1314 4328 1458 4404 εἶχον
1506 4336 1875 4404 φρονήματος,

312 4427 456 4479 κατὰ
490 4426 654 4496 μῆνιν
684 4426 835 4480 θείαν
864 4428 1034 4480 ταῦτα
1064 4425 1395 4480 πεπονθέναι
1431 4426 1736 4496 Ῥωμαίους
1766 4427 1880 4479 ἑνό-

313 4517 469 4587 μιζον
504 4522 571 4589 τῇ
614 4519 781 4590 πολλῇ
826 4520 1080 4591 ῥᾳστώνῃ
1117 4523 1213 4575 καὶ
1255 4519 1524 4590 ἀκολασίᾳ
1564 4521 1630 4589 ἧν
1670 4517 1879 4571 ἐπεδεί-

309 4628 539 4677 κνυντο,
572 4612 647 4675 ὡς
682 4615 775 4666 καὶ
811 4613 975 4666 αὐτόν
1009 4613 1127 4666 ποτ’
1163 4612 1483 4684 Ἀλλάριχον
1514 4614 1662 4678 τουτὶ
1694 4628 1877 4680 παρα-
1911 4595 1954 4651 Ῑ)

308 4703 500 4768 δεῖξαι.
540 4705 755 4776 Ἀγαθῷ
791 4704 899 4774 γάρ
930 4721 1038 4758 τινι
1073 4705 1227 4776 ἀνδρὶ
1261 4704 1616 4778 παραινοῦντι
1653 4704 1875 4775 Ῥώμης

286 4795 614 4866 φείδεσθαι,
649 4800 743 4850 καὶ
776 4798 851 4868 μὴ
882 4797 1056 4852 αίτιον
1082 4799 1359 4853 τοσούτων
1389 4799 1577 4853 κακῶν
1605 4798 1876 4863 γίνεσθαι,

309 4891 519 4943 ἐκεῖνον
565 4892 728 4959 φάναι
776 4890 1028 4967 λέγεται,
1091 4891 1168 4956 ὡς
1223 4911 1242 4944 ι
1270 4891 1421 4947 ἄκων
1469 4892 1751 4945 ἐπιϐάλλει
1798 4890 1878 4959 τῷ

310 4981 493 5053 ἔργῳ·
540 5001 561 5035 ι
603 4983 845 5053 συνεχῶς
887 4985 998 5052 γάρ
1043 5000 1166 5037 τινα
1206 4985 1575 5054 ἐπικείμενον,
1619 4982 1877 5055 ἐνοχλεῖν,

309 5076 410 5145 τήν
442 5077 667 5147 Ῥώμην
697 5079 940 5150 πορθεῖν.
974 5081 1040 5132 Ὃ
1071 5080 1165 5133 καὶ
1194 5079 1446 5146 ἐποίησε.
1480 5077 1616 5131 Τότε
1651 5077 1750 5148 μὲν
1781 5073 1878 5131 οὖν

311 5170 569 5239 χρήματα
593 5169 796 5233 λαϐὼν,
823 5172 925 5239 τὴν
950 5170 1270 5240 πολιορκίαν
1293 5170 1494 5237 διέλυε,
1525 5171 1877 5240 συνθεμένων

318 5259 604 5330 Ῥωμαίων
622 5302 638 5328 ,
670 5261 892 5333 βασιλέα
922 5262 1135 5318 πείθειν
1164 5265 1245 5328 εἰς
1277 5264 1504 5335 εἰρήνην
1531 5262 1697 5317 αὐτὸν
1724 5263 1878 5332 δέχε-

310 5350 457 5405 σθαι.
498 5352 609 5405 Καὶ
652 5352 949 5423 πρεσϐείας
990 5354 1314 5425 γενομένης,
1348 5355 1400 5406 oi
1435 5353 1696 5408 τάναντία
1740 5369 1876 5423 φρο-

381 5515 462 5586 (1)
488 5513 754 5586 Similiter
782 5513 901 5586 hac
930 5514 1003 5586 ita
1031 5515 1294 5571 dicuntur
1336 5516 1478 5586 apud
1524 5514 1676 5570 Paul.
1721 5514 1873 5586 Diae.

307 5583 377 5637 de
406 5585 523 5653 ipso
548 5585 837 5639 Alaricho:
867 5584 970 5650 Qui
1001 5600 1126 5640 cum
1157 5583 1440 5641 discedere
1462 5586 1746 5650 voluisset,
1769 5584 1877 5639 lio-

308 5654 452 5737 ηοξ-ἐξ
480 5653 684 5737 litteris
715 5665 1099 5737 retentusﬁst,
1129 5657 1273 5711 sicut
1304 5656 1419 5737 ipse
1448 5655 1732 5737 confessus
1763 5663 1872 5737 est.

380 5722 456 5790 (2)
480 5721 818 5779 Sozomenus
846 5724 1157 5779 Alarichum
1180 5721 1489 5793 praesidium
1509 5725 1743 5780 militum
1770 5725 1877 5780 fre-

310 5807 485 5861 quens
510 5793 576 5846 ad
610 5808 827 5849 amnem
867 5793 1107 5849 Tiberim
1138 5795 1434 5850 collocasse
1479 5794 1633 5849 dicit.

381 5861 457 5932 (ὃ)
488 5862 727 5934 Συσχὼν,
786 5879 945 5920 amne
977 5874 1265 5934 occupato.
1316 5864 1534 5921 Sozom.
1570 5865 1872 5933 ἐπιστήσας

1984 3332 2172 3385 urbem
2219 3329 2439 3385 obsedit
2479 3347 2492 3383 :
2546 3338 2601 3382 et
2649 3329 2892 3383 Tiberim
2939 3342 3156 3383 amnem
3193 3327 3267 3395 (2)
3306 3330 3402 3395 qui
3452 3341 3550 3392 per

1982 3422 2176 3485 urbem
2206 3420 2442 3481 mediam
2481 3420 2621 3485 ﬂuit,
2652 3420 2924 3476 cohibens
2952 3420 3052 3489 (5),
3087 3434 3155 3474 nc
3185 3434 3274 3473 res
3299 3432 3553 3472 necesstk

1982 3513 2078 3569 riae
2135 3527 2201 3568 ex
2249 3522 2416 3583 portu
2476 3513 2533 3567 in
2585 3512 2780 3567 urbem
2837 3512 3288 3581 importarentur,
3345 3509 3548 3565 elleeit.

1982 3609 2182 3663 Portus
2229 3616 2414 3662 autem
2463 3607 2764 3661 maximum
2813 3606 3007 3661 navale
3053 3607 3427 3660 Romanorum
3466 3614 3553 3658 est

1982 3699 2085 3768 (sic
2115 3698 2260 3753 enim
2302 3698 2402 3752 ‘illi
2450 3698 2673 3752 navium
2709 3700 3008 3752 stationem
3056 3697 3381 3766 appellant),
3440 3704 3552 3749 tres

1981 3789 2194 3846 habens
2247 3800 2545 3860 receptus,
2601 3789 2968 3859 amplitudine
3020 3804 3242 3860 parvam
3306 3788 3553 3844 referens

1983 3882 2198 3938 urbem.
2217 3881 2379 3954 422
2397 3881 2534 3937 Cum
2557 3880 2722 3952 igitur
2748 3896 2983 3936 annona:
3014 3880 3267 3950 penuria,
3285 3881 3456 3935 fames
3472 3880 3552 3951 (ι)

1981 3976 2145 4031 simul
2178 3983 2236 4030 et
2279 3974 2465 4045 pestis
2487 3984 2683 4031 exorta
2712 3985 2881 4037 esset,
2907 3984 2972 4029 et
2998 3975 3110 4046 jam
3140 3975 3284 4030 servi
3328 3975 3394 4028 ad
3427 3975 3552 4028 Ala-

1981 4068 2197 4124 richum
2233 4066 2661 4138 transfugerent,
2688 4066 2948 4123 Romanis
2970 4067 3323 4124 senatoribus
3349 4067 3551 4123 Graeca:

1982 4160 2419 4231 superstitionis,
2452 4169 2513 4214 ut
2556 4159 2612 4213 in
2648 4159 2924 4230 Capitolio
2955 4169 3010 4214 et
3045 4161 3265 4229 templis
3292 4160 3551 4215 omnibus

1981 4251 2247 4307 sacrificia
2312 4251 2528 4318 fierent,
2588 4251 2819 4320 placuit.
2867 4250 3042 4306 Acciti
3105 4261 3289 4305 autem
3342 4250 3546 4305 Thusci

1980 4344 2229 4415 quidam,
2272 4344 2479 4399 tonitru
2519 4355 2575 4398 et
2620 4342 2950 4397 fulminibus
2992 4357 3051 4396 se
3106 4342 3370 4397 barbaros
3418 4342 3548 4398 inde

1978 4437 2343 4506 propulsuros
2371 4450 2496 4491 esse
2530 4435 2758 4505 polliciti
2796 4445 2948 4488 sunt.
2981 4432 3114 4489 Nam
3151 4433 3202 4487 id
3247 4433 3325 4488 illi
3354 4433 3420 4488 ad
3451 4449 3550 4487 ur-

1983 4531 2104 4586 bem
2165 4529 2351 4596 aliam,
2406 4530 2496 4584 cui
2546 4544 2747 4585 nomen
2811 4528 3028 4582 Larnim
3086 4528 3187 4599 (5)..
3248 4527 3542 4582 fecerant:

1980 4639 2144 4694 quam
2180 4624 2372 4678 urbem
2416 4622 2711 4678 Alarichus
2758 4623 3038 4677 obsessam
3078 4638 3187 4675 non
3223 4621 3369 4689 cepit
3400 4640 3413 4676 :
3451 4621 3546 4674 sed

1979 4715 2272 4771 consilium
2321 4725 2678 4784 emptumque
2727 4713 2779 4768 id
2833 4714 3037 4768 frustra
3091 4711 3214 4767 fuit.
3262 4712 3551 4782 Siquidem

1978 4809 2073 4880 qui
2121 4818 2329 4864 rectam
2378 4808 2706 4864 obtinebant
2754 4816 3017 4871 mentem,
3067 4806 3313 4862 vindicta
3358 4807 3547 4860 divina

1979 4900 2261 4955 Romanos
2289 4900 2405 4953 haec
2428 4898 2537 4968 pati
2571 4898 2981 4962 existimarunt,
3031 4906 3258 4966 propter
3292 4897 3547 4965 ingentes

1978 4989 2229 5055 delicias,
2289 4997 2344 5045 et
2395 5004 2534 5060 quas
2577 4989 2917 5045 exhibebant
2966 4989 3250 5044 libidines.
3286 4990 3341 5043 LI
3396 4991 3546 5059 quod
3593 5028 3607 5040 .

1978 5080 2272 5152 aliquando
2314 5080 2432 5165 ipse
2482 5096 2702 5150 quoque
2748 5079 3044 5135 Alarichus
3094 5082 3361 5135 ostendit.
3406 5082 3541 5135 Nam

1981 5175 2127 5229 bono
2166 5174 2385 5227 cuidam
2414 5172 2556 5243 iviro
2599 5172 2677 5244 (6)
2722 5188 2846 5228 eum
2895 5173 3206 5228 cohortanti
3251 5183 3309 5228 ut
3360 5173 3544 5230 Romae

1978 5275 2250 5337 parceret,
2289 5281 2469 5335 neque
2521 5274 2602 5321 tot
2650 5268 2921 5321 malorum
2974 5277 3182 5322 auctor.
3221 5268 3400 5329 ﬁeret,
3455 5269 3545 5322 di-

1979 5358 2124 5412 xisse
2175 5356 2376 5423 fertur,
2421 5376 2440 5409 ι
2473 5358 2705 5412 invitum
2763 5373 2822 5413 se
2868 5374 2989 5413 eam
3047 5375 3161 5414 rem
3231 5359 3477 5429 aggredi.
3516 5379 3536 5411 ι

1976 5512 2210 5584 τύὸριδι.

2051 5582 2127 5656 (4)
2158 5584 2306 5638 Adeo
2338 5582 2512 5656 fames
2541 5584 2722 5638 Romae
2758 5586 3006 5656 invaluit,
3039 5596 3097 5641 ut
3145 5584 3393 5639 homines
3445 5601 3544 5654 pro

1979 5653 2254 5724 frumento
2276 5654 2546 5724 castaneis
2574 5667 2878 5709 uterentur.
2897 5655 3177 5710 Creditum
3204 5669 3418 5724 quoque
3437 5653 3544 5717 est,

1976 5723 2241 5794 quosdam
2266 5723 2516 5794 humanis
2544 5725 2932 5794 carrnibusguon
2956 5723 3309 5781 abstinuisse
3334 5724 3546 5782 Sozam.

2164 5792 2394 5878 \Lidetut-
2414 5793 2741 5878 legendum,
2773 5792 3019 5848 Nd‘rnia’.

2051 5864 2124 5931 (6)
2172 5861 2449 5917 Monacho.
2479 5861 2696 5917 Sozom.
