  <div class='ocr_page' id='page_1' title='image "/cluster/home/n/w/nwhite01/storage/ocr_20150623/146:no.2/coo.31924054870518/529.png"; bbox 0 0 4044 6482; ppageno 0'>
   <div class='ocr_carea' id='block_1_1' title="bbox 489 428 624 493">
    <p class='ocr_par' dir='ltr' id='par_1_1' title="bbox 489 428 624 493">
     <span class='ocr_line' id='line_1_1' title="bbox 489 428 624 493; baseline 0.03 -4"><span class='ocrx_word' id='word_1_1' title='bbox 489 428 624 493; x_wconf 56' lang='grc' dir='ltr'><strong>τενεῖς</strong></span> 
     </span>
    </p>
   </div>
   <div class='ocr_carea' id='block_1_2' title="bbox 1663 449 2500 524">
    <p class='ocr_par' dir='ltr' id='par_1_2' title="bbox 1663 449 2500 524">
     <span class='ocr_line' id='line_1_2' title="bbox 1663 449 2500 524; baseline 0.024 -20"><span class='ocrx_word' id='word_1_2' title='bbox 1663 449 2115 516; x_wconf 85' lang='lat' dir='ltr'><strong>.NICEPHORI</strong></span> <span class='ocrx_word' id='word_1_3' title='bbox 2155 460 2500 524; x_wconf 83' lang='lat' dir='ltr'><strong>CALLISTI</strong></span> 
     </span>
    </p>
   </div>
   <div class='ocr_carea' id='block_1_3' title="bbox 3584 475 3720 539">
    <p class='ocr_par' dir='ltr' id='par_1_3' title="bbox 3584 475 3720 539">
     <span class='ocr_line' id='line_1_3' title="bbox 3584 475 3720 539; baseline 0.015 -2"><span class='ocrx_word' id='word_1_4' title='bbox 3584 475 3720 539; x_wconf 65' lang='grc'><strong>1044</strong></span> 
     </span>
    </p>
   </div>
   <div class='ocr_carea' id='block_1_4' title="bbox 477 545 2037 663">
    <p class='ocr_par' dir='ltr' id='par_1_4' title="bbox 477 545 2037 663">
     <span class='ocr_line' id='line_1_4' title="bbox 477 545 2037 636; baseline 0.016 -36"><span class='ocrx_word' id='word_1_5' title='bbox 477 545 757 604; x_wconf 83' lang='lat' dir='ltr'><strong>Continue</strong></span> <span class='ocrx_word' id='word_1_6' title='bbox 789 551 936 607; x_wconf 88' lang='lat' dir='ltr'><strong>enim</strong></span> <span class='ocrx_word' id='word_1_7' title='bbox 985 555 1279 622; x_wconf 79' lang='lat' dir='ltr'><strong>quemdam</strong></span> <span class='ocrx_word' id='word_1_8' title='bbox 1330 560 1437 616; x_wconf 85' lang='lat' dir='ltr'><strong>sibi</strong></span> <span class='ocrx_word' id='word_1_9' title='bbox 1490 563 1899 636; x_wconf 78' lang='lat' dir='ltr'><strong>imminentem,</strong></span> <span class='ocrx_word' id='word_1_10' title='bbox 1936 587 2037 625; x_wconf 87' lang='lat' dir='ltr'><strong>mo-</strong></span> 
     </span>
     <span class='ocr_line' id='line_1_5' title="bbox 479 639 1916 663; baseline 0 0"><span class='ocrx_word' id='word_1_11' title='bbox 479 639 676 663; x_wconf 57' lang='lat' dir='ltr'><strong>l..-l..---</strong></span> <span class='ocrx_word' id='word_1_12' title='bbox 752 658 864 663; x_wconf 61' lang='grc'><strong>----</strong></span> <span class='ocrx_word' id='word_1_13' title='bbox 946 646 1016 663; x_wconf 67' lang='lat' dir='ltr'><strong>n_</strong></span> <span class='ocrx_word' id='word_1_14' title='bbox 1624 659 1636 663; x_wconf 69' lang='lat'><strong>-</strong></span> <span class='ocrx_word' id='word_1_15' title='bbox 1685 660 1696 663; x_wconf 87' lang='lat'><em>_</em></span> <span class='ocrx_word' id='word_1_16' title='bbox 1913 662 1916 663; x_wconf 67' lang='lat'>,</span> 
     </span>
    </p>
   </div>
   <div class='ocr_carea' id='block_1_5' title="bbox 2145 545 3718 663">
    <p class='ocr_par' dir='ltr' id='par_1_5' title="bbox 2159 576 3718 663">
     <span class='ocr_line' id='line_1_6' title="bbox 2159 576 3718 663; baseline 0.013 -35"><span class='ocrx_word' id='word_1_17' title='bbox 2159 576 2380 642; x_wconf 83' lang='grc' dir='ltr'>νοῦντες</span> <span class='ocrx_word' id='word_1_18' title='bbox 2415 581 2722 655; x_wconf 82' lang='grc' dir='ltr'>Ἀλλαρίχῳ</span> <span class='ocrx_word' id='word_1_19' title='bbox 2757 586 3012 656; x_wconf 79' lang='grc' dir='ltr'>ἐμποδὼν</span> <span class='ocrx_word' id='word_1_20' title='bbox 3042 591 3106 659; x_wconf 82' lang='grc' dir='ltr'>τῇ</span> <span class='ocrx_word' id='word_1_21' title='bbox 3143 589 3338 663; x_wconf 82' lang='grc' dir='ltr'>εἰρήνῃ</span> <span class='ocrx_word' id='word_1_22' title='bbox 3372 593 3718 649; x_wconf 79' lang='grc' dir='ltr'>καθίσταντο.</span> 
     </span>
    </p>
   </div>
   <div class='ocr_carea' id='block_1_6' title="bbox 478 639 2051 730">
    <p class='ocr_par' dir='ltr' id='par_1_6' title="bbox 478 639 2051 730">
     <span class='ocr_line' id='line_1_7' title="bbox 478 639 2051 730; baseline 0.018 -38"><span class='ocrx_word' id='word_1_23' title='bbox 478 639 680 693; x_wconf 79' lang='lat' dir='ltr'><strong>lestum</strong></span> <span class='ocrx_word' id='word_1_24' title='bbox 745 658 888 712; x_wconf 89' lang='lat' dir='ltr'><strong>esse,</strong></span> <span class='ocrx_word' id='word_1_25' title='bbox 946 646 1287 718; x_wconf 80' lang='lat' dir='ltr'><strong>Romamque</strong></span> <span class='ocrx_word' id='word_1_26' title='bbox 1340 663 1558 712; x_wconf 90' lang='lat' dir='ltr'><strong>vastare</strong></span> <span class='ocrx_word' id='word_1_27' title='bbox 1616 659 1836 730; x_wconf 80' lang='lat' dir='ltr'><strong>jubere.</strong></span> <span class='ocrx_word' id='word_1_28' title='bbox 1891 662 2051 729; x_wconf 83' lang='lat' dir='ltr'><strong>Quod</strong></span> 
     </span>
    </p>
   </div>
   <div class='ocr_carea' id='block_1_7' title="bbox 481 732 2050 822">
    <p class='ocr_par' dir='ltr' id='par_1_7' title="bbox 481 732 2050 822">
     <span class='ocr_line' id='line_1_8' title="bbox 481 732 2050 822; baseline 0.018 -42"><span class='ocrx_word' id='word_1_29' title='bbox 481 732 645 784; x_wconf 86' lang='lat' dir='ltr'><strong>etiam</strong></span> <span class='ocrx_word' id='word_1_30' title='bbox 679 734 899 790; x_wconf 89' lang='lat' dir='ltr'><strong>tandem</strong></span> <span class='ocrx_word' id='word_1_31' title='bbox 934 738 1088 794; x_wconf 88' lang='lat' dir='ltr'><strong>fecit.</strong></span> <span class='ocrx_word' id='word_1_32' title='bbox 1126 742 1204 798; x_wconf 87' lang='lat' dir='ltr'><strong>Ac</strong></span> <span class='ocrx_word' id='word_1_33' title='bbox 1245 754 1358 799; x_wconf 92' lang='lat' dir='ltr'><strong>tum</strong></span> <span class='ocrx_word' id='word_1_34' title='bbox 1404 749 1630 817; x_wconf 80' lang='lat' dir='ltr'><strong>quidem</strong></span> <span class='ocrx_word' id='word_1_35' title='bbox 1675 753 1908 822; x_wconf 81' lang='lat' dir='ltr'><strong>pecunia</strong></span> <span class='ocrx_word' id='word_1_36' title='bbox 1955 770 2050 808; x_wconf 90' lang='lat' dir='ltr'><strong>ac-</strong></span> 
     </span>
    </p>
   </div>
   <div class='ocr_carea' id='block_1_8' title="bbox 478 825 2050 916">
    <p class='ocr_par' dir='ltr' id='par_1_8' title="bbox 478 825 2050 916">
     <span class='ocr_line' id='line_1_9' title="bbox 478 825 2050 916; baseline 0.02 -44"><span class='ocrx_word' id='word_1_37' title='bbox 478 830 658 890; x_wconf 78' lang='lat' dir='ltr'><strong>cepta,</strong></span> <span class='ocrx_word' id='word_1_38' title='bbox 695 825 1042 885; x_wconf 81' lang='lat' dir='ltr'><strong>obsidionem</strong></span> <span class='ocrx_word' id='word_1_39' title='bbox 1074 836 1237 890; x_wconf 85' lang='lat' dir='ltr'><strong>solvit</strong></span> <span class='ocrx_word' id='word_1_40' title='bbox 1268 857 1280 890; x_wconf 92' lang='lat'><strong>:</strong></span> <span class='ocrx_word' id='word_1_41' title='bbox 1317 855 1442 893; x_wconf 88' lang='lat' dir='ltr'><strong>cum</strong></span> <span class='ocrx_word' id='word_1_42' title='bbox 1488 842 1720 899; x_wconf 87' lang='lat' dir='ltr'><strong>Romani</strong></span> <span class='ocrx_word' id='word_1_43' title='bbox 1754 849 1898 916; x_wconf 84' lang='lat' dir='ltr'><strong>pacti</strong></span> <span class='ocrx_word' id='word_1_44' title='bbox 1925 865 2050 903; x_wconf 91' lang='lat' dir='ltr'><strong>cum</strong></span> 
     </span>
    </p>
   </div>
   <div class='ocr_carea' id='block_1_9' title="bbox 477 920 2049 1005">
    <p class='ocr_par' dir='ltr' id='par_1_9' title="bbox 477 920 2049 1005">
     <span class='ocr_line' id='line_1_10' title="bbox 477 920 2049 1005; baseline 0.02 -40"><span class='ocrx_word' id='word_1_45' title='bbox 477 927 544 965; x_wconf 85' lang='lat' dir='ltr'><strong>eo</strong></span> <span class='ocrx_word' id='word_1_46' title='bbox 575 925 785 980; x_wconf 86' lang='lat' dir='ltr'><strong>essent,</strong></span> <span class='ocrx_word' id='word_1_47' title='bbox 819 920 1143 989; x_wconf 90' lang='lat' dir='ltr'><strong>imperatori</strong></span> <span class='ocrx_word' id='word_1_48' title='bbox 1192 944 1250 984; x_wconf 88' lang='lat' dir='ltr'><strong>se</strong></span> <span class='ocrx_word' id='word_1_49' title='bbox 1286 947 1569 1000; x_wconf 85' lang='lat' dir='ltr'><strong>suasuros,</strong></span> <span class='ocrx_word' id='word_1_50' title='bbox 1605 947 1666 991; x_wconf 92' lang='lat' dir='ltr'><strong>ut</strong></span> <span class='ocrx_word' id='word_1_51' title='bbox 1701 953 1889 1005; x_wconf 90' lang='lat' dir='ltr'><strong>pacem</strong></span> <span class='ocrx_word' id='word_1_52' title='bbox 1925 957 2049 995; x_wconf 90' lang='lat' dir='ltr'><strong>cum</strong></span> 
     </span>
    </p>
   </div>
   <div class='ocr_carea' id='block_1_10' title="bbox 477 1007 2051 1093">
    <p class='ocr_par' dir='ltr' id='par_1_10' title="bbox 477 1007 2051 1093">
     <span class='ocr_line' id='line_1_11' title="bbox 477 1007 2051 1093; baseline 0.021 -37"><span class='ocrx_word' id='word_1_53' title='bbox 477 1019 546 1057; x_wconf 91' lang='lat' dir='ltr'><strong>eo</strong></span> <span class='ocrx_word' id='word_1_54' title='bbox 582 1007 770 1063; x_wconf 83' lang='lat' dir='ltr'><strong>iniret.</strong></span> <span class='ocrx_word' id='word_1_55' title='bbox 803 1011 874 1065; x_wconf 91' lang='lat' dir='ltr'><strong>Et</strong></span> <span class='ocrx_word' id='word_1_56' title='bbox 911 1013 1186 1084; x_wconf 84' lang='lat' dir='ltr'><strong>legatione</strong></span> <span class='ocrx_word' id='word_1_57' title='bbox 1213 1023 1401 1088; x_wconf 79' lang='lat' dir='ltr'><strong>missa,</strong></span> <span class='ocrx_word' id='word_1_58' title='bbox 1437 1028 1528 1093; x_wconf 88' lang='lat' dir='ltr'><strong>qui</strong></span> <span class='ocrx_word' id='word_1_59' title='bbox 1561 1026 1825 1085; x_wconf 84' lang='lat' dir='ltr'><strong>Alaricho</strong></span> <span class='ocrx_word' id='word_1_60' title='bbox 1855 1033 2051 1088; x_wconf 86' lang='lat' dir='ltr'><strong>adver-</strong></span> 
     </span>
    </p>
   </div>
   <div class='ocr_carea' id='block_1_11' title="bbox 476 1098 2048 1187">
    <p class='ocr_par' dir='ltr' id='par_1_11' title="bbox 476 1098 2048 1187">
     <span class='ocr_line' id='line_1_12' title="bbox 476 1098 2048 1187; baseline 0.022 -39"><span class='ocrx_word' id='word_1_61' title='bbox 476 1098 765 1168; x_wconf 80' lang='lat' dir='ltr'><strong>sabantur,</strong></span> <span class='ocrx_word' id='word_1_62' title='bbox 791 1103 1210 1177; x_wconf 88' lang='lat' dir='ltr'><strong>impedimento,</strong></span> <span class='ocrx_word' id='word_1_63' title='bbox 1238 1130 1306 1168; x_wconf 91' lang='lat' dir='ltr'><strong>ne</strong></span> <span class='ocrx_word' id='word_1_64' title='bbox 1333 1132 1436 1185; x_wconf 81' lang='lat' dir='ltr'><strong>pax</strong></span> <span class='ocrx_word' id='word_1_65' title='bbox 1463 1134 1524 1173; x_wconf 87' lang='lat' dir='ltr'><strong>ea</strong></span> <span class='ocrx_word' id='word_1_66' title='bbox 1547 1134 1848 1187; x_wconf 86' lang='lat' dir='ltr'><strong>constaret,</strong></span> <span class='ocrx_word' id='word_1_67' title='bbox 1873 1126 2048 1182; x_wconf 83' lang='lat' dir='ltr'><strong>fuere.</strong></span> 
     </span>
    </p>
   </div>
   <div class='ocr_carea' id='block_1_12' title="bbox 478 1188 2051 1285">
    <p class='ocr_par' dir='ltr' id='par_1_12' title="bbox 478 1188 2051 1285">
     <span class='ocr_line' id='line_1_13' title="bbox 478 1188 2051 1285; baseline 0.022 -44"><span class='ocrx_word' id='word_1_68' title='bbox 478 1188 660 1259; x_wconf 85' lang='lat' dir='ltr'><strong>Atque</strong></span> <span class='ocrx_word' id='word_1_69' title='bbox 693 1191 1015 1252; x_wconf 87' lang='lat' dir='ltr'><strong>Innocentio</strong></span> <span class='ocrx_word' id='word_1_70' title='bbox 1044 1201 1372 1271; x_wconf 79' lang='lat' dir='ltr'><strong>legationem</strong></span> <span class='ocrx_word' id='word_1_71' title='bbox 1400 1209 1664 1277; x_wconf 87' lang='lat' dir='ltr'><strong>obeunte,</strong></span> <span class='ocrx_word' id='word_1_72' title='bbox 1699 1215 2051 1285; x_wconf 87' lang='lat' dir='ltr'><strong>imperatoris</strong></span> 
     </span>
    </p>
   </div>
   <div class='ocr_carea' id='block_1_13' title="bbox 478 1283 2046 1370">
    <p class='ocr_par' dir='ltr' id='par_1_13' title="bbox 478 1283 2046 1370">
     <span class='ocr_line' id='line_1_14' title="bbox 478 1283 2046 1370; baseline 0.023 -35"><span class='ocrx_word' id='word_1_73' title='bbox 478 1283 684 1340; x_wconf 84' lang='lat' dir='ltr'><strong>litteris</strong></span> <span class='ocrx_word' id='word_1_74' title='bbox 718 1295 1365 1365; x_wconf 86' lang='lat' dir='ltr'><strong>persuasusAlarichus,</strong></span> <span class='ocrx_word' id='word_1_75' title='bbox 1403 1303 1470 1358; x_wconf 88' lang='lat' dir='ltr'><strong>ad</strong></span> <span class='ocrx_word' id='word_1_76' title='bbox 1505 1283 1815 1364; x_wconf 78' lang='lat' dir='ltr'><strong>Ariminum</strong></span> <span class='ocrx_word' id='word_1_77' title='bbox 1855 1314 2046 1370; x_wconf 81' lang='lat' dir='ltr'><strong>urbem</strong></span> 
     </span>
    </p>
   </div>
   <div class='ocr_carea' id='block_1_14' title="bbox 475 1377 2047 1462">
    <p class='ocr_par' dir='ltr' id='par_1_14' title="bbox 475 1377 2047 1462">
     <span class='ocr_line' id='line_1_15' title="bbox 475 1377 2047 1462; baseline 0.024 -38"><span class='ocrx_word' id='word_1_78' title='bbox 475 1377 777 1442; x_wconf 73' lang='lat' dir='ltr'><strong>concessit,</strong></span> <span class='ocrx_word' id='word_1_79' title='bbox 825 1396 948 1448; x_wconf 78' lang='lat' dir='ltr'><strong>qua:</strong></span> <span class='ocrx_word' id='word_1_80' title='bbox 975 1384 1232 1443; x_wconf 83' lang='lat' dir='ltr'><strong>ducentis</strong></span> <span class='ocrx_word' id='word_1_81' title='bbox 1259 1399 1318 1444; x_wconf 90' lang='lat' dir='ltr'><strong>et</strong></span> <span class='ocrx_word' id='word_1_82' title='bbox 1344 1392 1535 1449; x_wconf 82' lang='lat' dir='ltr'><strong>decem</strong></span> <span class='ocrx_word' id='word_1_83' title='bbox 1566 1400 1761 1456; x_wconf 87' lang='lat' dir='ltr'><strong>stadiis</strong></span> <span class='ocrx_word' id='word_1_84' title='bbox 1787 1403 2047 1462; x_wconf 89' lang='lat' dir='ltr'><strong>Ravenna</strong></span> 
     </span>
    </p>
   </div>
   <div class='ocr_carea' id='block_1_15' title="bbox 475 1464 2049 1555">
    <p class='ocr_par' dir='ltr' id='par_1_15' title="bbox 475 1464 2049 1555">
     <span class='ocr_line' id='line_1_16' title="bbox 475 1464 2049 1555; baseline 0.024 -40"><span class='ocrx_word' id='word_1_85' title='bbox 475 1464 660 1522; x_wconf 64' lang='lat' dir='ltr'><strong>distat.</strong></span> <span class='ocrx_word' id='word_1_86' title='bbox 703 1467 896 1538; x_wconf 89' lang='lat' dir='ltr'><strong>Ibique</strong></span> <span class='ocrx_word' id='word_1_87' title='bbox 946 1488 1070 1528; x_wconf 91' lang='lat' dir='ltr'><strong>cum</strong></span> <span class='ocrx_word' id='word_1_88' title='bbox 1115 1491 1183 1532; x_wconf 93' lang='lat' dir='ltr'><strong>eo</strong></span> <span class='ocrx_word' id='word_1_89' title='bbox 1225 1495 1258 1535; x_wconf 91' lang='lat' dir='ltr'><strong>e</strong></span> <span class='ocrx_word' id='word_1_90' title='bbox 1305 1498 1466 1540; x_wconf 93' lang='lat' dir='ltr'><strong>muro</strong></span> <span class='ocrx_word' id='word_1_91' title='bbox 1501 1489 1806 1548; x_wconf 90' lang='lat' dir='ltr'><strong>collocutus</strong></span> <span class='ocrx_word' id='word_1_92' title='bbox 1856 1494 2049 1555; x_wconf 80' lang='lat' dir='ltr'><strong>Jovius</strong></span> 
     </span>
    </p>
   </div>
   <div class='ocr_carea' id='block_1_16' title="bbox 475 1555 2046 1655">
    <p class='ocr_par' dir='ltr' id='par_1_16' title="bbox 475 1555 2046 1655">
     <span class='ocr_line' id='line_1_17' title="bbox 475 1555 2046 1655; baseline 0.025 -48"><span class='ocrx_word' id='word_1_93' title='bbox 475 1555 645 1612; x_wconf 67' lang='lat' dir='ltr'><strong>ltalire</strong></span> <span class='ocrx_word' id='word_1_94' title='bbox 711 1561 1048 1630; x_wconf 55' lang='lat' dir='ltr'><strong>prafeetus,</strong></span> <span class='ocrx_word' id='word_1_95' title='bbox 1120 1573 1445 1639; x_wconf 89' lang='lat' dir='ltr'><strong>petitionem</strong></span> <span class='ocrx_word' id='word_1_96' title='bbox 1525 1582 1644 1651; x_wconf 86' lang='lat' dir='ltr'><strong>ejus</strong></span> <span class='ocrx_word' id='word_1_97' title='bbox 1721 1583 2046 1655; x_wconf 86' lang='lat' dir='ltr'><strong>imperatori</strong></span> 
     </span>
    </p>
   </div>
   <div class='ocr_carea' id='block_1_17' title="bbox 475 1649 2044 1747">
    <p class='ocr_par' dir='ltr' id='par_1_17' title="bbox 475 1649 2044 1747">
     <span class='ocr_line' id='line_1_18' title="bbox 475 1649 2044 1747; baseline 0.025 -50"><span class='ocrx_word' id='word_1_98' title='bbox 475 1649 744 1747; x_wconf 76' lang='lat' dir='ltr'><strong>ostendit,</strong></span> <span class='ocrx_word' id='word_1_99' title='bbox 788 1653 995 1710; x_wconf 88' lang='lat' dir='ltr'><strong>debere</strong></span> <span class='ocrx_word' id='word_1_100' title='bbox 1025 1672 1154 1713; x_wconf 89' lang='lat' dir='ltr'><strong>eum</strong></span> <span class='ocrx_word' id='word_1_101' title='bbox 1199 1678 1300 1731; x_wconf 90' lang='lat' dir='ltr'><strong>per</strong></span> <span class='ocrx_word' id='word_1_102' title='bbox 1347 1649 1566 1726; x_wconf 78' lang='lat' dir='ltr'><strong>litteras</strong></span> <span class='ocrx_word' id='word_1_103' title='bbox 1608 1649 1815 1730; x_wconf 41' lang='lat' dir='ltr'><strong>ducem-</strong></span> <span class='ocrx_word' id='word_1_104' title='bbox 1841 1681 2044 1747; x_wconf 61' lang='lat' dir='ltr'><strong>pratici</strong></span> 
     </span>
    </p>
   </div>
   <div class='ocr_carea' id='block_1_18' title="bbox 473 1740 2048 1842">
    <p class='ocr_par' dir='ltr' id='par_1_18' title="bbox 473 1740 2048 1842">
     <span class='ocr_line' id='line_1_19' title="bbox 473 1740 2048 1842; baseline 0.024 -53"><span class='ocrx_word' id='word_1_105' title='bbox 473 1740 755 1842; x_wconf 73' lang='lat' dir='ltr'><strong>exercitus</strong></span> <span class='ocrx_word' id='word_1_106' title='bbox 806 1747 1100 1819; x_wconf 84' lang='lat' dir='ltr'><strong>utriusque</strong></span> <span class='ocrx_word' id='word_1_107' title='bbox 1131 1767 1388 1812; x_wconf 81' lang='lat' dir='ltr'><strong>censens.</strong></span> <span class='ocrx_word' id='word_1_108' title='bbox 1423 1760 1606 1831; x_wconf 83' lang='lat' dir='ltr'><strong>Atque</strong></span> <span class='ocrx_word' id='word_1_109' title='bbox 1637 1763 1731 1820; x_wconf 88' lang='lat' dir='ltr'><strong>ille</strong></span> <span class='ocrx_word' id='word_1_110' title='bbox 1778 1740 1883 1825; x_wconf 86' lang='lat' dir='ltr'><strong>alia</strong></span> <span class='ocrx_word' id='word_1_111' title='bbox 1925 1779 2048 1842; x_wconf 82' lang='lat' dir='ltr'><strong>qut-</strong></span> 
     </span>
    </p>
   </div>
   <div class='ocr_carea' id='block_1_19' title="bbox 471 1829 2045 1920">
    <p class='ocr_par' dir='ltr' id='par_1_19' title="bbox 471 1829 2045 1920">
     <span class='ocr_line' id='line_1_20' title="bbox 471 1829 2045 1920; baseline 0.025 -38"><span class='ocrx_word' id='word_1_112' title='bbox 471 1829 596 1886; x_wconf 86' lang='lat' dir='ltr'><strong>dem</strong></span> <span class='ocrx_word' id='word_1_113' title='bbox 631 1834 682 1888; x_wconf 89' lang='lat' dir='ltr'><strong>ei</strong></span> <span class='ocrx_word' id='word_1_114' title='bbox 715 1840 992 1894; x_wconf 84' lang='lat' dir='ltr'><strong>concessit</strong></span> <span class='ocrx_word' id='word_1_115' title='bbox 1025 1861 1038 1896; x_wconf 88' lang='lat'><strong>:</strong></span> <span class='ocrx_word' id='word_1_116' title='bbox 1074 1843 1402 1914; x_wconf 87' lang='lat' dir='ltr'><strong>dignitatem</strong></span> <span class='ocrx_word' id='word_1_117' title='bbox 1437 1829 1623 1910; x_wconf 83' lang='lat' dir='ltr'><strong>autem</strong></span> <span class='ocrx_word' id='word_1_118' title='bbox 1667 1873 1787 1914; x_wconf 88' lang='lat' dir='ltr'><strong>eam</strong></span> <span class='ocrx_word' id='word_1_119' title='bbox 1821 1872 1880 1916; x_wconf 89' lang='lat' dir='ltr'><strong>ut</strong></span> <span class='ocrx_word' id='word_1_120' title='bbox 1909 1829 2045 1920; x_wconf 73' lang='lat' dir='ltr'><strong>con-</strong></span> 
     </span>
    </p>
   </div>
   <div class='ocr_carea' id='block_1_20' title="bbox 2169 669 3724 755">
    <p class='ocr_par' dir='ltr' id='par_1_20' title="bbox 2169 669 3724 755">
     <span class='ocr_line' id='line_1_21' title="bbox 2169 669 3724 755; baseline 0.009 -31"><span class='ocrx_word' id='word_1_121' title='bbox 2169 669 2520 726; x_wconf 87' lang='grc' dir='ltr'>Ἰννοκεντίου</span> <span class='ocrx_word' id='word_1_122' title='bbox 2552 675 2609 728; x_wconf 83' lang='grc' dir='ltr'><strong>δὲ</strong></span> <span class='ocrx_word' id='word_1_123' title='bbox 2643 679 3164 750; x_wconf 79' lang='grc' dir='ltr'>πρεσϐευσαμένου,</span> <span class='ocrx_word' id='word_1_124' title='bbox 3199 683 3445 745; x_wconf 80' lang='grc' dir='ltr'>πεισθεὶς</span> <span class='ocrx_word' id='word_1_125' title='bbox 3480 685 3724 755; x_wconf 79' lang='grc' dir='ltr'>’Λλλάρι-</span> 
     </span>
    </p>
   </div>
   <div class='ocr_carea' id='block_1_21' title="bbox 2157 763 3718 846">
    <p class='ocr_par' dir='ltr' id='par_1_21' title="bbox 2157 763 3718 846">
     <span class='ocr_line' id='line_1_22' title="bbox 2157 763 3718 846; baseline 0 -21"><span class='ocrx_word' id='word_1_126' title='bbox 2157 780 2250 830; x_wconf 70' lang='grc' dir='ltr'>χος</span> <span class='ocrx_word' id='word_1_127' title='bbox 2283 763 2545 833; x_wconf 70' lang='grc' dir='ltr'>βασιλέως</span> <span class='ocrx_word' id='word_1_128' title='bbox 2579 768 2942 838; x_wconf 78' lang='grc' dir='ltr'>γράμμασιν,</span> <span class='ocrx_word' id='word_1_129' title='bbox 2977 773 3058 834; x_wconf 83' lang='grc' dir='ltr'><strong>είς</strong></span> <span class='ocrx_word' id='word_1_130' title='bbox 3094 772 3370 844; x_wconf 81' lang='grc' dir='ltr'>Ἀρίμινον</span> <span class='ocrx_word' id='word_1_131' title='bbox 3397 770 3497 846; x_wconf 76' lang='grc' dir='ltr'>ἧκε</span> <span class='ocrx_word' id='word_1_132' title='bbox 3531 778 3718 841; x_wconf 81' lang='grc' dir='ltr'>πόλιν,</span> 
     </span>
    </p>
   </div>
   <div class='ocr_carea' id='block_1_22' title="bbox 2156 855 3721 936">
    <p class='ocr_par' dir='ltr' id='par_1_22' title="bbox 2156 855 3721 936">
     <span class='ocr_line' id='line_1_23' title="bbox 2156 855 3721 936; baseline 0.008 -31"><span class='ocrx_word' id='word_1_133' title='bbox 2156 855 2290 906; x_wconf 78' lang='grc' dir='ltr'>δέκα</span> <span class='ocrx_word' id='word_1_134' title='bbox 2325 857 2421 908; x_wconf 74' lang='grc' dir='ltr'><strong>καὶ</strong></span> <span class='ocrx_word' id='word_1_135' title='bbox 2453 857 2748 922; x_wconf 73' lang='grc' dir='ltr'><strong>διακοσίοις</strong></span> <span class='ocrx_word' id='word_1_136' title='bbox 2784 863 3020 925; x_wconf 76' lang='grc' dir='ltr'><strong>σταδίοις</strong></span> <span class='ocrx_word' id='word_1_137' title='bbox 3053 863 3336 934; x_wconf 77' lang='grc' dir='ltr'>διέχουσαν</span> <span class='ocrx_word' id='word_1_138' title='bbox 3368 868 3464 936; x_wconf 81' lang='grc' dir='ltr'>τῆς</span> <span class='ocrx_word' id='word_1_139' title='bbox 3500 868 3721 921; x_wconf 78' lang='grc' dir='ltr'>Ῥαϐέν-</span> 
     </span>
    </p>
   </div>
   <div class='ocr_carea' id='block_1_23' title="bbox 2155 947 3722 1025">
    <p class='ocr_par' dir='ltr' id='par_1_23' title="bbox 2155 947 3722 1025">
     <span class='ocr_line' id='line_1_24' title="bbox 2155 947 3722 1025; baseline 0.009 -29"><span class='ocrx_word' id='word_1_140' title='bbox 2155 962 2253 1015; x_wconf 88' lang='grc' dir='ltr'><strong>νης</strong></span> <span class='ocrx_word' id='word_1_141' title='bbox 2273 961 2287 975; x_wconf 90' lang='grc'><strong>·</strong></span> <span class='ocrx_word' id='word_1_142' title='bbox 2315 947 2444 1001; x_wconf 77' lang='grc' dir='ltr'>ἔνθα</span> <span class='ocrx_word' id='word_1_143' title='bbox 2473 951 2552 1012; x_wconf 83' lang='grc' dir='ltr'><strong>είς</strong></span> <span class='ocrx_word' id='word_1_144' title='bbox 2579 951 2774 1018; x_wconf 81' lang='grc' dir='ltr'><strong>λόγους</strong></span> <span class='ocrx_word' id='word_1_145' title='bbox 2802 956 2866 1006; x_wconf 80' lang='grc' dir='ltr'>ὲκ</span> <span class='ocrx_word' id='word_1_146' title='bbox 2887 956 3292 1024; x_wconf 80' lang='grc' dir='ltr'>τειχῶνἸὸϐιος</span> <span class='ocrx_word' id='word_1_147' title='bbox 3319 959 3347 1008; x_wconf 84' lang='grc'>6</span> <span class='ocrx_word' id='word_1_148' title='bbox 3372 959 3466 1025; x_wconf 80' lang='grc' dir='ltr'>τῆς</span> <span class='ocrx_word' id='word_1_149' title='bbox 3488 959 3722 1021; x_wconf 79' lang='grc' dir='ltr'>Ἰταλίας</span> 
     </span>
    </p>
   </div>
   <div class='ocr_carea' id='block_1_24' title="bbox 2158 1035 3718 1117">
    <p class='ocr_par' dir='ltr' id='par_1_24' title="bbox 2158 1035 3718 1117">
     <span class='ocr_line' id='line_1_25' title="bbox 2158 1035 3718 1117; baseline 0.006 -28"><span class='ocrx_word' id='word_1_150' title='bbox 2158 1035 2404 1108; x_wconf 75' lang='grc' dir='ltr'>ὕπαρχος</span> <span class='ocrx_word' id='word_1_151' title='bbox 2438 1041 2703 1110; x_wconf 80' lang='grc' dir='ltr'><strong>ὁμιλήσας</strong></span> <span class='ocrx_word' id='word_1_152' title='bbox 2724 1085 2740 1108; x_wconf 83' lang='grc'><em>,</em></span> <span class='ocrx_word' id='word_1_153' title='bbox 2773 1045 2833 1096; x_wconf 71' lang='grc' dir='ltr'>τὸ</span> <span class='ocrx_word' id='word_1_154' title='bbox 2867 1044 3116 1117; x_wconf 82' lang='grc' dir='ltr'>βούλημα</span> <span class='ocrx_word' id='word_1_155' title='bbox 3147 1047 3336 1116; x_wconf 79' lang='grc' dir='ltr'><strong>ἐδήλου</strong></span> <span class='ocrx_word' id='word_1_156' title='bbox 3367 1049 3444 1115; x_wconf 83' lang='grc' dir='ltr'>τῷ</span> <span class='ocrx_word' id='word_1_157' title='bbox 3480 1048 3718 1115; x_wconf 79' lang='grc' dir='ltr'>βασιλεῖ,</span> 
     </span>
    </p>
   </div>
   <div class='ocr_carea' id='block_1_25' title="bbox 2152 1129 3722 1210">
    <p class='ocr_par' dir='ltr' id='par_1_25' title="bbox 2152 1129 3722 1210">
     <span class='ocr_line' id='line_1_26' title="bbox 2152 1129 3722 1210; baseline 0.006 -28"><span class='ocrx_word' id='word_1_158' title='bbox 2152 1129 2228 1192; x_wconf 82' lang='grc' dir='ltr'>ὡς</span> <span class='ocrx_word' id='word_1_159' title='bbox 2269 1129 2380 1184; x_wconf 85' lang='grc' dir='ltr'>δέοι</span> <span class='ocrx_word' id='word_1_160' title='bbox 2423 1133 2586 1186; x_wconf 77' lang='grc' dir='ltr'>αὑτὸν</span> <span class='ocrx_word' id='word_1_161' title='bbox 2629 1135 2836 1200; x_wconf 77' lang='grc' dir='ltr'><strong>δέλτοις</strong></span> <span class='ocrx_word' id='word_1_162' title='bbox 2880 1140 3049 1210; x_wconf 77' lang='grc' dir='ltr'>τιμᾷν</span> <span class='ocrx_word' id='word_1_163' title='bbox 3093 1141 3398 1210; x_wconf 76' lang='grc' dir='ltr'>στρατηγὸν</span> <span class='ocrx_word' id='word_1_164' title='bbox 3443 1141 3722 1208; x_wconf 82' lang='grc' dir='ltr'>δυνάμεως</span> 
     </span>
    </p>
   </div>
   <div class='ocr_carea' id='block_1_26' title="bbox 2153 1219 3718 1298">
    <p class='ocr_par' dir='ltr' id='par_1_26' title="bbox 2153 1219 3718 1298">
     <span class='ocr_line' id='line_1_27' title="bbox 2153 1219 3718 1298; baseline 0.007 -27"><span class='ocrx_word' id='word_1_165' title='bbox 2153 1219 2447 1290; x_wconf 81' lang='grc' dir='ltr'>ἑκατέρας.</span> <span class='ocrx_word' id='word_1_166' title='bbox 2485 1223 2546 1278; x_wconf 84' lang='lat'><strong>&#39;0</strong></span> <span class='ocrx_word' id='word_1_167' title='bbox 2569 1225 2628 1278; x_wconf 75' lang='grc' dir='ltr'>δὲ</span> <span class='ocrx_word' id='word_1_168' title='bbox 2664 1227 2836 1281; x_wconf 80' lang='grc' dir='ltr'>τᾶλλα</span> <span class='ocrx_word' id='word_1_169' title='bbox 2875 1230 2978 1298; x_wconf 83' lang='grc' dir='ltr'>μὲν</span> <span class='ocrx_word' id='word_1_170' title='bbox 3015 1229 3209 1292; x_wconf 81' lang='grc' dir='ltr'>ἐδίδου,</span> <span class='ocrx_word' id='word_1_171' title='bbox 3235 1231 3394 1296; x_wconf 84' lang='grc' dir='ltr'>ἀξίας</span> <span class='ocrx_word' id='word_1_172' title='bbox 3430 1231 3486 1284; x_wconf 75' lang='grc' dir='ltr'><strong>δὲ</strong></span> <span class='ocrx_word' id='word_1_173' title='bbox 3523 1231 3718 1284; x_wconf 72' lang='grc' dir='ltr'>οὔποτέ</span> 
     </span>
    </p>
   </div>
   <div class='ocr_carea' id='block_1_27' title="bbox 2155 1312 3722 1387">
    <p class='ocr_par' dir='ltr' id='par_1_27' title="bbox 2155 1312 3722 1387">
     <span class='ocr_line' id='line_1_28' title="bbox 2155 1312 3722 1387; baseline 0.008 -24"><span class='ocrx_word' id='word_1_174' title='bbox 2155 1312 2492 1381; x_wconf 82' lang='grc' dir='ltr'><strong>μεταδώσειν</strong></span> <span class='ocrx_word' id='word_1_175' title='bbox 2531 1318 2842 1374; x_wconf 86' lang='grc' dir='ltr'>κατένευεν.</span> <span class='ocrx_word' id='word_1_176' title='bbox 2869 1320 3058 1381; x_wconf 81' lang='grc' dir='ltr'>Ἰὁϐιος</span> <span class='ocrx_word' id='word_1_177' title='bbox 3095 1321 3153 1375; x_wconf 82' lang='grc' dir='ltr'>δὲ</span> <span class='ocrx_word' id='word_1_178' title='bbox 3193 1322 3435 1382; x_wconf 81' lang='grc' dir='ltr'>ἀϐούλως</span> <span class='ocrx_word' id='word_1_179' title='bbox 3470 1323 3528 1374; x_wconf 73' lang='grc' dir='ltr'>τὸ</span> <span class='ocrx_word' id='word_1_180' title='bbox 3566 1323 3722 1387; x_wconf 76' lang='grc' dir='ltr'>δόξαν</span> 
     </span>
    </p>
   </div>
   <div class='ocr_carea' id='block_1_28' title="bbox 2151 1399 3722 1480">
    <p class='ocr_par' dir='ltr' id='par_1_28' title="bbox 2151 1399 3722 1480">
     <span class='ocr_line' id='line_1_29' title="bbox 2151 1399 3722 1480; baseline 0.009 -28"><span class='ocrx_word' id='word_1_181' title='bbox 2151 1401 2228 1471; x_wconf 81' lang='grc' dir='ltr'><strong>τῷ</strong></span> <span class='ocrx_word' id='word_1_182' title='bbox 2271 1399 2484 1472; x_wconf 88' lang='grc' dir='ltr'>βασιλεῖ</span> <span class='ocrx_word' id='word_1_183' title='bbox 2523 1407 2921 1474; x_wconf 75' lang='grc' dir='ltr'>ἀναγινώσκειν</span> <span class='ocrx_word' id='word_1_184' title='bbox 2948 1409 3254 1480; x_wconf 78' lang='grc' dir='ltr'>’Δλλαρίχῳ</span> <span class='ocrx_word' id='word_1_185' title='bbox 3293 1410 3567 1464; x_wconf 82' lang='grc' dir='ltr'>ἐκέλευεν.</span> <span class='ocrx_word' id='word_1_186' title='bbox 3599 1414 3722 1467; x_wconf 69' lang='grc' dir='ltr'>Ἐπὶ</span> 
     </span>
    </p>
   </div>
   <div class='ocr_carea' id='block_1_29' title="bbox 2149 1492 3719 1574">
    <p class='ocr_par' dir='ltr' id='par_1_29' title="bbox 2149 1492 3719 1574">
     <span class='ocr_line' id='line_1_30' title="bbox 2149 1492 3719 1574; baseline 0.007 -29"><span class='ocrx_word' id='word_1_187' title='bbox 2149 1492 2208 1546; x_wconf 76' lang='grc' dir='ltr'>δὲ</span> <span class='ocrx_word' id='word_1_188' title='bbox 2235 1496 2301 1564; x_wconf 81' lang='grc' dir='ltr'>τῇ</span> <span class='ocrx_word' id='word_1_189' title='bbox 2336 1495 2563 1565; x_wconf 81' lang='grc' dir='ltr'>ἀρνήσει</span> <span class='ocrx_word' id='word_1_190' title='bbox 2593 1499 2688 1552; x_wconf 82' lang='grc' dir='ltr'>τοῦ</span> <span class='ocrx_word' id='word_1_191' title='bbox 2721 1497 3035 1570; x_wconf 76' lang='grc' dir='ltr'>ἀξιώματος</span> <span class='ocrx_word' id='word_1_192' title='bbox 3065 1502 3346 1571; x_wconf 68' lang='grc' dir='ltr'>ὀργισθεὶς</span> <span class='ocrx_word' id='word_1_193' title='bbox 3371 1502 3682 1574; x_wconf 81' lang='grc' dir='ltr'>Ἀλλάριχος</span> <span class='ocrx_word' id='word_1_194' title='bbox 3704 1547 3719 1571; x_wconf 84' lang='grc'><em>,</em></span> 
     </span>
    </p>
   </div>
   <div class='ocr_carea' id='block_1_30' title="bbox 2150 1584 3720 1664">
    <p class='ocr_par' dir='ltr' id='par_1_30' title="bbox 2150 1584 3720 1664">
     <span class='ocr_line' id='line_1_31' title="bbox 2150 1584 3720 1664; baseline 0.008 -28"><span class='ocrx_word' id='word_1_195' title='bbox 2150 1584 2224 1646; x_wconf 83' lang='grc' dir='ltr'><strong>ὡς</strong></span> <span class='ocrx_word' id='word_1_196' title='bbox 2274 1586 2638 1658; x_wconf 79' lang='grc' dir='ltr'>ὑϐρισμένος,</span> <span class='ocrx_word' id='word_1_197' title='bbox 2690 1591 2892 1661; x_wconf 85' lang='grc' dir='ltr'>ἀθρόον</span> <span class='ocrx_word' id='word_1_198' title='bbox 2939 1595 3006 1664; x_wconf 84' lang='grc' dir='ltr'>τῇ</span> <span class='ocrx_word' id='word_1_199' title='bbox 3059 1595 3320 1663; x_wconf 83' lang='grc' dir='ltr'>σάλπιγγι</span> <span class='ocrx_word' id='word_1_200' title='bbox 3371 1596 3615 1664; x_wconf 79' lang='grc' dir='ltr'>σημήνας</span> <span class='ocrx_word' id='word_1_201' title='bbox 3661 1598 3720 1649; x_wconf 81' lang='grc' dir='ltr'>τὺ</span> 
     </span>
    </p>
   </div>
   <div class='ocr_carea' id='block_1_31' title="bbox 2151 1677 3717 1754">
    <p class='ocr_par' dir='ltr' id='par_1_31' title="bbox 2151 1677 3717 1754">
     <span class='ocr_line' id='line_1_32' title="bbox 2151 1677 3717 1754; baseline 0.008 -26"><span class='ocrx_word' id='word_1_202' title='bbox 2151 1677 2436 1742; x_wconf 67' lang='grc' dir='ltr'>ἐνυάλιον,</span> <span class='ocrx_word' id='word_1_203' title='bbox 2486 1682 2582 1734; x_wconf 74' lang='grc' dir='ltr'><strong>ἐπὶ</strong></span> <span class='ocrx_word' id='word_1_204' title='bbox 2622 1681 2850 1753; x_wconf 83' lang='grc' dir='ltr'><strong>Ῥώμην</strong></span> <span class='ocrx_word' id='word_1_205' title='bbox 2894 1683 3118 1754; x_wconf 73' lang='grc' dir='ltr'>ἡλαυνε.</span> <span class='ocrx_word' id='word_1_206' title='bbox 3162 1686 3356 1749; x_wconf 79' lang='grc' dir='ltr'>Δείσας</span> <span class='ocrx_word' id='word_1_207' title='bbox 3403 1688 3458 1740; x_wconf 78' lang='grc' dir='ltr'>δὲ</span> <span class='ocrx_word' id='word_1_208' title='bbox 3500 1688 3717 1751; x_wconf 81' lang='grc' dir='ltr'>Ἰόδιος,</span> 
     </span>
    </p>
   </div>
   <div class='ocr_carea' id='block_1_32' title="bbox 2150 1770 3718 1850">
    <p class='ocr_par' dir='ltr' id='par_1_32' title="bbox 2150 1770 3718 1850">
     <span class='ocr_line' id='line_1_33' title="bbox 2150 1770 3718 1850; baseline 0.01 -31"><span class='ocrx_word' id='word_1_209' title='bbox 2150 1770 2574 1838; x_wconf 81' lang='grc' dir='ltr'>παρασκεύαζεν</span> <span class='ocrx_word' id='word_1_210' title='bbox 2618 1773 2847 1843; x_wconf 82' lang='grc' dir='ltr'>ὀμνύειν</span> <span class='ocrx_word' id='word_1_211' title='bbox 2892 1777 3021 1840; x_wconf 80' lang='grc' dir='ltr'>τοὺς</span> <span class='ocrx_word' id='word_1_212' title='bbox 3061 1779 3190 1848; x_wconf 77' lang='grc' dir='ltr'>περὶ</span> <span class='ocrx_word' id='word_1_213' title='bbox 3229 1780 3414 1840; x_wconf 78' lang='grc' dir='ltr'>αὐτὸν.</span> <span class='ocrx_word' id='word_1_214' title='bbox 3462 1782 3537 1850; x_wconf 82' lang='grc' dir='ltr'>μή</span> <span class='ocrx_word' id='word_1_215' title='bbox 3591 1799 3718 1835; x_wconf 86' lang='grc' dir='ltr'>ποτε</span> 
     </span>
    </p>
   </div>
   <div class='ocr_carea' id='block_1_33' title="bbox 2150 1862 3718 1944">
    <p class='ocr_par' dir='ltr' id='par_1_33' title="bbox 2150 1862 3718 1944">
     <span class='ocr_line' id='line_1_34' title="bbox 2150 1862 3718 1944; baseline 0.008 -30"><span class='ocrx_word' id='word_1_216' title='bbox 2150 1862 2410 1932; x_wconf 82' lang='grc' dir='ltr'>εἰρηνικὰ</span> <span class='ocrx_word' id='word_1_217' title='bbox 2469 1865 2566 1918; x_wconf 75' lang='grc' dir='ltr'>καὶ</span> <span class='ocrx_word' id='word_1_218' title='bbox 2622 1866 2701 1936; x_wconf 81' lang='grc' dir='ltr'>τῷ</span> <span class='ocrx_word' id='word_1_219' title='bbox 2762 1866 3026 1938; x_wconf 82' lang='grc' dir='ltr'>βαρϐάρῳ</span> <span class='ocrx_word' id='word_1_220' title='bbox 3082 1871 3372 1940; x_wconf 82' lang='grc' dir='ltr'>φρονῆσαι.</span> <span class='ocrx_word' id='word_1_221' title='bbox 3410 1872 3718 1944; x_wconf 79' lang='grc' dir='ltr'>Ἀλλάριχος</span> 
     </span>
    </p>
   </div>
   <div class='ocr_carea' id='block_1_34' title="bbox 469 1920 2037 2034">
    <p class='ocr_par' dir='ltr' id='par_1_34' title="bbox 469 1920 2037 2024">
     <span class='ocr_line' id='line_1_35' title="bbox 469 1920 2037 2024; baseline 0.024 -52"><span class='ocrx_word' id='word_1_222' title='bbox 469 1920 662 1989; x_wconf 89' lang='lat' dir='ltr'><strong>ferret,</strong></span> <span class='ocrx_word' id='word_1_223' title='bbox 720 1929 968 1984; x_wconf 90' lang='lat' dir='ltr'><strong>nondum</strong></span> <span class='ocrx_word' id='word_1_224' title='bbox 1004 1936 1222 1991; x_wconf 83' lang='lat' dir='ltr'><strong>statuit.</strong></span> <span class='ocrx_word' id='word_1_225' title='bbox 1273 1938 1470 1998; x_wconf 83' lang='lat' dir='ltr'><strong>Jovius</strong></span> <span class='ocrx_word' id='word_1_226' title='bbox 1505 1945 1823 2004; x_wconf 90' lang='lat' dir='ltr'><strong>inconsulto</strong></span> <span class='ocrx_word' id='word_1_227' title='bbox 1867 1951 2037 2024; x_wconf 90' lang='lat' dir='ltr'><strong>impe-</strong></span> 
     </span>
    </p>
   </div>
   <div class='ocr_carea' id='block_1_35' title="bbox 2145 1920 3719 2034">
    <p class='ocr_par' dir='ltr' id='par_1_35' title="bbox 2153 1920 3719 2034">
     <span class='ocr_line' id='line_1_36' title="bbox 2153 1920 3719 2034; baseline 0.008 -31"><span class='ocrx_word' id='word_1_228' title='bbox 2153 1920 2218 2003; x_wconf 47' lang='grc' dir='ltr'><strong>δὲ,</strong></span> <span class='ocrx_word' id='word_1_229' title='bbox 2253 1920 2314 2004; x_wconf 72' lang='grc' dir='ltr'><strong>τὸ</strong></span> <span class='ocrx_word' id='word_1_230' title='bbox 2366 1951 2590 2023; x_wconf 81' lang='grc' dir='ltr'>ἀξίωμα</span> <span class='ocrx_word' id='word_1_231' title='bbox 2639 1920 3406 2031; x_wconf 22' lang='grc' dir='ltr'>παραιτησάμενος..’ἕτερον</span> <span class='ocrx_word' id='word_1_232' title='bbox 3450 1920 3598 2034; x_wconf 70' lang='grc' dir='ltr'><strong>ᾔτειΓ</strong></span> <span class='ocrx_word' id='word_1_233' title='bbox 3619 1920 3719 2033; x_wconf 60' lang='lat'><strong>1:71:</strong></span> 
     </span>
    </p>
   </div>
   <div class='ocr_carea' id='block_1_36' title="bbox 469 2017 2076 2113">
    <p class='ocr_par' dir='ltr' id='par_1_36' title="bbox 469 2017 2076 2113">
     <span class='ocr_line' id='line_1_37' title="bbox 469 2017 2076 2113; baseline 0.024 -48"><span class='ocrx_word' id='word_1_234' title='bbox 469 2017 674 2072; x_wconf 90' lang='lat' dir='ltr'><strong>ratoris</strong></span> <span class='ocrx_word' id='word_1_235' title='bbox 703 2017 998 2080; x_wconf 88' lang='lat' dir='ltr'><strong>decretum</strong></span> <span class='ocrx_word' id='word_1_236' title='bbox 1036 2026 1302 2086; x_wconf 86' lang='lat' dir='ltr'><strong>Alaricbo</strong></span> <span class='ocrx_word' id='word_1_237' title='bbox 1337 2033 1443 2104; x_wconf 82' lang='lat' dir='ltr'><strong>legi</strong></span> <span class='ocrx_word' id='word_1_238' title='bbox 1489 2037 1682 2106; x_wconf 83' lang='lat' dir='ltr'><strong>jussit.</strong></span> <span class='ocrx_word' id='word_1_239' title='bbox 1722 2042 1916 2113; x_wconf 90' lang='lat' dir='ltr'><strong>Itaque</strong></span> <span class='ocrx_word' id='word_1_240' title='bbox 1952 2017 2076 2102; x_wconf 50' lang='lat' dir='ltr'><strong>ille&#39;</strong></span> 
     </span>
    </p>
   </div>
   <div class='ocr_carea' id='block_1_37' title="bbox 2150 2043 3722 2128">
    <p class='ocr_par' dir='ltr' id='par_1_37' title="bbox 2150 2043 3722 2128">
     <span class='ocr_line' id='line_1_38' title="bbox 2150 2043 3722 2128; baseline 0.008 -32"><span class='ocrx_word' id='word_1_241' title='bbox 2150 2044 2241 2097; x_wconf 86' lang='grc' dir='ltr'>δὲν</span> <span class='ocrx_word' id='word_1_242' title='bbox 2293 2043 2596 2116; x_wconf 86' lang='grc' dir='ltr'>Ῥωμαίοις</span> <span class='ocrx_word' id='word_1_243' title='bbox 2647 2049 2940 2120; x_wconf 82' lang='grc' dir='ltr'>τυγχάνον.</span> <span class='ocrx_word' id='word_1_244' title='bbox 2996 2051 3087 2114; x_wconf 85' lang='grc' dir='ltr'>Ὠς</span> <span class='ocrx_word' id='word_1_245' title='bbox 3139 2052 3197 2105; x_wconf 83' lang='grc' dir='ltr'>δὲ</span> <span class='ocrx_word' id='word_1_246' title='bbox 3249 2053 3329 2118; x_wconf 79' lang='grc' dir='ltr'>δὶς</span> <span class='ocrx_word' id='word_1_247' title='bbox 3386 2054 3722 2128; x_wconf 77' lang='grc' dir='ltr'>πρεσϐευσά-</span> 
     </span>
    </p>
   </div>
   <div class='ocr_carea' id='block_1_38' title="bbox 467 2115 2037 2215">
    <p class='ocr_par' dir='ltr' id='par_1_38' title="bbox 467 2115 2037 2210">
     <span class='ocr_line' id='line_1_39' title="bbox 467 2115 2037 2210; baseline 0.024 -51"><span class='ocrx_word' id='word_1_248' title='bbox 467 2119 700 2178; x_wconf 86' lang='lat' dir='ltr'><strong>propter</strong></span> <span class='ocrx_word' id='word_1_249' title='bbox 729 2115 1057 2184; x_wconf 86' lang='lat' dir='ltr'><strong>dignitatem</strong></span> <span class='ocrx_word' id='word_1_250' title='bbox 1094 2123 1202 2179; x_wconf 91' lang='lat' dir='ltr'><strong>sibi</strong></span> <span class='ocrx_word' id='word_1_251' title='bbox 1240 2125 1590 2199; x_wconf 85' lang='lat' dir='ltr'><strong>denegatam,</strong></span> <span class='ocrx_word' id='word_1_252' title='bbox 1621 2136 1852 2204; x_wconf 85' lang='lat' dir='ltr'><strong>perinde</strong></span> <span class='ocrx_word' id='word_1_253' title='bbox 1884 2149 2037 2210; x_wconf 75' lang='lat' dir='ltr'><strong>atque</strong></span> 
     </span>
    </p>
   </div>
   <div class='ocr_carea' id='block_1_39' title="bbox 2145 2115 3724 2215">
    <p class='ocr_par' dir='ltr' id='par_1_39' title="bbox 2154 2115 3724 2215">
     <span class='ocr_line' id='line_1_40' title="bbox 2154 2115 3724 2215; baseline 0.006 -27"><span class='ocrx_word' id='word_1_254' title='bbox 2154 2153 2316 2204; x_wconf 79' lang='grc' dir='ltr'>μενος</span> <span class='ocrx_word' id='word_1_255' title='bbox 2371 2115 2794 2207; x_wconf 48' lang='grc' dir='ltr'>ἀπετύγχανενξ</span> <span class='ocrx_word' id='word_1_256' title='bbox 2850 2139 3025 2194; x_wconf 80' lang='grc' dir='ltr'>ἐλθὼν</span> <span class='ocrx_word' id='word_1_257' title='bbox 3082 2115 3396 2212; x_wconf 75' lang='grc' dir='ltr'>ἐπολιόρκει</span> <span class='ocrx_word' id='word_1_258' title='bbox 3429 2115 3548 2215; x_wconf 42' lang='grc' dir='ltr'>’τὴν</span> <span class='ocrx_word' id='word_1_259' title='bbox 3592 2145 3724 2200; x_wconf 83' lang='grc' dir='ltr'>Ῥώ-</span> 
     </span>
    </p>
   </div>
   <div class='ocr_carea' id='block_1_40' title="bbox 473 2203 2046 2292">
    <p class='ocr_par' dir='ltr' id='par_1_40' title="bbox 473 2203 2046 2292">
     <span class='ocr_line' id='line_1_41' title="bbox 473 2203 2046 2292; baseline 0.022 -39"><span class='ocrx_word' id='word_1_260' title='bbox 473 2203 675 2272; x_wconf 86' lang='lat' dir='ltr'><strong>inj‘uria</strong></span> <span class='ocrx_word' id='word_1_261' title='bbox 728 2208 961 2266; x_wconf 70' lang='lat' dir='ltr'><strong>allectus</strong></span> <span class='ocrx_word' id='word_1_262' title='bbox 1009 2226 1176 2283; x_wconf 89' lang='lat' dir='ltr'><strong>esset,</strong></span> <span class='ocrx_word' id='word_1_263' title='bbox 1217 2219 1559 2292; x_wconf 85' lang='lat' dir='ltr'><strong>indignatus,</strong></span> <span class='ocrx_word' id='word_1_264' title='bbox 1620 2203 1749 2281; x_wconf 84' lang='lat' dir='ltr'><strong>tuba</strong></span> <span class='ocrx_word' id='word_1_265' title='bbox 1811 2203 2046 2288; x_wconf 85' lang='lat' dir='ltr'><strong>classico</strong></span> 
     </span>
    </p>
   </div>
   <div class='ocr_carea' id='block_1_41' title="bbox 472 2297 2044 2379">
    <p class='ocr_par' dir='ltr' id='par_1_41' title="bbox 472 2297 2044 2379">
     <span class='ocr_line' id='line_1_42' title="bbox 472 2297 2044 2379; baseline 0.02 -32"><span class='ocrx_word' id='word_1_266' title='bbox 472 2297 595 2349; x_wconf 84' lang='lat' dir='ltr'><strong>caui</strong></span> <span class='ocrx_word' id='word_1_267' title='bbox 629 2297 806 2367; x_wconf 74' lang='lat' dir='ltr'><strong>iusso,</strong></span> <span class='ocrx_word' id='word_1_268' title='bbox 840 2303 1068 2360; x_wconf 81' lang='lat' dir='ltr'><strong>Romam</strong></span> <span class='ocrx_word' id='word_1_269' title='bbox 1107 2313 1414 2369; x_wconf 74' lang='lat' dir='ltr'><strong>contendit.</strong></span> <span class='ocrx_word' id='word_1_270' title='bbox 1445 2315 1639 2372; x_wconf 80' lang='lat' dir='ltr'><strong>Jovius</strong></span> <span class='ocrx_word' id='word_1_271' title='bbox 1681 2329 1861 2376; x_wconf 89' lang='lat' dir='ltr'><strong>autem</strong></span> <span class='ocrx_word' id='word_1_272' title='bbox 1896 2335 2044 2379; x_wconf 85' lang='lat' dir='ltr'><strong>metu</strong></span> 
     </span>
    </p>
   </div>
   <div class='ocr_carea' id='block_1_42' title="bbox 472 2392 2044 2484">
    <p class='ocr_par' dir='ltr' id='par_1_42' title="bbox 472 2392 2044 2484">
     <span class='ocr_line' id='line_1_43' title="bbox 472 2392 2044 2484; baseline 0.018 -41"><span class='ocrx_word' id='word_1_273' title='bbox 472 2392 785 2461; x_wconf 84' lang='lat' dir='ltr'><strong>perculsus,</strong></span> <span class='ocrx_word' id='word_1_274' title='bbox 816 2412 885 2453; x_wconf 89' lang='lat' dir='ltr'><strong>ne</strong></span> <span class='ocrx_word' id='word_1_275' title='bbox 921 2400 974 2453; x_wconf 91' lang='lat' dir='ltr'><strong>in</strong></span> <span class='ocrx_word' id='word_1_276' title='bbox 1019 2404 1419 2472; x_wconf 86' lang='lat' dir='ltr'><strong>suspicionem,</strong></span> <span class='ocrx_word' id='word_1_277' title='bbox 1451 2410 1688 2478; x_wconf 84' lang='lat' dir='ltr'><strong>perinde</strong></span> <span class='ocrx_word' id='word_1_278' title='bbox 1719 2424 1888 2484; x_wconf 88' lang='lat' dir='ltr'><strong>atque</strong></span> <span class='ocrx_word' id='word_1_279' title='bbox 1916 2416 2044 2472; x_wconf 82' lang='lat' dir='ltr'><strong>bar-</strong></span> 
     </span>
    </p>
   </div>
   <div class='ocr_carea' id='block_1_43' title="bbox 473 2481 2046 2579">
    <p class='ocr_par' dir='ltr' id='par_1_43' title="bbox 473 2481 2046 2579">
     <span class='ocr_line' id='line_1_44' title="bbox 473 2481 2046 2579; baseline 0.02 -45"><span class='ocrx_word' id='word_1_280' title='bbox 473 2481 612 2536; x_wconf 85' lang='lat' dir='ltr'><strong>baro</strong></span> <span class='ocrx_word' id='word_1_281' title='bbox 641 2484 870 2554; x_wconf 87' lang='lat' dir='ltr'><strong>faveret,</strong></span> <span class='ocrx_word' id='word_1_282' title='bbox 907 2493 1051 2561; x_wconf 89' lang='lat' dir='ltr'><strong>apud</strong></span> <span class='ocrx_word' id='word_1_283' title='bbox 1080 2494 1473 2564; x_wconf 87' lang='lat' dir='ltr'><strong>imperatorem</strong></span> <span class='ocrx_word' id='word_1_284' title='bbox 1512 2481 1809 2568; x_wconf 69' lang='lat' dir='ltr'><strong>incideret,</strong></span> <span class='ocrx_word' id='word_1_285' title='bbox 1837 2507 2046 2579; x_wconf 85' lang='lat' dir='ltr'><strong>impru-</strong></span> 
     </span>
    </p>
   </div>
   <div class='ocr_carea' id='block_1_44' title="bbox 473 2574 2042 2662">
    <p class='ocr_par' dir='ltr' id='par_1_44' title="bbox 473 2574 2042 2662">
     <span class='ocr_line' id='line_1_45' title="bbox 473 2574 2042 2662; baseline 0.02 -36"><span class='ocrx_word' id='word_1_286' title='bbox 473 2574 696 2632; x_wconf 89' lang='lat' dir='ltr'><strong>dentius</strong></span> <span class='ocrx_word' id='word_1_287' title='bbox 723 2581 888 2636; x_wconf 89' lang='lat' dir='ltr'><strong>etiam</strong></span> <span class='ocrx_word' id='word_1_288' title='bbox 926 2600 1092 2653; x_wconf 76' lang='lat' dir='ltr'><strong>quam</strong></span> <span class='ocrx_word' id='word_1_289' title='bbox 1126 2601 1284 2643; x_wconf 81' lang='lat' dir='ltr'><strong>antea</strong></span> <span class='ocrx_word' id='word_1_290' title='bbox 1307 2592 1668 2662; x_wconf 88' lang='lat' dir='ltr'><strong>jurisjurandi</strong></span> <span class='ocrx_word' id='word_1_291' title='bbox 1696 2613 2042 2658; x_wconf 85' lang='lat' dir='ltr'><strong>sacramento</strong></span> 
     </span>
    </p>
   </div>
   <div class='ocr_carea' id='block_1_45' title="bbox 470 2671 2043 2750">
    <p class='ocr_par' dir='ltr' id='par_1_45' title="bbox 470 2671 2043 2750">
     <span class='ocr_line' id='line_1_46' title="bbox 470 2671 2043 2750; baseline 0.018 -29"><span class='ocrx_word' id='word_1_292' title='bbox 470 2684 602 2725; x_wconf 88' lang='lat' dir='ltr'><strong>suos</strong></span> <span class='ocrx_word' id='word_1_293' title='bbox 633 2671 841 2743; x_wconf 84' lang='lat' dir='ltr'><strong>adegit.</strong></span> <span class='ocrx_word' id='word_1_294' title='bbox 867 2691 934 2730; x_wconf 90' lang='lat' dir='ltr'><strong>ne</strong></span> <span class='ocrx_word' id='word_1_295' title='bbox 968 2693 1157 2745; x_wconf 90' lang='lat' dir='ltr'><strong>pacem</strong></span> <span class='ocrx_word' id='word_1_296' title='bbox 1191 2697 1432 2750; x_wconf 88' lang='lat' dir='ltr'><strong>unquam</strong></span> <span class='ocrx_word' id='word_1_297' title='bbox 1467 2702 1591 2739; x_wconf 90' lang='lat' dir='ltr'><strong>cum</strong></span> <span class='ocrx_word' id='word_1_298' title='bbox 1625 2688 1864 2746; x_wconf 88' lang='lat' dir='ltr'><strong>barbaro</strong></span> <span class='ocrx_word' id='word_1_299' title='bbox 1897 2694 2043 2750; x_wconf 89' lang='lat' dir='ltr'><strong>face-</strong></span> 
     </span>
    </p>
   </div>
   <div class='ocr_carea' id='block_1_46' title="bbox 465 2760 2038 2850">
    <p class='ocr_par' dir='ltr' id='par_1_46' title="bbox 465 2760 2038 2850">
     <span class='ocr_line' id='line_1_47' title="bbox 465 2760 2038 2850; baseline 0.013 -38"><span class='ocrx_word' id='word_1_300' title='bbox 465 2767 612 2812; x_wconf 83' lang='lat' dir='ltr'><strong>rent.</strong></span> <span class='ocrx_word' id='word_1_301' title='bbox 671 2760 845 2818; x_wconf 84' lang='lat' dir='ltr'><strong>Porro</strong></span> <span class='ocrx_word' id='word_1_302' title='bbox 875 2765 1170 2823; x_wconf 79' lang='lat' dir='ltr'><strong>Alnricltus</strong></span> <span class='ocrx_word' id='word_1_303' title='bbox 1217 2772 1318 2837; x_wconf 69' lang='lat' dir='ltr'><strong>(I),</strong></span> <span class='ocrx_word' id='word_1_304' title='bbox 1375 2771 1644 2842; x_wconf 84' lang='lat' dir='ltr'><strong>dignitate</strong></span> <span class='ocrx_word' id='word_1_305' title='bbox 1697 2789 2038 2850; x_wconf 69' lang='lat' dir='ltr'><strong>contempta,</strong></span> 
     </span>
    </p>
   </div>
   <div class='ocr_carea' id='block_1_47' title="bbox 466 2853 2037 2940">
    <p class='ocr_par' dir='ltr' id='par_1_47' title="bbox 466 2853 2037 2940">
     <span class='ocr_line' id='line_1_48' title="bbox 466 2853 2037 2940; baseline 0.015 -36"><span class='ocrx_word' id='word_1_306' title='bbox 466 2853 605 2908; x_wconf 88' lang='lat' dir='ltr'><strong>nihil</strong></span> <span class='ocrx_word' id='word_1_307' title='bbox 655 2857 894 2927; x_wconf 84' lang='lat' dir='ltr'><strong>amplius</strong></span> <span class='ocrx_word' id='word_1_308' title='bbox 928 2861 1076 2929; x_wconf 92' lang='lat' dir='ltr'><strong>quod</strong></span> <span class='ocrx_word' id='word_1_309' title='bbox 1137 2863 1370 2918; x_wconf 85' lang='lat' dir='ltr'><strong>Romani</strong></span> <span class='ocrx_word' id='word_1_310' title='bbox 1424 2866 1713 2933; x_wconf 87' lang='lat' dir='ltr'><strong>baberent,</strong></span> <span class='ocrx_word' id='word_1_311' title='bbox 1751 2872 1930 2940; x_wconf 81' lang='lat' dir='ltr'><strong>petiit.</strong></span> <span class='ocrx_word' id='word_1_312' title='bbox 1966 2875 2037 2929; x_wconf 81' lang='lat' dir='ltr'><strong>Et</strong></span> 
     </span>
    </p>
   </div>
   <div class='ocr_carea' id='block_1_48' title="bbox 463 2945 2034 3034">
    <p class='ocr_par' dir='ltr' id='par_1_48' title="bbox 463 2945 2034 3034">
     <span class='ocr_line' id='line_1_49' title="bbox 463 2945 2034 3034; baseline 0.013 -35"><span class='ocrx_word' id='word_1_313' title='bbox 463 2945 557 3000; x_wconf 87' lang='lat' dir='ltr'><strong>ubi</strong></span> <span class='ocrx_word' id='word_1_314' title='bbox 588 2947 672 3003; x_wconf 88' lang='lat' dir='ltr'><strong>bis</strong></span> <span class='ocrx_word' id='word_1_315' title='bbox 705 2950 1095 3021; x_wconf 90' lang='lat' dir='ltr'><strong>episcoporum</strong></span> <span class='ocrx_word' id='word_1_316' title='bbox 1131 2954 1409 3024; x_wconf 84' lang='lat' dir='ltr'><strong>legatione</strong></span> <span class='ocrx_word' id='word_1_317' title='bbox 1443 2961 1632 3022; x_wconf 88' lang='lat' dir='ltr'><strong>missa,</strong></span> <span class='ocrx_word' id='word_1_318' title='bbox 1660 2965 1806 3032; x_wconf 91' lang='lat' dir='ltr'><strong>quod</strong></span> <span class='ocrx_word' id='word_1_319' title='bbox 1839 2975 2034 3034; x_wconf 78' lang='lat' dir='ltr'><strong>postu-</strong></span> 
     </span>
    </p>
   </div>
   <div class='ocr_carea' id='block_1_49' title="bbox 459 3040 2037 3116">
    <p class='ocr_par' dir='ltr' id='par_1_49' title="bbox 459 3040 2037 3116">
     <span class='ocr_line' id='line_1_50' title="bbox 459 3040 2037 3116; baseline 0.013 -22"><span class='ocrx_word' id='word_1_320' title='bbox 459 3040 638 3106; x_wconf 82' lang='lat' dir='ltr'><strong>lavit,</strong></span> <span class='ocrx_word' id='word_1_321' title='bbox 672 3059 782 3099; x_wconf 90' lang='lat' dir='ltr'><strong>non</strong></span> <span class='ocrx_word' id='word_1_322' title='bbox 820 3047 1177 3116; x_wconf 88' lang='lat' dir='ltr'><strong>impetravit,</strong></span> <span class='ocrx_word' id='word_1_323' title='bbox 1219 3051 1450 3108; x_wconf 88' lang='lat' dir='ltr'><strong>Romam</strong></span> <span class='ocrx_word' id='word_1_324' title='bbox 1502 3071 1699 3110; x_wconf 89' lang='lat' dir='ltr'><strong>rursus</strong></span> <span class='ocrx_word' id='word_1_325' title='bbox 1745 3059 2037 3116; x_wconf 89' lang='lat' dir='ltr'><strong>obsidione</strong></span> 
     </span>
    </p>
   </div>
   <div class='ocr_carea' id='block_1_50' title="bbox 460 3135 2032 3217">
    <p class='ocr_par' dir='ltr' id='par_1_50' title="bbox 460 3135 2032 3217">
     <span class='ocr_line' id='line_1_51' title="bbox 460 3135 2032 3217; baseline 0.011 -31"><span class='ocrx_word' id='word_1_326' title='bbox 460 3135 636 3190; x_wconf 73' lang='lat' dir='ltr'><strong>cinxit</strong></span> <span class='ocrx_word' id='word_1_327' title='bbox 664 3154 678 3191; x_wconf 94' lang='lat'><strong>:</strong></span> <span class='ocrx_word' id='word_1_328' title='bbox 711 3148 990 3208; x_wconf 88' lang='lat' dir='ltr'><strong>portuque</strong></span> <span class='ocrx_word' id='word_1_329' title='bbox 1021 3150 1204 3211; x_wconf 88' lang='lat' dir='ltr'><strong>capto,</strong></span> <span class='ocrx_word' id='word_1_330' title='bbox 1243 3144 1524 3202; x_wconf 81' lang='lat' dir='ltr'><strong>Romanos</strong></span> <span class='ocrx_word' id='word_1_331' title='bbox 1553 3148 1628 3214; x_wconf 81' lang='lat' dir='ltr'><strong>vi,</strong></span> <span class='ocrx_word' id='word_1_332' title='bbox 1665 3157 1722 3203; x_wconf 93' lang='lat' dir='ltr'><strong>ut</strong></span> <span class='ocrx_word' id='word_1_333' title='bbox 1764 3151 2032 3217; x_wconf 85' lang='lat' dir='ltr'><strong>Attalum,</strong></span> 
     </span>
    </p>
   </div>
   <div class='ocr_carea' id='block_1_51' title="bbox 2152 2229 3722 2304">
    <p class='ocr_par' dir='ltr' id='par_1_51' title="bbox 2152 2229 3722 2304">
     <span class='ocr_line' id='line_1_52' title="bbox 2152 2229 3722 2304; baseline 0.006 -25"><span class='ocrx_word' id='word_1_334' title='bbox 2152 2245 2282 2298; x_wconf 86' lang='grc' dir='ltr'>μην.</span> <span class='ocrx_word' id='word_1_335' title='bbox 2357 2229 2529 2285; x_wconf 80' lang='grc' dir='ltr'>Ἐλὼν</span> <span class='ocrx_word' id='word_1_336' title='bbox 2592 2230 2651 2283; x_wconf 80' lang='grc' dir='ltr'>δὲ</span> <span class='ocrx_word' id='word_1_337' title='bbox 2711 2232 2771 2284; x_wconf 78' lang='grc' dir='ltr'><strong>τὸ</strong></span> <span class='ocrx_word' id='word_1_338' title='bbox 2840 2233 3082 2287; x_wconf 75' lang='grc' dir='ltr'>ἐπίνειον</span> <span class='ocrx_word' id='word_1_339' title='bbox 3144 2236 3392 2304; x_wconf 72' lang='grc' dir='ltr'>Πὸρτον,</span> <span class='ocrx_word' id='word_1_340' title='bbox 3459 2237 3722 2290; x_wconf 73' lang='grc' dir='ltr'>Ἀτταλὸν</span> 
     </span>
    </p>
   </div>
   <div class='ocr_carea' id='block_1_52' title="bbox 2146 2319 3707 2395">
    <p class='ocr_par' dir='ltr' id='par_1_52' title="bbox 2146 2319 3707 2395">
     <span class='ocr_line' id='line_1_53' title="bbox 2146 2319 3707 2395; baseline 0.006 -22"><span class='ocrx_word' id='word_1_341' title='bbox 2146 2337 2290 2385; x_wconf 86' lang='grc' dir='ltr'>τινα,</span> <span class='ocrx_word' id='word_1_342' title='bbox 2345 2319 2596 2392; x_wconf 74' lang='grc' dir='ltr'>ὕπαρχον</span> <span class='ocrx_word' id='word_1_343' title='bbox 2637 2324 2945 2392; x_wconf 77' lang='grc' dir='ltr'>τηνικαῦτα</span> <span class='ocrx_word' id='word_1_344' title='bbox 2975 2327 3076 2395; x_wconf 84' lang='grc' dir='ltr'>τῆς</span> <span class='ocrx_word' id='word_1_345' title='bbox 3125 2328 3338 2392; x_wconf 80' lang='grc' dir='ltr'>πόλεως</span> <span class='ocrx_word' id='word_1_346' title='bbox 3385 2329 3547 2393; x_wconf 78' lang='grc' dir='ltr'>ὄντα,</span> <span class='ocrx_word' id='word_1_347' title='bbox 3592 2330 3707 2383; x_wconf 84' lang='grc' dir='ltr'>Ῥω</span> 
     </span>
    </p>
   </div>
   <div class='ocr_carea' id='block_1_53' title="bbox 2150 2414 3718 2491">
    <p class='ocr_par' dir='ltr' id='par_1_53' title="bbox 2150 2414 3718 2491">
     <span class='ocr_line' id='line_1_54' title="bbox 2150 2414 3718 2491; baseline 0.008 -25"><span class='ocrx_word' id='word_1_348' title='bbox 2150 2414 2347 2482; x_wconf 78' lang='grc' dir='ltr'>μαίους</span> <span class='ocrx_word' id='word_1_349' title='bbox 2374 2415 2560 2478; x_wconf 81' lang='grc' dir='ltr'>ἐϐίαζε</span> <span class='ocrx_word' id='word_1_350' title='bbox 2590 2415 2818 2485; x_wconf 75' lang='grc' dir='ltr'>βασιλέα</span> <span class='ocrx_word' id='word_1_351' title='bbox 2846 2418 3184 2488; x_wconf 70' lang='grc' dir='ltr'>ψηφίζεσθαι</span> <span class='ocrx_word' id='word_1_352' title='bbox 3205 2437 3218 2451; x_wconf 74' lang='grc'><strong><em>⁸</em></strong></span> <span class='ocrx_word' id='word_1_353' title='bbox 3251 2421 3279 2474; x_wconf 74' lang='grc' dir='ltr'><strong>ὃ</strong></span> <span class='ocrx_word' id='word_1_354' title='bbox 3307 2422 3403 2475; x_wconf 81' lang='grc' dir='ltr'>καὶ</span> <span class='ocrx_word' id='word_1_355' title='bbox 3433 2422 3718 2491; x_wconf 77' lang='grc' dir='ltr'>ἐποίησαν.</span> 
     </span>
    </p>
   </div>
   <div class='ocr_carea' id='block_1_54' title="bbox 2159 2503 3719 2584">
    <p class='ocr_par' dir='ltr' id='par_1_54' title="bbox 2159 2503 3719 2584">
     <span class='ocr_line' id='line_1_55' title="bbox 2159 2503 3719 2584; baseline 0.005 -28"><span class='ocrx_word' id='word_1_356' title='bbox 2159 2503 2399 2568; x_wconf 83' lang='grc' dir='ltr'>Ἐκεῖνος</span> <span class='ocrx_word' id='word_1_357' title='bbox 2432 2505 2489 2558; x_wconf 82' lang='grc' dir='ltr'>δὲ</span> <span class='ocrx_word' id='word_1_358' title='bbox 2524 2507 2754 2572; x_wconf 70' lang='grc' dir='ltr'>πολλοὺς</span> <span class='ocrx_word' id='word_1_359' title='bbox 2799 2510 3090 2579; x_wconf 86' lang='grc' dir='ltr'>Ῥωμαίων</span> <span class='ocrx_word' id='word_1_360' title='bbox 3132 2513 3224 2564; x_wconf 71' lang='grc' dir='ltr'>ἐπὶ</span> <span class='ocrx_word' id='word_1_361' title='bbox 3257 2513 3356 2574; x_wconf 75' lang='grc' dir='ltr'><strong>τὰς</strong></span> <span class='ocrx_word' id='word_1_362' title='bbox 3386 2513 3558 2584; x_wconf 74' lang='grc' dir='ltr'>ἀρχὰς</span> <span class='ocrx_word' id='word_1_363' title='bbox 3589 2531 3719 2582; x_wconf 74' lang='grc' dir='ltr'>προ-</span> 
     </span>
    </p>
   </div>
   <div class='ocr_carea' id='block_1_55' title="bbox 2146 2594 3719 2674">
    <p class='ocr_par' dir='ltr' id='par_1_55' title="bbox 2146 2594 3719 2674">
     <span class='ocr_line' id='line_1_56' title="bbox 2146 2594 3719 2674; baseline 0.008 -28"><span class='ocrx_word' id='word_1_364' title='bbox 2146 2594 2500 2664; x_wconf 84' lang='grc' dir='ltr'>ϐαλλόμενος,</span> <span class='ocrx_word' id='word_1_365' title='bbox 2533 2599 2630 2651; x_wconf 72' lang='grc' dir='ltr'><strong>καὶ</strong></span> <span class='ocrx_word' id='word_1_366' title='bbox 2676 2599 2994 2671; x_wconf 85' lang='grc' dir='ltr'>Ἀλλάριχον</span> <span class='ocrx_word' id='word_1_367' title='bbox 3029 2603 3362 2672; x_wconf 74' lang='grc' dir='ltr'>ἐχειροτόνει</span> <span class='ocrx_word' id='word_1_368' title='bbox 3417 2607 3719 2674; x_wconf 73' lang='grc' dir='ltr'>στρατηγὸν</span> 
     </span>
    </p>
   </div>
   <div class='ocr_carea' id='block_1_56' title="bbox 2145 2689 3718 2768">
    <p class='ocr_par' dir='ltr' id='par_1_56' title="bbox 2145 2689 3718 2768">
     <span class='ocr_line' id='line_1_57' title="bbox 2145 2689 3718 2768; baseline 0.008 -28"><span class='ocrx_word' id='word_1_369' title='bbox 2145 2689 2415 2758; x_wconf 82' lang='grc' dir='ltr'>ἑκατέρας</span> <span class='ocrx_word' id='word_1_370' title='bbox 2478 2691 2766 2763; x_wconf 87' lang='grc' dir='ltr'>δυνάμεως</span> <span class='ocrx_word' id='word_1_371' title='bbox 2798 2709 2812 2722; x_wconf 73' lang='grc' dir='ltr'><strong>ο</strong></span> <span class='ocrx_word' id='word_1_372' title='bbox 2862 2693 3191 2765; x_wconf 83' lang='grc' dir='ltr'>Ἀδαοῦλφον</span> <span class='ocrx_word' id='word_1_373' title='bbox 3245 2697 3340 2750; x_wconf 77' lang='grc' dir='ltr'><strong>τὸν</strong></span> <span class='ocrx_word' id='word_1_374' title='bbox 3385 2697 3484 2768; x_wconf 78' lang='grc' dir='ltr'>τῆς</span> <span class='ocrx_word' id='word_1_375' title='bbox 3514 2699 3718 2762; x_wconf 76' lang='grc' dir='ltr'>οἰκείας</span> 
     </span>
    </p>
   </div>
   <div class='ocr_carea' id='block_1_57' title="bbox 2145 2786 3714 2860">
    <p class='ocr_par' dir='ltr' id='par_1_57' title="bbox 2145 2786 3714 2860">
     <span class='ocr_line' id='line_1_58' title="bbox 2145 2786 3714 2860; baseline 0.006 -23"><span class='ocrx_word' id='word_1_376' title='bbox 2145 2789 2396 2857; x_wconf 86' lang='grc' dir='ltr'>γαμετῆς</span> <span class='ocrx_word' id='word_1_377' title='bbox 2451 2786 2683 2856; x_wconf 72' lang='grc' dir='ltr'>ἀδελφὸν</span> <span class='ocrx_word' id='word_1_378' title='bbox 2739 2791 2990 2860; x_wconf 75' lang='grc' dir='ltr'>ἡγεμόνα</span> <span class='ocrx_word' id='word_1_379' title='bbox 3050 2791 3158 2843; x_wconf 85' lang='grc' dir='ltr'><strong>τῶν</strong></span> <span class='ocrx_word' id='word_1_380' title='bbox 3198 2791 3407 2846; x_wconf 74' lang='grc' dir='ltr'>ἱππέων</span> <span class='ocrx_word' id='word_1_381' title='bbox 3465 2793 3714 2846; x_wconf 81' lang='grc' dir='ltr'>καθίστα.</span> 
     </span>
    </p>
   </div>
   <div class='ocr_carea' id='block_1_58' title="bbox 2150 2879 3714 2954">
    <p class='ocr_par' dir='ltr' id='par_1_58' title="bbox 2150 2879 3714 2954">
     <span class='ocr_line' id='line_1_59' title="bbox 2150 2879 3714 2954; baseline 0.003 -22"><span class='ocrx_word' id='word_1_382' title='bbox 2150 2879 2420 2941; x_wconf 78' lang='grc' dir='ltr'>’Ἄτταλος</span> <span class='ocrx_word' id='word_1_383' title='bbox 2443 2879 2500 2932; x_wconf 84' lang='grc' dir='ltr'>δὲ</span> <span class='ocrx_word' id='word_1_384' title='bbox 2545 2882 2890 2949; x_wconf 84' lang='grc' dir='ltr'>συγκαλέσας</span> <span class='ocrx_word' id='word_1_385' title='bbox 2941 2883 3003 2936; x_wconf 78' lang='grc' dir='ltr'><strong>τὸ</strong></span> <span class='ocrx_word' id='word_1_386' title='bbox 3032 2882 3255 2954; x_wconf 75' lang='grc' dir='ltr'>πλῆθος,</span> <span class='ocrx_word' id='word_1_387' title='bbox 3296 2883 3451 2951; x_wconf 86' lang='grc' dir='ltr'>λόγον</span> <span class='ocrx_word' id='word_1_388' title='bbox 3478 2883 3714 2952; x_wconf 77' lang='grc' dir='ltr'>διεξῆλθε</span> 
     </span>
    </p>
   </div>
   <div class='ocr_carea' id='block_1_59' title="bbox 2146 2970 3715 3047">
    <p class='ocr_par' dir='ltr' id='par_1_59' title="bbox 2146 2970 3715 3047">
     <span class='ocr_line' id='line_1_60' title="bbox 2146 2970 3715 3047; baseline 0.003 -24"><span class='ocrx_word' id='word_1_389' title='bbox 2146 2970 2298 3040; x_wconf 81' lang='grc' dir='ltr'>μάλα</span> <span class='ocrx_word' id='word_1_390' title='bbox 2325 2971 2603 3042; x_wconf 71' lang='grc' dir='ltr'>λαμπρὸν,</span> <span class='ocrx_word' id='word_1_391' title='bbox 2657 2973 3092 3046; x_wconf 82' lang='grc' dir='ltr'>ὑπισχνούμενος</span> <span class='ocrx_word' id='word_1_392' title='bbox 3126 2977 3193 3029; x_wconf 81' lang='grc' dir='ltr'>τὰ</span> <span class='ocrx_word' id='word_1_393' title='bbox 3225 2970 3430 3046; x_wconf 65' lang='grc' dir='ltr'>πῖιτρια</span> <span class='ocrx_word' id='word_1_394' title='bbox 3460 2980 3524 3047; x_wconf 81' lang='grc' dir='ltr'>τῇ</span> <span class='ocrx_word' id='word_1_395' title='bbox 3587 2993 3715 3043; x_wconf 82' lang='grc' dir='ltr'>συγ-</span> 
     </span>
    </p>
   </div>
   <div class='ocr_carea' id='block_1_60' title="bbox 2141 3063 3714 3137">
    <p class='ocr_par' dir='ltr' id='par_1_60' title="bbox 2141 3063 3714 3137">
     <span class='ocr_line' id='line_1_61' title="bbox 2141 3063 3714 3137; baseline 0.004 -22"><span class='ocrx_word' id='word_1_396' title='bbox 2141 3063 2326 3134; x_wconf 85' lang='grc' dir='ltr'>κλήτῳ</span> <span class='ocrx_word' id='word_1_397' title='bbox 2358 3064 2524 3134; x_wconf 82' lang='grc' dir='ltr'>ἀθιγῆ</span> <span class='ocrx_word' id='word_1_398' title='bbox 2578 3067 2836 3136; x_wconf 85' lang='grc' dir='ltr'>τηρῆσαι,</span> <span class='ocrx_word' id='word_1_399' title='bbox 2868 3069 2968 3137; x_wconf 83' lang='grc' dir='ltr'>τήν</span> <span class='ocrx_word' id='word_1_400' title='bbox 3006 3084 3065 3120; x_wconf 88' lang='grc' dir='ltr'><strong>τε</strong></span> <span class='ocrx_word' id='word_1_401' title='bbox 3127 3067 3202 3120; x_wconf 77' lang='grc' dir='ltr'><strong>ἕω</strong></span> <span class='ocrx_word' id='word_1_402' title='bbox 3257 3071 3438 3122; x_wconf 79' lang='grc' dir='ltr'>πᾶσαν</span> <span class='ocrx_word' id='word_1_403' title='bbox 3490 3071 3580 3123; x_wconf 63' lang='grc' dir='ltr'><strong>καὶ¹</strong></span> <span class='ocrx_word' id='word_1_404' title='bbox 3618 3069 3714 3122; x_wconf 83' lang='grc' dir='ltr'><strong>Αί-</strong></span> 
     </span>
    </p>
   </div>
   <div class='ocr_carea' id='block_1_61' title="bbox 2139 3152 3716 3228">
    <p class='ocr_par' dir='ltr' id='par_1_61' title="bbox 2139 3152 3716 3228">
     <span class='ocr_line' id='line_1_62' title="bbox 2139 3152 3716 3228; baseline 0.001 -20"><span class='ocrx_word' id='word_1_405' title='bbox 2139 3171 2350 3224; x_wconf 86' lang='grc' dir='ltr'>γυπτον</span> <span class='ocrx_word' id='word_1_406' title='bbox 2397 3155 2643 3225; x_wconf 80' lang='grc' dir='ltr'>ὑπήκοον</span> <span class='ocrx_word' id='word_1_407' title='bbox 2712 3156 2936 3221; x_wconf 77' lang='grc' dir='ltr'>Ἰταλοῖς</span> <span class='ocrx_word' id='word_1_408' title='bbox 2989 3157 3235 3227; x_wconf 81' lang='grc' dir='ltr'>ποιῆσαι.</span> <span class='ocrx_word' id='word_1_409' title='bbox 3272 3159 3380 3210; x_wconf 74' lang='grc' dir='ltr'><strong>Καὶ</strong></span> <span class='ocrx_word' id='word_1_410' title='bbox 3407 3159 3434 3210; x_wconf 83' lang='grc' dir='ltr'>ὁ</span> <span class='ocrx_word' id='word_1_411' title='bbox 3477 3157 3576 3228; x_wconf 79' lang='grc' dir='ltr'><strong>μὲν</strong></span> <span class='ocrx_word' id='word_1_412' title='bbox 3625 3152 3716 3211; x_wconf 79' lang='grc' dir='ltr'><strong>ὧδ’</strong></span> 
     </span>
    </p>
   </div>
   <div class='ocr_carea' id='block_1_62' title="bbox 462 3231 2037 3322">
    <p class='ocr_par' dir='ltr' id='par_1_62' title="bbox 462 3231 2037 3309">
     <span class='ocr_line' id='line_1_63' title="bbox 462 3231 2037 3309; baseline 0.011 -27"><span class='ocrx_word' id='word_1_413' title='bbox 462 3231 617 3286; x_wconf 90' lang='lat' dir='ltr'><strong>urbis</strong></span> <span class='ocrx_word' id='word_1_414' title='bbox 678 3240 794 3286; x_wconf 91' lang='lat' dir='ltr'><strong>tum</strong></span> <span class='ocrx_word' id='word_1_415' title='bbox 865 3234 1213 3302; x_wconf 61' lang='lat' dir='ltr'><strong>praefectum,</strong></span> <span class='ocrx_word' id='word_1_416' title='bbox 1281 3239 1678 3309; x_wconf 83' lang='lat' dir='ltr'><strong>imperatorem</strong></span> <span class='ocrx_word' id='word_1_417' title='bbox 1747 3256 2037 3307; x_wconf 86' lang='lat' dir='ltr'><strong>crearent.</strong></span> 
     </span>
    </p>
   </div>
   <div class='ocr_carea' id='block_1_63' title="bbox 2145 3231 3716 3322">
    <p class='ocr_par' dir='ltr' id='par_1_63' title="bbox 2145 3245 3716 3320">
     <span class='ocr_line' id='line_1_64' title="bbox 2145 3245 3716 3320; baseline 0.001 -22"><span class='ocrx_word' id='word_1_418' title='bbox 2145 3247 2538 3316; x_wconf 80' lang='grc' dir='ltr'>ἐπαιρόμενος,</span> <span class='ocrx_word' id='word_1_419' title='bbox 2593 3248 2705 3301; x_wconf 82' lang='grc' dir='ltr'>οὐδ’</span> <span class='ocrx_word' id='word_1_420' title='bbox 2739 3250 2819 3310; x_wconf 83' lang='grc' dir='ltr'>εἰς</span> <span class='ocrx_word' id='word_1_421' title='bbox 2857 3249 3108 3302; x_wconf 70' lang='grc' dir='ltr'>ἐνιαυτὸν</span> <span class='ocrx_word' id='word_1_422' title='bbox 3153 3245 3311 3320; x_wconf 78' lang='grc' dir='ltr'>ἦρξε,</span> <span class='ocrx_word' id='word_1_423' title='bbox 3363 3251 3438 3319; x_wconf 79' lang='grc' dir='ltr'>μὴ</span> <span class='ocrx_word' id='word_1_424' title='bbox 3480 3247 3716 3311; x_wconf 80' lang='grc' dir='ltr'>πεισθεὶς</span> 
     </span>
    </p>
   </div>
   <div class='ocr_carea' id='block_1_64' title="bbox 459 3327 2035 3402">
    <p class='ocr_par' dir='ltr' id='par_1_64' title="bbox 459 3327 2035 3402">
     <span class='ocr_line' id='line_1_65' title="bbox 459 3327 2035 3402; baseline 0.008 -24"><span class='ocrx_word' id='word_1_425' title='bbox 459 3327 663 3396; x_wconf 81' lang='lat' dir='ltr'><strong>coegit.</strong></span> <span class='ocrx_word' id='word_1_426' title='bbox 708 3327 767 3382; x_wconf 91' lang='lat' dir='ltr'><strong>ld</strong></span> <span class='ocrx_word' id='word_1_427' title='bbox 821 3327 899 3382; x_wconf 91' lang='lat' dir='ltr'><strong>illi</strong></span> <span class='ocrx_word' id='word_1_428' title='bbox 934 3329 1139 3384; x_wconf 89' lang='lat' dir='ltr'><strong>fecere.</strong></span> <span class='ocrx_word' id='word_1_429' title='bbox 1206 3330 1370 3402; x_wconf 68' lang='lat'><strong>423</strong></span> <span class='ocrx_word' id='word_1_430' title='bbox 1405 3332 1626 3389; x_wconf 86' lang='lat' dir='ltr'><strong>Attalus</strong></span> <span class='ocrx_word' id='word_1_431' title='bbox 1672 3345 1860 3391; x_wconf 86' lang='lat' dir='ltr'><strong>autem</strong></span> <span class='ocrx_word' id='word_1_432' title='bbox 1911 3355 2035 3393; x_wconf 88' lang='lat' dir='ltr'><strong>cum</strong></span> 
     </span>
    </p>
   </div>
   <div class='ocr_carea' id='block_1_65' title="bbox 460 3416 2040 3493">
    <p class='ocr_par' dir='ltr' id='par_1_65' title="bbox 460 3416 2040 3493">
     <span class='ocr_line' id='line_1_66' title="bbox 460 3416 2040 3493; baseline 0.01 -23"><span class='ocrx_word' id='word_1_433' title='bbox 460 3416 728 3473; x_wconf 84' lang='lat' dir='ltr'><strong>Romanis</strong></span> <span class='ocrx_word' id='word_1_434' title='bbox 768 3421 958 3476; x_wconf 88' lang='lat' dir='ltr'><strong>multis</strong></span> <span class='ocrx_word' id='word_1_435' title='bbox 986 3423 1346 3492; x_wconf 83' lang='lat' dir='ltr'><strong>magistratus</strong></span> <span class='ocrx_word' id='word_1_436' title='bbox 1373 3428 1674 3493; x_wconf 87' lang='lat' dir='ltr'><strong>concessit,</strong></span> <span class='ocrx_word' id='word_1_437' title='bbox 1711 3438 1824 3484; x_wconf 91' lang='lat' dir='ltr'><strong>tum</strong></span> <span class='ocrx_word' id='word_1_438' title='bbox 1861 3433 2040 3486; x_wconf 81' lang='lat' dir='ltr'><strong>Alari-</strong></span> 
     </span>
    </p>
   </div>
   <div class='ocr_carea' id='block_1_66' title="bbox 459 3512 2039 3587">
    <p class='ocr_par' dir='ltr' id='par_1_66' title="bbox 459 3512 2039 3587">
     <span class='ocr_line' id='line_1_67' title="bbox 459 3512 2039 3587; baseline 0.01 -24"><span class='ocrx_word' id='word_1_439' title='bbox 459 3512 623 3565; x_wconf 79' lang='lat' dir='ltr'><strong>cltum</strong></span> <span class='ocrx_word' id='word_1_440' title='bbox 661 3521 1024 3584; x_wconf 90' lang='lat' dir='ltr'><strong>utrarumque</strong></span> <span class='ocrx_word' id='word_1_441' title='bbox 1071 3518 1357 3585; x_wconf 88' lang='lat' dir='ltr'><strong>copiarum</strong></span> <span class='ocrx_word' id='word_1_442' title='bbox 1403 3518 1602 3574; x_wconf 90' lang='lat' dir='ltr'><strong>ducem</strong></span> <span class='ocrx_word' id='word_1_443' title='bbox 1645 3520 1798 3587; x_wconf 85' lang='lat' dir='ltr'><strong>fecit,</strong></span> <span class='ocrx_word' id='word_1_444' title='bbox 1831 3523 2039 3579; x_wconf 79' lang='lat' dir='ltr'><strong>Adaul-</strong></span> 
     </span>
    </p>
   </div>
   <div class='ocr_carea' id='block_1_67' title="bbox 458 3604 2035 3688">
    <p class='ocr_par' dir='ltr' id='par_1_67' title="bbox 458 3604 2035 3688">
     <span class='ocr_line' id='line_1_68' title="bbox 458 3604 2035 3688; baseline 0.009 -32"><span class='ocrx_word' id='word_1_445' title='bbox 458 3604 744 3674; x_wconf 88' lang='lat' dir='ltr'><strong>phumque</strong></span> <span class='ocrx_word' id='word_1_446' title='bbox 805 3608 1058 3677; x_wconf 82' lang='lat' dir='ltr'><strong>conjugis</strong></span> <span class='ocrx_word' id='word_1_447' title='bbox 1110 3609 1230 3677; x_wconf 87' lang='lat' dir='ltr'><strong>ejus</strong></span> <span class='ocrx_word' id='word_1_448' title='bbox 1295 3610 1519 3665; x_wconf 90' lang='lat' dir='ltr'><strong>fratrem</strong></span> <span class='ocrx_word' id='word_1_449' title='bbox 1572 3614 1894 3682; x_wconf 64' lang='lat' dir='ltr'><strong>praefectum</strong></span> <span class='ocrx_word' id='word_1_450' title='bbox 1955 3617 2035 3688; x_wconf 71' lang='grc'><strong>(2)</strong></span> 
     </span>
    </p>
   </div>
   <div class='ocr_carea' id='block_1_68' title="bbox 460 3701 2030 3776">
    <p class='ocr_par' dir='ltr' id='par_1_68' title="bbox 460 3701 2030 3776">
     <span class='ocr_line' id='line_1_69' title="bbox 460 3701 2030 3776; baseline 0.009 -26"><span class='ocrx_word' id='word_1_451' title='bbox 460 3702 709 3766; x_wconf 81' lang='lat' dir='ltr'><strong>equitum</strong></span> <span class='ocrx_word' id='word_1_452' title='bbox 771 3701 1083 3755; x_wconf 89' lang='lat' dir='ltr'><strong>constituit.</strong></span> <span class='ocrx_word' id='word_1_453' title='bbox 1143 3702 1212 3756; x_wconf 86' lang='lat' dir='ltr'><strong>Et</strong></span> <span class='ocrx_word' id='word_1_454' title='bbox 1279 3704 1634 3760; x_wconf 91' lang='lat' dir='ltr'><strong>multitudine</strong></span> <span class='ocrx_word' id='word_1_455' title='bbox 1690 3718 2030 3776; x_wconf 87' lang='lat' dir='ltr'><strong>convocata,</strong></span> 
     </span>
    </p>
   </div>
   <div class='ocr_carea' id='block_1_69' title="bbox 457 3791 2032 3871">
    <p class='ocr_par' dir='ltr' id='par_1_69' title="bbox 457 3791 2032 3871">
     <span class='ocr_line' id='line_1_70' title="bbox 457 3791 2032 3871; baseline 0.009 -29"><span class='ocrx_word' id='word_1_456' title='bbox 457 3792 805 3858; x_wconf 86' lang='lat' dir='ltr'><strong>splendidam</strong></span> <span class='ocrx_word' id='word_1_457' title='bbox 837 3791 904 3848; x_wconf 86' lang='lat' dir='ltr'><strong>ad</strong></span> <span class='ocrx_word' id='word_1_458' title='bbox 945 3808 1067 3846; x_wconf 88' lang='lat' dir='ltr'><strong>eam</strong></span> <span class='ocrx_word' id='word_1_459' title='bbox 1104 3794 1415 3849; x_wconf 90' lang='lat' dir='ltr'><strong>orationem</strong></span> <span class='ocrx_word' id='word_1_460' title='bbox 1453 3795 1669 3860; x_wconf 79' lang='lat' dir='ltr'><strong>habuit,</strong></span> <span class='ocrx_word' id='word_1_461' title='bbox 1703 3800 1882 3867; x_wconf 81' lang='lat' dir='ltr'><strong>patria</strong></span> <span class='ocrx_word' id='word_1_462' title='bbox 1907 3801 2032 3871; x_wconf 85' lang='lat' dir='ltr'><strong>jura</strong></span> 
     </span>
    </p>
   </div>
   <div class='ocr_carea' id='block_1_70' title="bbox 460 3884 2034 3964">
    <p class='ocr_par' dir='ltr' id='par_1_70' title="bbox 460 3884 2034 3964">
     <span class='ocr_line' id='line_1_71' title="bbox 460 3884 2034 3964; baseline 0.009 -28"><span class='ocrx_word' id='word_1_463' title='bbox 460 3884 725 3939; x_wconf 74' lang='lat' dir='ltr'><strong>inviolata</strong></span> <span class='ocrx_word' id='word_1_464' title='bbox 758 3884 975 3940; x_wconf 88' lang='lat' dir='ltr'><strong>senatui</strong></span> <span class='ocrx_word' id='word_1_465' title='bbox 1011 3901 1069 3939; x_wconf 89' lang='lat' dir='ltr'><strong>se</strong></span> <span class='ocrx_word' id='word_1_466' title='bbox 1119 3897 1602 3956; x_wconf 85' lang='lat' dir='ltr'><strong>conservaturum,</strong></span> <span class='ocrx_word' id='word_1_467' title='bbox 1635 3890 2034 3964; x_wconf 86' lang='lat' dir='ltr'><strong>Orientetnque</strong></span> 
     </span>
    </p>
   </div>
   <div class='ocr_carea' id='block_1_71' title="bbox 457 3975 2034 4053">
    <p class='ocr_par' dir='ltr' id='par_1_71' title="bbox 457 3975 2034 4053">
     <span class='ocr_line' id='line_1_72' title="bbox 457 3975 2034 4053; baseline 0.01 -28"><span class='ocrx_word' id='word_1_468' title='bbox 457 3975 783 4030; x_wconf 80' lang='lat' dir='ltr'><strong>universum</strong></span> <span class='ocrx_word' id='word_1_469' title='bbox 819 3985 875 4030; x_wconf 88' lang='lat' dir='ltr'><strong>et</strong></span> <span class='ocrx_word' id='word_1_470' title='bbox 918 3975 1218 4048; x_wconf 62' lang='lat' dir='ltr'><strong>Egyptum</strong></span> <span class='ocrx_word' id='word_1_471' title='bbox 1253 3979 1405 4034; x_wconf 87' lang='lat' dir='ltr'><strong>Italis</strong></span> <span class='ocrx_word' id='word_1_472' title='bbox 1452 3980 1835 4050; x_wconf 87' lang='lat' dir='ltr'><strong>subjecturutn</strong></span> <span class='ocrx_word' id='word_1_473' title='bbox 1875 3985 2034 4053; x_wconf 85' lang='lat' dir='ltr'><strong>polli-</strong></span> 
     </span>
    </p>
   </div>
   <div class='ocr_carea' id='block_1_72' title="bbox 451 4067 2031 4146">
    <p class='ocr_par' dir='ltr' id='par_1_72' title="bbox 451 4067 2031 4146">
     <span class='ocr_line' id='line_1_73' title="bbox 451 4067 2031 4146; baseline 0.009 -26"><span class='ocrx_word' id='word_1_474' title='bbox 451 4067 618 4123; x_wconf 85' lang='lat' dir='ltr'><strong>citus.</strong></span> <span class='ocrx_word' id='word_1_475' title='bbox 663 4071 845 4138; x_wconf 88' lang='lat' dir='ltr'><strong>Atque</strong></span> <span class='ocrx_word' id='word_1_476' title='bbox 893 4070 985 4125; x_wconf 91' lang='lat' dir='ltr'><strong>ille</strong></span> <span class='ocrx_word' id='word_1_477' title='bbox 1035 4073 1116 4126; x_wconf 89' lang='lat' dir='ltr'><strong>sic</strong></span> <span class='ocrx_word' id='word_1_478' title='bbox 1158 4071 1358 4139; x_wconf 88' lang='lat' dir='ltr'><strong>elatus,</strong></span> <span class='ocrx_word' id='word_1_479' title='bbox 1397 4089 1508 4128; x_wconf 91' lang='lat' dir='ltr'><strong>non</strong></span> <span class='ocrx_word' id='word_1_480' title='bbox 1543 4074 1816 4145; x_wconf 90' lang='lat' dir='ltr'><strong>integrum</strong></span> <span class='ocrx_word' id='word_1_481' title='bbox 1853 4076 2031 4146; x_wconf 89' lang='lat' dir='ltr'><strong>impe-</strong></span> 
     </span>
    </p>
   </div>
   <div class='ocr_carea' id='block_1_73' title="bbox 451 4161 2032 4232">
    <p class='ocr_par' dir='ltr' id='par_1_73' title="bbox 451 4161 2032 4232">
     <span class='ocr_line' id='line_1_74' title="bbox 451 4161 2032 4232; baseline 0.008 -20"><span class='ocrx_word' id='word_1_482' title='bbox 451 4161 597 4215; x_wconf 72' lang='lat' dir='ltr'><strong>ravit</strong></span> <span class='ocrx_word' id='word_1_483' title='bbox 642 4177 874 4225; x_wconf 89' lang='lat' dir='ltr'><strong>annum,</strong></span> <span class='ocrx_word' id='word_1_484' title='bbox 920 4163 1071 4232; x_wconf 90' lang='lat' dir='ltr'><strong>quod</strong></span> <span class='ocrx_word' id='word_1_485' title='bbox 1113 4165 1396 4232; x_wconf 86' lang='lat' dir='ltr'><strong>Alaricho,</strong></span> <span class='ocrx_word' id='word_1_486' title='bbox 1441 4176 1501 4220; x_wconf 89' lang='lat' dir='ltr'><strong>ut</strong></span> <span class='ocrx_word' id='word_1_487' title='bbox 1535 4165 1765 4222; x_wconf 87' lang='lat' dir='ltr'><strong>Honorii</strong></span> <span class='ocrx_word' id='word_1_488' title='bbox 1819 4169 2032 4224; x_wconf 76' lang='lat' dir='ltr'><strong>militiae</strong></span> 
     </span>
    </p>
   </div>
   <div class='ocr_carea' id='block_1_74' title="bbox 452 4253 2032 4328">
    <p class='ocr_par' dir='ltr' id='par_1_74' title="bbox 452 4253 2032 4328">
     <span class='ocr_line' id='line_1_75' title="bbox 452 4253 2032 4328; baseline 0.008 -22"><span class='ocrx_word' id='word_1_489' title='bbox 452 4253 626 4310; x_wconf 89' lang='lat' dir='ltr'><strong>duces</strong></span> <span class='ocrx_word' id='word_1_490' title='bbox 673 4266 1103 4323; x_wconf 81' lang='lat' dir='ltr'><strong>exauctoraret,</strong></span> <span class='ocrx_word' id='word_1_491' title='bbox 1153 4274 1265 4312; x_wconf 85' lang='lat' dir='ltr'><strong>non</strong></span> <span class='ocrx_word' id='word_1_492' title='bbox 1318 4263 1584 4328; x_wconf 89' lang='lat' dir='ltr'><strong>paruerit.</strong></span> <span class='ocrx_word' id='word_1_493' title='bbox 1630 4262 1698 4316; x_wconf 90' lang='lat' dir='ltr'><strong>Et</strong></span> <span class='ocrx_word' id='word_1_494' title='bbox 1750 4261 2032 4318; x_wconf 87' lang='lat' dir='ltr'><strong>Honorius</strong></span> 
     </span>
    </p>
   </div>
   <div class='ocr_carea' id='block_1_75' title="bbox 449 4351 2031 4425">
    <p class='ocr_par' dir='ltr' id='par_1_75' title="bbox 449 4351 2031 4425">
     <span class='ocr_line' id='line_1_76' title="bbox 449 4351 2031 4425; baseline 0.004 -23"><span class='ocrx_word' id='word_1_495' title='bbox 449 4351 805 4406; x_wconf 71' lang='lat' dir='ltr'><strong>oratoresad</strong></span> <span class='ocrx_word' id='word_1_496' title='bbox 834 4351 1081 4406; x_wconf 89' lang='lat' dir='ltr'><strong>Attalum</strong></span> <span class='ocrx_word' id='word_1_497' title='bbox 1124 4353 1293 4418; x_wconf 90' lang='lat' dir='ltr'><strong>misit,</strong></span> <span class='ocrx_word' id='word_1_498' title='bbox 1320 4370 1558 4423; x_wconf 90' lang='lat' dir='ltr'><strong>eumque</strong></span> <span class='ocrx_word' id='word_1_499' title='bbox 1587 4355 1656 4410; x_wconf 91' lang='lat' dir='ltr'><strong>ad</strong></span> <span class='ocrx_word' id='word_1_500' title='bbox 1685 4356 1905 4425; x_wconf 90' lang='lat' dir='ltr'><strong>imperii</strong></span> <span class='ocrx_word' id='word_1_501' title='bbox 1939 4371 2031 4411; x_wconf 90' lang='lat' dir='ltr'><strong>so-</strong></span> 
     </span>
    </p>
   </div>
   <div class='ocr_carea' id='block_1_76' title="bbox 449 4442 2024 4516">
    <p class='ocr_par' dir='ltr' id='par_1_76' title="bbox 449 4442 2024 4516">
     <span class='ocr_line' id='line_1_77' title="bbox 449 4442 2024 4516; baseline 0.005 -21"><span class='ocrx_word' id='word_1_502' title='bbox 449 4442 739 4504; x_wconf 89' lang='lat' dir='ltr'><strong>cietatem,</strong></span> <span class='ocrx_word' id='word_1_503' title='bbox 806 4445 852 4498; x_wconf 89' lang='lat' dir='ltr'><strong>si</strong></span> <span class='ocrx_word' id='word_1_504' title='bbox 919 4459 1072 4500; x_wconf 85' lang='lat' dir='ltr'><strong>arma</strong></span> <span class='ocrx_word' id='word_1_505' title='bbox 1137 4455 1406 4516; x_wconf 84' lang='lat' dir='ltr'><strong>poneret,</strong></span> <span class='ocrx_word' id='word_1_506' title='bbox 1472 4448 1748 4503; x_wconf 87' lang='lat' dir='ltr'><strong>invitavit.</strong></span> <span class='ocrx_word' id='word_1_507' title='bbox 1811 4449 1906 4504; x_wconf 91' lang='lat' dir='ltr'><strong>Ille</strong></span> <span class='ocrx_word' id='word_1_508' title='bbox 1972 4450 2024 4504; x_wconf 90' lang='lat' dir='ltr'><strong>id</strong></span> 
     </span>
    </p>
   </div>
   <div class='ocr_carea' id='block_1_77' title="bbox 452 4536 2032 4612">
    <p class='ocr_par' dir='ltr' id='par_1_77' title="bbox 452 4536 2032 4612">
     <span class='ocr_line' id='line_1_78' title="bbox 452 4536 2032 4612; baseline 0.007 -25"><span class='ocrx_word' id='word_1_509' title='bbox 452 4537 668 4604; x_wconf 84' lang='lat' dir='ltr'><strong>respuit</strong></span> <span class='ocrx_word' id='word_1_510' title='bbox 701 4555 714 4590; x_wconf 88' lang='lat'><strong>:</strong></span> <span class='ocrx_word' id='word_1_511' title='bbox 744 4546 801 4592; x_wconf 91' lang='lat' dir='ltr'><strong>et</strong></span> <span class='ocrx_word' id='word_1_512' title='bbox 834 4536 1138 4592; x_wconf 85' lang='lat' dir='ltr'><strong>Honorium</strong></span> <span class='ocrx_word' id='word_1_513' title='bbox 1169 4541 1403 4595; x_wconf 88' lang='lat' dir='ltr'><strong>insulam</strong></span> <span class='ocrx_word' id='word_1_514' title='bbox 1431 4542 1697 4608; x_wconf 90' lang='lat' dir='ltr'><strong>incolere,</strong></span> <span class='ocrx_word' id='word_1_515' title='bbox 1733 4543 2032 4612; x_wconf 81' lang='lat' dir='ltr'><strong>privatam-</strong></span> 
     </span>
    </p>
   </div>
   <div class='ocr_carea' id='block_1_78' title="bbox 2161 3338 3712 3414">
    <p class='ocr_par' dir='ltr' id='par_1_78' title="bbox 2161 3338 3712 3414">
     <span class='ocr_line' id='line_1_79' title="bbox 2161 3338 3712 3414; baseline 0.001 -22"><span class='ocrx_word' id='word_1_516' title='bbox 2161 3338 2466 3410; x_wconf 84' lang='grc' dir='ltr'>Ἀλλαρίχῳ</span> <span class='ocrx_word' id='word_1_517' title='bbox 2525 3340 2652 3402; x_wconf 79' lang='grc' dir='ltr'>τοὺς</span> <span class='ocrx_word' id='word_1_518' title='bbox 2727 3340 2986 3412; x_wconf 86' lang='grc' dir='ltr'>Ὀνωρίου</span> <span class='ocrx_word' id='word_1_519' title='bbox 3049 3341 3303 3395; x_wconf 75' lang='grc' dir='ltr'>καθελεῖν</span> <span class='ocrx_word' id='word_1_520' title='bbox 3356 3341 3712 3414; x_wconf 81' lang='grc' dir='ltr'>στρατηγούς.</span> 
     </span>
    </p>
   </div>
   <div class='ocr_carea' id='block_1_79' title="bbox 2157 3429 3712 3501">
    <p class='ocr_par' dir='ltr' id='par_1_79' title="bbox 2157 3429 3712 3501">
     <span class='ocr_line' id='line_1_80' title="bbox 2157 3429 3712 3501; baseline 0 -17"><span class='ocrx_word' id='word_1_521' title='bbox 2157 3429 2415 3500; x_wconf 87' lang='grc' dir='ltr'>Ὀνώριος</span> <span class='ocrx_word' id='word_1_522' title='bbox 2442 3433 2541 3501; x_wconf 83' lang='grc' dir='ltr'><strong>μὲν</strong></span> <span class='ocrx_word' id='word_1_523' title='bbox 2568 3433 2678 3500; x_wconf 83' lang='grc' dir='ltr'>γὰρ</span> <span class='ocrx_word' id='word_1_524' title='bbox 2704 3431 2944 3500; x_wconf 65' lang='grc' dir='ltr'>πέμψας,</span> <span class='ocrx_word' id='word_1_525' title='bbox 2981 3433 3244 3486; x_wconf 81' lang='grc' dir='ltr'>Ἀτταλον</span> <span class='ocrx_word' id='word_1_526' title='bbox 3264 3433 3520 3487; x_wconf 85' lang='grc' dir='ltr'>κοινωνὸν</span> <span class='ocrx_word' id='word_1_527' title='bbox 3533 3431 3712 3486; x_wconf 73' lang='grc' dir='ltr'>ἐκάλει</span> 
     </span>
    </p>
   </div>
   <div class='ocr_carea' id='block_1_80' title="bbox 2146 3523 3708 3596">
    <p class='ocr_par' dir='ltr' id='par_1_80' title="bbox 2146 3523 3708 3596">
     <span class='ocr_line' id='line_1_81' title="bbox 2146 3523 3708 3596; baseline -0.001 -18"><span class='ocrx_word' id='word_1_528' title='bbox 2146 3523 2238 3578; x_wconf 81' lang='grc' dir='ltr'>τοῦ</span> <span class='ocrx_word' id='word_1_529' title='bbox 2289 3527 2529 3593; x_wconf 80' lang='grc' dir='ltr'>κράτους</span> <span class='ocrx_word' id='word_1_530' title='bbox 2559 3525 2626 3576; x_wconf 78' lang='grc' dir='ltr'><strong>τὰ</strong></span> <span class='ocrx_word' id='word_1_531' title='bbox 2657 3525 2797 3578; x_wconf 85' lang='grc' dir='ltr'>ὅπλα</span> <span class='ocrx_word' id='word_1_532' title='bbox 2844 3525 3104 3594; x_wconf 80' lang='grc' dir='ltr'>ῥίψαντα.</span> <span class='ocrx_word' id='word_1_533' title='bbox 3150 3525 3207 3577; x_wconf 86' lang='lat'><strong>&#39;0</strong></span> <span class='ocrx_word' id='word_1_534' title='bbox 3236 3525 3281 3577; x_wconf 84' lang='grc' dir='ltr'>δ’</span> <span class='ocrx_word' id='word_1_535' title='bbox 3307 3525 3408 3578; x_wconf 79' lang='grc' dir='ltr'><strong>οὐκ</strong></span> <span class='ocrx_word' id='word_1_536' title='bbox 3437 3526 3708 3596; x_wconf 78' lang='grc' dir='ltr'>ἠνέσχετο,</span> 
     </span>
    </p>
   </div>
   <div class='ocr_carea' id='block_1_81' title="bbox 2145 3611 3712 3684">
    <p class='ocr_par' dir='ltr' id='par_1_81' title="bbox 2145 3611 3712 3684">
     <span class='ocr_line' id='line_1_82' title="bbox 2145 3611 3712 3684; baseline -0.001 -19"><span class='ocrx_word' id='word_1_537' title='bbox 2145 3612 2262 3667; x_wconf 85' lang='grc' dir='ltr'>ἀλλ’</span> <span class='ocrx_word' id='word_1_538' title='bbox 2291 3613 2488 3684; x_wconf 73' lang='grc' dir='ltr'>ἐκείνῳ</span> <span class='ocrx_word' id='word_1_539' title='bbox 2521 3613 2687 3681; x_wconf 78' lang='grc' dir='ltr'>νῆσον</span> <span class='ocrx_word' id='word_1_540' title='bbox 2737 3613 2908 3664; x_wconf 74' lang='grc' dir='ltr'>οἰκεῖν</span> <span class='ocrx_word' id='word_1_541' title='bbox 2972 3613 3214 3678; x_wconf 79' lang='grc' dir='ltr'>ἐκέλευε,</span> <span class='ocrx_word' id='word_1_542' title='bbox 3269 3615 3361 3668; x_wconf 76' lang='grc' dir='ltr'><strong>καὶ</strong></span> <span class='ocrx_word' id='word_1_543' title='bbox 3421 3611 3712 3666; x_wconf 73' lang='grc' dir='ltr'>ἰδιωτεύειν</span> 
     </span>
    </p>
   </div>
   <div class='ocr_carea' id='block_1_82' title="bbox 2143 3705 3707 3780">
    <p class='ocr_par' dir='ltr' id='par_1_82' title="bbox 2143 3705 3707 3780">
     <span class='ocr_line' id='line_1_83' title="bbox 2143 3705 3707 3780; baseline -0.002 -19"><span class='ocrx_word' id='word_1_544' title='bbox 2143 3707 2446 3780; x_wconf 76' lang='grc' dir='ltr'>αἱρεῖσθαι,</span> <span class='ocrx_word' id='word_1_545' title='bbox 2481 3709 2533 3760; x_wconf 83' lang='grc' dir='ltr'><strong>εί</strong></span> <span class='ocrx_word' id='word_1_546' title='bbox 2571 3723 2636 3774; x_wconf 88' lang='grc' dir='ltr'><strong>γε</strong></span> <span class='ocrx_word' id='word_1_547' title='bbox 2698 3706 2942 3776; x_wconf 84' lang='grc' dir='ltr'>βούλοιτο</span> <span class='ocrx_word' id='word_1_548' title='bbox 2979 3705 3100 3777; x_wconf 77' lang='grc' dir='ltr'><strong>ζῇν,</strong></span> <span class='ocrx_word' id='word_1_549' title='bbox 3163 3706 3259 3760; x_wconf 67' lang='grc' dir='ltr'>καὶ</span> <span class='ocrx_word' id='word_1_550' title='bbox 3314 3709 3380 3776; x_wconf 84' lang='grc' dir='ltr'>τῇ</span> <span class='ocrx_word' id='word_1_551' title='bbox 3443 3707 3707 3777; x_wconf 81' lang='grc' dir='ltr'>περιτομῇ</span> 
     </span>
    </p>
   </div>
   <div class='ocr_carea' id='block_1_83' title="bbox 2141 3798 3710 3870">
    <p class='ocr_par' dir='ltr' id='par_1_83' title="bbox 2141 3798 3710 3870">
     <span class='ocr_line' id='line_1_84' title="bbox 2141 3798 3710 3870; baseline -0.003 -16"><span class='ocrx_word' id='word_1_552' title='bbox 2141 3801 2254 3854; x_wconf 88' lang='grc' dir='ltr'><strong>τῶν</strong></span> <span class='ocrx_word' id='word_1_553' title='bbox 2290 3801 2658 3870; x_wconf 81' lang='grc' dir='ltr'>ἀκρωτηρίων</span> <span class='ocrx_word' id='word_1_554' title='bbox 2697 3799 2792 3852; x_wconf 83' lang='grc' dir='ltr'>τοῦ</span> <span class='ocrx_word' id='word_1_555' title='bbox 2823 3799 3076 3868; x_wconf 85' lang='grc' dir='ltr'>σώματος</span> <span class='ocrx_word' id='word_1_556' title='bbox 3105 3799 3202 3868; x_wconf 81' lang='grc' dir='ltr'>τὴν</span> <span class='ocrx_word' id='word_1_557' title='bbox 3236 3798 3330 3852; x_wconf 82' lang='grc' dir='ltr'>τοῦ</span> <span class='ocrx_word' id='word_1_558' title='bbox 3380 3799 3503 3853; x_wconf 83' lang='grc' dir='ltr'>ὅλον</span> <span class='ocrx_word' id='word_1_559' title='bbox 3542 3815 3710 3868; x_wconf 85' lang='grc' dir='ltr'>σωτη-</span> 
     </span>
    </p>
   </div>
   <div class='ocr_carea' id='block_1_84' title="bbox 2143 3891 3704 3965">
    <p class='ocr_par' dir='ltr' id='par_1_84' title="bbox 2143 3891 3704 3965">
     <span class='ocr_line' id='line_1_85' title="bbox 2143 3891 3704 3965; baseline -0.003 -18"><span class='ocrx_word' id='word_1_560' title='bbox 2143 3893 2266 3965; x_wconf 83' lang='grc' dir='ltr'>ρίαν</span> <span class='ocrx_word' id='word_1_561' title='bbox 2292 3893 2573 3946; x_wconf 85' lang='grc' dir='ltr'>ὼνεῖσθαι.</span> <span class='ocrx_word' id='word_1_562' title='bbox 2611 3891 2929 3962; x_wconf 81' lang='grc' dir='ltr'>Ἀλλάριχος</span> <span class='ocrx_word' id='word_1_563' title='bbox 2955 3892 3014 3944; x_wconf 80' lang='grc' dir='ltr'>δὲ</span> <span class='ocrx_word' id='word_1_564' title='bbox 3053 3891 3280 3944; x_wconf 89' lang='grc' dir='ltr'>συνιδὼν</span> <span class='ocrx_word' id='word_1_565' title='bbox 3337 3891 3617 3953; x_wconf 68' lang='grc' dir='ltr'><strong>νΛττταλον,</strong></span> <span class='ocrx_word' id='word_1_566' title='bbox 3645 3891 3704 3942; x_wconf 79' lang='grc' dir='ltr'>οὺ</span> 
     </span>
    </p>
   </div>
   <div class='ocr_carea' id='block_1_85' title="bbox 2143 3981 3708 4062">
    <p class='ocr_par' dir='ltr' id='par_1_85' title="bbox 2143 3981 3708 4062">
     <span class='ocr_line' id='line_1_86' title="bbox 2143 3981 3708 4062; baseline -0.003 -24"><span class='ocrx_word' id='word_1_567' title='bbox 2143 3987 2340 4058; x_wconf 79' lang='grc' dir='ltr'>ῥᾳδίως</span> <span class='ocrx_word' id='word_1_568' title='bbox 2369 3987 2565 4055; x_wconf 73' lang='grc' dir='ltr'>ἐκείνῳ</span> <span class='ocrx_word' id='word_1_569' title='bbox 2585 3985 2704 4046; x_wconf 82' lang='grc' dir='ltr'>,τοῖς</span> <span class='ocrx_word' id='word_1_570' title='bbox 2733 4000 2797 4052; x_wconf 86' lang='grc' dir='ltr'><strong>γε</strong></span> <span class='ocrx_word' id='word_1_571' title='bbox 2830 3983 3157 4050; x_wconf 81' lang='grc' dir='ltr'>ἀναγκαίοις</span> <span class='ocrx_word' id='word_1_572' title='bbox 3210 3982 3552 4062; x_wconf 75' lang='grc' dir='ltr'>πειθόμενον,</span> <span class='ocrx_word' id='word_1_573' title='bbox 3601 3981 3708 4034; x_wconf 80' lang='grc' dir='ltr'>δεί-</span> 
     </span>
    </p>
   </div>
   <div class='ocr_carea' id='block_1_86' title="bbox 2143 4076 3707 4148">
    <p class='ocr_par' dir='ltr' id='par_1_86' title="bbox 2143 4076 3707 4148">
     <span class='ocr_line' id='line_1_87' title="bbox 2143 4076 3707 4148; baseline -0.004 -15"><span class='ocrx_word' id='word_1_574' title='bbox 2143 4095 2241 4142; x_wconf 86' lang='grc' dir='ltr'><strong>σας</strong></span> <span class='ocrx_word' id='word_1_575' title='bbox 2276 4077 2558 4148; x_wconf 84' lang='grc' dir='ltr'>Ὀνώριον,</span> <span class='ocrx_word' id='word_1_576' title='bbox 2591 4076 2774 4146; x_wconf 84' lang='grc' dir='ltr'>λάθρα</span> <span class='ocrx_word' id='word_1_577' title='bbox 2816 4077 3012 4147; x_wconf 76' lang='grc' dir='ltr'>ἐκείνῳ</span> <span class='ocrx_word' id='word_1_578' title='bbox 3073 4076 3385 4130; x_wconf 82' lang='grc' dir='ltr'>συντίθεται</span> <span class='ocrx_word' id='word_1_579' title='bbox 3443 4077 3707 4142; x_wconf 82' lang='grc' dir='ltr'>συνθήκας</span> 
     </span>
    </p>
   </div>
   <div class='ocr_carea' id='block_1_87' title="bbox 2139 4167 3709 4238">
    <p class='ocr_par' dir='ltr' id='par_1_87' title="bbox 2139 4167 3709 4238">
     <span class='ocr_line' id='line_1_88' title="bbox 2139 4167 3709 4238; baseline -0.001 -18"><span class='ocrx_word' id='word_1_580' title='bbox 2139 4168 2341 4221; x_wconf 85' lang='grc' dir='ltr'>λαϐών.</span> <span class='ocrx_word' id='word_1_581' title='bbox 2365 4169 2478 4222; x_wconf 76' lang='grc' dir='ltr'>Καὶ</span> <span class='ocrx_word' id='word_1_582' title='bbox 2499 4167 2563 4238; x_wconf 87' lang='grc' dir='ltr'>δὴ</span> <span class='ocrx_word' id='word_1_583' title='bbox 2595 4168 2816 4221; x_wconf 81' lang='grc' dir='ltr'>πάντων</span> <span class='ocrx_word' id='word_1_584' title='bbox 2845 4167 3200 4236; x_wconf 82' lang='grc' dir='ltr'>συνηγμένων</span> <span class='ocrx_word' id='word_1_585' title='bbox 3223 4167 3331 4236; x_wconf 80' lang='grc' dir='ltr'>πρὸ</span> <span class='ocrx_word' id='word_1_586' title='bbox 3362 4167 3461 4236; x_wconf 84' lang='grc' dir='ltr'><strong>τῆς</strong></span> <span class='ocrx_word' id='word_1_587' title='bbox 3492 4169 3709 4237; x_wconf 75' lang='grc' dir='ltr'>Ἄφρων</span> 
     </span>
    </p>
   </div>
   <div class='ocr_carea' id='block_1_88' title="bbox 2141 4260 3708 4331">
    <p class='ocr_par' dir='ltr' id='par_1_88' title="bbox 2141 4260 3708 4331">
     <span class='ocr_line' id='line_1_89' title="bbox 2141 4260 3708 4331; baseline 0 -18"><span class='ocrx_word' id='word_1_588' title='bbox 2141 4262 2370 4326; x_wconf 79' lang='grc' dir='ltr'>πόλεως,</span> <span class='ocrx_word' id='word_1_589' title='bbox 2403 4261 2580 4314; x_wconf 85' lang='grc' dir='ltr'>πείθει</span> <span class='ocrx_word' id='word_1_590' title='bbox 2647 4260 2968 4331; x_wconf 80' lang='grc' dir='ltr'>Ἀλλάριχος</span> <span class='ocrx_word' id='word_1_591' title='bbox 2987 4262 3058 4315; x_wconf 82' lang='grc' dir='ltr'>τὰ</span> <span class='ocrx_word' id='word_1_592' title='bbox 3105 4260 3350 4329; x_wconf 79' lang='grc' dir='ltr'>σύμϐολα</span> <span class='ocrx_word' id='word_1_593' title='bbox 3382 4261 3479 4330; x_wconf 81' lang='grc' dir='ltr'>τῆς</span> <span class='ocrx_word' id='word_1_594' title='bbox 3538 4260 3708 4330; x_wconf 74' lang='grc' dir='ltr'>ἀρχῆς</span> 
     </span>
    </p>
   </div>
   <div class='ocr_carea' id='block_1_89' title="bbox 2139 4351 3704 4424">
    <p class='ocr_par' dir='ltr' id='par_1_89' title="bbox 2139 4351 3704 4424">
     <span class='ocr_line' id='line_1_90' title="bbox 2139 4351 3704 4424; baseline -0.002 -17"><span class='ocrx_word' id='word_1_595' title='bbox 2139 4353 2466 4418; x_wconf 79' lang='grc' dir='ltr'>ἀποθέσθαι,</span> <span class='ocrx_word' id='word_1_596' title='bbox 2503 4353 2598 4406; x_wconf 77' lang='grc' dir='ltr'><strong>καὶ</strong></span> <span class='ocrx_word' id='word_1_597' title='bbox 2629 4353 2758 4416; x_wconf 76' lang='grc' dir='ltr'>τοὺς</span> <span class='ocrx_word' id='word_1_598' title='bbox 2800 4353 3323 4424; x_wconf 80' lang='grc' dir='ltr'>ἄρχοντας-ἐκεινου</span> <span class='ocrx_word' id='word_1_599' title='bbox 3381 4354 3479 4415; x_wconf 71' lang='grc' dir='ltr'><strong>τὰς</strong></span> <span class='ocrx_word' id='word_1_600' title='bbox 3517 4351 3704 4414; x_wconf 82' lang='grc' dir='ltr'>ζώνας.</span> 
     </span>
    </p>
   </div>
   <div class='ocr_carea' id='block_1_90' title="bbox 2139 4441 3708 4516">
    <p class='ocr_par' dir='ltr' id='par_1_90' title="bbox 2139 4441 3708 4516">
     <span class='ocr_line' id='line_1_91' title="bbox 2139 4441 3708 4516; baseline -0.003 -18"><span class='ocrx_word' id='word_1_601' title='bbox 2139 4443 2482 4516; x_wconf 84' lang='grc' dir='ltr'>Συγγνώμην</span> <span class='ocrx_word' id='word_1_602' title='bbox 2532 4443 2578 4496; x_wconf 87' lang='grc' dir='ltr'>δ’</span> <span class='ocrx_word' id='word_1_603' title='bbox 2606 4445 2816 4498; x_wconf 75' lang='grc' dir='ltr'>ἅπασιν</span> <span class='ocrx_word' id='word_1_604' title='bbox 2877 4442 3138 4512; x_wconf 82' lang='grc' dir='ltr'>Ὀνώριος</span> <span class='ocrx_word' id='word_1_605' title='bbox 3185 4443 3377 4508; x_wconf 75' lang='grc' dir='ltr'>ἐδίδου,</span> <span class='ocrx_word' id='word_1_606' title='bbox 3409 4441 3540 4495; x_wconf 78' lang='grc' dir='ltr'>ὥσθ’</span> <span class='ocrx_word' id='word_1_607' title='bbox 3576 4442 3708 4494; x_wconf 67' lang='lat' dir='ltr'><strong>Exa-</strong></span> 
     </span>
    </p>
   </div>
   <div class='ocr_carea' id='block_1_91' title="bbox 2140 4533 3704 4608">
    <p class='ocr_par' dir='ltr' id='par_1_91' title="bbox 2140 4533 3704 4608">
     <span class='ocr_line' id='line_1_92' title="bbox 2140 4533 3704 4608; baseline -0.003 -17"><span class='ocrx_word' id='word_1_608' title='bbox 2140 4555 2266 4591; x_wconf 91' lang='grc' dir='ltr'>στον</span> <span class='ocrx_word' id='word_1_609' title='bbox 2292 4538 2460 4608; x_wconf 86' lang='grc' dir='ltr'>τιμὴν</span> <span class='ocrx_word' id='word_1_610' title='bbox 2490 4538 2586 4590; x_wconf 73' lang='grc' dir='ltr'><strong>καὶ</strong></span> <span class='ocrx_word' id='word_1_611' title='bbox 2633 4536 2793 4603; x_wconf 78' lang='grc' dir='ltr'>ἀξίαν</span> <span class='ocrx_word' id='word_1_612' title='bbox 2829 4537 2971 4607; x_wconf 78' lang='grc' dir='ltr'>ἔχειν</span> <span class='ocrx_word' id='word_1_613' title='bbox 3019 4540 3085 4608; x_wconf 79' lang='grc' dir='ltr'>ἢν</span> <span class='ocrx_word' id='word_1_614' title='bbox 3134 4534 3337 4606; x_wconf 86' lang='grc' dir='ltr'>προτοῦ</span> <span class='ocrx_word' id='word_1_615' title='bbox 3396 4533 3704 4605; x_wconf 77' lang='grc' dir='ltr'>μετέλαχεν.</span> 
     </span>
    </p>
   </div>
   <div class='ocr_carea' id='block_1_92' title="bbox 450 4625 2037 4704">
    <p class='ocr_par' dir='ltr' id='par_1_92' title="bbox 450 4632 2031 4704">
     <span class='ocr_line' id='line_1_93' title="bbox 450 4632 2031 4704; baseline 0.005 -24"><span class='ocrx_word' id='word_1_616' title='bbox 450 4645 560 4696; x_wconf 90' lang='lat' dir='ltr'><strong>que</strong></span> <span class='ocrx_word' id='word_1_617' title='bbox 609 4632 801 4697; x_wconf 79' lang='lat' dir='ltr'><strong>vitam,</strong></span> <span class='ocrx_word' id='word_1_618' title='bbox 835 4632 881 4684; x_wconf 90' lang='lat' dir='ltr'><strong>si</strong></span> <span class='ocrx_word' id='word_1_619' title='bbox 913 4632 1100 4686; x_wconf 75' lang='lat' dir='ltr'><strong>vivere</strong></span> <span class='ocrx_word' id='word_1_620' title='bbox 1132 4633 1321 4698; x_wconf 81' lang='lat' dir='ltr'><strong>vellet,</strong></span> <span class='ocrx_word' id='word_1_621' title='bbox 1350 4633 1619 4704; x_wconf 85' lang='lat' dir='ltr'><strong>deligere,</strong></span> <span class='ocrx_word' id='word_1_622' title='bbox 1655 4650 2031 4689; x_wconf 88' lang='lat' dir='ltr'><strong>summorum-</strong></span> 
     </span>
    </p>
   </div>
   <div class='ocr_carea' id='block_1_93' title="bbox 2145 4625 3709 4704">
    <p class='ocr_par' dir='ltr' id='par_1_93' title="bbox 2145 4626 3709 4698">
     <span class='ocr_line' id='line_1_94' title="bbox 2145 4626 3709 4698; baseline -0.003 -15"><span class='ocrx_word' id='word_1_623' title='bbox 2145 4628 2414 4691; x_wconf 86' lang='grc' dir='ltr'>Ἀτταλος</span> <span class='ocrx_word' id='word_1_624' title='bbox 2442 4627 2499 4681; x_wconf 82' lang='grc' dir='ltr'>δὲ</span> <span class='ocrx_word' id='word_1_625' title='bbox 2530 4627 2638 4681; x_wconf 81' lang='grc' dir='ltr'><strong>ὑπὸ</strong></span> <span class='ocrx_word' id='word_1_626' title='bbox 2669 4629 2838 4690; x_wconf 76' lang='grc' dir='ltr'>πόδας</span> <span class='ocrx_word' id='word_1_627' title='bbox 2876 4627 3120 4698; x_wconf 73' lang='grc' dir='ltr'>βήματος</span> <span class='ocrx_word' id='word_1_628' title='bbox 3153 4626 3512 4698; x_wconf 85' lang='grc' dir='ltr'>προτεθέντος</span> <span class='ocrx_word' id='word_1_629' title='bbox 3555 4642 3709 4694; x_wconf 83' lang='grc' dir='ltr'>γεγο-</span> 
     </span>
    </p>
   </div>
   <div class='ocr_carea' id='block_1_94' title="bbox 447 4721 2026 4795">
    <p class='ocr_par' dir='ltr' id='par_1_94' title="bbox 447 4721 2026 4795">
     <span class='ocr_line' id='line_1_95' title="bbox 447 4721 2026 4795; baseline 0.004 -21"><span class='ocrx_word' id='word_1_630' title='bbox 447 4737 557 4790; x_wconf 89' lang='lat' dir='ltr'><strong>que</strong></span> <span class='ocrx_word' id='word_1_631' title='bbox 611 4721 864 4791; x_wconf 80' lang='lat' dir='ltr'><strong>corporis</strong></span> <span class='ocrx_word' id='word_1_632' title='bbox 920 4724 1300 4778; x_wconf 84' lang='lat' dir='ltr'><strong>membrorum</strong></span> <span class='ocrx_word' id='word_1_633' title='bbox 1361 4725 1746 4795; x_wconf 85' lang='lat' dir='ltr'><strong>amputatione</strong></span> <span class='ocrx_word' id='word_1_634' title='bbox 1792 4726 2026 4781; x_wconf 83' lang='lat' dir='ltr'><strong>salutem</strong></span> 
     </span>
    </p>
   </div>
   <div class='ocr_carea' id='block_1_95' title="bbox 448 4815 2026 4892">
    <p class='ocr_par' dir='ltr' id='par_1_95' title="bbox 448 4815 2026 4892">
     <span class='ocr_line' id='line_1_96' title="bbox 448 4815 2026 4892; baseline 0.004 -25"><span class='ocrx_word' id='word_1_635' title='bbox 448 4829 604 4868; x_wconf 88' lang='lat' dir='ltr'><strong>suam</strong></span> <span class='ocrx_word' id='word_1_636' title='bbox 636 4815 914 4870; x_wconf 87' lang='lat' dir='ltr'><strong>redimere</strong></span> <span class='ocrx_word' id='word_1_637' title='bbox 944 4816 1129 4886; x_wconf 88' lang='lat' dir='ltr'><strong>jussit.</strong></span> <span class='ocrx_word' id='word_1_638' title='bbox 1163 4818 1588 4892; x_wconf 41' lang='lat' dir='ltr'><strong>Alaricbusptbi</strong></span> <span class='ocrx_word' id='word_1_639' title='bbox 1637 4819 1876 4873; x_wconf 78' lang='lat' dir='ltr'><strong>Attalum</strong></span> <span class='ocrx_word' id='word_1_640' title='bbox 1915 4835 2026 4874; x_wconf 89' lang='lat' dir='ltr'><strong>non</strong></span> 
     </span>
    </p>
   </div>
   <div class='ocr_carea' id='block_1_96' title="bbox 444 4908 2027 4980">
    <p class='ocr_par' dir='ltr' id='par_1_96' title="bbox 444 4908 2027 4980">
     <span class='ocr_line' id='line_1_97' title="bbox 444 4908 2027 4980; baseline 0.003 -18"><span class='ocrx_word' id='word_1_641' title='bbox 444 4908 611 4963; x_wconf 83' lang='lat' dir='ltr'><strong>facile</strong></span> <span class='ocrx_word' id='word_1_642' title='bbox 653 4909 738 4963; x_wconf 88' lang='lat' dir='ltr'><strong>vel</strong></span> <span class='ocrx_word' id='word_1_643' title='bbox 771 4909 874 4964; x_wconf 91' lang='lat' dir='ltr'><strong>sibi</strong></span> <span class='ocrx_word' id='word_1_644' title='bbox 903 4910 987 4965; x_wconf 91' lang='lat' dir='ltr'><strong>vel</strong></span> <span class='ocrx_word' id='word_1_645' title='bbox 1025 4911 1362 4968; x_wconf 89' lang='lat' dir='ltr'><strong>necessariis</strong></span> <span class='ocrx_word' id='word_1_646' title='bbox 1396 4911 1523 4965; x_wconf 90' lang='lat' dir='ltr'><strong>aliis</strong></span> <span class='ocrx_word' id='word_1_647' title='bbox 1551 4925 1746 4980; x_wconf 85' lang='lat' dir='ltr'><strong>parere</strong></span> <span class='ocrx_word' id='word_1_648' title='bbox 1771 4912 2027 4966; x_wconf 86' lang='lat' dir='ltr'><strong>animad-</strong></span> 
     </span>
    </p>
   </div>
   <div class='ocr_carea' id='block_1_97' title="bbox 447 5002 2024 5072">
    <p class='ocr_par' dir='ltr' id='par_1_97' title="bbox 447 5002 2024 5072">
     <span class='ocr_line' id='line_1_98' title="bbox 447 5002 2024 5072; baseline 0.004 -18"><span class='ocrx_word' id='word_1_649' title='bbox 447 5003 634 5065; x_wconf 68' lang='lat' dir='ltr'><strong>vertit.</strong></span> <span class='ocrx_word' id='word_1_650' title='bbox 686 5002 758 5057; x_wconf 87' lang='lat' dir='ltr'><strong>ab</strong></span> <span class='ocrx_word' id='word_1_651' title='bbox 805 5003 1054 5060; x_wconf 82' lang='lat' dir='ltr'><strong>Honorio</strong></span> <span class='ocrx_word' id='word_1_652' title='bbox 1101 5006 1206 5061; x_wconf 85' lang='lat' dir='ltr'><strong>sibi</strong></span> <span class='ocrx_word' id='word_1_653' title='bbox 1253 5014 1529 5066; x_wconf 89' lang='lat' dir='ltr'><strong>metuens,</strong></span> <span class='ocrx_word' id='word_1_654' title='bbox 1559 5005 1701 5059; x_wconf 88' lang='lat' dir='ltr'><strong>clam</strong></span> <span class='ocrx_word' id='word_1_655' title='bbox 1750 5021 1877 5060; x_wconf 89' lang='lat' dir='ltr'><strong>cum</strong></span> <span class='ocrx_word' id='word_1_656' title='bbox 1934 5021 2024 5072; x_wconf 90' lang='lat' dir='ltr'><strong>eo,</strong></span> 
     </span>
    </p>
   </div>
   <div class='ocr_carea' id='block_1_98' title="bbox 449 5096 2025 5168">
    <p class='ocr_par' dir='ltr' id='par_1_98' title="bbox 449 5096 2025 5168">
     <span class='ocr_line' id='line_1_99' title="bbox 449 5096 2025 5168; baseline 0.003 -21"><span class='ocrx_word' id='word_1_657' title='bbox 449 5096 871 5152; x_wconf 89' lang='lat' dir='ltr'><strong>conditionibus</strong></span> <span class='ocrx_word' id='word_1_658' title='bbox 921 5100 1185 5168; x_wconf 88' lang='lat' dir='ltr'><strong>acceptis,</strong></span> <span class='ocrx_word' id='word_1_659' title='bbox 1223 5098 1293 5153; x_wconf 81' lang='lat' dir='ltr'><strong>de</strong></span> <span class='ocrx_word' id='word_1_660' title='bbox 1335 5099 1792 5152; x_wconf 82' lang='lat' dir='ltr'><strong>reconciliatione</strong></span> <span class='ocrx_word' id='word_1_661' title='bbox 1831 5108 2025 5168; x_wconf 87' lang='lat' dir='ltr'><strong>pactus</strong></span> 
     </span>
    </p>
   </div>
   <div class='ocr_carea' id='block_1_99' title="bbox 447 5190 2024 5261">
    <p class='ocr_par' dir='ltr' id='par_1_99' title="bbox 447 5190 2024 5261">
     <span class='ocr_line' id='line_1_100' title="bbox 447 5190 2024 5261; baseline -0.002 -15"><span class='ocrx_word' id='word_1_662' title='bbox 447 5199 554 5246; x_wconf 82' lang='lat' dir='ltr'><strong>est.</strong></span> <span class='ocrx_word' id='word_1_663' title='bbox 628 5193 806 5260; x_wconf 88' lang='lat' dir='ltr'><strong>Atque</strong></span> <span class='ocrx_word' id='word_1_664' title='bbox 863 5191 1128 5246; x_wconf 88' lang='lat' dir='ltr'><strong>omnibus</strong></span> <span class='ocrx_word' id='word_1_665' title='bbox 1185 5190 1278 5261; x_wconf 49' lang='lat'><strong>(&#39;5):</strong></span> <span class='ocrx_word' id='word_1_666' title='bbox 1323 5190 1392 5243; x_wconf 84' lang='lat' dir='ltr'><strong>ad</strong></span> <span class='ocrx_word' id='word_1_667' title='bbox 1453 5190 1644 5245; x_wconf 83' lang='lat' dir='ltr'><strong>urbem</strong></span> <span class='ocrx_word' id='word_1_668' title='bbox 1702 5190 2024 5245; x_wconf 83' lang='lat' dir='ltr'><strong>Ravennam</strong></span> 
     </span>
    </p>
   </div>
   <div class='ocr_carea' id='block_1_100' title="bbox 447 5281 2028 5354">
    <p class='ocr_par' dir='ltr' id='par_1_100' title="bbox 447 5281 2028 5354">
     <span class='ocr_line' id='line_1_101' title="bbox 447 5281 2028 5354; baseline 0 -16"><span class='ocrx_word' id='word_1_669' title='bbox 447 5283 818 5353; x_wconf 75' lang='lat' dir='ltr'><strong>congregatis,</strong></span> <span class='ocrx_word' id='word_1_670' title='bbox 864 5283 1162 5338; x_wconf 78' lang='lat' dir='ltr'><strong>Alariehus</strong></span> <span class='ocrx_word' id='word_1_671' title='bbox 1193 5281 1377 5337; x_wconf 87' lang='lat' dir='ltr'><strong>Attalo</strong></span> <span class='ocrx_word' id='word_1_672' title='bbox 1411 5281 1709 5351; x_wconf 88' lang='lat' dir='ltr'><strong>persuasit,</strong></span> <span class='ocrx_word' id='word_1_673' title='bbox 1746 5291 1806 5336; x_wconf 93' lang='lat' dir='ltr'><strong>ut</strong></span> <span class='ocrx_word' id='word_1_674' title='bbox 1853 5285 2028 5354; x_wconf 83' lang='lat' dir='ltr'><strong>impe-</strong></span> 
     </span>
    </p>
   </div>
   <div class='ocr_carea' id='block_1_101' title="bbox 444 5373 2024 5444">
    <p class='ocr_par' dir='ltr' id='par_1_101' title="bbox 444 5373 2024 5444">
     <span class='ocr_line' id='line_1_102' title="bbox 444 5373 2024 5444; baseline 0.003 -18"><span class='ocrx_word' id='word_1_675' title='bbox 444 5373 513 5427; x_wconf 87' lang='lat' dir='ltr'><strong>rii</strong></span> <span class='ocrx_word' id='word_1_676' title='bbox 553 5374 815 5444; x_wconf 84' lang='lat' dir='ltr'><strong>insignia,</strong></span> <span class='ocrx_word' id='word_1_677' title='bbox 849 5373 1132 5441; x_wconf 87' lang='lat' dir='ltr'><strong>ducesque</strong></span> <span class='ocrx_word' id='word_1_678' title='bbox 1180 5373 1300 5442; x_wconf 86' lang='lat' dir='ltr'><strong>ejus</strong></span> <span class='ocrx_word' id='word_1_679' title='bbox 1332 5373 1614 5442; x_wconf 84' lang='lat' dir='ltr'><strong>cingulum</strong></span> <span class='ocrx_word' id='word_1_680' title='bbox 1658 5373 1896 5444; x_wconf 90' lang='lat' dir='ltr'><strong>quisque</strong></span> <span class='ocrx_word' id='word_1_681' title='bbox 1929 5374 2024 5430; x_wconf 82' lang='lat' dir='ltr'><strong>de-</strong></span> 
     </span>
    </p>
   </div>
   <div class='ocr_carea' id='block_1_102' title="bbox 441 5463 2019 5539">
    <p class='ocr_par' dir='ltr' id='par_1_102' title="bbox 441 5463 2019 5539">
     <span class='ocr_line' id='line_1_103' title="bbox 441 5463 2019 5539; baseline -0.003 -17"><span class='ocrx_word' id='word_1_682' title='bbox 441 5478 720 5537; x_wconf 86' lang='lat' dir='ltr'><strong>ponerent</strong></span> <span class='ocrx_word' id='word_1_683' title='bbox 773 5466 871 5539; x_wconf 70' lang='grc' dir='ltr'>(ιί).</span> <span class='ocrx_word' id='word_1_684' title='bbox 928 5463 1206 5520; x_wconf 82' lang='lat' dir='ltr'><strong>Honorius</strong></span> <span class='ocrx_word' id='word_1_685' title='bbox 1249 5467 1468 5518; x_wconf 84' lang='lat' dir='ltr'><strong>veniam</strong></span> <span class='ocrx_word' id='word_1_686' title='bbox 1529 5465 1789 5521; x_wconf 89' lang='lat' dir='ltr'><strong>omnibus</strong></span> <span class='ocrx_word' id='word_1_687' title='bbox 1845 5466 2019 5532; x_wconf 78' lang='lat' dir='ltr'><strong>dedit,</strong></span> 
     </span>
    </p>
   </div>
   <div class='ocr_carea' id='block_1_103' title="bbox 517 5579 2022 5651">
    <p class='ocr_par' dir='ltr' id='par_1_103' title="bbox 517 5579 2022 5651">
     <span class='ocr_line' id='line_1_104' title="bbox 517 5579 2022 5651; baseline -0.003 -16"><span class='ocrx_word' id='word_1_688' title='bbox 517 5583 592 5651; x_wconf 90' lang='lat' dir='ltr'><strong>(I)</strong></span> <span class='ocrx_word' id='word_1_689' title='bbox 627 5583 684 5636; x_wconf 90' lang='lat' dir='ltr'><strong>In</strong></span> <span class='ocrx_word' id='word_1_690' title='bbox 717 5579 992 5651; x_wconf 76' lang='lat' dir='ltr'><strong>legatione</strong></span> <span class='ocrx_word' id='word_1_691' title='bbox 1025 5579 1330 5651; x_wconf 76' lang='lat' dir='ltr'><strong>posteriore</strong></span> <span class='ocrx_word' id='word_1_692' title='bbox 1356 5579 1644 5634; x_wconf 85' lang='lat' dir='ltr'><strong>Alarichus</strong></span> <span class='ocrx_word' id='word_1_693' title='bbox 1678 5579 1852 5646; x_wconf 86' lang='lat' dir='ltr'><strong>petiit,</strong></span> <span class='ocrx_word' id='word_1_694' title='bbox 1881 5590 1942 5632; x_wconf 88' lang='lat' dir='ltr'><strong>ut</strong></span> <span class='ocrx_word' id='word_1_695' title='bbox 1968 5580 2022 5634; x_wconf 89' lang='lat' dir='ltr'><strong>in</strong></span> 
     </span>
    </p>
   </div>
   <div class='ocr_carea' id='block_1_104' title="bbox 438 5648 2026 5719">
    <p class='ocr_par' dir='ltr' id='par_1_104' title="bbox 438 5648 2026 5719">
     <span class='ocr_line' id='line_1_105' title="bbox 438 5648 2026 5719; baseline -0.003 -12"><span class='ocrx_word' id='word_1_696' title='bbox 438 5648 942 5707; x_wconf 67' lang='lat' dir='ltr'><strong>societatetirlielli</strong></span> <span class='ocrx_word' id='word_1_697' title='bbox 988 5664 1017 5701; x_wconf 92' lang='lat' dir='ltr'><strong>a</strong></span> <span class='ocrx_word' id='word_1_698' title='bbox 1069 5649 1330 5704; x_wconf 90' lang='lat' dir='ltr'><strong>Romanis</strong></span> <span class='ocrx_word' id='word_1_699' title='bbox 1373 5651 1796 5719; x_wconf 87' lang='lat' dir='ltr'><strong>susciperetur:</strong></span> <span class='ocrx_word' id='word_1_700' title='bbox 1855 5659 1909 5703; x_wconf 88' lang='lat' dir='ltr'><strong>et</strong></span> <span class='ocrx_word' id='word_1_701' title='bbox 1967 5659 2026 5702; x_wconf 94' lang='lat' dir='ltr'><strong>ut</strong></span> 
     </span>
    </p>
   </div>
   <div class='ocr_carea' id='block_1_105' title="bbox 440 5719 2022 5790">
    <p class='ocr_par' dir='ltr' id='par_1_105' title="bbox 440 5719 2022 5790">
     <span class='ocr_line' id='line_1_106' title="bbox 440 5719 2022 5790; baseline -0.003 -13"><span class='ocrx_word' id='word_1_702' title='bbox 440 5724 548 5777; x_wconf 90' lang='lat' dir='ltr'><strong>sibi</strong></span> <span class='ocrx_word' id='word_1_703' title='bbox 589 5738 714 5776; x_wconf 90' lang='lat' dir='ltr'><strong>cum</strong></span> <span class='ocrx_word' id='word_1_704' title='bbox 750 5719 1015 5773; x_wconf 86' lang='lat' dir='ltr'><strong>mediocri</strong></span> <span class='ocrx_word' id='word_1_705' title='bbox 1059 5719 1321 5790; x_wconf 84' lang='lat' dir='ltr'><strong>frumenti</strong></span> <span class='ocrx_word' id='word_1_706' title='bbox 1357 5721 1620 5790; x_wconf 86' lang='lat' dir='ltr'><strong>pensione</strong></span> <span class='ocrx_word' id='word_1_707' title='bbox 1661 5722 1776 5774; x_wconf 89' lang='lat' dir='ltr'><strong>loca</strong></span> <span class='ocrx_word' id='word_1_708' title='bbox 1818 5720 2022 5788; x_wconf 76' lang='lat' dir='ltr'><strong>aliqua,</strong></span> 
     </span>
    </p>
   </div>
   <div class='ocr_carea' id='block_1_106' title="bbox 441 5789 2023 5860">
    <p class='ocr_par' dir='ltr' id='par_1_106' title="bbox 441 5789 2023 5860">
     <span class='ocr_line' id='line_1_107' title="bbox 441 5789 2023 5860; baseline -0.001 -16"><span class='ocrx_word' id='word_1_709' title='bbox 441 5808 564 5860; x_wconf 73' lang='lat' dir='ltr'><strong>qua:</strong></span> <span class='ocrx_word' id='word_1_710' title='bbox 598 5790 829 5845; x_wconf 72' lang='lat' dir='ltr'><strong>Romani</strong></span> <span class='ocrx_word' id='word_1_711' title='bbox 863 5805 971 5841; x_wconf 88' lang='lat' dir='ltr'><strong>non</strong></span> <span class='ocrx_word' id='word_1_712' title='bbox 997 5789 1424 5860; x_wconf 78' lang='lat' dir='ltr'><strong>magnifacerent</strong></span> <span class='ocrx_word' id='word_1_713' title='bbox 1447 5832 1461 5857; x_wconf 93' lang='lat'><strong>,</strong></span> <span class='ocrx_word' id='word_1_714' title='bbox 1501 5791 1791 5846; x_wconf 81' lang='lat' dir='ltr'><strong>incolcuda</strong></span> <span class='ocrx_word' id='word_1_715' title='bbox 1823 5790 2023 5844; x_wconf 84' lang='lat' dir='ltr'><strong>daren-</strong></span> 
     </span>
    </p>
   </div>
   <div class='ocr_carea' id='block_1_107' title="bbox 446 5862 1440 5936">
    <p class='ocr_par' dir='ltr' id='par_1_107' title="bbox 446 5862 1440 5936">
     <span class='ocr_line' id='line_1_108' title="bbox 446 5862 1440 5936; baseline 0.002 -22"><span class='ocrx_word' id='word_1_716' title='bbox 446 5874 564 5936; x_wconf 41' lang='lat' dir='ltr'><strong>tur.-</strong></span> <span class='ocrx_word' id='word_1_717' title='bbox 589 5862 856 5936; x_wconf 29' lang='lat' dir='ltr'><strong>(Sﬁuzour)</strong></span> <span class='ocrx_word' id='word_1_718' title='bbox 1012 5931 1020 5936; x_wconf 86' lang='lat'><strong>_</strong></span> <span class='ocrx_word' id='word_1_719' title='bbox 1415 5932 1440 5936; x_wconf 38' lang='grc' dir='ltr'>η</span> 
     </span>
    </p>
   </div>
   <div class='ocr_carea' id='block_1_108' title="bbox 516 5930 1670 6002">
    <p class='ocr_par' dir='ltr' id='par_1_108' title="bbox 516 5930 1670 6002">
     <span class='ocr_line' id='line_1_109' title="bbox 516 5930 1670 6002; baseline -0.003 -18"><span class='ocrx_word' id='word_1_720' title='bbox 516 5931 592 6000; x_wconf 73' lang='lat'><strong>(2)</strong></span> <span class='ocrx_word' id='word_1_721' title='bbox 620 5930 767 5997; x_wconf 85' lang='lat' dir='ltr'><strong>Quos</strong></span> <span class='ocrx_word' id='word_1_722' title='bbox 793 5931 1124 5986; x_wconf 74' lang='lat' dir='ltr'><strong>domestitos</strong></span> <span class='ocrx_word' id='word_1_723' title='bbox 1160 5941 1372 5986; x_wconf 66' lang='lat' dir='ltr'><strong>t&#39;tcant.</strong></span> <span class='ocrx_word' id='word_1_724' title='bbox 1407 5931 1670 6002; x_wconf 69' lang='grc' dir='ltr'><strong>(Ξοζιιηι.)</strong></span> 
     </span>
    </p>
   </div>
   <div class='ocr_carea' id='block_1_109' title="bbox 2134 4718 3707 4791">
    <p class='ocr_par' dir='ltr' id='par_1_109' title="bbox 2134 4718 3707 4791">
     <span class='ocr_line' id='line_1_110' title="bbox 2134 4718 3707 4791; baseline -0.003 -16"><span class='ocrx_word' id='word_1_725' title='bbox 2134 4719 2244 4784; x_wconf 86' lang='grc' dir='ltr'>νὼς</span> <span class='ocrx_word' id='word_1_726' title='bbox 2321 4720 2612 4791; x_wconf 87' lang='grc' dir='ltr'>Ὀνωρίου,</span> <span class='ocrx_word' id='word_1_727' title='bbox 2663 4721 2796 4784; x_wconf 81' lang='grc' dir='ltr'>τοὺς</span> <span class='ocrx_word' id='word_1_728' title='bbox 2850 4721 2946 4772; x_wconf 86' lang='grc' dir='ltr'>δύο</span> <span class='ocrx_word' id='word_1_729' title='bbox 3004 4720 3116 4774; x_wconf 82' lang='grc' dir='ltr'><strong>τῶν</strong></span> <span class='ocrx_word' id='word_1_730' title='bbox 3173 4719 3453 4774; x_wconf 84' lang='grc' dir='ltr'>δακτύλων</span> <span class='ocrx_word' id='word_1_731' title='bbox 3517 4718 3707 4788; x_wconf 84' lang='grc' dir='ltr'>μόνους</span> 
     </span>
    </p>
   </div>
   <div class='ocr_carea' id='block_1_110' title="bbox 2133 4809 3705 4885">
    <p class='ocr_par' dir='ltr' id='par_1_110' title="bbox 2133 4809 3705 4885">
     <span class='ocr_line' id='line_1_111' title="bbox 2133 4809 3705 4885; baseline -0.002 -19"><span class='ocrx_word' id='word_1_732' title='bbox 2133 4815 2474 4885; x_wconf 83' lang='grc' dir='ltr'>ἀφαιρεῖται,</span> <span class='ocrx_word' id='word_1_733' title='bbox 2500 4817 2595 4868; x_wconf 66' lang='grc' dir='ltr'><strong>καὶ</strong></span> <span class='ocrx_word' id='word_1_734' title='bbox 2625 4816 2705 4876; x_wconf 84' lang='grc' dir='ltr'><strong>εἰς</strong></span> <span class='ocrx_word' id='word_1_735' title='bbox 2733 4815 2957 4882; x_wconf 89' lang='grc' dir='ltr'>Λίπαρα</span> <span class='ocrx_word' id='word_1_736' title='bbox 2977 4812 3077 4882; x_wconf 78' lang='grc' dir='ltr'>τὴν</span> <span class='ocrx_word' id='word_1_737' title='bbox 3115 4813 3280 4882; x_wconf 84' lang='grc' dir='ltr'>νῆσον</span> <span class='ocrx_word' id='word_1_738' title='bbox 3320 4809 3705 4880; x_wconf 83' lang='grc' dir='ltr'>φυγαδεύεται.</span> 
     </span>
    </p>
   </div>
   <div class='ocr_carea' id='block_1_111' title="bbox 2148 4904 3709 4978">
    <p class='ocr_par' dir='ltr' id='par_1_111' title="bbox 2148 4904 3709 4978">
     <span class='ocr_line' id='line_1_112' title="bbox 2148 4904 3709 4978; baseline -0.006 -15"><span class='ocrx_word' id='word_1_739' title='bbox 2148 4907 2478 4978; x_wconf 77' lang='grc' dir='ltr'>’Λδαοῦλφος</span> <span class='ocrx_word' id='word_1_740' title='bbox 2506 4909 2564 4962; x_wconf 84' lang='grc' dir='ltr'>δὲ</span> <span class='ocrx_word' id='word_1_741' title='bbox 2621 4909 2760 4978; x_wconf 80' lang='grc' dir='ltr'>πρός</span> <span class='ocrx_word' id='word_1_742' title='bbox 2817 4925 2964 4970; x_wconf 84' lang='grc' dir='ltr'>τινος</span> <span class='ocrx_word' id='word_1_743' title='bbox 3009 4907 3119 4960; x_wconf 81' lang='grc' dir='ltr'><strong>τῶν</strong></span> <span class='ocrx_word' id='word_1_744' title='bbox 3186 4907 3406 4960; x_wconf 82' lang='grc' dir='ltr'>οἰκείων</span> <span class='ocrx_word' id='word_1_745' title='bbox 3465 4904 3709 4974; x_wconf 72' lang='grc' dir='ltr'>μαχαίρᾳ</span> 
     </span>
    </p>
   </div>
   <div class='ocr_carea' id='block_1_112' title="bbox 2135 4995 3708 5073">
    <p class='ocr_par' dir='ltr' id='par_1_112' title="bbox 2135 4995 3708 5073">
     <span class='ocr_line' id='line_1_113' title="bbox 2135 4995 3708 5073; baseline -0.003 -19"><span class='ocrx_word' id='word_1_746' title='bbox 2135 5002 2451 5070; x_wconf 82' lang='grc' dir='ltr'>σφάττεται.</span> <span class='ocrx_word' id='word_1_747' title='bbox 2497 5003 2814 5073; x_wconf 81' lang='grc' dir='ltr'>Ἀλλάριχος</span> <span class='ocrx_word' id='word_1_748' title='bbox 2845 5001 2902 5054; x_wconf 77' lang='grc' dir='ltr'><strong>δὲ</strong></span> <span class='ocrx_word' id='word_1_749' title='bbox 2932 5002 2994 5055; x_wconf 86' lang='grc' dir='ltr'>οὺ</span> <span class='ocrx_word' id='word_1_750' title='bbox 3027 5004 3168 5055; x_wconf 81' lang='grc' dir='ltr'>πάνυ</span> <span class='ocrx_word' id='word_1_751' title='bbox 3224 4999 3412 5072; x_wconf 61' lang='grc' dir='ltr'>πόρρω</span> <span class='ocrx_word' id='word_1_752' title='bbox 3453 4997 3551 5058; x_wconf 73' lang='grc' dir='ltr'><strong>τὰς</strong></span> <span class='ocrx_word' id='word_1_753' title='bbox 3577 4995 3708 5049; x_wconf 69' lang='lat' dir='ltr'><strong>&quot;Alt-</strong></span> 
     </span>
    </p>
   </div>
   <div class='ocr_carea' id='block_1_113' title="bbox 2133 5091 3706 5165">
    <p class='ocr_par' dir='ltr' id='par_1_113' title="bbox 2133 5091 3706 5165">
     <span class='ocr_line' id='line_1_114' title="bbox 2133 5091 3706 5165; baseline -0.004 -17"><span class='ocrx_word' id='word_1_754' title='bbox 2133 5111 2258 5159; x_wconf 87' lang='grc' dir='ltr'>πεις</span> <span class='ocrx_word' id='word_1_755' title='bbox 2299 5095 2628 5148; x_wconf 87' lang='grc' dir='ltr'>καταλαϐὼν</span> <span class='ocrx_word' id='word_1_756' title='bbox 2654 5096 2672 5165; x_wconf 95' lang='grc'><strong>(</strong></span> <span class='ocrx_word' id='word_1_757' title='bbox 2703 5095 2903 5165; x_wconf 84' lang='grc' dir='ltr'>χωρίον</span> <span class='ocrx_word' id='word_1_758' title='bbox 2941 5094 2998 5148; x_wconf 81' lang='grc' dir='ltr'>δὲ</span> <span class='ocrx_word' id='word_1_759' title='bbox 3029 5093 3192 5146; x_wconf 81' lang='grc' dir='ltr'>τοῦτο</span> <span class='ocrx_word' id='word_1_760' title='bbox 3236 5093 3378 5161; x_wconf 73' lang='grc' dir='ltr'><strong>ἀμφὶ</strong></span> <span class='ocrx_word' id='word_1_761' title='bbox 3442 5091 3706 5160; x_wconf 77' lang='grc' dir='ltr'>ἑξήκοντα</span> 
     </span>
    </p>
   </div>
   <div class='ocr_carea' id='block_1_114' title="bbox 2135 5178 3705 5258">
    <p class='ocr_par' dir='ltr' id='par_1_114' title="bbox 2135 5178 3705 5258">
     <span class='ocr_line' id='line_1_115' title="bbox 2135 5178 3705 5258; baseline -0.007 -17"><span class='ocrx_word' id='word_1_762' title='bbox 2135 5190 2328 5243; x_wconf 84' lang='grc' dir='ltr'>στάδια</span> <span class='ocrx_word' id='word_1_763' title='bbox 2347 5191 2448 5258; x_wconf 79' lang='grc' dir='ltr'>τῆς</span> <span class='ocrx_word' id='word_1_764' title='bbox 2487 5189 2780 5256; x_wconf 78' lang='grc' dir='ltr'>Ῥαϐέννης</span> <span class='ocrx_word' id='word_1_765' title='bbox 2808 5185 3030 5257; x_wconf 81' lang='grc' dir='ltr'>διέχον),</span> <span class='ocrx_word' id='word_1_766' title='bbox 3067 5188 3147 5247; x_wconf 85' lang='grc' dir='ltr'><strong>είς</strong></span> <span class='ocrx_word' id='word_1_767' title='bbox 3177 5183 3370 5246; x_wconf 84' lang='grc' dir='ltr'>λόγους</span> <span class='ocrx_word' id='word_1_768' title='bbox 3397 5178 3705 5250; x_wconf 85' lang='grc' dir='ltr'>εἰρηναίους</span> 
     </span>
    </p>
   </div>
   <div class='ocr_carea' id='block_1_115' title="bbox 2131 5271 3702 5353">
    <p class='ocr_par' dir='ltr' id='par_1_115' title="bbox 2131 5271 3702 5353">
     <span class='ocr_line' id='line_1_116' title="bbox 2131 5271 3702 5353; baseline -0.009 -17"><span class='ocrx_word' id='word_1_769' title='bbox 2131 5277 2264 5352; x_wconf 84' lang='grc' dir='ltr'>ἦλθε</span> <span class='ocrx_word' id='word_1_770' title='bbox 2297 5281 2374 5352; x_wconf 83' lang='grc' dir='ltr'>τῷ</span> <span class='ocrx_word' id='word_1_771' title='bbox 2408 5281 2638 5353; x_wconf 75' lang='grc' dir='ltr'>βασίλει’.</span> <span class='ocrx_word' id='word_1_772' title='bbox 2674 5281 2786 5336; x_wconf 74' lang='grc' dir='ltr'><strong>Καὶ</strong></span> <span class='ocrx_word' id='word_1_773' title='bbox 2811 5280 2873 5349; x_wconf 81' lang='grc' dir='ltr'>δή</span> <span class='ocrx_word' id='word_1_774' title='bbox 2910 5296 2992 5341; x_wconf 87' lang='grc' dir='ltr'><strong>τις</strong></span> <span class='ocrx_word' id='word_1_775' title='bbox 3017 5277 3188 5345; x_wconf 82' lang='grc' dir='ltr'>Σάρος</span> <span class='ocrx_word' id='word_1_776' title='bbox 3236 5275 3426 5343; x_wconf 74' lang='grc' dir='ltr'>ὄνομα,</span> <span class='ocrx_word' id='word_1_777' title='bbox 3459 5272 3516 5335; x_wconf 88' lang='grc' dir='ltr'>ὃς</span> <span class='ocrx_word' id='word_1_778' title='bbox 3567 5271 3702 5340; x_wconf 81' lang='grc' dir='ltr'><strong>μετὰ</strong></span> 
     </span>
    </p>
   </div>
   <div class='ocr_carea' id='block_1_116' title="bbox 2133 5367 3704 5447">
    <p class='ocr_par' dir='ltr' id='par_1_116' title="bbox 2133 5367 3704 5447">
     <span class='ocr_line' id='line_1_117' title="bbox 2133 5367 3704 5447; baseline -0.006 -17"><span class='ocrx_word' id='word_1_779' title='bbox 2133 5377 2445 5447; x_wconf 79' lang='grc' dir='ltr'>Στελίχωνα</span> <span class='ocrx_word' id='word_1_780' title='bbox 2473 5377 2574 5447; x_wconf 86' lang='grc' dir='ltr'><strong>τὴν</strong></span> <span class='ocrx_word' id='word_1_781' title='bbox 2603 5375 2982 5446; x_wconf 77' lang='grc' dir='ltr'>στρατηγικὴν</span> <span class='ocrx_word' id='word_1_782' title='bbox 3011 5371 3190 5443; x_wconf 81' lang='grc' dir='ltr'>ἀρχὴν</span> <span class='ocrx_word' id='word_1_783' title='bbox 3258 5369 3519 5439; x_wconf 84' lang='grc' dir='ltr'>Ὃνωρίου</span> <span class='ocrx_word' id='word_1_784' title='bbox 3543 5367 3704 5422; x_wconf 86' lang='grc' dir='ltr'>δεδω-</span> 
     </span>
    </p>
   </div>
   <div class='ocr_carea' id='block_1_117' title="bbox 2131 5458 3702 5539">
    <p class='ocr_par' dir='ltr' id='par_1_117' title="bbox 2131 5458 3702 5539">
     <span class='ocr_line' id='line_1_118' title="bbox 2131 5458 3702 5539; baseline -0.009 -17"><span class='ocrx_word' id='word_1_785' title='bbox 2131 5472 2287 5532; x_wconf 73' lang='grc' dir='ltr'>κότος</span> <span class='ocrx_word' id='word_1_786' title='bbox 2322 5466 2589 5539; x_wconf 79' lang='grc' dir='ltr'>εἶχεν,είς-</span> <span class='ocrx_word' id='word_1_787' title='bbox 2610 5470 2779 5537; x_wconf 78' lang='grc' dir='ltr'>ἄκρον</span> <span class='ocrx_word' id='word_1_788' title='bbox 2802 5467 2868 5519; x_wconf 68' lang='grc' dir='ltr'><strong>τὰ</strong></span> <span class='ocrx_word' id='word_1_789' title='bbox 2893 5465 3131 5534; x_wconf 81' lang='grc' dir='ltr'>πολέμια</span> <span class='ocrx_word' id='word_1_790' title='bbox 3157 5460 3436 5535; x_wconf 73' lang='grc' dir='ltr'>ἠσκηκὼς,</span> <span class='ocrx_word' id='word_1_791' title='bbox 3463 5458 3702 5519; x_wconf 77' lang='grc' dir='ltr'>ὕποπτος</span> 
     </span>
    </p>
   </div>
   <div class='ocr_carea' id='block_1_118' title="bbox 2203 5569 3700 5648">
    <p class='ocr_par' dir='ltr' id='par_1_118' title="bbox 2203 5569 3700 5648">
     <span class='ocr_line' id='line_1_119' title="bbox 2203 5569 3700 5648; baseline -0.007 -16"><span class='ocrx_word' id='word_1_792' title='bbox 2203 5577 2282 5646; x_wconf 69' lang='lat'><strong>(3)</strong></span> <span class='ocrx_word' id='word_1_793' title='bbox 2332 5578 2411 5632; x_wconf 85' lang='lat' dir='ltr'><strong>Ad</strong></span> <span class='ocrx_word' id='word_1_794' title='bbox 2453 5578 2692 5647; x_wconf 88' lang='lat' dir='ltr'><strong>reliquas</strong></span> <span class='ocrx_word' id='word_1_795' title='bbox 2740 5577 2985 5648; x_wconf 44' lang='lat' dir='ltr'><strong>imperii</strong></span> <span class='ocrx_word' id='word_1_796' title='bbox 3017 5577 3178 5632; x_wconf 81' lang='lat' dir='ltr'><strong>Rom.</strong></span> <span class='ocrx_word' id='word_1_797' title='bbox 3213 5573 3394 5648; x_wconf 76' lang='lat' dir='ltr'><strong>clades</strong></span> <span class='ocrx_word' id='word_1_798' title='bbox 3447 5569 3700 5648; x_wconf 71' lang='lat' dir='ltr'><strong>accessit,</strong></span> 
     </span>
    </p>
   </div>
   <div class='ocr_carea' id='block_1_119' title="bbox 2128 5641 3702 5723">
    <p class='ocr_par' dir='ltr' id='par_1_119' title="bbox 2128 5641 3702 5723">
     <span class='ocr_line' id='line_1_120' title="bbox 2128 5641 3702 5723; baseline -0.007 -21"><span class='ocrx_word' id='word_1_799' title='bbox 2128 5641 2274 5717; x_wconf 82' lang='lat' dir='ltr'><strong>quod</strong></span> <span class='ocrx_word' id='word_1_800' title='bbox 2307 5648 2466 5723; x_wconf 84' lang='lat' dir='ltr'><strong>Gildo</strong></span> <span class='ocrx_word' id='word_1_801' title='bbox 2493 5641 2677 5723; x_wconf 76' lang='lat' dir='ltr'><strong>comes</strong></span> <span class='ocrx_word' id='word_1_802' title='bbox 2693 5641 2918 5723; x_wconf 66' lang='lat' dir='ltr'><strong>Alriezr,</strong></span> <span class='ocrx_word' id='word_1_803' title='bbox 2947 5647 3262 5701; x_wconf 82' lang='lat' dir='ltr'><strong>Theodosio</strong></span> <span class='ocrx_word' id='word_1_804' title='bbox 3296 5643 3574 5723; x_wconf 72' lang='lat' dir='ltr'><strong>defuncto,</strong></span> <span class='ocrx_word' id='word_1_805' title='bbox 3611 5641 3702 5691; x_wconf 84' lang='lat' dir='ltr'><strong>Li.-</strong></span> 
     </span>
    </p>
   </div>
   <div class='ocr_carea' id='block_1_120' title="bbox 2131 5711 3704 5788">
    <p class='ocr_par' dir='ltr' id='par_1_120' title="bbox 2131 5711 3704 5788">
     <span class='ocr_line' id='line_1_121' title="bbox 2131 5711 3704 5788; baseline -0.005 -18"><span class='ocrx_word' id='word_1_806' title='bbox 2131 5711 2288 5788; x_wconf 64' lang='lat' dir='ltr'><strong>liyam</strong></span> <span class='ocrx_word' id='word_1_807' title='bbox 2320 5731 2376 5773; x_wconf 86' lang='lat' dir='ltr'><strong>et</strong></span> <span class='ocrx_word' id='word_1_808' title='bbox 2415 5719 2610 5773; x_wconf 89' lang='lat' dir='ltr'><strong>bonam</strong></span> <span class='ocrx_word' id='word_1_809' title='bbox 2639 5717 2835 5771; x_wconf 73' lang='lat' dir='ltr'><strong>Africa:</strong></span> <span class='ocrx_word' id='word_1_810' title='bbox 2873 5729 3080 5786; x_wconf 86' lang='lat' dir='ltr'><strong>partem</strong></span> <span class='ocrx_word' id='word_1_811' title='bbox 3110 5734 3208 5787; x_wconf 88' lang='lat' dir='ltr'><strong>per</strong></span> <span class='ocrx_word' id='word_1_812' title='bbox 3249 5711 3585 5786; x_wconf 81' lang='lat' dir='ltr'><strong>tyrannidem</strong></span> <span class='ocrx_word' id='word_1_813' title='bbox 3614 5724 3704 5763; x_wconf 90' lang='lat' dir='ltr'><strong>oc-</strong></span> 
     </span>
    </p>
   </div>
   <div class='ocr_carea' id='block_1_121' title="bbox 2128 5791 2371 5856">
    <p class='ocr_par' dir='ltr' id='par_1_121' title="bbox 2128 5791 2371 5856">
     <span class='ocr_line' id='line_1_122' title="bbox 2128 5791 2371 5856; baseline -0.012 -14"><span class='ocrx_word' id='word_1_814' title='bbox 2128 5791 2371 5856; x_wconf 82' lang='lat' dir='ltr'><strong>cupavit.</strong></span> 
     </span>
    </p>
   </div>
   <div class='ocr_carea' id='block_1_122' title="bbox 2201 5857 3030 5928">
    <p class='ocr_par' dir='ltr' id='par_1_122' title="bbox 2201 5857 3030 5928">
     <span class='ocr_line' id='line_1_123' title="bbox 2201 5857 3030 5928; baseline -0.004 -15"><span class='ocrx_word' id='word_1_815' title='bbox 2201 5861 2278 5928; x_wconf 61' lang='grc' dir='ltr'><strong>(ὃ)</strong></span> <span class='ocrx_word' id='word_1_816' title='bbox 2321 5862 2537 5914; x_wconf 79' lang='lat' dir='ltr'><strong>Summ.</strong></span> <span class='ocrx_word' id='word_1_817' title='bbox 2577 5860 2672 5913; x_wconf 85' lang='lat' dir='ltr'><strong>lib.</strong></span> <span class='ocrx_word' id='word_1_818' title='bbox 2715 5876 2784 5920; x_wconf 81' lang='lat' dir='ltr'><strong>Ix,</strong></span> <span class='ocrx_word' id='word_1_819' title='bbox 2821 5874 2936 5928; x_wconf 70' lang='lat' dir='ltr'><strong>mp.</strong></span> <span class='ocrx_word' id='word_1_820' title='bbox 2980 5857 3030 5910; x_wconf 85' lang='lat' dir='ltr'><strong>S.</strong></span> 
     </span>
    </p>
   </div>
  </div>
