4044 6444
344 402 482 467 1045

1261 409 1854 471 ECCLESIASTIC/E
1889 411 2270 472 HISTORIA!
2308 410 2450 472 LIB.
2494 408 2665 470 XIII.

3472 408 3609 473 1046

341 519 418 573 ὣν
468 519 773 591 Ἀλλαρίχῳ
795 520 882 574 διὰ
910 524 1186 593 προτέραν
1243 525 1463 596 ἔχθραν,
1510 530 1653 595 ἀμφὶ
1708 544 1915 596 τριακο-

2031 527 2105 580 ita
2145 536 2203 580 ut
2232 527 2468 596 quisque
2496 540 2661 596 quem
2693 532 2854 580 antea
2884 523 3172 580 habuisset
3203 524 3470 581 honorem
3503 528 3605 582 ob-

343 613 494 674 σίους
524 612 665 682 ἔχων
692 612 883 678 εὔνους
903 615 1055 686 αύτῷ
1081 618 1174 669 καὶ
1204 618 1353 687 μάλα
1378 620 1657 687 ἀρίστους,
1688 619 1915 686 λογισά-

344 720 508 773 μενος
542 705 615 775 μὴ
655 706 833 780 ἑαυτῷ
865 724 927 776 γε
960 708 1231 762 συνοίσειν
1261 710 1358 775 τᾶς
1391 711 1593 782 μεταξὺ
1630 710 1916 782 Ῥωμαίων

342 795 438 849 καὶ
500 794 714 850 Γότθων
775 798 1042 866 σπονδὰς,
1095 800 1355 871 ἐξαπίνης
1409 802 1766 873 προσϐαλὼν,
1815 804 1917 855 οὐκ

342 888 559 956 ὀλίγους
582 889 693 941 τῶν
746 888 1066 963 Ἀλλαρίχου
1103 895 1304 947 κτείνει
1338 912 1350 925 ·
1387 897 1673 966 κρατήσας
1730 914 1789 950 τε
1845 899 1914 966 τῇ

347 980 493 1051 μάχη
530 1022 545 1045 ,
597 982 695 1048 τῆς
762 982 1060 1055 Ῥαϐέννης
1118 987 1434 1043 ἀποδιὼκει.
1504 989 1813 1059 Περιοργὴς
1860 989 1915 1042 δὲ

343 1071 635 1137 γενόμενος
665 1072 1063 1145 ὁ-’Ᾱλλάριχος,
1089 1077 1513 1147 περικαθεσθεὶς
1548 1079 1649 1150 τὴν
1695 1079 1917 1149 Ῥώμην

346 1162 534 1233 ἴσχυσε
566 1165 828 1237 προδοσίᾳ
858 1166 999 1220 ἑλεῖν
1032 1184 1045 1199 ⁸
1083 1170 1179 1223 καὶ
1206 1172 1321 1233 τοῖς
1354 1171 1446 1223 ὑπ’
1501 1172 1664 1224 αὐτὸν
1697 1170 1915 1224 ἐκέλευε

338 1259 430 1309 τὶν
466 1256 757 1325 Ῥωμαίων
792 1260 1025 1314 πλοῦτον
1084 1263 1381 1332 ἁρπάζειν.
1412 1265 1487 1330 ὡς
1539 1262 1790 1335 δύναμις,
1823 1263 1916 1317 καὶ

336 1345 622 1414 ληῖζεσθαι
649 1350 778 1413 τοὺς
830 1352 1017 1417 οἴκους
1065 1354 1271 1420 αὐτοῖς,
1307 1355 1471 1425 μόνον
1517 1356 1716 1410 ἄσυλον
1774 1353 1914 1411 εἶναι

337 1440 724 1509 προστεταχὼς
753 1443 846 1497 τὸν
873 1446 1003 1516 περὶ
1039 1446 1136 1517 τὴν
1162 1448 1313 1501 θείαν
1344 1450 1503 1520 σορὸν
1528 1451 1623 1503 τοῦ
1678 1453 1916 1506 ἀποστό-

337 1528 430 1580 λου
460 1530 671 1600 Πέτρου
701 1533 854 1599 νεὼν,
904 1535 1080 1605 μέγαν
1109 1554 1167 1590 τε
1190 1537 1339 1601 ὄντα,
1390 1541 1486 1593 καὶ
1513 1541 1680 1595 πολὺν
1734 1542 1914 1613 χῶρον

336 1622 842 1692 περιλαμϐάνοντα.
871 1628 935 1681 Ὀ
980 1627 1044 1698 δὴ
1076 1632 1170 1682 καὶ
1218 1629 1393 1685 αίτιον
1428 1635 1671 1705 κατέστη
1702 1634 1798 1689 τοῦ
1838 1636 1914 1707 μὴ

335 1711 506 1782 ἄρδην
540 1714 725 1767 πᾶσαν
752 1715 1055 1771 ἀπολέσθαι
1089 1719 1189 1790 τὴν
1233 1720 1479 1792 Ῥώμην.
1516 1725 1578 1778 Oi
1614 1726 1721 1795 γὰρ
1756 1726 1914 1779 ἐνθά-

335 1803 392 1856 δε
426 1808 757 1879 συρρυἐντες
780 1810 860 1881 τῷ
887 1811 999 1865 δέει
1041 1814 1253 1881 (πολλοὶ
1283 1816 1339 1868 δὲ
1388 1812 1574 1888 ἦσαν),
1618 1819 1759 1873 αἰδοῖ
1817 1818 1911 1874 τοῦ

2026 619 2230 671 tineret
2275 624 2332 671 et
2383 616 2729 686 dignitatem.
2798 615 3020 669 Attalus
3065 615 3143 683 (Ι)
3176 616 3243 668 ad
3283 614 3468 669 infima
3503 616 3605 669 tri-

2024 708 2248 765 bunalis
2280 708 2542 764 subsellia
2576 707 2811 777 positus,
2848 707 2937 761 ubi
2968 721 3027 761 se
3059 702 3290 760 Honorii
3343 708 3602 776 potestati

2026 799 2301 869 permisit.
2334 809 2525 869 postea
2571 798 2792 853 duobus
2844 806 3057 852 tantum
3086 798 3278 867 digitis
3322 798 3374 852 ei
3407 814 3602 867 ampu-

2027 892 2176 954 tatis,
2205 892 2260 945 in
2292 891 2547 960 Liparam
2599 890 2838 944 insulam
2870 890 3220 959 deportatus,
3279 889 3600 957 Adaulphus

2025 1000 2054 1038 a
2097 982 2353 1038 familiari
2403 983 2642 1051 quodam
2699 997 2801 1035 suo
2846 996 2982 1035 ense
3024 989 3310 1050 postremo
3372 992 3603 1036 necatus

2025 1085 2129 1133 est.
2192 1075 2488 1130 Alarichus
2540 1082 2725 1129 autem
2787 1089 2900 1129 non
2957 1074 3132 1128 multo
3191 1084 3313 1143 post
3370 1075 3601 1143 Alpibus

2026 1170 2205 1238 (locus
2256 1170 2303 1223 is
2351 1168 2575 1222 circiter
2609 1168 2893 1237 sexaginta
2938 1167 3113 1221 stadia
3144 1183 3172 1220 a
3212 1167 3470 1221 Ravenna
3516 1178 3603 1221 est

2026 1264 2187 1316 situs)
2252 1260 2563 1330 occupatis,
2618 1259 2685 1314 de
2735 1268 2871 1328 pace
2921 1273 3044 1313 cum
3097 1257 3429 1328 imperatore
3464 1261 3599 1328 egit.

2026 1353 2091 1408 Et
2148 1353 2320 1408 Sarus
2383 1351 2631 1422 quidam,
2668 1351 2764 1419 qui
2803 1359 2927 1417 post
2977 1349 3302 1404 Stiliconcm
3355 1350 3601 1419 praefecti

2025 1445 2289 1500 militaris
2317 1444 2644 1515 dignitatem
2680 1444 2750 1498 ab
2777 1441 3026 1497 Honorio
3053 1449 3369 1509 acceperat,
3394 1443 3447 1495 in
3481 1452 3603 1495 arte

2024 1539 2221 1594 bellica
2270 1552 2487 1592 summe
2525 1535 2900 1596 exercitatus,
2940 1544 2994 1589 et
3026 1534 3288 1589 Alarieho
3340 1533 3443 1603 ipsi
3480 1550 3606 1603 pro-

2023 1639 2145 1700 pter
2190 1630 2407 1699 priores
2458 1627 2786 1683 inimicitias
2833 1614 3153 1694 snspectns,
3185 1627 3333 1696 quod
3374 1624 3605 1681 minimc

2021 1720 2129 1774 sibi
2189 1720 2338 1774 bono
2391 1720 2575 1773 futura
2638 1732 2763 1773 esse
2817 1727 2976 1787 pacta
3028 1716 3174 1772 inter
3215 1717 3501 1771 Romanos
3550 1726 3607 1770 et

2019 1810 2260 1870 Gotthos
2315 1811 2524 1868 foedera
2574 1811 2975 1872 arbitraretur,
3037 1810 3267 1865 circiter
3325 1817 3605 1864 trecentos

337 1896 642 1949 ἀποστόλου
675 1899 1099 1968 περισωθέντες,
1132 1903 1297 1957 πάλιν
1344 1906 1445 1974 τὴν
1477 1907 1634 1961 πόλιν
1684 1906 1915 1979 ᾤκισαν.

2022 1906 2418 1962 sui'studiosos
2449 1906 2599 1959 viros
2629 1903 2968 1959 fortissimos
3010 1917 3202 1958 secum
3235 1901 3469 1968 habens,
3508 1916 3605 1956 su~

335 1988 577 2053 Ἐκεῖνος
608 1991 688 2053 δὲ,
719 1993 789 2046 τὰ
835 1995 979 2048 κατὰ
1027 1998 1369 2068 Καμπανίαν
1396 1999 1743 2071 ληϊζόμενος,
1776 2004 1918 2071 νόσῳ

337 2083 644 2153 φθείρεται.
685 2087 1214 2162 Τῶνδὲβαρϐἁρων
1272 2096 1684 2165 σπεισαμένων,
1752 2096 1920 2150 Ὀνώ-

339 2193 452 2247 ριος
492 2178 714 2250 Ῥώμην
738 2182 1035 2247 συνοικίζει
1062 2185 1172 2237 τῶν
1198 2185 1410 2240 πολλῶν
1437 2187 1625 2242 κακῶν
1652 2187 1919 2260 ἀνασχοῦ-

338 2283 439 2319 σαν
464 2286 477 2301 ο
511 2263 577 2321 οὗ
609 2270 674 2340 δὴ
705 2273 998 2343 γενόμενος
1021 2274 1307 2345 βασιλεὺς,
1340 2278 1433 2332 τὸν
1479 2279 1685 2351 ταύτης
1741 2296 1920 2334 συνοι-

336 2361 535 2429 κισμὸν
564 2364 659 2416 καὶ
685 2365 833 2434 χειρὶ
883 2366 979 2420 καὶ
1045 2368 1264 2442 γλώττῃ
1325 2370 1530 2435 ἱκανῶς
1576 2375 1917 2443 συνεκρότει.

337 2452 428 2504 Ἐν
460 2448 505 2522 ᾧ
539 2454 602 2526 δὴ
631 2456 861 2528 πολέμῳ
882 2462 1022 2529 γυνή
1043 2478 1130 2524 τις
1151 2461 1233 2516 εὖ·
1277 2463 1428 2533 μάλα
1456 2464 1738 2535 διαγέγονε
1794 2484 1921 2519 τεκ-

339 2544 537 2613 μήριον
573 2547 832 2615 μὲγτστον
862 2550 1221 2622 σωφροσύνης
1258 2552 1698 2626 ὲπιδεδειγμένη.
1730 2554 1919 2627 Καλὴν

334 2636 441 2703 γὰρ
468 2630 639 2690 οὖσαν
665 2639 838 2709 αὐτὴν
869 2642 966 2694 καὶ
995 2642 1210 2712 ὡραίαν
1263 2646 1471 2716 σφόδρα
1513 2645 1590 2717 τῷ
1624 2647 1780 2714 είδει,
1809 2649 1919 2701 τῶν

334 2746 416 2792 τις
457 2729 779 2803 Ἀλλαρίχου
836 2737 1191 2804 στρατιωτῶν
1228 2738 1346 2801 νέος
1399 2738 1543 2805 ἰδὼν,
1588 2742 1771 2813 ἥττων
1820 2742 1917 2809 τῆς

332 2824 485 2894 ὥρας
545 2826 784 2893 ἐγένετο,
840 2828 935 2882 καὶ
989 2830 1072 2893 είς
1124 2834 1420 2889 συνουσίαν
1473 2833 1662 2904 ἠρέμα
1693 2832 1916 2898 εἷλκεν.

333 2917 588 2990 Ἐκείνην
617 2922 674 2976 δὲ
704 2923 765 2975 τὸ
794 2923 928 2991 ἄγος
963 2925 1405 2996 ὲκτρεπομένην,
1449 2929 1511 2980 τὸ
1557 2928 1714 2997 ξίφος
1773 2945 1918 3000 γυμ-

332 3007 532 3075 νώσας,
560 3011 808 3082 ἀναιρεῖν
833 3012 1071 3082 ἠπείλει.
1109 3009 1212 3068 υἷα
1240 3012 1288 3067 δ’
1313 3014 1478 3084 ἔρωτι
1510 3015 1912 3086 ἁμιλλώμενος,

333 3104 509 3170 φειδοῖ
538 3121 646 3158 τινι
677 3104 738 3170 ἐξ
768 3106 1024 3176 ἐπιτολῆς
1060 3108 1150 3162 τὸν
1189 3108 1462 3180 τράχηλον
1522 3109 1777 3179 ἔπληττε.
1827 3109 1919 3180 Τῷ

332 3197 388 3250 δὲ
408 3198 593 3267 λύθρῳ
622 3201 1055 3271 περιρῤεομὲνη,
1084 3201 1176 3255 τὸν
1210 3202 1413 3273 αὐχένα
1432 3202 1609 3271 ύπῆγε
1638 3203 1717 3274 τῷ
1749 3205 1915 3274 ξίφει,
1941 3232 1988 3296 C

332 3289 558 3356 ἄμεινον
595 3290 655 3342 ὲν
682 3289 924 3358 σώφρονι
982 3289 1164 3344 θανεῖν
1227 3293 1449 3361 οἰομένη
1502 3293 1614 3345 δεῖν
1646 3292 1914 3362 λογισμῷ,

338 3382 370 3452 ἦ
408 3382 575 3437 ἄλλου
601 3383 938 3453 πειραθῆναι
976 3383 1191 3452 ἀνδρός.
1235 3384 1325 3446 Ὠς
1352 3384 1409 3437 δὲ
1472 3383 1852 3455 φοϐερώτερον
1889 3387 1919 3439 ὀ

336 3476 613 3547 βέιρϐαρος
660 3476 830 3528 ἐπιὼν
868 3476 1021 3529 οὐδὲν
1063 3475 1264 3545 μᾶλλον
1302 3478 1431 3547 ἤνυε
1465 3477 1694 3530 πλεῖστα
1722 3478 1920 3530 διαπα-

334 3568 523 3634 λαίων,
554 3567 618 3622 τὸ
648 3568 865 3638 σῶφρον
889 3567 1265 3636 καταπλαγεὶς
1285 3568 1387 3635 τῆς
1413 3568 1729 3640 ἀνθρώπου,
1759 3568 1916 3639 παρὰ

333 3662 397 3714 τὸ
423 3661 783 3716 ἀποστολεῖω
805 3659 900 3714 τοῦ
932 3660 1079 3713 θείου
1112 3661 1321 3730 Πέτρου
1344 3659 1516 3732 αὐτὴν
1540 3661 1784 3730 ἀνάγων,
1822 3661 1919 3715 καὶ

332 3756 445 3818 τοῖς
473 3754 771 3823 νεωκόροις
800 3753 973 3822 αὐτὴν
998 3753 1296 3823 παραδοὺς,
1361 3752 1455 3807 καὶ
1509 3752 1566 3818 ἓξ
1618 3752 1913 3823 χρυσίνους

332 3848 522 3911 αὐτοῖς
548 3848 793 3911 ἐπιδοὺς,
828 3846 908 3917 τῷ
952 3847 1109 3918 ἀνδρὶ
1137 3847 1431 3915 φυλάττειν
1464 3846 1563 3917 τὴν
1593 3848 1764 3917 κόρην
1793 3846 1917 3900 ἑκε-

332 3942 511 3994 λευεν.
543 3939 784 3993 Τοιαῦτα
807 3937 956 3991 δεινὰ
986 3937 1091 3991 ἀνά
1122 3954 1181 3991 τε
1213 3938 1289 3990 ἔω
1327 3938 1423 3990 καὶ
1469 3937 1713 4008 ἑσπέραν
1764 3953 1917 4008 τηνι-

333 4032 512 4084 καῦτα
546 4030 872 4100 ἐπισυνέϐη,
903 4029 1041 4083 Θεοῦ
1068 4047 1156 4097 γε,
1195 4025 1371 4099 οἶμαι,
1428 4031 1735 4101 μηνίοντος.

2024 1999 2138 2052 hito
2161 1997 2486 2052 Alarichum
2518 2010 2837 2067 aggressus,
2861 2011 2975 2049 non
2999 2009 3205 2064 paucos
3233 2009 3301 2048 ex
3331 1992 3604 2047 militibus

2020 2093 2139 2161 ejus
2194 2090 2418 2154 occidit,
2474 2098 2531 2144 et
2582 2088 2814 2146 victoria
2863 2089 2919 2143 in
2968 2087 3164 2158 prmlio
3217 2089 3449 2157 petitus,
3496 2086 3605 2143 Ra-

2020 2196 2202 2238 venna
2234 2200 2331 2240 eos
2360 2184 2546 2255 ejecit.
2583 2183 2718 2238 Eam
2762 2182 2835 2238 ob
2867 2197 2985 2238 rem
3029 2180 3324 2237 Alarichus
3356 2180 3436 2234 ira
3478 2193 3606 2249 per-

2020 2277 2184 2343 citus,
2236 2277 2411 2333 Roma
2465 2276 2542 2346 (2)
2574 2277 2824 2341 obsessa,
2877 2275 3197 2346 proditione
3239 2289 3361 2330 eam
3425 2272 3598 2342 cepit,

2021 2386 2263 2442 suosque
2292 2370 2672 2424 Romanorum
2705 2384 2839 2438 opes
2890 2378 3156 2439 quantum
3206 2377 3435 2437 possent
3467 2365 3603 2420 diri-

2022 2478 2156 2533 pere
2183 2472 2238 2517 et
2268 2462 2466 2517 domos
2501 2463 2770 2532 expilare,
2807 2469 2978 2530 atque
3026 2460 3122 2514 uni
3167 2460 3371 2520 solum,
3403 2459 3457 2512 in
3491 2472 3603 2527 quo

2021 2554 2257 2623 apostoli
2289 2553 2439 2608 Petri
2467 2553 2718 2608 tumulus
2744 2561 2851 2617 est,
2884 2566 3111 2623 parcere
3142 2551 3331 2623 jussit.
3357 2550 3489 2617 Quae
3514 2563 3605 2603 res

2023 2646 2078 2700 in
2132 2659 2295 2701 causa
2343 2644 2470 2707 fuit,
2528 2661 2600 2700 ne
2653 2644 2829 2699 Roma
2878 2643 3062 2699 omnis
3113 2641 3365 2698 funditus
3410 2639 3606 2696 interi-

2024 2745 2110 2792 ret
2153 2737 2253 2808 (5).
2313 2734 2481 2809 424
2537 2735 2678 2793 Cum
2734 2737 2884 2792 enim
2938 2750 3005 2790 eo
3059 2743 3294 2807 propter
3347 2733 3602 2788 timorem

2023 2829 2417 2901 quamplurimi
2470 2826 2894 2893 conﬂuxissent,
2938 2827 3011 2881 ob
3057 2825 3295 2896 apostoli
3340 2838 3606 2880 reveren-

2024 2923 2155 2976 tiam
2188 2920 2417 2985 servati,
2459 2921 2655 2975 urbem
2690 2920 2876 2975 denuo
2904 2918 3159 2975 aediliciis
3193 2918 3601 2973 instaurarunt.

2022 3015 2116 3070 Ille
2147 3031 2315 3086 porro
2344 3031 2467 3070 cum
2502 3014 2863 3084 Campaniam
2890 3021 3157 3076 vastaret,
3199 3012 3397 3066 morbo
3429 3012 3604 3065 inter-

2021 3112 2106 3166 iit.
2141 3111 2361 3167 Etcum
2409 3111 2442 3165 b
2477 3111 2698 3165 arbaris
2732 3125 2867 3179 pace
2903 3109 3048 3164 facta
3083 3106 3365 3163 lionorius
3393 3105 3496 3178 (4),
3542 3115 3605 3161 ut

2022 3205 2254 3260 Romam
2310 3203 2482 3258 multa
2523 3217 2847 3273 perpessam
2892 3203 3035 3257 mala
3070 3199 3446 3257 communiter
3475 3213 3604 3255 cum

2019 3296 2146 3352 aliis
2182 3295 2517 3361 incolerent,
2554 3297 2639 3351 eis
2685 3295 2981 3366 permisit:
3019 3308 3256 3363 eamque
3286 3308 3402 3347 rem
3436 3305 3603 3346 manu

2021 3389 2189 3444 simul
2219 3397 2273 3442 et
2306 3403 2404 3442 ore
2441 3401 2777 3456 magnopere
2818 3386 3163 3456 applaudens
3193 3382 3604 3452 comprobavit.

2022 3485 2081 3539 in
2132 3498 2198 3538 eo
2245 3482 2389 3536 bello
2437 3482 2640 3536 mtilier
2681 3482 2933 3552 quaedam
2984 3482 3287 3534 maximum
3345 3474 3604 3533 exhibuit

2020 3573 2308 3645 pudicitire
2343 3572 2648 3642 specimen.
2690 3572 2848 3639 Quod
2892 3586 3136 3641 namque
3179 3578 3230 3626 et
3264 3568 3441 3623 artatis
3469 3566 3605 3622 [lore

2021 3675 2079 3721 et
2106 3665 2300 3720 forma:
2340 3673 2639 3719 venustate
2681 3671 2990 3734 prmstaret,
3026 3679 3091 3718 ex
3124 3662 3369 3717 Alarichi
3406 3658 3607 3715 militi-

2021 3758 2127 3813 bus
2156 3758 2379 3829 juvenis
2416 3758 2641 3829 quidam
2667 3756 3087 3828 pulchritudine
3121 3756 3263 3828 ejus,
3309 3768 3436 3809 cum
3480 3766 3602 3807 eam

2022 3851 2277 3917 vidisset,
2308 3861 2529 3921 captus,
2558 3851 2626 3906 ad
2680 3851 3043 3906 concubitum
3080 3865 3203 3905 eam
3255 3847 3601 3904 sollicitavit.

2021 3942 2161 4001 Cum
2192 3951 2378 3999 autem
2419 3938 2712 4014 piaculum‘
2752 3943 2809 4000 id
2861 3952 3237 4007 aversaretur,
3272 3940 3433 3995 miles
3472 3951 3607 3993 ense

2025 4036 2222 4090 stricto
2260 4045 2494 4089 mortem
2526 4035 2576 4089 ei
2608 4036 2872 4096 minatus.
2903 4034 3076 4091 veluti
3103 4049 3230 4090 cum
3264 4045 3451 4088 amore
3476 4043 3608 4085 con-

333 4137 578 4191 certans,
620 4141 722 4197 per
764 4125 1206 4180 misericordiam
1234 4140 1512 4178 summum
1547 4134 1760 4179 tantum
1829 4127 2034 4182 collum
2097 4129 2431 4183 vulneravit.
2479 4128 2574 4182 illa
2609 4143 2762 4197 vero,
2821 4144 3022 4183 cruore
3046 4126 3324 4191 diffluens,
3352 4123 3605 4196 jugulum

332 4220 484 4274 ferro
520 4218 793 4281 subdidit,
849 4217 1048 4272 melius
1088 4218 1195 4272 sibi
1234 4232 1355 4271 esse
1389 4228 1525 4282 rata,
1562 4228 1624 4271 ut
1680 4233 1807 4272 cum
1849 4220 2047 4289 pudica
2115 4229 2301 4275 mente
2365 4229 2596 4275 mortem
2630 4228 2941 4290 oppeteret,
3010 4233 3321 4289 quamcum
3353 4219 3474 4270 viro
3494 4215 3605 4269 alio

334 4313 752 4367 concumberet.
825 4310 892 4366 Et
931 4324 1222 4380 postquam
1268 4310 1509 4364 ferocius
1580 4312 1750 4365 etiam
1819 4311 2096 4368 barbarus
2170 4314 2317 4369 illam
2369 4327 2661 4383 aggressus
2706 4320 2814 4379 est,
2869 4314 3282 4382 plurimumque
3333 4324 3454 4363 eam
3504 4323 3592 4376 op.

336 4406 636 4477 pugnando
672 4405 810 4461 nihil
843 4405 991 4475 egit;
1057 4404 1126 4458 ad
1198 4404 1511 4459 casﬁtatem
1563 4407 1686 4475 ejus
1765 4415 2186 4470 consternatus,
2244 4407 2299 4461 in
2356 4408 2724 4477 apostolicum
2790 4406 2904 4461 divi
2975 4406 3120 4460 Petri
3166 4403 3429 4472 templum
3478 4416 3600 4456 eam

334 4505 536 4566 duxit,
621 4504 985 4573 ecclesimque
1062 4500 1389 4557 custodibus
1457 4501 1907 4568 commendavit,
1948 4519 2045 4559 sex
2112 4505 2223 4560 illis
2279 4506 2469 4560 aureis
2527 4505 2772 4559 nummis
2833 4503 3001 4566 datis,
3039 4511 3099 4557 ut
3175 4501 3412 4571 puellam
3482 4500 3603 4554 viro

332 4613 437 4653 suo
486 4605 909 4653 conservarent.
957 4595 1120 4651 Tales
1169 4596 1522 4651 calamitates
1569 4596 1625 4649 in
1678 4597 1909 4651 Oriente
1948 4608 2116 4669 atque
2167 4598 2517 4665 Occidente,
2563 4611 2714 4663 tum,
2772 4598 2903 4664 Dei,
2983 4607 3041 4651 ut
3090 4598 3311 4665 opinor,
3384 4593 3462 4648 ira
3512 4608 3602 4646 ac-

331 4696 540 4756 cidere.

405 4906 482 4977 (ι)
513 4904 729 4977 Attalus
760 4900 1088 4977 Gotthorum
1112 4899 1400 4977 _in_st_inctu
1428 4899 1611 4977 denuo
1637 4901 1697 4977 in
1722 4900 1911 4977 Galliis
1943 4904 1988 4963 ι)
2016 4905 2144 4958 dum
2179 4909 2351 4957 mater
2379 4914 2485 4954 non
2512 4896 2687 4977 parcit
2734 4894 2955 4977 lactenti
3002 4892 3266 4977 infantia),
3312 4901 3369 4947 et
3402 4892 3597 4964 recipit

334 4966 683 5049 tyrannidem
739 4973 991 5049 arripuit.
1022 4971 1125 5049 Qui
1173 4972 1297 5025 dein
1324 4970 1904 5049 ’e_a__Gotthis_ipsis
2006 4988 2183 5037 utero,
2217 4986 2379 5043 quem
2415 4969 2575 5038 paulo
2607 4978 2733 5021 ante
2766 4966 3059 5021 effuderat.

333 5041 551 5117 captus,
591 5043 917 5117 Constantio
961 5041 1215 5117 deditus,
1243 5050 1299 5095 et
1347 5041 1692 5117 ab_llonorio
1714 5042 1903 5096 Romae

334 5111 703 5182 iit—triumpho
740 5122 871 5166 ante
917 5126 1143 5167 currum
1178 5112 1400 5171 ductus,
1435 5112 1489 5165 in
1537 5111 1905 5182 Liparanique

333 5192 652 5256 deportatus
674 5191 776 5239 est.
862 5232 867 5243 ,

405 5251 482 5321 {2)
521 5257 658 5312 Dum
689 5257 805 5308 lucc
832 5262 1069 5324 aguntur
1104 5255 1156 5308 in
1187 5251 1687 5324 Jebustterribilis
1713 5251 1779 5306 de
1801 5251 1905 5309 Oc-

331 5328 551 5382 rilente
585 5340 775 5379 rumor
800 5322 1051 5386 affertur.
1088 5323 1334 5379 obsideri
1387 5322 1639 5383 Romam,
1678 5336 1732 5377 et
1768 5338 1906 5377 auro

330 5400 565 5452 salutem
588 5397 792 5452 civium
825 5395 1040 5461 redimi,
1066 5395 1443 5465 spoliatosque
1499 5408 1719 5447 rursum
1780 5407 1904 5447 cru-

330 5470 494 5527 ciari.
518 5478 577 5523 ut
598 5476 722 5536 post
741 5464 1109 5523 substantiam
1127 5466 1545 5536 vitamquoque
1562 5464 1903 5536 amitterent.

335 5536 516 5593 ll.erct
540 5533 659 5600 vox,
678 5547 733 5590 et
763 5537 1037 5602 singultus
1060 5535 1422 5603 intercipiunt
1438 5533 1599 5588 verba
1619 5534 1905 5603 dictantis.

330 5607 562 5675 Capitur
592 5606 723 5661 urbs
747 5646 761 5669 ,
791 5621 912 5675 quae
946 5616 1118 5660 totum
1156 5602 1302 5674 ουρὶι
1344 5606 1559 5659 orbem.
1592 5603 1705 5675 imo
1764 5602 1907 5659 fatue

331 5679 495 5746 periit
523 5688 648 5731 ante
671 5674 834 5746 quam
859 5676 1037 5744 gladio
1093 5676 1159 5729 Et
1189 5676 1278 5730 vix
1329 5676 1487 5745 pauci
1516 5674 1610 5743 qui
1651 5689 1909 5746 caperen-

333 5745 445 5810 tur,
478 5747 687 5801 invculi
722 5757 870 5801 suut.
904 5746 983 5799 Ad
1026 5746 1297 5800 nefandos
1344 5747 1499 5799 cibos
1550 5745 1734 5813 erupit
1777 5759 1904 5797 esu.

334 5819 594 5872 nuntium
622 5819 902 5873 rabicszet
928 5832 1024 5871 sua
1057 5817 1293 5871 invicem
1328 5820 1574 5870 membra
1604 5815 1903 5880 laniarunt,

2116 5067 2245 5133 Quis
2282 5064 2486 5118 cladem
2526 5061 2672 5115 illius
2702 5060 3045 5133 nomint/uis
3079 5058 3265 5133 {tenero
3294 5058 3479 5133 fando.

2121 5130 2381 5202 Explicet.
2402 5143 2495 5187 aut
2512 5134 2670 5203 possit
2691 5132 2943 5203 lacrymis
2965 5145 3183 5203 requare
3214 5130 3446 5183 dolorem
3462 5130 3490 5181 ἲ

2122 5208 2255 5263 Urbs
2276 5206 2498 5275 antiqua
2514 5201 2658 5268 ruit,
2683 5201 2874 5257 multos
2892 5201 3170 5255 dominatu
3189 5216 3281 5267 per
3296 5214 3486 5255 unitos.

2681 5296 2932 5365 (Hieron.
2962 5294 3044 5350 Ad
3077 5292 3453 5359 Principiam.)

2085 5393 2164 5463 ('5)
2202 5392 2385 5447 Prima
2437 5389 2674 5463 direptio
2717 5386 2869 5441 urbis
2898 5386 3083 5441 Romae
3113 5399 3145 5439 a
3178 5383 3402 5438 tiotthis
3454 5380 3596 5434 facta

2010 5481 2100 5521 an.
2130 5463 2332 5520 Christi
2358 5462 2483 5517 412.

2085 5535 2160 5601 (it
2217 5533 2494 5587 lionorius
2548 5528 2798 5601 barbaris
2844 5524 3362 5601 Bonnan1__incolere
3394 5522 3598 5590 permi-

2011 5594 2099 5660 sit.
2137 5604 2429 5657 Aiarichus
2465 5600 2672 5655 Gallam
2731 5598 3050 5659 Placitliam,
3088 5594 3312 5648 Ilonot'ii
3351 5607 3595 5645 sororum

2013 5677 2198 5731 Ruunt:
2263 5685 2501 5742 raptam,
2568 5669 2885 5742 Atlmulpho
2950 5682 3172 5742 ugu‘cnt
3226 5666 3423 5742 dedit:
3474 5677 3599 5742 qua:

2012 5744 2297 5799 blanditiis
2327 5736 2443 5796 suis
2473 5740 2618 5809 apud
2659 5739 2921 5809 maritum
2951 5737 3169 5802 eiicct,
3206 5746 3264 5789 ut
3300 5737 3444 5789 ultro
3482 5736 3598 5801 ipse
3632 5764 3649 5775 ι

2011 5833 2041 5870 a
2066 5813 2328 5869 Romanis
2357 5808 2545 5882 paceni
2574 5820 2807 5881 peteret.
2842 5808 3037 5876 (ιὶὶειν.)
