  <div class='ocr_page' id='page_1' title='image "/cluster/home/n/w/nwhite01/storage/ocr_20150623/146:no.2/coo.31924054870518/531.png"; bbox 0 0 4044 6482; ppageno 0'>
   <div class='ocr_carea' id='block_1_1' title="bbox 422 361 1576 553">
    <p class='ocr_par' dir='ltr' id='par_1_1' title="bbox 422 361 1576 553">
     <span class='ocr_line' id='line_1_1' title="bbox 422 361 1576 553; baseline 0.003 -17"><span class='ocrx_word' id='word_1_1' title='bbox 422 361 561 431; x_wconf 50' lang='lat' dir='ltr'><strong>to“</strong></span> <span class='ocrx_word' id='word_1_2' title='bbox 695 509 721 534; x_wconf 72' lang='grc' dir='ltr'><strong>κ</strong></span> <span class='ocrx_word' id='word_1_3' title='bbox 845 477 1012 553; x_wconf 60' lang='grc'><strong>425</strong></span> <span class='ocrx_word' id='word_1_4' title='bbox 1063 479 1294 539; x_wconf 85' lang='lat' dir='ltr'><strong>CAPUT</strong></span> <span class='ocrx_word' id='word_1_5' title='bbox 1333 481 1576 542; x_wconf 80' lang='lat' dir='ltr'><strong>XXXVI.</strong></span> 
     </span>
    </p>
   </div>
   <div class='ocr_carea' id='block_1_2' title="bbox 419 597 2016 669">
    <p class='ocr_par' dir='ltr' id='par_1_2' title="bbox 419 597 2016 669">
     <span class='ocr_line' id='line_1_2' title="bbox 419 597 2016 669; baseline 0.006 -16"><span class='ocrx_word' id='word_1_6' title='bbox 419 597 499 653; x_wconf 83' lang='lat' dir='ltr'><strong>D&#39;e</strong></span> <span class='ocrx_word' id='word_1_7' title='bbox 533 597 751 662; x_wconf 78' lang='lat' dir='ltr'><strong>multis.</strong></span> <span class='ocrx_word' id='word_1_8' title='bbox 800 614 923 669; x_wconf 67' lang='lat' dir='ltr'><strong>qua:</strong></span> <span class='ocrx_word' id='word_1_9' title='bbox 964 597 1085 653; x_wconf 71' lang='lat' dir='ltr'><strong>urbi</strong></span> <span class='ocrx_word' id='word_1_10' title='bbox 1125 599 1435 656; x_wconf 84' lang='lat' dir='ltr'><strong>acciderunt</strong></span> <span class='ocrx_word' id='word_1_11' title='bbox 1458 643 1474 667; x_wconf 98' lang='lat'><strong>,</strong></span> <span class='ocrx_word' id='word_1_12' title='bbox 1526 603 1723 660; x_wconf 81' lang='lat' dir='ltr'><strong>malis:</strong></span> <span class='ocrx_word' id='word_1_13' title='bbox 1762 615 1810 660; x_wconf 84' lang='lat' dir='ltr'><strong>et</strong></span> <span class='ocrx_word' id='word_1_14' title='bbox 1841 609 2016 663; x_wconf 85' lang='lat' dir='ltr'><strong>admi-</strong></span> 
     </span>
    </p>
   </div>
   <div class='ocr_carea' id='block_1_3' title="bbox 493 668 2015 740">
    <p class='ocr_par' dir='ltr' id='par_1_3' title="bbox 493 668 2015 740">
     <span class='ocr_line' id='line_1_3' title="bbox 493 668 2015 740; baseline 0.005 -15"><span class='ocrx_word' id='word_1_15' title='bbox 493 670 682 725; x_wconf 79' lang='lat' dir='ltr'><strong>randis</strong></span> <span class='ocrx_word' id='word_1_16' title='bbox 717 668 975 740; x_wconf 62' lang='lat' dir='ltr'><strong>prodigiis</strong></span> <span class='ocrx_word' id='word_1_17' title='bbox 1006 672 1059 723; x_wconf 84' lang='lat' dir='ltr'><strong>in</strong></span> <span class='ocrx_word' id='word_1_18' title='bbox 1093 669 1244 735; x_wconf 68' lang='lat' dir='ltr'><strong>creto,</strong></span> <span class='ocrx_word' id='word_1_19' title='bbox 1293 681 1440 728; x_wconf 86' lang='lat' dir='ltr'><strong>terra</strong></span> <span class='ocrx_word' id='word_1_20' title='bbox 1471 683 1521 729; x_wconf 85' lang='lat' dir='ltr'><strong>et</strong></span> <span class='ocrx_word' id='word_1_21' title='bbox 1558 678 1700 729; x_wconf 88' lang='lat' dir='ltr'><strong>mari</strong></span> <span class='ocrx_word' id='word_1_22' title='bbox 1732 678 1930 732; x_wconf 80' lang='lat' dir='ltr'><strong>editis:</strong></span> <span class='ocrx_word' id='word_1_23' title='bbox 1965 690 2015 732; x_wconf 82' lang='lat' dir='ltr'><strong>et</strong></span> 
     </span>
    </p>
   </div>
   <div class='ocr_carea' id='block_1_4' title="bbox 491 737 2016 816">
    <p class='ocr_par' dir='ltr' id='par_1_4' title="bbox 491 737 2016 816">
     <span class='ocr_line' id='line_1_4' title="bbox 491 737 2016 816; baseline 0.005 -21"><span class='ocrx_word' id='word_1_24' title='bbox 491 750 553 795; x_wconf 86' lang='lat' dir='ltr'><strong>ut</strong></span> <span class='ocrx_word' id='word_1_25' title='bbox 575 737 757 816; x_wconf 70' lang='lat' dir='ltr'><strong>omnes</strong></span> <span class='ocrx_word' id='word_1_26' title='bbox 780 737 1275 811; x_wconf 50' lang='lat' dir='ltr'><strong>qui&#39;Chrysostoma</strong></span> <span class='ocrx_word' id='word_1_27' title='bbox 1311 743 1583 801; x_wconf 77' lang='lat' dir='ltr'><strong>adversati</strong></span> <span class='ocrx_word' id='word_1_28' title='bbox 1605 745 1844 816; x_wconf 76' lang='lat' dir='ltr'><strong>fuerant,</strong></span> <span class='ocrx_word' id='word_1_29' title='bbox 1875 750 2016 803; x_wconf 81' lang='lat' dir='ltr'><strong>male</strong></span> 
     </span>
    </p>
   </div>
   <div class='ocr_carea' id='block_1_5' title="bbox 488 811 770 883">
    <p class='ocr_par' dir='ltr' id='par_1_5' title="bbox 488 811 770 883">
     <span class='ocr_line' id='line_1_5' title="bbox 488 811 770 883; baseline 0.004 -18"><span class='ocrx_word' id='word_1_30' title='bbox 488 811 770 883; x_wconf 80' lang='lat' dir='ltr'><strong>perierint.</strong></span> 
     </span>
    </p>
   </div>
   <div class='ocr_carea' id='block_1_6' title="bbox 492 946 2012 1019">
    <p class='ocr_par' dir='ltr' id='par_1_6' title="bbox 492 946 2012 1019">
     <span class='ocr_line' id='line_1_6' title="bbox 492 946 2012 1019; baseline 0.005 -17"><span class='ocrx_word' id='word_1_31' title='bbox 492 946 667 1002; x_wconf 89' lang='lat' dir='ltr'><strong>Tanta</strong></span> <span class='ocrx_word' id='word_1_32' title='bbox 701 947 851 1003; x_wconf 92' lang='lat' dir='ltr'><strong>enim</strong></span> <span class='ocrx_word' id='word_1_33' title='bbox 898 963 966 1003; x_wconf 89' lang='lat' dir='ltr'><strong>eo</strong></span> <span class='ocrx_word' id='word_1_34' title='bbox 1000 957 1256 1019; x_wconf 87' lang='lat' dir='ltr'><strong>tempore</strong></span> <span class='ocrx_word' id='word_1_35' title='bbox 1307 949 1597 1007; x_wconf 85' lang='lat' dir='ltr'><strong>hominum</strong></span> <span class='ocrx_word' id='word_1_36' title='bbox 1638 952 1818 1010; x_wconf 81' lang='lat' dir='ltr'><strong>caedes</strong></span> <span class='ocrx_word' id='word_1_37' title='bbox 1869 953 2012 1010; x_wconf 85' lang='lat' dir='ltr'><strong>facta</strong></span> 
     </span>
    </p>
   </div>
   <div class='ocr_carea' id='block_1_7' title="bbox 419 1042 2007 1110">
    <p class='ocr_par' dir='ltr' id='par_1_7' title="bbox 419 1042 2007 1110">
     <span class='ocr_line' id='line_1_7' title="bbox 419 1042 2007 1110; baseline 0.006 -17"><span class='ocrx_word' id='word_1_38' title='bbox 419 1047 527 1103; x_wconf 91' lang='lat' dir='ltr'><strong>est,</strong></span> <span class='ocrx_word' id='word_1_39' title='bbox 560 1047 826 1110; x_wconf 80' lang='lat' dir='ltr'><strong>quantam</strong></span> <span class='ocrx_word' id='word_1_40' title='bbox 858 1049 995 1096; x_wconf 61' lang='lat' dir='ltr'><strong>artas</strong></span> <span class='ocrx_word' id='word_1_41' title='bbox 1047 1042 1199 1096; x_wconf 91' lang='lat' dir='ltr'><strong>nulla</strong></span> <span class='ocrx_word' id='word_1_42' title='bbox 1234 1058 1263 1097; x_wconf 90' lang='lat' dir='ltr'><strong>a</strong></span> <span class='ocrx_word' id='word_1_43' title='bbox 1299 1044 1503 1099; x_wconf 72' lang='lat' dir='ltr'><strong>saeculo</strong></span> <span class='ocrx_word' id='word_1_44' title='bbox 1543 1045 1772 1101; x_wconf 83' lang='lat' dir='ltr'><strong>condito</strong></span> <span class='ocrx_word' id='word_1_45' title='bbox 1830 1048 2007 1103; x_wconf 78' lang='lat' dir='ltr'><strong>novit:</strong></span> 
     </span>
    </p>
   </div>
   <div class='ocr_carea' id='block_1_8' title="bbox 421 1132 2014 1206">
    <p class='ocr_par' dir='ltr' id='par_1_8' title="bbox 421 1132 2014 1206">
     <span class='ocr_line' id='line_1_8' title="bbox 421 1132 2014 1206; baseline 0.004 -18"><span class='ocrx_word' id='word_1_46' title='bbox 421 1134 553 1188; x_wconf 75' lang='lat' dir='ltr'><strong>Eam</strong></span> <span class='ocrx_word' id='word_1_47' title='bbox 586 1147 758 1204; x_wconf 88' lang='lat' dir='ltr'><strong>porro</strong></span> <span class='ocrx_word' id='word_1_48' title='bbox 793 1132 1009 1188; x_wconf 86' lang='lat' dir='ltr'><strong>cladem</strong></span> <span class='ocrx_word' id='word_1_49' title='bbox 1033 1134 1195 1190; x_wconf 88' lang='lat' dir='ltr'><strong>stella</strong></span> <span class='ocrx_word' id='word_1_50' title='bbox 1239 1134 1362 1201; x_wconf 91' lang='lat' dir='ltr'><strong>illa,</strong></span> <span class='ocrx_word' id='word_1_51' title='bbox 1398 1134 1569 1206; x_wconf 91' lang='lat' dir='ltr'><strong>gladii</strong></span> <span class='ocrx_word' id='word_1_52' title='bbox 1604 1137 1837 1192; x_wconf 86' lang='lat' dir='ltr'><strong>formam</strong></span> <span class='ocrx_word' id='word_1_53' title='bbox 1869 1138 2014 1195; x_wconf 88' lang='lat' dir='ltr'><strong>refe—</strong></span> 
     </span>
    </p>
   </div>
   <div class='ocr_carea' id='block_1_9' title="bbox 420 1225 2014 1295">
    <p class='ocr_par' dir='ltr' id='par_1_9' title="bbox 420 1225 2014 1295">
     <span class='ocr_line' id='line_1_9' title="bbox 420 1225 2014 1295; baseline 0.003 -15"><span class='ocrx_word' id='word_1_54' title='bbox 420 1241 575 1290; x_wconf 86' lang='lat' dir='ltr'><strong>rens,</strong></span> <span class='ocrx_word' id='word_1_55' title='bbox 611 1225 852 1281; x_wconf 85' lang='lat' dir='ltr'><strong>obscure</strong></span> <span class='ocrx_word' id='word_1_56' title='bbox 882 1226 1195 1295; x_wconf 72' lang='lat' dir='ltr'><strong>portendit.</strong></span> <span class='ocrx_word' id='word_1_57' title='bbox 1228 1227 1349 1283; x_wconf 89' lang='lat' dir='ltr'><strong>Non</strong></span> <span class='ocrx_word' id='word_1_58' title='bbox 1397 1228 1605 1283; x_wconf 89' lang='lat' dir='ltr'><strong>etenim</strong></span> <span class='ocrx_word' id='word_1_59' title='bbox 1650 1230 1861 1285; x_wconf 78' lang='lat' dir='ltr'><strong>milites</strong></span> <span class='ocrx_word' id='word_1_60' title='bbox 1893 1239 2014 1285; x_wconf 89' lang='lat' dir='ltr'><strong>tan-</strong></span> 
     </span>
    </p>
   </div>
   <div class='ocr_carea' id='block_1_10' title="bbox 420 1319 2012 1393">
    <p class='ocr_par' dir='ltr' id='par_1_10' title="bbox 420 1319 2012 1393">
     <span class='ocr_line' id='line_1_10' title="bbox 420 1319 2012 1393; baseline 0.004 -21"><span class='ocrx_word' id='word_1_61' title='bbox 420 1330 537 1373; x_wconf 88' lang='lat' dir='ltr'><strong>tum</strong></span> <span class='ocrx_word' id='word_1_62' title='bbox 568 1319 860 1386; x_wconf 81' lang='lat' dir='ltr'><strong>interiere,</strong></span> <span class='ocrx_word' id='word_1_63' title='bbox 906 1334 1091 1389; x_wconf 87' lang='lat' dir='ltr'><strong>neque</strong></span> <span class='ocrx_word' id='word_1_64' title='bbox 1139 1319 1195 1374; x_wconf 90' lang='lat' dir='ltr'><strong>in</strong></span> <span class='ocrx_word' id='word_1_65' title='bbox 1242 1320 1429 1389; x_wconf 85' lang='lat' dir='ltr'><strong>aliqua</strong></span> <span class='ocrx_word' id='word_1_66' title='bbox 1475 1322 1633 1378; x_wconf 85' lang='lat' dir='ltr'><strong>orbis</strong></span> <span class='ocrx_word' id='word_1_67' title='bbox 1669 1332 1826 1393; x_wconf 88' lang='lat' dir='ltr'><strong>parte</strong></span> <span class='ocrx_word' id='word_1_68' title='bbox 1869 1323 2012 1379; x_wconf 86' lang='lat' dir='ltr'><strong>mala</strong></span> 
     </span>
    </p>
   </div>
   <div class='ocr_carea' id='block_1_11' title="bbox 420 1406 2012 1484">
    <p class='ocr_par' dir='ltr' id='par_1_11' title="bbox 420 1406 2012 1484">
     <span class='ocr_line' id='line_1_11' title="bbox 420 1406 2012 1484; baseline 0.004 -18"><span class='ocrx_word' id='word_1_69' title='bbox 420 1415 538 1467; x_wconf 69' lang='lat' dir='ltr'><strong>haec</strong></span> <span class='ocrx_word' id='word_1_70' title='bbox 582 1413 916 1477; x_wconf 91' lang='lat' dir='ltr'><strong>constitere,</strong></span> <span class='ocrx_word' id='word_1_71' title='bbox 953 1412 1049 1468; x_wconf 91' lang='lat' dir='ltr'><strong>sed</strong></span> <span class='ocrx_word' id='word_1_72' title='bbox 1082 1428 1249 1469; x_wconf 89' lang='lat' dir='ltr'><strong>omne</strong></span> <span class='ocrx_word' id='word_1_73' title='bbox 1279 1428 1456 1484; x_wconf 90' lang='lat' dir='ltr'><strong>genus</strong></span> <span class='ocrx_word' id='word_1_74' title='bbox 1499 1406 1789 1472; x_wconf 85' lang='lat' dir='ltr'><strong>hominum</strong></span> <span class='ocrx_word' id='word_1_75' title='bbox 1822 1418 2012 1473; x_wconf 89' lang='lat' dir='ltr'><strong>conci-</strong></span> 
     </span>
    </p>
   </div>
   <div class='ocr_carea' id='block_1_12' title="bbox 418 1507 2012 1581">
    <p class='ocr_par' dir='ltr' id='par_1_12' title="bbox 418 1507 2012 1581">
     <span class='ocr_line' id='line_1_12' title="bbox 418 1507 2012 1581; baseline 0.003 -23"><span class='ocrx_word' id='word_1_76' title='bbox 418 1519 540 1559; x_wconf 91' lang='lat' dir='ltr'><strong>sum</strong></span> <span class='ocrx_word' id='word_1_77' title='bbox 570 1512 680 1570; x_wconf 90' lang='lat' dir='ltr'><strong>est,</strong></span> <span class='ocrx_word' id='word_1_78' title='bbox 711 1513 769 1560; x_wconf 92' lang='lat' dir='ltr'><strong>et</strong></span> <span class='ocrx_word' id='word_1_79' title='bbox 797 1514 910 1561; x_wconf 90' lang='lat' dir='ltr'><strong>tota</strong></span> <span class='ocrx_word' id='word_1_80' title='bbox 940 1520 1114 1576; x_wconf 90' lang='lat' dir='ltr'><strong>pr0pe</strong></span> <span class='ocrx_word' id='word_1_81' title='bbox 1144 1507 1311 1574; x_wconf 88' lang='lat' dir='ltr'><strong>periit</strong></span> <span class='ocrx_word' id='word_1_82' title='bbox 1337 1507 1578 1577; x_wconf 84' lang='lat' dir='ltr'><strong>Europa.</strong></span> <span class='ocrx_word' id='word_1_83' title='bbox 1618 1507 1762 1564; x_wconf 71' lang='lat' dir='ltr'><strong>Asiae</strong></span> <span class='ocrx_word' id='word_1_84' title='bbox 1787 1524 2012 1581; x_wconf 83' lang='lat' dir='ltr'><strong>quoque</strong></span> 
     </span>
    </p>
   </div>
   <div class='ocr_carea' id='block_1_13' title="bbox 419 1598 2011 1675">
    <p class='ocr_par' dir='ltr' id='par_1_13' title="bbox 419 1598 2011 1675">
     <span class='ocr_line' id='line_1_13' title="bbox 419 1598 2011 1675; baseline 0.004 -24"><span class='ocrx_word' id='word_1_85' title='bbox 419 1612 551 1666; x_wconf 88' lang='lat' dir='ltr'><strong>pars</strong></span> <span class='ocrx_word' id='word_1_86' title='bbox 600 1612 713 1652; x_wconf 90' lang='lat' dir='ltr'><strong>non</strong></span> <span class='ocrx_word' id='word_1_87' title='bbox 745 1598 943 1669; x_wconf 78' lang='lat' dir='ltr'><strong>exigua</strong></span> <span class='ocrx_word' id='word_1_88' title='bbox 973 1600 1161 1654; x_wconf 87' lang='lat' dir='ltr'><strong>attrita</strong></span> <span class='ocrx_word' id='word_1_89' title='bbox 1194 1610 1301 1665; x_wconf 92' lang='lat' dir='ltr'><strong>est,</strong></span> <span class='ocrx_word' id='word_1_90' title='bbox 1355 1601 1592 1671; x_wconf 89' lang='lat' dir='ltr'><strong>plurima</strong></span> <span class='ocrx_word' id='word_1_91' title='bbox 1627 1602 1757 1657; x_wconf 85' lang='lat' dir='ltr'><strong>item</strong></span> <span class='ocrx_word' id='word_1_92' title='bbox 1799 1602 2011 1675; x_wconf 68' lang='lat' dir='ltr'><strong>Libyae,</strong></span> 
     </span>
    </p>
   </div>
   <div class='ocr_carea' id='block_1_14' title="bbox 418 1688 2012 1761">
    <p class='ocr_par' dir='ltr' id='par_1_14' title="bbox 418 1688 2012 1761">
     <span class='ocr_line' id='line_1_14' title="bbox 418 1688 2012 1761; baseline 0.006 -19"><span class='ocrx_word' id='word_1_93' title='bbox 418 1688 777 1755; x_wconf 82' lang='lat' dir='ltr'><strong>potissimum</strong></span> <span class='ocrx_word' id='word_1_94' title='bbox 809 1705 947 1746; x_wconf 86' lang='lat' dir='ltr'><strong>vero</strong></span> <span class='ocrx_word' id='word_1_95' title='bbox 981 1706 1103 1761; x_wconf 73' lang='lat' dir='ltr'><strong>qua:</strong></span> <span class='ocrx_word' id='word_1_96' title='bbox 1147 1691 1415 1748; x_wconf 82' lang='lat' dir='ltr'><strong>Romanis</strong></span> <span class='ocrx_word' id='word_1_97' title='bbox 1463 1694 1758 1750; x_wconf 87' lang='lat' dir='ltr'><strong>tributaria</strong></span> <span class='ocrx_word' id='word_1_98' title='bbox 1792 1707 1849 1751; x_wconf 91' lang='lat' dir='ltr'><strong>et</strong></span> <span class='ocrx_word' id='word_1_99' title='bbox 1880 1696 2012 1752; x_wconf 78' lang='lat' dir='ltr'><strong>sub-</strong></span> 
     </span>
    </p>
   </div>
   <div class='ocr_carea' id='block_1_15' title="bbox 1658 376 2468 453">
    <p class='ocr_par' dir='ltr' id='par_1_15' title="bbox 1658 376 2468 453">
     <span class='ocr_line' id='line_1_15' title="bbox 1658 376 2468 453; baseline 0.005 -15"><span class='ocrx_word' id='word_1_100' title='bbox 1658 376 1710 438; x_wconf 91' lang='lat' dir='ltr'><strong>N</strong></span> <span class='ocrx_word' id='word_1_101' title='bbox 1723 378 2087 453; x_wconf 81' lang='lat' dir='ltr'><strong>[CEPHORI</strong></span> <span class='ocrx_word' id='word_1_102' title='bbox 2118 382 2468 446; x_wconf 82' lang='lat' dir='ltr'><strong>CALLlSTl</strong></span> 
     </span>
    </p>
   </div>
   <div class='ocr_carea' id='block_1_16' title="bbox 3562 382 3699 448">
    <p class='ocr_par' dir='ltr' id='par_1_16' title="bbox 3562 382 3699 448">
     <span class='ocr_line' id='line_1_16' title="bbox 3562 382 3699 448; baseline -0.015 0"><span class='ocrx_word' id='word_1_103' title='bbox 3562 382 3699 448; x_wconf 69' lang='lat'><strong>1048</strong></span> 
     </span>
    </p>
   </div>
   <div class='ocr_carea' id='block_1_17' title="bbox 2679 492 3141 563">
    <p class='ocr_par' dir='ltr' id='par_1_17' title="bbox 2679 492 3141 563">
     <span class='ocr_line' id='line_1_17' title="bbox 2679 492 3141 563; baseline 0.004 -15"><span class='ocrx_word' id='word_1_104' title='bbox 2679 492 2932 548; x_wconf 79' lang='grc' dir='ltr'><strong>ΚΕΦΛΔ.</strong></span> <span class='ocrx_word' id='word_1_105' title='bbox 2996 495 3141 563; x_wconf 69' lang='grc' dir='ltr'><strong>Λςυ.</strong></span> 
     </span>
    </p>
   </div>
   <div class='ocr_carea' id='block_1_18' title="bbox 2119 606 3701 680">
    <p class='ocr_par' dir='ltr' id='par_1_18' title="bbox 2119 606 3701 680">
     <span class='ocr_line' id='line_1_18' title="bbox 2119 606 3701 680; baseline 0.001 -16"><span class='ocrx_word' id='word_1_106' title='bbox 2119 609 2263 680; x_wconf 76' lang='grc' dir='ltr'><strong>Περὶ</strong></span> <span class='ocrx_word' id='word_1_107' title='bbox 2292 608 2413 663; x_wconf 83' lang='grc' dir='ltr'><strong>τῶν</strong></span> <span class='ocrx_word' id='word_1_108' title='bbox 2437 608 2807 680; x_wconf 74' lang='grc' dir='ltr'><strong>συμϐάντων</strong></span> <span class='ocrx_word' id='word_1_109' title='bbox 2835 607 3147 680; x_wconf 79' lang='grc' dir='ltr'><strong>κοσμικῶν</strong></span> <span class='ocrx_word' id='word_1_110' title='bbox 3171 606 3374 680; x_wconf 61' lang='grc' dir='ltr'><strong>κακῶν</strong></span> <span class='ocrx_word' id='word_1_111' title='bbox 3394 626 3409 641; x_wconf 88' lang='grc'><strong>·</strong></span> <span class='ocrx_word' id='word_1_112' title='bbox 3434 610 3561 680; x_wconf 16' lang='grc' dir='ltr'><strong>καλέ</strong></span> <span class='ocrx_word' id='word_1_113' title='bbox 3583 611 3701 666; x_wconf 77' lang='grc' dir='ltr'><strong>τῶν</strong></span> 
     </span>
    </p>
   </div>
   <div class='ocr_carea' id='block_1_19' title="bbox 2193 678 3699 751">
    <p class='ocr_par' dir='ltr' id='par_1_19' title="bbox 2193 678 3699 751">
     <span class='ocr_line' id='line_1_19' title="bbox 2193 678 3699 751; baseline 0.001 -17"><span class='ocrx_word' id='word_1_114' title='bbox 2193 678 2557 751; x_wconf 57' lang='grc' dir='ltr'><strong>καραδόξων</strong></span> <span class='ocrx_word' id='word_1_115' title='bbox 2606 679 2890 751; x_wconf 78' lang='grc' dir='ltr'><strong>τεράτων,</strong></span> <span class='ocrx_word' id='word_1_116' title='bbox 2944 679 3017 733; x_wconf 78' lang='grc' dir='ltr'><strong>ἐν</strong></span> <span class='ocrx_word' id='word_1_117' title='bbox 3065 678 3302 749; x_wconf 68' lang='grc' dir='ltr'><strong>οὐρανῷ</strong></span> <span class='ocrx_word' id='word_1_118' title='bbox 3347 681 3448 734; x_wconf 78' lang='grc' dir='ltr'><strong>καὶ</strong></span> <span class='ocrx_word' id='word_1_119' title='bbox 3494 679 3572 751; x_wconf 76' lang='grc' dir='ltr'><strong>τῇ</strong></span> <span class='ocrx_word' id='word_1_120' title='bbox 3601 683 3699 736; x_wconf 81' lang='grc' dir='ltr'><strong>καί</strong></span> 
     </span>
    </p>
   </div>
   <div class='ocr_carea' id='block_1_20' title="bbox 2193 749 3698 818">
    <p class='ocr_par' dir='ltr' id='par_1_20' title="bbox 2193 749 3698 818">
     <span class='ocr_line' id='line_1_20' title="bbox 2193 749 3698 818; baseline 0.003 -14"><span class='ocrx_word' id='word_1_121' title='bbox 2193 750 2483 818; x_wconf 81' lang='grc' dir='ltr'><strong>θαλάσσῃ</strong></span> <span class='ocrx_word' id='word_1_122' title='bbox 2530 749 2953 818; x_wconf 74' lang='grc' dir='ltr'><strong>γεγενημένων</strong></span> <span class='ocrx_word' id='word_1_123' title='bbox 2978 766 2991 780; x_wconf 88' lang='grc'><strong>·</strong></span> <span class='ocrx_word' id='word_1_124' title='bbox 3023 751 3119 803; x_wconf 75' lang='grc' dir='ltr'><strong>καὶ</strong></span> <span class='ocrx_word' id='word_1_125' title='bbox 3169 751 3250 816; x_wconf 85' lang='grc' dir='ltr'><strong>ὡς</strong></span> <span class='ocrx_word' id='word_1_126' title='bbox 3296 752 3351 805; x_wconf 79' lang='grc' dir='ltr'><strong>οἱ</strong></span> <span class='ocrx_word' id='word_1_127' title='bbox 3395 749 3547 807; x_wconf 67' lang='grc' dir='ltr'><strong>κατὰ</strong></span> <span class='ocrx_word' id='word_1_128' title='bbox 3595 753 3698 809; x_wconf 86' lang='grc' dir='ltr'><strong>τοῦ</strong></span> 
     </span>
    </p>
   </div>
   <div class='ocr_carea' id='block_1_21' title="bbox 2194 818 3435 890">
    <p class='ocr_par' dir='ltr' id='par_1_21' title="bbox 2194 818 3435 890">
     <span class='ocr_line' id='line_1_21' title="bbox 2194 818 3435 890; baseline 0 -14"><span class='ocrx_word' id='word_1_129' title='bbox 2194 819 2484 876; x_wconf 79' lang='grc' dir='ltr'><em>Ἰωάννου</em></span> <span class='ocrx_word' id='word_1_130' title='bbox 2515 818 2741 887; x_wconf 82' lang='grc' dir='ltr'><strong>πάντες</strong></span> <span class='ocrx_word' id='word_1_131' title='bbox 2768 820 2967 886; x_wconf 85' lang='grc' dir='ltr'><strong>κακῶς</strong></span> <span class='ocrx_word' id='word_1_132' title='bbox 2997 818 3435 890; x_wconf 69' lang='grc' dir='ltr'><strong>διεφθάρησαν.</strong></span> 
     </span>
    </p>
   </div>
   <div class='ocr_carea' id='block_1_22' title="bbox 2189 955 3700 1029">
    <p class='ocr_par' dir='ltr' id='par_1_22' title="bbox 2189 955 3700 1029">
     <span class='ocr_line' id='line_1_22' title="bbox 2189 955 3700 1029; baseline 0.001 -17"><span class='ocrx_word' id='word_1_133' title='bbox 2189 955 2451 1027; x_wconf 79' lang='grc' dir='ltr'><strong>Τοσαύτη</strong></span> <span class='ocrx_word' id='word_1_134' title='bbox 2471 957 2583 1028; x_wconf 81' lang='grc' dir='ltr'><strong>γάρ</strong></span> <span class='ocrx_word' id='word_1_135' title='bbox 2605 955 2784 1028; x_wconf 82' lang='grc' dir='ltr'><strong>φθορά</strong></span> <span class='ocrx_word' id='word_1_136' title='bbox 2805 955 2929 1012; x_wconf 86' lang='grc' dir='ltr'><strong>κατ’</strong></span> <span class='ocrx_word' id='word_1_137' title='bbox 2963 957 3141 1009; x_wconf 76' lang='grc' dir='ltr'><strong>ἐκεῖνο</strong></span> <span class='ocrx_word' id='word_1_138' title='bbox 3174 957 3374 1027; x_wconf 80' lang='grc' dir='ltr'><strong>καιροῦ</strong></span> <span class='ocrx_word' id='word_1_139' title='bbox 3401 957 3700 1029; x_wconf 82' lang='grc' dir='ltr'><strong>ἀνθρώπων</strong></span> 
     </span>
    </p>
   </div>
   <div class='ocr_carea' id='block_1_23' title="bbox 2115 1049 3702 1122">
    <p class='ocr_par' dir='ltr' id='par_1_23' title="bbox 2115 1049 3702 1122">
     <span class='ocr_line' id='line_1_23' title="bbox 2115 1049 3702 1122; baseline 0.001 -17"><span class='ocrx_word' id='word_1_140' title='bbox 2115 1051 2358 1121; x_wconf 85' lang='grc' dir='ltr'><strong>ἐγένετο,</strong></span> <span class='ocrx_word' id='word_1_141' title='bbox 2391 1050 2528 1122; x_wconf 83' lang='grc' dir='ltr'><strong>ὅσην</strong></span> <span class='ocrx_word' id='word_1_142' title='bbox 2557 1049 2739 1113; x_wconf 75' lang='grc' dir='ltr'><strong>οὐδεὶς</strong></span> <span class='ocrx_word' id='word_1_143' title='bbox 2767 1051 2961 1121; x_wconf 83' lang='grc' dir='ltr'><strong>χρόνος</strong></span> <span class='ocrx_word' id='word_1_144' title='bbox 3010 1049 3070 1116; x_wconf 80' lang='grc' dir='ltr'><strong>ἐξ</strong></span> <span class='ocrx_word' id='word_1_145' title='bbox 3104 1051 3299 1115; x_wconf 89' lang='grc' dir='ltr'><strong>αίῶνος</strong></span> <span class='ocrx_word' id='word_1_146' title='bbox 3347 1051 3488 1121; x_wconf 77' lang='grc' dir='ltr'><strong>ἔγνω</strong></span> <span class='ocrx_word' id='word_1_147' title='bbox 3515 1068 3530 1083; x_wconf 69' lang='grc' dir='ltr'><strong>ο</strong></span> <span class='ocrx_word' id='word_1_148' title='bbox 3567 1052 3596 1106; x_wconf 81' lang='grc' dir='ltr'><strong>ὃ</strong></span> <span class='ocrx_word' id='word_1_149' title='bbox 3638 1053 3702 1122; x_wconf 79' lang='grc' dir='ltr'><strong>δὴ</strong></span> 
     </span>
    </p>
   </div>
   <div class='ocr_carea' id='block_1_24' title="bbox 2116 1140 3702 1215">
    <p class='ocr_par' dir='ltr' id='par_1_24' title="bbox 2116 1140 3702 1215">
     <span class='ocr_line' id='line_1_24' title="bbox 2116 1140 3702 1215; baseline 0 -18"><span class='ocrx_word' id='word_1_150' title='bbox 2116 1141 2213 1197; x_wconf 78' lang='grc' dir='ltr'><strong>καὶ</strong></span> <span class='ocrx_word' id='word_1_151' title='bbox 2245 1143 2338 1197; x_wconf 86' lang='grc' dir='ltr'><strong>τδν</strong></span> <span class='ocrx_word' id='word_1_152' title='bbox 2368 1140 2557 1211; x_wconf 81' lang='grc' dir='ltr'><strong>ξιφίαν</strong></span> <span class='ocrx_word' id='word_1_153' title='bbox 2586 1141 2801 1196; x_wconf 82' lang='grc' dir='ltr'><strong>ἐκεῖνον</strong></span> <span class='ocrx_word' id='word_1_154' title='bbox 2827 1141 3036 1212; x_wconf 78' lang='grc' dir='ltr'><strong>ἀστέρα</strong></span> <span class='ocrx_word' id='word_1_155' title='bbox 3075 1140 3434 1197; x_wconf 75' lang='grc' dir='ltr'><strong>αἰνίττεσθαι.</strong></span> <span class='ocrx_word' id='word_1_156' title='bbox 3467 1143 3542 1196; x_wconf 87' lang='grc' dir='ltr'><strong>ού</strong></span> <span class='ocrx_word' id='word_1_157' title='bbox 3595 1144 3702 1215; x_wconf 77' lang='grc' dir='ltr'><strong>γὰρ</strong></span> 
     </span>
    </p>
   </div>
   <div class='ocr_carea' id='block_1_25' title="bbox 2114 1234 3704 1307">
    <p class='ocr_par' dir='ltr' id='par_1_25' title="bbox 2114 1234 3704 1307">
     <span class='ocr_line' id='line_1_25' title="bbox 2114 1234 3704 1307; baseline 0.001 -18"><span class='ocrx_word' id='word_1_158' title='bbox 2114 1236 2176 1289; x_wconf 78' lang='grc' dir='ltr'><strong>τὸ</strong></span> <span class='ocrx_word' id='word_1_159' title='bbox 2210 1236 2452 1307; x_wconf 88' lang='grc' dir='ltr'><strong>μάχιμον</strong></span> <span class='ocrx_word' id='word_1_160' title='bbox 2485 1235 2649 1305; x_wconf 80' lang='grc' dir='ltr'><strong>μόνον</strong></span> <span class='ocrx_word' id='word_1_161' title='bbox 2679 1234 2984 1301; x_wconf 75' lang='grc' dir='ltr'><strong>ἀνάλωται,</strong></span> <span class='ocrx_word' id='word_1_162' title='bbox 3008 1234 3121 1288; x_wconf 77' lang='grc' dir='ltr'><strong>οὐδ’</strong></span> <span class='ocrx_word' id='word_1_163' title='bbox 3151 1234 3209 1290; x_wconf 74' lang='grc' dir='ltr'><strong>ἐν</strong></span> <span class='ocrx_word' id='word_1_164' title='bbox 3252 1252 3363 1289; x_wconf 79' lang='grc' dir='ltr'><strong>τινι</strong></span> <span class='ocrx_word' id='word_1_165' title='bbox 3398 1235 3555 1306; x_wconf 83' lang='grc' dir='ltr'><strong>μέρει</strong></span> <span class='ocrx_word' id='word_1_166' title='bbox 3599 1237 3704 1305; x_wconf 82' lang='grc' dir='ltr'><strong>γῆς</strong></span> 
     </span>
    </p>
   </div>
   <div class='ocr_carea' id='block_1_26' title="bbox 2112 1324 3703 1398">
    <p class='ocr_par' dir='ltr' id='par_1_26' title="bbox 2112 1324 3703 1398">
     <span class='ocr_line' id='line_1_26' title="bbox 2112 1324 3703 1398; baseline -0.002 -15"><span class='ocrx_word' id='word_1_167' title='bbox 2112 1328 2182 1384; x_wconf 81' lang='grc' dir='ltr'><strong>τὰ</strong></span> <span class='ocrx_word' id='word_1_168' title='bbox 2240 1327 2391 1397; x_wconf 84' lang='grc' dir='ltr'><strong>πάθη</strong></span> <span class='ocrx_word' id='word_1_169' title='bbox 2443 1326 2682 1395; x_wconf 81' lang='grc' dir='ltr'><strong>συνέστη</strong></span> <span class='ocrx_word' id='word_1_170' title='bbox 2714 1340 2731 1357; x_wconf 73' lang='grc' dir='ltr'><strong>ο</strong></span> <span class='ocrx_word' id='word_1_171' title='bbox 2792 1324 2930 1379; x_wconf 89' lang='grc' dir='ltr'><strong>ἀλλά</strong></span> <span class='ocrx_word' id='word_1_172' title='bbox 2990 1325 3172 1380; x_wconf 87' lang='grc' dir='ltr'><strong>πάντα</strong></span> <span class='ocrx_word' id='word_1_173' title='bbox 3227 1325 3326 1397; x_wconf 79' lang='grc' dir='ltr'><strong>μὲν</strong></span> <span class='ocrx_word' id='word_1_174' title='bbox 3367 1325 3703 1398; x_wconf 74' lang='grc' dir='ltr'><strong>διεφθείρετο</strong></span> 
     </span>
    </p>
   </div>
   <div class='ocr_carea' id='block_1_27' title="bbox 2113 1415 3701 1493">
    <p class='ocr_par' dir='ltr' id='par_1_27' title="bbox 2113 1415 3701 1493">
     <span class='ocr_line' id='line_1_27' title="bbox 2113 1415 3701 1493; baseline -0.002 -17"><span class='ocrx_word' id='word_1_175' title='bbox 2113 1423 2270 1493; x_wconf 83' lang='grc' dir='ltr'><strong>γένη,</strong></span> <span class='ocrx_word' id='word_1_176' title='bbox 2299 1422 2450 1476; x_wconf 80' lang='grc' dir='ltr'><strong>πᾶσα</strong></span> <span class='ocrx_word' id='word_1_177' title='bbox 2470 1419 2517 1474; x_wconf 83' lang='grc' dir='ltr'><strong>δ’</strong></span> <span class='ocrx_word' id='word_1_178' title='bbox 2546 1419 2716 1475; x_wconf 79' lang='grc' dir='ltr'><strong>ὤλετο</strong></span> <span class='ocrx_word' id='word_1_179' title='bbox 2747 1419 2782 1489; x_wconf 84' lang='grc' dir='ltr'><strong>ἠ</strong></span> <span class='ocrx_word' id='word_1_180' title='bbox 2822 1415 3088 1489; x_wconf 79' lang='grc' dir='ltr'><strong>Εὐρώπη.</strong></span> <span class='ocrx_word' id='word_1_181' title='bbox 3124 1418 3235 1471; x_wconf 78' lang='grc' dir='ltr'><strong>Καὶ</strong></span> <span class='ocrx_word' id='word_1_182' title='bbox 3255 1419 3354 1488; x_wconf 74' lang='grc' dir='ltr'><strong>τῆς</strong></span> <span class='ocrx_word' id='word_1_183' title='bbox 3395 1418 3581 1481; x_wconf 81' lang='grc' dir='ltr'><strong>Ἀσίας</strong></span> <span class='ocrx_word' id='word_1_184' title='bbox 3601 1418 3701 1473; x_wconf 85' lang='grc' dir='ltr'><strong>οὑκ</strong></span> 
     </span>
    </p>
   </div>
   <div class='ocr_carea' id='block_1_28' title="bbox 2114 1511 3700 1586">
    <p class='ocr_par' dir='ltr' id='par_1_28' title="bbox 2114 1511 3700 1586">
     <span class='ocr_line' id='line_1_28' title="bbox 2114 1511 3700 1586; baseline -0.003 -16"><span class='ocrx_word' id='word_1_185' title='bbox 2114 1517 2274 1586; x_wconf 84' lang='grc' dir='ltr'><strong>ὀλίγη</strong></span> <span class='ocrx_word' id='word_1_186' title='bbox 2301 1514 2609 1584; x_wconf 60' lang='grc' dir='ltr'><strong>διέφθορεν</strong></span> <span class='ocrx_word' id='word_1_187' title='bbox 2637 1513 2775 1567; x_wconf 88' lang='grc' dir='ltr'><strong>ἀλλά</strong></span> <span class='ocrx_word' id='word_1_188' title='bbox 2801 1513 3018 1582; x_wconf 75' lang='grc' dir='ltr'><strong>καὶτῆς</strong></span> <span class='ocrx_word' id='word_1_189' title='bbox 3036 1511 3249 1584; x_wconf 89' lang='grc' dir='ltr'><strong>Λιϐύης</strong></span> <span class='ocrx_word' id='word_1_190' title='bbox 3270 1514 3303 1582; x_wconf 81' lang='grc' dir='ltr'>ἡ</span> <span class='ocrx_word' id='word_1_191' title='bbox 3328 1513 3578 1582; x_wconf 77' lang='grc' dir='ltr'><strong>πλείστη,</strong></span> <span class='ocrx_word' id='word_1_192' title='bbox 3605 1513 3700 1565; x_wconf 75' lang='grc' dir='ltr'><strong>καὶ</strong></span> 
     </span>
    </p>
   </div>
   <div class='ocr_carea' id='block_1_29' title="bbox 2117 1604 3702 1682">
    <p class='ocr_par' dir='ltr' id='par_1_29' title="bbox 2117 1604 3702 1682">
     <span class='ocr_line' id='line_1_29' title="bbox 2117 1604 3702 1682; baseline -0.002 -17"><span class='ocrx_word' id='word_1_193' title='bbox 2117 1610 2357 1682; x_wconf 87' lang='grc' dir='ltr'><strong>μάλιστα</strong></span> <span class='ocrx_word' id='word_1_194' title='bbox 2381 1610 2483 1677; x_wconf 76' lang='grc' dir='ltr'><strong>ὅση</strong></span> <span class='ocrx_word' id='word_1_195' title='bbox 2533 1607 2823 1678; x_wconf 86' lang='grc' dir='ltr'><strong>Ῥωμαίοις</strong></span> <span class='ocrx_word' id='word_1_196' title='bbox 2848 1606 3116 1678; x_wconf 86' lang='grc' dir='ltr'><strong>ὑποτελὴς</strong></span> <span class='ocrx_word' id='word_1_197' title='bbox 3141 1604 3279 1660; x_wconf 83' lang='grc' dir='ltr'><strong>οὖσα</strong></span> <span class='ocrx_word' id='word_1_198' title='bbox 3312 1606 3599 1676; x_wconf 81' lang='grc' dir='ltr'><strong>ἐτύγχανε.</strong></span> <span class='ocrx_word' id='word_1_199' title='bbox 3626 1606 3702 1661; x_wconf 81' lang='grc' dir='ltr'><strong>Τὸ</strong></span> 
     </span>
    </p>
   </div>
   <div class='ocr_carea' id='block_1_30' title="bbox 2118 1699 3701 1775">
    <p class='ocr_par' dir='ltr' id='par_1_30' title="bbox 2118 1699 3701 1775">
     <span class='ocr_line' id='line_1_30' title="bbox 2118 1699 3701 1775; baseline -0.004 -16"><span class='ocrx_word' id='word_1_200' title='bbox 2118 1706 2216 1775; x_wconf 81' lang='grc' dir='ltr'><strong>μὲν</strong></span> <span class='ocrx_word' id='word_1_201' title='bbox 2232 1706 2343 1775; x_wconf 75' lang='grc' dir='ltr'><strong>γὰρ</strong></span> <span class='ocrx_word' id='word_1_202' title='bbox 2363 1705 2462 1771; x_wconf 78' lang='grc' dir='ltr'><strong>τῆς</strong></span> <span class='ocrx_word' id='word_1_203' title='bbox 2490 1703 2697 1773; x_wconf 78' lang='grc' dir='ltr'><strong>φθορᾶς</strong></span> <span class='ocrx_word' id='word_1_204' title='bbox 2718 1702 2928 1772; x_wconf 80' lang='grc' dir='ltr'><strong>πλῆθος</strong></span> <span class='ocrx_word' id='word_1_205' title='bbox 2952 1700 3267 1772; x_wconf 83' lang='grc' dir='ltr'><strong>βαρϐαρικὴ</strong></span> <span class='ocrx_word' id='word_1_206' title='bbox 3297 1699 3570 1771; x_wconf 79' lang='grc' dir='ltr'><strong>ἐξεθὲριξε</strong></span> <span class='ocrx_word' id='word_1_207' title='bbox 3593 1700 3701 1769; x_wconf 74' lang='grc' dir='ltr'><strong>μάο</strong></span> 
     </span>
    </p>
   </div>
   <div class='ocr_carea' id='block_1_31' title="bbox 413 1783 2015 1892">
    <p class='ocr_par' dir='ltr' id='par_1_31' title="bbox 413 1783 2006 1856">
     <span class='ocr_line' id='line_1_31' title="bbox 413 1783 2006 1856; baseline 0.005 -18"><span class='ocrx_word' id='word_1_208' title='bbox 413 1784 563 1853; x_wconf 90' lang='lat' dir='ltr'><strong>jecta</strong></span> <span class='ocrx_word' id='word_1_209' title='bbox 595 1783 722 1839; x_wconf 75' lang='lat' dir='ltr'><strong>fuit.</strong></span> <span class='ocrx_word' id='word_1_210' title='bbox 754 1783 1027 1839; x_wconf 83' lang='lat' dir='ltr'><strong>interitus</strong></span> <span class='ocrx_word' id='word_1_211' title='bbox 1060 1799 1302 1856; x_wconf 81' lang='lat' dir='ltr'><strong>namque</strong></span> <span class='ocrx_word' id='word_1_212' title='bbox 1328 1785 1749 1843; x_wconf 83' lang='lat' dir='ltr'><strong>multitudinem</strong></span> <span class='ocrx_word' id='word_1_213' title='bbox 1782 1788 2006 1846; x_wconf 81' lang='lat' dir='ltr'><strong>hostilis</strong></span> 
     </span>
    </p>
   </div>
   <div class='ocr_carea' id='block_1_32' title="bbox 2120 1783 3698 1892">
    <p class='ocr_par' dir='ltr' id='par_1_32' title="bbox 2120 1791 3698 1871">
     <span class='ocr_line' id='line_1_32' title="bbox 2120 1791 3698 1871; baseline -0.006 -17"><span class='ocrx_word' id='word_1_214' title='bbox 2120 1815 2289 1871; x_wconf 85' lang='grc' dir='ltr'><strong>χαιρα</strong></span> <span class='ocrx_word' id='word_1_215' title='bbox 2316 1814 2333 1831; x_wconf 77' lang='grc' dir='ltr'><strong>ο</strong></span> <span class='ocrx_word' id='word_1_216' title='bbox 2378 1797 2512 1852; x_wconf 87' lang='grc' dir='ltr'><strong>ἀλλο</strong></span> <span class='ocrx_word' id='word_1_217' title='bbox 2527 1796 2573 1850; x_wconf 77' lang='grc' dir='ltr'><strong>δ’</strong></span> <span class='ocrx_word' id='word_1_218' title='bbox 2621 1796 2719 1849; x_wconf 59' lang='grc' dir='ltr'><strong>ἐπὶ⁴</strong></span> <span class='ocrx_word' id='word_1_219' title='bbox 2751 1793 2991 1861; x_wconf 84' lang='grc' dir='ltr'><strong>τούτοις,</strong></span> <span class='ocrx_word' id='word_1_220' title='bbox 3038 1793 3191 1863; x_wconf 56' lang='grc' dir='ltr'><strong>λιμοὶ⁵</strong></span> <span class='ocrx_word' id='word_1_221' title='bbox 3218 1793 3314 1845; x_wconf 80' lang='grc' dir='ltr'><strong>καὶ</strong></span> <span class='ocrx_word' id='word_1_222' title='bbox 3346 1793 3546 1862; x_wconf 86' lang='grc' dir='ltr'><strong>λοιμοί.</strong></span> <span class='ocrx_word' id='word_1_223' title='bbox 3588 1791 3698 1845; x_wconf 82' lang='grc' dir='ltr'><strong>Καί</strong></span> 
     </span>
    </p>
   </div>
   <div class='ocr_carea' id='block_1_33' title="bbox 422 1876 2006 1950">
    <p class='ocr_par' dir='ltr' id='par_1_33' title="bbox 422 1876 2006 1950">
     <span class='ocr_line' id='line_1_33' title="bbox 422 1876 2006 1950; baseline 0.003 -18"><span class='ocrx_word' id='word_1_224' title='bbox 422 1876 792 1933; x_wconf 89' lang='lat' dir='ltr'><strong>barbarorum</strong></span> <span class='ocrx_word' id='word_1_225' title='bbox 825 1876 1134 1935; x_wconf 90' lang='lat' dir='ltr'><strong>demessuit</strong></span> <span class='ocrx_word' id='word_1_226' title='bbox 1164 1878 1348 1945; x_wconf 87' lang='lat' dir='ltr'><strong>ensis;</strong></span> <span class='ocrx_word' id='word_1_227' title='bbox 1389 1879 1662 1950; x_wconf 89' lang='lat' dir='ltr'><strong>reliquam</strong></span> <span class='ocrx_word' id='word_1_228' title='bbox 1707 1889 1893 1936; x_wconf 88' lang='lat' dir='ltr'><strong>autem</strong></span> <span class='ocrx_word' id='word_1_229' title='bbox 1926 1880 2006 1936; x_wconf 91' lang='lat' dir='ltr'><strong>fa-</strong></span> 
     </span>
    </p>
   </div>
   <div class='ocr_carea' id='block_1_34' title="bbox 419 1971 2007 2045">
    <p class='ocr_par' dir='ltr' id='par_1_34' title="bbox 419 1971 2007 2045">
     <span class='ocr_line' id='line_1_34' title="bbox 419 1971 2007 2045; baseline 0.002 -18"><span class='ocrx_word' id='word_1_230' title='bbox 419 1987 541 2028; x_wconf 76' lang='lat' dir='ltr'><strong>mes</strong></span> <span class='ocrx_word' id='word_1_231' title='bbox 597 1980 655 2027; x_wconf 92' lang='lat' dir='ltr'><strong>et</strong></span> <span class='ocrx_word' id='word_1_232' title='bbox 708 1971 1064 2043; x_wconf 62' lang='lat' dir='ltr'><strong>pestilentiae,</strong></span> <span class='ocrx_word' id='word_1_233' title='bbox 1124 1987 1346 2028; x_wconf 85' lang='lat' dir='ltr'><strong>necnon</strong></span> <span class='ocrx_word' id='word_1_234' title='bbox 1400 1975 1708 2045; x_wconf 81' lang='lat' dir='ltr'><strong>agrestium</strong></span> <span class='ocrx_word' id='word_1_235' title='bbox 1763 1975 2007 2031; x_wconf 86' lang='lat' dir='ltr'><strong>ferarum</strong></span> 
     </span>
    </p>
   </div>
   <div class='ocr_carea' id='block_1_35' title="bbox 417 2052 2011 2140">
    <p class='ocr_par' dir='ltr' id='par_1_35' title="bbox 417 2052 2011 2140">
     <span class='ocr_line' id='line_1_35' title="bbox 417 2052 2011 2140; baseline 0.004 -21"><span class='ocrx_word' id='word_1_236' title='bbox 417 2080 617 2138; x_wconf 79' lang='lat' dir='ltr'><strong>greges</strong></span> <span class='ocrx_word' id='word_1_237' title='bbox 649 2064 1037 2136; x_wconf 82' lang='lat' dir='ltr'><strong>absumpsere.</strong></span> <span class='ocrx_word' id='word_1_238' title='bbox 1076 2066 1347 2122; x_wconf 63' lang='lat' dir='ltr'><strong>Praeterea</strong></span> <span class='ocrx_word' id='word_1_239' title='bbox 1377 2077 1564 2124; x_wconf 89' lang='lat' dir='ltr'><strong>motus</strong></span> <span class='ocrx_word' id='word_1_240' title='bbox 1612 2052 1776 2125; x_wconf 64' lang='lat' dir='ltr'><strong>terrae</strong></span> <span class='ocrx_word' id='word_1_241' title='bbox 1816 2069 2011 2140; x_wconf 87' lang='lat' dir='ltr'><strong>ingen-</strong></span> 
     </span>
    </p>
   </div>
   <div class='ocr_carea' id='block_1_36' title="bbox 420 2158 2011 2244">
    <p class='ocr_par' dir='ltr' id='par_1_36' title="bbox 420 2158 2011 2244">
     <span class='ocr_line' id='line_1_36' title="bbox 420 2158 2011 2244; baseline 0.002 -29"><span class='ocrx_word' id='word_1_242' title='bbox 420 2168 524 2225; x_wconf 88' lang='lat' dir='ltr'><strong>tes,</strong></span> <span class='ocrx_word' id='word_1_243' title='bbox 559 2158 817 2216; x_wconf 89' lang='lat' dir='ltr'><strong>funditus</strong></span> <span class='ocrx_word' id='word_1_244' title='bbox 839 2161 1011 2215; x_wconf 89' lang='lat' dir='ltr'><strong>urbes</strong></span> <span class='ocrx_word' id='word_1_245' title='bbox 1033 2169 1089 2214; x_wconf 90' lang='lat' dir='ltr'><strong>et</strong></span> <span class='ocrx_word' id='word_1_246' title='bbox 1110 2159 1307 2216; x_wconf 84' lang='lat' dir='ltr'><strong>domos</strong></span> <span class='ocrx_word' id='word_1_247' title='bbox 1333 2169 1676 2227; x_wconf 84' lang='lat' dir='ltr'><strong>evertentes,</strong></span> <span class='ocrx_word' id='word_1_248' title='bbox 1701 2163 2011 2244; x_wconf 81' lang='lat' dir='ltr'><strong>permultos</strong></span> 
     </span>
    </p>
   </div>
   <div class='ocr_carea' id='block_1_37' title="bbox 418 2251 2009 2325">
    <p class='ocr_par' dir='ltr' id='par_1_37' title="bbox 418 2251 2009 2325">
     <span class='ocr_line' id='line_1_37' title="bbox 418 2251 2009 2325; baseline 0.003 -19"><span class='ocrx_word' id='word_1_249' title='bbox 418 2252 475 2306; x_wconf 93' lang='lat' dir='ltr'><strong>in</strong></span> <span class='ocrx_word' id='word_1_250' title='bbox 509 2251 834 2308; x_wconf 85' lang='lat' dir='ltr'><strong>inevitabile</strong></span> <span class='ocrx_word' id='word_1_251' title='bbox 881 2252 1116 2307; x_wconf 83' lang='lat' dir='ltr'><strong>exitium</strong></span> <span class='ocrx_word' id='word_1_252' title='bbox 1158 2253 1475 2325; x_wconf 90' lang='lat' dir='ltr'><strong>conjecere.</strong></span> <span class='ocrx_word' id='word_1_253' title='bbox 1518 2252 1712 2308; x_wconf 73' lang='lat' dir='ltr'><strong>Multis</strong></span> <span class='ocrx_word' id='word_1_254' title='bbox 1742 2255 1909 2310; x_wconf 89' lang='lat' dir='ltr'><strong>etiam</strong></span> <span class='ocrx_word' id='word_1_255' title='bbox 1950 2254 2009 2311; x_wconf 89' lang='lat' dir='ltr'><strong>in</strong></span> 
     </span>
    </p>
   </div>
   <div class='ocr_carea' id='block_1_38' title="bbox 415 2343 2013 2417">
    <p class='ocr_par' dir='ltr' id='par_1_38' title="bbox 415 2343 2013 2417">
     <span class='ocr_line' id='line_1_38' title="bbox 415 2343 2013 2417; baseline 0.003 -19"><span class='ocrx_word' id='word_1_256' title='bbox 415 2343 555 2400; x_wconf 89' lang='lat' dir='ltr'><strong>locis</strong></span> <span class='ocrx_word' id='word_1_257' title='bbox 607 2352 757 2399; x_wconf 87' lang='lat' dir='ltr'><strong>terra</strong></span> <span class='ocrx_word' id='word_1_258' title='bbox 789 2344 1044 2400; x_wconf 90' lang='lat' dir='ltr'><strong>hiatibus</strong></span> <span class='ocrx_word' id='word_1_259' title='bbox 1093 2355 1284 2416; x_wconf 86' lang='lat' dir='ltr'><strong>rupta,</strong></span> <span class='ocrx_word' id='word_1_260' title='bbox 1314 2346 1638 2417; x_wconf 84' lang='lat' dir='ltr'><strong>sepulcrum</strong></span> <span class='ocrx_word' id='word_1_261' title='bbox 1677 2348 1883 2405; x_wconf 85' lang='lat' dir='ltr'><strong>incolis</strong></span> <span class='ocrx_word' id='word_1_262' title='bbox 1916 2362 2013 2403; x_wconf 79' lang='lat' dir='ltr'><strong>ex-</strong></span> 
     </span>
    </p>
   </div>
   <div class='ocr_carea' id='block_1_39' title="bbox 417 2439 2012 2512">
    <p class='ocr_par' dir='ltr' id='par_1_39' title="bbox 417 2439 2012 2512">
     <span class='ocr_line' id='line_1_39' title="bbox 417 2439 2012 2512; baseline 0.002 -19"><span class='ocrx_word' id='word_1_263' title='bbox 417 2448 844 2510; x_wconf 88' lang='lat' dir='ltr'><strong>temporaneum</strong></span> <span class='ocrx_word' id='word_1_264' title='bbox 872 2450 1357 2511; x_wconf 87' lang='lat' dir='ltr'><strong>spontaneumque</strong></span> <span class='ocrx_word' id='word_1_265' title='bbox 1383 2439 1553 2496; x_wconf 87' lang='lat' dir='ltr'><strong>facta.</strong></span> <span class='ocrx_word' id='word_1_266' title='bbox 1584 2440 1819 2511; x_wconf 84' lang='lat' dir='ltr'><strong>Insuper</strong></span> <span class='ocrx_word' id='word_1_267' title='bbox 1840 2456 2012 2512; x_wconf 88' lang='lat' dir='ltr'><strong>aqua-</strong></span> 
     </span>
    </p>
   </div>
   <div class='ocr_carea' id='block_1_40' title="bbox 417 2532 2012 2604">
    <p class='ocr_par' dir='ltr' id='par_1_40' title="bbox 417 2532 2012 2604">
     <span class='ocr_line' id='line_1_40' title="bbox 417 2532 2012 2604; baseline 0.002 -17"><span class='ocrx_word' id='word_1_268' title='bbox 417 2548 543 2590; x_wconf 89' lang='lat' dir='ltr'><strong>rum</strong></span> <span class='ocrx_word' id='word_1_269' title='bbox 576 2532 906 2604; x_wconf 87' lang='lat' dir='ltr'><strong>pluvialium</strong></span> <span class='ocrx_word' id='word_1_270' title='bbox 944 2533 1263 2601; x_wconf 89' lang='lat' dir='ltr'><strong>illuviones,</strong></span> <span class='ocrx_word' id='word_1_271' title='bbox 1297 2543 1355 2589; x_wconf 91' lang='lat' dir='ltr'><strong>et</strong></span> <span class='ocrx_word' id='word_1_272' title='bbox 1396 2534 1542 2604; x_wconf 91' lang='lat' dir='ltr'><strong>apud</strong></span> <span class='ocrx_word' id='word_1_273' title='bbox 1567 2533 1708 2589; x_wconf 88' lang='lat' dir='ltr'><strong>alios</strong></span> <span class='ocrx_word' id='word_1_274' title='bbox 1742 2532 2012 2590; x_wconf 80' lang='lat' dir='ltr'><strong>ﬂammeae</strong></span> 
     </span>
    </p>
   </div>
   <div class='ocr_carea' id='block_1_41' title="bbox 418 2626 2009 2700">
    <p class='ocr_par' dir='ltr' id='par_1_41' title="bbox 418 2626 2009 2700">
     <span class='ocr_line' id='line_1_41' title="bbox 418 2626 2009 2700; baseline 0.001 -19"><span class='ocrx_word' id='word_1_275' title='bbox 418 2626 724 2689; x_wconf 84' lang='lat' dir='ltr'><strong>siccitates,</strong></span> <span class='ocrx_word' id='word_1_276' title='bbox 755 2626 901 2699; x_wconf 83' lang='lat' dir='ltr'><strong>apud</strong></span> <span class='ocrx_word' id='word_1_277' title='bbox 936 2627 1208 2696; x_wconf 89' lang='lat' dir='ltr'><strong>quosdam</strong></span> <span class='ocrx_word' id='word_1_278' title='bbox 1233 2626 1466 2682; x_wconf 78' lang='lat' dir='ltr'><strong>fulmina</strong></span> <span class='ocrx_word' id='word_1_279' title='bbox 1491 2629 1770 2700; x_wconf 86' lang='lat' dir='ltr'><strong>conjecta,</strong></span> <span class='ocrx_word' id='word_1_280' title='bbox 1796 2628 2009 2684; x_wconf 82' lang='lat' dir='ltr'><strong>variam</strong></span> 
     </span>
    </p>
   </div>
   <div class='ocr_carea' id='block_1_42' title="bbox 416 2719 2008 2789">
    <p class='ocr_par' dir='ltr' id='par_1_42' title="bbox 416 2719 2008 2789">
     <span class='ocr_line' id='line_1_42' title="bbox 416 2719 2008 2789; baseline 0.001 -14"><span class='ocrx_word' id='word_1_281' title='bbox 416 2729 476 2775; x_wconf 85' lang='lat' dir='ltr'><strong>et</strong></span> <span class='ocrx_word' id='word_1_282' title='bbox 501 2719 916 2777; x_wconf 87' lang='lat' dir='ltr'><strong>intolerandam</strong></span> <span class='ocrx_word' id='word_1_283' title='bbox 957 2721 1188 2778; x_wconf 87' lang='lat' dir='ltr'><strong>edidere</strong></span> <span class='ocrx_word' id='word_1_284' title='bbox 1224 2722 1624 2778; x_wconf 86' lang='lat' dir='ltr'><strong>calamitatem.</strong></span> <span class='ocrx_word' id='word_1_285' title='bbox 1665 2722 1810 2789; x_wconf 84' lang='lat' dir='ltr'><strong>Quin</strong></span> <span class='ocrx_word' id='word_1_286' title='bbox 1838 2722 2008 2778; x_wconf 87' lang='lat' dir='ltr'><strong>etiam</strong></span> 
     </span>
    </p>
   </div>
   <div class='ocr_carea' id='block_1_43' title="bbox 417 2813 2014 2887">
    <p class='ocr_par' dir='ltr' id='par_1_43' title="bbox 417 2813 2014 2887">
     <span class='ocr_line' id='line_1_43' title="bbox 417 2813 2014 2887; baseline 0.002 -19"><span class='ocrx_word' id='word_1_287' title='bbox 417 2813 679 2883; x_wconf 90' lang='lat' dir='ltr'><strong>pluribus</strong></span> <span class='ocrx_word' id='word_1_288' title='bbox 713 2814 766 2868; x_wconf 92' lang='lat' dir='ltr'><strong>in</strong></span> <span class='ocrx_word' id='word_1_289' title='bbox 798 2814 939 2870; x_wconf 86' lang='lat' dir='ltr'><strong>locis</strong></span> <span class='ocrx_word' id='word_1_290' title='bbox 970 2815 1186 2887; x_wconf 85' lang='lat' dir='ltr'><strong>grando</strong></span> <span class='ocrx_word' id='word_1_291' title='bbox 1219 2816 1367 2871; x_wconf 79' lang='lat' dir='ltr'><strong>saxis</strong></span> <span class='ocrx_word' id='word_1_292' title='bbox 1396 2814 1702 2870; x_wconf 88' lang='lat' dir='ltr'><strong>manuariis</strong></span> <span class='ocrx_word' id='word_1_293' title='bbox 1733 2816 1930 2886; x_wconf 86' lang='lat' dir='ltr'><strong>major,</strong></span> <span class='ocrx_word' id='word_1_294' title='bbox 1955 2824 2014 2871; x_wconf 89' lang='lat' dir='ltr'><strong>et</strong></span> 
     </span>
    </p>
   </div>
   <div class='ocr_carea' id='block_1_44' title="bbox 419 2906 2015 2979">
    <p class='ocr_par' dir='ltr' id='par_1_44' title="bbox 419 2906 2015 2979">
     <span class='ocr_line' id='line_1_44' title="bbox 419 2906 2015 2979; baseline 0.001 -17"><span class='ocrx_word' id='word_1_295' title='bbox 419 2906 658 2962; x_wconf 86' lang='lat' dir='ltr'><strong>circiter</strong></span> <span class='ocrx_word' id='word_1_296' title='bbox 690 2916 1024 2962; x_wconf 88' lang='lat' dir='ltr'><strong>octonarum</strong></span> <span class='ocrx_word' id='word_1_297' title='bbox 1056 2907 1325 2963; x_wconf 91' lang='lat' dir='ltr'><strong>librarum</strong></span> <span class='ocrx_word' id='word_1_298' title='bbox 1371 2907 1593 2979; x_wconf 88' lang='lat' dir='ltr'><strong>pondus</strong></span> <span class='ocrx_word' id='word_1_299' title='bbox 1635 2908 1882 2973; x_wconf 82' lang='lat' dir='ltr'><strong>trahens,</strong></span> <span class='ocrx_word' id='word_1_300' title='bbox 1916 2908 2015 2964; x_wconf 86' lang='lat' dir='ltr'><strong>de-</strong></span> 
     </span>
    </p>
   </div>
   <div class='ocr_carea' id='block_1_45' title="bbox 421 2999 2011 3071">
    <p class='ocr_par' dir='ltr' id='par_1_45' title="bbox 421 2999 2011 3071">
     <span class='ocr_line' id='line_1_45' title="bbox 421 2999 2011 3071; baseline 0.001 -17"><span class='ocrx_word' id='word_1_301' title='bbox 421 2999 556 3055; x_wconf 82' lang='lat' dir='ltr'><strong>ferri</strong></span> <span class='ocrx_word' id='word_1_302' title='bbox 587 3000 706 3056; x_wconf 88' lang='lat' dir='ltr'><strong>visa</strong></span> <span class='ocrx_word' id='word_1_303' title='bbox 741 3009 849 3056; x_wconf 88' lang='lat' dir='ltr'><strong>est.</strong></span> <span class='ocrx_word' id='word_1_304' title='bbox 882 3000 1135 3071; x_wconf 84' lang='lat' dir='ltr'><strong>Denique</strong></span> <span class='ocrx_word' id='word_1_305' title='bbox 1166 3000 1380 3055; x_wconf 89' lang='lat' dir='ltr'><strong>nivium</strong></span> <span class='ocrx_word' id='word_1_306' title='bbox 1414 3002 1500 3056; x_wconf 86' lang='lat' dir='ltr'><strong>vis</strong></span> <span class='ocrx_word' id='word_1_307' title='bbox 1543 3012 1601 3056; x_wconf 90' lang='lat' dir='ltr'><strong>et</strong></span> <span class='ocrx_word' id='word_1_308' title='bbox 1630 3000 1856 3071; x_wconf 81' lang='lat' dir='ltr'><strong>frigoris</strong></span> <span class='ocrx_word' id='word_1_309' title='bbox 1903 3002 2011 3056; x_wconf 90' lang='lat' dir='ltr'><strong>im-</strong></span> 
     </span>
    </p>
   </div>
   <div class='ocr_carea' id='block_1_46' title="bbox 420 3091 2016 3164">
    <p class='ocr_par' dir='ltr' id='par_1_46' title="bbox 420 3091 2016 3164">
     <span class='ocr_line' id='line_1_46' title="bbox 420 3091 2016 3164; baseline -0.001 -19"><span class='ocrx_word' id='word_1_310' title='bbox 420 3091 683 3159; x_wconf 84' lang='lat' dir='ltr'><strong>manitas,</strong></span> <span class='ocrx_word' id='word_1_311' title='bbox 720 3107 863 3164; x_wconf 86' lang='lat' dir='ltr'><strong>quos</strong></span> <span class='ocrx_word' id='word_1_312' title='bbox 893 3092 1064 3164; x_wconf 74' lang='lat' dir='ltr'><strong>plagae</strong></span> <span class='ocrx_word' id='word_1_313' title='bbox 1093 3091 1216 3148; x_wconf 73' lang='lat' dir='ltr'><strong>aliae</strong></span> <span class='ocrx_word' id='word_1_314' title='bbox 1245 3106 1356 3147; x_wconf 90' lang='lat' dir='ltr'><strong>non</strong></span> <span class='ocrx_word' id='word_1_315' title='bbox 1386 3091 1818 3164; x_wconf 69' lang='lat' dir='ltr'><strong>praeripuerant,</strong></span> <span class='ocrx_word' id='word_1_316' title='bbox 1846 3106 2016 3148; x_wconf 86' lang='lat' dir='ltr'><strong>occu-</strong></span> 
     </span>
    </p>
   </div>
   <div class='ocr_carea' id='block_1_47' title="bbox 2115 1884 3698 1961">
    <p class='ocr_par' dir='ltr' id='par_1_47' title="bbox 2115 1884 3698 1961">
     <span class='ocr_line' id='line_1_47' title="bbox 2115 1884 3698 1961; baseline -0.006 -15"><span class='ocrx_word' id='word_1_317' title='bbox 2115 1909 2261 1954; x_wconf 88' lang='grc' dir='ltr'><strong>τινες</strong></span> <span class='ocrx_word' id='word_1_318' title='bbox 2276 1890 2321 1944; x_wconf 79' lang='grc' dir='ltr'><strong>δ’</strong></span> <span class='ocrx_word' id='word_1_319' title='bbox 2342 1888 2553 1961; x_wconf 80' lang='grc' dir='ltr'><strong>ἀγρίων</strong></span> <span class='ocrx_word' id='word_1_320' title='bbox 2573 1886 2781 1960; x_wconf 88' lang='grc' dir='ltr'><strong>θηρίων</strong></span> <span class='ocrx_word' id='word_1_321' title='bbox 2799 1886 2995 1955; x_wconf 85' lang='grc' dir='ltr'><strong>ἀγέλαι</strong></span> <span class='ocrx_word' id='word_1_322' title='bbox 3011 1884 3449 1939; x_wconf 79' lang='grc' dir='ltr'><strong>συνεπετίθεντο.</strong></span> <span class='ocrx_word' id='word_1_323' title='bbox 3472 1884 3698 1951; x_wconf 88' lang='grc' dir='ltr'><strong>Σεισμοί</strong></span> 
     </span>
    </p>
   </div>
   <div class='ocr_carea' id='block_1_48' title="bbox 2111 1974 3697 2050">
    <p class='ocr_par' dir='ltr' id='par_1_48' title="bbox 2111 1974 3697 2050">
     <span class='ocr_line' id='line_1_48' title="bbox 2111 1974 3697 2050; baseline -0.008 -10"><span class='ocrx_word' id='word_1_324' title='bbox 2111 2002 2180 2040; x_wconf 86' lang='grc' dir='ltr'><strong>τε</strong></span> <span class='ocrx_word' id='word_1_325' title='bbox 2201 1983 2437 2050; x_wconf 76' lang='grc' dir='ltr'><strong>ἐξαίσιοι</strong></span> <span class='ocrx_word' id='word_1_326' title='bbox 2468 1980 2657 2045; x_wconf 84' lang='grc' dir='ltr'><strong>πόλεις</strong></span> <span class='ocrx_word' id='word_1_327' title='bbox 2679 1981 2777 2034; x_wconf 83' lang='grc' dir='ltr'><strong>καὶ</strong></span> <span class='ocrx_word' id='word_1_328' title='bbox 2799 1976 2979 2040; x_wconf 87' lang='grc' dir='ltr'><strong>οίκίας</strong></span> <span class='ocrx_word' id='word_1_329' title='bbox 2998 1975 3355 2040; x_wconf 83' lang='grc' dir='ltr'><strong>ἀνασπῶντες</strong></span> <span class='ocrx_word' id='word_1_330' title='bbox 3385 1976 3449 2028; x_wconf 84' lang='grc' dir='ltr'><strong>ἐκ</strong></span> <span class='ocrx_word' id='word_1_331' title='bbox 3464 1974 3697 2045; x_wconf 83' lang='grc' dir='ltr'><strong>βάθρων,</strong></span> 
     </span>
    </p>
   </div>
   <div class='ocr_carea' id='block_1_49' title="bbox 2113 2066 3703 2146">
    <p class='ocr_par' dir='ltr' id='par_1_49' title="bbox 2113 2066 3703 2146">
     <span class='ocr_line' id='line_1_49' title="bbox 2113 2066 3703 2146; baseline -0.008 -14"><span class='ocrx_word' id='word_1_332' title='bbox 2113 2079 2197 2143; x_wconf 87' lang='grc' dir='ltr'><strong>είς</strong></span> <span class='ocrx_word' id='word_1_333' title='bbox 2246 2079 2308 2132; x_wconf 78' lang='grc' dir='ltr'><strong>τὸ</strong></span> <span class='ocrx_word' id='word_1_334' title='bbox 2359 2074 2734 2146; x_wconf 82' lang='grc' dir='ltr'><strong>ἀφυκτότατον</strong></span> <span class='ocrx_word' id='word_1_335' title='bbox 2783 2072 2878 2127; x_wconf 79' lang='grc' dir='ltr'><strong>τὸν</strong></span> <span class='ocrx_word' id='word_1_336' title='bbox 2924 2071 3151 2143; x_wconf 72' lang='grc' dir='ltr'><strong>ὄλεθρον</strong></span> <span class='ocrx_word' id='word_1_337' title='bbox 3215 2070 3529 2139; x_wconf 76' lang='grc' dir='ltr'><strong>ἐναφίεσαν.</strong></span> <span class='ocrx_word' id='word_1_338' title='bbox 3591 2066 3703 2121; x_wconf 74' lang='grc' dir='ltr'><strong>Καὶ</strong></span> 
     </span>
    </p>
   </div>
   <div class='ocr_carea' id='block_1_50' title="bbox 2113 2162 3705 2243">
    <p class='ocr_par' dir='ltr' id='par_1_50' title="bbox 2113 2162 3705 2243">
     <span class='ocr_line' id='line_1_50' title="bbox 2113 2162 3705 2243; baseline -0.017 -16"><span class='ocrx_word' id='word_1_339' title='bbox 2113 2173 2379 2243; x_wconf 79' lang='grc' dir='ltr'><strong>χάσματα</strong></span> <span class='ocrx_word' id='word_1_340' title='bbox 2410 2168 2467 2222; x_wconf 83' lang='grc' dir='ltr'><strong>δὲ</strong></span> <span class='ocrx_word' id='word_1_341' title='bbox 2495 2167 2603 2238; x_wconf 83' lang='grc' dir='ltr'><strong>γῆς</strong></span> <span class='ocrx_word' id='word_1_342' title='bbox 2631 2164 2928 2236; x_wconf 83' lang='grc' dir='ltr'><strong>πολλαχόθι</strong></span> <span class='ocrx_word' id='word_1_343' title='bbox 2955 2165 3071 2228; x_wconf 81' lang='grc' dir='ltr'><strong>τοῖς</strong></span> <span class='ocrx_word' id='word_1_344' title='bbox 3105 2164 3429 2233; x_wconf 80' lang='grc' dir='ltr'><strong>οἰκήτορσιν</strong></span> <span class='ocrx_word' id='word_1_345' title='bbox 3456 2162 3705 2232; x_wconf 65' lang='grc' dir='ltr'><strong>ἀπορρη.</strong></span> 
     </span>
    </p>
   </div>
   <div class='ocr_carea' id='block_1_51' title="bbox 2115 2249 3703 2331">
    <p class='ocr_par' dir='ltr' id='par_1_51' title="bbox 2115 2249 3703 2331">
     <span class='ocr_line' id='line_1_51' title="bbox 2115 2249 3703 2331; baseline -0.008 -16"><span class='ocrx_word' id='word_1_346' title='bbox 2115 2261 2391 2331; x_wconf 81' lang='grc' dir='ltr'><strong>γνυμένης</strong></span> <span class='ocrx_word' id='word_1_347' title='bbox 2412 2262 2586 2329; x_wconf 82' lang='grc' dir='ltr'><strong>τάφος</strong></span> <span class='ocrx_word' id='word_1_348' title='bbox 2608 2254 2676 2329; x_wconf 73' lang='grc' dir='ltr'><strong>ἦν</strong></span> <span class='ocrx_word' id='word_1_349' title='bbox 2710 2254 3066 2326; x_wconf 78' lang='grc' dir='ltr'><strong>αὐτοσχέδιος</strong></span> <span class='ocrx_word' id='word_1_350' title='bbox 3092 2268 3106 2280; x_wconf 83' lang='lat'><strong><em>°</em></strong></span> <span class='ocrx_word' id='word_1_351' title='bbox 3139 2251 3469 2321; x_wconf 85' lang='grc' dir='ltr'><strong>ἐπικλυσμοί</strong></span> <span class='ocrx_word' id='word_1_352' title='bbox 3495 2267 3554 2303; x_wconf 89' lang='grc' dir='ltr'><strong>τε</strong></span> <span class='ocrx_word' id='word_1_353' title='bbox 3593 2249 3703 2303; x_wconf 88' lang='grc' dir='ltr'><strong>τῶν</strong></span> 
     </span>
    </p>
   </div>
   <div class='ocr_carea' id='block_1_52' title="bbox 2115 2344 3704 2427">
    <p class='ocr_par' dir='ltr' id='par_1_52' title="bbox 2115 2344 3704 2427">
     <span class='ocr_line' id='line_1_52' title="bbox 2115 2344 3704 2427; baseline -0.009 -16"><span class='ocrx_word' id='word_1_354' title='bbox 2115 2354 2176 2423; x_wconf 80' lang='grc' dir='ltr'><strong>ἐξ</strong></span> <span class='ocrx_word' id='word_1_355' title='bbox 2203 2356 2368 2427; x_wconf 85' lang='grc' dir='ltr'><strong>ἀέρος</strong></span> <span class='ocrx_word' id='word_1_356' title='bbox 2397 2352 2631 2417; x_wconf 82' lang='grc' dir='ltr'><strong>ὑδάτων,</strong></span> <span class='ocrx_word' id='word_1_357' title='bbox 2657 2350 2753 2404; x_wconf 68' lang='grc' dir='ltr'><strong>καὶ</strong></span> <span class='ocrx_word' id='word_1_358' title='bbox 2777 2347 2898 2403; x_wconf 89' lang='grc' dir='ltr'><strong>κατ’</strong></span> <span class='ocrx_word' id='word_1_359' title='bbox 2918 2347 3115 2409; x_wconf 77' lang='grc' dir='ltr'><strong>ἄλλους</strong></span> <span class='ocrx_word' id='word_1_360' title='bbox 3138 2346 3344 2416; x_wconf 79' lang='grc' dir='ltr'><strong>αὐχμοὶ</strong></span> <span class='ocrx_word' id='word_1_361' title='bbox 3363 2344 3653 2415; x_wconf 86' lang='grc' dir='ltr'><strong>φλογώδεις</strong></span> <span class='ocrx_word' id='word_1_362' title='bbox 3682 2356 3704 2377; x_wconf 79' lang='grc'><strong><em>⁸</em></strong></span> 
     </span>
    </p>
   </div>
   <div class='ocr_carea' id='block_1_53' title="bbox 2116 2436 3703 2522">
    <p class='ocr_par' dir='ltr' id='par_1_53' title="bbox 2116 2436 3703 2522">
     <span class='ocr_line' id='line_1_53' title="bbox 2116 2436 3703 2522; baseline -0.009 -17"><span class='ocrx_word' id='word_1_363' title='bbox 2116 2446 2441 2522; x_wconf 83' lang='grc' dir='ltr'><strong>πρηστῆρές</strong></span> <span class='ocrx_word' id='word_1_364' title='bbox 2471 2463 2533 2499; x_wconf 90' lang='grc' dir='ltr'><strong>τε</strong></span> <span class='ocrx_word' id='word_1_365' title='bbox 2582 2445 2731 2509; x_wconf 75' lang='grc' dir='ltr'><strong>ἔστιν</strong></span> <span class='ocrx_word' id='word_1_366' title='bbox 2756 2436 2838 2507; x_wconf 73' lang='grc' dir='ltr'><strong>οἷς</strong></span> <span class='ocrx_word' id='word_1_367' title='bbox 2893 2442 3291 2512; x_wconf 74' lang='grc' dir='ltr'><strong>ἐμϐαλλόμενοι</strong></span> <span class='ocrx_word' id='word_1_368' title='bbox 3350 2438 3594 2494; x_wconf 88' lang='grc' dir='ltr'><strong>ποικίλον</strong></span> <span class='ocrx_word' id='word_1_369' title='bbox 3640 2437 3703 2491; x_wconf 82' lang='grc' dir='ltr'><strong>τὸ</strong></span> 
     </span>
    </p>
   </div>
   <div class='ocr_carea' id='block_1_54' title="bbox 2113 2531 3703 2612">
    <p class='ocr_par' dir='ltr' id='par_1_54' title="bbox 2113 2531 3703 2612">
     <span class='ocr_line' id='line_1_54' title="bbox 2113 2531 3703 2612; baseline -0.008 -17"><span class='ocrx_word' id='word_1_370' title='bbox 2113 2542 2288 2597; x_wconf 72' lang='grc' dir='ltr'><strong>δεινὸν</strong></span> <span class='ocrx_word' id='word_1_371' title='bbox 2321 2540 2595 2612; x_wconf 73' lang='grc' dir='ltr'><strong>ἔπραττον</strong></span> <span class='ocrx_word' id='word_1_372' title='bbox 2619 2536 2718 2592; x_wconf 69' lang='grc' dir='ltr'><strong>καὶ</strong></span> <span class='ocrx_word' id='word_1_373' title='bbox 2743 2538 3046 2607; x_wconf 79' lang='grc' dir='ltr'><strong>ἀφόρητον.</strong></span> <span class='ocrx_word' id='word_1_374' title='bbox 3082 2534 3195 2587; x_wconf 76' lang='grc' dir='ltr'><strong>Ναὶ</strong></span> <span class='ocrx_word' id='word_1_375' title='bbox 3246 2533 3310 2603; x_wconf 80' lang='grc' dir='ltr'><strong>δή</strong></span> <span class='ocrx_word' id='word_1_376' title='bbox 3355 2534 3452 2587; x_wconf 75' lang='grc' dir='ltr'><strong>καὶ</strong></span> <span class='ocrx_word' id='word_1_377' title='bbox 3492 2531 3703 2603; x_wconf 81' lang='grc' dir='ltr'><strong>χάλαζα</strong></span> 
     </span>
    </p>
   </div>
   <div class='ocr_carea' id='block_1_55' title="bbox 2120 2626 3701 2709">
    <p class='ocr_par' dir='ltr' id='par_1_55' title="bbox 2120 2626 3701 2709">
     <span class='ocr_line' id='line_1_55' title="bbox 2120 2626 3701 2709; baseline -0.008 -18"><span class='ocrx_word' id='word_1_378' title='bbox 2120 2638 2326 2709; x_wconf 82' lang='grc' dir='ltr'><strong>μείζων</strong></span> <span class='ocrx_word' id='word_1_379' title='bbox 2357 2634 2390 2706; x_wconf 77' lang='grc' dir='ltr'><strong>ἢ</strong></span> <span class='ocrx_word' id='word_1_380' title='bbox 2421 2632 2569 2687; x_wconf 87' lang='grc' dir='ltr'><strong>κατά</strong></span> <span class='ocrx_word' id='word_1_381' title='bbox 2599 2630 2851 2703; x_wconf 82' lang='grc' dir='ltr'><strong>χερμάδα</strong></span> <span class='ocrx_word' id='word_1_382' title='bbox 2874 2626 3151 2700; x_wconf 81' lang='grc' dir='ltr'><strong>πολλαχοῦ</strong></span> <span class='ocrx_word' id='word_1_383' title='bbox 3183 2628 3288 2697; x_wconf 81' lang='grc' dir='ltr'><strong>γῆς</strong></span> <span class='ocrx_word' id='word_1_384' title='bbox 3342 2627 3701 2697; x_wconf 84' lang='grc' dir='ltr'><strong>κατεφέρετο,</strong></span> 
     </span>
    </p>
   </div>
   <div class='ocr_carea' id='block_1_56' title="bbox 2115 2715 3699 2802">
    <p class='ocr_par' dir='ltr' id='par_1_56' title="bbox 2115 2715 3699 2802">
     <span class='ocr_line' id='line_1_56' title="bbox 2115 2715 3699 2802; baseline -0.01 -15"><span class='ocrx_word' id='word_1_385' title='bbox 2115 2733 2246 2802; x_wconf 78' lang='grc' dir='ltr'><strong>ἄχρι</strong></span> <span class='ocrx_word' id='word_1_386' title='bbox 2276 2728 2370 2782; x_wconf 72' lang='grc' dir='ltr'><strong>καὶ</strong></span> <span class='ocrx_word' id='word_1_387' title='bbox 2396 2725 2545 2781; x_wconf 80' lang='grc' dir='ltr'><strong>ὀκτὼ</strong></span> <span class='ocrx_word' id='word_1_388' title='bbox 2575 2724 2687 2778; x_wconf 86' lang='grc' dir='ltr'><strong>τῶν</strong></span> <span class='ocrx_word' id='word_1_389' title='bbox 2716 2722 3033 2793; x_wconf 88' lang='grc' dir='ltr'><strong>λεγομένων</strong></span> <span class='ocrx_word' id='word_1_390' title='bbox 3066 2720 3268 2791; x_wconf 82' lang='grc' dir='ltr'><strong>λιτρῶν</strong></span> <span class='ocrx_word' id='word_1_391' title='bbox 3319 2718 3553 2773; x_wconf 74' lang='grc' dir='ltr'><strong>ἕλκουσα</strong></span> <span class='ocrx_word' id='word_1_392' title='bbox 3601 2715 3699 2787; x_wconf 86' lang='grc' dir='ltr'><strong>βά·</strong></span> 
     </span>
    </p>
   </div>
   <div class='ocr_carea' id='block_1_57' title="bbox 2120 2812 3701 2898">
    <p class='ocr_par' dir='ltr' id='par_1_57' title="bbox 2120 2812 3701 2898">
     <span class='ocr_line' id='line_1_57' title="bbox 2120 2812 3701 2898; baseline -0.008 -18"><span class='ocrx_word' id='word_1_393' title='bbox 2120 2843 2233 2898; x_wconf 88' lang='grc' dir='ltr'><strong>ρος,</strong></span> <span class='ocrx_word' id='word_1_394' title='bbox 2286 2824 2447 2893; x_wconf 81' lang='grc' dir='ltr'><strong>ώφθη</strong></span> <span class='ocrx_word' id='word_1_395' title='bbox 2514 2818 2946 2891; x_wconf 79' lang='grc' dir='ltr'><strong>κατασκήψασα.</strong></span> <span class='ocrx_word' id='word_1_396' title='bbox 3003 2818 3196 2882; x_wconf 76' lang='grc' dir='ltr'><strong>Χιόνος</strong></span> <span class='ocrx_word' id='word_1_397' title='bbox 3223 2818 3282 2871; x_wconf 80' lang='grc' dir='ltr'><strong>δὲ</strong></span> <span class='ocrx_word' id='word_1_398' title='bbox 3338 2816 3541 2886; x_wconf 83' lang='grc' dir='ltr'><strong>πλῆθος</strong></span> <span class='ocrx_word' id='word_1_399' title='bbox 3603 2812 3701 2868; x_wconf 71' lang='grc' dir='ltr'><strong>καὶ</strong></span> 
     </span>
    </p>
   </div>
   <div class='ocr_carea' id='block_1_58' title="bbox 2116 2909 3702 2990">
    <p class='ocr_par' dir='ltr' id='par_1_58' title="bbox 2116 2909 3702 2990">
     <span class='ocr_line' id='line_1_58' title="bbox 2116 2909 3702 2990; baseline -0.009 -15"><span class='ocrx_word' id='word_1_400' title='bbox 2116 2918 2348 2990; x_wconf 82' lang='grc' dir='ltr'><strong>κρυμῶν</strong></span> <span class='ocrx_word' id='word_1_401' title='bbox 2372 2914 2698 2988; x_wconf 67' lang='grc' dir='ltr'><strong>ὑπερϐολαὶ,</strong></span> <span class='ocrx_word' id='word_1_402' title='bbox 2725 2912 2820 2979; x_wconf 78' lang='grc' dir='ltr'><strong>οὒς</strong></span> <span class='ocrx_word' id='word_1_403' title='bbox 2846 2914 2983 2985; x_wconf 81' lang='grc' dir='ltr'><strong>ἄλλη</strong></span> <span class='ocrx_word' id='word_1_404' title='bbox 3020 2911 3205 2982; x_wconf 84' lang='grc' dir='ltr'><strong>πληγὴ</strong></span> <span class='ocrx_word' id='word_1_405' title='bbox 3254 2910 3317 2964; x_wconf 87' lang='grc' dir='ltr'><strong>ού</strong></span> <span class='ocrx_word' id='word_1_406' title='bbox 3350 2909 3702 2979; x_wconf 84' lang='grc' dir='ltr'><strong>προανήρπα-</strong></span> 
     </span>
    </p>
   </div>
   <div class='ocr_carea' id='block_1_59' title="bbox 2104 3001 3697 3078">
    <p class='ocr_par' dir='ltr' id='par_1_59' title="bbox 2104 3001 3697 3078">
     <span class='ocr_line' id='line_1_59' title="bbox 2104 3001 3697 3078; baseline -0.009 -12"><span class='ocrx_word' id='word_1_407' title='bbox 2104 3030 2205 3078; x_wconf 83' lang='grc' dir='ltr'><strong>σε,</strong></span> <span class='ocrx_word' id='word_1_408' title='bbox 2232 3011 2461 3074; x_wconf 82' lang='grc' dir='ltr'><strong>τούτους</strong></span> <span class='ocrx_word' id='word_1_409' title='bbox 2492 3007 3026 3078; x_wconf 82' lang='grc' dir='ltr'><strong>καταλαμϐάνουσα,</strong></span> <span class='ocrx_word' id='word_1_410' title='bbox 3069 3004 3164 3059; x_wconf 84' lang='grc' dir='ltr'><strong>τοῦ</strong></span> <span class='ocrx_word' id='word_1_411' title='bbox 3221 3003 3338 3075; x_wconf 89' lang='grc' dir='ltr'><strong>βίου</strong></span> <span class='ocrx_word' id='word_1_412' title='bbox 3392 3001 3650 3072; x_wconf 77' lang='grc' dir='ltr'><strong>ἐξήλαυνε</strong></span> <span class='ocrx_word' id='word_1_413' title='bbox 3679 3016 3697 3031; x_wconf 78' lang='grc' dir='ltr'><strong>ο</strong></span> 
     </span>
    </p>
   </div>
   <div class='ocr_carea' id='block_1_60' title="bbox 2119 3094 3697 3174">
    <p class='ocr_par' dir='ltr' id='par_1_60' title="bbox 2119 3094 3697 3174">
     <span class='ocr_line' id='line_1_60' title="bbox 2119 3094 3697 3174; baseline -0.009 -16"><span class='ocrx_word' id='word_1_414' title='bbox 2119 3105 2214 3159; x_wconf 75' lang='grc' dir='ltr'><strong>καὶ</strong></span> <span class='ocrx_word' id='word_1_415' title='bbox 2250 3103 2439 3174; x_wconf 89' lang='grc' dir='ltr'><strong>σαφῶς</strong></span> <span class='ocrx_word' id='word_1_416' title='bbox 2466 3103 2567 3165; x_wconf 80' lang='grc' dir='ltr'><strong>τὴν</strong></span> <span class='ocrx_word' id='word_1_417' title='bbox 2630 3101 2785 3155; x_wconf 88' lang='grc' dir='ltr'><strong>θείαν</strong></span> <span class='ocrx_word' id='word_1_418' title='bbox 2847 3099 3221 3169; x_wconf 83' lang='grc' dir='ltr'><strong>ἁνεκήρυττον</strong></span> <span class='ocrx_word' id='word_1_419' title='bbox 3279 3094 3651 3165; x_wconf 82' lang='grc' dir='ltr'><strong>ἀγανάκτησιν</strong></span> <span class='ocrx_word' id='word_1_420' title='bbox 3680 3106 3697 3121; x_wconf 90' lang='grc'><strong>·</strong></span> 
     </span>
    </p>
   </div>
   <div class='ocr_carea' id='block_1_61' title="bbox 420 3180 2015 3268">
    <p class='ocr_par' dir='ltr' id='par_1_61' title="bbox 420 3184 2002 3257">
     <span class='ocr_line' id='line_1_61' title="bbox 420 3184 2002 3257; baseline -0.003 -14"><span class='ocrx_word' id='word_1_421' title='bbox 420 3194 586 3257; x_wconf 88' lang='lat' dir='ltr'><strong>patos</strong></span> <span class='ocrx_word' id='word_1_422' title='bbox 621 3186 965 3243; x_wconf 76' lang='lat' dir='ltr'><strong>exstinxere.</strong></span> <span class='ocrx_word' id='word_1_423' title='bbox 993 3185 1128 3254; x_wconf 69' lang='lat' dir='ltr'><strong>Qua:</strong></span> <span class='ocrx_word' id='word_1_424' title='bbox 1156 3187 1344 3243; x_wconf 91' lang='lat' dir='ltr'><strong>omnia</strong></span> <span class='ocrx_word' id='word_1_425' title='bbox 1374 3186 1665 3243; x_wconf 82' lang='lat' dir='ltr'><strong>evidenter</strong></span> <span class='ocrx_word' id='word_1_426' title='bbox 1692 3188 1831 3242; x_wconf 87' lang='lat' dir='ltr'><strong>satis</strong></span> <span class='ocrx_word' id='word_1_427' title='bbox 1859 3184 2002 3240; x_wconf 85' lang='lat' dir='ltr'><strong>divi-</strong></span> 
     </span>
    </p>
   </div>
   <div class='ocr_carea' id='block_1_62' title="bbox 2120 3180 3703 3268">
    <p class='ocr_par' dir='ltr' id='par_1_62' title="bbox 2120 3183 3703 3268">
     <span class='ocr_line' id='line_1_62' title="bbox 2120 3183 3703 3268; baseline -0.01 -18"><span class='ocrx_word' id='word_1_428' title='bbox 2120 3197 2244 3268; x_wconf 83' lang='grc' dir='ltr'><strong>περὶ</strong></span> <span class='ocrx_word' id='word_1_429' title='bbox 2275 3189 2352 3251; x_wconf 86' lang='grc' dir='ltr'><strong>ὧν</strong></span> <span class='ocrx_word' id='word_1_430' title='bbox 2378 3194 2510 3249; x_wconf 89' lang='grc' dir='ltr'><strong>καθ’</strong></span> <span class='ocrx_word' id='word_1_431' title='bbox 2549 3195 2783 3249; x_wconf 70' lang='grc' dir='ltr'><strong>ἕκαστον</strong></span> <span class='ocrx_word' id='word_1_432' title='bbox 2810 3190 3126 3256; x_wconf 70' lang='grc' dir='ltr'><strong>ἐπεξελθεῖν</strong></span> <span class='ocrx_word' id='word_1_433' title='bbox 3168 3187 3312 3258; x_wconf 83' lang='grc' dir='ltr'><strong>ὑπὲρ</strong></span> <span class='ocrx_word' id='word_1_434' title='bbox 3367 3187 3549 3239; x_wconf 83' lang='grc' dir='ltr'><strong>πᾶσαν</strong></span> <span class='ocrx_word' id='word_1_435' title='bbox 3611 3183 3703 3237; x_wconf 88' lang='grc' dir='ltr'><strong>ἀν-</strong></span> 
     </span>
    </p>
   </div>
   <div class='ocr_carea' id='block_1_63' title="bbox 420 3276 2011 3349">
    <p class='ocr_par' dir='ltr' id='par_1_63' title="bbox 420 3276 2011 3349">
     <span class='ocr_line' id='line_1_63' title="bbox 420 3276 2011 3349; baseline 0.001 -18"><span class='ocrx_word' id='word_1_436' title='bbox 420 3291 550 3333; x_wconf 87' lang='lat' dir='ltr'><strong>nam</strong></span> <span class='ocrx_word' id='word_1_437' title='bbox 604 3276 1058 3345; x_wconf 69' lang='lat' dir='ltr'><strong>depraedicarunt</strong></span> <span class='ocrx_word' id='word_1_438' title='bbox 1130 3276 1607 3349; x_wconf 83' lang='lat' dir='ltr'><strong>indignationem.</strong></span> <span class='ocrx_word' id='word_1_439' title='bbox 1666 3276 1742 3333; x_wconf 90' lang='lat' dir='ltr'><strong>De</strong></span> <span class='ocrx_word' id='word_1_440' title='bbox 1803 3277 2011 3348; x_wconf 87' lang='lat' dir='ltr'><strong>quibus</strong></span> 
     </span>
    </p>
   </div>
   <div class='ocr_carea' id='block_1_64' title="bbox 420 3369 2013 3442">
    <p class='ocr_par' dir='ltr' id='par_1_64' title="bbox 420 3369 2013 3442">
     <span class='ocr_line' id='line_1_64' title="bbox 420 3369 2013 3442; baseline 0 -16"><span class='ocrx_word' id='word_1_441' title='bbox 420 3369 707 3442; x_wconf 89' lang='lat' dir='ltr'><strong>sigillatim</strong></span> <span class='ocrx_word' id='word_1_442' title='bbox 742 3385 1208 3436; x_wconf 88' lang='lat' dir='ltr'><strong>commemorare,</strong></span> <span class='ocrx_word' id='word_1_443' title='bbox 1241 3386 1411 3442; x_wconf 89' lang='lat' dir='ltr'><strong>supra</strong></span> <span class='ocrx_word' id='word_1_444' title='bbox 1436 3371 1587 3426; x_wconf 88' lang='lat' dir='ltr'><strong>vires</strong></span> <span class='ocrx_word' id='word_1_445' title='bbox 1622 3369 1868 3425; x_wconf 83' lang='lat' dir='ltr'><strong>hominis</strong></span> <span class='ocrx_word' id='word_1_446' title='bbox 1894 3369 2013 3426; x_wconf 81' lang='lat' dir='ltr'><strong>fue-</strong></span> 
     </span>
    </p>
   </div>
   <div class='ocr_carea' id='block_1_65' title="bbox 419 3461 2012 3535">
    <p class='ocr_par' dir='ltr' id='par_1_65' title="bbox 419 3461 2012 3535">
     <span class='ocr_line' id='line_1_65' title="bbox 419 3461 2012 3535; baseline -0.001 -16"><span class='ocrx_word' id='word_1_447' title='bbox 419 3465 516 3520; x_wconf 88' lang='lat' dir='ltr'><strong>rit.</strong></span> <span class='ocrx_word' id='word_1_448' title='bbox 558 3463 701 3518; x_wconf 91' lang='lat' dir='ltr'><strong>Tum</strong></span> <span class='ocrx_word' id='word_1_449' title='bbox 747 3478 883 3520; x_wconf 88' lang='lat' dir='ltr'><strong>vero</strong></span> <span class='ocrx_word' id='word_1_450' title='bbox 914 3471 1129 3520; x_wconf 89' lang='lat' dir='ltr'><strong>tantum</strong></span> <span class='ocrx_word' id='word_1_451' title='bbox 1163 3463 1335 3520; x_wconf 87' lang='lat' dir='ltr'><strong>etiam</strong></span> <span class='ocrx_word' id='word_1_452' title='bbox 1376 3463 1514 3519; x_wconf 88' lang='lat' dir='ltr'><strong>solis</strong></span> <span class='ocrx_word' id='word_1_453' title='bbox 1547 3462 1856 3535; x_wconf 88' lang='lat' dir='ltr'><strong>deliquium</strong></span> <span class='ocrx_word' id='word_1_454' title='bbox 1888 3461 2012 3528; x_wconf 86' lang='lat' dir='ltr'><strong>fuit,</strong></span> 
     </span>
    </p>
   </div>
   <div class='ocr_carea' id='block_1_66' title="bbox 423 3557 2017 3628">
    <p class='ocr_par' dir='ltr' id='par_1_66' title="bbox 423 3557 2017 3628">
     <span class='ocr_line' id='line_1_66' title="bbox 423 3557 2017 3628; baseline -0.001 -15"><span class='ocrx_word' id='word_1_455' title='bbox 423 3567 484 3614; x_wconf 91' lang='lat' dir='ltr'><strong>ut</strong></span> <span class='ocrx_word' id='word_1_456' title='bbox 519 3559 703 3616; x_wconf 68' lang='lat' dir='ltr'><strong>stella:</strong></span> <span class='ocrx_word' id='word_1_457' title='bbox 731 3559 906 3615; x_wconf 89' lang='lat' dir='ltr'><strong>etiam</strong></span> <span class='ocrx_word' id='word_1_458' title='bbox 937 3560 1126 3615; x_wconf 85' lang='lat' dir='ltr'><strong>medio</strong></span> <span class='ocrx_word' id='word_1_459' title='bbox 1155 3560 1246 3614; x_wconf 87' lang='lat' dir='ltr'><strong>die</strong></span> <span class='ocrx_word' id='word_1_460' title='bbox 1274 3557 1600 3614; x_wconf 90' lang='lat' dir='ltr'><strong>refulserint</strong></span> <span class='ocrx_word' id='word_1_461' title='bbox 1629 3575 1644 3613; x_wconf 88' lang='lat'><strong>:</strong></span> <span class='ocrx_word' id='word_1_462' title='bbox 1677 3558 1825 3628; x_wconf 87' lang='lat' dir='ltr'><strong>quod</strong></span> <span class='ocrx_word' id='word_1_463' title='bbox 1857 3557 2017 3612; x_wconf 89' lang='lat' dir='ltr'><strong>dein-</strong></span> 
     </span>
    </p>
   </div>
   <div class='ocr_carea' id='block_1_67' title="bbox 422 3649 2015 3715">
    <p class='ocr_par' dir='ltr' id='par_1_67' title="bbox 422 3649 2015 3715">
     <span class='ocr_line' id='line_1_67' title="bbox 422 3649 2015 3715; baseline -0.003 -7"><span class='ocrx_word' id='word_1_464' title='bbox 422 3653 494 3709; x_wconf 85' lang='lat' dir='ltr'><strong>de</strong></span> <span class='ocrx_word' id='word_1_465' title='bbox 526 3660 678 3708; x_wconf 89' lang='lat' dir='ltr'><strong>tanta</strong></span> <span class='ocrx_word' id='word_1_466' title='bbox 708 3651 934 3709; x_wconf 90' lang='lat' dir='ltr'><strong>siccitas</strong></span> <span class='ocrx_word' id='word_1_467' title='bbox 977 3662 1067 3708; x_wconf 90' lang='lat' dir='ltr'><strong>est</strong></span> <span class='ocrx_word' id='word_1_468' title='bbox 1114 3650 1437 3715; x_wconf 81' lang='lat' dir='ltr'><strong>subsecuta,</strong></span> <span class='ocrx_word' id='word_1_469' title='bbox 1473 3657 1535 3704; x_wconf 90' lang='lat' dir='ltr'><strong>ut</strong></span> <span class='ocrx_word' id='word_1_470' title='bbox 1579 3664 1733 3705; x_wconf 89' lang='lat' dir='ltr'><strong>more</strong></span> <span class='ocrx_word' id='word_1_471' title='bbox 1784 3649 2015 3705; x_wconf 88' lang='lat' dir='ltr'><strong>insolito</strong></span> 
     </span>
    </p>
   </div>
   <div class='ocr_carea' id='block_1_68' title="bbox 424 3741 2014 3814">
    <p class='ocr_par' dir='ltr' id='par_1_68' title="bbox 424 3741 2014 3814">
     <span class='ocr_line' id='line_1_68' title="bbox 424 3741 2014 3814; baseline -0.003 -12"><span class='ocrx_word' id='word_1_472' title='bbox 424 3747 586 3803; x_wconf 92' lang='lat' dir='ltr'><strong>multi</strong></span> <span class='ocrx_word' id='word_1_473' title='bbox 631 3746 918 3814; x_wconf 81' lang='lat' dir='ltr'><strong>mortales,</strong></span> <span class='ocrx_word' id='word_1_474' title='bbox 957 3756 1011 3803; x_wconf 89' lang='lat' dir='ltr'><strong>ct</strong></span> <span class='ocrx_word' id='word_1_475' title='bbox 1044 3745 1152 3801; x_wconf 90' lang='lat' dir='ltr'><strong>alia</strong></span> <span class='ocrx_word' id='word_1_476' title='bbox 1184 3745 1352 3801; x_wconf 90' lang='lat' dir='ltr'><strong>etiam</strong></span> <span class='ocrx_word' id='word_1_477' title='bbox 1381 3743 1646 3798; x_wconf 78' lang='lat' dir='ltr'><strong>animalia</strong></span> <span class='ocrx_word' id='word_1_478' title='bbox 1673 3741 2014 3799; x_wconf 88' lang='lat' dir='ltr'><strong>interierint.</strong></span> 
     </span>
    </p>
   </div>
   <div class='ocr_carea' id='block_1_69' title="bbox 421 3835 2013 3909">
    <p class='ocr_par' dir='ltr' id='par_1_69' title="bbox 421 3835 2013 3909">
     <span class='ocr_line' id='line_1_69' title="bbox 421 3835 2013 3909; baseline -0.005 -11"><span class='ocrx_word' id='word_1_479' title='bbox 421 3842 561 3898; x_wconf 82' lang='lat' dir='ltr'><strong>Cum</strong></span> <span class='ocrx_word' id='word_1_480' title='bbox 602 3852 789 3897; x_wconf 89' lang='lat' dir='ltr'><strong>autem</strong></span> <span class='ocrx_word' id='word_1_481' title='bbox 836 3840 920 3897; x_wconf 88' lang='lat' dir='ltr'><strong>sol</strong></span> <span class='ocrx_word' id='word_1_482' title='bbox 966 3838 1196 3906; x_wconf 82' lang='lat' dir='ltr'><strong>defecit,</strong></span> <span class='ocrx_word' id='word_1_483' title='bbox 1238 3839 1423 3909; x_wconf 79' lang='lat' dir='ltr'><strong>fulgor</strong></span> <span class='ocrx_word' id='word_1_484' title='bbox 1468 3837 1699 3908; x_wconf 87' lang='lat' dir='ltr'><strong>quidam</strong></span> <span class='ocrx_word' id='word_1_485' title='bbox 1751 3837 1917 3892; x_wconf 86' lang='lat' dir='ltr'><strong>simul</strong></span> <span class='ocrx_word' id='word_1_486' title='bbox 1957 3835 2013 3890; x_wconf 92' lang='lat' dir='ltr'><strong>in</strong></span> 
     </span>
    </p>
   </div>
   <div class='ocr_carea' id='block_1_70' title="bbox 421 3930 2014 4006">
    <p class='ocr_par' dir='ltr' id='par_1_70' title="bbox 421 3930 2014 4006">
     <span class='ocr_line' id='line_1_70' title="bbox 421 3930 2014 4006; baseline -0.006 -13"><span class='ocrx_word' id='word_1_487' title='bbox 421 3937 567 4006; x_wconf 61' lang='lat' dir='ltr'><strong>curio</strong></span> <span class='ocrx_word' id='word_1_488' title='bbox 622 3934 903 4006; x_wconf 87' lang='lat' dir='ltr'><strong>apparuit,</strong></span> <span class='ocrx_word' id='word_1_489' title='bbox 954 3934 1080 3989; x_wconf 87' lang='lat' dir='ltr'><strong>coni</strong></span> <span class='ocrx_word' id='word_1_490' title='bbox 1131 3932 1249 3987; x_wconf 90' lang='lat' dir='ltr'><strong>sive</strong></span> <span class='ocrx_word' id='word_1_491' title='bbox 1284 3941 1447 3985; x_wconf 66' lang='lat' dir='ltr'><strong>metae</strong></span> <span class='ocrx_word' id='word_1_492' title='bbox 1483 3930 1727 4002; x_wconf 84' lang='lat' dir='ltr'><strong>speciem</strong></span> <span class='ocrx_word' id='word_1_493' title='bbox 1762 3944 1965 4000; x_wconf 89' lang='lat' dir='ltr'><strong>gerens</strong></span> <span class='ocrx_word' id='word_1_494' title='bbox 1999 3947 2014 3984; x_wconf 88' lang='lat'><strong>:</strong></span> 
     </span>
    </p>
   </div>
   <div class='ocr_carea' id='block_1_71' title="bbox 424 4003 2018 4101">
    <p class='ocr_par' dir='ltr' id='par_1_71' title="bbox 424 4003 2018 4101">
     <span class='ocr_line' id='line_1_71' title="bbox 424 4003 2018 4101; baseline -0.006 -16"><span class='ocrx_word' id='word_1_495' title='bbox 424 4003 593 4101; x_wconf 81' lang='lat' dir='ltr'><strong>quem</strong></span> <span class='ocrx_word' id='word_1_496' title='bbox 657 4003 942 4083; x_wconf 79' lang='lat' dir='ltr'><strong>ineruditi</strong></span> <span class='ocrx_word' id='word_1_497' title='bbox 1007 4022 1238 4094; x_wconf 79' lang='lat' dir='ltr'><strong>quidam</strong></span> <span class='ocrx_word' id='word_1_498' title='bbox 1297 4030 1575 4078; x_wconf 82' lang='lat' dir='ltr'><strong>cometam</strong></span> <span class='ocrx_word' id='word_1_499' title='bbox 1640 4021 2018 4091; x_wconf 87' lang='lat' dir='ltr'><strong>criuitamque</strong></span> 
     </span>
    </p>
   </div>
   <div class='ocr_carea' id='block_1_72' title="bbox 425 4113 2017 4183">
    <p class='ocr_par' dir='ltr' id='par_1_72' title="bbox 425 4113 2017 4183">
     <span class='ocr_line' id='line_1_72' title="bbox 425 4113 2017 4183; baseline -0.008 -3"><span class='ocrx_word' id='word_1_500' title='bbox 425 4123 639 4180; x_wconf 87' lang='lat' dir='ltr'><strong>stellam</strong></span> <span class='ocrx_word' id='word_1_501' title='bbox 671 4137 794 4178; x_wconf 89' lang='lat' dir='ltr'><strong>esse</strong></span> <span class='ocrx_word' id='word_1_502' title='bbox 830 4123 1129 4173; x_wconf 82' lang='lat' dir='ltr'><strong>duxerunt.</strong></span> <span class='ocrx_word' id='word_1_503' title='bbox 1174 4114 1326 4171; x_wconf 87' lang='lat' dir='ltr'><strong>Nibil</strong></span> <span class='ocrx_word' id='word_1_504' title='bbox 1358 4115 1532 4180; x_wconf 90' lang='lat' dir='ltr'><strong>enim,</strong></span> <span class='ocrx_word' id='word_1_505' title='bbox 1566 4128 1687 4183; x_wconf 71' lang='lat' dir='ltr'><strong>quas</strong></span> <span class='ocrx_word' id='word_1_506' title='bbox 1712 4114 1769 4168; x_wconf 91' lang='lat' dir='ltr'><strong>in</strong></span> <span class='ocrx_word' id='word_1_507' title='bbox 1803 4128 1870 4169; x_wconf 92' lang='lat' dir='ltr'><strong>eo</strong></span> <span class='ocrx_word' id='word_1_508' title='bbox 1900 4113 2017 4168; x_wconf 78' lang='lat' dir='ltr'><strong>visa</strong></span> 
     </span>
    </p>
   </div>
   <div class='ocr_carea' id='block_1_73' title="bbox 426 4207 2010 4283">
    <p class='ocr_par' dir='ltr' id='par_1_73' title="bbox 426 4207 2010 4283">
     <span class='ocr_line' id='line_1_73' title="bbox 426 4207 2010 4283; baseline -0.008 -10"><span class='ocrx_word' id='word_1_509' title='bbox 426 4224 580 4283; x_wconf 87' lang='lat' dir='ltr'><strong>sunt,</strong></span> <span class='ocrx_word' id='word_1_510' title='bbox 624 4224 857 4270; x_wconf 78' lang='lat' dir='ltr'><strong>cometze</strong></span> <span class='ocrx_word' id='word_1_511' title='bbox 884 4211 1067 4267; x_wconf 88' lang='lat' dir='ltr'><strong>simile</strong></span> <span class='ocrx_word' id='word_1_512' title='bbox 1101 4208 1229 4264; x_wconf 88' lang='lat' dir='ltr'><strong>fuit.</strong></span> <span class='ocrx_word' id='word_1_513' title='bbox 1269 4207 1382 4264; x_wconf 85' lang='lat' dir='ltr'><strong>Nec</strong></span> <span class='ocrx_word' id='word_1_514' title='bbox 1413 4208 1596 4275; x_wconf 81' lang='lat' dir='ltr'><strong>fulgor</strong></span> <span class='ocrx_word' id='word_1_515' title='bbox 1632 4208 1679 4263; x_wconf 91' lang='lat' dir='ltr'><strong>is</strong></span> <span class='ocrx_word' id='word_1_516' title='bbox 1716 4208 1771 4262; x_wconf 88' lang='lat' dir='ltr'><strong>in</strong></span> <span class='ocrx_word' id='word_1_517' title='bbox 1796 4221 2010 4262; x_wconf 90' lang='lat' dir='ltr'><strong>comam</strong></span> 
     </span>
    </p>
   </div>
   <div class='ocr_carea' id='block_1_74' title="bbox 427 4297 2017 4378">
    <p class='ocr_par' dir='ltr' id='par_1_74' title="bbox 427 4297 2017 4378">
     <span class='ocr_line' id='line_1_74' title="bbox 427 4297 2017 4378; baseline -0.008 -12"><span class='ocrx_word' id='word_1_518' title='bbox 427 4309 588 4371; x_wconf 88' lang='lat' dir='ltr'><strong>abiit,</strong></span> <span class='ocrx_word' id='word_1_519' title='bbox 626 4323 813 4378; x_wconf 86' lang='lat' dir='ltr'><strong>neque</strong></span> <span class='ocrx_word' id='word_1_520' title='bbox 856 4304 1032 4361; x_wconf 78' lang='lat' dir='ltr'><strong>stellae</strong></span> <span class='ocrx_word' id='word_1_521' title='bbox 1080 4317 1314 4373; x_wconf 87' lang='lat' dir='ltr'><strong>prorsus</strong></span> <span class='ocrx_word' id='word_1_522' title='bbox 1342 4301 1585 4371; x_wconf 85' lang='lat' dir='ltr'><strong>speciem</strong></span> <span class='ocrx_word' id='word_1_523' title='bbox 1635 4300 1877 4356; x_wconf 87' lang='lat' dir='ltr'><strong>retulit:</strong></span> <span class='ocrx_word' id='word_1_524' title='bbox 1917 4297 2017 4355; x_wconf 88' lang='lat' dir='ltr'><strong>sed</strong></span> 
     </span>
    </p>
   </div>
   <div class='ocr_carea' id='block_1_75' title="bbox 427 4394 2021 4469">
    <p class='ocr_par' dir='ltr' id='par_1_75' title="bbox 427 4394 2021 4469">
     <span class='ocr_line' id='line_1_75' title="bbox 427 4394 2021 4469; baseline -0.008 -9"><span class='ocrx_word' id='word_1_525' title='bbox 427 4404 602 4461; x_wconf 84' lang='lat' dir='ltr'><strong>veluti</strong></span> <span class='ocrx_word' id='word_1_526' title='bbox 634 4403 877 4459; x_wconf 69' lang='lat' dir='ltr'><strong>lucerna:</strong></span> <span class='ocrx_word' id='word_1_527' title='bbox 906 4397 1193 4469; x_wconf 80' lang='lat' dir='ltr'><strong>cujusdam</strong></span> <span class='ocrx_word' id='word_1_528' title='bbox 1229 4411 1441 4464; x_wconf 78' lang='lat' dir='ltr'><strong>magnae</strong></span> <span class='ocrx_word' id='word_1_529' title='bbox 1470 4394 1692 4450; x_wconf 87' lang='lat' dir='ltr'><strong>flamma</strong></span> <span class='ocrx_word' id='word_1_530' title='bbox 1729 4409 1831 4465; x_wconf 90' lang='lat' dir='ltr'><strong>per</strong></span> <span class='ocrx_word' id='word_1_531' title='bbox 1872 4395 2021 4464; x_wconf 90' lang='lat' dir='ltr'><strong>seip-</strong></span> 
     </span>
    </p>
   </div>
   <div class='ocr_carea' id='block_1_76' title="bbox 2116 3273 3703 3355">
    <p class='ocr_par' dir='ltr' id='par_1_76' title="bbox 2116 3273 3703 3355">
     <span class='ocr_line' id='line_1_76' title="bbox 2116 3273 3703 3355; baseline -0.009 -17"><span class='ocrx_word' id='word_1_532' title='bbox 2116 3284 2399 3355; x_wconf 90' lang='grc' dir='ltr'><strong>θρωπίνην</strong></span> <span class='ocrx_word' id='word_1_533' title='bbox 2430 3284 2498 3338; x_wconf 85' lang='grc' dir='ltr'><strong>ἂν</strong></span> <span class='ocrx_word' id='word_1_534' title='bbox 2527 3284 2615 3353; x_wconf 84' lang='grc' dir='ltr'><strong>είη</strong></span> <span class='ocrx_word' id='word_1_535' title='bbox 2651 3281 2908 3351; x_wconf 87' lang='grc' dir='ltr'><strong>δύναμιν.</strong></span> <span class='ocrx_word' id='word_1_536' title='bbox 2943 3276 3268 3350; x_wconf 84' lang='grc' dir='ltr'><strong>Τηνικαῦτα</strong></span> <span class='ocrx_word' id='word_1_537' title='bbox 3309 3276 3366 3330; x_wconf 81' lang='grc' dir='ltr'><strong>δὲ</strong></span> <span class='ocrx_word' id='word_1_538' title='bbox 3403 3275 3500 3330; x_wconf 72' lang='grc' dir='ltr'><strong>καὶ</strong></span> <span class='ocrx_word' id='word_1_539' title='bbox 3553 3273 3703 3345; x_wconf 73' lang='grc' dir='ltr'><strong>ἣλιος</strong></span> 
     </span>
    </p>
   </div>
   <div class='ocr_carea' id='block_1_77' title="bbox 2114 3365 3701 3446">
    <p class='ocr_par' dir='ltr' id='par_1_77' title="bbox 2114 3365 3701 3446">
     <span class='ocr_line' id='line_1_77' title="bbox 2114 3365 3701 3446; baseline -0.01 -13"><span class='ocrx_word' id='word_1_540' title='bbox 2114 3376 2260 3433; x_wconf 79' lang='grc' dir='ltr'><strong>οὑτω</strong></span> <span class='ocrx_word' id='word_1_541' title='bbox 2282 3376 2494 3446; x_wconf 81' lang='grc' dir='ltr'><strong>βαθέως</strong></span> <span class='ocrx_word' id='word_1_542' title='bbox 2524 3376 2799 3441; x_wconf 79' lang='grc' dir='ltr'><strong>ἐκλείπει,</strong></span> <span class='ocrx_word' id='word_1_543' title='bbox 2853 3373 2930 3437; x_wconf 87' lang='grc' dir='ltr'><strong>ὼς</strong></span> <span class='ocrx_word' id='word_1_544' title='bbox 2986 3374 3083 3427; x_wconf 78' lang='grc' dir='ltr'><strong>καὶ</strong></span> <span class='ocrx_word' id='word_1_545' title='bbox 3131 3371 3371 3442; x_wconf 79' lang='grc' dir='ltr'><strong>ἀστέρας</strong></span> <span class='ocrx_word' id='word_1_546' title='bbox 3429 3365 3701 3439; x_wconf 84' lang='grc' dir='ltr'><strong>μεσούσης</strong></span> 
     </span>
    </p>
   </div>
   <div class='ocr_carea' id='block_1_78' title="bbox 2116 3458 3702 3542">
    <p class='ocr_par' dir='ltr' id='par_1_78' title="bbox 2116 3458 3702 3542">
     <span class='ocr_line' id='line_1_78' title="bbox 2116 3458 3702 3542; baseline -0.011 -14"><span class='ocrx_word' id='word_1_547' title='bbox 2116 3471 2441 3542; x_wconf 82' lang='grc' dir='ltr'><strong>ἀναλάμψαι</strong></span> <span class='ocrx_word' id='word_1_548' title='bbox 2468 3470 2709 3541; x_wconf 79' lang='grc' dir='ltr'><strong>ἡμέρας.</strong></span> <span class='ocrx_word' id='word_1_549' title='bbox 2749 3467 2939 3537; x_wconf 82' lang='grc' dir='ltr'><strong>Τούτῳ</strong></span> <span class='ocrx_word' id='word_1_550' title='bbox 2968 3465 3026 3519; x_wconf 85' lang='grc' dir='ltr'><strong>δὲ</strong></span> <span class='ocrx_word' id='word_1_551' title='bbox 3057 3464 3155 3519; x_wconf 71' lang='grc' dir='ltr'><strong>καὶ</strong></span> <span class='ocrx_word' id='word_1_552' title='bbox 3183 3463 3441 3525; x_wconf 82' lang='grc' dir='ltr'><strong>τοσοῦτος</strong></span> <span class='ocrx_word' id='word_1_553' title='bbox 3492 3458 3702 3530; x_wconf 83' lang='grc' dir='ltr'><strong>αὐχμὸς</strong></span> 
     </span>
    </p>
   </div>
   <div class='ocr_carea' id='block_1_79' title="bbox 2118 3552 3702 3631">
    <p class='ocr_par' dir='ltr' id='par_1_79' title="bbox 2118 3552 3702 3631">
     <span class='ocr_line' id='line_1_79' title="bbox 2118 3552 3702 3631; baseline -0.009 -11"><span class='ocrx_word' id='word_1_554' title='bbox 2118 3567 2328 3629; x_wconf 73' lang='grc' dir='ltr'><strong>εἵπετο,</strong></span> <span class='ocrx_word' id='word_1_555' title='bbox 2353 3565 2430 3629; x_wconf 89' lang='grc' dir='ltr'><strong>ὡς</strong></span> <span class='ocrx_word' id='word_1_556' title='bbox 2468 3562 2685 3616; x_wconf 84' lang='grc' dir='ltr'><strong>πολλῶν</strong></span> <span class='ocrx_word' id='word_1_557' title='bbox 2713 3558 3024 3631; x_wconf 86' lang='grc' dir='ltr'><strong>ἀνθρώπων</strong></span> <span class='ocrx_word' id='word_1_558' title='bbox 3075 3557 3300 3613; x_wconf 77' lang='grc' dir='ltr'><strong>καὶτῶν</strong></span> <span class='ocrx_word' id='word_1_559' title='bbox 3331 3556 3507 3611; x_wconf 79' lang='grc' dir='ltr'><strong>ἄλλων</strong></span> <span class='ocrx_word' id='word_1_560' title='bbox 3549 3552 3702 3618; x_wconf 82' lang='grc' dir='ltr'><strong>ζώων</strong></span> 
     </span>
    </p>
   </div>
   <div class='ocr_carea' id='block_1_80' title="bbox 2117 3644 3700 3732">
    <p class='ocr_par' dir='ltr' id='par_1_80' title="bbox 2117 3644 3700 3732">
     <span class='ocr_line' id='line_1_80' title="bbox 2117 3644 3700 3732; baseline -0.012 -16"><span class='ocrx_word' id='word_1_561' title='bbox 2117 3660 2366 3732; x_wconf 82' lang='grc' dir='ltr'><strong>ἀσυνήθη</strong></span> <span class='ocrx_word' id='word_1_562' title='bbox 2389 3657 2650 3728; x_wconf 84' lang='grc' dir='ltr'><strong>γενέσθαι</strong></span> <span class='ocrx_word' id='word_1_563' title='bbox 2685 3654 2919 3726; x_wconf 81' lang='grc' dir='ltr'><strong>φθοράν.</strong></span> <span class='ocrx_word' id='word_1_564' title='bbox 2960 3650 3235 3724; x_wconf 86' lang='grc' dir='ltr'><strong>ὀπηνίκα</strong></span> <span class='ocrx_word' id='word_1_565' title='bbox 3265 3650 3311 3702; x_wconf 72' lang='grc' dir='ltr'><strong>δ’</strong></span> <span class='ocrx_word' id='word_1_566' title='bbox 3333 3653 3362 3704; x_wconf 82' lang='grc' dir='ltr'><strong>ὁ</strong></span> <span class='ocrx_word' id='word_1_567' title='bbox 3382 3649 3533 3720; x_wconf 78' lang='grc' dir='ltr'><strong>ήλιος</strong></span> <span class='ocrx_word' id='word_1_568' title='bbox 3585 3644 3700 3711; x_wconf 82' lang='grc' dir='ltr'><strong>ἐξέ-</strong></span> 
     </span>
    </p>
   </div>
   <div class='ocr_carea' id='block_1_81' title="bbox 2117 3738 3700 3823">
    <p class='ocr_par' dir='ltr' id='par_1_81' title="bbox 2117 3738 3700 3823">
     <span class='ocr_line' id='line_1_81' title="bbox 2117 3738 3700 3823; baseline -0.012 -13"><span class='ocrx_word' id='word_1_569' title='bbox 2117 3755 2299 3822; x_wconf 82' lang='grc' dir='ltr'><strong>λιπεν,</strong></span> <span class='ocrx_word' id='word_1_570' title='bbox 2331 3753 2542 3823; x_wconf 78' lang='grc' dir='ltr'><strong>φέγγος</strong></span> <span class='ocrx_word' id='word_1_571' title='bbox 2573 3768 2627 3804; x_wconf 85' lang='grc' dir='ltr'><strong>τι</strong></span> <span class='ocrx_word' id='word_1_572' title='bbox 2664 3748 2788 3803; x_wconf 87' lang='grc' dir='ltr'><strong>κατ’</strong></span> <span class='ocrx_word' id='word_1_573' title='bbox 2848 3745 3084 3818; x_wconf 79' lang='grc' dir='ltr'><strong>οὐρανὸν</strong></span> <span class='ocrx_word' id='word_1_574' title='bbox 3132 3745 3479 3813; x_wconf 68' lang='grc' dir='ltr'><strong>ωνανεφάνη</strong></span> <span class='ocrx_word' id='word_1_575' title='bbox 3527 3738 3700 3794; x_wconf 80' lang='grc' dir='ltr'><strong>κώνου</strong></span> 
     </span>
    </p>
   </div>
   <div class='ocr_carea' id='block_1_82' title="bbox 2122 3834 3702 3918">
    <p class='ocr_par' dir='ltr' id='par_1_82' title="bbox 2122 3834 3702 3918">
     <span class='ocr_line' id='line_1_82' title="bbox 2122 3834 3702 3918; baseline -0.012 -15"><span class='ocrx_word' id='word_1_576' title='bbox 2122 3849 2312 3918; x_wconf 81' lang='grc' dir='ltr'><strong>σχῆμα</strong></span> <span class='ocrx_word' id='word_1_577' title='bbox 2360 3842 2783 3915; x_wconf 82' lang='grc' dir='ltr'><strong>παραδυόμενον</strong></span> <span class='ocrx_word' id='word_1_578' title='bbox 2820 3856 2836 3872; x_wconf 77' lang='grc'><strong><em>⁸</em></strong></span> <span class='ocrx_word' id='word_1_579' title='bbox 2906 3841 2935 3893; x_wconf 85' lang='grc' dir='ltr'><strong>ὃ</strong></span> <span class='ocrx_word' id='word_1_580' title='bbox 2977 3851 3126 3901; x_wconf 88' lang='grc' dir='ltr'><strong>τινες</strong></span> <span class='ocrx_word' id='word_1_581' title='bbox 3189 3835 3420 3907; x_wconf 85' lang='grc' dir='ltr'><strong>ἀμαθῶς</strong></span> <span class='ocrx_word' id='word_1_582' title='bbox 3466 3834 3702 3904; x_wconf 73' lang='grc' dir='ltr'><strong>ἔχοντες,</strong></span> 
     </span>
    </p>
   </div>
   <div class='ocr_carea' id='block_1_83' title="bbox 2120 3922 3703 4010">
    <p class='ocr_par' dir='ltr' id='par_1_83' title="bbox 2120 3922 3703 4010">
     <span class='ocr_line' id='line_1_83' title="bbox 2120 3922 3703 4010; baseline -0.009 -17"><span class='ocrx_word' id='word_1_583' title='bbox 2120 3941 2373 4010; x_wconf 86' lang='grc' dir='ltr'><strong>κομήτην</strong></span> <span class='ocrx_word' id='word_1_584' title='bbox 2397 3934 2539 3992; x_wconf 71' lang='grc' dir='ltr'><strong>εἶναι</strong></span> <span class='ocrx_word' id='word_1_585' title='bbox 2590 3935 2799 4005; x_wconf 85' lang='grc' dir='ltr'><strong>ἀστέρα</strong></span> <span class='ocrx_word' id='word_1_586' title='bbox 2829 3931 3024 4004; x_wconf 76' lang='grc' dir='ltr'><strong>ᾤοντο.</strong></span> <span class='ocrx_word' id='word_1_587' title='bbox 3052 3931 3164 3985; x_wconf 71' lang='grc' dir='ltr'><strong>Καὶ</strong></span> <span class='ocrx_word' id='word_1_588' title='bbox 3215 3927 3326 3999; x_wconf 87' lang='grc' dir='ltr'><strong>γὰρ</strong></span> <span class='ocrx_word' id='word_1_589' title='bbox 3380 3922 3459 3982; x_wconf 81' lang='grc' dir='ltr'><strong>ὧν</strong></span> <span class='ocrx_word' id='word_1_590' title='bbox 3501 3927 3703 3987; x_wconf 81' lang='grc' dir='ltr'><strong>ἐκεῖνος</strong></span> 
     </span>
    </p>
   </div>
   <div class='ocr_carea' id='block_1_84' title="bbox 2122 4012 3704 4102">
    <p class='ocr_par' dir='ltr' id='par_1_84' title="bbox 2122 4012 3704 4102">
     <span class='ocr_line' id='line_1_84' title="bbox 2122 4012 3704 4102; baseline -0.014 -16"><span class='ocrx_word' id='word_1_591' title='bbox 2122 4029 2479 4102; x_wconf 83' lang='grc' dir='ltr'><strong>παρεδείκνυ,</strong></span> <span class='ocrx_word' id='word_1_592' title='bbox 2539 4025 2695 4079; x_wconf 78' lang='grc' dir='ltr'><strong>οὐδὲν</strong></span> <span class='ocrx_word' id='word_1_593' title='bbox 2747 4019 2816 4087; x_wconf 73' lang='grc' dir='ltr'><strong>ἦν</strong></span> <span class='ocrx_word' id='word_1_594' title='bbox 2872 4021 3124 4092; x_wconf 87' lang='grc' dir='ltr'><strong>κομήτης</strong></span> <span class='ocrx_word' id='word_1_595' title='bbox 3165 4017 3517 4088; x_wconf 87' lang='grc' dir='ltr'><strong>παράσημον.</strong></span> <span class='ocrx_word' id='word_1_596' title='bbox 3568 4012 3704 4066; x_wconf 78' lang='grc' dir='ltr'><strong>Οὔτε</strong></span> 
     </span>
    </p>
   </div>
   <div class='ocr_carea' id='block_1_85' title="bbox 2122 4106 3705 4195">
    <p class='ocr_par' dir='ltr' id='par_1_85' title="bbox 2122 4106 3705 4195">
     <span class='ocr_line' id='line_1_85' title="bbox 2122 4106 3705 4195; baseline -0.014 -16"><span class='ocrx_word' id='word_1_597' title='bbox 2122 4124 2234 4195; x_wconf 85' lang='grc' dir='ltr'><strong>γὰρ</strong></span> <span class='ocrx_word' id='word_1_598' title='bbox 2265 4123 2327 4178; x_wconf 72' lang='grc' dir='ltr'><strong>τὸ</strong></span> <span class='ocrx_word' id='word_1_599' title='bbox 2358 4121 2564 4191; x_wconf 86' lang='grc' dir='ltr'><strong>φέγγος</strong></span> <span class='ocrx_word' id='word_1_600' title='bbox 2607 4119 2688 4182; x_wconf 89' lang='grc' dir='ltr'><strong>εἰς</strong></span> <span class='ocrx_word' id='word_1_601' title='bbox 2743 4117 2925 4187; x_wconf 77' lang='grc' dir='ltr'><strong>κόμην</strong></span> <span class='ocrx_word' id='word_1_602' title='bbox 2983 4112 3306 4176; x_wconf 84' lang='grc' dir='ltr'><strong>ἀπέϐαινεν,</strong></span> <span class='ocrx_word' id='word_1_603' title='bbox 3353 4108 3466 4163; x_wconf 77' lang='grc' dir='ltr'><strong>οὔτ’</strong></span> <span class='ocrx_word' id='word_1_604' title='bbox 3515 4106 3705 4175; x_wconf 87' lang='grc' dir='ltr'><strong>ἀστέρι</strong></span> 
     </span>
    </p>
   </div>
   <div class='ocr_carea' id='block_1_86' title="bbox 2121 4198 3705 4287">
    <p class='ocr_par' dir='ltr' id='par_1_86' title="bbox 2121 4198 3705 4287">
     <span class='ocr_line' id='line_1_86' title="bbox 2121 4198 3705 4287; baseline -0.014 -16"><span class='ocrx_word' id='word_1_605' title='bbox 2121 4217 2258 4280; x_wconf 86' lang='grc' dir='ltr'><strong>ὅλως</strong></span> <span class='ocrx_word' id='word_1_606' title='bbox 2290 4213 2455 4287; x_wconf 80' lang='grc' dir='ltr'><strong>ἐῴκει</strong></span> <span class='ocrx_word' id='word_1_607' title='bbox 2480 4230 2494 4245; x_wconf 75' lang='grc' dir='ltr'><strong><em>ο</em></strong></span> <span class='ocrx_word' id='word_1_608' title='bbox 2535 4211 2655 4267; x_wconf 88' lang='grc' dir='ltr'><strong>ἀλλ’</strong></span> <span class='ocrx_word' id='word_1_609' title='bbox 2707 4207 2821 4264; x_wconf 78' lang='grc' dir='ltr'><strong>οἷον</strong></span> <span class='ocrx_word' id='word_1_610' title='bbox 2862 4207 3061 4279; x_wconf 81' lang='grc' dir='ltr'><strong>λύχνου</strong></span> <span class='ocrx_word' id='word_1_611' title='bbox 3093 4204 3239 4268; x_wconf 85' lang='grc' dir='ltr'><strong>τινὸς</strong></span> <span class='ocrx_word' id='word_1_612' title='bbox 3283 4201 3525 4275; x_wconf 75' lang='grc' dir='ltr'><strong>μεγάλου</strong></span> <span class='ocrx_word' id='word_1_613' title='bbox 3576 4198 3705 4271; x_wconf 78' lang='grc' dir='ltr'><strong>φλὸξ</strong></span> 
     </span>
    </p>
   </div>
   <div class='ocr_carea' id='block_1_87' title="bbox 2123 4295 3709 4380">
    <p class='ocr_par' dir='ltr' id='par_1_87' title="bbox 2123 4295 3709 4380">
     <span class='ocr_line' id='line_1_87' title="bbox 2123 4295 3709 4380; baseline -0.013 -15"><span class='ocrx_word' id='word_1_614' title='bbox 2123 4310 2346 4380; x_wconf 77' lang='grc' dir='ltr'><strong>ὑπῆρχε</strong></span> <span class='ocrx_word' id='word_1_615' title='bbox 2405 4307 2530 4361; x_wconf 76' lang='grc' dir='ltr'><strong>καθ’</strong></span> <span class='ocrx_word' id='word_1_616' title='bbox 2578 4305 2782 4373; x_wconf 79' lang='grc' dir='ltr'><strong>ἑαυτήν</strong></span> <span class='ocrx_word' id='word_1_617' title='bbox 2857 4299 3137 4372; x_wconf 86' lang='grc' dir='ltr'><strong>ὁρωμένη,</strong></span> <span class='ocrx_word' id='word_1_618' title='bbox 3199 4296 3430 4368; x_wconf 81' lang='grc' dir='ltr'><strong>μηδενὸς</strong></span> <span class='ocrx_word' id='word_1_619' title='bbox 3478 4295 3709 4361; x_wconf 81' lang='grc' dir='ltr'><strong>ἀστέρος</strong></span> 
     </span>
    </p>
   </div>
   <div class='ocr_carea' id='block_1_88' title="bbox 2123 4383 3706 4471">
    <p class='ocr_par' dir='ltr' id='par_1_88' title="bbox 2123 4383 3706 4471">
     <span class='ocr_line' id='line_1_88' title="bbox 2123 4383 3706 4471; baseline -0.012 -15"><span class='ocrx_word' id='word_1_620' title='bbox 2123 4399 2441 4471; x_wconf 85' lang='grc' dir='ltr'><strong>θρυαλλίδος</strong></span> <span class='ocrx_word' id='word_1_621' title='bbox 2471 4395 2624 4466; x_wconf 85' lang='grc' dir='ltr'><strong>αὑτῷ</strong></span> <span class='ocrx_word' id='word_1_622' title='bbox 2653 4411 2796 4457; x_wconf 85' lang='grc' dir='ltr'><strong>τινος</strong></span> <span class='ocrx_word' id='word_1_623' title='bbox 2835 4390 3048 4463; x_wconf 86' lang='grc' dir='ltr'><strong>μορφὴν</strong></span> <span class='ocrx_word' id='word_1_624' title='bbox 3083 4389 3498 4461; x_wconf 69' lang='grc' dir='ltr'><strong>ὑποτρέχοντος.</strong></span> <span class='ocrx_word' id='word_1_625' title='bbox 3548 4383 3706 4439; x_wconf 82' lang='grc' dir='ltr'><strong>Ἀλλὰ</strong></span> 
     </span>
    </p>
   </div>
   <div class='ocr_carea' id='block_1_89' title="bbox 428 4478 2015 4566">
    <p class='ocr_par' dir='ltr' id='par_1_89' title="bbox 428 4486 2015 4558">
     <span class='ocr_line' id='line_1_89' title="bbox 428 4486 2015 4558; baseline -0.008 -5"><span class='ocrx_word' id='word_1_626' title='bbox 428 4513 548 4554; x_wconf 85' lang='lat' dir='ltr'><strong>sam</strong></span> <span class='ocrx_word' id='word_1_627' title='bbox 581 4496 891 4551; x_wconf 80' lang='lat' dir='ltr'><strong>subsistere</strong></span> <span class='ocrx_word' id='word_1_628' title='bbox 916 4495 1034 4547; x_wconf 90' lang='lat' dir='ltr'><strong>visa</strong></span> <span class='ocrx_word' id='word_1_629' title='bbox 1060 4500 1167 4558; x_wconf 89' lang='lat' dir='ltr'><strong>est,</strong></span> <span class='ocrx_word' id='word_1_630' title='bbox 1195 4505 1298 4546; x_wconf 92' lang='lat' dir='ltr'><strong>nec</strong></span> <span class='ocrx_word' id='word_1_631' title='bbox 1320 4489 1459 4543; x_wconf 82' lang='lat' dir='ltr'><strong>radii</strong></span> <span class='ocrx_word' id='word_1_632' title='bbox 1491 4489 1614 4557; x_wconf 89' lang='lat' dir='ltr'><strong>ejus</strong></span> <span class='ocrx_word' id='word_1_633' title='bbox 1640 4488 1816 4558; x_wconf 90' lang='lat' dir='ltr'><strong>aliqui</strong></span> <span class='ocrx_word' id='word_1_634' title='bbox 1844 4486 2015 4543; x_wconf 64' lang='lat' dir='ltr'><strong>stella</strong></span> 
     </span>
    </p>
   </div>
   <div class='ocr_carea' id='block_1_90' title="bbox 2120 4478 3706 4566">
    <p class='ocr_par' dir='ltr' id='par_1_90' title="bbox 2127 4478 3706 4566">
     <span class='ocr_line' id='line_1_90' title="bbox 2127 4478 3706 4566; baseline -0.014 -17"><span class='ocrx_word' id='word_1_635' title='bbox 2127 4496 2236 4566; x_wconf 85' lang='grc' dir='ltr'><strong>γὰρ</strong></span> <span class='ocrx_word' id='word_1_636' title='bbox 2268 4491 2365 4547; x_wconf 77' lang='grc' dir='ltr'><strong>καὶ</strong></span> <span class='ocrx_word' id='word_1_637' title='bbox 2388 4492 2455 4562; x_wconf 78' lang='grc' dir='ltr'><strong>τῇ</strong></span> <span class='ocrx_word' id='word_1_638' title='bbox 2488 4489 2707 4558; x_wconf 85' lang='grc' dir='ltr'><strong>κινήσει</strong></span> <span class='ocrx_word' id='word_1_639' title='bbox 2734 4484 3117 4555; x_wconf 81' lang='grc' dir='ltr'><strong>παρήλλαττεν</strong></span> <span class='ocrx_word' id='word_1_640' title='bbox 3147 4496 3163 4511; x_wconf 75' lang='grc' dir='ltr'><strong><em>ο</em></strong></span> <span class='ocrx_word' id='word_1_641' title='bbox 3195 4480 3288 4534; x_wconf 78' lang='grc' dir='ltr'><strong>καὶ</strong></span> <span class='ocrx_word' id='word_1_642' title='bbox 3320 4480 3428 4549; x_wconf 81' lang='grc' dir='ltr'><strong>γὰρ</strong></span> <span class='ocrx_word' id='word_1_643' title='bbox 3465 4478 3706 4548; x_wconf 68' lang='grc' dir='ltr'><strong>κινηθεὶς</strong></span> 
     </span>
    </p>
   </div>
   <div class='ocr_carea' id='block_1_91' title="bbox 429 4553 2015 4663">
    <p class='ocr_par' dir='ltr' id='par_1_91' title="bbox 429 4583 2015 4663">
     <span class='ocr_line' id='line_1_91' title="bbox 429 4583 2015 4663; baseline -0.009 -16"><span class='ocrx_word' id='word_1_644' title='bbox 429 4594 766 4663; x_wconf 83' lang='lat' dir='ltr'><strong>cujusquam</strong></span> <span class='ocrx_word' id='word_1_645' title='bbox 818 4586 1056 4641; x_wconf 84' lang='lat' dir='ltr'><strong>formam</strong></span> <span class='ocrx_word' id='word_1_646' title='bbox 1110 4585 1357 4641; x_wconf 89' lang='lat' dir='ltr'><strong>subiere.</strong></span> <span class='ocrx_word' id='word_1_647' title='bbox 1412 4583 1537 4656; x_wconf 89' lang='lat' dir='ltr'><strong>Ipso</strong></span> <span class='ocrx_word' id='word_1_648' title='bbox 1590 4595 1815 4653; x_wconf 88' lang='lat' dir='ltr'><strong>quoque</strong></span> <span class='ocrx_word' id='word_1_649' title='bbox 1865 4588 2015 4635; x_wconf 88' lang='lat' dir='ltr'><strong>motu</strong></span> 
     </span>
    </p>
   </div>
   <div class='ocr_carea' id='block_1_92' title="bbox 2120 4553 3707 4663">
    <p class='ocr_par' dir='ltr' id='par_1_92' title="bbox 2129 4553 3707 4655">
     <span class='ocr_line' id='line_1_92' title="bbox 2129 4553 3707 4655; baseline -0.015 -13"><span class='ocrx_word' id='word_1_650' title='bbox 2129 4553 2256 4642; x_wconf 66' lang='lat' dir='ltr'><strong>éeév</strong></span> <span class='ocrx_word' id='word_1_651' title='bbox 2290 4586 2317 4639; x_wconf 88' lang='grc' dir='ltr'>ὁ</span> <span class='ocrx_word' id='word_1_652' title='bbox 2353 4553 2505 4655; x_wconf 75' lang='grc' dir='ltr'><strong>ἥλιος</strong></span> <span class='ocrx_word' id='word_1_653' title='bbox 2536 4553 2681 4634; x_wconf 73' lang='grc' dir='ltr'><strong>κατὰ</strong></span> <span class='ocrx_word' id='word_1_654' title='bbox 2728 4553 3025 4648; x_wconf 77' lang='grc' dir='ltr'><strong>ἰσημερίαν</strong></span> <span class='ocrx_word' id='word_1_655' title='bbox 3078 4574 3314 4644; x_wconf 85' lang='grc' dir='ltr'><strong>ἀνίσχει.</strong></span> <span class='ocrx_word' id='word_1_656' title='bbox 3365 4570 3577 4626; x_wconf 81' lang='grc' dir='ltr'><strong>ἐκεῖθεν</strong></span> <span class='ocrx_word' id='word_1_657' title='bbox 3619 4568 3707 4622; x_wconf 67' lang='grc' dir='ltr'><strong>τὸν</strong></span> 
     </span>
    </p>
   </div>
   <div class='ocr_carea' id='block_1_93' title="bbox 428 4670 2026 4750">
    <p class='ocr_par' dir='ltr' id='par_1_93' title="bbox 428 4670 2026 4750">
     <span class='ocr_line' id='line_1_93' title="bbox 428 4670 2026 4750; baseline -0.009 -12"><span class='ocrx_word' id='word_1_658' title='bbox 428 4681 695 4738; x_wconf 81' lang='lat' dir='ltr'><strong>variavit.</strong></span> <span class='ocrx_word' id='word_1_659' title='bbox 742 4677 912 4750; x_wconf 66' lang='grc'><strong>426</strong></span> <span class='ocrx_word' id='word_1_660' title='bbox 957 4674 1094 4730; x_wconf 82' lang='lat' dir='ltr'><strong>Nam</strong></span> <span class='ocrx_word' id='word_1_661' title='bbox 1128 4689 1194 4730; x_wconf 81' lang='lat' dir='ltr'><strong>ea</strong></span> <span class='ocrx_word' id='word_1_662' title='bbox 1233 4683 1387 4745; x_wconf 89' lang='lat' dir='ltr'><strong>parte</strong></span> <span class='ocrx_word' id='word_1_663' title='bbox 1421 4688 1531 4743; x_wconf 89' lang='lat' dir='ltr'><strong>qua</strong></span> <span class='ocrx_word' id='word_1_664' title='bbox 1563 4671 1646 4729; x_wconf 92' lang='lat' dir='ltr'><strong>sol</strong></span> <span class='ocrx_word' id='word_1_665' title='bbox 1675 4673 1825 4727; x_wconf 87' lang='lat' dir='ltr'><strong>circa</strong></span> <span class='ocrx_word' id='word_1_666' title='bbox 1850 4670 2026 4740; x_wconf 64' lang='lat' dir='ltr'><strong>requi-</strong></span> 
     </span>
    </p>
   </div>
   <div class='ocr_carea' id='block_1_94' title="bbox 431 4763 2024 4841">
    <p class='ocr_par' dir='ltr' id='par_1_94' title="bbox 431 4763 2024 4841">
     <span class='ocr_line' id='line_1_94' title="bbox 431 4763 2024 4841; baseline -0.01 -8"><span class='ocrx_word' id='word_1_667' title='bbox 431 4775 683 4833; x_wconf 89' lang='lat' dir='ltr'><strong>noctium</strong></span> <span class='ocrx_word' id='word_1_668' title='bbox 715 4772 921 4835; x_wconf 88' lang='lat' dir='ltr'><strong>oritur,</strong></span> <span class='ocrx_word' id='word_1_669' title='bbox 965 4769 1148 4841; x_wconf 87' lang='lat' dir='ltr'><strong>fulgor</strong></span> <span class='ocrx_word' id='word_1_670' title='bbox 1192 4770 1241 4825; x_wconf 89' lang='lat' dir='ltr'><strong>is</strong></span> <span class='ocrx_word' id='word_1_671' title='bbox 1289 4769 1502 4824; x_wconf 88' lang='lat' dir='ltr'><strong>moveri</strong></span> <span class='ocrx_word' id='word_1_672' title='bbox 1538 4768 1749 4838; x_wconf 69' lang='lat' dir='ltr'><strong>erepit:</strong></span> <span class='ocrx_word' id='word_1_673' title='bbox 1790 4773 1849 4822; x_wconf 91' lang='lat' dir='ltr'><strong>et</strong></span> <span class='ocrx_word' id='word_1_674' title='bbox 1890 4763 2024 4819; x_wconf 90' lang='lat' dir='ltr'><strong>inde</strong></span> 
     </span>
    </p>
   </div>
   <div class='ocr_carea' id='block_1_95' title="bbox 428 4856 2020 4938">
    <p class='ocr_par' dir='ltr' id='par_1_95' title="bbox 428 4856 2020 4938">
     <span class='ocr_line' id='line_1_95' title="bbox 428 4856 2020 4938; baseline -0.006 -19"><span class='ocrx_word' id='word_1_675' title='bbox 428 4868 589 4938; x_wconf 76' lang='lat' dir='ltr'><strong>juxta</strong></span> <span class='ocrx_word' id='word_1_676' title='bbox 621 4878 743 4919; x_wconf 89' lang='lat' dir='ltr'><strong>eam</strong></span> <span class='ocrx_word' id='word_1_677' title='bbox 787 4878 911 4933; x_wconf 72' lang='lat' dir='ltr'><strong>qua:</strong></span> <span class='ocrx_word' id='word_1_678' title='bbox 960 4862 1015 4918; x_wconf 91' lang='lat' dir='ltr'><strong>in</strong></span> <span class='ocrx_word' id='word_1_679' title='bbox 1058 4862 1215 4920; x_wconf 65' lang='lat' dir='ltr'><strong>Ursae</strong></span> <span class='ocrx_word' id='word_1_680' title='bbox 1268 4860 1449 4916; x_wconf 86' lang='lat' dir='ltr'><strong>cauda</strong></span> <span class='ocrx_word' id='word_1_681' title='bbox 1498 4860 1604 4915; x_wconf 87' lang='lat' dir='ltr'><strong>sita</strong></span> <span class='ocrx_word' id='word_1_682' title='bbox 1640 4868 1750 4924; x_wconf 82' lang='lat' dir='ltr'><strong>est,</strong></span> <span class='ocrx_word' id='word_1_683' title='bbox 1802 4856 2020 4912; x_wconf 88' lang='lat' dir='ltr'><strong>stellam</strong></span> 
     </span>
    </p>
   </div>
   <div class='ocr_carea' id='block_1_96' title="bbox 433 4953 2021 5021">
    <p class='ocr_par' dir='ltr' id='par_1_96' title="bbox 433 4953 2021 5021">
     <span class='ocr_line' id='line_1_96' title="bbox 433 4953 2021 5021; baseline -0.008 -6"><span class='ocrx_word' id='word_1_684' title='bbox 433 4957 686 5014; x_wconf 90' lang='lat' dir='ltr'><strong>ultimam</strong></span> <span class='ocrx_word' id='word_1_685' title='bbox 733 4957 941 5011; x_wconf 87' lang='lat' dir='ltr'><strong>sensim</strong></span> <span class='ocrx_word' id='word_1_686' title='bbox 974 4958 1235 5021; x_wconf 84' lang='lat' dir='ltr'><strong>evadens,</strong></span> <span class='ocrx_word' id='word_1_687' title='bbox 1267 4954 1335 5009; x_wconf 92' lang='lat' dir='ltr'><strong>ad</strong></span> <span class='ocrx_word' id='word_1_688' title='bbox 1380 4953 1740 5011; x_wconf 81' lang='lat' dir='ltr'><strong>Occidentem</strong></span> <span class='ocrx_word' id='word_1_689' title='bbox 1792 4964 2021 5005; x_wconf 90' lang='lat' dir='ltr'><strong>cursum</strong></span> 
     </span>
    </p>
   </div>
   <div class='ocr_carea' id='block_1_97' title="bbox 432 5045 2021 5118">
    <p class='ocr_par' dir='ltr' id='par_1_97' title="bbox 432 5045 2021 5118">
     <span class='ocr_line' id='line_1_97' title="bbox 432 5045 2021 5118; baseline -0.008 -11"><span class='ocrx_word' id='word_1_690' title='bbox 432 5049 636 5107; x_wconf 90' lang='lat' dir='ltr'><strong>tenuit.</strong></span> <span class='ocrx_word' id='word_1_691' title='bbox 658 5049 957 5118; x_wconf 84' lang='lat' dir='ltr'><strong>Postquam</strong></span> <span class='ocrx_word' id='word_1_692' title='bbox 988 5058 1172 5103; x_wconf 87' lang='lat' dir='ltr'><strong>autem</strong></span> <span class='ocrx_word' id='word_1_693' title='bbox 1199 5047 1402 5103; x_wconf 76' lang='lat' dir='ltr'><strong>ctelum</strong></span> <span class='ocrx_word' id='word_1_694' title='bbox 1428 5057 1514 5101; x_wconf 88' lang='lat' dir='ltr'><strong>est</strong></span> <span class='ocrx_word' id='word_1_695' title='bbox 1538 5045 1849 5104; x_wconf 87' lang='lat' dir='ltr'><strong>dimensus,</strong></span> <span class='ocrx_word' id='word_1_696' title='bbox 1871 5050 2021 5097; x_wconf 91' lang='lat' dir='ltr'><strong>motu</strong></span> 
     </span>
    </p>
   </div>
   <div class='ocr_carea' id='block_1_98' title="bbox 433 5135 2023 5213">
    <p class='ocr_par' dir='ltr' id='par_1_98' title="bbox 433 5135 2023 5213">
     <span class='ocr_line' id='line_1_98' title="bbox 433 5135 2023 5213; baseline -0.005 -15"><span class='ocrx_word' id='word_1_697' title='bbox 433 5158 538 5199; x_wconf 86' lang='lat' dir='ltr'><strong>suo</strong></span> <span class='ocrx_word' id='word_1_698' title='bbox 566 5154 810 5213; x_wconf 86' lang='lat' dir='ltr'><strong>quatuor</strong></span> <span class='ocrx_word' id='word_1_699' title='bbox 842 5142 1128 5197; x_wconf 88' lang='lat' dir='ltr'><strong>mensibus</strong></span> <span class='ocrx_word' id='word_1_700' title='bbox 1157 5140 1381 5211; x_wconf 90' lang='lat' dir='ltr'><strong>longius</strong></span> <span class='ocrx_word' id='word_1_701' title='bbox 1410 5137 1682 5208; x_wconf 89' lang='lat' dir='ltr'><strong>perfecto,</strong></span> <span class='ocrx_word' id='word_1_702' title='bbox 1725 5135 2023 5206; x_wconf 87' lang='lat' dir='ltr'><strong>disparuit.</strong></span> 
     </span>
    </p>
   </div>
   <div class='ocr_carea' id='block_1_99' title="bbox 434 5232 2025 5307">
    <p class='ocr_par' dir='ltr' id='par_1_99' title="bbox 434 5232 2025 5307">
     <span class='ocr_line' id='line_1_99' title="bbox 434 5232 2025 5307; baseline -0.005 -17"><span class='ocrx_word' id='word_1_703' title='bbox 434 5235 637 5290; x_wconf 80' lang='lat' dir='ltr'><strong>Vertex</strong></span> <span class='ocrx_word' id='word_1_704' title='bbox 664 5235 787 5307; x_wconf 87' lang='lat' dir='ltr'><strong>ejus</strong></span> <span class='ocrx_word' id='word_1_705' title='bbox 817 5233 1119 5306; x_wconf 88' lang='lat' dir='ltr'><strong>aliquando</strong></span> <span class='ocrx_word' id='word_1_706' title='bbox 1145 5232 1374 5303; x_wconf 89' lang='lat' dir='ltr'><strong>quidem</strong></span> <span class='ocrx_word' id='word_1_707' title='bbox 1417 5233 1471 5285; x_wconf 90' lang='lat' dir='ltr'><strong>in</strong></span> <span class='ocrx_word' id='word_1_708' title='bbox 1519 5245 1774 5301; x_wconf 87' lang='lat' dir='ltr'><strong>magnam</strong></span> <span class='ocrx_word' id='word_1_709' title='bbox 1805 5241 1863 5285; x_wconf 91' lang='lat' dir='ltr'><strong>et</strong></span> <span class='ocrx_word' id='word_1_710' title='bbox 1894 5244 2025 5284; x_wconf 81' lang='lat' dir='ltr'><strong>acu-</strong></span> 
     </span>
    </p>
   </div>
   <div class='ocr_carea' id='block_1_100' title="bbox 435 5322 2026 5400">
    <p class='ocr_par' dir='ltr' id='par_1_100' title="bbox 435 5322 2026 5400">
     <span class='ocr_line' id='line_1_100' title="bbox 435 5322 2026 5400; baseline -0.004 -16"><span class='ocrx_word' id='word_1_711' title='bbox 435 5339 549 5385; x_wconf 86' lang='lat' dir='ltr'><strong>tam</strong></span> <span class='ocrx_word' id='word_1_712' title='bbox 583 5328 992 5400; x_wconf 80' lang='lat' dir='ltr'><strong>longitudinem</strong></span> <span class='ocrx_word' id='word_1_713' title='bbox 1027 5328 1188 5392; x_wconf 88' lang='lat' dir='ltr'><strong>abiit,</strong></span> <span class='ocrx_word' id='word_1_714' title='bbox 1232 5333 1295 5380; x_wconf 92' lang='lat' dir='ltr'><strong>ut</strong></span> <span class='ocrx_word' id='word_1_715' title='bbox 1317 5324 1441 5379; x_wconf 87' lang='lat' dir='ltr'><strong>coni</strong></span> <span class='ocrx_word' id='word_1_716' title='bbox 1482 5322 1754 5379; x_wconf 85' lang='lat' dir='ltr'><strong>rationem</strong></span> <span class='ocrx_word' id='word_1_717' title='bbox 1787 5322 2026 5379; x_wconf 80' lang='lat' dir='ltr'><strong>excede-</strong></span> 
     </span>
    </p>
   </div>
   <div class='ocr_carea' id='block_1_101' title="bbox 436 5416 2028 5493">
    <p class='ocr_par' dir='ltr' id='par_1_101' title="bbox 436 5416 2028 5493">
     <span class='ocr_line' id='line_1_101' title="bbox 436 5416 2028 5493; baseline -0.006 -14"><span class='ocrx_word' id='word_1_718' title='bbox 436 5432 523 5479; x_wconf 88' lang='lat' dir='ltr'><strong>ret</strong></span> <span class='ocrx_word' id='word_1_719' title='bbox 552 5439 567 5477; x_wconf 89' lang='lat'><strong>:</strong></span> <span class='ocrx_word' id='word_1_720' title='bbox 601 5437 1006 5493; x_wconf 82' lang='lat' dir='ltr'><strong>nonnunquam</strong></span> <span class='ocrx_word' id='word_1_721' title='bbox 1034 5430 1221 5475; x_wconf 88' lang='lat' dir='ltr'><strong>autem</strong></span> <span class='ocrx_word' id='word_1_722' title='bbox 1254 5418 1321 5473; x_wconf 87' lang='lat' dir='ltr'><strong>ad</strong></span> <span class='ocrx_word' id='word_1_723' title='bbox 1367 5431 1685 5471; x_wconf 88' lang='lat' dir='ltr'><strong>mensuram</strong></span> <span class='ocrx_word' id='word_1_724' title='bbox 1719 5416 1869 5472; x_wconf 87' lang='lat' dir='ltr'><strong>illius</strong></span> <span class='ocrx_word' id='word_1_725' title='bbox 1896 5431 2028 5472; x_wconf 89' lang='lat' dir='ltr'><strong>con-</strong></span> 
     </span>
    </p>
   </div>
   <div class='ocr_carea' id='block_1_102' title="bbox 439 5512 2028 5585">
    <p class='ocr_par' dir='ltr' id='par_1_102' title="bbox 439 5512 2028 5585">
     <span class='ocr_line' id='line_1_102' title="bbox 439 5512 2028 5585; baseline -0.003 -12"><span class='ocrx_word' id='word_1_726' title='bbox 439 5526 657 5576; x_wconf 79' lang='lat' dir='ltr'><strong>tractus</strong></span> <span class='ocrx_word' id='word_1_727' title='bbox 726 5526 832 5574; x_wconf 89' lang='lat' dir='ltr'><strong>est.</strong></span> <span class='ocrx_word' id='word_1_728' title='bbox 913 5516 1039 5570; x_wconf 87' lang='lat' dir='ltr'><strong>Alia</strong></span> <span class='ocrx_word' id='word_1_729' title='bbox 1111 5527 1336 5584; x_wconf 89' lang='lat' dir='ltr'><strong>quoque</strong></span> <span class='ocrx_word' id='word_1_730' title='bbox 1406 5522 1719 5568; x_wconf 89' lang='lat' dir='ltr'><strong>monstrosa</strong></span> <span class='ocrx_word' id='word_1_731' title='bbox 1786 5512 2028 5585; x_wconf 66' lang='lat' dir='ltr'><strong>praebuit</strong></span> 
     </span>
    </p>
   </div>
   <div class='ocr_carea' id='block_1_103' title="bbox 2132 4663 3707 4749">
    <p class='ocr_par' dir='ltr' id='par_1_103' title="bbox 2132 4663 3707 4749">
     <span class='ocr_line' id='line_1_103' title="bbox 2132 4663 3707 4749; baseline -0.014 -14"><span class='ocrx_word' id='word_1_732' title='bbox 2132 4680 2274 4735; x_wconf 83' lang='grc' dir='ltr'><strong>κατὰ</strong></span> <span class='ocrx_word' id='word_1_733' title='bbox 2307 4680 2407 4749; x_wconf 83' lang='grc' dir='ltr'><strong>τῆς</strong></span> <span class='ocrx_word' id='word_1_734' title='bbox 2436 4677 2600 4747; x_wconf 82' lang='grc' dir='ltr'><strong>οὐρᾶς</strong></span> <span class='ocrx_word' id='word_1_735' title='bbox 2628 4674 2836 4744; x_wconf 78' lang='grc' dir='ltr'><strong>ἄρκτου</strong></span> <span class='ocrx_word' id='word_1_736' title='bbox 2868 4668 3204 4738; x_wconf 85' lang='grc' dir='ltr'><strong>τεταγμένον</strong></span> <span class='ocrx_word' id='word_1_737' title='bbox 3223 4668 3452 4737; x_wconf 76' lang='grc' dir='ltr'><strong>ἔσχατον</strong></span> <span class='ocrx_word' id='word_1_738' title='bbox 3483 4663 3707 4732; x_wconf 83' lang='grc' dir='ltr'><strong>ἀστέρα,</strong></span> 
     </span>
    </p>
   </div>
   <div class='ocr_carea' id='block_1_104' title="bbox 2133 4753 3711 4840">
    <p class='ocr_par' dir='ltr' id='par_1_104' title="bbox 2133 4753 3711 4840">
     <span class='ocr_line' id='line_1_104' title="bbox 2133 4753 3711 4840; baseline -0.013 -12"><span class='ocrx_word' id='word_1_739' title='bbox 2133 4768 2524 4840; x_wconf 79' lang='grc' dir='ltr'><strong>ὑπερενεγκὼν</strong></span> <span class='ocrx_word' id='word_1_740' title='bbox 2598 4767 2789 4836; x_wconf 77' lang='grc' dir='ltr'><strong>ἠρέμα</strong></span> <span class='ocrx_word' id='word_1_741' title='bbox 2853 4761 3155 4834; x_wconf 74' lang='grc' dir='ltr'><strong>προύϐαινε</strong></span> <span class='ocrx_word' id='word_1_742' title='bbox 3198 4758 3567 4830; x_wconf 73' lang='grc' dir='ltr'><strong>πορευόμενος</strong></span> <span class='ocrx_word' id='word_1_743' title='bbox 3619 4753 3711 4808; x_wconf 74' lang='grc' dir='ltr'><strong>ἐπὶ</strong></span> 
     </span>
    </p>
   </div>
   <div class='ocr_carea' id='block_1_105' title="bbox 2132 4841 3709 4934">
    <p class='ocr_par' dir='ltr' id='par_1_105' title="bbox 2132 4841 3709 4934">
     <span class='ocr_line' id='line_1_105' title="bbox 2132 4841 3709 4934; baseline -0.014 -15"><span class='ocrx_word' id='word_1_744' title='bbox 2132 4864 2371 4934; x_wconf 86' lang='grc' dir='ltr'><strong>δυσμάς.</strong></span> <span class='ocrx_word' id='word_1_745' title='bbox 2414 4858 2572 4916; x_wconf 77' lang='grc' dir='ltr'><strong>Ἐπεὶ</strong></span> <span class='ocrx_word' id='word_1_746' title='bbox 2597 4859 2653 4914; x_wconf 80' lang='grc' dir='ltr'><strong>δὲ</strong></span> <span class='ocrx_word' id='word_1_747' title='bbox 2675 4857 2954 4927; x_wconf 86' lang='grc' dir='ltr'><strong>διεμέτρει</strong></span> <span class='ocrx_word' id='word_1_748' title='bbox 2985 4858 3079 4907; x_wconf 79' lang='grc' dir='ltr'><strong>τὸν</strong></span> <span class='ocrx_word' id='word_1_749' title='bbox 3094 4853 3346 4924; x_wconf 83' lang='grc' dir='ltr'><strong>οὐρανὸν,</strong></span> <span class='ocrx_word' id='word_1_750' title='bbox 3384 4849 3591 4916; x_wconf 77' lang='grc' dir='ltr'><strong>ἀφανὴς</strong></span> <span class='ocrx_word' id='word_1_751' title='bbox 3620 4841 3709 4916; x_wconf 76' lang='grc' dir='ltr'><strong>ἦν,</strong></span> 
     </span>
    </p>
   </div>
   <div class='ocr_carea' id='block_1_106' title="bbox 2133 4939 3763 5022">
    <p class='ocr_par' dir='ltr' id='par_1_106' title="bbox 2133 4939 3763 5022">
     <span class='ocr_line' id='line_1_106' title="bbox 2133 4939 3763 5022; baseline -0.013 -11"><span class='ocrx_word' id='word_1_752' title='bbox 2133 4958 2359 5017; x_wconf 85' lang='grc' dir='ltr'><strong>πλείους</strong></span> <span class='ocrx_word' id='word_1_753' title='bbox 2389 4953 2681 5022; x_wconf 84' lang='grc' dir='ltr'><strong>τεσσάρων</strong></span> <span class='ocrx_word' id='word_1_754' title='bbox 2732 4948 2921 5020; x_wconf 85' lang='grc' dir='ltr'><strong>μηνῶν</strong></span> <span class='ocrx_word' id='word_1_755' title='bbox 2978 4944 3368 5013; x_wconf 81' lang='grc' dir='ltr'><strong>ἐξανυσθείσης</strong></span> <span class='ocrx_word' id='word_1_756' title='bbox 3414 4940 3563 5012; x_wconf 86' lang='grc' dir='ltr'><strong>αύτῷ</strong></span> <span class='ocrx_word' id='word_1_757' title='bbox 3610 4939 3711 5007; x_wconf 72' lang='grc' dir='ltr'><strong>τῆς</strong></span> <span class='ocrx_word' id='word_1_758' title='bbox 3758 4967 3763 4970; x_wconf 92' lang='grc'><strong>-</strong></span> 
     </span>
    </p>
   </div>
   <div class='ocr_carea' id='block_1_107' title="bbox 2136 5035 3712 5121">
    <p class='ocr_par' dir='ltr' id='par_1_107' title="bbox 2136 5035 3712 5121">
     <span class='ocr_line' id='line_1_107' title="bbox 2136 5035 3712 5121; baseline -0.011 -18"><span class='ocrx_word' id='word_1_759' title='bbox 2136 5049 2385 5121; x_wconf 79' lang='grc' dir='ltr'><strong>πορείας.</strong></span> <span class='ocrx_word' id='word_1_760' title='bbox 2426 5047 2493 5101; x_wconf 86' lang='grc' dir='ltr'><strong>Ἦ</strong></span> <span class='ocrx_word' id='word_1_761' title='bbox 2524 5046 2582 5100; x_wconf 84' lang='grc' dir='ltr'><strong>δὲ</strong></span> <span class='ocrx_word' id='word_1_762' title='bbox 2605 5042 2822 5115; x_wconf 78' lang='grc' dir='ltr'><strong>κορυφή</strong></span> <span class='ocrx_word' id='word_1_763' title='bbox 2879 5039 2976 5094; x_wconf 85' lang='grc' dir='ltr'><strong>τοῦ</strong></span> <span class='ocrx_word' id='word_1_764' title='bbox 3030 5040 3272 5110; x_wconf 83' lang='grc' dir='ltr'><strong>φέγγους</strong></span> <span class='ocrx_word' id='word_1_765' title='bbox 3329 5036 3424 5090; x_wconf 84' lang='grc' dir='ltr'><strong>νῦν</strong></span> <span class='ocrx_word' id='word_1_766' title='bbox 3480 5035 3578 5105; x_wconf 80' lang='grc' dir='ltr'><strong>μὲν</strong></span> <span class='ocrx_word' id='word_1_767' title='bbox 3634 5035 3712 5093; x_wconf 70' lang='grc' dir='ltr'><strong>εἰς</strong></span> 
     </span>
    </p>
   </div>
   <div class='ocr_carea' id='block_1_108' title="bbox 2137 5125 3712 5214">
    <p class='ocr_par' dir='ltr' id='par_1_108' title="bbox 2137 5125 3712 5214">
     <span class='ocr_line' id='line_1_108' title="bbox 2137 5125 3712 5214; baseline -0.012 -18"><span class='ocrx_word' id='word_1_768' title='bbox 2137 5145 2317 5214; x_wconf 84' lang='grc' dir='ltr'><strong>μῆκος</strong></span> <span class='ocrx_word' id='word_1_769' title='bbox 2350 5139 2495 5210; x_wconf 85' lang='grc' dir='ltr'><strong>μέγα</strong></span> <span class='ocrx_word' id='word_1_770' title='bbox 2523 5136 2785 5202; x_wconf 80' lang='grc' dir='ltr'><strong>ώξύνετο,</strong></span> <span class='ocrx_word' id='word_1_771' title='bbox 2822 5136 2899 5198; x_wconf 84' lang='grc' dir='ltr'><strong>ὡς</strong></span> <span class='ocrx_word' id='word_1_772' title='bbox 2924 5133 3201 5188; x_wconf 79' lang='grc' dir='ltr'><strong>ἐκϐαίνειν</strong></span> <span class='ocrx_word' id='word_1_773' title='bbox 3229 5132 3359 5194; x_wconf 74' lang='grc' dir='ltr'><strong>τοὺς</strong></span> <span class='ocrx_word' id='word_1_774' title='bbox 3406 5126 3502 5181; x_wconf 80' lang='grc' dir='ltr'><strong>τοῦ</strong></span> <span class='ocrx_word' id='word_1_775' title='bbox 3535 5125 3712 5179; x_wconf 79' lang='grc' dir='ltr'><strong>κώνου</strong></span> 
     </span>
    </p>
   </div>
   <div class='ocr_carea' id='block_1_109' title="bbox 2133 5219 3711 5305">
    <p class='ocr_par' dir='ltr' id='par_1_109' title="bbox 2133 5219 3711 5305">
     <span class='ocr_line' id='line_1_109' title="bbox 2133 5219 3711 5305; baseline -0.014 -15"><span class='ocrx_word' id='word_1_776' title='bbox 2133 5238 2346 5305; x_wconf 85' lang='grc' dir='ltr'><strong>λόγους,</strong></span> <span class='ocrx_word' id='word_1_777' title='bbox 2372 5234 2467 5287; x_wconf 82' lang='grc' dir='ltr'><strong>νῦν</strong></span> <span class='ocrx_word' id='word_1_778' title='bbox 2498 5231 2552 5284; x_wconf 81' lang='grc' dir='ltr'><strong>δὲ</strong></span> <span class='ocrx_word' id='word_1_779' title='bbox 2576 5230 2712 5302; x_wconf 82' lang='grc' dir='ltr'><strong>πρὸς</strong></span> <span class='ocrx_word' id='word_1_780' title='bbox 2733 5229 2794 5282; x_wconf 78' lang='grc' dir='ltr'><strong>τὸ</strong></span> <span class='ocrx_word' id='word_1_781' title='bbox 2815 5227 3030 5282; x_wconf 87' lang='grc' dir='ltr'><strong>ἐκείνου</strong></span> <span class='ocrx_word' id='word_1_782' title='bbox 3078 5223 3461 5279; x_wconf 83' lang='grc' dir='ltr'><strong>συνεστέλλετο</strong></span> <span class='ocrx_word' id='word_1_783' title='bbox 3492 5219 3711 5305; x_wconf 81' lang='grc' dir='ltr'><strong>μέτρον.</strong></span> 
     </span>
    </p>
   </div>
   <div class='ocr_carea' id='block_1_110' title="bbox 2138 5304 3716 5390">
    <p class='ocr_par' dir='ltr' id='par_1_110' title="bbox 2138 5304 3716 5390">
     <span class='ocr_line' id='line_1_110' title="bbox 2138 5304 3716 5390; baseline -0.011 -12"><span class='ocrx_word' id='word_1_784' title='bbox 2138 5323 2310 5378; x_wconf 81' lang='grc' dir='ltr'><strong>Ἀλλα</strong></span> <span class='ocrx_word' id='word_1_785' title='bbox 2328 5321 2388 5374; x_wconf 79' lang='grc' dir='ltr'><strong>δὲ</strong></span> <span class='ocrx_word' id='word_1_786' title='bbox 2426 5320 2656 5390; x_wconf 68' lang='grc' dir='ltr'><strong>παρεῖχε</strong></span> <span class='ocrx_word' id='word_1_787' title='bbox 2691 5315 2978 5388; x_wconf 87' lang='grc' dir='ltr'><strong>τερατώδη</strong></span> <span class='ocrx_word' id='word_1_788' title='bbox 3040 5313 3312 5383; x_wconf 83' lang='grc' dir='ltr'><strong>θεάματα,</strong></span> <span class='ocrx_word' id='word_1_789' title='bbox 3362 5307 3431 5363; x_wconf 82' lang='grc' dir='ltr'><strong>δι’</strong></span> <span class='ocrx_word' id='word_1_790' title='bbox 3479 5304 3554 5363; x_wconf 80' lang='grc' dir='ltr'><strong>ὧν</strong></span> <span class='ocrx_word' id='word_1_791' title='bbox 3618 5310 3716 5381; x_wconf 83' lang='grc' dir='ltr'><strong>τῆς</strong></span> 
     </span>
    </p>
   </div>
   <div class='ocr_carea' id='block_1_111' title="bbox 2134 5396 3718 5483">
    <p class='ocr_par' dir='ltr' id='par_1_111' title="bbox 2134 5396 3718 5483">
     <span class='ocr_line' id='line_1_111' title="bbox 2134 5396 3718 5483; baseline -0.009 -13"><span class='ocrx_word' id='word_1_792' title='bbox 2134 5416 2243 5471; x_wconf 89' lang='grc' dir='ltr'><strong>τῶν</strong></span> <span class='ocrx_word' id='word_1_793' title='bbox 2279 5414 2530 5483; x_wconf 82' lang='grc' dir='ltr'><strong>συνήθων</strong></span> <span class='ocrx_word' id='word_1_794' title='bbox 2571 5396 2876 5480; x_wconf 81' lang='grc' dir='ltr'><strong>φασμάτων</strong></span> <span class='ocrx_word' id='word_1_795' title='bbox 2912 5407 3273 5479; x_wconf 78' lang='grc' dir='ltr'><strong>ἐξηλλάττετο</strong></span> <span class='ocrx_word' id='word_1_796' title='bbox 3301 5404 3536 5474; x_wconf 81' lang='grc' dir='ltr'><strong>φύσεως.</strong></span> <span class='ocrx_word' id='word_1_797' title='bbox 3582 5403 3718 5475; x_wconf 85' lang='grc' dir='ltr'><strong>Ἤρ-</strong></span> 
     </span>
    </p>
   </div>
   <div class='ocr_carea' id='block_1_112' title="bbox 2138 5496 3717 5575">
    <p class='ocr_par' dir='ltr' id='par_1_112' title="bbox 2138 5496 3717 5575">
     <span class='ocr_line' id='line_1_112' title="bbox 2138 5496 3717 5575; baseline -0.008 -14"><span class='ocrx_word' id='word_1_798' title='bbox 2138 5506 2268 5573; x_wconf 80' lang='grc' dir='ltr'><strong>ξατο</strong></span> <span class='ocrx_word' id='word_1_799' title='bbox 2289 5506 2344 5559; x_wconf 78' lang='grc' dir='ltr'><strong>δὲ</strong></span> <span class='ocrx_word' id='word_1_800' title='bbox 2380 5504 2491 5559; x_wconf 79' lang='grc' dir='ltr'><strong>ἀπὸ</strong></span> <span class='ocrx_word' id='word_1_801' title='bbox 2524 5507 2692 5575; x_wconf 83' lang='grc' dir='ltr'><strong>μέσου</strong></span> <span class='ocrx_word' id='word_1_802' title='bbox 2730 5502 2925 5571; x_wconf 88' lang='grc' dir='ltr'><strong>θέρους</strong></span> <span class='ocrx_word' id='word_1_803' title='bbox 2951 5500 3137 5571; x_wconf 78' lang='grc' dir='ltr'><strong>σχεδόν</strong></span> <span class='ocrx_word' id='word_1_804' title='bbox 3167 5515 3219 5552; x_wconf 91' lang='grc' dir='ltr'><strong>τι</strong></span> <span class='ocrx_word' id='word_1_805' title='bbox 3273 5498 3436 5570; x_wconf 89' lang='grc' dir='ltr'><strong>μέχρι</strong></span> <span class='ocrx_word' id='word_1_806' title='bbox 3493 5496 3590 5566; x_wconf 82' lang='grc' dir='ltr'><strong>τῆς</strong></span> <span class='ocrx_word' id='word_1_807' title='bbox 3623 5498 3717 5550; x_wconf 85' lang='grc' dir='ltr'><strong>τοῦ</strong></span> 
     </span>
    </p>
   </div>
   <div class='ocr_carea' id='block_1_113' title="bbox 438 5593 2015 5679">
    <p class='ocr_par' dir='ltr' id='par_1_113' title="bbox 438 5602 2015 5679">
     <span class='ocr_line' id='line_1_113' title="bbox 438 5602 2015 5679; baseline -0.004 -17"><span class='ocrx_word' id='word_1_808' title='bbox 438 5608 782 5679; x_wconf 83' lang='lat' dir='ltr'><strong>spectacula,</strong></span> <span class='ocrx_word' id='word_1_809' title='bbox 815 5606 1027 5677; x_wconf 89' lang='lat' dir='ltr'><strong>quibus</strong></span> <span class='ocrx_word' id='word_1_810' title='bbox 1058 5619 1091 5658; x_wconf 88' lang='lat' dir='ltr'><strong>a</strong></span> <span class='ocrx_word' id='word_1_811' title='bbox 1134 5611 1335 5657; x_wconf 86' lang='lat' dir='ltr'><strong>natura</strong></span> <span class='ocrx_word' id='word_1_812' title='bbox 1377 5602 1669 5657; x_wconf 76' lang='lat' dir='ltr'><strong>solitarum</strong></span> <span class='ocrx_word' id='word_1_813' title='bbox 1730 5603 2015 5673; x_wconf 68' lang='lat' dir='ltr'><strong>apparitio</strong></span> 
     </span>
    </p>
   </div>
   <div class='ocr_carea' id='block_1_114' title="bbox 2120 5593 3716 5679">
    <p class='ocr_par' dir='ltr' id='par_1_114' title="bbox 2143 5593 3716 5674">
     <span class='ocr_line' id='line_1_114' title="bbox 2143 5593 3716 5674; baseline -0.01 -18"><span class='ocrx_word' id='word_1_814' title='bbox 2143 5599 2468 5674; x_wconf 81' lang='grc' dir='ltr'><strong>μετοπώρου</strong></span> <span class='ocrx_word' id='word_1_815' title='bbox 2504 5597 2785 5667; x_wconf 83' lang='grc' dir='ltr'><strong>τελευτῆς.</strong></span> <span class='ocrx_word' id='word_1_816' title='bbox 2819 5596 2928 5651; x_wconf 77' lang='grc' dir='ltr'><strong>Καὶ</strong></span> <span class='ocrx_word' id='word_1_817' title='bbox 2947 5595 3106 5649; x_wconf 81' lang='grc' dir='ltr'><strong>τοῦτο</strong></span> <span class='ocrx_word' id='word_1_818' title='bbox 3136 5593 3196 5647; x_wconf 86' lang='grc' dir='ltr'><strong>δέ</strong></span> <span class='ocrx_word' id='word_1_819' title='bbox 3246 5593 3354 5664; x_wconf 85' lang='grc' dir='ltr'><strong>ἄρα</strong></span> <span class='ocrx_word' id='word_1_820' title='bbox 3397 5593 3457 5646; x_wconf 70' lang='grc' dir='ltr'><strong>τὸ</strong></span> <span class='ocrx_word' id='word_1_821' title='bbox 3491 5593 3716 5662; x_wconf 85' lang='grc' dir='ltr'><strong>σημεῖον</strong></span> 
     </span>
    </p>
   </div>
   <div class='ocr_carea' id='block_1_115' title="bbox 439 5682 2015 5765">
    <p class='ocr_par' dir='ltr' id='par_1_115' title="bbox 439 5694 2015 5765">
     <span class='ocr_line' id='line_1_115' title="bbox 439 5694 2015 5765; baseline -0.005 -11"><span class='ocrx_word' id='word_1_822' title='bbox 439 5716 572 5757; x_wconf 88' lang='lat' dir='ltr'><strong>num</strong></span> <span class='ocrx_word' id='word_1_823' title='bbox 602 5699 883 5755; x_wconf 90' lang='lat' dir='ltr'><strong>discessit.</strong></span> <span class='ocrx_word' id='word_1_824' title='bbox 912 5694 1105 5752; x_wconf 81' lang='lat' dir='ltr'><strong>Videri</strong></span> <span class='ocrx_word' id='word_1_825' title='bbox 1133 5704 1319 5750; x_wconf 88' lang='lat' dir='ltr'><strong>autem</strong></span> <span class='ocrx_word' id='word_1_826' title='bbox 1341 5696 1512 5765; x_wconf 62' lang='lat' dir='ltr'><strong>cepit</strong></span> <span class='ocrx_word' id='word_1_827' title='bbox 1533 5695 1602 5749; x_wconf 89' lang='lat' dir='ltr'><strong>ab</strong></span> <span class='ocrx_word' id='word_1_828' title='bbox 1629 5704 1818 5750; x_wconf 61' lang='lat' dir='ltr'><strong>aestate</strong></span> <span class='ocrx_word' id='word_1_829' title='bbox 1844 5694 2015 5748; x_wconf 71' lang='lat' dir='ltr'><strong>media</strong></span> 
     </span>
    </p>
   </div>
   <div class='ocr_carea' id='block_1_116' title="bbox 2120 5682 3712 5765">
    <p class='ocr_par' dir='ltr' id='par_1_116' title="bbox 2142 5682 3712 5765">
     <span class='ocr_line' id='line_1_116' title="bbox 2142 5682 3712 5765; baseline -0.007 -18"><span class='ocrx_word' id='word_1_830' title='bbox 2142 5692 2395 5765; x_wconf 87' lang='grc' dir='ltr'><strong>μεγάλων</strong></span> <span class='ocrx_word' id='word_1_831' title='bbox 2427 5691 2683 5757; x_wconf 88' lang='grc' dir='ltr'><strong>πολέμων</strong></span> <span class='ocrx_word' id='word_1_832' title='bbox 2719 5689 2815 5742; x_wconf 71' lang='grc' dir='ltr'><strong>καὶ</strong></span> <span class='ocrx_word' id='word_1_833' title='bbox 2850 5689 3060 5759; x_wconf 85' lang='grc' dir='ltr'><strong>φθορᾶς</strong></span> <span class='ocrx_word' id='word_1_834' title='bbox 3106 5686 3416 5757; x_wconf 83' lang='grc' dir='ltr'><strong>ἀνθρώπων</strong></span> <span class='ocrx_word' id='word_1_835' title='bbox 3449 5684 3512 5739; x_wconf 88' lang='grc' dir='ltr'><strong>ού</strong></span> <span class='ocrx_word' id='word_1_836' title='bbox 3543 5682 3712 5755; x_wconf 80' lang='grc' dir='ltr'><strong>ῥητῆς</strong></span> 
     </span>
    </p>
   </div>
   <div class='ocr_carea' id='block_1_117' title="bbox 439 5778 2015 5861">
    <p class='ocr_par' dir='ltr' id='par_1_117' title="bbox 439 5786 2015 5861">
     <span class='ocr_line' id='line_1_117' title="bbox 439 5786 2015 5861; baseline -0.004 -16"><span class='ocrx_word' id='word_1_837' title='bbox 439 5790 558 5847; x_wconf 80' lang='lat' dir='ltr'><strong>fere</strong></span> <span class='ocrx_word' id='word_1_838' title='bbox 598 5806 774 5861; x_wconf 84' lang='lat' dir='ltr'><strong>usque</strong></span> <span class='ocrx_word' id='word_1_839' title='bbox 807 5788 876 5845; x_wconf 82' lang='lat' dir='ltr'><strong>ad</strong></span> <span class='ocrx_word' id='word_1_840' title='bbox 913 5788 1172 5844; x_wconf 86' lang='lat' dir='ltr'><strong>autumni</strong></span> <span class='ocrx_word' id='word_1_841' title='bbox 1223 5786 1413 5844; x_wconf 81' lang='lat' dir='ltr'><strong>finetn.</strong></span> <span class='ocrx_word' id='word_1_842' title='bbox 1468 5787 1523 5843; x_wconf 89' lang='lat' dir='ltr'><strong>Id</strong></span> <span class='ocrx_word' id='word_1_843' title='bbox 1573 5790 1755 5859; x_wconf 87' lang='lat' dir='ltr'><strong>ipsum</strong></span> <span class='ocrx_word' id='word_1_844' title='bbox 1805 5803 2015 5858; x_wconf 64' lang='lat' dir='ltr'><strong>quoque</strong></span> 
     </span>
    </p>
   </div>
   <div class='ocr_carea' id='block_1_118' title="bbox 2120 5778 3717 5861">
    <p class='ocr_par' dir='ltr' id='par_1_118' title="bbox 2141 5778 3717 5857">
     <span class='ocr_line' id='line_1_118' title="bbox 2141 5778 3717 5857; baseline -0.008 -17"><span class='ocrx_word' id='word_1_845' title='bbox 2141 5786 2432 5857; x_wconf 62' lang='grc' dir='ltr'><strong>σύμϐολον.</strong></span> <span class='ocrx_word' id='word_1_846' title='bbox 2478 5783 2705 5852; x_wconf 79' lang='grc' dir='ltr'><strong>Ἐφεξῆς</strong></span> <span class='ocrx_word' id='word_1_847' title='bbox 2751 5783 2809 5834; x_wconf 79' lang='grc' dir='ltr'><strong>δὲ</strong></span> <span class='ocrx_word' id='word_1_848' title='bbox 2863 5783 3082 5851; x_wconf 70' lang='grc' dir='ltr'><strong>σεισμοὶ</strong></span> <span class='ocrx_word' id='word_1_849' title='bbox 3133 5780 3390 5849; x_wconf 72' lang='grc' dir='ltr'><strong>ἣρξαντο,</strong></span> <span class='ocrx_word' id='word_1_850' title='bbox 3430 5779 3491 5830; x_wconf 86' lang='grc' dir='ltr'><strong>οὐ</strong></span> <span class='ocrx_word' id='word_1_851' title='bbox 3551 5778 3717 5847; x_wconf 76' lang='grc' dir='ltr'><strong>ῥᾴους</strong></span> 
     </span>
    </p>
   </div>
   <div class='ocr_carea' id='block_1_119' title="bbox 441 5870 2015 5952">
    <p class='ocr_par' dir='ltr' id='par_1_119' title="bbox 441 5880 2015 5952">
     <span class='ocr_line' id='line_1_119' title="bbox 441 5880 2015 5952; baseline -0.003 -14"><span class='ocrx_word' id='word_1_852' title='bbox 441 5884 800 5952; x_wconf 87' lang='lat' dir='ltr'><strong>miraculum,</strong></span> <span class='ocrx_word' id='word_1_853' title='bbox 861 5880 1174 5952; x_wconf 86' lang='lat' dir='ltr'><strong>ingentium</strong></span> <span class='ocrx_word' id='word_1_854' title='bbox 1230 5881 1504 5940; x_wconf 81' lang='lat' dir='ltr'><strong>bellorum</strong></span> <span class='ocrx_word' id='word_1_855' title='bbox 1573 5893 1629 5939; x_wconf 91' lang='lat' dir='ltr'><strong>et</strong></span> <span class='ocrx_word' id='word_1_856' title='bbox 1680 5880 2015 5938; x_wconf 72' lang='lat' dir='ltr'><strong>incredibili:</strong></span> 
     </span>
    </p>
   </div>
   <div class='ocr_carea' id='block_1_120' title="bbox 2120 5870 3714 5952">
    <p class='ocr_par' dir='ltr' id='par_1_120' title="bbox 2138 5870 3714 5944">
     <span class='ocr_line' id='line_1_120' title="bbox 2138 5870 3714 5944; baseline -0.01 -9"><span class='ocrx_word' id='word_1_857' title='bbox 2138 5881 2293 5941; x_wconf 77' lang='grc' dir='ltr'><strong>ὄντες</strong></span> <span class='ocrx_word' id='word_1_858' title='bbox 2323 5878 2433 5941; x_wconf 83' lang='grc' dir='ltr'><strong>τοῖς</strong></span> <span class='ocrx_word' id='word_1_859' title='bbox 2462 5875 2797 5944; x_wconf 79' lang='grc' dir='ltr'><strong>προλαϐοῦσι</strong></span> <span class='ocrx_word' id='word_1_860' title='bbox 2834 5873 3197 5930; x_wconf 54' lang='grc' dir='ltr'><strong>παραϐαλεῖν.</strong></span> <span class='ocrx_word' id='word_1_861' title='bbox 3236 5874 3362 5938; x_wconf 85' lang='grc' dir='ltr'><strong>Τοῖς</strong></span> <span class='ocrx_word' id='word_1_862' title='bbox 3390 5873 3444 5927; x_wconf 84' lang='grc' dir='ltr'><strong>δέ</strong></span> <span class='ocrx_word' id='word_1_863' title='bbox 3474 5870 3714 5936; x_wconf 68' lang='grc' dir='ltr'><strong>σεισμιῖς</strong></span> 
     </span>
    </p>
   </div>
  </div>
