4044 6440
290 351 430 459 1049

1183 386 1785 452 ECCLESIASTICIE
1824 384 2212 449 HIs-roma;
2250 382 2399 444 us.
2433 336 2602 443 xm.

3424 364 3562 431 roso
3590 447 3596 453 υ

291 506 526 578 καὶπῦρ
554 504 851 577 οὒρανόθεν
872 505 1340 577 συγκαταρῤηγνύ
1349 522 1511 579 μενον
1563 505 1746 557 πᾶσαν
1797 501 1880 555 ὲλο

2011 502 2280 556 ιοηιίηυηι
2335 499 2593 554 interitus
2627 491 2893 549 indicium
2946 488 3072 545 fuit.
3122 485 3395 555 Deinceps
3424 499 3561 539 vero

289 601 421 655 πίδα
447 600 787 671 περιέκοπτε
821 598 1122 668 σωτηρίας.
1149 598 1298 667 Ιιλήν
1321 615 1385 666 γε
1431 596 1643 668 φθορὰν
1668 592 1878 663 ἀνθρώ-

291 712 411 749 πων
431 693 537 747 οὐκ
557 693 919 763 ἐνειργάσατο
937 707 954 724 ο
987 691 1106 745 ἀλλ’
1128 693 1160 761 ἡ
1189 690 1310 745 θεία
1333 691 1591 760 εὐμένεια
1654 687 1876 757 πνεῦμα

294 786 527 856 σφοδρὸν
547 784 805 838 καθιεϊσα
839 783 936 837 καὶ
974 783 1037 836 τδ
1077 781 1192 851 πῦρ
1224 781 1570 852 πανταχόθεν
1625 779 1880 849 περιελά-

296 896 458 942 σασα,
482 876 629 931 κατά
666 877 767 946 τῆς
820 874 1099 945 Θαλάσσης
1130 875 1428 946 ἀπέρριψε.
1476 872 1585 925 Καὶ
1637 867 1707 942 ἦν
1750 869 1879 923 ἰδεῖν

298 971 452 1036 ξένον
506 968 710 1039 θέαμα,
773 965 883 1019 τῶν
933 968 1197 1037 κυμάτων
1248 966 1343 1019 ἐπὶ
1382 965 1636 1019 πλεῖστον
1689 961 1878 1030 ὥσπερ

299 1058 462 1113 τινῶν
492 1057 805 1112 θαλασσίων
836 1056 1057 1127 χωρίων
1082 1055 1160 1121 τῷ
1192 1057 1328 1126 πυρὶ
1357 1052 1877 1123 καταφλεγομένων,

302 1153 431 1222 ἀχρι
458 1151 685 1213 τελείως
714 1150 775 1202 τὸ
819 1149 1022 1219 φλέγον
1060 1148 1140 1220 τῷ
1193 1147 1425 1217 πελάγει
1480 1143 1878 1212 ὲναπεσϐέσθη.

303 1244 427 1298 Τῶν
451 1244 507 1298 δὲ
528 1245 592 1315 δὴ
622 1242 888 1298 τοιούτων
948 1242 1191 1312 σεισμῶν
1230 1243 1371 1296 κατὰ
1427 1239 1600 1294 πολλὰ
1627 1240 1726 1309 τῆς
1779 1239 1883 1307 γῆς

302 1337 645 1406 γενομένων,
691 1334 961 1405 ὤφθησαν
1007 1334 1206 1404 ὀροφαὶ
1269 1332 1459 1387 οίκιῶν
1508 1328 1604 1384 ἀπ’
1638 1329 1885 1399 ἀλλήλων

308 1431 448 1500 μετά
474 1431 731 1500 μεγάλων
798 1429 1061 1497 πατάγων
1097 1429 1191 1481 καὶ
1229 1424 1539 1498 ἀρραγμῶν
1571 1423 1884 1486 διαστᾶσαι,

305 1523 381 1585 ὼς
417 1522 671 1586 καὶτοὺς
703 1519 854 1573 ἔνδον
888 1518 1314 1589 παρατυχόντας
1369 1518 1435 1587 τῇ
1465 1514 1587 1585 ὄψει
1626 1512 1888 1582 καθαρῶς

306 1615 402 1668 τὸν
445 1614 675 1685 οὐρανὸν
714 1611 1041 1667 ὑποϐάλλειν
1073 1625 1089 1641 ⁸
1141 1612 1236 1680 καὶ
1287 1610 1426 1680 μετὰ
1466 1610 1567 1679 τὴν
1618 1605 1890 1676 τοσαύτην

309 1709 616 1773 διάστασιν,
635 1707 779 1761 οὕτω
807 1707 969 1762 πάλιν
994 1705 1359 1777 άρμοσθεῖσαι
1389 1704 1484 1756 καὶ
1507 1700 1884 1771 συναφθεῖσαι,

1983 605 2332 652 terrarmotus
2360 608 2482 650 esse
2517 597 2830 657 coeperunt,
2865 586 2958 658 qui
2995 600 3105 640 non
3132 583 3292 638 facile
3320 594 3446 634 cum
3474 579 3559 634 eis

1981 691 2077 759 qui
2125 701 2284 744 antea
2325 688 2679 750 exstiterant,
2709 681 2949 738 conferri
2987 686 3233 748 possent.
3265 673 3402 730 Cum
3442 680 3561 726 ter-

1983 766 2304 835 rmtnotibus
2337 777 2483 847 ignis
2513 790 2761 846 quoque,
2788 771 2929 827 caelo
2959 767 3117 840 quasi
3161 774 3326 834 rupto
3368 761 3561 829 delap-

1985 890 2102 939 sus,
2131 873 2327 929 salutis
2356 887 2508 942 spem
2539 884 2760 923 omnem
2791 865 3065 936 praecidit,
3126 859 3338 916 cladem
3371 865 3554 911 tamen

1985 966 2310 1023 hominibus
2349 979 2457 1019 non
2492 963 2700 1017 intulit.
2750 961 2939 1015 Divina
2970 969 3210 1025 namque
3244 949 3560 1020 benignitas

1984 1071 2151 1116 vento
2206 1056 2524 1114 vehementi
2585 1054 2850 1116 demisso,
2907 1060 2963 1106 et
3014 1050 3138 1120 igne
3190 1046 3563 1112 undeqnaqne

1986 1155 2304 1225 provoluto,
2347 1151 2406 1220 in
2446 1165 2597 1205 mare
2636 1163 2762 1203 eum
2807 1144 3029 1215 abiecit.
3060 1140 3263 1196 Videre
3294 1147 3410 1192 tum
3441 1143 3565 1190 erat

1986 1246 2367 1318 spectaculum
2411 1256 2637 1307 novum,
2686 1240 2890 1293 ﬂuctus
2927 1237 3080 1305 ipsos
3125 1230 3357 1305 perinde
3398 1237 3565 1295 atque

1989 1339 2246 1410 regiones
2279 1334 2548 1406 quasdam
2582 1332 2830 1387 marinas
2862 1328 3160 1400 plurimum
3193 1322 3305 1391 igni
3343 1321 3564 1380 ardere,

1988 1430 2351 1502 quoadusque
2400 1426 2621 1480 ﬂamma
2676 1435 2907 1492 prorsus
2970 1419 3028 1473 in
3084 1415 3247 1470 undis
3291 1411 3562 1467 exstincta

1989 1531 2091 1580 est.
2129 1521 2267 1578 Cum
2303 1521 2357 1576 in
2394 1519 2583 1574 multis
2616 1525 2778 1570 terrae
2803 1513 2943 1570 locis
2974 1501 3114 1566 tanti
3145 1516 3336 1563 essent
3373 1514 3566 1558 terra:-

1990 1623 2196 1680 motus,
2247 1611 2528 1682 laquearia
2564 1617 2622 1664 et
2673 1616 2814 1664 tecta
2860 1604 3063 1660 aedium
3110 1617 3141 1655 a
3193 1614 3251 1654 se
3307 1595 3442 1666 ipsis
3494 1593 3572 1647 ita

1995 1722 2193 1779 magno
2224 1720 2350 1762 cum
2384 1703 2568 1760 sonitu
2604 1710 2660 1757 ct
2688 1701 2902 1770 fragore
2939 1694 3128 1750 dirimi
3174 1684 3293 1747 'visa
3326 1697 3478 1751 sunt,
3513 1697 3575 1741 ut

311 1800 387 1862 ὡς
418 1797 696 1869 μηδεμίαν
729 1795 989 1866 αἴσθησιν
1034 1798 1132 1849 τοῦ
1178 1793 1629 1864 νεωτερισθέντος
1701 1790 1892 1862 μηδενὶ

2011 1802 2091 1874 lui
2126 1782 2276 1855 intus
2326 1798 2382 1852 in
2435 1793 2698 1850 domibus
2731 1799 2914 1853 erant,
2945 1788 3091 1843 clare
3136 1784 3312 1839 oculis
3370 1781 3573 1836 coelum

314 1892 639 1961 παρασχεῖν.
674 1886 747 1941 Τὸ
778 1888 911 1942 αὐτὸ
940 1887 997 1941 δὲ
1023 1886 1182 1941 τοῦτο
1200 1885 1373 1950 πάθος
1398 1886 1493 1939 καὶ
1542 1903 1606 1937 πε
1620 1884 1674 1954 pl.
1733 1883 1893 1936 πλοῖα

314 1987 410 2040 καὶ
439 2002 504 2037 πε
516 1986 568 2053 pl.
591 1982 662 2036 τὰ
689 1981 798 2036 τῶν
829 1982 1019 2036 οἰκιῶν
1052 1981 1227 2050 ἐδάφη
1259 1978 1527 2047 πολλαχοῦ
1554 1974 1857 2046 συνηνέχθη
1877 1988 1892 2003 ο

319 2081 414 2132 καὶ
441 2078 551 2146 γάρ
580 2092 726 2138 τινες
757 2076 864 2127 τῶν
900 2074 1199 2127 σιτοϐόλων
1225 2073 1352 2135 τοὺς
1403 2070 1652 2124 κάτωθεν
1685 2065 1897 2120 οἰκοῦν-

316 2189 416 2233 τας
442 2170 774 2236 ἀπέπνιξαν,
811 2168 904 2221 τὸν
953 2170 1101 2220 σῖτον
1153 2165 1340 2229 αὐτοῖς
1390 2163 1591 2234 ἀθρόον
1645 2161 1736 2214 διὰ
1788 2159 1901 2212 τῶν

201 2327 209 2333 ,
319 2266 510 2319 πάτων
536 2264 893 2334 ὲπιχεάμενοι
923 2278 939 2294 ο
974 2260 1069 2314 καὶ
1124 2259 1285 2313 πάλιν
1318 2259 1492 2321 οὕτως
1524 2256 1799 2326 παρέσχον
1841 2253 1902 2306 τὸ

323 2360 522 2428 ἔδαφος
565 2356 938 2427 ἡρμοσμένον,
966 2355 1041 2416 ὡς
1071 2353 1361 2423 ἐξαπορεῖν
1389 2350 1633 2412 ἅπαντας
1681 2349 1845 2401 πόθεν
1874 2349 1904 2399 ὁ

328 2453 524 2523 φονεὺς
562 2449 815 2520 ἀπερρύη
843 2451 992 2511 σῖτος
1026 2450 1258 2507 ἐκεῖνος.
1294 2446 1403 2500 Kal.
1428 2443 1564 2497 ἄλλα
1587 2443 1644 2496 δὲ
1667 2441 1907 2495 τοιουτό-

325 2563 506 2617 τροπα
528 2543 676 2613 πάθη
705 2540 1009 2612 τηνικαῦτα
1055 2536 1391 2608 ὲνεοχμώθη,
1458 2536 1770 2597 δεικνύντα,
1830 2533 1905 2602 μὴ

330 2640 535 2708 φυσικῇ
567 2654 673 2689 τινι
696 2634 872 2687 ταῦτα
917 2632 1204 2702 προελθεῖν
1241 2629 1554 2698 ἀκολουθίᾳ,
1603 2629 1678 2691 ὡς
1719 2627 1910 2697 Ἐλλή-

326 2745 435 2786 νων
483 2729 676 2792 παῖδες
725 2724 1028 2797 ληροῦσιν,
1078 2724 1215 2778 ἀλλὰ
1277 2721 1427 2784 θείας
1477 2720 1911 2790 ἀγανακτήσεως

330 2827 600 2893 μάστιγας
629 2819 999 2889 ἐπαφεθῆναι.
1040 2816 1144 2872 Kal.
1171 2816 1347 2871 ταῦτα
1396 2816 1453 2870 δὲ
1501 2814 1579 2885 τῷ
1609 2814 1732 2868 τότε
1770 2830 1910 2884 συμο

330 2915 494 2986 ϐῆναι
524 2915 638 2978 τοῖς
690 2911 906 2974 πολλοῖς
965 2910 1139 2963 ἐδόκει
1169 2908 1593 2980 χαλεπαίνοντος
1621 2905 1717 2959 τοῦ
1776 2904 1912 2958 Θεοῦ

329 3008 417 3062 διὰ
444 3007 541 3076 τὴν
568 2992 649 3068 είς
678 3005 773 3058 τὸν
801 3003 1060 3073 μέγιστον
1109 3001 1379 3071 φωστῆρα
1418 3000 1673 3069 Ἰωάννην
1696 3015 1914 3069 προφα-

299 3101 302 3105 ’
331 3102 398 3168 νῆ
430 3099 668 3155 ἀδικίαν.
697 3098 809 3151 Καὶ
839 3098 949 3167 γὰρ
977 3096 1043 3166 δὴ
1072 3098 1167 3148 καὶ
1205 3093 1307 3165 τὴν
1350 3093 1445 3146 τοῦ
1497 3092 1766 3163 βασιλέως
1816 3108 1917 3159 γα-

337 3192 507 3265 μετὴν
580 3186 841 3255 Εύδοξίαν
915 3186 1221 3258 τηνικαῦτα
1296 3185 1498 3255 συνέϐη
1576 3182 1910 3248 ἀποὸιῶναι,

336 3284 636 3352 σκωλήκων
684 3280 992 3350 γενομένην
1037 3277 1327 3347 ἀνάλωμα.
1356 3278 1468 3330 Καὶ
1517 3274 1615 3346 τὴν
1666 3274 1918 3343 λάρνακα

336 3373 648 3430 κλονεῖσθαι
676 3373 807 3444 ὁρᾷν
838 3368 907 3442 ἦν
940 3365 974 3446 ᾖ
1009 3369 1319 3433 ὑπετίθετο,
1350 3370 1441 3420 τὸν
1470 3366 1538 3421 δι’
1571 3367 1738 3436 αὐτῆς
1765 3365 1920 3433 γενό-

342 3485 507 3538 μενον
564 3469 634 3539 τῇ
706 3465 1008 3534 Ἐκκλησία
1061 3463 1252 3517 κλόνον
1321 3460 1695 3533 αἰνιττομένου
1755 3458 1919 3512 Θεοῦ.

340 3562 501 3618 Μετά
560 3561 756 3632 μικρὸν
824 3559 882 3614 δὲ
939 3557 1036 3612 καὶ
1086 3556 1348 3625 Θεόφιλος
1406 3555 1546 3626 νόσῳ
1606 3551 1922 3624 περιπεσὼν

344 3654 646 3724 πλευρίτιδι
700 3653 992 3725 διεφθάρη.
1043 3652 1151 3705 Kal.
1188 3650 1503 3721 Ἀρσάκιος,
1553 3647 1627 3711 ὦς
1664 3666 1752 3717 μοι
1786 3664 1923 3717 προς

343 3751 585 3822 είρηται,
613 3749 675 3802 οὗ
718 3749 862 3801 πάνυ
911 3747 1102 3817 πόρρω
1158 3745 1451 3814 ἀπηλλάγη
1499 3743 1592 3796 τοῦ
1645 3743 1768 3814 ζῇν.
1816 3743 1927 3796 Καὶ

347 3846 584 3914 Κυρῖνος
611 3843 640 3895 ὁ
668 3840 1013 3909 Χαλκηδόνος
1040 3840 1098 3905 ἐξ
1118 3833 1185 3910 ἦς
1205 3839 1335 3908 περὶ
1356 3837 1445 3892 τὸν
1473 3838 1611 3891 πόδα
1636 3836 1929 3906 συμφορᾶς

346 3937 697 4008 περιέπεσεν,
752 3933 1019 4006 ἑκάτερον
1087 3931 1278 3995 σκέλος
1346 3929 1620 4003 πρισθεὶς,
1682 3928 1930 3992 ἐλεεινῶς

349 4029 566 4084 ἀπεύίω
596 4045 610 4059 ο
649 4027 744 4081 καὶ
778 4025 935 4081 ἄλλοι
959 4026 1136 4088 ἄλλως
1162 4040 1176 4054 ’
1225 4025 1503 4094 Ἀντίοχος
1529 4023 1625 4077 καλ⁵
1654 4023 1929 4096 Σευηρια-

347 4127 458 4188 νὸς,
489 4124 586 4177 καὶ
607 4122 656 4177 οἳ
685 4122 815 4192 περὶ
837 4118 1036 4181 αὐτοὺς
1097 4117 1284 4180 κακῶς
1303 4117 1364 4170 τὸ
1402 4117 1503 4188 ζῇν
1534 4116 1931 4188 ἐξεμέτρησαν,

351 4212 544 4285 ποινὴν
579 4210 1046 4281 είσπραττομὲνου
1077 4208 1214 4260 Θεοῦ
1250 4207 1347 4276 τῆς
1378 4205 1587 4272 ἀδίκου,
1652 4207 1788 4276 (paul
1826 4204 1936 4259 τῶν

353 4306 515 4377 ἱερῶν
549 4304 909 4374 ἐξορχήσεως.
955 4300 1047 4363 Ἐξ
1086 4298 1396 4370 ἀνθρώπων
1420 4299 1477 4352 δὲ
1509 4300 1605 4351 καὶ
1627 4301 1653 4351 ὁ
1682 4297 1937 4367 βασιλεὺς

365 4397 649 4467 Ἀρκάδιος
713 4394 957 4463 ἐγεγόνει
1012 4393 1150 4463 μετά
1220 4389 1414 4460 βραχύ.
1491 4386 1634 4441 Ἀλλ’
1689 4390 1783 4442 ὲπὶ
1839 4386 1938 4459 τὴν

1996 1894 2407 1965 conspicerent.
2446 1884 2516 1945 Et
2560 1894 2683 1957 post
2726 1882 2997 1957 ejusmodi
3032 1889 3318 1950 rupturatn
3349 1878 3423 1929 ita
3453 1891 3578 1929 rur—

1999 2004 2122 2045 sum
2160 1994 2290 2042 sunt
2325 1986 2474 2038 inter
2506 1997 2563 2036 se
2596 1988 2726 2049 apte
2759 1976 3079 2046 conjuncta,
3111 1980 3173 2025 ut
3205 1968 3418 2025 nemini
3464 1974 3575 2020 tam

1997 2098 2156 2138 nova:
2181 2079 2259 2135 rei
2287 2074 2745 2147 signiﬁcationem
2784 2071 3028 2138 aliquam
3064 2064 3394 2135 praeberent.
3428 2060 3576 2115 Idem

2000 2175 2167 2230 etiam
2218 2171 2274 2225 in
2318 2168 2554 2224 navibus
2584 2174 2641 2220 et
2670 2163 2960 2218 domorum
2996 2154 3351 2228 pavimentis,
3388 2153 3581 2207 multis

2003 2271 2059 2322 in
2117 2264 2256 2318 locis
2304 2259 2528 2315 accidit.
2617 2254 2876 2322 Quaedam
2929 2264 3171 2319 namque
3223 2244 3477 2317 granaria
3523 2244 3581 2299 in

2005 2354 2260 2427 partibus
2314 2347 2675 2405 interioribus
2724 2344 3065 2404 habitantes,
3123 2338 3403 2394 frumento
3449 2351 3584 2390 con-

2005 2449 2188 2504 fertim
2221 2455 2279 2500 et
2323 2443 2511 2498 subito
2544 2440 2599 2494 in
2627 2454 2723 2494 eos
2751 2453 2852 2508 per
2897 2436 3067 2489 rimas
3095 2441 3349 2502 patentes
3371 2428 3578 2495 eﬂ‘uso,

1955 2596 1959 2599 .
2008 2538 2375 2599 suﬂ‘ocarunt,
2418 2534 2711 2602 solumque
2741 2532 2920 2602 ipsum
2956 2537 3066 2582 tam
3106 2524 3399 2581 commode
3425 2537 3584 2576 com-

2012 2641 2234 2704 pactum
2295 2627 2692 2690 reddiderunt,
2748 2633 2812 2678 ut
2863 2623 3120 2678 homines
3169 2620 3587 2682 addubitarem,

2013 2724 2160 2780 unde
2185 2722 2525 2776 frumentum
2556 2717 2687 2772 illud
2718 2715 2864 2786 quod
2891 2713 3096 2770 caedem
3133 2713 3297 2766 talem
3331 2709 3589 2781 patrarit,

2014 2813 2361 2886 proﬂuxerit.
2389 2810 2468 2865 Ad
2499 2810 2637 2875 haec,
2671 2808 2778 2862 alia
2806 2820 3028 2874 quoque
3059 2802 3282 2875 generis
3309 2801 3450 2855 mala
3475 2808 3591 2853 tum

2014 2922 2159 2964 novo
2196 2921 2428 2976 prorsus
2458 2904 2624 2957 modo
2650 2901 2952 2962 exstitere;
2994 2912 3119 2966 quae
3149 2895 3287 2949 satis
3327 2891 3596 2947 ostende-

2016 3009 2171 3067 runt,
2195 3014 2307 3053 non
2343 2995 2582 3051 naturali
2607 2994 2789 3061 aliqua
2810 2991 3025 3045 ratione
3048 2989 3183 3050 haec,
3206 2984 3370 3040 sicuti
3389 2982 3595 3038 Grmcae

2019 3090 2433 3163 superstitionis
2468 3094 2773 3142 sectatores
2801 3082 3104 3136 delirantes
3136 3075 3353 3140 dicunt,
3386 3087 3594 3144 prove-

2019 3187 2166 3253 nire,
2197 3182 2295 3239 sed
2343 3181 2546 3236 divinae
2576 3174 2978 3247 indignationis
3010 3171 3223 3242 ﬂagella
3255 3183 3321 3224 ea
3354 3165 3598 3222 homini-

2019 3280 2126 3335 bus
2173 3274 2418 3331 immitti.
2473 3270 2635 3342 427
2677 3267 2865 3322 Multis
2896 3273 3050 3320 certe
3096 3261 3321 3333 quidem
3356 3274 3424 3314 eo
3456 3267 3598 3313 tem-

2020 3386 2158 3444 pore
2205 3369 2385 3423 visum
2438 3375 2544 3429 est,
2600 3362 2739 3416 irato
2785 3373 2851 3414 ea
2902 3357 3018 3411 Deo
3048 3353 3345 3415 accidisse,
3376 3358 3601 3421 prepter

2025 3440 2135 3517 tam
2166 3467 2437 3530 apertam,
2471 3467 2596 3525 quae
2634 3450 2875 3507 maximo
2906 3448 2989 3503 illi
3020 3446 3285 3501 Ecclesiae
3335 3440 3601 3497 luminari

2023 3552 2221 3610 Joanni
2257 3549 2406 3604 illata
2435 3554 2540 3612 est,
2573 3540 2835 3613 iniuriam
2865 3540 2963 3611 (ί).
3013 3535 3301 3606 Siquidem
3335 3544 3392 3588 et
3430 3534 3607 3600 impe-

2026 3644 2232 3702 ratoris
2277 3640 2568 3711 coniugem
2625 3632 2936 3689 Eudoxiam
3000 3638 3116 3684 tum
3170 3627 3280 3681 vita
3331 3623 3607 3691 excedere

2029 3735 2281 3806 contigit,
2335 3731 2618 3787 vermibus
2664 3739 2849 3783 escam
2882 3723 3084 3778 factam
3116 3738 3130 3775 :
3169 3728 3225 3773 et
3257 3732 3476 3782 urnam,
3517 3712 3607 3768 cui

2032 3828 2288 3899 imposita
2323 3832 2431 3890 est,
2479 3819 2948 3876 movericernere
2974 3820 3114 3879 erat,
3189 3810 3302 3865 Deo
3348 3807 3610 3864 videlicet

2032 3937 2159 3978 eum
2191 3921 2285 3990 qui
2318 3934 2419 3990 per
2451 3916 2602 3971 illam
2636 3913 2694 3968 in
2741 3908 2990 3964 Ecclesia
3033 3903 3348 3961 concitatus
3402 3901 3608 3957 fuerat,

2034 3989 2245 4071 motum
2288 3989 2636 4066 ostendente.
2666 4004 2735 4059 Et
2763 3998 3107 4069 Theophilus
3136 3994 3299 4065 paulo
3322 3998 3449 4063 post
3478 3989 3613 4042 late-

2036 4126 2158 4168 rum
2213 4103 2410 4161 morbo
2456 4107 2747 4168 correptus
2807 4092 3037 4148 interiit.
3092 4086 3359 4142 Arsacius
3420 4083 3612 4142 etiam,

2037 4192 2507 4273 quemadmodum
2550 4204 2580 4241 a
2632 4201 2717 4239 me
2770 4183 2980 4237 dictum
3011 4186 3116 4241 est,
3152 4188 3325 4245 parvo
3369 4172 3614 4224 interce-

2038 4260 2206 4348 dente
2234 4260 2484 4354 tempore
2529 4278 2659 4334 fatis
2685 4272 2984 4331 concessit.
3017 4268 3082 4323 Et
3109 4266 3348 4337 Cyrinus
3385 4260 3613 4316 Chalceo

2043 4385 2206 4442 donis
2249 4380 2566 4450 episcopus,
2598 4387 2667 4426 ex
2696 4384 2764 4426 eo
2794 4381 2925 4422 casu
2957 4377 3068 4433 quo
3110 4362 3165 4416 in
3200 4357 3339 4429 pede
3376 4354 3619 4408 circum-

382 4444 649 4467 '-r"""'-
716 4444 955 4463 '0'0""
1012 4444 1025 4463 ι
1220 4444 1271 4459 ιι
1330 4444 1360 4460 Α
1893 4444 1907 4459 ,

354 4492 614 4562 τελευτὴν
648 4489 900 4542 Ἰωάννου
933 4485 1223 4556 πρότερον,
1256 4484 1449 4536 ἔπειτα
1475 4483 1568 4536 καὶ
1612 4481 1685 4546 ὡς
1717 4482 1905 4535 ἐτελεύ

2011 4489 2014 4511 ¹
2043 4486 2242 4535 ventus
2273 4444 2357 4527 est
2378 4444 2478 4542 (εἰῇ,
2496 4473 2733 4533 utroque
2755 4473 2917 4515 crure
2936 4456 3199 4518 dissecto,
3219 4444 3618 4505 miserabiliter

2717 4557 2753 4562 _
3226 4547 3260 4562 .,
3403 4539 3593 4562 ,με-η

355 4602 426 4639 τα
453 4581 763 4653 Ἀρκάδιος,
790 4577 963 4644 διιὼν,
996 4579 1093 4629 σὺν
1115 4578 1181 4644 τῇ
1209 4575 1428 4643 τελευτῇ
1454 4573 1717 4643 ἑκατέρου
1744 4572 1838 4625 καὶ
1868 4573 1936 4640 τῇ

358 4673 787 4748 τρισκαιδεκάτῃ
826 4688 918 4742 μοι
971 4670 1082 4723 τῶν
1130 4667 1406 4737 ἱστοριῶν,
1439 4666 1747 4737 ἡγουμένου
1776 4663 1940 4728 Θεοῦ,

360 4769 609 4838 ἐπιθήσω
654 4766 828 4828 τέλος.

2048 4573 2158 4627 vita
2206 4577 2293 4624 est
2346 4539 2668 4620 defunctus.
2714 4557 2783 4610 Et
2826 4553 2917 4609 alii
2976 4552 3138 4605 aliter
3187 4547 3357 4601 vitam
3403 4539 3617 4596 ﬁniere.

2049 4662 2361 4719 Antiochus
2406 4665 2464 4711 ct
2515 4650 2889 4712 Severianus,
2946 4650 3365 4706 sectatoresque
3425 4646 3619 4688 eorum

2052 4756 2194 4811 male
2224 4765 2446 4823 quoque
2473 4747 2618 4803 diem
2644 4757 2806 4798 suum
2842 4738 3058 4802 obiere,
3094 4733 3208 4788 Deo
3239 4731 3309 4786 ab
3341 4728 3475 4799 ipsis
3507 4740 3624 4796 pre-

365 4881 496 4920 nam
522 4872 802 4927 sumente,
849 4869 1077 4930 prepter
1123 4874 1278 4914 sacra
1313 4856 1474 4930 (proh
1505 4854 1726 4921 dolori)
1791 4852 1979 4922 inique
2019 4852 2263 4923 prodita.
2325 4847 2474 4901 Inter
2509 4841 2764 4897 homines
2793 4849 3014 4908 quoque
3041 4846 3164 4886 esse
3197 4829 3497 4896 imperator
3516 4822 3620 4877 Ar-

366 4961 559 5017 cadius
586 4959 743 5014 brevi
765 4956 953 5011 desiit.
984 4953 1182 5008 Verum
1202 4951 1432 5007 Joannis
1458 4948 1722 5019 primum,
1747 4944 1949 5000 deinde
1989 4945 2154 4999 etiam
2202 4937 2429 4995 Arcadii
2497 4933 2651 4990 obitu
2684 4927 2958 4999 exposito,
3030 4936 3137 4976 una
3167 4934 3291 4974 cum
3336 4914 3626 4982 utriusque

372 5060 506 5124 line,
560 5055 777 5111 decimo
827 5053 994 5106 tertio
1024 5064 1247 5119 quoque
1281 5047 1531 5101 historia:
1582 5045 1746 5114 hujus
1776 5043 1944 5104 libro,
1987 5040 2100 5095 Deo
2128 5038 2447 5108 adjuvante,
2489 5032 2771 5101 imponam
2798 5024 2987 5077 linem.

959 5166 1204 5221 ΚΕΦΑΛ.
1232 5165 1356 5220 AZ'.

372 5268 515 5334 Περὶ
535 5265 646 5332 τῆς
675 5261 1033 5331 πορρωτέρω,
1069 5255 1444 5334 sapiae-eor?
1487 5251 1948 5334 Χρυσορντόμοε),

446 5318 544 5390 ἑάι
576 5318 696 5387 τῶν
737 5318 1217 5400 ἆῦγγρῖιμλιάέωὶθ
1258 5318 1490 5400 ἀὺτοῦ·⁸
1531 5318 1632 5377 kal
1670 5323 1750 5386 ὡς
1798 5318 1951 5388 πρὸς

448 5409 598 5462 Θεὸν
613 5395 1024 5474 μετεχώρησε,
1051 5405 1158 5452 τὸν·
1180 5400 1327 5462 ,βίον
1346 5395 1563 5451 λιπών.

449 5525 539 5578 Ἐν
569 5522 751 5576 τοίνυν
778 5521 845 5590 τῇ
879 5515 1182 5585 Κουκουςῷ
1214 5515 1505 5583 γενόμενος
1535 5511 1786 5579 Ἰωάννης
1813 5486 1952 5576 πρὸς

375 5617 471 5673 τοῦ
495 5615 799 5690 ἐπισκόπου
838 5610 1124 5677 Ἀδελφίου
1178 5607 1358 5671 καλῶς
1413 5605 1732 5674 ὑποδέχεται
1770 5619 1785 5635 ο
1822 5601 1951 5655 ἔνθα

455 5754 529 5820 (1)
565 5750 723 5807 Socr.
764 5750 857 5805 lib.
893 5760 1123 5820 v1,_cap.
1159 5743 1263 5820 19,_
1294 5743 1412 5820 h_.ec
1453 5741 1699 5812 exempla
1733 5737 1953 5796 occulto

386 5814 482 5880 De}
513 5814 718 5892 judicio
740 5818 1035 5891 judicanda
1094 5814 1382 5885 permittit.

2573 5138 2800 5199 CAPUT
2842 5133 3106 5191 XXXVII.

2058 5247 2135 5301 De
2179 5243 2433 5298 ulteriore
2458 5236 2641 5293 exsilio
2674 5230 3047 5302 Chrysostomi,
3096 5222 3345 5302 librisque
3387 5218 3543 5302 ejus:
3579 5220 3625 5265 et

2227 5294 2418 5368 diruita
2456 5312 2554 5363 hac
2583 5294 2802 5366 relicta;
2821 5300 2890 5354 ad
2923 5299 3090 5350 Deum
3124 5294 3454 5362 migraverit.

2127 5497 2329 5555 Cucusi
2363 5495 2604 5551 Joannes
2621 5502 2745 5543 cum
2766 5490 2936 5549 esset,
2965 5480 3032 5534 ab
3061 5473 3333 5546 Adelphio
3364 5480 3630 5540 episcopo

2053 5593 2294 5661 benigne
2340 5592 2609 5653 exceptus
2654 5590 2821 5646 atque
2869 5577 3136 5627 tractatus
3182 5573 3287 5621 est.
3320 5562 3501 5632 Atque
3551 5554 3631 5616 ibi

2127 5730 2204 5801 (9.)
2237 5728 2456 5783 Sozom.
2491 5720 2585 5776 lib.
2620 5732 2734 5779 vni,
2771 5692 2895 5783 cap‘.
2926 5701 3037 5765 27:
