4044 6446
445 352 579 440 nisi

1668 368 2088 432 NICEPIIORI
2129 371 2474 434 CALLISTI

3564 377 3698 445 1052

435 467 642 519 multos
670 466 893 536 quidem
927 485 1087 538 pane,
1117 471 1385 538 plurimos
1421 491 1551 530 Virro
1583 479 1775 535 divino
1817 485 2008 547 verbo,

2121 485 2349 547 πολλοὺς
2383 484 2484 554 μὲν
2520 485 2690 554 ἄρτῳ,
2722 484 3009 546 πλείστους
3055 483 3112 538 δὲ
3148 484 3240 538 καὶ
3270 485 3346 555 τῷ
3387 487 3516 558 θείῳ
3555 487 3696 560 λόγῳ

431 560 582 628 quod
632 576 760 615 vere
792 563 958 616 corda
1009 566 1324 630 confirmat,
1375 578 1432 622 et
1480 580 1697 625 mentes
1741 574 2007 640 illustrat,

435 651 605 716 pavit.
641 652 956 705 Permultos
991 669 1122 708 vero
1169 656 1335 710 etiam
1373 659 1536 713 utiles
1567 673 1730 730 atque
1759 679 2016 717 necessa—

436 741 549 795 rios
579 743 749 796 libros
781 745 1112 813 composuit.
1146 747 1319 800 Nulla:
1351 751 1498 804 enim
1529 768 1650 820 qua:
1678 754 1726 807 ei
1759 756 2015 810 accidere

432 851 696 889 aerumnae
740 836 984 903 linguam
1027 839 1170 907 ejus,
1210 839 1459 896 fluminis
1509 845 1682 898 instar
1726 846 2012 910 fluentem,

433 929 691 982 cohibere
718 937 1044 997 potuerunt.
1079 932 1152 986 De
1199 933 1467 1000 patientia
1499 952 1723 1004 quoque
1764 950 1821 994 et
1849 941 1917 996 de
1948 957 2016 995 eo

434 1021 578 1080 quod
616 1035 722 1073 non
766 1022 948 1075 solum
1000 1038 1102 1076 nos
1142 1024 1208 1076 ad
1243 1026 1558 1080 socordiam
1592 1044 1700 1083 non
1732 1031 1888 1096 dare,
1922 1048 2017 1086 ve-

435 1127 554 1163 rum
610 1112 776 1166 etiam
825 1113 896 1167 ob
943 1129 1030 1168 res
1075 1115 1360 1179 adversas,
1393 1134 1516 1186 qua:
1557 1121 1842 1188 accidunt,
1901 1139 2012 1177 non

433 1204 637 1257 offendi
689 1205 1017 1280 debeamus,
1066 1223 1176 1260 non
1225 1223 1395 1277 pauca
1439 1212 1796 1282 conscripsit.
1834 1215 2017 1269 Pluri-

432 1311 551 1350 mas
578 1297 746 1350 etiam
785 1307 899 1351 tum
943 1300 1011 1352 ad
1059 1313 1304 1354 sanctam
1338 1301 1720 1372 Olympiadem
1749 1305 2016 1375 epistolas

426 1389 604 1443 dedit.
641 1387 924 1444 Universae
957 1391 1041 1444 has
1070 1392 1390 1461 quindecim
1419 1404 1569 1458 sunt,
1600 1397 1890 1452 mirificam
1918 1415 2015 1470 pa-

427 1481 640 1534 tientia:
695 1484 929 1550 gratiam
981 1485 1441 1553 complectentes.
1491 1487 1547 1541 In
1595 1490 1798 1558 quibus
1833 1492 2014 1547 solum

432 1585 721 1640 peccaturo
759 1589 880 1628 esse
912 1575 1011 1645 (l),
1041 1576 1107 1630 ad
1141 1578 1289 1646 quod
1321 1579 1719 1637 exhorrescere
1751 1600 1848 1640 nos
1878 1600 2017 1640 con-

427 1662 646 1726 veniat,
675 1665 830 1720 dicit.
866 1665 1168 1723 Erumnas
1195 1674 1364 1725 etiam
1394 1687 1533 1742 quas
1568 1675 1620 1728 in
1657 1675 1859 1733 itinere
1888 1696 2015 1749 per-

433 1756 598 1818 tulit,
649 1757 703 1810 in
753 1757 837 1812 eis
881 1771 1326 1818 commemorat:
1382 1764 1551 1836 428
1597 1777 1654 1822 et
1707 1779 1766 1824 ut
1808 1787 1930 1826 eam
1980 1791 2010 1830 a

433 1845 828 1916 desperatione
877 1861 1220 1918 revocatam,
1266 1855 1334 1909 ad
1381 1873 1536 1926 spem
1587 1859 1787 1917 bonam
1838 1863 2009 1920 futuri
2047 1837 2088 1893 Β

431 1952 771 2000 congressus
819 1945 1063 1998 erexerit
1105 1963 1120 2000 :
1169 1956 1338 2018 atque
1371 1959 1432 2003 ut
1469 1951 1722 2010 fervente
1779 1959 2016 2015 maxime

429 2039 628 2085 mstate
667 2032 772 2086 iter
799 2033 1033 2100 faciens,
1072 2052 1198 2093 cum
1230 2041 1720 2102 vehementissima
1768 2049 1910 2106 febri
1943 2053 2016 2107 sit

433 2123 790 2186 colluctatus,
818 2127 1038 2183 scribit.
1068 2130 1260 2186 Refert
1285 2133 1514 2204 insuper
1541 2140 1814 2196 stomachi
1844 2143 2017 2212 ipsius

435 2216 566 2270 vitia
597 2233 610 2270 :
647 2228 698 2270 et
728 2220 1068 2288 improbum,
1101 2225 1196 2294 qui
1230 2226 1407 2280 virum
1433 2230 1644 2300 justum
1673 2231 1728 2287 in
1759 2235 2013 2291 exsilium
2052 2243 2060 2251 ‘

435 2307 686 2373 abduxit,
707 2308 954 2365 Galatam
990 2331 1003 2367 :
1045 2330 1261 2371 necnon
1285 2317 1725 2378 diversoriorum
1754 2326 2016 2381 mansio-

435 2417 681 2472 numque
736 2405 1274 2478 incommoditatem,
1305 2413 1689 2472 ministrorum
1741 2419 2011 2489 inopiam,

433 2508 619 2547 rerum
655 2499 1097 2572 necessariarum
1137 2505 1448 2571 penuriam,
1479 2507 1610 2562 item
1658 2510 1807 2578 quod
1843 2513 2017 2568 medi-

433 2597 559 2636 cum
622 2600 732 2639 non
801 2587 1087 2654 habuerit,
1153 2603 1210 2647 et
1270 2594 1340 2649 de
1405 2596 1722 2654 Isaurorum
1775 2610 2012 2658 terrore.

433 2674 905 2740 Quemadmodum
950 2683 1116 2737 etiam
1155 2687 1408 2740 monachi
1443 2688 1544 2756 i9),
1593 2692 1862 2749 adversus
1886 2710 2015 2750 eum

433 2765 708 2834 furentes,
740 2769 1085 2827 domicilium
1123 2777 1242 2844 ejus
1273 2777 1570 2836 incendere
1603 2783 1924 2840 voluerint:
1958 2795 2016 2842 et

435 2860 718 2928 quomodo
753 2863 921 2917 rebus
952 2866 1072 2934 ejus
1124 2867 1178 2920 in
1215 2869 1418 2924 itinere
1472 2873 1854 2943 comploratis,
1902 2891 2014 2932 non

435 2950 614 3002 solum
665 2951 767 3021 ipsi
801 2953 922 3024 ejus
956 2956 1167 3010 miserti
1205 2974 1312 3012 non
1361 2961 1495 3024 sint,
1532 2963 1626 3017 sed
1657 2965 1824 3018 etiam
1852 2968 2018 3022 mise-

435 3041 733 3097 ricordiam
793 3045 1050 3111 aliorum,
1110 3059 1360 3110 extrema
1416 3055 1602 3108 omnia
1652 3058 2013 3128 comntinati,

433 3132 815 3202 impedierint.
851 3137 926 3191 De
979 3138 1062 3192 via
1115 3141 1355 3211 denique
1384 3147 1662 3214 queritur,
1698 3157 1890 3218 utpote
1925 3167 2014 3206 ar-
2040 3180 2088 3243 ο

433 3223 563 3290 dua,
600 3226 873 3296 lapidosa,
912 3229 1122 3286 dthi“
1179 3245 1237 3287 et
1272 3235 1546 3292 molesta:
1577 3255 1742 3308 quam
1785 3241 1856 3296 ob
1883 3256 2015 3298 cau-

433 3331 550 3369 sam
586 3317 802 3372 beatam
835 3321 984 3374 illam
1012 3322 1278 3378 feminam
1309 3337 1490 3398 rogat,
1535 3339 1594 3385 ut
1637 3333 1725 3387 illa
1759 3343 1920 3390 curet
1944 3351 2016 3393 ne

433 3409 654 3478 longior
692 3412 811 3482 ejus
863 3413 956 3467 flat
1006 3415 1304 3485 profectio,
1360 3423 1640 3478 sexcentis
1687 3427 1901 3483 exsiliis
1937 3429 2019 3485 la-

437 3503 623 3555 borem
655 3504 874 3560 itineris
906 3505 1144 3563 faciendi
1175 3512 1482 3580 graviorem
1509 3516 1616 3572 sibi
1648 3533 1770 3575 esse
1799 3522 2014 3578 dicens.

437 3594 563 3647 Haec
590 3598 773 3649 omnia
833 3608 998 3668 atque
1025 3601 1130 3655 alia
1164 3603 1319 3659 hisce
1348 3606 1548 3660 similia
1606 3611 1854 3680 epistola:
1897 3613 2016 3670 ista:

433 3694 492 3736 et
537 3684 660 3739 aliae
715 3699 981 3756 praeterea
1029 3693 1096 3746 ad
1147 3697 1469 3766 episcopum
1523 3699 1819 3772 (Syriacum
1873 3705 2016 3762 datae

432 3774 906 3842 complectuntur.
957 3781 1132 3836 Porro
1184 3799 1307 3839 cum
1363 3789 1415 3842 ei
1469 3789 1812 3860 adversarii,
1859 3798 2009 3867 quod

425 3865 634 3920 (Συουεὶ
685 3879 955 3935 maneret,
1003 3873 1339 3942 inviderent,
1382 3879 1707 3939 Arabissum
1741 3865 2013 3947 abductus

433 3965 539 4010 cst.
571 3957 901 4015 Ductoribus
922 3965 1070 4018 enim
1095 3968 1214 4037 ejus
1247 3968 1352 4025 hoc
1378 3973 1566 4029 studio
1597 3974 1725 4040 fuit,
1747 3990 1805 4034 ut
1834 3990 2014 4040 trans-

427 4047 610 4102 itione
671 4049 949 4120 frequenti
1005 4055 1373 4116 labefactatus
1454 4063 1546 4120 ille
1597 4067 1763 4122 vitam
1810 4073 2012 4130 misere

424 4143 640 4198 finiret.
671 4145 928 4203 Sedenim
959 4167 1068 4221 quo
1103 4154 1360 4222 pluribus
1387 4158 1641 4232 objectus
1702 4174 1784 4220 est
1812 4183 2014 4223 aerum-

434 4237 544 4300 nis,
573 4253 640 4292 eo
671 4241 897 4296 casibus
923 4245 1182 4301 omnibus
1212 4259 1440 4319 prOpter
1465 4255 1792 4310 sanctiorem
1823 4259 2008 4327 philo-

424 4329 692 4396 sOphiam
749 4334 1010 4402 superior
1058 4335 1183 4401 fuit,
1233 4341 1689 4414 splendidiusquc
1746 4349 2007 4405 refulsit:

427 4423 908 4488 quemadmodum
963 4427 1016 4480 in
1067 4427 1193 4498 igne
1226 4428 1470 4498 flamma,
1510 4433 1556 4488 si
1599 4438 1884 4492 materiam
1917 4455 2010 4494 co-

2119 576 2393 644 διέτρεφε,
2461 577 2539 644 τῷ
2596 577 2672 638 ὠς
2724 577 2946 645 ἀληθῶς
2991 577 3224 646 καρδίαν
3269 578 3544 656 στηρίζειν
3602 585 3695 634 καὶ

2121 668 2377 734 φωτίζειν
2416 668 2578 720 είδότι
2606 668 2850 721 διάνοιαν
2883 683 2898 698 ·
2939 669 3171 732 πολλοὺς
3200 669 3258 723 δέ
3303 671 3399 723 καὶ
3429 670 3536 724 τῶν
3563 672 3696 724 ἀνα-

2117 755 2289 806 καίων
2324 755 2514 822 λόγους
2546 757 2862 821 συνέταξεν.
2897 756 3035 808 Οὐδὲ
3073 757 3182 825 γάρ
3210 774 3260 808 τι
3307 758 3414 809 τῶν
3457 759 3694 828 ἐπισυμ-

2121 842 2416 897 ϐαινόντων
2475 845 2664 898 δεινῶν
2716 847 2964 914 ἐπισχεῖν
3019 846 3115 916 τὴν
3186 847 3435 915 γλῶτταν
3472 850 3694 906 ¹ἐκείνου

2116 935 2351 1000 ἠδύνατο
2393 937 2484 989 ῖσα
2519 938 2614 988 καὶ
2649 939 2919 1002 ποταμοῖς
2967 937 3218 1006 ῥέουσαν.
3252 937 3361 990 Καὶ
3411 942 3534 1008 περὶ
3565 940 3695 992 ὐπο-

2123 1025 2292 1093 μονῆς
2335 1026 2435 1079 οὒκ
2489 1027 2708 1094 ὀλίγους
2769 1027 3025 1080 συνέθετο
3065 1044 3080 1058 ο
3117 1027 3212 1080 καὶ
3258 1027 3350 1080 τοῦ
3414 1029 3489 1099 μὴ
3539 1032 3696 1098 μόνον

2119 1117 2318 1186 χρῆναι
2374 1119 2664 1188 ῥᾳθυμεῖν,
2727 1119 2864 1173 ἀλλά
2921 1120 3059 1189 μηδέ
3118 1119 3562 1184 σκανδαλίζεσθαι
3603 1122 3696 1174 ἐπὶ

2119 1211 2234 1269 τοῖς
2287 1211 2694 1278 προσπίπτουσι
2729 1210 2837 1264 τῶν
2887 1211 3150 1281 ἀνιαρῶν.
3211 1213 3278 1264 Αἱ
3341 1213 3590 1266 πλεῖσται
3639 1212 3697 1265 δὲ

2119 1299 2269 1366 αὑτῷ
2319 1301 2418 1353 καὶ
2480 1301 2591 1354 τῶν
2646 1302 2781 1372 πρὸς
2841 1303 2942 1372 τὴν
3005 1301 3352 1370 Ὀλυμπιάδα
3403 1301 3696 1357 ἐπιστολῶν

2119 1390 2428 1460 τηνικαῦτα
2487 1393 2878 1447 συντάττονται
2929 1395 3028 1464 τὴν
3071 1395 3249 1448 ὁσίαν.
3302 1395 3695 1448 Πεντεκαίδεκα

2118 1482 2175 1535 δέ
2210 1485 2349 1538 εἰσιν
2379 1485 2434 1538 αί
2458 1485 2654 1550 πᾶσαι,
2679 1485 2938 1556 ὑπερφυῆ
2963 1485 3122 1556 χάριν
3149 1487 3414 1555 ἐπιμονῆς
3440 1486 3691 1556 ἔχουσαι·

2118 1575 2251 1628 ὅπου
2285 1575 2350 1646 δὴ
2386 1576 2627 1648 φοϐερὰν
2653 1578 2816 1648 μόνον
2853 1571 2998 1631 εἶναι
3033 1578 3135 1651 τὴν
3177 1577 3456 1648 ἁμαρτίαν
3509 1577 3691 1646 φησίν.

2132 1665 2220 1719 Ἐν
2252 1663 2340 1732 αἷς
2365 1668 2587 1736 διέξεισι
2623 1671 2721 1723 καὶ
2769 1673 2901 1742 περὶ
2949 1671 3060 1726 τῶν
3111 1671 3500 1740 συμπεσόντων
3551 1667 3695 1737 αὑτῷ

2121 1757 2341 1812 ἐνοδίων
2369 1759 2612 1830 ἀνιαρῶν
2647 1777 2660 1791 ο
2696 1762 2793 1814 καὶ
2823 1761 2901 1823 ὡς
2930 1760 3254 1831 ἀθυμοῦσαν
3287 1758 3690 1828 ἀνακτώμενος,

2117 1849 2217 1900 οὐκ
2237 1847 2564 1902 ἀνέλπιστον
2596 1850 2695 1922 τὴν
2766 1851 3046 1904 είσέπειτα
3098 1850 3353 1921 ἐντυχίαν
3410 1851 3644 1903 ποιεῖται
3674 1866 3690 1882 ο

2118 1938 2210 1991 καὶ
2242 1938 2316 2002 ὡς
2345 1939 2500 2010 ἀκμῇ
2529 1940 2728 2011 θέρους
2761 1943 2860 2011 τὴν
2892 1942 3012 1994 ὁδὸν
3047 1941 3248 2007 ἀνύων,
3276 1941 3497 2012 πυρετῷ
3531 1955 3694 2010 προσ⁶

2116 2030 2381 2085 ἐπάλαισε
2420 2031 2631 2103 λάϐρῳ.
2670 2031 2837 2087 Ἀλλά
2882 2033 2947 2101 δὴ
2994 2034 3091 2087 καὶ
3135 2035 3199 2086 ἐκ
3269 2031 3363 2086 τοῦ
3425 2032 3692 2101 στομάχου
3737 2099 3750 2112 _

2118 2125 2286 2192 κακά,
2325 2127 2421 2180 καὶ
2465 2127 2493 2180 ὁ
2529 2125 2769 2198 πονηρὸς
2809 2126 3056 2196 Γαλάτης
3120 2126 3271 2196 ἄγων
3327 2125 3419 2178 τὸν
3467 2124 3692 2187 δίκαιον,

2116 2219 2214 2272 καὶ
2249 2218 2316 2272 τὰ
2351 2219 2410 2273 ἐν
2447 2222 2569 2284 ταῖς
2598 2223 2954 2289 καταγωγαῖς
2997 2219 3242 2291 λυπηρὰ,
3289 2217 3396 2272 τῶν
3436 2218 3694 2288 Θεραπόν-

2115 2328 2225 2364 των
2263 2313 2296 2384 ή
2329 2314 2556 2384 ἐρημία,
2613 2313 2723 2367 τῶν
2790 2313 3117 2384 ἐπιτηδείων
3159 2315 3192 2382 ἡ
3240 2311 3465 2384 ἀπορία,
3497 2311 3556 2364 τὸ
3622 2310 3696 2382 μὴ

2115 2403 2376 2474 εὐπορεῖν
2434 2403 2647 2476 ίατροῦ,
2694 2405 2723 2458 ὸ
2770 2404 3080 2476 Ἰσαυρικὸς
3142 2403 3304 2472 φόϐος
3341 2421 3355 2436 ·
3411 2402 3488 2456 ἔτι
3533 2403 3586 2456 δὲ
3645 2404 3691 2455 of

2115 2499 2478 2563 ἐπιμανέντες
2537 2497 2686 2568 αὐτῷ
2757 2499 2987 2570 μοναχοὶ
3043 2499 3352 2568 ἐμπρήσειν
3401 2495 3546 2566 αὐτῷ
3596 2497 3693 2564 τὴν

2116 2588 2297 2640 οίκίαν
2363 2589 2687 2660 βουλόμενοι
2721 2606 2734 2620 ⁸
2792 2591 2944 2654 ὅπως
3011 2607 3071 2642 τε
3133 2588 3588 2660 ἀπαγορεύσαντα
3638 2590 3692 2640 ἐν

2115 2681 2239 2752 ὁδῷ,
2261 2682 2321 2736 οὐ
2353 2683 2516 2752 μόνον
2539 2683 2702 2736 αὐτὸν
2731 2684 2916 2746 ἐλέους
2943 2685 3154 2754 ἠξίουν,
3184 2684 3321 2738 ἀλλά
3373 2685 3469 2738 καὶ
3503 2683 3690 2747 ἀλλους

2119 2774 2478 2844 βουλομένους
2505 2769 2712 2846 εἶργον,
2742 2777 2810 2828 τὸ.
2830 2775 3036 2846 έσχατα
3067 2776 3286 2832 πάντων
3315 2775 3690 2846 διαπειλούμε-

2118 2885 2220 2922 νοι.
2255 2868 2336 2920 Τά
2366 2868 2424 2921 δὲ
2453 2868 2554 2938 τῆς
2612 2868 2756 2935 ὁδοῦ,
2783 2868 2858 2932 ὡς
2905 2869 3164 2939 ἀνάντης,
3199 2867 3272 2930 ὡς
3326 2867 3576 2936 λιθώδης,
3616 2867 3689 2930 ὡς

2115 2959 2387 3029 δυσχερής
2438 2977 2497 3012 τε
2537 2962 2629 3013 καὶ
2666 2961 2912 3030 χαλεπή·
2949 2962 3078 3031 περὶ
3117 2956 3184 3030 ἧς
3225 2959 3366 3024 ἁξιοῖ
3401 2959 3690 3028 μελετῆσαι

2117 3049 2213 3120 τὴν
2237 3051 2538 3121 μακαρίαν,
2566 3051 2641 3120 μὴ
2671 3051 3024 3121 μακροτέραν
3053 3049 3234 3119 ἐαυτῷ
3261 3049 3360 3120 τὴν
3383 3049 3690 3120 ὁδοιπορίαν

2117 3138 2372 3208 γενέσθαι
2402 3154 2416 3170 ⁸
2455 3139 2636 3207 Ἐμοὶ,
2670 3139 2868 3206 λέγων,
2906 3138 3122 3208 μυρίων
3149 3137 3373 3208 ἐξοριῶν
3403 3137 3462 3190 τὸ
3491 3137 3692 3190 ὁδεύειν

2119 3230 2238 3283 ἐστὶ
2263 3230 2666 3302 χαλεπώτερον.
2699 3231 2885 3286 Ταῦτα
2915 3231 2978 3300 δὴ
3019 3231 3196 3285 πάντα
3226 3231 3320 3284 καὶ
3359 3229 3493 3285 ἄλλα
3523 3246 3694 3300 παρα-

2119 3327 2326 3397 πλήσια
2348 3328 2404 3381 αἱ
2439 3327 2726 3381 ἐπιστολαὶ
2747 3326 2912 3381 αὗται
2970 3327 3436 3398 διαλαμϐάνουσιν
3469 3345 3481 3358 ο
3505 3326 3585 3378 ἔτι
3636 3325 3692 3377 δὲ

2117 3419 2212 3472 καὶ
2232 3420 2286 3471 αί
2319 3419 2455 3490 πρὸς
2484 3421 2576 3473 τὸν
2600 3419 2901 3472 ἐπίσκοπον
2953 3419 3258 3489 Κυριακὸν.
3300 3419 3392 3473 Ἐν
3421 3420 3599 3472 τοίνυν
3627 3422 3690 3488 τῇ

2117 3511 2420 3581 Κουκουσῷ
2446 3511 2758 3582 φθονηθεὶς,
2799 3511 2880 3576 είς
2915 3511 3245 3582 Ἀραϐισσὸν
3296 3512 3458 3582 ἤγετο
3483 3527 3498 3543 ⁶
3531 3528 3694 3564 σπου-

2116 3603 2181 3675 δὴ
2201 3603 2311 3675 γὰρ
2333 3599 2402 3675 ἦν
2424 3605 2540 3667 τοῖς
2570 3603 2849 3672 ἀπάγουσι
2896 3606 3016 3668 ταῖς
3071 3603 3306 3666 πυκναῖς
3367 3603 3694 3675 μεταϐάσεσι

2114 3697 2632 3766 ταλαιπωρούμενον
2685 3696 2871 3759 κακῶς
2925 3696 3234 3750 ἀποθέσθαι
3265 3695 3323 3748 τὸ
3391 3695 3511 3766 ζῇν.
3545 3695 3691 3766 Ὅσῳ

2115 3789 2173 3844 δὲ
2207 3789 2432 3850 πολλαῖς
2453 3789 2858 3860 ταλαιπωρίαις
2883 3789 3104 3854 ἐδίδοτο,
3143 3789 3400 3844 τοσοῦτον
3427 3789 3690 3860 κρείττων

2117 3881 2222 3936 ὑπὸ
2250 3881 2573 3952 φιλοσοφίας
2601 3875 2670 3950 ἦν
2723 3881 2928 3943 παντὸς
2959 3880 3054 3935 τοῦ
3099 3883 3551 3950 προσπίπτοντος,
3602 3883 3692 3935 καὶ

2115 3973 2473 4044 φαιδρότερον
2501 3973 2863 4038 ἀποστίλϐων,
2897 3973 3086 4043 ὥσπερ
3103 3972 3237 4026 τὸέν
3269 3976 3398 4042 πυρὶ
3416 3973 3530 4042 φῶς
3561 3972 3689 4043 ὕλης

2116 4067 2266 4136 αὐτῷ
2295 4065 2537 4127 πλείονος
2598 4064 3070 4134 ὑποϐαλλομένης.
3130 4066 3369 4118 Ἐκεῖθεν
3421 4066 3476 4119 δὲ
3529 4065 3690 4119 πάλιν

2114 4132 2196 4219 ε’ῐς
2230 4132 2539 4210 ῖ1ιτυοῦντα
2594 4153 2737 4207 οὕτω
2793 4153 3084 4208 κελευσθὲν
3125 4153 3360 4222 ἄγεται·
3424 4157 3692 4223 πολίχνιον

2111 4249 2170 4303 δὲ
2199 4250 2350 4302 τουτὶ
2379 4246 2571 4311 δεινῶς
2605 4246 2832 4318 ἔρημον,
2892 4248 2950 4299 ἐν
3001 4246 3237 4317 τέρματι
3283 4246 3384 4313 τῆς
3427 4247 3690 4315 Ποντικῆς

2115 4343 2395 4413 θαλάσσης
2424 4341 2792 4410 διακείμενον,
2818 4339 3116 4409 βαρϐάροις
3137 4341 3334 4409 ὅμορον
3355 4339 3655 4408 ὠμοτάτοις
3672 4353 3687 4368 ·

2113 4437 2248 4490 ὅπου
2278 4435 2344 4506 δὴ
2373 4435 2752 4503 ἀπαγόμενος,
2782 4433 2876 4486 καὶ
2929 4435 3066 4503 πρὸς
3115 4431 3248 4484 Θεὸν
3285 4431 3383 4503 ἤδη
3436 4432 3690 4501 ἐκδημεῖν

426 4513 728 4581 piosiorctu
775 4515 882 4570 sibi
928 4517 1186 4589 injectam
1235 4521 1457 4578 habeat.
1503 4525 1636 4582 lude
1679 4544 1812 4584 vero
1865 4531 2011 4603 Pity-

2119 4528 2351 4597 μέλλων,
2384 4526 2581 4588 νυκτὸς
2611 4525 2915 4596 εὖχομένῳ,
2970 4524 3290 4593 ἐφίστανται
3346 4525 3394 4576 οί
3439 4522 3535 4576 τοῦ
3575 4521 3688 4594 βίου

426 4613 620 4656 uutem
652 4606 727 4675 (5)
758 4606 859 4676 (ita
899 4607 1047 4662 enim
1077 4610 1395 4666 mandatum
1427 4614 1630 4688 fuerat)
1658 4617 1858 4674 ductus
1895 4633 2004 4677 est.

421 4692 700 4762 Oppidum
766 4697 819 4752 td
881 4707 967 4755 est
1031 4703 1216 4773 gravis
1273 4705 1629 4778 solitudinis,
1704 4711 1773 4765 ad
1842 4711 2006 4768 tinem

424 4787 639 4842 Pontici
680 4791 847 4846 maris
895 4794 1086 4863 situm,
1137 4799 1455 4855 saevissimis
1507 4802 1760 4860 barbaris
1791 4817 2011 4862 conter-

426 4876 663 4932 tninum.
696 4879 773 4934 Eo
801 4897 926 4938 cum
958 4885 1278 4952 duceretur,
1303 4899 1356 4944 et
1381 4891 1492 4961 jam
1518 4894 1583 4947 ad
1613 4894 1785 4949 Deum
1813 4898 2012 4966 migra-

427 4978 594 5023 turus
623 4981 795 5038 esset,
833 4983 1002 5030 uoctu
1050 4976 1101 5030 ei
1133 4981 1342 5044 oranti,
1383 4984 1477 5051 qui
1520 4984 1648 5040 vitae
1683 4987 1807 5056 ejus
1836 4986 2009 5042 duces

429 5059 675 5125 fuerant,
697 5073 752 5118 et
771 5064 967 5122 Petrus
995 5075 1052 5122 et
1075 5069 1341 5138 Joannes,
1367 5073 1713 5141 assistentes,
1740 5092 2008 5146 perquam

429 5157 608 5212 amice
647 5173 772 5215 cum
799 5176 866 5216 eo
898 5171 1028 5218 sunt
1057 5166 1359 5222 collocuti:
1385 5170 1549 5240 eique
1575 5186 1702 5226 cum
1737 5171 2010 5228 adversus

425 5247 706 5305 daemones
755 5252 1070 5322 victoriam,
1125 5266 1240 5312 tum
1273 5267 1560 5328 postremo
1609 5261 2007 5332 migrationem

504 5387 693 5467 (i)_'l‘u
721 5389 817 5467 tibi
847 5391 1135 5467 persuade,
1179 5403 1378 5467 printer
1433 5397 1648 5465 culpam
1700 5412 1766 5452 ac
1816 5413 2008 5467 pecca-

427 5465 570 5536 tum,
606 5456 810 5512 homini
849 5456 1131 5536 :accidere:
1148 5456 1298 5536 nihil
1318 5480 1509 5536 posse,
1527 5456 1698 5536 'quodj
1725 5469 1794 5522 sit
1817 5456 2012 5524 'horri-

432 5526 542 5578 bile
576 5538 670 5580 aut
724 5531 1245 5597 pertimescendum.
1282 5526 1641 5603 (Ciceroﬂl—
1681 5535 1896 5591 Scimus
1947 5555 2010 5593 ea

434 5605 639 5674 mente,
663 5613 825 5674 quam
858 5603 996 5655 ratio
1028 5612 1084 5674 et
1113 5606 1312 5657 veritas
1338 5606 1664 5674 praescribit,
1699 5616 1757 5659 ut
1786 5608 1919 5662 nihil
1955 5609 2009 5663 in

429 5665 543 5717 vita
597 5665 758 5722 nobis
792 5672 1178 5738 praestandum,
1213 5665 1410 5742 praeter
1440 5665 1679 5744 culpam,
1709 5687 1966 5744 putemus
1995 5696 2009 5732 :

429 5749 606 5817 caque
669 5753 792 5817 euut
849 5756 1156 5817 careamus,
1191 5744 1377 5796 omnia
1427 5746 1663 5801 humana
1699 5749 1909 5817 placate
1957 5758 2011 5803 ct

429 5805 715 5863 moderate
741 5809 1001 5866 feramus.
1044 5812 1261 5872 (Idenni

2114 4619 2264 4690 αὺτῷ
2297 4617 2488 4688 ὁδηγοὶ
2528 4618 2734 4688 Πέτρος
2790 4619 2888 4670 καὶ
2945 4615 3244 4686 Ἰωάννης·
3301 4615 3690 4684 προσειπόντες

2112 4729 2172 4764 τε
2199 4713 2300 4765 ὅσα
2329 4711 2460 4780 φίλα
2490 4711 2586 4764 καὶ
2641 4710 2740 4780 τὴν
2800 4707 2942 4762 κατά
2997 4707 3267 4776 δαιμόνων
3305 4707 3486 4776 νίκην,
3539 4706 3690 4767 τέλος

2114 4805 2207 4858 καὶ
2249 4804 2351 4876 τὴν
2383 4803 2524 4874 πρὸς
2556 4803 2693 4857 Θεὸν
2753 4801 3022 4872 ἐκδημίαν
3075 4799 3541 4868 εὐαγγελίζονται,
3595 4801 3690 4852 καὶ

2111 4901 2212 4965 τὴν
2236 4899 2348 4952 τῶν
2382 4897 2753 4968 ἐκδεξομένων
2784 4897 3086 4952 ἀπόλαυσιν
3110 4893 3351 4962 ἀγαθῶν.
3383 4888 3515 4947 Εῐτα
3560 4910 3686 4964 τροο

2113 4994 2186 5062 φῇ
2245 4991 2476 5064 οὐρανίᾳ
2535 4991 2633 5044 καὶ
2680 4989 2982 5060 ἀπορρήτῳ
3039 4985 3228 5038 τοῦτον
3289 4984 3548 5048 σιτίζουσι
3599 4987 3689 5040 καὶ

2112 5083 2168 5150 ἐξ
2241 5085 2450 5137 ἐκείνου
2521 5083 2762 5153 διέμεινε
2838 5079 3010 5151 μηδέν
3063 5095 3116 5131 τι
3161 5077 3688 5147 προσενεγκάμενος.

2112 5175 2347 5245 Εἴρηται
2390 5174 2586 5240 ταῦτα,
2643 5167 2725 5235 οἷς
2774 5173 2982 5232 ἐκεῖνος
3029 5167 3200 5221 συνὼν
3243 5166 3684 5219 κατεπίστευσεν.

2113 5268 2350 5333 Ἐκεῖνος
2380 5272 2424 5324 δ’
2450 5269 2702 5323 ἐντεῦθεν
2732 5267 2870 5339 πρὸς
2929 5265 3156 5336 μείζονα
3213 5264 3518 5334 σκάμματα
3557 5265 3693 5334 μᾶλ-

2190 5400 2264 5464 (2)
2299 5399 2549 5454 Fortasse
2585 5416 2684 5468 pro
2710 5393 3685 5474 monachislegendumnutonomachi,

2114 5470 2220 5523 hoc
2250 5463 2342 5523 cst.
2387 5463 2757 5538 gladiatores:
2809 5481 2867 5520 ut
2918 5463 3123 5522 milites
3176 5463 3566 5532 intelligantur,
3596 5464 3688 5534 qui

2115 5554 2239 5616 eun_t
2279 5540 2612 5616 i_n_exsi_l_i_um
2644 5539 3014 5616 abduxerunt.
3121 5606 3132 5616 _
3292 5605 3326 5616 _
3369 5605 3381 5616 -
3421 5604 3471 5616 Η

2186 5609 2260 5686 (15)
2294 5608 2434 5663 l‘lin.
2466 5610 2562 5663 lib.
2587 5623 2805 5686 Vt_,__r.ap.
2833 5607 2889 5666 5.
2921 5607 2994 5686 de
3023 5606 3253 5686 regione.
3286 5604 3541 5686 Colchica
3585 5622 3596 5656 :
3623 5603 3686 5686 In

2113 5680 2300 5731 intimo
2335 5695 2394 5732 eo
2422 5675 2812 5747 tracth’ityns
2836 5678 3086 5748 oppidum
3128 5675 3579 5748 opulentissimum
3623 5675 3687 5726 ab

2120 5749 2401 5803 Heniochi:
2429 5752 2685 5818 direptum
2718 5758 2813 5802 cst.
