4044 6434
312 418 447 479 Ιϐ53

1189 420 1775 482 ECCLERIASTICAE
1820 423 2204 483 IUSTORL’E
2246 425 2391 487 LIB.
2433 428 2600 487 XIII.

3418 425 3553 490 10:4

292 527 385 582 λον
438 525 658 598 ἐχώρει.
704 527 769 581 Ol
820 528 874 581 δὲ
916 528 1298 590 πιστευθέντες
1344 531 1501 597 ἄγειν
1548 532 1641 582 τὶν
1711 530 1882 598 μέγαν

2000 531 2051 583 id
2089 533 2283 596 Deum,
2318 545 2372 589 et
2404 550 2526 603 quae
2558 550 2683 588 eum
2721 545 3020 604 exceptura
3062 541 3251 588 essent
3278 532 3551 587 bonorum

300 622 539 689 μακραῖς
563 622 684 681 ταῖς
724 620 1061 688 ὁδοιπορίαις
1118 622 1446 687 κατέτεινον,
1502 621 1675 675 ὑετῶν
1724 621 1874 674 ἔστιν

298 713 388 765 ὅτε
412 712 835 777 ἐκπικλυζόντων,
862 714 954 766 καὶ
976 714 1133 781 ἡλίου
1154 714 1213 765 τὸ
1244 714 1617 782 ἀκμαιότατον
1647 713 1874 783 φλέγον-

298 823 388 870 τος
416 820 430 835 ⁸
476 804 669 877 μισθὸς
700 805 809 875 γὰρ
826 805 925 872 τῆς
952 805 1041 859 ἐπ’
1081 806 1275 875 ἐκείνῳ
1297 804 1580 874 ὠμότητος
1599 804 1875 875 ἐπηγγέλ-

301 900 425 955 λετο
461 898 727 968 μειζόνων
774 899 952 964 τιμῶν
1010 900 1285 967 εὐμοιρία.
1350 899 1512 950 Ἀλλᾶ
1575 895 1877 951 Πιτυοῦντα

307 992 408 1060 μὲν
430 991 529 1044 οὐκ
558 990 718 1061 ἔσχεν
745 990 896 1049 ἰδεῖν.
924 991 999 1052 ὡς
1029 992 1061 1060 ή
1100 990 1421 1057 Ἐπιφανίου
1456 991 1642 1059 εἴρηκε
1702 990 1880 1060 πρόρε-

307 1084 487 1153 ρησις.
519 1081 607 1134 Ἐν
638 1082 916 1150 Κομάνοις
946 1082 1003 1134 δὲ
1031 1083 1344 1151 γενόμενος,
1382 1082 1521 1152 πρὸς
1571 1082 1651 1153 τῷ
1685 1083 1882 1152 εὐκτη-

310 1172 414 1242 ρίῳ
441 1171 770 1225 Βασιλίσκου
800 1171 895 1224 τοῦ
921 1171 1198 1242 μάρτυρος
1224 1169 1417 1236 ἄγεται
1443 1187 1458 1203 ο
1488 1170 1548 1227 ὃν
1580 1170 1879 1224 ἐπίσκοπον

309 1264 410 1331 μὲν
446 1264 601 1331 λόγος
618 1264 896 1332 γενέσθαι,
953 1263 1058 1319 ὑπὸ
1110 1264 1169 1318 δὲ
1232 1262 1541 1333 Μαξιμίνου
1595 1261 1734 1316 κατὰ
1779 1261 1880 1331 τὴν

304 1355 733 1423 Νικομήδουςτδ
764 1354 1100 1426 μαρτυρικὸν
1132 1355 1349 1410 στάδιον
1392 1353 1669 1409 ὑπελθεῖν.
1704 1354 1879 1407 Ἐκεῖ·

308 1464 365 1499 σε
390 1450 574 1501 τοίνυν
602 1446 739 1517 ὄναρ
792 1449 1021 1512 ιπιστὰς
1048 1450 1076 1502 ὑ
1137 1448 1371 1519 μάρτυς,
1395 1466 1415 1500 ε
1463 1446 1690 1517 Θάρσει,
1747 1444 1879 1516 ἔφη,

306 1538 505 1609 ἀδελφὰ
532 1539 779 1610 Ἰωάννη,
814 1542 1164 1611 ἀμφοτέρους
1194 1541 1343 1610 ἡμᾶς
1370 1540 1404 1610 ἠ
1437 1539 1673 1594 ιπιοῦσα
1719 1539 1883 1592 συνάα

303 1634 399 1702 ψει
427 1649 442 1664 ο
476 1653 498 1686 ι
524 1634 833 1703 ἐπισκῆψαι
864 1634 920 1688 δὲ
952 1634 1143 1704 καὶτῷ
1196 1633 1479 1705 νεωκόρῳ,
1529 1632 1696 1687 τόπον
1741 1634 1883 1686 ἐτοι-

310 1723 485 1792 μάσαι
504 1723 584 1791 τῷ
615 1722 863 1794 Ἰωάννῃ.
890 1723 1139 1778 Ἐκεῖθεν
1183 1723 1241 1777 δὲ
1298 1723 1548 1785 σταδίους
1579 1721 1882 1793 τριάκοντα

307 1815 681 1881 διανύσαντες,
712 1815 924 1885 πλάνην
952 1816 1104 1887 παρὰ
1142 1815 1299 1882 δόξαν
1324 1815 1683 1880 ὑποστάντες,
1714 1815 1882 1867 επαν-

222 1972 225 1977 ⁴
309 1908 567 1979 ἔρχεσθαι
625 1909 791 1963 πάλιν
843 1910 989 1961 κατὰ
1064 1909 1156 1961 τὸν
1227 1906 1324 1962 τοῦ
1382 1908 1661 1977 μάρτυρος
1719 1906 1885 1976 σηκὸν

307 1998 548 2066 ἐγένετο.
581 1997 781 2060 Καλῶς
814 1993 908 2050 οὖν
953 1998 1020 2051 τὰ
1046 1995 1170 2051 κατ’
1223 1996 1389 2050 αὑτὸν
1422 1996 1764 2065 διαθέμενος,
1794 1994 1886 2048 καὶ

306 2092 405 2161 τὴν
430 2090 689 2160 γλῶσσαν
719 2091 859 2156 πρὸς
906 2089 1263 2143 διδασκαλίαν
1296 2089 1550 2158 κινήσας,
1603 2088 1698 2142 καὶ
1749 2088 1888 2156 πρὸς

306 2182 368 2234 τδ
394 2181 753 2252 φαιδρότερον
776 2181 906 2251 ἄχρι
932 2183 1026 2236 καὶ
1055 2181 1426 2251 ὑποδημάτων
1455 2181 1886 2251 μετακοσμήσας

309 2273 523 2335 ἑαυτὸν,
580 2272 690 2325 τῶν
744 2273 906 2326 θείων
962 2275 1303 2340 κοινωνήσας
1364 2272 1707 2340 ἁγισμάτων,
1771 2271 1888 2336 καὶ,

315 2382 335 2417 ε
370 2364 507 2431 Δόξα
546 2382 652 2430 σοι,
683 2365 879 2434 Κύριε,
913 2365 1135 2420 πάντων
1172 2365 1393 2431 ἕνεκεν,
1423 2382 1443 2416 ι
1490 2362 1759 2427 ἐπειπὼν,
1794 2364 1890 2416 καὶ

311 2458 388 2528 τῷ
415 2458 511 2513 τοῦ
547 2459 785 2528 σταυροῦ
814 2458 973 2529 τύπῳ
998 2453 1043 2527 ᾧ
1094 2458 1293 2528 συνέζη
1346 2457 1890 2528 δπισφραγισάμενος

313 2548 524 2617 ἑαυτὸν,
564 2550 664 2622 τὴν
689 2551 977 2622 μακαρίαν
1026 2551 1303 2623 ἐπορεύθη
1347 2551 1577 2622 πορείαν
1602 2590 1618 2617 ,
1671 2550 1893 2621 Χριστῷ

312 2640 492 2694 συνὼν
519 2643 611 2695 καὶ
658 2642 1100 2713 συμϐασιλεύων,
1152 2642 1295 2713 ὑπὲρ
1348 2638 1412 2698 οὗ
1468 2644 1598 2706 τοὺς
1644 2640 1894 2712 μακροὺς

309 2735 507 2798 πόνους
536 2736 847 2805 ὑπήνεγκεν
878 2750 893 2766 ο
920 2734 1102 2805 ἑαυτῷ
1129 2734 1230 2805 μὲν
1262 2737 1359 2807 τῆς
1391 2734 1662 2805 ἐκδημίας
1722 2732 1896 2805 μακά.

312 2844 450 2898 ριος,
486 2828 692 2897 σφόδρα
721 2828 780 2882 δὲ
806 2829 922 2889 τοῖς
975 2828 1275 2897 ἐγνωκόσιν
1321 2826 1602 2898 ὀδυνηρὸς,
1656 2823 1749 2890 οὒς
1804 2829 1897 2879 καὶ

314 2920 554 2990 μετρίως
619 2920 714 2974 τοῦ
786 2922 991 2974 οἰκείου
1065 2918 1282 2990 μέλιτος
1349 2916 1595 2986 ἔγευσεν.
1678 2916 1897 2987 Ἡμέρα.

318 3014 505 3078 μέντοι
530 3013 631 3082 τῆς
652 3011 937 3082 τελευτῆς,
963 3010 1086 3065 καθ’
1118 3012 1184 3080 ἦν
1212 3010 1277 3079 δὴ
1306 3011 1400 3063 καὶ
1430 3010 1530 3080 τὴν
1561 3008 1654 3061 τηῦ
1685 3008 1900 3078 ζωτιφὸ-

317 3122 413 3176 ρου
446 3104 683 3177 σταυροῦ
727 3104 933 3175 ὓψωσιν
966 3102 1320 3174 ἑορτάζομεν,
1347 3100 1896 3170 τεσσαρεσκαιδεκά·

1984 624 2400 691 perceptionem
2472 640 2597 679 eum
2665 625 2859 679 luititia
2927 627 3353 679 annuntiarunt.
3415 624 3552 679 Dein

1981 714 2191 769 cmlesti
2255 726 2311 770 et
2355 716 2617 771 ineffabili
2650 733 2777 772 eum
2810 732 2933 772 esca
2969 726 3240 786 paverunt
3271 735 3285 775 :
3321 733 3387 772 cx
3440 733 3554 787 quo

1986 813 2236 875 tempore
2285 807 2422 860 nihil
2454 817 2641 875 postea
2688 807 2795 862 cibi
2832 808 3087 878 sumpsit.
3143 807 3297 862 Dicta
3334 807 3450 861 haec
3481 806 3562 861 ab

1982 898 2064 952 eis
2108 907 2258 961 sunt,
2293 898 2500 967 quibus
2525 899 2615 953 ille
2646 915 2706 952 ea
2735 914 2919 954 secum
2950 899 3297 953 versantibus
3326 912 3561 953 concrec

1980 988 2146 1043 didit.
2198 988 2340 1044 Hinc
2376 990 2543 1043 etiam
2586 991 2679 1045 ille
2721 991 2786 1045 ad
2836 992 3041 1062 majora
3086 1005 3412 1061 progressus
3465 999 3551 1044 est

1982 1081 2310 1136 certamina.
2344 1080 2428 1135 llli
2461 1097 2626 1153 porro
2656 1083 2859 1152 quibus
2886 1098 3115 1153 magnus
3149 1083 3234 1135 vir
3259 1080 3553 1135 ducendus

1980 1174 2308 1229 commissus
2350 1173 2565 1239 fuerat,
2621 1177 2832 1245 magnis
2882 1175 3180 1230 itineribus
3235 1172 3550 1243 proficisce-

1984 1265 2206 1327 bantur,
2236 1264 2538 1335 aliquando
2569 1266 2854 1321 tmmensis
2888 1267 3092 1336 pluviis
3120 1263 3551 1326 exundantibus,

1982 1358 2283 1429 aliquando
2329 1359 2465 1414 solis
2514 1359 2687 1415 radiis
2731 1360 2969 1414 maxime
3021 1358 3356 1413 urentibus:
3389 1354 3557 1427 429

1981 1466 2197 1507 merces
2227 1453 2374 1508 enim
2402 1466 2597 1508 eorum
2637 1451 2952 1507 crudelitati
2990 1451 3044 1505 in
3084 1450 3180 1505 illo
3232 1447 3558 1504 exercenda:

1980 1544 2251 1616 majorum
2299 1544 2634 1614 dignitatum
2713 1544 2957 1598 honores
3018 1540 3305 1613 proposita
3356 1537 3556 1592 fuerat.

1980 1635 2251 1693 Caeterum
2278 1636 2593 1706 Pityuntem
2618 1635 2810 1690 videre
2854 1648 2966 1688 non
3002 1631 3205 1703 potuit,
3237 1627 3400 1685 sicuti
3427 1625 3561 1695 Epi-

1983 1728 2174 1799 phanii
2221 1729 2546 1783 vaticinium
2577 1727 2930 1798 praedixerat.
2967 1723 3048 1779 Ad
3095 1722 3445 1779 Comanenos
3479 1716 3559 1786 (l)

1985 1828 2164 1874 autem
2189 1819 2463 1875 Armeniae
2486 1834 2610 1874 cum
2635 1820 2904 1882 venisset,
2923 1816 2990 1871 ad
3026 1814 3290 1884 templum
3314 1807 3561 1868 Basilisci

1991 1912 2250 1982 martyris
2272 1911 2472 1967 ductus
2503 1920 2608 1971 est,
2657 1912 2749 1981 qui
2792 1910 3087 1979 episcopus
3130 1905 3324 1967 fuisse,
3358 1910 3413 1956 et
3454 1899 3560 1954 sub

1989 2000 2290 2054 Maximino
2338 2000 2676 2055 Nicomediae
2719 1997 2966 2068 martyrii
3020 2003 3301 2051 certamen
3353 1988 3563 2044 obiisse

1988 2091 2212 2146 dicitur.
2246 2091 2324 2146 lbi
2356 2092 2410 2146 in
2449 2092 2658 2147 somnis
2680 2092 2729 2145 ei
2770 2101 3049 2159 apparens
3072 2094 3303 2155 martyr,
3338 2101 3356 2133 ι
3382 2080 3559 2142 Βοηο,

1989 2182 2185 2251 inquit,
2246 2182 2432 2237 animo
2480 2189 2625 2246 esto,
2675 2178 2919 2235 Joannes
2968 2176 3164 2239 frater,
3214 2186 3316 2226 nos
3369 2167 3562 2222 ambos

1990 2275 2234 2330 crastina
2261 2274 2380 2329 dies
2425 2274 2742 2343 conjunget.
2787 2289 2806 2322 ι
2843 2271 2941 2325 llle
2981 2268 3149 2323 etiam
3181 2260 3394 2318 custodi
3423 2268 3563 2313 tem-

1990 2368 2071 2437 pli
2100 2377 2161 2422 ut
2186 2369 2368 2422 locum
2396 2366 2594 2422 Joanni
2627 2373 2868 2435 pararet,
2903 2358 3187 2432 praecepit.
3230 2357 3307 2411 Ex
3332 2369 3401 2408 eo
3439 2352 3562 2406 loco

1992 2475 2119 2516 cum
2153 2460 2371 2529 triginta
2421 2458 2727 2513 stadiorum
2776 2457 2885 2511 iter
2923 2452 3321 2512 confecissent,
3358 2452 3565 2516 praeter

1994 2553 2314 2623 opinionem
2366 2558 2520 2606 recta
2579 2549 2669 2603 via
2725 2546 3074 2608 excidentes,
3124 2537 3432 2596 errabundi
3492 2535 3562 2590 ad

1996 2643 2257 2716 martyris
2284 2643 2457 2697 adem
2484 2639 2695 2696 reversi
2728 2645 2881 2694 sunt.
2926 2636 3117 2705 Itaque
3148 2643 3275 2687 cum
3308 2644 3398 2684 res
3437 2640 3567 2682 suas

1996 2737 2387 2807 diSposuisset,
2420 2733 2663 2803 linguam
2696 2730 2765 2786 ad
2799 2726 3110 2784 docendum
3147 2721 3432 2783 movisset,
3469 2719 3568 2773 la:-

1999 2830 2110 2885 tius
2152 2844 2234 2892 se,
2276 2828 2352 2881 ita
2385 2837 2444 2881 ut
2477 2827 2694 2880 calceos
2733 2835 2957 2893 quoque
2994 2818 3271 2880 indueret,
3319 2811 3568 2869 vestibus

1997 2923 2117 2980 suis
2142 2926 2417 2983 ornasset,
2448 2926 2504 2972 et
2532 2931 2631 2987 per
2674 2911 3124 2969 communionem
3157 2908 3403 2964 divinam
3436 2920 3567 2959 sau-

1998 3014 2387 3071 ctillcationem
2442 3007 2833 3079 percepisset:
2884 3024 2902 3058 ι
2952 3003 3137 3059 Gloria
3190 2999 3323 3063 tibi,
3362 2996 3571 3066 inquit,

2000 3108 2256 3170 Domine,
2277 3105 2347 3159 de
2380 3102 2547 3157 rebus
2579 3100 2861 3155 omnibus.
2892 3118 2912 3152 ι
2946 3098 3016 3152 Et
3044 3096 3227 3164 seipso
3254 3092 3411 3161 signo
3442 3104 3581 3145 cru-

315 3214 383 3267 τη
435 3176 771 3267 Σεπτεσρίου
839 3196 1032 3268 μηνός.
1085 3192 1295 3264 Ἐχρῆν
1347 3193 1444 3247 καὶ
1493 3192 1602 3264 γάρ
1642 3190 1737 3247 τδν
1774 3192 1894 3249 ὅλον

1998 3197 2109 3258 eis,
2135 3193 2255 3248 ειη),-
2273 3206 2379 3261 qua
2413 3191 2655 3254 vixerat,
2695 3186 3011 3257 ebsignato,
3046 3182 3261 3236 beatam
3294 3180 3441 3232 illam
3482 3176 3577 3230 iu—

317 3290 752 3359 ἐσταυρωμένων
780 3287 1027 3359 ζήσαντα
1081 3286 1218 3357 βίον,
1250 3288 1347 3339 καὶ
1390 3284 1452 3338 τὸ
1496 3284 1760 3355 καύχημα
1817 3286 1893 3354 μὴ

316 3386 373 3437 ὲν
399 3384 544 3456 ἄλλῳ
581 3384 696 3453 ἢέν
740 3383 819 3453 τῷ
850 3380 1072 3452 σταυρῷ
1100 3380 1193 3435 τοῦ
1225 3377 1465 3450 Χριστοῦ
1496 3378 1743 3449 θέμενον,
1772 3377 1893 3432 κατ’

316 3479 486 3550 αὑτήν
516 3494 579 3546 γε
601 3479 701 3547 τὴν
730 3476 945 3548 ἡμέραν
971 3475 1071 3543 τῆς
1092 3472 1260 3529 αὐτοῦ
1295 3472 1514 3541 ἑορτῆς,
1543 3470 1602 3524 ὃν
1635 3472 1700 3524 ὲκ
1730 3469 1894 3539 τῆσδε

317 3568 418 3637 τῆς
443 3564 577 3636 ὕλης
608 3563 909 3635 ἐπεφέρετο
934 3561 1091 3631 χοῦν,
1127 3558 1450 3626 ἀποθέσθαι,
1481 3559 1575 3612 καὶ
1602 3559 1735 3630 πρὸς
1764 3557 1898 3612 Θεδν

320 3658 624 3729 ὑψωθῆναι.
661 3658 795 3711 Τότε
819 3657 882 3728 δὴ
923 3654 1127 3725 πλῆθος
1169 3638 1423 3725 ἄπειρον,
1448 3652 1757 3724 συρρεῦσαν
1801 3652 1898 3706 άν-

320 3752 463 3822 δρῶν
489 3766 550 3804 τε
576 3748 695 3819 ἅμα
728 3749 1129 3818 καὶγυναικῶν
1167 3745 1408 3808 εὐσεσὼς
1455 3743 1675 3809 ζώντων
1724 3744 1788 3799 ἐκ
1838 3761 1901 3798 τε

323 3845 520 3916 Συρίας
544 3846 638 3900 καὶ
672 3843 951 3907 Κιλικίας,
975 3842 1181 3895 Πόντου
1206 3857 1266 3895 τε
1322 3841 1417 3894 καὶ
1446 3837 1760 3908 Ἀρμενίας,
1806 3837 1904 3891 καὶ

322 3945 499 4005 ὁσίαις
526 3941 888 4011 καταθέμενοι
924 3938 1115 3993 τοῦτον
1140 3938 1330 4008 χερσὶν
1370 3935 1600 4005 ἔγγιστά
1642 3950 1748 3988 που
1798 3934 1905 3988 Βα-

327 4032 572 4086 σιλίσκου
600 4033 694 4085 τοῦ
729 4032 1033 4100 μάρτυρος,
1080 4026 1509 4096 ἀπηλλάττοντο.

1998 3300 2221 3359 gressus
2253 3292 2340 3339 est
2376 3281 2804 3353 profectionem,
2850 3293 2977 3334 cum
3021 3274 3245 3331 Christo
3291 3274 3480 3325 vivens
3512 3276 3584 3321 et.

2000 3392 2257 3449 regnans,
2293 3391 2394 3447 pro
2425 3390 2533 3445 quo
2563 3374 2782 3428 labores
2809 3371 3005 3441 longos
3034 3366 3280 3438 pertulit,
3320 3378 3420 3418 suo
3444 3360 3570 3430 qui-

1998 3471 2122 3526 dem
2159 3469 2387 3524 nomine
2418 3482 2516 3537 per
2552 3466 2936 3535 migrationem
2977 3461 3143 3515 talem
3183 3457 3314 3511 felix
3345 3463 3399 3509 et
3436 3454 3571 3507 bea-

1999 3573 2111 3628 tus,
2177 3564 2263 3617 eis
2290 3569 2475 3615 autem
2518 3558 2612 3631 qui
2645 3571 2770 3612 eum
2818 3556 3225 3626 cognoverunt,
3253 3555 3309 3601 et
3340 3545 3426 3598 vel
3457 3556 3573 3596 me-

2001 3657 2268 3713 diocriter
2327 3653 2592 3707 mellitam
2639 3650 2761 3720 ejus
2818 3648 3128 3701 doctrinam
3178 3642 3568 3710 degustarunt,

1995 3742 2399 3812 deplorandus.
2436 3740 2635 3795 Obitus
2663 3739 2784 3809 ejus
2809 3737 2866 3791 in
2897 3750 3018 3790 eam
3047 3732 3195 3787 diem
3223 3727 3449 3788 incidit,
3464 3739 3575 3793 qua

2003 3834 2241 3888 vivificae
2273 3831 2456 3888 crucis
2481 3830 2875 3886 cxaltatiunem
2906 3827 3272 3881 celebramus.
3319 3819 3575 3887 Septem—

2008 3929 2127 3987 bris
2155 3928 2364 3983 mensis
2397 3926 2668 3980 decimam
2711 3933 2988 3993 quartam.
3030 3920 3123 3974 Sic
3170 3916 3317 3972 enim
3366 3925 3598 3968 come--

2013 4024 2226 4088 uiebat,
2263 4037 2389 4077 eum
2433 4021 2529 4090 qui
2557 4019 2728 4073 vitam
2762 4030 2983 4071 omnem
3015 4013 3119 4068 sub
3149 4023 3313 4065 cruce
3362 4016 3576 4060 transe-

326 4136 501 4194 gerat,
536 4134 594 4180 et
622 4125 852 4196 gloriam
901 4137 1010 4176 non
1062 4120 1118 4174 in
1170 4120 1285 4176 alia
1354 4134 1415 4173 re
1458 4132 1625 4187 quam
1690 4116 1745 4171 in
1817 4130 1984 4172 cruce
2020 4115 2228 4171 Christi
2273 4116 2661 4174 collocaverat,
2718 4110 2858 4165 festo
2904 4108 3079 4177 ipsius
3120 4105 3232 4167 die,
3285 4115 3449 4170 quem
3506 4111 3591 4150 eL

332 4189 563 4276 materia
593 4189 696 4274 ista
724 4224 1014 4287 acceptum
1044 4212 1487 4269 circumferebat.
1536 4210 1787 4265 cinerem
1849 4209 2150 4278 deponere,
2208 4214 2374 4276 atque
2443 4204 2511 4259 ad
2577 4205 2748 4259 Deum
2796 4202 2851 4255 in
2899 4199 3133 4254 sublime
3166 4195 3299 4249 ferri
3335 4200 3391 4246 et
3423 4189 3575 4244 exal-

333 4317 460 4370 tari.
493 4314 571 4369 Eo
600 4326 734 4368 vero
760 4320 877 4365 tum
941 4306 1369 4361 innumerabilis
1433 4304 1524 4374 pie
1592 4303 1893 4357 viventium
1933 4302 2179 4355 virorum
2227 4309 2284 4355 et
2316 4298 2650 4355 feminarum
2680 4293 2978 4349 multitudo
3026 4304 3093 4343 ex
3140 4286 3319 4357 Syria,
3358 4282 3594 4344 Cilicia”

334 4411 508 4465 l’onto
551 4417 609 4463 et
651 4401 913 4459 Armenia
954 4399 1272 4457 conﬂuxit:
1311 4398 1408 4469 qui
1442 4406 1735 4468 postquam
1769 4408 1895 4449 cum
1938 4393 2045 4464 piis
2110 4395 2365 4450 manibus
2411 4406 2585 4464 prope
2630 4388 2957 4445 Basiliscum
3000 4394 3298 4455 martyrem
3339 4378 3598 4449 sepelie~

335 4516 487 4571 runt,
521 4515 739 4558 rursum
771 4499 900 4557 inde
926 4497 1208 4552 abierunt.

824 4660 831 4669 .
892 4614 1149 4671 ΚΕΦΑΔ.
1208 4611 1341 4667 AH'.

397 4717 534 4787 Περὶ
566 4712 678 4783 τῆς
706 4707 997 4777 τελευτῆς
1033 4705 1145 4760 τοῦ
1167 4702 1480 4770 ,βασιλέως
1513 4699 1858 4770 Ἀρκαδίαν.

407 4833 590 4906 Τρίτῳ
637 4828 682 4883 δ’
713 4829 821 4881 ἔτει
852 4823 994 4894 μετὰ
1054 4820 1153 4893 τὴν
1203 4818 1467 4888 τελευτὴν
1504 4816 1757 4872 Ἰωάννου
1815 4816 1912 4870 καὶ

352 4928 634 5001 Ἀρκάδιος
663 4918 943 4983 ἐτελεύτα,
980 4915 1232 4985 διάδοχον
1269 4913 1370 4982 τῆς
1400 4911 1707 4981 ἡγεμονίας
1739 4916 1913 4962 κατα-

342 5000 521 5076 λιπὼν
553 5015 832 5071 Θεοδόσιον
865 5010 958 5064 τὸν
1005 5009 1152 5070 υἱέα,
1201 5002 1393 5073 ὥσπερ
1418 5002 1483 5073 δὴ
1524 5002 1621 5055 καὶ
1651 5002 1684 5069 ἠ
1724 5000 1913 5070 μήτηρ

344 5113 634 5184 πρότερον,
666 5107 790 5179 ἄρτι
814 5102 1048 5172 γάλακτι
1071 5097 1423 5167 πεπαυμένον
1450 5094 1746 5163 τρέφεσθαι
1769 5105 1783 5120 ⁸
1814 5091 1916 5145 θυ-

343 5205 587 5275 γατέρας
621 5200 677 5254 δὲ
711 5196 1050 5267 Πουλχερίαν
1080 5194 1176 5246 καὶ
1212 5186 1507 5258 Ἀρκαδίαν
1537 5186 1633 5239 καὶ
1659 5184 1916 5255 Μαρίναν

343 5296 427 5350 ἔτι
456 5294 652 5364 κομιδῇ
684 5289 840 5354 νέας,
868 5287 927 5342 αἳ
979 5286 1072 5341 καὶ
1107 5284 1166 5336 ὲν
1199 5278 1469 5351 παρθενίᾳ
1501 5278 1803 5346 διέμειναν.
1836 5276 1915 5329 Οὐ

346 5385 531 5457 πολλῷ
577 5384 634 5437 δι
677 5382 912 5449 ὓστερον
960 5379 1054 5431 καὶ
1089 5374 1350 5442 Ὃνώριος
1385 5370 1562 5439 ὑδέρῳ
1586 5368 1810 5435 θνήσκει
1859 5368 1916 5420 ὲν

359 5478 571 5548 Ῥώμη,
620 5474 713 5528 τὸν
760 5472 864 5539 τῆς
916 5467 1159 5537 ἀδελφῆς
1208 5462 1416 5524 Γάλλας
1468 5459 1769 5521 Πλακιδῐας
1823 5458 1918 5509 καὶ

353 5565 770 5620 Κωνσταντίνου
805 5561 941 5625 υίδν,
986 5560 1079 5612 τὸν
1116 5557 1302 5628 τρίτον
1342 5549 1787 5609 Οὐαλεντινιανδν
1823 5550 1920 5602 καὶ

359 5657 627 5730 Ὁνωρίαν
684 5657 751 5727 τῇ
795 5651 983 5724 Ῥώμῃ
1039 5645 1377 5704 καταλιπών·
1416 5644 1563 5714 Πρὸς
1617 5641 1675 5694 δὲ
1705 5639 1784 5711 τῷ
1818 5641 1917 5711 τῆς

422 5794 500 5864 (l)
541 5790 784 5864 Comana
826 5787 1087 5864 oppidum
1142 5793 1250 5864 est.
1289 5779 1668 5864 cappadociaz.
1726 5776 1917 5859 (Plin.

354 5850 450 5922 lib‘.
482 5850 555 5932 τι,
589 5878 709 5934 cap.
756 5862 835 5929 '5.)
864 5850 1185 5914 secundum
1219 5854 1545 5946 Strabonem
1578 5850 1676 5906 lib.
1710 5864 1801 5913 xu,
1858 5850 1915 5903 iu

1936 4585 1982 4641 ὓ

2224 4554 2229 4555 γ
2256 4536 2350 4551 ’μ’

2437 4600 2607 4673 530
2640 4596 2867 4656 cspur
2906 4592 3195 4651 xxxvut.

2354 4694 2433 4748 De
2457 4688 2964 4762 obitu'imperatoris
2993 4687 3228 4743 Arcadii.

2085 4809 2221 4867 Post
2255 4806 2488 4865 Joannis
2540 4818 2810 4871 mortem,
2852 4803 3125 4859 Arcadius
3173 4807 3603 4869 quoqtte'annm

2017 4908 2184 4961 tertio
2235 4904 2532 4959 defunctus
2565 4914 2671 4966 est,
2705 4900 2867 4954 sicuti
2918 4905 2973 4951 et
3016 4903 3175 4950 antca
3221 4892 3421 4953 coniux
3464 4888 3605 4956 ejus.

2017 4998 2289 5055 Eudoxia.
2344 4995 2565 5064 Imperii
2608 5004 2987 5049 successorem
3038 4988 3084 5041 is
3126 4986 3296 5039 filium
3328 4980 3593 5036 Theodo-

2016 5091 2161 5146 sium
2193 5087 2442 5152 reliquit,
2481 5083 2815 5156 jampridem
2849 5096 2894 5140 a,
2925 5082 3070 5134 lacte
3106 5088 3404 5131 remotum.
3437 5072 3599 5127 Reli-s

2017 5183 2139 5252 quit
2193 5182 2357 5237 etiam
2399 5178 2563 5241 filias,
2596 5172 2966 5236 Puleheriam,
2997 5169 3286 5226 Arcadiam
3324 5181 3381 5223 et
3419 5166 3588 5220 Mari-

2018 5291 2172 5337 nam,
2203 5270 2501 5327 admodum
2532 5276 2775 5329 teneras,
2796 5281 2918 5334 quae.
2938 5266 2993 5319 in
3021 5261 3340 5332 virginitate
3363 5257 3595 5313 caelibes

2020 5381 2392 5440 permansere.
2431 5363 2642 5419 Dehinc
2670 5361 2845 5416 multo
2888 5366 3016 5430 post
3060 5357 3340 5413 Honorius
3363 5364 3604 5423 quoque:

2019 5459 2208 5515 Bon-te
2238 5456 2485 5527 bydrope
2517 5453 2702 5524 periit,
2744 5450 2957 5507 sororis
2987 5464 3102 5504 suae
3127 5447 3294 5503 Gallae
3323 5443 3601 5500 Placidia

2018 5559 2074 5604 et
2119 5548 2429 5605 Constantii
2490 5546 2663 5600 lilium
2716 5541 3167 5597 Valentinianum
3228 5536 3480 5600 tertium,
3528 5542 3605 5588 etv.

2020 5642 2189 5696 illiam
2222 5638 2475 5709 ejusdem
2509 5635 2835 5699 llonoriam,
2869 5639 2993 5703 post
3030 5646 3091 5687 se
3131 5634 3189 5686 in
3232 5644 3296 5684 ea
3331 5626 3466 5681 urbe
3493 5638 3602 5679 re-

2022 5772 2363 5830 convallibus
2392 5771 2687 5826 Antitauri.
2717 5767 3140 5823 Comanensium
3185 5762 3505 5818 mcutio‘est
3541 5757 3604 5819 1..

2023 5846 2152 5902 Cum
2176 5853 2352 5898 antea.
2379 5844 2441 5898 (ὲ.
2483 5843 2555 5897 De
2586 5841 2753 5913 agric.
2789 5848 2841 5894 et
2872 5838 3068 5893 censit.
3103 5837 3197 5891 lib.
3230 5850 3266 5890 ll
