4044 6482
350 388 486 454 1057

1295 362 1923 457 lECCLESIASTlC/E
1961 386 2349 452 IllS'l‘OR'lAi
2392 390 2535 453 LIB.
2581 387 2718 449 xw
2778 342 2799 361 ί

3466 385 3605 455 1058

347 497 584 569 δϐρυζον
619 498 697 559 είς
730 498 899 565 ἄκρον
921 495 1298 566 δοκιμασθεὶς,
1333 500 1475 554 οὕτω
1522 503 1614 557 τὸν
1649 503 1763 573 βίον
1795 519 1928 572 μετ-

2037 518 2161 557 zum
2202 503 2268 557 ad
2314 517 2591 557 summum
2630 516 2728 571 per
2755 498 3186 570 explorationem
3219 501 3502 572 probatus,
3535 506 3603 561 ad

350 588 586 660 ήλλαξεν
609 601 623 615 ⁸
660 589 756 640 ἐπὶ
828 586 887 640 δὲ
937 586 1113 657 τούτῳ
1139 590 1231 641 καὶ
1264 592 1291 641 ὁ
1345 590 1601 660 βασιλεὺς
1642 591 1924 662 Ἀρκάδιος

350 681 634 746 ἐτελεύτα,
662 678 868 750 κομιδῇ
906 679 1027 733 νέον
1058 679 1344 734 Θεοδόσιον
1394 683 1483 736 τὸν
1525 685 1693 736 παῖδα
1724 683 1924 747 λιπὼν,

350 780 477 853 ἄρτι
514 778 610 832 τὸν
653 777 841 846 ὄγδοον
873 777 1119 830 ἐνιαυτὸν
1167 778 1605 848 παρελαύνοντα.
1641 778 1846 850 Τριετῆ
1877 779 1924 831 δ’

350 873 482 927 ὅντα
526 871 685 941 καὶὴ
735 871 918 941 μήτηρ
970 870 1134 924 αὑτὸν
1186 870 1586 939 καταλείψασα,
1632 872 1771 940 πρδς
1826 871 1925 928 τὰς

354 964 568 1017 ἐκεῖθεν
597 962 754 1024 δίκας
788 961 1129 1029 μετέϐαινεν.
1163 963 1291 1015 Ἐπὶ
1336 963 1393 1015 δὲ
1421 962 1710 1029 διαθήκαις
1741 961 1926 1014 τελευ-

353 1059 528 1126 τήσας
562 1055 870 1124 Ἀρκάδιος,
900 1054 1079 1116 δείσας
1108 1055 1238 1123 περὶ
1269 1053 1346 1125 τῷ
1370 1055 1523 1107 παιδὶ
1555 1056 1630 1123 μή
1654 1071 1707 1106 τι
1733 1052 1920 1115 πάθοι,

369 1143 692 1211 Ἰσδιγέρδην
730 1141 821 1194 τὸν
866 1142 1093 1211 Περσῶν
1150 1140 1399 1211 βασιλέα,
1434 1143 1764 1210 κουράτωρα
1810 1134 1924 1192 οἷον

354 1235 451 1290 καὶ
476 1235 749 1305 κηδεμόνα
774 1234 875 1304 τῆς
900 1236 1098 1306 ἀρχῆς,
1134 1235 1238 1297 ἕως
1270 1227 1331 1287 οὗ
1376 1234 1677 1304 ἀνδρωθείη
1711 1235 1740 1286 ὁ
1771 1235 1920 1297 παῖς,

352 1330 472 1390 ταῖς
495 1328 736 1398 γραφαῖς
766 1327 1022 1381 ἐνετίθει.
1053 1327 1118 1381 ’0
1158 1326 1273 1396 δῆτ’
1315 1327 1522 1388 ἐκεῖνος
1558 1325 1767 1396 μαθὼν,
1798 1325 1925 1378 ἀλο-

351 1421 531 1490 γήσας
555 1420 745 1490 μηδὲν,
783 1420 981 1487 καινήν
1001 1437 1124 1473 τινα
1144 1419 1239 1472 καὶ
1269 1419 1580 1488 θαυμασίαν
1610 1417 1927 1482 ἐπεδείξατο

351 1513 578 1582 ἀρετήν.
623 1511 868 1580 ’Δφθόνῳ
899 1510 1006 1580 γὰρ
1044 1510 1238 1580 εἰρήνῃ
1275 1511 1411 1579 πρὸς
1448 1510 1757 1578 Ῥωμαίους
1787 1527 1925 1580 χρη-

354 1604 612 1671 σάμενος,
644 1601 720 1666 ὡς
772 1602 1182 1664 ἑκατοντούτεις
1216 1602 1425 1673 πρᾶξαι
1476 1601 1729 1665 σπονδὰς,
1764 1602 1926 1655 ἀπεί-

357 1712 518 1765 ρατον
542 1695 811 1763 Θεοδισίῳ
837 1694 935 1761 τὴν
963 1693 1246 1763 βασιλείαν
1276 1675 1527 1758 διέσωζε.
1572 1695 1682 1748 Καὶ
1710 1693 1772 1764 δή
1803 1709 1929 1746 τινα

365 1787 636 1857 ’Δντίοχον
670 1787 977 1857 θαυμάσιον
1008 1787 1180 1857 ἄνδρα
1221 1785 1315 1841 καὶ
1340 1785 1667 1854 λογιώτατον
1697 1785 1924 1850 ἐκλεξά-

2031 596 2178 649 lmnc
2235 597 2456 649 modum
2510 594 2621 648 vita
2674 603 2759 647 est
2811 592 3123 647 defunctus.
3177 594 3309 650 Post
3359 595 3507 651 hunc
3551 609 3607 652 et

2030 688 2331 757 imperator
2381 688 2652 742 Arcadius
2707 697 2963 743 mortuus
3015 694 3137 754 est,
3194 688 3606 743 adolescentulo

2028 778 2327 833 admodum
2378 778 2689 833 Theodosio
2741 779 2874 845 lilio,
2913 790 3166 834 octavum
3219 780 3478 834 videlicet
3524 781 3609 834 in-

2027 886 2216 941 grsso
2265 886 2491 937 annum,
2531 873 2724 926 relicto
2767 889 2781 925 :
2818 875 2911 941 qui
2965 888 3091 928 eum
3139 873 3399 927 trimulus
3434 884 3607 927 esset.

2030 973 2208 1016 mater
2240 977 2462 1031 quoque
2494 978 2617 1015 eum
2653 962 2994 1032 relinquens,
3031 961 3099 1016 ad
3130 962 3346 1017 futuras
3384 962 3607 1017 transiit

2028 1067 2243 1121 pmnas.
2278 1053 2548 1107 Arcadius
2574 1069 2759 1123 porro,
2794 1070 2968 1123 puero
2997 1070 3066 1109 ne
3095 1054 3224 1125 quid
3255 1056 3605 1125 contingeret

2029 1157 2308 1209 metuens.
2344 1158 2471 1202 ante
2512 1157 2766 1213 mortem,
2805 1147 3138 1220 lsdigcrdem
3174 1151 3465 1205 Persarum
3509 1167 3599 1204 re-

2028 1254 2151 1310 gem
2194 1248 2504 1295 curatorem
2547 1242 2667 1312 ejus
2722 1252 2777 1295 et
2815 1241 2976 1294 simul
3017 1242 3258 1310 imperii,
3295 1242 3471 1296 donec
3511 1241 3603 1296 ille

2030 1329 2084 1383 in
2118 1328 2295 1383 virum
2329 1329 2610 1392 evaderet,
2650 1338 2982 1386 testamento
3021 1331 3277 1386 instituit.
3311 1333 3466 1397 Quod
3504 1332 3597 1386 ubi

2031 1420 2338 1492 lsdigerdes
2387 1424 2664 1492 cognovit,
2708 1438 2768 1477 re
2815 1438 2879 1477 ea
2932 1422 3156 1477 minime
3196 1425 3462 1491 neglecta,
3507 1440 3605 1479 no-

2028 1528 2158 1568 vum
2187 1515 2464 1583 quoddam
2503 1515 2846 1570 admiranda:
2880 1515 3104 1569 virtutis
3136 1516 3388 1570 exhibuit
3426 1518 3605 1585 speci-

2033 1622 2180 1662 men.
2228 1607 2369 1662 Pace
2410 1623 2646 1677 namque
2684 1610 2916 1678 prolixa,
2948 1617 3170 1663 centum
3209 1623 3481 1663 annorum
3520 1626 3608 1663 m-

2031 1697 2210 1752 dueiis
2246 1712 2373 1751 cum
2412 1696 2673 1751 Romanis
2721 1697 2897 1761 initis,
2931 1699 3226 1767 imperiutn
3268 1697 3603 1761 Theodosio,

2033 1773 2331 1860 quominus
2380 1788 2813 1858 pericli'aretur,
2865 1790 3238 1855 conservavit,
3305 1801 3361 1844 et
3418 1790 3611 1844 Antio-

357 1893 541 1948 μενος,
571 1877 873 1946 ἐπίτροπον
907 1871 1021 1930 οἷον
1054 1877 1152 1930 καὶ
1189 1876 1534 1946 παιδαγωγὸν
1564 1875 1758 1947 ἐκείνῳ
1785 1874 1923 1931 ἁπέ-

2035 1882 2196 1938 chum
2227 1880 2542 1950 quemdam,
2578 1880 2758 1935 virum
2788 1881 3175 1935 admirandum
3207 1892 3264 1936 et
3293 1882 3609 1937 eruditissi-

355 1969 567 2029 στελλε,
611 1967 740 2021 τάδε
795 1966 935 2038 πρὸς
986 1966 1134 2032 λέξιν
1186 1969 1254 2038 τῇ
1298 1965 1589 2038 Ῥωμαίων
1640 1967 1929 2036 συγκλήτῳ

354 2054 713 2127 δεδηλωκὼς’
763 2073 783 2108 ι
849 2054 1137 2124 Ἀρκαδίου
1196 2054 1292 2108 τοῦ
1332 2054 1605 2125 ὑμετέρου
1662 2053 1929 2124 βασιλέως

355 2146 689 2218 κουράτωρά
723 2145 915 2216 μετοῦ
940 2145 1133 2206 παιδὸς
1162 2145 1637 2214 καταστήσαντος,
1671 2142 1765 2195 τὸν
1799 2143 1931 2195 ἀνα-

355 2238 673 2309 πληροῦντα
719 2238 812 2292 τδν
841 2237 976 2307 ἐμὸν
1023 2236 1328 2291 ἀπέστειλα
1368 2236 1553 2291 τόπον.
1597 2236 1691 2306 Μή
1722 2252 1806 2298 τις
1837 2230 1931 2288 οὖν

357 2333 438 2395 είς
468 2330 766 2401 ἐπιϐουλὴν
792 2329 889 2383 τοῦ
915 2330 1106 2395 παιδὸς
1144 2330 1519 2401 ὲπιχειρήσοι,
1552 2328 1639 2382 ἵνα
1672 2329 1749 2398 μὴ
1775 2328 1934 2380 πόλε-

361 2441 462 2494 μον
490 2425 754 2480 ἄσπονδον
801 2422 945 2476 κατὰ
982 2422 1270 2490 Ῥωμαίων
1315 2423 1548 2492 κινήσω.
1575 2440 1595 2473 ι
1628 2421 1741 2474 Καὶ
1769 2421 1797 2472 ό
1830 2419 1932 2488 μὲν

369 2518 645 2587 Ἀντίοχος
669 2519 727 2569 ὲν
762 2514 1337 2570 Κωνσταντινούπολει
1368 2515 1685 2584 γενόμενος,
1717 2514 1930 2584 βασιλι-

359 2610 472 2673 κῶς
501 2610 673 2680 ἀνῆγε
712 2609 807 2664 τὸν
843 2610 1032 2673 παῖδα,
1079 2608 1208 2679 περί
1241 2624 1301 2660 τε
1330 2607 1390 2661 τὸ
1421 2607 1650 2677 κόσμιον
1684 2608 1742 2659 ὲν
1770 2604 1935 2676 προό-

358 2703 471 2767 δοις
505 2701 983 2772 προμηθούμενος,
1012 2702 1106 2754 καὶ
1139 2701 1214 2764 ὡς
1257 2700 1323 2753 ἂν
1358 2701 1580 2770 ἄριστος
1603 2698 1673 2751 τὰ
1696 2698 1932 2767 πολέμια

359 2798 444 2866 εἴη
466 2813 481 2826 ·
510 2797 756 2871 τέσσαρα
781 2795 826 2846 δ’
856 2796 952 2864 ἐτη
996 2793 1150 2865 αὐτῷ
1191 2793 1587 2861 συνδιαγαγὼν,
1620 2791 1935 2861 ἀπηλλάγη.

370 2891 437 2944 Ἢ
469 2890 528 2945 δὲ
564 2887 846 2943 τῶννδλων
873 2886 1142 2955 διοίκησις
1173 2886 1260 2939 ἐπ’
1295 2885 1566 2957 ’Δνθεμίῳ
1599 2885 1677 2955 τῷ
1709 2886 1939 2954 ὑπάρχῳ

360 2984 642 3048 ἐτάττετο,
671 2982 730 3048 ὃς
761 2984 891 3044 παῖς
948 2982 1137 3044 παιδὸς
1181 2977 1251 3051 ἦν
1279 2980 1553 3034 Φιλίππου
1578 2995 1595 3013 ο
1637 2979 1695 3042 δς
1729 2977 1940 3033 Παῦλον

359 3077 453 3131 τὸν
482 3077 584 3144 τῆς
616 3075 1036 3128 Κωνσταντίνου
1083 3072 1387 3126 ἐπίσκοπον
1413 3070 1678 3137 ἐκϐαλὼν,
1701 3075 1768 3141 τῇ
1817 3070 1937 3127 Ἐκ-

363 3168 569 3238 κλησίᾳ
594 3167 685 3219 τὸν
736 3163 1081 3235 φρενοϐλαϐἧ
1137 3164 1474 3220 Μακεδόνων
1506 3164 1949 3237 ἀντεισήγαγεν,
1964 3212 2004 3269 C

362 3260 438 3323 ὼς
471 3263 530 3313 ἐν
564 3261 630 3328 τῇ
668 3257 873 3326 δεκάτῃ
924 3255 1033 3308 τῶν
1085 3255 1341 3325 ἱστοριῶν
1374 3254 1720 3324 διελὰϐομεν.
1768 3251 1936 3319 Οὗτος

362 3354 428 3423 δὴ
460 3354 488 3404 ὁ
532 3349 816 3421 ’Δνθέμιος
850 3348 1065 3417 καὶτῆς
1100 3347 1523 3401 Κωνσταντίνου
1555 3347 1626 3400 τὰ
1656 3346 1812 3417 τείχη
1837 3363 1939 3399 πεη

369 3442 582 3515 ριελὼν,
608 3444 703 3495 καὶ
735 3441 921 3511 μεῖζον
947 3438 1202 3510 εὐρύνας,
1226 3440 1292 3492 τὰ
1315 3436 1412 3491 νῦν
1443 3436 1700 3509 δρώμενα
1725 3438 1938 3508 μεγάλα

364 3535 599 3605 χερσαῖα
634 3531 790 3601 τείχη
817 3529 1027 3600 ταύτην
1068 3527 1479 3600 περιεϐάλλετο,
1506 3527 1601 3581 δύο
1652 3528 1830 3599 μῆνας
1859 3528 1940 3597 τῷ

364 3627 516 3696 ἔργῳ
545 3624 624 3695 τῷ
646 3623 825 3694 πολλῷ
848 3624 942 3676 καὶ
972 3622 1160 3693 σχεδὸν
1189 3622 1402 3694 ἀπίστῳ
1441 3621 1599 3691 τάχει
1632 3622 1943 3693 ἐκδαπανή-

367 3737 488 3783 σας.
537 3721 808 3790 Φρονήσει
849 3717 908 3769 δὲ
960 3717 1070 3771 τῶν
1127 3715 1339 3769 πολλῶν
1385 3717 1683 3786 διαφέρων,
1742 3714 1942 3785 βουλῆς

308 3846 311 3851 ‹
364 3816 493 3869 ἄνευ
542 3813 697 3868 οὐδὲν
746 3813 1012 3884 πράττειν
1047 3814 1255 3883 ᾑρεῖτο.
1282 3811 1396 3866 Καὶ
1445 3811 1660 3873 πολλοῖς
1693 3811 1794 3880 μὲν
1846 3810 1941 3863 καὶ

364 3906 543 3968 ἄλλοις
572 3905 918 3958 ἀνεκοινοῦτο
942 3905 1205 3973 περὶτῶν
1251 3905 1541 3973 πρακτέων
1561 3918 1577 3934 ⁶
1613 3903 1851 3973 μάλιστα
1885 3903 1942 3955 δὲ

365 3999 436 4054 τὰ
462 3999 635 4051 πολλὰ
664 3997 890 4068 Τρωῖλῳ
923 3998 1001 4067 τῷ
1052 4001 1281 4067 σοφιστῇ
1318 3997 1485 4066 συνῆν
1505 4011 1521 4027 ⁶
1568 3988 1611 4064 ᾧ
1662 3994 1802 4065 μετὰ
1834 3995 1942 4048 τῶν

367 4090 686 4160 προσόντων
716 4089 900 4143 καλῶν
944 4090 1042 4144 καὶ
1068 4088 1325 4159 πολιτική
1360 4105 1444 4151 τις
1496 4089 1762 4158 φρόνησις
1807 4086 1943 4157 ἐφά-

368 4185 554 4253 μιλλος
590 4182 860 4252 Ἀνθεμίῳ
886 4183 984 4253 οὐχ
1000 4178 1162 4255 ἦττον
1186 4181 1273 4257 ἦν.
1294 4183 1508 4238 suam
1536 4184 1721 4253 μέντοι
1743 4181 1941 4253 χρεὼν,

364 4277 440 4340 ὡς
468 4277 856 4346 προστάγματι
881 4276 1149 4346 βασιλέως
1175 4276 1390 4346 σύναμα
1421 4276 1587 4345 Κύρῳ
1606 4272 1689 4346 τῷ
1715 4274 1942 4344 ἐπάρχῳ

365 4371 434 4425 τὰ
461 4371 604 4424 κατὰ
637 4368 737 4440 τὴν
770 4368 928 4423 πόλιν
976 4367 1236 4433 διέποντι,
1268 4367 1449 4437 πολλῷ
1480 4367 1711 4437 ὕστερον
1750 4366 1822 4420 τὰ
1844 4368 1944 4437 τῆς

365 4463 579 4527 πόλεως
609 4464 872 4532 ἀνήγειρε
926 4461 1108 4530 τείχη.
1153 4460 1318 4517 Ἀλλὰ
1349 4461 1479 4530 περὶ
1522 4459 1624 4530 μὲν
1663 4458 1941 4529 Ἀντιόχου

2031 1988 2206 2040 mum,
2240 1972 2515 2028 delectum
2552 1973 2724 2028 veluti
2763 1981 3000 2028 tutorem
3037 1982 3094 2029 et
3129 1972 3506 2044 predagogum,
3536 1974 3603 2028 ad

2030 2079 2181 2129 eum,
2218 2077 2345 2119 eum
2372 2063 2581 2117 litteris
2607 2062 2660 2116 in
2690 2063 2806 2116 haec
2831 2064 2997 2117 verba
3026 2064 3092 2116 ad
3129 2073 3380 2118 senatum
3408 2064 3610 2142 Roma-

2032 2171 2163 2210 num
2198 2156 2502 2225 conceptis,
2536 2153 2683 2209 misit
2716 2172 2730 2209 :
2759 2155 2925 2226 A38
2956 2174 2975 2206 ι
3011 2154 3147 2211 Cum
3198 2156 3464 2211 Arcadius
3507 2156 3611 2210 im-

2030 2256 2255 2316 perator
2290 2254 2473 2299 vester
2512 2259 2599 2298 me
2636 2243 2730 2297 lilii
2779 2244 2862 2299 sui
2907 2254 3219 2300 curatorem
3266 2245 3607 2311 instituerit,

2033 2339 2126 2406 qui
2181 2337 2361 2394 oilicio
2414 2352 2536 2391 meo
2583 2336 2863 2406 fungatur,
2899 2338 3075 2390 virum
3124 2337 3307 2393 isthuc
3350 2339 3498 2394 misi.
3532 2339 3612 2409 Ne

2036 2431 2164 2502 quis
2209 2430 2376 2501 igitur
2410 2443 2583 2499 puero
2622 2428 2850 2483 insidias
2882 2436 3103 2483 struere
3135 2429 3357 2493 audeat,
3391 2444 3458 2483 ne
3492 2429 3615 2484 bel-

2036 2524 2151 2580 lum
2180 2522 2303 2591 ipse
2331 2521 2676 2592 implacabile
2700 2521 2967 2574 adversus
2988 2521 3266 2576 Romanos
3291 2537 3563 2578 moveam.
3589 2540 3610 2573 ι

2037 2616 2106 2671 Et
2132 2615 2441 2670 Antiochus
2477 2614 2565 2668 ubi
2598 2612 3133 2682 Constantinopolim
3169 2614 3342 2678 venit,
3376 2602 3611 2683 puerum

2038 2707 2115 2761 ita
2162 2715 2222 2762 ut
2264 2707 2652 2776 imperatorem
2696 2705 2878 2768 decet,
2917 2704 3200 2770 educavit,
3261 2705 3397 2760 illud
3434 2706 3620 2775 provi-

2039 2798 2180 2853 dens
2225 2808 2280 2851 et
2326 2812 2552 2863 curans,
2596 2805 2657 2850 ut
2698 2798 2858 2851 simul
2897 2813 3035 2868 puer
3067 2807 3123 2853 et
3155 2800 3617 2869 magniﬁcentiam

2041 2891 2098 2944 in
2126 2890 2411 2960 publicum
2449 2905 2773 2960 progressus
2808 2890 3097 2955 retineret,
3119 2900 3175 2944 et
3208 2891 3375 2946 rebus
3406 2890 3620 2947 bellicis

2042 2984 2284 3049 Optimus
2326 2991 2497 3035 esset.
2534 2978 2668 3031 Cum
2701 2987 2882 3031 autem
2914 2968 3347 3048 quadriennium
3383 2996 3507 3035 cum
3552 2996 3620 3035 eo

2040 3073 2256 3138 fuisset,
2290 3073 2560 3128 discessit.
2611 3073 2814 3127 Rerum
2867 3082 3050 3127 autem
3092 3073 3340 3128 omnium
3382 3074 3621 3128 admini-

2043 3166 2238 3220 stratio
2266 3165 2564 3219 Anthemio
2612 3164 2869 3232 praefecto
2910 3164 3202 3217 commissa
3253 3173 3337 3218 est
3372 3181 3387 3218 :
3424 3167 3516 3232 qui
3553 3182 3621 3220 ex

2045 3257 2157 3311 [ilio
2202 3272 2375 3326 nepos
2422 3255 2544 3326 ejus
2593 3254 2829 3326 Philippi
2866 3256 2992 3319 fuit,
3023 3257 3117 3325 qui
3149 3258 3322 3312 Paulo
3350 3257 3625 3314 Constan-

1986 3412 1991 3417 ,
2042 3347 2404 3415 tinopolitano
2431 3346 2690 3415 episcopo
2720 3347 2919 3414 ejecto,
2943 3362 3210 3401 vesanum
3239 3345 3620 3404 Macedonium

2042 3456 2144 3509 pro
2188 3455 2255 3494 eo
2306 3439 2361 3493 in
2411 3438 2714 3493 Ecelesiam
2758 3439 2994 3498 induxit.
3031 3439 3193 3494 sicuti
3229 3440 3373 3494 libro
3406 3439 3623 3494 decimo

2044 3532 2410 3585 Historiarum
2442 3529 2704 3587 diximus.
2735 3530 3062 3584 Anthemius
3096 3530 3199 3585 iste
3236 3532 3436 3585 muenia
3470 3531 3621 3586 Con-

2042 3622 2430 3697 stantinOpolis
2472 3620 2802 3685 demolitus,
2848 3621 3119 3690 pommria
3172 3621 3326 3677 urbis
3371 3622 3622 3692 prolatu-

2042 3730 2160 3776 rus,
2196 3713 2433 3767 lateritio
2469 3712 2677 3782 ingenti
2709 3711 2803 3780 qui
2840 3727 2986 3765 nunc
3013 3712 3269 3766 cernitur
3300 3729 3460 3766 muro
3498 3729 3620 3768 eam

2043 3805 2431 3871 circumdedit,
2476 3820 2645 3874 opere
2675 3820 2742 3858 eo
2778 3820 2875 3873 per
2908 3820 3127 3860 menses
3159 3805 3299 3859 duos
3334 3822 3525 3878 magna
3567 3815 3625 3862 et

2041 3897 2157 3953 fere
2202 3896 2515 3953 incredibili
2563 3896 2850 3951 celeritate
2898 3896 3170 3951 confecto.
3214 3896 3281 3951 Et
3319 3914 3442 3953 cum
3488 3914 3623 3967 pru—

2044 3991 2228 4047 tientia
2261 3991 2461 4045 multos
2487 3990 2827 4054 antecelluit,
2858 4003 2972 4045 tum
3008 3991 3317 4046 inconsulto
3346 3991 3484 4046 nihil
3515 3992 3622 4045 sibi

2043 4085 2318 4155 agendum
2364 4084 2540 4138 duxit.
2591 4084 2669 4138 Ac
2716 4098 2840 4138 cum
2892 4084 3080 4138 multis
3116 4085 3339 4154 quidem
3378 4085 3470 4139 ille
3504 4085 3628 4139 aliis

2044 4178 2113 4232 de
2152 4177 2320 4230 rebus
2352 4174 2609 4245 gerendis
2654 4176 2885 4228 consilia
2932 4177 3396 4241 communicavit;
3435 4176 3625 4230 Troilo

2045 4284 2228 4327 tamen
2277 4269 2526 4338 sephista
2566 4267 2918 4321 familiariter
2955 4267 3190 4320 maxime
3237 4282 3368 4322 usus
3403 4277 3485 4321 est
3518 4287 3533 4320 :
3569 4269 3623 4323 in

2044 4379 2188 4434 quo,
2248 4372 2444 4434 prmter
2497 4371 2725 4414 caeteras
2780 4359 3049 4422 virtutes,
3106 4359 3401 4428 prudentia
3456 4361 3622 4414 etiam

2043 4456 2292 4529 quaedam
2390 4453 2708 4524 reipublica:
2790 4451 3245 4507 administrandae
3340 4452 3623 4507 Anthemii

362 4560 459 4610 καὶ
496 4555 784 4625 Ἀνθεμίου
813 4553 924 4609 τῶν
954 4552 1223 4624 βασιλέως
1254 4552 1620 4622 παιδαγωγῶν
1644 4551 1934 4622 ἀποχρών-

2041 4550 2238 4604 :umula
2277 4548 2400 4606 fuit.
2436 4546 2569 4604 illud
2610 4561 2742 4602 sane
2788 4544 3368 4605 animadvertendum,
3416 4545 3625 4601 Αιιιιιιις

359 4666 471 4713 τως
497 4650 764 4719 είρήσθω.

2047 4645 2237 4706 mium,
2278 4639 2629 4709 impcra:oris
2667 4640 2848 4710 jussu,
2885 4654 2992 4690 una
3030 4654 3151 4691 cum
3187 4635 3328 4706 Cyro
3363 4638 3624 4706 pr.rleelo

361 4743 525 4807 urbi,
577 4744 743 4813 longo
810 4751 937 4812 post
1005 4750 1257 4812 tempore
1317 4740 1470 4797 urbis
1541 4739 1745 4795 muenia
1812 4738 2209 4796 construxisse.
2299 4737 2376 4792 De
2421 4734 2696 4789 Antiocho
2776 4741 2833 4788 et
2913 4731 3210 4786 Anthemio
3274 4729 3623 4800 imperatoris

361 4838 670 4910 padagogis
699 4838 816 4893 haec
845 4837 990 4892 dicta
1022 4836 1317 4893 sulIiciant.

360 5054 501 5122 Περὶ
523 5055 670 5119 βίου
702 5050 801 5104 καὶ
836 5048 1073 5122 ἀγωγῆς
1101 5049 1201 5122 καὶ
1224 5047 1335 5122 τῇς
1365 5045 1483 5101 τῶν
1505 5045 1725 5122 κοινῶν
1750 5058 1940 5122 πραγ-

426 5117 633 5194 pater
680 5117 1070 5194 διοικήσεως-ο
1118 5120 1207 5194 {tt
1240 5118 1645 5194 aegeogatgifag
1676 5118 1773 5194 κέιὶ
1805 5117 1942 5194 αρε-

430 5186 946 5274 ζῆςιηουλχερίας
979 5187 1093 5274 τῆς
1114 5186 1464 5254 βασιλίδος,
1494 5186 1767 5257 ἀδελφῆς
1800 5188 1941 5239 Θεο-

431 5265 646 5318 δοσίου
672 5262 779 5315 τοῦ
810 5262 1274 5328 αὐτοκράτορος.

443 5377 510 5430 Ἥ
535 5376 592 5430 δὲ
623 5374 714 5429 τοῦ
748 5373 883 5427 Θεοῦ
915 5373 1150 5444 πρόνοια
1201 5369 1504 5443 προϊδοῦσα
1537 5369 1936 5426 εὐσεϐέστατον

358 5469 582 5524 ἔσεσθαι
614 5474 706 5521 τὸν
736 5467 963 5537 βασιλέα
990 5466 1299 5531 Θεοδόσιον,
1327 5464 1421 5521 καὶ
1448 5464 1611 5520 ἄλλον
1639 5462 1936 5531 ἐπίτροπον

361 5562 733 5633 γνησιώτερον
759 5561 934 5633 τούτῳ
964 5561 1236 5631 ἐπέστησε
1266 5556 1717 5629 τῆς.ήγεμονίας,
1759 5553 1934 5609 [lauit-

361 5656 552 5727 χερίαν
585 5654 686 5726 τὴν
740 5653 999 5724 ἀδελφὴν,
1034 5654 1092 5706 ὲν
1127 5653 1223 5723 νέα
1260 5652 1404 5707 πάνυ
1436 5653 1502 5721 τῇ
1557 5647 1749 5719 ἡλικίᾳ
1780 5645 1936 5714 σοφί-

364 5765 558 5812 σασαν,
589 5748 666 5811 ὡς
704 5747 870 5818 μηδὲν
901 5746 1174 5801 ἐλλείπειν
1209 5746 1396 5815 ἐκείνῃ
1425 5743 1517 5795 ἐπί
1547 5758 1604 5794 τε
1635 5742 1806 5810 ἀρετῇ
1841 5738 1937 5792 καὶ

361 5840 612 5913 πολιτικῇ
666 5842 927 5913 φρονήσει
976 5841 1069 5894 καὶ
1118 5839 1227 5893 τῶν
1279 5835 1411 5908 περὶ
1456 5834 1633 5892 ταῦτα
1679 5832 1939 5887 πλεῖστον

2051 5042 2127 5097 De
2158 5042 2286 5101 vita,
2325 5037 2680 5097 institutione,
2717 5031 3283 5101 administrationeque
3315 5045 3630 5101 rerumipy

2122 5099 2405 5167 blicarum.
2436 5106 2569 5163 Item
2602 5106 2668 5158 de
2711 5107 2893 5159 divina
2939 5104 3138 5173 pietate
3173 5099 3222 5173 et
3272 5102 3463 5155 virtute
3494 5099 3627 5154 Pul-

2122 5182 2340 5244 cheriaz.
2360 5179 2557 5234 sororis
2587 5176 2860 5230 Theodosii
2886 5172 3254 5243 imperatoris.
3346 5214 3347 5217 η

2115 5359 2471 5416 Providentia
2502 5368 2687 5413 autem
2718 5355 2930 5417 divina,
2957 5353 3090 5408 illud
3121 5351 3399 5422 praecipue
3430 5364 3630 5402 curans

2046 5465 2102 5511 ut
2130 5454 2256 5526 pius
2284 5452 2526 5506 maxime
2550 5449 2900 5504 TheodOsius
2927 5447 3227 5517 imperator
3254 5443 3434 5505 ﬂeret,
3461 5441 3628 5494 alium

2045 5565 2269 5620 quoque
2328 5555 2568 5602 tutorem
2629 5557 2951 5615 germanum
3004 5539 3177 5611 magis
3232 5536 3464 5607 imperio
3513 5535 3632 5604 ejus

2046 5642 2313 5714 prmi‘eeit,
2389 5639 2736 5693 Pulcheriam
2788 5635 3047 5688 nimirum
3102 5644 3384 5695 sororem,
3430 5643 3552 5697 qua:
3599 5641 3630 5680 a

2001 5764 2007 5778 ι
2047 5734 2222 5806 prima
2259 5731 2443 5786 statim
2475 5736 2637 5784 :etate
2685 5727 2759 5781 ita
2800 5724 3006 5795 sapuit,
3043 5731 3105 5777 ut
3139 5723 3344 5775 virtute
3387 5726 3441 5772 et
3480 5716 3633 5776 civili

2049 5825 2342 5899 prudentia
2368 5824 2450 5880 eis
2478 5839 2587 5879 non
2617 5822 2862 5890 cederet,
2887 5821 2981 5891 qui
3009 5822 3063 5874 in
3089 5819 3178 5875 his
3205 5817 3367 5871 rebus
3395 5813 3632 5871 maxime
