4044 6440
476 341 616 406 ltili?)

1691 337 2124 402 NICEPHORI
2154 341 2501 404 CALLlSTI

3589 344 3730 412 10‘!

472 466 802 534 querentur,
841 457 1096 513 humanae
1135 455 1333 512 mentis
1376 450 1596 527 captum
1645 468 1774 511 eum
1820 472 2047 528 exsupe-

2159 459 2509 530 καρτερικὸς,
2563 458 2637 520 ὡς
2692 457 2939 529 ἀντέχειν
2986 458 3183 531 ῥᾳδίως
3232 460 3353 525 ταῖς
3410 462 3735 530 μεταϐολαῖς

469 571 598 610 rare
652 554 990 626 judicarent.
1042 550 1195 606 Adeo
1249 551 1414 606 etiam
1475 550 1638 606 fortis
1686 561 1743 606 et
1793 551 2048 606 labo:um

471 647 713 716 patiens.
759 654 819 698 ut
870 643 1027 697 facile
1082 641 1521 697 vicissitudinem
1571 651 1628 696 et
1686 642 2049 697 mutationem

472 749 790 806 temporum
816 735 1136 792 sustineret.
1166 747 1405 800 cumque
1427 740 1559 785 aastn
1581 731 1738 801 juxta
1765 738 1820 785 et
1845 731 2049 800 frigore

472 837 838 883 concertarct.
885 825 1109 897 Jejunio
1163 825 1440 894 frequenti
1500 840 1559 878 se
1607 823 1937 889 assuefecit,
1996 834 2050 879 et

475 922 710 975 maxime
745 929 943 989 quarto
982 918 1368 979 hebdomadis,
1403 925 1459 972 et
1492 932 1558 972 eo
1591 918 1684 988 qui
1718 918 2047 972 Parasceves

471 1030 670 1068 nomen
707 1014 935 1068 sortitus
968 1024 1071 1077 est,
1111 1013 1223 1076 die,
1280 1011 1763 1066 Christianismum
1796 1010 1862 1064 ad
1899 1025 2048 1064 sum-

473 1120 620 1157 tnum
657 1105 911 1159 excolere
960 1105 1182 1165 volens;
1226 1112 1392 1172 alque
1438 1111 1499 1156 ut
1545 1102 1668 1156 aula
1713 1102 1833 1171 ejus
1875 1101 2046 1170 impe-

468 1197 625 1251 rizdis
661 1213 717 1251 re
762 1197 911 1250 nulla
939 1210 968 1248 a
999 1197 1335 1250 monasterio
1366 1194 1634 1255 differret,
1666 1193 1858 1247 sedulo
1886 1208 2048 1247 cura-

472 1290 570 1342 vit.
609 1289 763 1343 Mane
795 1303 1158 1358 consurgens,
1192 1288 1427 1359 hymnos
1462 1287 1573 1340 Deo
1606 1302 1729 1341 cum
1761 1285 2071 1341 sororibus

467 1380 697 1437 alternis
747 1379 970 1442 cecinit,
1014 1389 1070 1433 et
1109 1377 1352 1447 Spiritus
1393 1376 1559 1430 verba
1588 1391 1805 1445 semper
1850 1376 1903 1430 in
1952 1392 2046 1432 ore

470 1469 682 1524 habuit.
717 1471 854 1524 Cum
888 1471 1163 1541 episcopis
1196 1481 1250 1525 et
1281 1471 1660 1527 sacerdotibus
1692 1484 2043 1538 congressus,

470 1562 738 1617 obscuros
769 1564 917 1619 locos
948 1574 1003 1618 et
1031 1564 1205 1619 nodos
1234 1562 1667 1632 Scripturarum,
1704 1561 1849 1637 haud
1886 1562 2047 1616 aliter

468 1669 632 1722 quam
707 1656 752 1709 si
822 1656 994 1710 sacris
1049 1654 1167 1724 ipse
1230 1655 1479 1710 initiatus
1534 1662 1702 1717 esset,
1758 1652 2042 1723 explicuit.

471 1748 768 1803 Sacrorum
832 1747 1100 1802 librorum
1169 1747 1606 1816 eorunidemque
1678 1748 2040 1816 interpretum

468 1839 938 1908 congerendorum
988 1840 1128 1894 adeo
1174 1838 1280 1893 fuit
1320 1838 1626 1904 studiosus,
1667 1847 1726 1893 ut
1771 1853 1833 1892 ea
1874 1838 2035 1901 laude
2070 1828 2111 1883 Β

468 1933 765 1987 Ptolemaeo
808 1931 1041 1988 inferior
1077 1947 1189 1987 non
1236 1941 1404 1987 esset.
1452 1931 1627 1987 Noctu
1674 1932 1756 1988 eis
1795 1931 2047 2001 legendis

467 2040 690 2093 operam
733 2024 955 2079 navavit
984 2040 1003 2079 ι
1032 2024 1260 2080 lucerna
1304 2040 1362 2080 se
1404 2032 1601 2093 sponte
1636 2038 1757 2084 sua.
1791 2024 2047 2077 machina

468 2115 704 2185 quadam
754 2126 1035 2180 movente,
1077 2116 1296 2187 sibique
1333 2118 1437 2187 ipsi
1472 2117 1655 2171 oleum
1700 2115 2043 2185 infundente,

468 2218 826 2279 comparata;
865 2218 926 2264 ut
957 2224 1028 2266 ne
1065 2212 1193 2281 quis
1231 2210 1610 2265 ministrorum
1642 2210 1762 2281 ejus
1803 2210 1857 2263 in
1894 2209 2048 2264 labo-

470 2302 624 2356 ribus
656 2303 926 2374 ejusmodi
980 2305 1287 2360 molestiam
1321 2304 1639 2376 quampiam
1676 2303 1908 2368 subiret,
1940 2318 2047 2358 ne-

469 2410 575 2462 que
615 2394 726 2449 vim
774 2406 986 2451 naturae
1030 2412 1156 2452 cum
1199 2411 1394 2452 somno
1441 2397 1748 2452 colluctans
1793 2395 2042 2451 inferret.

467 2484 627 2539 Manu
659 2487 772 2553 ipse
797 2502 895 2540 sua
920 2486 1296 2555 pulcherrime
1325 2486 1580 2557 scripsit;
1624 2501 1685 2541 ac
1716 2486 1881 2541 multa
1909 2486 2048 2542 scri-

468 2587 685 2645 ptorum
711 2577 831 2646 ejus
855 2579 919 2631 ad
950 2579 1054 2632 hoc
1084 2593 1257 2647 usque
1289 2589 1505 2648 tempus
1534 2588 1664 2633 sunt
1695 2587 2045 2643 conservata,

468 2678 781 2736 temporum
809 2667 860 2720 vi
896 2669 1219 2738 superiora:
1247 2667 1409 2740 442
1443 2668 1737 2739 Evangelia
1763 2669 2044 2737 videlicet,

466 2770 524 2813 ct
566 2760 666 2814 alia
703 2761 973 2830 quaedam.
1011 2760 1196 2815 aureis
1241 2763 1471 2816 omnino
1516 2762 1719 2817 litteris
1763 2761 2042 2827 distincta,

469 2867 706 2921 quorum
743 2856 956 2925 paginae
1000 2856 1182 2909 crucis
1232 2854 1467 2909 formam
1518 2853 1783 2909 referunt.
1816 2853 1937 2921 Quo
1964 2854 2044 2910 la-

470 2947 605 3001 bore
635 2962 762 3001 eum
799 2950 923 3002 vitae
953 2958 1209 3018 sumptus
1247 2947 1524 3012 tolerasse,
1557 2944 1699 3002 fama
1733 2957 1839 3003 est.
1875 2947 2044 3002 Malo-

468 3056 591 3096 rum
645 3042 931 3097 tolerantia
974 3042 1264 3107 omnibus,
1305 3044 1583 3115 praecipue
1615 3052 1798 3098 autem
1842 3043 1939 3112 qui
1978 3055 2045 3095 eo

467 3135 692 3190 nomine
731 3136 875 3206 apud
921 3135 1141 3191 Grmcos
1176 3138 1308 3191 clari
1348 3136 1524 3205 fuere,
1557 3147 1678 3209 post
1708 3153 1769 3195 se
1807 3136 2040 3200 relictis,

2160 552 2269 606 τῶν
2298 551 2533 621 καιρῶν,
2565 553 2659 604 καὶ
2695 552 2828 622 πρὸς
2855 554 3043 621 καῦμα
3081 551 3179 606 καὶ
3210 551 3383 624 ψῦχος
3410 555 3729 624 διαγωνίζε⁴

2164 642 2312 707 σθαι,
2344 642 2412 695 τὰ
2447 642 2617 695 πολλά
2639 659 2698 693 τε
2725 642 3009 711 νηστεύειν
3032 644 3329 713 αἱρεῖσθαι,
3360 646 3456 700 καὶ
3495 647 3732 716 μάλιστα

2156 736 2222 804 τῇ
2251 732 2506 804 rupem,
2540 734 2634 786 καὶ
2661 734 2695 804 ἢ
2751 735 3087 807 Παρασκευὴ
3137 736 3310 806 ὄνομα
3357 739 3706 808 ἐκληρώσατο

2160 826 2344 895 ἄκρως
2398 824 2810 897 Χριστιανίζειν
2859 827 3085 884 ἐθέλων.
3135 829 3215 881 Τὰ
3278 830 3336 883 δέ
3363 846 3426 897 γε
3478 830 3713 898 βασίλεια

2160 915 2286 970 κατ’
2334 917 2487 970 οὐδὲν
2532 919 2814 989 διαφέρειν
2853 920 3192 991 ἁσκητηρίου
3250 924 3723 990 παρεσκευάσατο.

2160 1008 2270 1062 Καὶ
2300 1007 2364 1077 δὴ
2396 1008 2495 1062 σὺν
2525 1012 2643 1073 ταῖς
2673 1011 2934 1078 ἀδελφαῖς
2977 1012 3270 1083 ὀρθρίξων,
3331 1013 3534 1082 ὕμνους
3575 1018 3721 1069 ἀντι-

2158 1098 2372 1168 φώνονς
2406 1100 2561 1172 ἐξῇδε
2592 1101 2746 1172 Θεῷο
2787 1104 2882 1156 καὶ
2917 1104 2982 1156 τὰ
3023 1104 3119 1157 τοῦ
3157 1106 3477 1175 Πνεύματος
3504 1108 3717 1179 ῥήματα

2156 1191 2251 1245 ἐπὶ
2279 1194 2455 1263 στόμα
2483 1197 2669 1266 φέρων
2694 1193 2844 1266 εἶχεν
2895 1197 3006 1251 ἀεί.
3056 1199 3181 1261 Τοῖς
3210 1199 3253 1250 δ’
3284 1201 3608 1265 ἐπισκόποις
3635 1204 3716 1256 ἐν·

2153 1286 2440 1355 τυγχάνων
2471 1290 2565 1341 καὶ
2599 1289 2829 1358 ἱερεῦσι,
2863 1290 2931 1345 τὰ
2963 1293 3137 1360 γρῖφα
3168 1292 3277 1346 τῶν
3303 1292 3537 1363 Γραφῶν
3566 1294 3722 1364 διηρ-

2158 1379 2416 1449 μήνευεν,
2448 1381 2544 1433 ἆτε
2568 1379 2634 1452 δὴ
2669 1382 2851 1452 ἱερεὺς
2875 1376 3216 1445 καθεστώςῗ
3226 1383 3348 1437 Ἐπὶ
3375 1384 3528 1438 τόσον
3549 1386 3605 1438 δὲ
3628 1386 3716 1441 καὶ

2153 1469 2221 1522 τὰ
2232 1490 2247 1532 ;
2281 1472 2432 1539 ἱερὰς
2456 1474 2660 1542 συνῆγε
2686 1473 2911 1543 ,βίϐλους
2947 1475 3042 1528 καὶ
3071 1477 3199 1538 τοὺς
3230 1476 3410 1529 αὐτῶν
3439 1479 3715 1547 ἑρμηνεῖς,

2154 1560 2229 1623 ὡς
2250 1562 2349 1631 οὐχ
2378 1557 2538 1633 ἦττον
2562 1564 2594 1634 ἢ
2630 1564 2967 1635 Πτολεμαῖος
2998 1567 3226 1629 ἐκεῖνος.
3268 1566 3480 1621 Ἐπόνει
3509 1570 3564 1622 δέ
3594 1570 3715 1639 περὶ

2152 1656 2362 1718 ταύτας
2406 1655 2652 1728 νύκτωρ,
2723 1658 2918 1727 λύχνον
2972 1660 3036 1712 ἐκ
3090 1659 3341 1729 μηχανῆς
3396 1677 3720 1716 κατεσκεοα·

2156 1747 2358 1816 σμένος
2379 1748 2713 1816 αὐτόματον,
2730 1751 2797 1820 τῇ
2819 1748 3103 1821 θρυαλλίδι
3132 1750 3381 1805 τοῦλαιον
3404 1752 3714 1821 ἐπιχέοντω

2152 1839 2227 1901 ὼς
2265 1837 2335 1892 ἂν
2373 1842 2447 1909 μή
2482 1856 2566 1902 τις
2599 1840 2708 1893 τῶν
2744 1841 3208 1912 ὑπηρετουμένων
3235 1844 3349 1905 τοῖς
3390 1824 3599 1897 ἐκείνου
3626 1845 3715 1897 πός

2151 1947 2264 1991 νοις
2294 1930 2668 2000 ταλαιπωρεῖν
2698 1933 3092 2002 ἀναγκάζοιτο,
3142 1937 3239 1991 καὶ
3267 1938 3367 2003 τὴν
3403 1935 3568 2004 φύσιν
3606 1935 3719 2005 pta.

2151 2018 2315 2091 ζηται
2367 2025 2503 2093 πρὸς
2552 2023 2645 2076 τὸν
2690 2023 2860 2079 ὖπνον
2905 2025 3336 2097 διαμαχόμενος.
3369 2027 3611 2098 Ἔγραψε
3664 2026 3714 2080 δὲ

2150 2112 2245 2164 καὶ
2282 2113 2360 2175 είς
2393 2113 2594 2176 καλλος
2624 2112 2886 2179 ἐξαίσιον,
2917 2115 2991 2178 ὡς
3018 2117 3114 2169 καὶ
3143 2118 3197 2180 ἐς
3229 2116 3392 2187 δεῦρο
3433 2116 3602 2170 πολλὰ
3623 2118 3713 2187 τῆς

2151 2205 2364 2258 ἐκείνου
2400 2205 2587 2275 χειρὸς
2634 2205 3024 2275 διασώζεσθαι,
3058 2208 3157 2279 τὴν
3192 2207 3287 2260 τοῦ
3342 2208 3532 2280 χρόνου
3561 2211 3713 2279 φύσιι

2150 2296 2600 2371 ὑπερνικήσαντα
2625 2314 2639 2328 ο
2676 2296 2997 2366 Εὐαγγέλια
3044 2297 3140 2350 καὶ
3168 2298 3286 2353 ἀλλ’
3336 2299 3470 2353 ἄττα
3503 2300 3716 2371 χρυσοῖς

2150 2392 2561 2460 κατεστιγμένα
2595 2390 2778 2445 διόλου
2831 2392 2949 2454 τοῖς
3006 2392 3363 2462 γράμμασιν,
3396 2395 3452 2446 ἐν
3488 2391 3715 2465 σταυροί

2152 2483 2393 2553 σχήματι
2422 2484 2522 2547 τὰς
2572 2485 2788 2548 σελίδας
2837 2484 2947 2538 τῶν
2998 2485 3366 2555 γραφομένων
3422 2486 3712 2540 διατυπῶν.

2164 2574 2253 2639 Ἐξ
2277 2568 2351 2627 ὧν
2371 2573 2533 2644 λόγος
2562 2577 2747 2639 πόνοις
2781 2576 2935 2640 ἰδίοις
2970 2577 3066 2629 καὶ
3097 2576 3157 2631 τὸ
3184 2575 3286 2647 ζῇν
3308 2576 3711 2647 ἐκπορίζεσθαι.

2162 2665 2509 2739 ’Δνεξικακίᾳ
2534 2669 2590 2722 δέ
2617 2668 2828 2734 πάντας
2857 2668 3087 2739 θέμενος
3110 2671 3167 2723 ἐν
3193 2670 3452 2741 δευτέρῳ,
3486 2669 3712 2740 μάλιστα

2150 2759 2277 2824 τοὺς
2326 2762 2457 2830 παρ’
2507 2761 2773 2833 Ἕλλησιν
2813 2761 3141 2831 εὐδοκίμους
3193 2762 3377 2834 πολλῷ
3397 2762 3476 2835 τῷ
3534 2764 3711 2835 μέτρῳ

2149 2855 2527 2925 παρήνεγκεν.
2585 2856 2648 2908 ΟΞ
2705 2856 2804 2925 μὲν
2861 2856 2970 2926 γὰρ
3035 2857 3215 2925 λόγοις
3262 2857 3712 2926 ἐπαγγειλάμενοι

2150 2947 2491 3016 φιλοσοφεῖν,
2524 2948 2594 3001 δι’
2623 2947 2792 3019 ἔργον
2816 2949 2979 3003 τοῦτο
3006 2950 3179 3014 δεῖξαι
3197 2951 3298 3002 οὐκ
3327 2950 3552 3020 ἰσχυσαν
3570 2966 3587 2982 ο
3610 2949 3637 3001 ὁ
3660 2950 3712 3002 δέ

2147 3044 2270 3106 ταῖς
2309 3042 2720 3113 Ἀριστοτέλους
2777 3043 3110 3107 πλεκτάναις
3140 3044 3352 3114 χαίρειν
3400 3041 3591 3109 εἰπὼν,
3621 3041 3712 3110 sip

2144 3135 2214 3189 δι’
2240 3134 2420 3205 ἔργων
2470 3135 2796 3205 φιλοσοφίαν
2830 3138 3077 3206 ἠσκεῖτο,
3111 3140 3170 3190 ἐν
3212 3136 3291 3205 τῷ
3332 3136 3501 3206 ὀργῆς
3534 3152 3593 3188 τε
3623 3137 3713 3188 καὶ

469 3229 663 3282 multis
702 3229 885 3284 modis
912 3244 1006 3284 eos
1039 3237 1461 3300 praetergressus
1507 3240 1610 3286 est.
1653 3228 1741 3285 Illi
1770 3229 2045 3300 siquidem

2151 3228 2329 3299 λύπης
2362 3228 2457 3288 καὶ
2482 3227 2680 3299 ἡδονῆς
2718 3230 2965 3298 κρατεῖν.
3006 3228 3127 3282 Ἐπὶ
3187 3228 3344 3283 τόσον
3399 3231 3505 3299 γὰρ
3547 3228 3715 3296 ὀργῆς

467 3336 597 3375 cum
628 3321 812 3375 verbis
846 3336 905 3376 se
940 3322 1348 3392 philosophiam
1389 3323 1742 3378 exhibituros
1773 3335 1894 3377 esse
1928 3323 2048 3392 pol-

465 3414 607 3469 liciti
625 3423 830 3481 essent,
855 3414 1045 3485 reipsa
1066 3431 1183 3469 eam
1208 3422 1468 3484 praestare
1502 3416 1905 3487 nequiverunt;
1932 3415 2048 3486 ipse

465 3515 651 3561 autem
707 3506 1020 3561 Aristotelis
1071 3507 1528 3577 perplexibilibus
1575 3506 1882 3562 involucris
1925 3506 2046 3562 vale

466 3601 638 3664 dicto,
671 3598 829 3653 factis
860 3598 1267 3670 philos0phiam
1298 3602 1571 3665 excreuit,
1609 3600 1728 3666 irae,
1759 3601 1939 3656 dolori
1990 3612 2047 3659 et

468 3690 741 3761 voluptati
786 3691 1145 3745 moderando.
1187 3691 1331 3746 iram
1372 3693 1512 3747 adeo
1548 3697 1602 3746 in
1641 3702 1914 3762 potestate
1952 3694 2049 3748 ba-

468 3783 611 3850 buit,
653 3793 712 3837 ut
752 3783 1028 3838 neminem
1067 3799 1310 3855 unquam
1340 3801 1370 3839 a
1399 3785 1602 3854 quibus
1635 3786 1800 3840 laesus
1828 3786 2045 3852 luisset,

474 3874 624 3929 ultus
652 3876 743 3939 sit,
770 3890 949 3943 neque
980 3890 1107 3929 eum
1134 3876 1425 3945 quisquam
1455 3887 1875 3930 succensentcm
1900 3876 2050 3931 vide-

474 3966 567 4019 rit.
620 3968 797 4035 Atque
844 3967 1144 4037 aliquando
1180 3981 1248 4021 ex
1295 3966 1664 4023 familiaribus
1704 3970 1924 4025 cuidam
1961 3972 2046 4026 di-

471 4059 643 4121 centi,
677 4060 954 4113 neminem
1007 4058 1076 4112 ab
1125 4074 1193 4112 eo
1247 4058 1471 4113 illorum
1523 4070 1701 4117 morte
1752 4063 2044 4118 multatum

470 4164 615 4212 esse,
642 4150 733 4218 qui
766 4149 952 4220 injurii
979 4152 1030 4203 ei
1059 4149 1314 4214 fuissent,
1342 4150 1685 4221 respondens
1711 4170 1726 4207 :
1756 4172 1773 4205 ι
1799 4153 2042 4220 Utinam,

472 4239 674 4308 inquit,
714 4255 809 4295 eos
852 4240 1018 4293 etiam
1071 4240 1125 4294 in
1158 4240 1326 4294 vitam
1376 4256 1637 4297 revocare
1673 4258 1913 4313 possem,
1950 4247 2043 4314 qui

465 4332 791 4403 jamdudum
850 4331 1055 4385 mortui
1114 4342 1266 4386 sunt.
1310 4351 1328 4383 ι
1389 4333 1469 4388 Ad
1522 4334 1689 4389 alium
1748 4335 2043 4406 quemdam

466 4423 661 4479 eadem
695 4440 865 4494 prope
894 4423 1253 4492 referentem,
1285 4426 1423 4480 dixit
1452 4444 1469 4483 :
1507 4445 1525 4478 ι
1556 4427 1704 4483 Nihil
1734 4444 1860 4484 esse
1891 4430 2040 4494 novi,

2147 3322 2423 3393 ἐγκρατὴς
2465 3322 2704 3393 μάλιστα
2736 3317 2824 3393 ἦν,
2862 3322 2939 3386 ὼς
2991 3322 3200 3393 μηδένα
3249 3323 3381 3377 ποτὲ
3409 3323 3519 3378 τῶν
3564 3321 3709 3375 λελυο

2151 3416 2408 3486 πηκότων
2443 3413 2666 3468 ἑλέσθαι
2714 3415 3052 3485 ἀμύνασθαι.
3105 3418 3203 3469 καὶ
3248 3415 3387 3485 μηδέ
3430 3432 3551 3469 τινα
3587 3415 3715 3468 ἰδεῖν

2150 3525 2281 3562 ποτε
2317 3507 2485 3562 αὐτὸν
2510 3508 2897 3579 ὀργιζόμενον.
2930 3508 3046 3569 Καὶ
3068 3508 3134 3579 δή
3160 3525 3307 3572 τινος
3331 3508 3440 3562 τῶν
3470 3507 3714 3576 συνήθων

2148 3601 2444 3670 ἐρομένου,
2495 3601 2578 3655 ὅτι
2614 3602 2688 3671 μή
2733 3617 2859 3656 τινα
2924 3600 3031 3655 τῶν
3088 3601 3423 3657 ἀδικούντων
3489 3602 3714 3671 “illum:

2150 3693 2388 3766 θανάτῳ,
2419 3693 2762 3750 ὑπολαϐόντα
2792 3694 2991 3763 εἰπεῖν,
3030 3713 3051 3748 ς
3093 3695 3219 3750 Εἴθε
3250 3713 3340 3765 μοι
3372 3697 3507 3765 πρὸς
3536 3696 3716 3766 ίσχύος

2148 3781 2217 3856 ἦν
2248 3788 2327 3850 εἰς
2349 3786 2497 3859 ζωὴν
2523 3788 2819 3852 ἐπανάγειν
2852 3788 3056 3858 μᾶλλον
3090 3791 3185 3842 καὶ
3228 3788 3354 3852 τούς
3389 3789 3560 3844 πάλαι
3588 3790 3717 3842 ποτὲ
3760 3824 3772 3836 .

2147 3879 2588 3949 τελευτήσαντας
2613 3894 2627 3911 ·
2663 3900 2683 3933 ι
2717 3882 2807 3933 καὶ
2842 3881 2981 3952 πρὸς
3012 3881 3205 3953 ἕτερον
3233 3882 3301 3936 τὰ
3325 3882 3417 3937 [ea
3439 3882 3714 3952 ἐρόμενον,

2156 3990 2176 4025 τ
2210 3972 2401 4038 υύδέν,
2434 3968 2582 4038 εἷπε,
2637 3975 2826 4028 καινὸν
2878 3973 3169 4045 ἄνθρωπον
3211 3974 3342 4028 ὄντα
3396 3973 3714 4028 ἀποϐιῶναι.

2149 4068 2292 4121 Θεοῦ
2328 4067 2373 4120 δ’
2406 4068 2474 4120 ἂν
2500 4067 2585 4137 εἴη
2617 4068 2781 4137 μόνου
2810 4066 2903 4122 τὸν
2931 4067 3081 4132 ἆπαξ
3111 4067 3343 4121 θανόντα
3369 4070 3437 4138 τῇ
3463 4066 3718 4137 μετανοίᾳ

2147 4158 2620 4214 ἀνακαλέσασθαι.
2658 4177 2678 4211 ι
2700 4161 2825 4213 Ἐπὶ
2854 4160 3017 4214 τόσον
3048 4160 3106 4214 δὲ
3132 4158 3293 4214 τοῦτο
3321 4158 3473 4229 αὐτῷ
3502 4157 3716 4229 κατώρ-

2149 4249 2342 4317 θωται,
2371 4250 2446 4312 ὡς
2480 4251 2532 4302 εί
2561 4250 2655 4304 καί
2697 4266 2828 4303 ποτε
2854 4249 3053 4321 συνέϐη
3080 4251 3201 4329 τινὰ
3228 4250 3531 4321 κεφαλικῆς
3550 4267 3715 4320 τιμω-

2151 4342 2275 4413 ρίας
2330 4344 2458 4409 ἄξια
2495 4343 2917 4414 πλημμελῆσαι,
2978 4344 3092 4400 οὐδ’
3115 4346 3177 4398 ἐν
3225 4346 3348 4409 ταῖς
3387 4344 3583 4408 πύλαις
3614 4343 3715 4413 τῆς

2153 4435 2365 4498 πόλεως
2414 4435 2647 4504 ἔφθανεν
2696 4438 2730 4507 ἡ
2765 4436 3043 4504 ἀπόφασις
3071 4451 3085 4467 ·
3119 4436 3212 4489 καὶ
3254 4435 3314 4488 τὸ
3339 4435 3713 4506 φιλάνθρωπον

467 4517 514 4571 si
546 4516 673 4587 quis
718 4517 886 4571 homo
929 4531 1054 4570 cum
1084 4518 1179 4584 sit,
1214 4534 1246 4572 e
1282 4518 1390 4573 vita
1428 4521 1679 4575 excedat.
1716 4521 1895 4576 Unius
1941 4537 2039 4574 au-

2151 4528 2311 4592 εὐθὺς
2342 4527 2551 4582 εἵπετο.
2606 4529 2861 4598 Κυνήγια
2903 4527 2962 4581 δέ
3014 4545 3118 4580 που
3152 4530 3211 4581 ἐν
3239 4526 3319 4597 τῷ
3359 4527 3713 4598 ἀμφιθεάτρῳ

471 4624 578 4665 tem
627 4609 723 4664 Dei
771 4624 930 4673 esse,
982 4624 1105 4663 eum
1156 4612 1251 4680 qui
1297 4613 1466 4668 semel
1516 4624 1768 4669 mortuus
1815 4614 1909 4680 sit,
1944 4629 2044 4682 per

468 4701 852 4772 paenitentiam
911 4700 978 4753 ad
1040 4701 1207 4755 vitam
1262 4718 1543 4760 revocare.
1593 4723 1612 4756 ι
1669 4703 1855 4774 Usque
1908 4704 2045 4759 adeo

468 4808 652 4850 autem
700 4795 964 4848 virtutem
1015 4797 1155 4852 hanc
1198 4797 1390 4864 coluit,
1425 4809 1481 4853 ut
1529 4799 1577 4853 si
1624 4800 1846 4868 quando
1892 4800 2045 4871 quis-

471 4888 614 4958 piam
648 4885 883 4954 capitale
919 4886 1128 4940 crimcn
1161 4888 1502 4954 admisisset,
1537 4904 1715 4959 neque
1746 4905 1873 4945 eum
1908 4906 2042 4947 con-

473 4977 843 5037 demnationis
875 4980 1147 5033 sententia
1182 4996 1355 5050 usque
1393 4980 1462 5035 ad
1496 4980 1653 5035 urbis
1689 4992 1877 5050 portas
1918 4996 2046 5052 pro-

470 5071 738 5137 duxisset,
776 5073 962 5127 statim
1001 5087 1131 5127 eum
1176 5073 1555 5130 misericordia
1585 5083 2041 5144 prosequeretur.

468 5165 687 5220 Etcum
723 5166 1017 5236 aliquando
1039 5167 1513 5236 Constantinopoli
1550 5167 1605 5220 in
1638 5168 2045 5237 amphitheatro

473 5260 783 5316 venationis
811 5261 1182 5332 spectaculum
1209 5261 1500 5331 prmberct,
1521 5273 1575 5314 et
1598 5274 1830 5331 popilius
1869 5265 2046 5317 cxcla-
2074 5262 2085 5269 “

469 5364 665 5420 maret,
682 5355 950 5415 adversus
966 5370 1185 5427 gravem
1211 5355 1382 5408 feram
1402 5370 1728 5424 generosum
1749 5357 2041 5427 quemdam

470 5451 921 5522 periclitatorem,
954 5448 1048 5516 qui
1076 5462 1202 5501 cum
1235 5461 1299 5501 ea
1341 5448 1788 5517 congrederetur,
1824 5449 2046 5503 mitten-

467 5544 599 5597 dum
629 5557 751 5597 esse
781 5559 795 5596 :
827 5559 844 5592 ‹
872 5541 954 5594 An
980 5539 1228 5603 nescitis,
1264 5538 1463 5609 inquit,
1491 5557 1591 5595 nos
1618 5542 2043 5596 humanioribus

469 5634 803 5706 spectaculis
831 5632 1098 5688 delectari
1135 5632 1351 5687 solere?
1382 5652 1399 5684 ι
1436 5635 1505 5688 Ει
1544 5635 1807 5704 deinceps
1851 5635 2045 5688 huma-

470 5727 719 5782 nioribus
759 5727 946 5781 itidem
999 5726 1262 5795 pepulttm
1309 5728 1644 5795 spectaculis
1700 5728 1780 5782 uti
1833 5728 2041 5783 docuit.

468 5818 751 5889 lleligiono
796 5825 947 5874 tanta
994 5832 1117 5873 cum
1165 5819 1468 5875 sinceriore
1515 5820 1719 5891 pietate
1767 5835 1899 5876 usus
1933 5832 2039 5886 est,

2147 4622 2247 4691 τῆς
2300 4610 2713 4674 Κωνσταντίνου
2767 4619 2977 4683 πόλεως
3031 4618 3407 4684 ἐπιτελοῦντος
3459 4619 3717 4693 αὐτοῦλό

2147 4714 2319 4784 δῆμος
2342 4714 2604 4778 κατεϐόα,
2629 4715 2789 4785 δεινῴ
2819 4714 2995 4786 θηρίῳ
3023 4714 3119 4767 Eva
3149 4714 3259 4767 τῶν
3296 4713 3513 4782 εὐφυῶν
3537 4729 3715 4785 παρα-

2149 4807 2325 4861 ϐόλων
2353 4806 2646 4877 μάχεσθαι,
2685 4806 2747 4861 Ὃ
2776 4807 2834 4860 δέ
2886 4808 3025 4879 πρὸς
3054 4807 3274 4872 αὐτοὺς,
3310 4824 3328 4857 ι
3369 4807 3484 4859 Οὐκ
3511 4805 3713 4871 οἴδατε,

2147 4896 2274 4966 ἔφη,
2304 4898 2385 4950 ὅτι
2423 4899 2578 4967 ἡμεῖς
2628 4896 3032 4966 φιλανθρώπως
3070 4894 3358 4965 είθίσμεθα
3390 4897 3652 4966 θεωρεῖνς
3692 4913 3710 4946 ι

2145 4988 2510 5058 Φιλὰνθρωπα
2541 4989 2599 5042 δέ
2621 4990 2718 5041 καὶ
2756 4987 2850 5041 τὸν
2875 4987 3051 5058 δῆμον
3081 4987 3309 5058 θεωρεῖν
3352 4986 3712 5052 ἐξεπαίδευεν.

2149 5082 2423 5152 Εᾲλαϐεία
2465 5081 2522 5134 δέ
2558 5082 2799 5153 τοσαύτῃ
2838 5081 2958 5150 μετ’
3002 5081 3285 5145 εὐσεϐείας
3329 5082 3612 5152 ἐκέχρητο,
3641 5082 3718 5142 ὡς

2148 5176 2357 5236 πάντας
2417 5172 2519 5242 μὲν
2561 5172 2698 5225 Θεοῦ
2755 5173 2940 5243 ἱερέας
2990 5174 3182 5242 τιμᾷν,
3224 5172 3462 5240 μάλιστα
3509 5170 3587 5235 δὲ,
3625 5168 3716 5231 οὓς

2147 5263 2420 5329 ἐμάνθανε
2450 5263 2744 5332 σεμνότητι
2796 5262 2913 5333 βίου
2947 5264 3294 5331 διαπρεπεῖς.
3326 5261 3433 5314 Καί
3459 5278 3522 5329 γε
3565 5259 3715 5327 λόγος

2147 5356 2243 5411 ἕνα
2280 5356 2390 5408 τῶν
2421 5356 2741 5408 ἐπισκόπων
2771 5354 3274 5433 ὰποϐιώσαντακός
3322 5354 3541 5421 ἐλέγετο
3577 5354 3715 5420 μάλα

2147 5442 2291 5502 εἶναι
2314 5448 2724 5520 κεχαρισμένος
2750 5447 2892 5516 Θεῷ,
2922 5448 2985 5500 τὸ
3014 5449 3227 5501 ἐκείνου
3262 5448 3449 5514 σάγιον
3477 5448 3713 5515 αἰτῆσαι,

2148 5538 2330 5607 πολλῷ
2368 5539 2530 5609 ῥύπῳ
2557 5540 3038 5608 συγκεχωσμένον,
3089 5540 3182 5591 καὶ
3214 5539 3472 5591 ὑποκάτω
3498 5537 3594 5606 τῆς
3624 5534 3715 5605 βα-

2148 5632 2361 5699 σιλικῆς
2390 5632 2668 5702 χλαμύδος
2699 5634 2908 5701 φορεῖν,
2936 5630 3156 5695 εὔελπις
3186 5630 3281 5694 ὢν,
3307 5629 3382 5694 ὥς
3412 5648 3459 5682 τι
3490 5627 3713 5700 θηράσοι

2144 5726 2243 5793 τῆς
2277 5725 2502 5790 ἐνούσης
2552 5728 2744 5795 τάνδρὶ
2803 5728 3122 5797 ἁγνότητος.
3168 5728 3279 5781 Καὶ
3334 5724 3620 5796 χειμερίας
3659 5721 3715 5775 δέ

2148 5839 2280 5877 ποτε
2314 5822 2521 5894 σφόδρα
2555 5823 2653 5888 τῖες
2708 5822 2858 5897 ὥρας
2897 5821 3292 5895 γεγενημέης,
3340 5821 3497 5883 αὐτος
3524 5819 3590 5873 τὰ
3621 5834 3712 5871 συ-
