4044 6452
439 349 574 418 107

1670 338 2115 420 meruerit
2137 347 2485 423 CALLISTI

3572 371 3713 436 1088

436 480 571 520 vero
627 466 918 522 veritatem
971 468 1363 540 promulgans,
1423 484 1489 523 ex
1546 467 1804 538 plurimis
1856 486 2026 539 pauca

2144 473 2525 544 πρυτανεύων,
2585 473 2744 543 ὀλίγα
2798 477 2860 530 ἐκ
2922 476 3069 532 πάνυ
3103 475 3315 531 πολλῶν
3366 476 3721 551 διηγήσομαι,

437 559 701 622 referam,
734 563 993 629 quamvis
1043 574 1203 618 extra
1265 561 1581 617 institutum
1644 574 2030 632 argumentum

441 652 573 719 (ρει-ἰ
610 652 817 707 videar.
854 654 1045 709 Roilas
1096 655 1303 725 ingenti
1340 654 1668 725 Scytharum
1721 655 2031 710 Nomadum

442 746 696 802 exercitu
723 757 936 812 mai-to,
965 759 1020 803 et
1040 748 1182 803 Istro
1237 749 1489 805 transito.
1513 747 1806 803 Thraciam
1856 760 2036 803 vasta-

438 840 622 903 rit,et
674 841 742 896 ad
780 845 1024 913 reginam
1092 858 1315 913 quoque
1371 843 1590 898 urbium
1642 845 1813 910 venit,
1847 844 2036 898 subito

441 934 621 1003 primo
656 935 900 990 ciamure
941 944 1106 1007 atque
1150 935 1383 1007 impetu,
1422 937 1588 992 sicuti
1624 939 1741 1009 ipse
1777 939 2031 1010 putabat,

443 1040 564 1079 eam
605 1026 929 1097 direpturos
959 1039 1129 1099 atque
1164 1031 1474 1084 excisurus.
1514 1029 1714 1086 Verum
1751 1033 1893 1087 Deus
1929 1048 2038 1088 cu:-

433 1119 569 1173 litus
605 1120 998 1189 imperatorem
1042 1136 1425 1192 propugnans,
1462 1122 1709 1177 violento
1739 1125 1944 1178 tonitru
1980 1134 2031 1179 ct

435 1208 668 1264 fulmine
703 1211 968 1274 demisso,
1019 1228 1129 1266 non
1184 1212 1353 1266 modo
1396 1212 1577 1281 ipsum
1626 1213 1928 1277 ustulatum
1975 1215 2029 1268 in

432 1301 652 1355 cineres
685 1303 915 1373 redegit,
950 1301 1048 1357 sed
1082 1303 1415 1357 innumeras
1443 1319 1664 1374 quoque
1699 1306 1888 1372 capias
1911 1307 2031 1377 ejus

433 1394 697 1449 concidit.
731 1395 879 1449 Idem
935 1396 1102 1449 etiam
1144 1395 1415 1451 adversus
1446 1396 1646 1451 Persas
1686 1396 1839 1453 fecit.
1870 1399 2026 1453 'Cum

432 1485 581 1539 enim
629 1486 961 1557 praedatoria
1011 1487 1231 1541 illorum
1282 1502 1503 1555 manus,
1540 1502 1675 1557 pace
1716 1490 2026 1560 repudiata,

433 1576 738 1645 derepente
790 1579 1056 1635 finitimos
1106 1580 1503 1651 aggrederetur
1552 1581 1806 1650 pepulos,
1846 1568 2027 1651 neque

433 1665 637 1721 auxilia
685 1667 891 1737 aliqua,
924 1685 1047 1738 qn:e
1074 1671 1364 1740 Oppressis
1391 1686 1551 1740 opem
1601 1674 1833 1738 ferrent,
1867 1674 2028 1728 ades-

435 1770 599 1823 sent,
652 1760 890 1815 ducibus
944 1763 1233 1834 cupiisque
1289 1764 1625 1821 militaribus
1679 1767 1805 1820 alis
1865 1767 2025 1823 bellis

2145 564 2248 618 κᾶν
2284 568 2376 619 καὶ
2408 569 2552 636 πέρα
2594 567 2732 633 δόξω
2759 566 2853 622 τοῦ
2907 572 3273 641 προκειμένου
3322 571 3524 625 σκοποῦ
3558 575 3721 643 φέρε-

2143 658 2293 713 σθαι.
2335 657 2569 724 Ῥωῖλᾶς
2626 660 2737 733 γὰρ
2784 664 3045 730 στρατιὰν
3077 663 3343 732 πλείστην
3389 666 3450 717 ἐκ
3500 665 3724 721 Σκυθῶν

2140 751 2388 820 νομάδων
2413 735 2903 823 περιϐαλλόμενος,
2923 758 3017 808 τον
3038 753 3252 824 Ἴστρον
3280 754 3723 826 διαπεραιωθεὶς,

2139 839 2368 914 Θρᾴκην
2399 859 2457 895 τε
2492 841 2731 915 δῃώσας,
2763 837 2866 915 ἦκε
2898 843 2964 916 δὴ
3009 845 3101 897 καὶ
3142 844 3241 914 τὴν
3276 845 3519 912 βασιλίδα
3568 847 3723 902 πόλιν

2139 931 2456 1002 πορθήσων,
2522 933 2618 986 καὶ
2675 934 2927 1003 αἱρήσων
2987 934 3240 987 αύτοῦοεὶ
3293 936 3385 987 καὶ
3421 936 3720 989 ἀνάστατον

2136 1025 2358 1096 δράσειν
2386 1023 2800 1094 διανοούμενος.
2840 1025 2982 1079 Ἀλλ’
3011 1026 3039 1079 ὁ
3070 1026 3283 1081 ἄνωθεν
3306 1026 3400 1079 τοῦ
3455 1028 3719 1096 βασιλέως

2138 1116 2554 1185 ὑπερασπίζων,
2587 1120 2859 1186 σκηπτοῖς
2896 1117 2988 1170 καὶ
3018 1117 3335 1188 πρηστῆρσι
3390 1116 3617 1185 βάξλων,
3651 1119 3715 1171 οὑ

2137 1205 2301 1274 μόνον
2332 1208 2543 1262 ἐκεῖνον
2585 1211 2666 1273 εἰς
2692 1209 2904 1279 τέφραν
2940 1208 3293 1278 κατέφλεξεν,
3328 1209 3461 1263 ἀλλὰ
3495 1211 3588 1263 καὶ
3616 1210 3716 1280 τὴν

2135 1298 2349 1352 ἐκεί·.·ου
2382 1302 2612 1371 ἄπειρον
2640 1302 2907 1372 στρατιάν
2937 1301 3353 1369 παρανάλωσεν.
3404 1302 3627 1373 Ἐπίσης
3655 1304 3714 1357 δὲ

2134 1393 2236 1443 κάν
2268 1393 2509 1462 Πέρσαις
2544 1394 2739 1448 ἐποίει.
2784 1394 2938 1447 Ἐπεὶ
2964 1394 3071 1463 γάρ
3120 1396 3320 1448 ἐκεῖνοι
3361 1395 3461 1466 τὴν
3490 1398 3711 1467 εἰρήνην

2129 1485 2463 1554 διωσάμενοι
2519 1487 2716 1557 ἀθρόον
2775 1490 2893 1551 τοῖς
2947 1487 3350 1558 πλησιοχώροις
3413 1489 3708 1557 ἐπέθεντο,

2130 1576 2360 1647 οὐδεμία
2390 1578 2446 1632 δέ
2476 1596 2561 1639 τις
2580 1579 2878 1651 ἐπικουρία
2909 1580 3142 1643 ἐκείνοις
3180 1577 3268 1654 ἦν,
3322 1583 3431 1634 τῶν
3457 1600 3712 1655 στρατευο

2132 1669 2321 1738 μάτων
2376 1670 2470 1723 καὶ
2505 1671 2830 1743 στρατηγῶν
2855 1671 2937 1734 είς
2982 1669 3175 1735 ἄλλους
3209 1673 3711 1742 μεταχωρησάντων

2131 1764 2405 1836 πολέμους
2429 1782 2443 1795 ’
2481 1764 2621 1834 ὑετῷ
2646 1763 2966 1836 λαϐροτάτῳ
2988 1769 3079 1821 καί
3114 1764 3325 1836 χαλάζῃ
3368 1764 3708 1834 παμμεγέθει

432 1853 745 1921 occupatis,
780 1854 957 1909 imbre
988 1855 1489 1912 vehementissimo
1518 1868 1566 1911 cI
1603 1859 1875 1929 grandine
1908 1877 2026 1914 ma~

2133 1834 2339 1926 βάλλων
2372 1857 2527 1922 Θεὸς,
2559 1857 2651 1909 ἐπὶ
2685 1856 2753 1916 τὰ
2783 1834 2974 1928 πρόσω
2995 1834 3195 1928 χωρεῖν
3231 1834 3543 1928 ἀνεχαίτιζε
3563 1874 3577 1889 ·
3614 1857 3706 1910 καὶ

435 1943 577 1997 xima
613 1945 756 2000 Deus
786 1947 909 2002 illos
946 1963 1313 2019 persequens,
1347 1949 1608 2019 progredi
1654 1952 1797 2006 ultra
1827 1968 2023 2022 passus

435 2052 544 2090 non
573 2046 659 2092 est
689 2055 703 2091 :
737 2054 1024 2109 equosque
1053 2056 1246 2095 corum
1286 2042 1361 2096 ita
1395 2043 1612 2113 pedicis
1653 2044 1929 2110 cohibuit,
1965 2054 2026 2099 ut

434 2130 633 2185 diebus
682 2132 877 2202 viginti
922 2133 1151 2187 totidem
1184 2134 1363 2190 stadia
1398 2152 1564 2191 cursu
1612 2137 1879 2208 perficere
1913 2155 2025 2193 non

437 2236 688 2294 possent,
716 2225 903 2291 quoad
938 2241 1116 2295 usque
1149 2227 1428 2284 exercitus
1461 2242 1825 2303 congregatus
1867 2232 2027 2289 forti-

435 2328 519 2373 ter
572 2318 827 2375 hostibus
880 2320 1107 2375 restitit.
1166 2321 1341 2376 Antea
1393 2336 1617 2393 quoque
1665 2339 1789 2378 cum
1843 2324 2025 2379 Pcrsze

434 2411 655 2481 quidam
710 2410 969 2466 Goranne
1027 2413 1193 2478 duce,
1246 2413 1634 2484 cognominem
1700 2415 2023 2486 imperatori

435 2505 629 2560 urbem
673 2514 1086 2577 oppugnarent,
1139 2507 1433 2578 omnisque
1485 2508 1706 2579 generis
1755 2509 2026 2566 machinis

430 2598 810 2664 adorirentur,
862 2608 918 2653 et
966 2609 1150 2654 turres
1187 2609 1346 2655 extra
1407 2617 1598 2657 muros
1652 2613 1845 2658 contra
1901 2620 2023 2658 eam

431 2691 767 2753 excitarent.
820 2706 1002 2761 neque
1045 2690 1354 2762 quidquam
1404 2692 1707 2757 cilici‘rent,
1764 2695 2026 2751 ridendos

431 2800 491 2839 se
520 2786 747 2849 dedere,
796 2785 1069 2841 Eunomio
1103 2786 1257 2841 urbis
1290 2787 1551 2857 episcopo
1599 2789 1882 2845 machinas
1927 2790 2026 2845 Ιιοο

432 2881 602 2936 stium
660 2896 858 2936 Omnes
920 2880 1321 2953 perfringcnte.
1373 2879 1509 2935 Cum
1567 2896 1807 2950 namque
1854 2884 2026 2936 nostri

432 2980 662 3042 propter
706 2980 1163 3043 Oppugnatorum
1215 2968 1630 3025 nndtitudinem
1683 2971 1900 3027 animos
1934 2971 2031 3026 de-

429 3065 747 3135 speratione
778 3063 1213 3135 desponderent,
1241 3063 1500 3135 precibus
1530 3064 1647 3134 ipse
1678 3074 1872 3119 contra
1902 3064 2028 3121 illos

431 3175 705 3230 pugnans,
753 3159 948 3213 urbem
999 3157 1207 3213 salvam
1250 3156 1622 3212 conservavit.
1668 3156 1742 3210 Ex
1789 3156 2027 3225 satrapis
2056 3179 2101 3241 ο

432 3265 549 3308 tum
579 3253 653 3309 ibi
680 3254 775 3324 qui
802 3252 906 3309 sub
929 3250 1191 3309 Goranne
1213 3261 1396 3315 crant,
1422 3249 1647 3322 quidam
1673 3252 1741 3305 ad
1772 3249 2029 3320 blasphec

431 3349 573 3403 mins
601 3362 932 3413 conversus,
968 3346 1161 3401 itidem
1206 3354 1266 3398 ut
1294 3345 1580 3400 Babsaees
1612 3353 1670 3399 et
1707 3342 2027 3399 Sennache-

431 3442 557 3506 rim,
589 3442 779 3497 animo
808 3440 1114 3495 furibundo
1150 3442 1393 3495 minatus
1425 3446 1531 3506 est,
1567 3452 1788 3494 sacrum
1814 3452 1875 3492 se
1904 3438 2026 3506 ejus

429 3535 678 3591 civitatis
728 3545 817 3589 ten
842 3534 992 3604 plum
1038 3534 1163 3606 igne
1203 3539 1688 3602 consumptururn.
1721 3529 2028 3586 Contume-

430 3629 563 3705 liam
603 3643 724 3683 eam
768 3644 876 3683 non
915 3627 1101 3682 ferens
1131 3627 1293 3682 divus
1327 3623 1656 3689 Eunomius,
1687 3632 2025 3679 tormentum

430 3721 698 3777 bellicum
734 3737 863 3776 saxa
900 3721 1114 3792 jaciens
1151 3720 1216 3774 ad
1261 3717 1739 3789 propugnaculum
1776 3717 1867 3772 cui
1899 3733 2028 3787 apo-

429 3814 560 3871 stoli
607 3813 831 3867 Thomce
880 3827 1189 3882 cognomen
1237 3810 1375 3870 fuit,
1425 3807 1671 3878 disponi,
1721 3806 2027 3878 ingentem-

433 3921 541 3975 que
567 3903 808 3973 lapidem
836 3919 903 3958 eo
941 3902 993 3955 in
1025 3916 1087 3956 os
1116 3898 1424 3969 blasphemi
1452 3896 1809 3952 illius‘emitti
1834 3898 2024 3969 jussit.

434 3996 597 4071 M5
621 3997 791 4052 Illicet
815 4010 1007 4050 saxum
1032 3994 1230 4047 balista
1254 4006 1318 4046 ea
1345 4000 1572 4053 tortum,
1598 3990 1849 4045 maledici
1874 3989 2024 4044 illius

435 4100 671 4160 satrttpm
704 4106 766 4145 os
807 4085 1202 4145 detestandum
1252 4083 1510 4155 perculit,
1562 4084 1872 4153 faciemque
1903 4083 2025 4153 ejus

434 4198 655 4238 onmem
684 4181 1037 4245 Committuit,
1070 4181 1253 4248 capite
1286 4177 1595 4232 rectissime
1625 4177 1840 4236 attrito.
1872 4193 2026 4233 cere-

434 4277 647 4347 broque
686 4278 839 4330 omni
887 4274 1161 4344 disperso.
1202 4271 1375 4338 Quem
1414 4270 1507 4325 ubi
1555 4269 1841 4326 Gorannvs
1886 4287 2022 4327 con-

432 4370 632 4438 spexit,
665 4368 1076 4438 expugnatione
1108 4363 1264 4418 urbis
1287 4362 1602 4433 desperata,
1634 4363 1853 4435 fugiens
1894 4363 2023 4418 inde

430 4463 713 4527 discessit,
740 4478 800 4517 re
831 4462 948 4532 ipsa
984 4460 1193 4513 victum
1220 4475 1278 4514 se
1303 4473 1426 4514 esse
1459 4460 1727 4516 clamans.
1761 4461 2023 4531 Mctuque

2131 1947 2268 2019 πέδη
2323 1950 2448 2012 τοὺς
2495 1948 2699 2011 ἵππους
2732 1951 3010 2020 κατεῖχεν,
3047 1949 3125 2012 ὡς
3177 1951 3234 2002 ἐν
3279 1949 3515 2019 ἡμέραις
3540 1950 3706 2003 εἴκοσι

2134 2039 2208 2110 μὴ
2233 2040 2526 2111 δυνηθῆναι
2561 2042 2828 2110 ἰσάριθμα
2863 2043 3054 2095 στάδια
3077 2040 3333 2107 διελθεῖν,
3363 2041 3469 2105 ἓως
3503 2045 3529 2095 ό
3551 2059 3707 2110 στρα-

2129 2133 2218 2197 τός
2247 2151 2304 2186 τε
2331 2133 2621 2205 ἡθροίσθη,
2675 2135 2769 2187 καὶ
2796 2136 3178 2205 γενναιότερον
3209 2135 3563 2201 ἀντετάξατο.
3604 2135 3708 2188 Καὶ

2131 2226 2400 2298 πρότερον
2459 2227 2516 2278 δὲ
2563 2227 2662 2296 τὴν
2716 2227 3007 2297 ἐπώνυμον
3051 2226 3268 2295 βασιλεῖ
3294 2226 3450 2278 πόλιν
3498 2226 3709 2293 Πέρσας

2132 2317 2578 2387 πολιορκοῦντας,
2629 2319 2938 2389 ἡγουμένου
2971 2319 3263 2388 Γοράννου,
3299 2319 3392 2372 καὶ
3425 2318 3624 2382 πάσαις
3646 2317 3708 2388 δὴ

2131 2410 2566 2480 προσϐάλλοντος
2594 2416 2887 2483 μηχαναῖς,
2915 2414 3008 2467 καὶ
3039 2412 3287 2484 πύργους
3314 2411 3513 2481 ἔξωθεν
3557 2413 3712 2467 άντεο

2131 2505 2437 2575 γείραντος,
2479 2505 2647 2576 μηδὲν
2700 2506 3011 2570 ἀνύσαντας
3058 2507 3415 2579 γελασθῆναι,
3448 2507 3708 2573 Εύνομίου

2129 2597 2226 2650 τοῦ
2269 2598 2476 2669 ταύτης
2503 2596 2889 2669 ίεραρχοῦντος
2924 2599 3146 2661 ἁπάσας
3180 2601 3281 2662 τάς
3309 2602 3558 2670 μηχανὰς
3592 2598 3707 2654 δια-

2130 2674 2374 2753 λύοντος.
2412 2690 2834 2760 Ἀπειρηκότων
2859 2690 2970 2761 γὰρ
3001 2690 3109 2743 τῶν
3149 2692 3439 2762 ἡμετέρων
3468 2690 3542 2761 τῷ
3577 2692 3712 2761 πλὴ-

2134 2785 2217 2836 θει
2245 2784 2354 2837 τῶν
2406 2785 2775 2856 πετροϐόλων,
2817 2787 3027 2850 ἐκεῖνος
3072 2788 3260 2857 εὐχαῖς
3311 2786 3709 2856 ἀντιπράττων,

2131 2874 2298 2946 ἀθιγῆ
2330 2876 2428 2944 τὴν
2459 2878 2613 2931 πόλιν
2648 2878 2935 2945 ἐφύλαττε.
2980 2879 3098 2933 ἰ’ῶν
3145 2878 3203 2932 δὲ
3252 2878 3543 2949 σατραπῶν
3578 2880 3714 2947 ἑνός⁹

2131 2968 2180 3023 οἳ
2212 2969 2318 3022 ὑπὸ
2345 2969 2628 3041 Γοράννην
2680 2966 2843 3043 ἦσαν,
2900 2971 3248 3044 βλασφημεῖν
3309 2972 3709 3041 ἐπιϐάλλοντος,

2132 3062 2330 3132 ἐπίσης
2355 3079 2414 3115 τε
2458 3064 2713 3139 Ῥαψάκῃ
2747 3066 2842 3118 καὶ
2878 3066 3224 3136 Σεναχηρεὶμ
3267 3064 3511 3134 μανικῶς
3554 3068 3715 3121 ἀπει-

2130 3156 2355 3223 λοῦντος
2381 3159 2471 3212 τὸν
2500 3161 2681 3212 ἐκεῖσε
2714 3160 2858 3213 θεῖον
2890 3157 3027 3213 νεὼν
3063 3159 3385 3230 πυρπολεῖν,
3420 3160 3517 3230 τὴν
3551 3158 3713 3227 ὓϐριν

2139 3250 2216 3322 μὴ
2251 3250 2620 3323 ἀνασχόμενος
2659 3251 2688 3303 ό
2740 3250 2882 3314 θεῖος
2919 3253 3208 3321 Εύνόμιος,
3238 3252 3298 3304 τὸ
3330 3252 3599 3305 λιθοϐόλον
3622 3251 3716 3319 δρ-

2136 3361 2302 3413 γανον
2335 3346 2489 3414 παρὰ
2522 3345 2620 3416 τὴν
2647 3344 2875 3412 ἐπαλξιν
2897 3346 3123 3415 τεθῆναι
3158 3344 3542 3416 προσέταττεν,
3571 3341 3713 3397 δτοῦ

2135 3435 2442 3491 ἀποστόλου
2489 3436 2661 3505 Θωμᾶ
2718 3437 3015 3506 ἐπώνυμον
3071 3433 3162 3509 ἦν,
3227 3437 3375 3490 λίθον
3425 3453 3483 3490 τε
3543 3437 3717 3507 μέγαν

2137 3527 2439 3598 παρηγγύα
2465 3528 2559 3579 ἐπὶ
2586 3524 2660 3598 τῷ
2682 3525 2777 3580 τού
2808 3526 3305 3598 βλασφημήσαντος
3337 3529 3565 3597 στόματι
3597 3531 3717 3581 ἐπι-

2136 3620 2400 3689 πέμπειν.
2460 3620 2568 3673 Καὶ
2599 3618 2659 3683 ὃς
2681 3618 2850 3681 εὐθὺς
2884 3621 3111 3685 κατιὼν,
3147 3622 3243 3672 καὶ
3291 3620 3369 3689 τῷ
3415 3620 3715 3689 βλασφὴμῳ

2133 3714 2229 3768 τοῦ
2262 3715 2545 3787 σατράπου
2578 3714 2792 3768 ἐκείνου
2829 3715 2987 3784 μυσῷ
3036 3714 3265 3784 στόματι
3288 3712 3627 3783 προσϐαλὼν,
3650 3713 3711 3767 τὸ

2134 3808 2236 3879 μὲν
2259 3807 2556 3879 πρόσωπον
2606 3806 2754 3866 ἅπαν
2782 3805 3015 3877 ἠφάνιζε
3036 3822 3050 3837 ·
3087 3807 3372 3876 συνέτριδε
3401 3805 3446 3858 δ’
3477 3801 3534 3858 εὖ
3573 3804 3718 3875 μάλα

2132 3898 2230 3970 τὴν
2266 3899 2537 3969 κεφαλὴν,
2570 3900 2666 3952 καὶ
2718 3898 2812 3951 τὶν
2840 3897 3153 3968 ἐγκέφαλον
3193 3900 3372 3950 πάντα
3403 3900 3468 3969 τῇ
3513 3901 3582 3967 γῇ
3608 3899 3716 3951 διέ-

2136 4010 2383 4064 σπειρεν.
2435 3993 2532 4045 Ὃν
2586 3992 2924 4061 θεασάμενος
2967 3992 2994 4043 ό
3025 3990 3321 4061 Γοράννης,
3359 3992 3453 4044 ἀπ’
3503 3990 3717 4053 ἐλπίδος

2134 4087 2427 4155 γενόμενος
2458 4086 2555 4157 τὴν
2590 4085 2741 4139 πόλιν
2770 4086 2933 4148 ἑλεῖν,
2967 4083 3143 4156 ᾤχετο
3169 4082 3390 4153 φεύγων
3431 4084 3719 4155 πράγμασι

2131 4181 2231 4251 τὴν
2258 4173 2434 4250 ἧτταν
2474 4174 2739 4232 ἀναϐοῶν.
2775 4179 2866 4241 Ei;
2900 4179 3016 4241 δέος
3048 4195 3106 4231 τε
3165 4179 3465 4244 καταστὰς,
3496 4179 3721 4249 εἰρήνῃν

2131 4274 2342 4341 ἠγάπα,
2381 4272 2474 4325 καὶ
2503 4273 2793 4327 τουλοιποῦ
2837 4273 3133 4341 Ῥωμαίοις
3190 4274 3498 4328 ἐσπένδετο.
3562 4273 3719 4326 Οὕτω

2132 4365 2261 4428 Θεὸς
2290 4363 2384 4416 τοῦ
2414 4363 2607 4418 πιστοῦ
2644 4363 2975 4433 θεράποντος
3010 4366 3239 4435 ἐκήδετο
3273 4366 3559 4433 βασιλέως,
3587 4368 3718 4430 ὁμο-

2132 4454 2417 4524 λογοῦντος
2453 4454 2553 4526 τὴν
2584 4456 2742 4527 χάριν
2767 4496 2781 4520 ,
2815 4457 2909 4509 καὶ
2960 4457 3059 4525 τὴν
3113 4457 3499 4527 ἁρμόττουσαν
3560 4457 3719 4524 θερα-

429 4564 747 4624 correptus,
784 4553 850 4607 de
876 4562 1079 4606 ca-lcro
1115 4566 1211 4620 per
1242 4560 1399 4621 pacta
1441 4564 1713 4606 conventa
1745 4564 1870 4605 cum
1911 4551 2021 4605 Ro-

2133 4547 2290 4602 πείαν
2335 4547 2765 4621 προσφέροντος.
2797 4549 2909 4612 Τὰς
2968 4550 3025 4600 δὲ
3061 4551 3198 4615 πρὸς
3244 4548 3514 4620 Ἑσπέραν
3544 4552 3719 4619 μάχας

431 4648 611 4702 manis
662 4646 798 4700 inita
857 4662 1045 4715 pacem
1094 4654 1176 4699 est
1226 4645 1564 4713 complexus.
1603 4645 1834 4699 Tantam
1878 4645 2022 4699 Deus

431 4743 550 4810 ipse
578 4738 756 4794 fidelis
794 4738 1033 4793 ministri
1066 4738 1149 4794 sui
1191 4739 1546 4809 imperatoris
1579 4754 1768 4792 curam
1803 4737 1971 4808 gessit
2005 4753 2019 4790 :

2129 4639 2277 4710 αὐτῷ
2310 4639 2407 4693 καὶ
2434 4638 2511 4709 τῷ
2533 4639 2664 4706 θείῳ
2697 4638 2777 4692 ἐτι
2811 4639 2974 4703 ζῶντι
3002 4642 3378 4710 γεγενημένας
3427 4641 3502 4703 ὡς
3551 4642 3717 4695 ditiu-

2133 4749 2217 4799 σε,
2249 4732 2303 4785 τί
2338 4730 2445 4803 χρὴ
2474 4732 2569 4784 καὶ
2599 4732 2819 4800 λέγειν;

428 4837 520 4904 qui
563 4850 631 4887 co
663 4832 886 4887 nomine
932 4834 1008 4888 illi
1089 4836 1293 4904 gratias
1368 4835 1520 4905 egit,
1564 4837 1941 4900 enmdemquc
1989 4831 2249 4902 religione
2298 4828 2486 4885 debita
2556 4829 2725 4884 coluit
2785 4830 2954 4884 Porro
3004 4830 3146 4885 bella
3193 4830 3244 4884 in
3277 4829 3570 4887 Occidente
3592 4844 3723 4883 con-

431 4937 511 4981 tra
546 4927 723 4995 ipsum
750 4938 803 4982 et
827 4939 1084 5000 patruum
1114 4929 1296 4984 adhuc
1328 4930 1515 4983 vivum
1544 4937 1714 4991 mota,
1754 4925 2031 4997 quomodo
2058 4926 2200 4980 Dens
2232 4924 2480 4989 solverit,
2510 4923 2643 4994 quid
2672 4923 2860 4979 dicere
2893 4924 3138 4980 attinet?

1049 5040 1277 5098 CAPUT
1326 5040 1390 5095 γ.

428 5138 505 5192 lic
537 5140 779 5208 tyrannis
806 5136 856 5189 in
881 5134 1158 5208 Occidente
1189 5147 1372 5208 contra
1396 5133 1777 5208 imperatorem
1801 5128 1981 5208 _Houo
2002 5158 2016 5168 -

569 5201 704 5261 rium
736 5208 950 5273 coortis,
978 5215 1027 5258 et
1057 5207 1118 5259 de
1140 5203 1347 5259 sororia
1378 5203 1493 5273 ejus
1522 5201 1875 5256 Constantio.
1964 5249 1975 5261 ,

497 5385 634 5442 Cum
690 5386 765 5455 (l)
827 5386 1033 5440 etenim
1084 5383 1140 5436 in
1194 5379 1516 5450 regionibus
1568 5380 2015 5435 Occidentalibus

427 5475 646 5545 plurimi
708 5476 921 5548 tyranni
978 5472 1153 5527 csorsi
1213 5480 1421 5536 essent,
1482 5473 1680 5542 partim
1737 5474 1829 5527 alii
1882 5473 2013 5527 aliis

425 5570 729 5635 colluctati,
765 5580 929 5638 atque
978 5565 1079 5636 ipsi
1128 5565 1272 5620 inter
1318 5580 1377 5619 se
1408 5566 1635 5629 concisi,
1684 5569 1880 5634 partim
1923 5566 2011 5620 di-

499 5685 576 5753 (ί)
610 5682 1015 5753 Vandalornm,
1034 5682 1331 5734 Alanorum
1358 5680 1787 5753 _Suuvorumqne
1815 5682 2002 5742 duces,

424 5751 631 5819 legatos
685 5757 750 5807 ad
812 5752 1117 5807 Honorium
1179 5768 1303 5806 cum
1358 5751 1669 5817 hujusmudi
1736 5754 2008 5811 mandatis

420 5825 624 5879 misere
658 5843 672 5881 :
718 5826 799 5880 'l‘u
835 5841 957 5879 cum
987 5822 1240 5879 onmibus
1270 5838 1459 5903 partem
1514 5823 1672 5887 habe,
1703 5822 1770 5875 ab
1822 5823 2008 5876 omni-

2744 5036 2997 5089 ΚΕΦΑΛ.
3031 5035 3105 5089 Ε’.

2130 5126 2270 5199 Περί
2306 5124 2426 5179 τῶν
2483 5127 2966 5182 ἐπαναστάντων
2998 5127 3312 5195 τυράννων
3372 5129 3444 5183 ἐν
3491 5130 3713 5199 ἑσπέρᾳ

2198 5196 2278 5261 τῷ
2328 5200 2590 5271 ,βασιλεῖ
2647 5199 2940 5271 Ὃνῳρίῳ’
2991 5200 3091 5252 καὶ
3147 5200 3417 5269 περὶτοῦ
3450 5196 3712 5271 γαμϐρυῦ

2199 5268 2389 5322 αὑτοῦ
2428 5270 2884 5324 Κωνσταντίου.

2197 5381 2276 5453 Τῇ
2310 5382 2417 5453 γὰρ
2453 5387 2587 5451 πρὸς
2617 5382 2782 5439 Δύσιν
2813 5385 3089 5457 ἀρχομένη
3123 5384 3389 5438 πλείστων
3431 5381 3494 5450 δὴ
3521 5383 3715 5450 τυράνο

2117 5493 2224 5528 κων
2283 5476 2690 5547 γεγενημένων,
2741 5478 2924 5548 οἱμὲν
2975 5478 3229 5549 ἀλλήλοις
3275 5477 3708 5549 συγκρουόμενα

2120 5573 2214 5619 καὶ
2246 5569 2339 5621 ὑπ’
2378 5570 2630 5641 ἀλλήλων
2662 5572 3105 5641 ἀναλισκόμενοι,
3138 5571 3171 5643 ἢ
3207 5572 3303 5626 καὶ
3330 5571 3448 5643 θείᾳ
3475 5570 3709 5638 δυνάμει

2114 5686 2480 5761 ὺιιεῄοιιςίιίρελ
2512 5687 2699 5761 accipe
2731 5709 2743 5744 :
2776 5706 2879 5746 nos
2919 5690 3078 5745 nobis
3124 5689 3491 5761 conﬂigimus,
3547 5687 3711 5761 nobis

2118 5759 2385 5831 perimus,
2425 5759 2519 5811 tibi
2553 5760 2866 5814 vincimus:
2927 5771 3034 5815 tua:
3066 5762 3175 5815 erit
3202 5759 3445 5831 quaestus
3493 5760 3705 5827 reipub.

2116 5828 2158 5879 si
2183 5844 2375 5887 (nones
2405 5845 2715 5898 percautus.
2746 5833 2957 5903 (οἰδα.)
