4044 6496
363 436 492 502 l08i

1324 438 1920 500 ECCLESHSTICE
1966 438 2352 501 HISTORLE
2394 441 2541 504 LIB.
2585 442 2735 505 XIV.

3498 432 3636 499 1082

355 557 588 613 ἐπιστὰς
617 556 644 609 6
669 556 985 627 npu;r’;rq;,
1019 555 1214 609 ἑαυτὸν
1248 559 1599 625 κατεμήνυσε
1623 570 1636 584 ’
1670 555 1765 606 καὶ
1793 553 1946 621 παρά

2055 566 2174 609 nios
2200 563 2386 610 autem
2418 555 2660 611 rusticos
2684 556 2858 609 durus
2893 552 3190 609 admodum
3235 559 3289 607 et
3322 553 3527 623 gravis.
3572 552 3636 605 Et

355 665 406 700 τι
444 647 648 718 κηπίον
674 648 839 701 αὐτὴν
874 649 1122 717 ἀγαγὼν,
1164 666 1182 699 ι
1235 646 1478 711 Ἐνθάδε,
1509 648 1698 716 φησὶν,
1725 644 1941 716 ὄρυξαν,

356 738 451 790 δύο
486 740 685 808 πήχεις
716 738 1109 809 ἀναμετρήσεις
1155 739 1263 791 ἀπὸ
1290 738 1392 806 τῆς
1427 738 1693 807 αίμασιᾶς
1730 738 1823 789 ἐπὶ
1854 738 1949 789 τὸν

362 830 542 899 κῆπον
572 830 710 898 πρὸς
735 830 837 899 τὴν
867 832 985 883 ὁδὸν
1021 832 1054 902 ἢ
1085 830 1149 901 δὴ
1186 831 1278 883 ἐπὶ
1321 830 1648 901 Βιθρερέδιν
1690 829 1815 898 ἄγει
1848 830 1947 899 τὴν

363 923 541 975 πόλιν.
596 922 705 974 Καί
744 938 807 988 γε
852 920 1080 992 όρύξτς,
1131 922 1382 992 λάρνακα
1424 922 1622 991 διπλῆν
1670 923 1945 991 εὑρήσεις,

363 1008 431 1084 ἦς
459 1015 517 1065 τὸ
550 1014 647 1082 μὲν
679 1012 786 1066 ἔσω
820 1015 883 1067 ὲκ
936 1014 1096 1078 ξύλου
1151 1015 1477 1068 ἐσκεύασται
1500 1056 1515 1081 ,
1580 1014 1858 1084 μολιϐδὶνη
1893 1014 1949 1068 δὲ

367 1107 536 1176 ἀτέρα
571 1106 707 1187 ἐστί.
744 1106 851 1159 Καί
885 1124 937 1159 τι
982 1107 1273 1186 δὲισκεῦος
1314 1107 1521 1178 πλῆρες
1557 1107 1750 1171 ὕδατος
1781 1122 1950 1178 προσ-

367 1200 625 1267 ευρήσεις
653 1201 719 1268 τῇ
753 1200 1010 1269 λάρνακι,
1041 1194 1105 1253 οὗ
1157 1203 1289 1270 παρ’
1324 1202 1562 1268 ἑκάτερα
1608 1200 1822 1270 μέτριοι
1855 1199 1949 1251 δύο

368 1291 631 1353 ἀϐλαϐεῖς
656 1293 751 1344 καὶ
786 1294 957 1360 πρᾶοι
1007 1291 1161 1360 ὄφεις
1211 1293 1677 1361 περιελίσσονται,
1713 1293 1810 1346 καὶ
1837 1288 1948 1345 οἷον

368 1384 689 1455 χειροήθεις
741 1386 943 1439 εἰπεῖν.
993 1402 1012 1436 t
1072 1384 1258 1439 Ταῦτα
1295 1390 1394 1454 μὲν
1427 1387 1454 1438 6
1486 1386 1676 1455 φανεὶς
1722 1385 1947 1453 ἔλεγενν

368 1476 460 1529 ἐπὶ
497 1476 554 1529 δὲ
584 1476 664 1546 τῷ
722 1479 981 1546 φάσματι
1033 1479 1488 1547 παραγενόμενος
1522 1481 1550 1530 6
1596 1480 1948 1549 Καλήμερος,

369 1567 647 1635 ἐπεχείρει
674 1566 752 1635 τῷ
772 1566 942 1637 ἔργῳ.
970 1568 1079 1635 Τῆς
1108 1568 1154 1621 δ’
1187 1569 1337 1637 ἱερᾶς
1369 1569 1584 1638 ἐκείνης
1616 1568 1791 1638 θήκης
1819 1571 1953 1622 ἀνα-

371 1662 635 1728 φανεῖση;
666 1662 759 1712 ἐπὶ
805 1663 918 1723 τοῖς
947 1662 1350 1731 προμηνυθείσι
1397 1662 1712 1732 συμϐόλοις,
1747 1662 1775 1713 6
1810 1661 1951 1725 θεῖος

368 1748 527 1820 dagger;
584 1754 895 1821 προφήτης,
952 1752 1236 1823 ἱερατικὴν
1287 1753 1665 1823 ἠμφιεσμένος
1721 1755 1947 1825 στολήν·

367 1837 477 1907 οἶα,
514 1840 690 1911 οἶμαι,
729 1847 811 1898 ttat"
849 1845 1028 1912 ἱερεὺς
1060 1844 1156 1899 ῶν.
1195 1847 1307 1914 Τῆς
1339 1847 1397 1898 δὲ
1431 1846 1608 1917 θήκης
1635 1850 1791 1909 ὲκτδς
1819 1848 1949 1915 περί

369 1953 474 1987 που
502 1937 628 1999 τοὺς
660 1938 825 1999 πόδας
854 1939 949 1991 καί
994 1957 1047 1991 τι
1083 1939 1297 1992 παιδῖον
1332 1941 1529 2009 κομιδῆ
1580 1941 1700 1993 νέον
1747 1941 1947 1993 ἔκειτοι

368 2026 548 2078 ἐδόκει
579 2028 635 2079 δὲ
683 2028 792 2097 ἄρα
842 2029 1004 2082 τοῦτο
1039 2031 1260 2097 εὐγενές
1292 2048 1350 2083 τε
1386 2026 1548 2097 εἶναι,
1582 2035 1674 2084 καὶ
1706 2033 1759 2095 ἐς
1798 2032 1902 2102 βασ
1924 2062 1951 2073 -

367 2116 521 2170 λείαν
559 2118 620 2170 τὸ
655 2123 811 2185 γένος
849 2122 1077 2192 ὁρίζειν.
1129 2123 1402 2189 Στέφανος
1437 2122 1544 2192 γὰρ
1576 2125 1811 2192 χρυσοῦς
1836 2124 1951 2176 ἐδέ-

370 2223 499 2274 σμέι
562 2208 739 2276 τούτῳ
797 2211 890 2279 τὴν
942 2209 1187 2277 κεφαλὴν
1242 2208 1411 2272 λίθοις
1480 2213 1574 2261 καὶ
1645 2214 1950 2281 μαργὰροις

367 2299 750 2360 κατάστικτος.
797 2300 1104 2369 Ἐπίχρυσα
1140 2301 1197 2352 δὲ
1221 2301 1371 2368 αὑτῴ
1401 2302 1496 2354 καὶ
1525 2307 1590 2354 τὰ
1625 2304 1948 2372 ὑποδήματα

366 2382 534 2458 ἦσαν·
575 2391 635 2442 ού
688 2393 795 2463 μὴν
822 2391 867 2445 δ’
898 2393 1035 2446 ἀλλὰ
1060 2394 1155 2446 καὶ
1193 2396 1225 2463 ἡ
1268 2393 1430 2463 ἐσθὴς
1472 2394 1622 2463 αύτῷ
1676 2398 1835 2464 τιμία
1868 2414 1951 2461 τις

373 2479 516 2549 μάλα
578 2484 671 2534 καί
726 2484 1066 2550 κατάχρυσος
1095 2479 1180 2554 ἦν.
1243 2485 1331 2537 Ἐν
1362 2486 1556 2557 ἀπόρῳ
1601 2485 1660 2539 δὲ
1689 2487 1801 2539 τῶν
1828 2490 1948 2540 τίτε

372 2571 551 2638 σοφῶν
601 2574 696 2625 καὶ
753 2573 944 2644 ἱερέων
992 2575 1438 2644 καθεστηκότων,
1472 2576 1727 2647 περὶτοῦ
1762 2578 1845 2641 τίς
1882 2578 1950 2632 ἂν

370 2664 455 2734 είη
489 2661 641 2727 οὗτος
675 2666 703 2717 ό
742 2669 870 2730 παῖς
898 2667 1041 2720 οὕτω
1073 2669 1353 2739 σχήματος
1389 2669 1552 2741 ἔχων,
1581 2669 1803 2738 λέγεται
1844 2674 1949 2726 Ζα-

369 2756 568 2825 χαρίαν
598 2758 811 2810 ἐκεῖνον
841 2761 1035 2826 εἰπεῖν,
1086 2760 1144 2824 ὃς
1190 2761 1493 2831 τηνικαῦτα
1540 2764 1639 2833 τῆς
1679 2766 1736 2816 ἑν
1779 2765 1950 2835 Γερά-

371 2864 486 2915 ροις
522 2849 819 2920 μοναδικῆς
848 2852 1143 2917 Ευναυλίας
1180 2856 1389 2926 ἡγεῖτο,
1436 2856 1709 2925 Ἐϐραίων
1741 2857 1949 2930 παλαιᾷ

366 2956 475 2993 τινι
507 2945 692 3012 γραφῇ
733 2943 980 3013 ἐντυχεῖν
1025 2946 1087 2999 οὑ
1115 2944 1226 3000 τῶν
1255 2948 1709 3019 παραδεδομένων
1734 2951 1829 3003 καὶ
1858 2953 1944 3004 tx-

372 3032 820 3102 κλησιαζομένων
841 3051 856 3067 ν
880 3035 914 3105 ἦ
938 3053 1021 3094 τις
1050 3036 1113 3104 δὴ
1139 3037 1278 3107 πρδς
1301 3041 1413 3099 τοῖς
1446 3040 1632 3102 ἄλλοις
1659 3039 1748 3093 καὶ
1773 3041 1946 3095 ταῦτα

367 3122 694 3193 διήγγειλεν,
722 3126 797 3189 ὼς
820 3126 954 3181 Ὀτε
994 3127 1191 3191 Ἰωᾶςό
1219 3129 1318 3198 τῆς
1356 3112 1622 3194 Ἰουδαίας
1652 3132 1943 3204 κατάρχων

2051 648 2302 715 quamvis
2332 649 2426 704 ille
2457 648 2582 703 talis
2633 657 2801 713 esset,
2845 648 3112 718 propheta
3162 656 3344 700 tamen
3400 647 3450 700 ei
3496 645 3636 699 insi-

2049 749 2222 803 stens,
2277 741 2516 810 seipsum
2549 750 2742 810 aperte
2798 741 3063 802 ostendit,
3112 749 3168 794 et
3222 739 3290 793 ad
3347 740 3630 793 hortulum

2050 832 2344 901 quemdam
2400 849 2468 888 eo
2516 833 2706 896 ducto,
2771 851 2789 882 ι
2826 833 2948 897 Hic,
3019 834 3220 902 inquit,
3283 833 3337 886 in
3392 832 3633 885 duorum

2050 924 2364 980 cubitorum
2398 926 2748 981 altitudinem
2784 926 2978 991 fodito,
3028 941 3056 978 a
3088 932 3248 994 septo
3307 924 3360 976 in
3402 923 3628 977 hortum

2052 1017 2253 1087 ipsum,
2311 1034 2431 1073 eam
2494 1020 2636 1072 viam
2713 1034 2904 1072 vorsus
2958 1032 3079 1087 qute
3144 1017 3197 1069 in
3275 1014 3627 1068 Bithrerehin

2052 1110 2316 1179 oppiduni
2347 1111 2501 1165 ducit
2534 1128 2547 1164 :
2575 1121 2630 1165 et
2651 1126 2806 1165 arcas
2838 1111 2973 1165 duas
2995 1109 3265 1172 invenies,
3294 1107 3628 1163 exteriorem

2054 1203 2314 1273 ligneam,
2350 1203 2669 1258 interiorem
2707 1205 3038 1273 plumbeam.
3070 1203 3336 1273 Reperies
3367 1211 3628 1270 praeterea

2054 1294 2199 1361 apud
2237 1293 2452 1347 loculos
2501 1308 2598 1348 eos
2636 1309 2730 1347 vas
2763 1293 3040 1362 quoddam
3097 1306 3238 1360 aqua
3288 1291 3559 1359 repletum
3612 1303 3628 1341 :

2053 1383 2120 1437 ad
2150 1384 2308 1453 cujus
2339 1395 2548 1452 partem
2578 1395 2872 1452 utramque
2927 1382 3236 1436 mediocres
3270 1382 3380 1434 duo
3414 1378 3629 1433 innoiii

2052 1486 2107 1530 et
2138 1476 2340 1546 placidi
2380 1486 2668 1547 serpentes
2693 1476 2934 1544 (cicures
2963 1490 3062 1529 eos
3095 1474 3267 1542 dicas)
3299 1474 3632 1528 circumtul-

2053 1579 2280 1623 vuntur.
2319 1587 2337 1621 ι
2368 1569 2494 1625 Haec
2526 1567 2777 1638 quidem,
2798 1568 2892 1636 qui
2921 1583 3019 1638 per
3045 1567 3318 1621 visionem
3352 1566 3629 1635 apparuit,

2054 1665 2217 1719 dixit.
2244 1663 2566 1720 Calemerus
2586 1677 2718 1718 vero
2743 1662 2862 1716 viso
2885 1661 2933 1715 ei
2958 1661 3274 1724 obsecutus,
3304 1659 3634 1729 imperatum

2054 1769 2193 1823 Opus
2221 1753 2473 1823 perfecit,
2515 1763 2680 1821 atque
2709 1751 2803 1806 ubi
2847 1766 3002 1806 sacra
3035 1750 3126 1804 illa
3154 1765 3279 1804 arca
3305 1751 3461 1818 juxta
3492 1764 3635 1819 prae-

2056 1846 2201 1901 dicta
2236 1847 2392 1916 signa
2438 1844 2787 1900 manifestata
2818 1851 2924 1906 est,
2955 1841 3120 1895 divus
3152 1840 3421 1911 propheta
3467 1854 3639 1909 appa-

2055 1938 2202 2005 ruit,
2263 1937 2664 1993 sacerdotalem
2719 1936 2949 1991 indutus
3000 1937 3248 1991 stolam:
3299 1934 3504 2004 quippe
3538 1934 3635 2004 qui

2050 2032 2241 2098 etiam,
2273 2042 2336 2086 ut
2364 2042 2514 2101 puto,
2555 2030 2815 2086 sacerdos
2845 2028 3037 2084 fuerit.
3071 2028 3233 2083 Extra
3262 2041 3456 2081 urnam
3478 2042 3629 2088 eam.

2052 2125 2117 2175 ad
2175 2122 2380 2192 pedes,
2432 2138 2570 2192 puer
2611 2121 2782 2176 etiam
2822 2119 3048 2190 quidam
3108 2127 3267 2172 tener
3321 2116 3623 2172 admodum

2045 2214 2243 2284 jacuit,
2273 2216 2366 2284 qui
2398 2213 2622 2284 quidem
2653 2227 2720 2268 ex
2748 2212 3037 2267 nobilitate
3070 2210 3262 2274 fuisse,
3295 2222 3352 2264 et
3378 2209 3444 2264 ad
3469 2224 3628 2279 reges
3724 2204 3749 2215 '

2051 2321 2224 2378 genus
2260 2304 2467 2360 referre
2500 2304 2652 2360 visus
2698 2314 2803 2359 est.
2845 2303 3026 2373 Caput
3065 2304 3214 2357 enim
3261 2303 3381 2373 ejus
3426 2316 3631 2355 corona

2051 2413 2215 2452 aurea
2234 2397 2436 2468 lapillis
2459 2404 2515 2452 et
2533 2397 2841 2468 margaritis
2863 2397 3122 2451 distincta
3150 2395 3462 2449 redimitum
3484 2401 3629 2448 erat.

2050 2491 2278 2547 Calceos
2322 2506 2543 2561 quoque
2591 2490 2888 2545 deauratos
2943 2490 3138 2543 habuit
3188 2507 3202 2541 :
3264 2488 3436 2542 ve5tis
3493 2486 3625 2540 item

2055 2586 2234 2654 magni
2272 2585 2456 2655 pretii,
2492 2593 2551 2639 et
2593 2598 2731 2638 auro
2781 2593 3051 2637 exornata
3093 2582 3220 2635 fuit.
3268 2581 3443 2636 Porro
3495 2594 3621 2657 cum

2052 2676 2332 2745 sapientes
2358 2673 2478 2742 ejus
2502 2674 2772 2744 temporis
2802 2683 2860 2729 et
2894 2674 3217 2729 sacerdotes
3242 2672 3309 2727 de
3339 2687 3406 2727 eo
3434 2686 3628 2743 puero,

2051 2766 2305 2835 quisnam
2356 2767 2411 2820 in
2449 2766 2541 2821 tali
2582 2767 2775 2821 habitu
2806 2776 2978 2831 esset,
3010 2765 3408 2820 addubitarem
3459 2779 3473 2816 :
3524 2764 3596 2818 Za

2050 2852 2293 2907 cltariam
2350 2854 2544 2920 illum,
2601 2856 2697 2925 qui
2758 2864 2873 2910 tum
2928 2857 2983 2910 in
3039 2854 3262 2911 Geraris
3314 2860 3629 2912 monaStico

2049 2947 2417 3002 contubernio
2447 2946 2688 3017 pragfuit,
2714 2948 2918 3003 dixisse
2945 2949 3153 3013 ferunt,
3189 2964 3251 3003 se
3279 2949 3331 3003 in
3355 2957 3628 3005 vetustam

2049 3035 2404 3092 Hebraeorum
2435 3039 2773 3107 scripturam
2803 3038 3124 3106 quamdam,
3156 3052 3265 3091 non
3301 3053 3369 3092 ex
3399 3037 3483 3091 eis
3507 3053 3631 3107 qmc

2046 3144 2077 3183 a
2107 3130 2408 3200 majoribus
2441 3138 2570 3184 sunt
2601 3131 2834 3193 tnaditat,
2865 3142 2921 3184 et
2949 3131 3001 3183 in
3036 3131 3338 3186 Ecclesiam
3372 3140 3630 3200 receptae,

369 3215 460 3267 τὶν
517 3216 809 3286 προφήτην
839 3217 1117 3288 Ζαχαρίαν
1166 3220 1477 3285 ἀπέκτεινε,
1535 3221 1656 3290 μεθ’
1710 3222 1946 3293 ἑϐδόμην

2051 3224 2143 3276 sed
2178 3223 2338 3277 aliaat
2404 3222 2698 3289 incidisse;
2760 3238 2881 3293 qua:
2939 3226 3221 3289 scriptura
3275 3232 3478 3292 praeter
3523 3224 3630 3276 alia

372 3310 584 3379 ἡμέραν
608 3313 736 3380 περὶ
766 3311 858 3363 τὸν
882 3308 1034 3365 οἷκον
1066 3312 1278 3384 χαλεπῇ
1309 3314 1619 3383 χρήσασθαι
1650 3316 1908 3386 συμφορᾷ
1928 3331 1943 3346 ο

371 3404 668 3456 ἀποϐαλεῖν
699 3406 808 3472 γὰρ
850 3403 1066 3474 θανάτῳ
1120 3406 1214 3457 τὸν
1263 3407 1503 3475 μάλιστα
1546 3400 1946 3477 κεχαρισμένον

369 3495 477 3547 τῶν
523 3495 729 3571 παίδων
758 3495 928 3567 αὐτῷ.
968 3497 1075 3550 Καὶ
1107 3498 1287 3561 συνεὶς
1323 3498 1462 3552 Θεοῦ
1497 3502 1638 3552 κατὰ
1677 3500 1836 3569 μῆνιν
1868 3499 1946 3570 τῷ

370 3591 557 3661 τοιῷδε
587 3591 744 3644 πάθει
780 3594 1118 3662 περιπεσεῖν.
1150 3592 1257 3646 ὑπὸ
1284 3592 1410 3655 τοὺς
1436 3592 1600 3655 π’ἒδας
1639 3592 1842 3646 ἔθαπτε
1868 3594 1945 3663 τῷ

372 3687 633 3757 προφήτῃ
676 3686 769 3737 τὸν
796 3687 988 3750 παῖδα,
1014 3684 1205 3751 ὥσπερ
1235 3683 1673 3754 ἀπολογούμενος
1699 3684 1840 3754 ὑπὲρ
1868 3677 1945 3738 ὧν

371 3783 449 3840 εἰς
480 3783 687 3831 ἐκεῖνον
721 3779 1028 3848 ἡμάρτανε.
1060 3779 1168 3831 Καὶ
1200 3776 1357 3833 τοῦτο
1395 3777 1495 3849 μὲν
1526 3775 1701 3838 οὕτως
1723 3776 1943 3846 ἐκρίθη.

372 3872 439 3926 Ὀ
469 3888 529 3941 γε
566 3871 671 3942 μὴν
700 3875 988 3942 προφήτης
1021 3873 1112 3924 ἐπὶ
1141 3871 1356 3934 πολλαῖς
1377 3860 1483 3942 ’ἤδη
1514 3871 1728 3938 γενεαῖς
1757 3868 1945 3938 κείμε-

371 3985 457 4031 νος
495 3966 600 4019 ὑπὸ
638 3968 764 4036 γῆν,
802 3966 957 4019 οὐδέν
986 3962 1161 4033 τιλτοῦ
1197 3965 1449 4031 σώματος
1471 3962 1734 4016 ἐλλείπων
1762 3961 1941 4031 ὤφθη,

296 4074 317 4091 κ
371 4057 568 4129 ὲνχρῷ
624 4059 987 4128 κεκαρμένος,
1047 4055 1134 4111 ἐπ’
1182 4055 1399 4120 εὐθείας
1449 4054 1589 4126 ἔχων
1640 4058 1739 4123 τὴν
1798 4057 1941 4126 ῥῖνα,

371 4150 624 4219 γενειάδα
677 4166 738 4201 τε
790 4149 1124 4219 καθειμένην
1191 4148 1468 4218 μετρίως*
1528 4146 1754 4219 βραχεῖα
1797 4147 1843 4199 δ’
1874 4142 1945 4213 ἦν

371 4241 519 4311 αὐτῷ
544 4242 637 4293 καί⁵
669 4242 703 4311 ἡ
739 4239 950 4308 κεφαλή
972 4256 986 4270 ·
1027 4241 1078 4291 ol
1116 4239 1161 4291 δ’
1193 4234 1469 4308 ὀηοθόιλμολ⁸
1503 4241 1562 4291 ὲν
1594 4239 1761 4309 ὀλίγῳ
1790 4239 1943 4308 βάθει

369 4340 486 4397 ταῖς
532 4335 730 4404 ὀφρύσι
783 4331 1276 4387 κατεκαλύπτοντο.
1331 4331 1535 4386 Τοῦτον
1589 4332 1689 4402 μὲν
1727 4329 1820 4389 οὖν
1853 4332 1944 4386 τὸν

370 4445 394 4478 τ
406 4430 465 4497 ρό
478 4445 569 4480 Γ.ον
600 4429 628 4481 6
655 4428 795 4491 θεῖος
823 4424 1151 4497 ἐφανεροῦτο
1183 4426 1494 4501 προφήτης.

982 4765 1230 4819 ΚΕΦΑΛ.
1270 4763 1349 4818 Θθ.

369 4880 508 4950 Περί
538 4881 657 4936 τῶν
688 4878 1000 4956 ,ζειψάνων
1037 4879 1351 4956 Στεφάνου
1384 4879 1493 4956 τοῦ
1527 4880 1947 4956 πρωτομᾷρτυι

431 4969 540 5019 ρος
573 4970 584 4982 ·
620 4950 719 5003 καὶ
741 4952 819 5017 ὡς
848 4951 1191 5018 περιφανῶς
1211 4950 1366 5004 αὔτὰ
1407 4953 1747 5020 Ιιουλχερία
1773 4951 1946 5019 ἐτίμα

437 5021 771 5092 ἡζϐασιλὶς,
804 5021 903 5074 καὶ
923 5021 1080 5076 νεὼν
1104 5021 1320 5085 ἐκείνῳ
1341 5022 1516 5087 ἐντὸς
1540 5022 1661 5075 τῶν
1690 5023 1945 5075 ἀνακτό-

431 5109 560 5161 ρων
589 5094 836 5146 ἀνίστα.

443 5205 603 5266 Πόλις
631 5203 688 5255 δὲ
723 5198 1156 5271 Καπαργαμάλα
1191 5200 1363 5263 ἐστὶν,
1392 5193 1501 5272 ὲνῇ
1547 5202 1687 5269 μετὰ
1708 5199 1771 5253 τὸ
1804 5217 1945 5271 pap-

334 5311 340 5317 ·
367 5297 555 5364 τύριον
588 5296 624 5347 Γ
631 5294 872 5364 attamin
905 5297 933 5347 6
966 5292 1176 5346 Παῦλον
1203 5292 1294 5345 τὸν
1322 5294 1625 5347 ἀπόστολον
1660 5293 1944 5361 παιδαγω-

367 5393 566 5458 γήσας,
634 5389 732 5439 σὺν
793 5386 996 5458 Ἀϐίὸῳ
1034 5386 1136 5456 υίῷ
1190 5386 1254 5437 τὸ
1297 5387 1457 5455 σῶμα
1510 5387 1785 5454 Στεφάνου
1845 5385 1943 5439 τοῦ

371 5481 836 5550 πρωτομαρτυρος
862 5479 967 5532 ὑπὸ
993 5480 1100 5549 γῆν
1122 5478 1362 5546 θέμενοι,
1392 5479 1570 5548 χρόνῳ
1591 5476 1819 5546 ὕστερον
1849 5484 1942 5532 καὶ

367 5576 524 5626 αὐτοὶ
564 5573 910 5643 τεθνηκότες,
941 5572 1171 5641 ἔγγιστα
1208 5572 1305 5624 τοῦ
1350 5570 1604 5640 λε.ψάνου
1651 5571 1939 5640 ἐτέθησαν.

334 5652 339 5661 δ
380 5666 523 5719 Ἀλλ’
559 5668 705 5731 ὅπως
759 5670 859 5736 μὲν
895 5668 1072 5719 ἐκεῖνο
1103 5665 1331 5736 εὑρεθὲν
1361 5667 1442 5729 είς
1470 5666 1570 5733 τὴν
1600 5665 1943 5717 Κωνσταντὶ-

366 5775 459 5812 νου
508 5758 867 5827 διεκομίζετο,
904 5756 1161 5825 ἔκδηλον·
1195 5756 1270 5818 ὡς
1315 5757 1458 5825 ἁνήρ
1505 5772 1585 5817 τις
1630 5755 1939 5824 συγκλήτου

369 5851 566 5921 βουλῆς
594 5853 758 5904 πολὺν
801 5852 977 5921 ἔρωτα
1008 5851 1226 5919 τρέφων
1260 5849 1427 5920 αὐτῷ,
1460 5848 1751 5918 εὖκτήριον
1790 5846 1938 5902 οἷκον

2051 3310 2217 3384 454
2250 3309 2384 3366 illud
2414 3327 2635 3382 quoque
2688 3313 2973 3380 complexa
3007 3314 3078 3367 sit
3125 3329 3136 3365 :
3174 3312 3310 3368 Cum
3351 3311 3482 3366 Joas
3527 3311 3628 3364 .lu-

2053 3406 2183 3459 dicte
2218 3420 2311 3460 rex
2345 3406 2671 3460 Zachariam
2704 3413 2884 3460 vatem
2913 3405 3229 3465 occidisset,
3252 3419 3474 3474 gravent
3501 3419 3629 3457 eum

2053 3498 2290 3565 septimo
2327 3507 2449 3566 post
2492 3496 2582 3549 die
2623 3495 2772 3549 dumi
2828 3510 2941 3550 suae
2966 3495 3250 3564 accepisse
3307 3493 3541 3555 cladem,
3575 3504 3632 3547 et

2050 3601 2116 3640 ex
2155 3586 2281 3641 [iliis
2313 3601 2475 3656 quem
2518 3587 2892 3657 gratissimum
2929 3586 3221 3653 habuerat,
3261 3596 3440 3640 morte
3487 3585 3629 3639 ami-

2054 3679 2219 3733 sisse.
2251 3678 2307 3733 in
2341 3693 2506 3748 quam
2539 3692 2841 3733 arumnam
2871 3694 2999 3732 cum
3035 3693 3094 3733 se
3132 3679 3213 3733 ira
3263 3677 3452 3731 divina
3495 3693 3631 3731 cou-

2046 3772 2255 3844 jectum
2278 3786 2396 3827 esse
2425 3773 2804 3836 intellexisset,
2828 3785 3065 3842 puerum
3092 3784 3221 3825 eum
3252 3769 3318 3824 ad
3347 3767 3630 3839 prophetae

2053 3864 2220 3934 pedes
2278 3864 2583 3933 sepeltisse,
2638 3863 2808 3918 veluti
2865 3878 3089 3918 causam
3148 3862 3216 3917 de
3277 3861 3477 3932 injuria
3549 3861 3627 3914 illi

2052 3957 2202 4012 illata
2250 3957 2550 4012 dicentem.
2580 3956 2695 4010 Hoc
2741 3955 2965 4026 quidem
3018 3957 3099 4011 sic
3149 3954 3487 4025 iudicatum.
3517 3964 3627 4008 est.

2051 4047 2173 4118 Ipse
2205 4062 2338 4101 vero
2367 4048 2633 4117 propheta
2666 4063 2790 4101 cum
2824 4047 3012 4102 multis
3050 4048 3335 4102 hominum
3371 4047 3631 4101 aetatibus

2052 4154 2149 4194 seu
2180 4138 2633 4209 generationibus
2671 4139 2723 4191 in
2759 4148 2905 4192 terra
2934 4137 3221 4207 jacuissizt,
3256 4137 3393 4190 nihil
3441 4146 3552 4189 tam
3595 4152 3625 4188 n

2054 4231 2108 4285 in
2145 4245 2375 4299 corpore
2431 4229 2550 4300 ejus
2609 4229 2845 4283 deﬁcere
2904 4230 3086 4283 visum
3155 4235 3260 4283 est.
3314 4228 3396 4281 Ad
3453 4231 3625 4281 cutim

2052 4337 2227 4391 usque
2259 4331 2474 4382 tonsus,
2514 4332 2724 4373 rectum
2755 4320 2948 4372 habuit
2975 4333 3193 4381 nasum,
3221 4327 3469 4371 mentum
3511 4332 3599 4370 me

2051 4418 2319 4473 diocriter
2378 4416 2712 4474 demissum.
2787 4423 2955 4481 caput
3010 4427 3263 4481 parvum,
3325 4419 3383 4464 et
3433 4411 3629 4465 oculos

2053 4511 2216 4581 paulo
2240 4509 2404 4564 altius
2426 4507 2735 4577 superciliis
2769 4513 3072 4559 contectus.
3108 4502 3199 4559 Sic
3229 4502 3455 4572 quidem
3487 4501 3633 4555 divi-

1977 4588 2019 4642 Ῑ)
2051 4619 2151 4656 nus
2189 4601 2458 4674 prOphcta
2495 4608 2581 4655 cst
2617 4598 3022 4666 manifestatum.

2648 4752 2876 4810 CAPUT
2934 4752 3025 4808 IX.

2052 4873 2128 4929 De
2159 4873 2396 4944 reliquiis
2427 4854 2688 4944 Stephani
2712 4872 2869 4939 primi
2910 4867 3162 4944 martyris
3187 4879 3204 4919 :
3228 4880 3399 4944 quam
3420 4864 3623 4944 mequi-

2118 4945 2216 5013 ﬁce
2251 4936 2338 4998 ὁαε
2372 4936 2653 4996 Pulchert'a
2685 4936 2936 4995 venerata
2958 4936 3281 5007 sit,’templo
3312 4938 3360 4991 ei
3381 4936 3438 4990 in
3484 4937 3627 5004 regia

2119 5022 2408 5070 exstructo.

2118 5193 2327 5250 Civitas
2374 5201 2560 5247 autem
2613 5190 3012 5260 Capargamala
3059 5197 3171 5252 est,
3235 5187 3289 5242 in
3336 5202 3442 5256 qua
3504 5195 3629 5255 post

2048 5288 2375 5356 martyrium
2445 5284 2806 5349 absolutum,
2875 5281 3170 5345 Gumaliel,
3233 5279 3329 5349 qui
3396 5279 3624 5332 Paulum

2045 5382 2355 5451 apostolum
2416 5378 2587 5432 veluti
2653 5378 2986 5447 paedagogus
3041 5373 3302 5439 instituit,
3352 5389 3457 5425 una
3496 5387 3622 5426 cum

2044 5476 2221 5530 Abibo
2258 5474 2391 5536 lilio,
2427 5471 2690 5540 Stephani
2724 5469 2886 5539 primi
2923 5467 3179 5538 martyris
3217 5480 3420 5534 Corpus
3471 5479 3629 5532 sepe-

2042 5572 2149 5625 liit.
2184 5567 2289 5623 Ubi
2332 5582 2463 5623 vero
2513 5576 2570 5620 ct
2608 5565 2710 5635 ipsi
2773 5573 2961 5633 pustea
3018 5571 3250 5615 mortem
3310 5559 3620 5628 oppetiere,

2046 5663 2297 5732 proxime
2335 5660 2484 5715 circa
2520 5657 2786 5725 reliquias
2813 5670 2907 5709 cas
2944 5654 3108 5719 positi
3168 5660 3314 5704 sunt.
3347 5648 3619 5705 Caeterum

2042 5753 2507 5824 quemadmodum
2595 5751 2699 5804 illae
2778 5759 3007 5817 rvpertu:
3082 5745 3617 5813 Constantinopolim

2042 5855 2342 5915 deportata:
2372 5848 2502 5909 sint,
2539 5845 2672 5896 satis
2702 5850 2939 5895 constat.
2974 5838 3322 5894 Senatorium
3360 5836 3620 5891 videlicet
