4044 6434
314 383 444 456 1037

1229 376 1828 444 ECCLESIASTICJE
1869 373 2254 437 lliSTOBIE
2292 370 2435 431 LiB.
2480 371 2633 430 XIV.

3423 353 3556 415 1098

311 531 464 584 νιμος
490 507 747 576 δ’ὲσάγαν
781 494 875 560 καὶ
929 503 1161 574 σώφρων
1198 499 1273 556 ὣν
1329 504 1357 554 6
1386 502 1546 569 ἀνὴρ,
1576 496 1878 566 ὲπιμᾶλλον
1910 526 1921 555 Α

2032 492 2128 554 lio,
2165 503 2383 543 omnem
2408 487 2592 540 funem
2627 493 2876 543 movens,
2933 475 3312 546 episcopatum
3364 486 3561 526 consc-

2069 583 2078 584 ,
2345 578 2357 584 -
2574 575 2585 584 .
2814 573 2826 584 .
2905 580 2913 584 .
3042 558 3105 584 εἰ.
3177 558 3555 584 Λι.-μ---...1...λ.

314 606 411 667 τὰς
437 604 547 657 τῶν
594 597 953 654 Ναυατιανῶν
1015 594 1316 678 ἐκκλησίας
1365 591 1600 659 αὐξῆσαι
1663 591 1758 642 καὶ⁵
1806 589 1884 650 είς
1926 575 1928 578 ’

318 698 460 766 μέγα
485 691 767 746 ἐπιδοῦναι
817 686 1292 757 παρεσκευάσατοο
1353 684 1566 737 οἴκοθεν
1622 680 1720 750 μὲν
1773 682 1887 742 τοῖς

316 787 515 854 πένησι
550 785 772 854 χρυσίον
818 778 1314 848 κατασαλλόμενος,
1349 774 1503 827 οὐδὲν
1562 776 1747 842 μέντοι
1790 772 1887 839 τῆς

321 879 622 946 ἐκκλησίας
658 873 958 944 ἐλὰμὸανε,
995 871 1137 939 πλὴν
1188 870 1271 922 ὅτι
1302 868 1377 937 μὴ
1427 866 1534 919 τῶν
1564 863 1661 916 δύο
1705 864 1888 934 ἄρτων

318 969 426 1022 τῶν
451 965 716 1034 εὐλογιῶν
753 964 819 1027 ἃς
847 963 989 1016 κατὰ
1031 961 1320 1030 Κυριακὴν
1358 957 1524 1027 εἶχεν.
1564 956 1691 1008 Ἐπὶ
1730 955 1888 1006 τόσον

320 1062 378 1115 δὲ
411 1060 697 1118 σπουδαῖος
732 1058 862 1125 περὶ
892 1056 990 1124 τὴν
1035 1052 1367 1119 Ἐκκλησίαν
1396 1049 1633 1117 ἐγένετο,
1696 1046 1771 1108 ὡς
1796 1047 1890 1097 καὶ

323 1152 616 1206 ’Λὸλὰὅιον
649 1150 741 1201 τὸν
781 1146 1156 1212 γενναιότατον
1217 1144 1423 1212 ῥήτορα
1474 1140 1568 1193 τοῦ
1634 1137 1891 1206 σοφιστοῦ

324 1245 569 1313 Τρωΐλου
604 1240 1045 1311 ἀκροασάμενον,
1081 1233 1389 1297 συλλαϐεῖν,
1441 1234 1550 1301 xui:
1605 1231 1738 1300 πρὸς
1798 1230 1893 1298 τὴν

324 1336 419 1389 τοῦ
483 1333 862 1404 πρεσϐυτέρου
913 1328 1067 1392 τάξιν
1123 1324 1607 1397 προχειρίσασθαιο
1686 1317 1746 1376 οὗ
1803 1324 1896 1375 καὶ

328 1425 683 1497 προσομιλίαι
729 1423 1013 1492 γλαφυραὶ
1067 1420 1161 1472 καὶ
1193 1418 1442 1470 σύντονοι
1500 1415 1662 1486 μέχρι
1695 1412 1895 1468 πολλοῦ

328 1518 639 1586 διεφέροντο
659 1532 674 1546 ·
701 1513 757 1576 ὃς
796 1515 852 1574 ἐς
883 1510 1111 1581 ὕστερον
1172 1512 1266 1563 καὶ
1294 1512 1390 1579 τῆς
1438 1508 1492 1561 ὲν
1550 1507 1759 1577 Νικαίᾳ
1788 1507 1896 1559 τῶν

330 1607 703 1663 Ναυατιανῶν
761 1604 1064 1674 ἐκκλησίας
1124 1603 1389 1672 προέστη,
1449 1601 1586 1671 μηδὲ
1636 1601 1696 1652 τὸ
1750 1616 1902 1668 σοφι-

333 1699 547 1752 στεύειν
578 1698 757 1765 ἀφείς.
786 1696 875 1750 Ἐν
931 1686 1310 1764 Ἀλεξανδρείᾳ
1362 1694 1416 1745 δὲ
1471 1694 1528 1745 αί
1571 1693 1679 1745 τῶν
1717 1691 1902 1745 Ναυα-

331 1789 534 1843 τιανῶν
581 1787 869 1857 ἐκκλησίαι
926 1786 1217 1839 ἐκλείοντοο
1279 1786 1374 1837 καὶ
1427 1782 1495 1835 τὰ
1537 1783 1666 1852 παρ’
1719 1782 1902 1843 αὐτοῖς

333 1880 598 1952 κειμήλια
631 1880 872 1949 δημόσια
903 1879 1173 1945 ἐγεγόνει.
1201 1875 1411 1945 Γυμνὺς
1442 1875 1498 1927 δὲ
1531 1876 1625 1926 καὶ
1655 1873 1901 1940 Θεόπομ-

336 1991 436 2037 πος
466 1975 494 2026 ὁ
533 1971 759 2024 ἐκείνων
809 1971 1109 2032 ἐπίσκοπος
1166 1964 1255 2039 ἧν.
1314 1966 1545 2036 Ἐπίσης
1593 1966 1650 2019 δὲ
1700 1966 1795 2017 καὶ
1847 1966 1905 2015 ἐν

348 2065 536 2136 Ῥώμῃ
590 2060 776 2134 εἶχον·
852 2061 1198 2134 ἀφῃρημένοι
1257 2060 1368 2129 γὰρ
1426 2060 1526 2117 τὰς
1586 2057 1904 2125 ἐκκλησίας,

338 2160 397 2211 ἐν
427 2155 769 2226 παραδύστῳ
809 2170 911 2206 που
963 2155 1222 2222 συνῆγον.
1266 2152 1445 2221 Μέχρι
1494 2151 1600 2221 γὰρ
1660 2148 1752 2201 τοῦ
1804 2165 1908 2201 πα-

345 2248 532 2316 ρόντος
587 2246 923 2315 ἁνθήσαντες
980 2244 1074 2295 ἐπὶ
1154 2240 1383 2305 πολλαῖς
1445 2238 1762 2310 ἐκκλησίαις
1813 2237 1909 2290 καὶ

345 2338 604 2407 ἀφθόνοις
634 2340 749 2400 τοῖς
774 2336 1048 2406 πλήθεσι,
1087 2335 1240 2402 παρὰ
1292 2333 1400 2384 τῶν
1460 2330 1773 2384 ἐπισκόπων
1810 2328 1909 2393 τῆς

345 2428 576 2482 καθόλου
632 2428 966 2494 Ἐκκλησίας
1019 2425 1177 2479 πάντ’
1215 2420 1601 2494 ἀφῃρέθησαν,
1684 2419 1760 2487 μὴ
1824 2417 1910 2469 ἐπ’

346 2523 528 2583 ἀδείας
561 2520 819 2586 συνάγειν
845 2515 1317 2587 συγχωρηθέντεςο
1354 2517 1450 2567 καὶ
1504 2512 1682 2566 πάντα
1708 2511 1775 2563 τὰ
1821 2511 1916 2562 αύ-

346 2615 457 2668 τῶν
485 2613 834 2683 ἀφελόμενοι,
869 2611 1081 2679 ἐπαίνῳ
1116 2609 1276 2676 δῆθεν
1306 2606 1670 2677 προσήγοντο.
1706 2603 1780 2655 Οὐ
1812 2602 1916 2671 μὴν

347 2707 404 2758 δὲ
444 2704 539 2759 καὶ
592 2706 652 2756 ὲν
709 2699 1285 2756 Κωνσταντινουπόλει
1343 2697 1501 2750 τοῦτο
1558 2693 1914 2746 πεπόνθασινο

347 2798 485 2852 ἀλλὰ
513 2796 655 2866 μετὰ
691 2794 788 2847 τοῦ
819 2794 1068 2862 στέργειν
1095 2793 1190 2844 καὶ
1219 2789 1369 2842 ἔνδον
1418 2787 1675 2854 συνάγειν
1724 2785 1918 2845 αὐτοὺς

350 2890 562 2953 εἴασαν,
600 2889 739 2940 κατὰ
775 2887 937 2956 μόνον
970 2883 1031 2936 τὸ
1062 2882 1357 2952 κηρύττειν
1410 2879 1472 2932 τὸ
1502 2876 1815 2948 ὁμοούσιον,
1846 2873 1921 2937 ὡς

353 2983 745 3052 καὶπρότερον
777 2978 1095 3047 ἀρκούντως
1147 2973 1419 3027 διέλαϐον.
1475 2972 1584 3025 Καὶ
1634 2969 1767 3040 περὶ
1820 2966 1919 3038 μὲν

351 3075 460 3128 τῶν
485 3071 846 3125 Ναυατιανῶν
877 3067 1137 3121 τοσαῦτα.
1154 3064 1445 3121 Ἐτελεύτα
1474 3063 1529 3116 δὲ
1556 3062 1649 3114 τδν
1686 3061 1799 3131 βίον
1824 3076 1922 3126 τη-

1989 583 2085 651 (ιυὶ
2122 578 2505 641 contenderet,
2538 575 2606 629 ab
2637 589 2705 629 eo
2750 573 2989 643 rejectus
3029 558 3132 623 est.
3174 558 3560 635 Chrysanthus

1990 685 2171 728 autem
2207 687 2425 726 rursum
2455 668 2775 740 inquisitos.
2801 664 2903 731 Qui
2937 664 2993 716 in
3028 658 3302 730 Bithynia,
3332 656 3426 711 ubi
3486 655 3564 708 la-

1994 767 2163 831 tebat,
2209 765 2488 823 inventus,
2520 761 2686 817 etiam
2744 759 3024 812 reluctans
3080 755 3144 807 ad
3182 750 3559 818 episcopatum

1991 866 2075 910 cst
2100 862 2345 909 evectus.
2377 854 2426 908 ls
2463 852 2609 923 quod
2663 850 2901 920 prudens
2961 843 3256 900 admodum
3292 848 3345 896 et
3379 847 3563 893 castus

1992 946 2077 998 vir
2098 955 2267 1006 esset,
2306 945 2594 998 ecclesiam
2640 940 3074 995 Novatianorum
3133 932 3347 1003 magnis
3379 931 3560 983 incre-

1995 1038 2195 1091 mentis
2230 1037 2401 1090 auxit.
2435 1033 2728 1087 Pecuniam
2771 1032 2918 1086 enim
2958 1030 3073 1099 ipse
3097 1014 3250 1080 suam
3278 1024 3331 1076 in
3365 1034 3567 1091 paupe-

1997 1146 2083 1184 res
2120 1143 2377 1196 erogans,
2416 1126 2555 1180 nihil
2591 1141 2657 1179 ex
2693 1122 2926 1178 ecclesia
2988 1119 3333 1190 percipiebat
3369 1121 3568 1183 praeter

1997 1236 2159 1289 quam
2191 1220 2330 1274 duos
2362 1217 2765 1275 benedictionis
2816 1227 3005 1285 panes,
3037 1226 3173 1281 quos
3213 1209 3411 1263 diebus
3457 1205 3567 1258 Do-

2000 1312 2217 1366 minicis
2279 1310 2536 1366 habebat.
2595 1310 2745 1363 Adeo
2812 1314 2994 1361 autem
3054 1299 3438 1357 ecclesiastica:
3485 1296 3568 1350 rei

1999 1406 2388 1475 promovenda:
2420 1403 2702 1457 studiosus
2728 1400 2851 1464 fuit,
2886 1408 2947 1453 ut
3000 1395 3289 1453 Ablabium
3345 1389 3572 1446 nobilis-

2001 1496 2197 1550 simum
2229 1506 2531 1556 oratorem,
2560 1493 2731 1547 Troili
2784 1490 3046 1560 sophista:
3096 1487 3431 1547 auditorem,
3468 1482 3572 1537 sibi

2003 1588 2337 1658 adiunxerit,
2379 1598 2431 1641 et
2458 1586 2510 1639 in
2550 1585 3005 1656 presbyterorum
3041 1574 3293 1634 ordinem
3355 1583 3578 1644 coepta-

2004 1682 2075 1732 rit
2107 1698 2118 1732 :
2152 1676 2316 1750 464
2336 1679 2492 1749 cujus
2522 1678 2687 1732 etiam
2715 1674 3010 1732 conciones
3035 1672 3353 1743 populares,
3380 1682 3578 1721 suaves

2004 1777 2060 1822 et
2095 1771 2473 1833 vehementes,
2512 1768 2603 1822 diu
2641 1768 2996 1823 exstiterunt.
3040 1765 3140 1817 llic
3181 1771 3370 1832 postea
3403 1759 3576 1814 Nova-

2010 1862 2280 1915 tianornm
2337 1861 2592 1915 Ecclesiae
2640 1861 2694 1913 in
2730 1857 2945 1913 Nic.ena
3003 1852 3138 1909 urbe
3202 1851 3435 1923 prazl'uit,
3493 1864 3581 1904 so-

2008 1953 2301 2022 piiisticam
2333 1956 2636 2007 etiamtum
2674 1951 2983 2021 professus.
3015 1947 3121 2003 Sed
3169 1947 3315 2001 enim
3349 1945 3582 2022 Alexan-

2008 2042 2139 2096 driae
2200 2043 2630 2099 Novatianorum
2684 2043 2928 2097 ecclesia:
2989 2039 3220 2103 clausa,
3263 2049 3319 2091 et
3353 2016 3583 2091 donaria

2011 2146 2445 2206 ornamentaque
2513 2152 2708 2191 eorum
2768 2134 3043 2205 publicata
3103 2135 3341 2187 fuerant.
3391 2129 3585 2184 Nudus

2012 2229 2589 2298 etiamTheopompus
2623 2228 2915 2296 episcopus
2950 2240 3141 2281 eorum
3204 2232 3345 2276 erat.
3398 2206 3585 2289 Neque

2014 2323 2092 2377 illi
2132 2323 2315 2376 Roma:
2363 2322 2562 2375 melius
2607 2321 2921 2384 habebant;
2986 2317 3231 2372 ecclesiis
3288 2315 3434 2369 enim
3505 2314 3588 2368 eis

2014 2414 2308 2481 ademptis,
2371 2414 2424 2467 in
2496 2412 2632 2466 locis
2692 2411 2944 2466 obscuris
2982 2416 3284 2464 conventus
3328 2407 3587 2478 agebant.

2017 2504 2297 2560 Hactenus
2333 2520 2568 2573 namque
2596 2519 2719 2558 eum
2752 2511 2808 2556 et
2839 2502 3029 2555 multis
3085 2509 3142 2555 et
3205 2499 3592 2568 frequentibus

2018 2597 2267 2652 ecclesiis
2305 2596 2641 2661 ﬂoruissent,
2672 2611 2770 2664 per
2804 2596 3092 2663 episcopos
3128 2592 3431 2646 catholicos
3483 2590 3595 2644 illis

2019 2690 2100 2746 eis
2128 2699 2241 2761 tum
2283 2688 2569 2759 ademptis,
2602 2702 2779 2755 neque
2815 2695 3186 2740 conventuum
3222 2685 3592 2755 cogendorum

2019 2781 2247 2837 libertas
2268 2778 2532 2849 permissa
2566 2777 2770 2833 fuerat.
2801 2776 2868 2831 Et
2902 2793 3025 2832 cum
3055 2777 3237 2830 ablata
3270 2777 3352 2831 eis
3376 2776 3590 2842 οιιιηίςι,

2026 2881 2137 2926 tum
2174 2874 2228 2921 in
2275 2869 2486 2939 judicia
2528 2867 2631 2937 ipsi
2662 2882 2883 2936 quoque
2936 2878 3065 2922 sunt
3104 2868 3389 2938 protracti.
3447 2868 3596 2923 Con-

2023 2960 2379 3028 stantinopoli
2416 2974 2545 3013 vero
2583 2974 2693 3013 non
2730 2958 2923 3012 eadem
2956 2959 3097 3028 passi
3151 2968 3301 3014 sunt.
3364 2961 3600 3017 Practer-

2024 3068 2187 3122 quam
2222 3052 2372 3105 enim
2407 3050 2553 3121 quod
2576 3051 2788 3119 expulsi
2838 3066 2949 3106 non
3004 3060 3157 3117 sunt,
3205 3053 3347 3106 intra
3399 3055 3593 3109 urbem

352 3167 583 3221 νικαῦτα
610 3165 705 3217 καί
747 3163 1023 3232 Θεὰιὶωρος
1052 3162 1080 3213 6
1103 3159 1205 3227 τῆς
1242 3156 1586 3227 Ἀρειανικῆς
1625 3150 1921 3223 θρησκείας

2029 3143 2194 3200 etiam
2253 3140 2513 3198 ecclesias
2548 3155 2743 3211 cogere
2790 3141 2872 3195 eis
2927 3142 3106 3206 licuit,
3146 3150 3370 3212 propter
3429 3160 3594 3200 unam

355 3259 496 3312 κατὰ
520 3258 621 3325 τὴν
671 3250 1090 3308 Κωνσταντίνου
1155 3243 1536 3316 προεστηκὼς,
1571 3246 1744 3297 εἴκοσι
1785 3240 1924 3311 πρὸς

354 3349 469 3409 τοῖς
504 3345 702 3397 ἑκατὸν
723 3343 822 3410 ἐτη
852 3338 1156 3409 βεὸιωκώς·
1218 3335 1276 3387 ὃν
1300 3335 1373 3397 ὡς
1414 3331 1746 3402 δραστήριον
1791 3325 1927 3398 περὶ

354 3440 455 3508 τὴν
475 3434 798 3507 θρησκείαν,
830 3433 894 3483 ἐκ
923 3430 1024 3498 τῆς
1058 3426 1338 3495 Ἀντιόχου
1367 3423 1643 3494 Ἀρειανοὶ
1690 3423 1784 3475 ἐπὶ
1826 3422 1928 3490 τὴν

357 3529 625 3592 Βύζαντος
656 3527 884 3595 ἣγαγον.
925 3514 1001 3574 Ob
1028 3521 1273 3588 διάδοχος
1320 3517 1648 3569 καθίσταται
1704 3511 1927 3583 Βάρὸας

357 3623 552 3690 ὗνομα·
578 3618 664 3687 ἐφ’
696 3609 758 3669 οὗ
785 3616 819 3686 ἡ
848 3614 959 3668 τῶν
988 3610 1287 3680 Ἀρειανῶν
1347 3607 1617 3678 θρησκεία
1644 3605 1736 3657 δύο
1775 3603 1928 3656 ὲλλο-

282 3726 331 3749 κ
361 3711 542 3778 γίμων
571 3706 781 3776 ἀνδρῶν
806 3703 1130 3774 ηὑμοίρησε·
1190 3700 1284 3753 καὶ
1324 3698 1493 3766 ἄμφω
1519 3696 1576 3750 δὲ
1629 3694 1933 3765 πρεσὸύτε-

366 3818 447 3873 ροι
481 3798 644 3869 ἦσαν·
692 3793 767 3850 ὧν
818 3795 896 3866 τῷ
960 3796 1058 3864 μὲν
1113 3792 1193 3845 ἑνὶ
1257 3790 1547 3859 Τιμόθεος,
1611 3786 1826 3858 θατέρῳ
1877 3783 1933 3836 δὲ

364 3892 636 3962 Γεώργιος
685 3890 929 3959 ὀνόματα
959 3884 1122 3960 ἦσαν.
1175 3882 1337 3938 Ἀλλὰ
1368 3882 1643 3953 Γεὼργιος
1682 3882 1780 3951 μὲν
1834 3879 1935 3946 τὴν

376 3984 698 4054 Ἑλληνικὴν
735 3983 936 4051 μᾶλλον
964 3979 1212 4034 παιδείαν
1278 3978 1509 4047 ἤσκητοο
1563 3973 1825 4044 Τιμόθεος
1880 3971 1937 4022 δὲ

365 4080 478 4140 τοῖς
525 4077 695 4137 θείοις
743 4074 928 4140 λόγοις
982 4071 1148 4124 πλέον
1193 4068 1451 4120 διέκειτο.
1503 4064 1773 4123 Κάκεῖνος
1841 4060 1938 4129 μὲν

366 4167 732 4239 Ἀριστοτέλει
760 4165 854 4219 καὶ
898 4163 1148 4216 Πλάτωνι
1188 4160 1352 4227 συνῆν
1380 4157 1489 4210 ἀεί’
1520 4159 1547 4210 6
1569 4156 1624 4208 δὲ
1654 4155 1747 4207 τὸν
1794 4152 1940 4220 Ὠρι-

368 4266 534 4332 γένην
583 4261 678 4313 ἐπὶ
706 4259 954 4327 γλώττης
985 4253 1160 4305 ἔπνει·
1206 4252 1300 4303 καὶ
1354 4249 1423 4300 τὰ
1457 4247 1579 4316 ἱερὰ
1629 4246 1941 4315 γράμματα

371 4354 705 4409 ἐκδιδάσκων
734 4346 1038 4419 παρρησίᾳ,
1076 4345 1170 4396 καὶ
1209 4342 1309 4412 τὴν
1357 4339 1635 4408 Ἐϐραίων
1689 4338 1943 4409 γλῶτταν

371 4448 616 4515 ἠσκεῖτο.
657 4442 717 4498 Ὀ
741 4442 839 4511 μὲν
866 4436 962 4492 οὖν
988 4434 1251 4504 Τιμόθεος
1271 4434 1364 4503 τῆς
1389 4430 1758 4499 Ψαθυριανῶν
1795 4427 1946 4496 αἱρέ-

2030 3237 2171 3290 hanc
2194 3250 2437 3302 causam,
2461 3230 2607 3304 quod
2639 3233 2946 3304 ὀμοούσιον,
2972 3235 3465 3302 eonsubstantiale,
3500 3241 3597 3295 de—

2028 3325 2417 3396 prmdicarent,
2460 3327 2621 3381 sicuti
2682 3326 2860 3381 fusius
2912 3338 3073 3382 antea
3130 3343 3160 3381 a
3219 3331 3379 3384 nobis
3408 3341 3491 3386 est
3518 3333 3605 3386 di-

2030 3429 2202 3474 ctum.
2256 3416 2382 3473 llaec
2414 3420 2480 3473 de
2522 3418 2862 3472 Novatianis.
2912 3417 2988 3473 Eo
3034 3427 3277 3489 tempore
3312 3421 3606 3478 defunctus

2029 3517 2196 3569 etiam
2219 3522 2302 3567 est
2332 3512 2638 3566 Dorotheus
2666 3512 2880 3565 Arianae
2919 3510 3173 3580 religioni
3207 3511 3601 3569 Constantino-

2033 3606 2139 3675 poli
2166 3604 2475 3675 prarfectus,
2506 3620 2627 3659 eum
2665 3605 2731 3658 ad
2760 3608 3121 3660 centesimum
3178 3616 3234 3660 et
3282 3608 3603 3663 vicesimum

2032 3699 2156 3751 vitae
2180 3713 2381 3750 annum
2401 3696 2743 3765 pervenisset
2771 3712 2964 3764 :quem
2985 3700 3129 3767 quod
3153 3710 3377 3756 strenue
3397 3711 3603 3757 sectam
3680 3695 3685 3701 ’

2035 3802 2190 3841 suam
2228 3797 2501 3852 tueretur,
2534 3786 2723 3840 Ariani
2779 3803 2843 3841 ex
2881 3789 3169 3843 Antiochia
3219 3791 3611 3850 Constantino-

2037 3879 2203 3948 polim
2244 3879 2657 3933 transtulerant.
2688 3878 2856 3950 Cujus
2886 3896 3175 3936 successor
3222 3883 3325 3938 fuit
3379 3887 3607 3952 Barbas,

2038 3972 2139 4024 sub
2170 3985 2280 4039 quo
2311 3970 2508 4024 Ariana
2541 3972 2732 4040 religio
2755 3972 2895 4027 duos
2919 3975 3151 4031 eximios
3203 3978 3397 4033 habuit
3425 3981 3571 4036 viros
3592 4022 3609 4047 ,

2040 4061 2391 4129 presbyteros
2415 4059 2809 4116 amboszalteri
2839 4062 3099 4134 Georgio,
3126 4067 3288 4124 alteri
3320 4052 3611 4127 Timotheo

2042 4165 2239 4203 nomen
2266 4158 2402 4204 erat.
2432 4148 2702 4220 Georgius
2736 4153 3051 4209 Graecorum
3089 4160 3262 4228 magis
3305 4162 3615 4233 disciplinis

2043 4237 2299 4310 pollebat,
2335 4236 2656 4295 Timotheus
2688 4242 2889 4299 divinis
2915 4246 3115 4303 litteris
3146 4249 3270 4319 plus
3305 4253 3614 4311 delectaba-

2047 4340 2150 4385 tur.
2188 4329 2254 4384 Et
2283 4330 2372 4385 ille
2408 4331 2461 4384 in
2494 4332 2788 4389 Aristotele
2817 4345 2870 4389 et
2900 4337 3129 4393 Platone
3157 4357 3375 4411 semper
3427 4363 3613 4402 versa-

2047 4425 2210 4476 batur
2241 4442 2254 4477 :
2297 4423 2384 4478 hic
2419 4423 2712 4495 Origenem
2742 4428 2959 4496 spirans
3027 4431 3082 4484 in
3137 4450 3232 4488 ore
3266 4437 3523 4507 habebat,
3558 4456 3616 4497 et

375 4556 509 4603 σεως
542 4538 862 4607 μετειλήφει
886 4547 899 4563 ⁸
930 4531 1205 4598 Γεώργιος
1237 4528 1293 4580 δὲ
1327 4526 1433 4578 ὑπὸ
1467 4525 1656 4594 Βάρϐᾳ
1694 4539 1921 4592 κεχειρο¹

2050 4534 2234 4573 sacras
2257 4514 2490 4572 Litteras
2518 4518 2736 4583 publice
2762 4519 2988 4586 docens,
3011 4523 3064 4577 in
3092 4524 3444 4582 llebrmorum
3477 4549 3618 4601 quo-

374 4634 586 4700 advnto.
638 4628 909 4694 Ἐτοιμος
951 4622 996 4676 δ’
1025 4618 1092 4692 ἦν
1125 4622 1153 4672 6
1213 4618 1479 4686 Τιμόθεος
1539 4613 1942 4685 ἀποκρίνασθαι

379 4726 470 4776 καὶ⁴
518 4721 674 4774 λύσιν
707 4719 764 4781 ἐξ
826 4716 1048 4784 ἑτοίμου
1100 4711 1407 4781 παρασχεῖν
1466 4709 1566 4761 ὅσα
1623 4706 1943 4775 δῆτ’ὰσαιρῆ

376 4821 487 4881 τοῖς
520 4815 687 4878 θείοις
712 4811 914 4879 λογίοις
940 4808 1265 4877 εὐρίσκοιτο’
1299 4804 1394 4854 καὶ
1425 4802 1666 4871 μάρτυρι
1689 4801 1782 4852 ἐπὶ
1812 4801 1946 4852 πᾶσι

381 4910 616 4980 μάλιστα
646 4905 724 4976 τῷ
751 4901 1021 4972 Ὠριγένει
1049 4898 1267 4967 ἐχρῆτο.
1302 4896 1366 4946 Ὃ
1397 4894 1490 4946 καὶ
1514 4890 1819 4960 θαυμάζειν
1852 4891 1947 4941 καὶ

380 5000 521 5071 ὑπὲρ
558 4998 887 5067 ἀμφοτέρων
912 4989 1094 5044 ἔπεισί
1120 5004 1229 5058 μοι,
1275 4987 1391 5048 πῶς
1418 4984 1529 5046 τοῖς
1574 4982 1788 5052 Ἀρείου
1825 4980 1945 5050 δόγ-

385 5108 547 5162 μασιν
601 5089 834 5151 εῐποντο,
863 5087 890 5137 6
939 5082 1037 5152 μὲν
1086 5080 1372 5143 Πλάτωνα,
1428 5072 1688 5142 Τιμόθεος
1749 5072 1805 5125 δὲ
1853 5071 1946 5124 τὸν

382 5179 666 5251 Ὠριγὲνην
696 5177 953 5245 ἄντικρυς
978 5171 1253 5232 πνέοντες.
1279 5166 1412 5221 Οὺδὲ
1473 5167 1579 5233 γὰρ
1638 5164 1862 5217 Πλάτων
1886 5162 1947 5215 τὸ

383 5275 633 5343 δεύτερον
661 5269 754 5323 καὶ
801 5269 861 5319 τὸ
912 5267 1116 5335 τρίτον,
1155 5262 1229 5325 ὼς
1282 5260 1441 5320 αὐτὸς
1496 5257 1681 5310 καλεῖν
1734 5256 1949 5320 εἴωθεν,

386 5367 560 5436 ἀρχὴν
595 5361 881 5431 ὑπάρξεως
914 5356 1197 5424 εἰληφέναι
1225 5352 1410 5425 φησίν.
1448 5350 1615 5402 Ἀλλὰ
1656 5350 1747 5401 καὶ
1798 5348 1946 5416 Ὦρι-

386 5459 548 5525 γένης
584 5448 904 5519 ἁπανταχοῦ
956 5445 1064 5498 τῶν
1101 5445 1279 5511 λόγων
1312 5440 1636 5517 διαρρήδην,
1670 5439 1947 5492 συναϊδιόν

389 5563 524 5616 φησι
554 5544 645 5597 τὸν
692 5542 822 5594 Υίδν
883 5537 1078 5609 Πατρί.
1135 5536 1279 5607 Πλὴν
1342 5536 1391 5587 εί
1451 5533 1545 5586 καὶ
1593 5533 1661 5601 τῇ
1724 5530 1948 5584 ἐκείνων

465 5712 541 5782 (1)
574 5710 725 5764 Plato
750 5703 1093 5782 sb‘lei‘rspov
1120 5692 1299 5782 καὶτδ
1327 5701 1507 5771 τρίτον
1540 5699 1711 5782 αἴτιον
1738 5697 1959 5782 initium

391 5769 708 5839 substantiae
742 5769 1018 5844 ὑλὰρξεωξ
1055 5772 1337 5841 accepisse
1367 5769 1623 5840 negavit.
1667 5769 1821 5824 Unde
1853 5769 1953 5822 Ju-

709 5871 977 5929 PATROL.
1011 5869 1097 5931 Gn
1114 5892 1141 5927 .’
1173 5866 1401 5929 CXLVI

2047 4626 2152 4680 que
2180 4611 2363 4680 lingua
2398 4609 2720 4665 desudabat.
2762 4611 3084 4670 Timotheus
3127 4618 3351 4687 quidem
3398 4623 3621 4696 Psathy-

2049 4703 2333 4755 rianorum
2366 4700 2589 4756 haeresis
2611 4703 2888 4772 particeps
2922 4704 3100 4759 fuerat
3152 4725 3165 4762 :
3193 4720 3249 4764 at
3291 4712 3561 4785 Georgius
3589 4735 3619 4772 a

2050 4792 2225 4847 Barba
2262 4792 2439 4847 fuerat
2469 4793 2776 4848 ordinatus.
2808 4797 3135 4853 Timotheus
3187 4817 3475 4873 proruptus
3526 4824 3623 4877 pa-

2053 4896 2312 4952 ratusque
2376 4884 2481 4937 fuit
2520 4885 2588 4937 de
2662 4886 2832 4940 sacris
2859 4886 3095 4943 Litteris.
3129 4895 3464 4961 respondere
3502 4913 3516 4950 :
3566 4911 3623 4953 et

2054 4976 2213 5031 facile
2247 4970 2366 5045 qua:
2406 4977 2462 5030 in
2499 4977 2704 5031 divinis
2753 4980 2992 5033 oraculis
3022 4979 3259 5036 obscura
3300 4985 3625 5044 inueniren-

2057 5077 2164 5132 tur,
2196 5068 2408 5121 solvere
2435 5081 2488 5123 et
2520 5069 2794 5138 explicare.
2836 5072 3034 5138 putuit,
3058 5083 3221 5141 atque
3250 5075 3304 5129 in
3339 5076 3476 5133 locis
3502 5094 3622 5134 om-

2058 5160 2217 5213 nibus
2239 5158 2471 5228 Origene
2508 5161 2741 5215 maxime
2774 5171 2912 5216 teste
2943 5178 3076 5217 usus
3105 5175 3211 5221 est.
3278 5166 3626 5239 Quapropter

2059 5265 2354 5323 utrumque
2371 5254 2631 5307 admirari
2661 5255 2796 5308 mihi
2822 5256 2876 5309 in
2893 5268 3132 5310 mentem
3158 5260 3327 5323 venit,
3347 5263 3626 5330 quomodo

2058 5345 2269 5399 scilicet
2296 5355 2354 5398 ut
2384 5346 2498 5399 Arii
2531 5346 2727 5416 dogma
2753 5359 3137 5416 sequerentur,
3168 5350 3412 5404 animum
3460 5353 3627 5408 induo

2058 5438 2262 5502 xerint,
2302 5439 2440 5492 alter
2504 5439 2809 5503 Platonem,
2878 5440 3017 5494 alter
3075 5438 3365 5510 Origenem
3397 5460 3629 5512 prorsus

2058 5533 2278 5603 spirans
2313 5553 2326 5587 :
2362 5531 2511 5590 Quod
2557 5540 2612 5586 et
2644 5533 2800 5587 Plato
2844 5534 2920 5603 (l)
2961 5536 3256 5588 secundam
3300 5547 3355 5589 ct
3412 5541 3630 5593 tertiam

2069 5695 2247 5750 stinus
2278 5704 2484 5765 martyr
2509 5696 2744 5765 aliquam
2777 5697 3055 5751 notionem
3086 5695 3377 5751 Trinitatis
3404 5700 3635 5755 sanetis~

2060 5767 2211 5821 simae
2249 5766 2534 5821 Platonem
2565 5768 2823 5822 habuisse
2861 5771 3119 5837 Opinatus
3154 5778 3257 5821 est.

3239 5860 3312 5919 35
