  <div class='ocr_page' id='page_1' title='image "/cluster/home/n/w/nwhite01/storage/ocr_20150623/146:no.2/coo.31924054870518/557.png"; bbox 0 0 4044 6520; ppageno 0'>
   <div class='ocr_carea' id='block_1_1' title="bbox 478 372 615 437">
    <p class='ocr_par' dir='ltr' id='par_1_1' title="bbox 478 372 615 437">
     <span class='ocr_line' id='line_1_1' title="bbox 478 372 615 437; baseline -0.029 0"><span class='ocrx_word' id='word_1_1' title='bbox 478 372 615 437; x_wconf 74' lang='grc' dir='ltr'><strong>ῙΟ’)9</strong></span> 
     </span>
    </p>
   </div>
   <div class='ocr_carea' id='block_1_2' title="bbox 1689 364 2493 427">
    <p class='ocr_par' dir='ltr' id='par_1_2' title="bbox 1689 364 2493 427">
     <span class='ocr_line' id='line_1_2' title="bbox 1689 364 2493 427; baseline -0.004 -1"><span class='ocrx_word' id='word_1_2' title='bbox 1689 367 1738 427; x_wconf 88' lang='grc' dir='ltr'>Ν</span> <span class='ocrx_word' id='word_1_3' title='bbox 1751 366 1765 424; x_wconf 93' lang='lat' dir='ltr'><strong>l</strong></span> <span class='ocrx_word' id='word_1_4' title='bbox 1777 365 2110 425; x_wconf 79' lang='lat' dir='ltr'><strong>CEPHORI</strong></span> <span class='ocrx_word' id='word_1_5' title='bbox 2152 366 2238 424; x_wconf 81' lang='lat' dir='ltr'><strong>CA</strong></span> <span class='ocrx_word' id='word_1_6' title='bbox 2252 366 2338 424; x_wconf 88' lang='lat' dir='ltr'><strong>LL</strong></span> <span class='ocrx_word' id='word_1_7' title='bbox 2351 364 2493 424; x_wconf 81' lang='lat' dir='ltr'><strong>[ST]</strong></span> 
     </span>
    </p>
   </div>
   <div class='ocr_carea' id='block_1_3' title="bbox 3650 359 3783 427">
    <p class='ocr_par' dir='ltr' id='par_1_3' title="bbox 3650 359 3783 427">
     <span class='ocr_line' id='line_1_3' title="bbox 3650 359 3783 427; baseline 0.023 -5"><span class='ocrx_word' id='word_1_8' title='bbox 3650 359 3673 422; x_wconf 80' lang='grc' dir='ltr'><strong>ι</strong></span> <span class='ocrx_word' id='word_1_9' title='bbox 3685 363 3783 427; x_wconf 84' lang='lat'><strong>100</strong></span> 
     </span>
    </p>
   </div>
   <div class='ocr_carea' id='block_1_4' title="bbox 473 479 2050 556">
    <p class='ocr_par' dir='ltr' id='par_1_4' title="bbox 473 480 2050 556">
     <span class='ocr_line' id='line_1_4' title="bbox 473 480 2050 556; baseline -0.006 -11"><span class='ocrx_word' id='word_1_10' title='bbox 473 504 716 552; x_wconf 81' lang='lat' dir='ltr'><strong>causam,</strong></span> <span class='ocrx_word' id='word_1_11' title='bbox 749 486 947 556; x_wconf 88' lang='lat' dir='ltr'><strong>utipse</strong></span> <span class='ocrx_word' id='word_1_12' title='bbox 977 484 1262 538; x_wconf 84' lang='lat' dir='ltr'><strong>nominare</strong></span> <span class='ocrx_word' id='word_1_13' title='bbox 1316 483 1476 542; x_wconf 73' lang='lat' dir='ltr'><strong>solet.</strong></span> <span class='ocrx_word' id='word_1_14' title='bbox 1514 482 1733 536; x_wconf 83' lang='lat' dir='ltr'><strong>initium</strong></span> <span class='ocrx_word' id='word_1_15' title='bbox 1798 480 2050 536; x_wconf 73' lang='lat' dir='ltr'><strong>essentia:</strong></span> 
     </span>
    </p>
   </div>
   <div class='ocr_carea' id='block_1_5' title="bbox 2160 479 3785 556">
    <p class='ocr_par' dir='ltr' id='par_1_5' title="bbox 2162 479 3785 554">
     <span class='ocr_line' id='line_1_5' title="bbox 2162 479 3785 554; baseline 0 -22"><span class='ocrx_word' id='word_1_16' title='bbox 2162 480 2431 551; x_wconf 76' lang='grc' dir='ltr'>ὲκκλησέᾳ</span> <span class='ocrx_word' id='word_1_17' title='bbox 2463 481 2827 553; x_wconf 81' lang='grc' dir='ltr'>παρέμειναν,</span> <span class='ocrx_word' id='word_1_18' title='bbox 2860 482 2977 537; x_wconf 83' lang='grc' dir='ltr'>ἀλλ’</span> <span class='ocrx_word' id='word_1_19' title='bbox 3007 481 3103 537; x_wconf 80' lang='grc' dir='ltr'>οὖν</span> <span class='ocrx_word' id='word_1_20' title='bbox 3132 482 3232 554; x_wconf 78' lang='grc' dir='ltr'><strong>τὴν</strong></span> <span class='ocrx_word' id='word_1_21' title='bbox 3260 479 3324 534; x_wconf 80' lang='grc' dir='ltr'><strong>Ἀ</strong></span> <span class='ocrx_word' id='word_1_22' title='bbox 3338 479 3611 549; x_wconf 82' lang='grc' dir='ltr'>ρειανῶν</span> <span class='ocrx_word' id='word_1_23' title='bbox 3651 481 3785 550; x_wconf 76' lang='grc' dir='ltr'>θρη-</span> 
     </span>
    </p>
   </div>
   <div class='ocr_carea' id='block_1_6' title="bbox 468 570 2051 651">
    <p class='ocr_par' dir='ltr' id='par_1_6' title="bbox 468 570 2051 651">
     <span class='ocr_line' id='line_1_6' title="bbox 468 570 2051 651; baseline -0.009 -15"><span class='ocrx_word' id='word_1_24' title='bbox 468 581 684 651; x_wconf 83' lang='lat' dir='ltr'><strong>cepisse</strong></span> <span class='ocrx_word' id='word_1_25' title='bbox 720 592 829 631; x_wconf 87' lang='lat' dir='ltr'><strong>non</strong></span> <span class='ocrx_word' id='word_1_26' title='bbox 896 574 1044 630; x_wconf 79' lang='lat' dir='ltr'><strong>dicat</strong></span> <span class='ocrx_word' id='word_1_27' title='bbox 1082 591 1095 626; x_wconf 87' lang='lat'><strong>:</strong></span> <span class='ocrx_word' id='word_1_28' title='bbox 1129 571 1293 644; x_wconf 59' lang='lat'><strong>5.65</strong></span> <span class='ocrx_word' id='word_1_29' title='bbox 1336 582 1391 627; x_wconf 87' lang='lat' dir='ltr'><strong>ct</strong></span> <span class='ocrx_word' id='word_1_30' title='bbox 1439 570 1705 642; x_wconf 80' lang='lat' dir='ltr'><strong>Origenes</strong></span> <span class='ocrx_word' id='word_1_31' title='bbox 1750 570 1955 640; x_wconf 88' lang='lat' dir='ltr'><strong>ubique</strong></span> <span class='ocrx_word' id='word_1_32' title='bbox 1999 571 2051 622; x_wconf 90' lang='lat' dir='ltr'><strong>in</strong></span> 
     </span>
    </p>
   </div>
   <div class='ocr_carea' id='block_1_7' title="bbox 469 660 2050 742">
    <p class='ocr_par' dir='ltr' id='par_1_7' title="bbox 469 660 2050 742">
     <span class='ocr_line' id='line_1_7' title="bbox 469 660 2050 742; baseline -0.009 -14"><span class='ocrx_word' id='word_1_33' title='bbox 469 671 693 742; x_wconf 83' lang='lat' dir='ltr'><strong>scriptis</strong></span> <span class='ocrx_word' id='word_1_34' title='bbox 722 669 858 733; x_wconf 86' lang='lat' dir='ltr'><strong>suis,</strong></span> <span class='ocrx_word' id='word_1_35' title='bbox 893 664 1336 727; x_wconf 10' lang='lat' dir='ltr'><strong>verbisrdisertis</strong></span> <span class='ocrx_word' id='word_1_36' title='bbox 1376 673 1717 718; x_wconf 62' lang='lat' dir='ltr'><strong>coaeternum</strong></span> <span class='ocrx_word' id='word_1_37' title='bbox 1771 662 1922 717; x_wconf 89' lang='lat' dir='ltr'><strong>Patri</strong></span> <span class='ocrx_word' id='word_1_38' title='bbox 1960 660 2050 715; x_wconf 86' lang='lat' dir='ltr'><strong>Fi-</strong></span> 
     </span>
    </p>
   </div>
   <div class='ocr_carea' id='block_1_8' title="bbox 468 754 2049 829">
    <p class='ocr_par' dir='ltr' id='par_1_8' title="bbox 468 754 2049 829">
     <span class='ocr_line' id='line_1_8' title="bbox 468 754 2049 829; baseline -0.008 -10"><span class='ocrx_word' id='word_1_39' title='bbox 468 766 602 819; x_wconf 90' lang='lat' dir='ltr'><strong>lium</strong></span> <span class='ocrx_word' id='word_1_40' title='bbox 638 776 762 816; x_wconf 89' lang='lat' dir='ltr'><strong>esse</strong></span> <span class='ocrx_word' id='word_1_41' title='bbox 795 759 870 829; x_wconf 75' lang='grc' dir='ltr'>(ί)</span> <span class='ocrx_word' id='word_1_42' title='bbox 926 755 1276 829; x_wconf 85' lang='lat' dir='ltr'><strong>proﬁteatur.</strong></span> <span class='ocrx_word' id='word_1_43' title='bbox 1337 755 1717 811; x_wconf 84' lang='lat' dir='ltr'><strong>Nihilominus</strong></span> <span class='ocrx_word' id='word_1_44' title='bbox 1773 765 1954 809; x_wconf 88' lang='lat' dir='ltr'><strong>tamen</strong></span> <span class='ocrx_word' id='word_1_45' title='bbox 1993 754 2049 808; x_wconf 91' lang='lat' dir='ltr'><strong>in</strong></span> 
     </span>
    </p>
   </div>
   <div class='ocr_carea' id='block_1_9' title="bbox 2160 569 3785 645">
    <p class='ocr_par' dir='ltr' id='par_1_9' title="bbox 2160 569 3785 645">
     <span class='ocr_line' id='line_1_9' title="bbox 2160 569 3785 645; baseline -0.001 -23"><span class='ocrx_word' id='word_1_46' title='bbox 2160 571 2353 623; x_wconf 83' lang='grc' dir='ltr'>σκείαν</span> <span class='ocrx_word' id='word_1_47' title='bbox 2391 570 2698 641; x_wconf 74' lang='grc' dir='ltr'><strong>λεληθότως</strong></span> <span class='ocrx_word' id='word_1_48' title='bbox 2758 574 2848 627; x_wconf 74' lang='grc' dir='ltr'>ἐπὶ</span> <span class='ocrx_word' id='word_1_49' title='bbox 2902 574 2966 627; x_wconf 79' lang='grc' dir='ltr'><strong>τδ</strong></span> <span class='ocrx_word' id='word_1_50' title='bbox 2993 575 3245 645; x_wconf 85' lang='grc' dir='ltr'>κρεῖττον</span> <span class='ocrx_word' id='word_1_51' title='bbox 3293 569 3495 641; x_wconf 78' lang='grc' dir='ltr'>δῆθεν</span> <span class='ocrx_word' id='word_1_52' title='bbox 3546 571 3785 639; x_wconf 71' lang='grc' dir='ltr'>μετέϐα-</span> 
     </span>
    </p>
   </div>
   <div class='ocr_carea' id='block_1_10' title="bbox 2155 650 3785 736">
    <p class='ocr_par' dir='ltr' id='par_1_10' title="bbox 2155 650 3785 736">
     <span class='ocr_line' id='line_1_10' title="bbox 2155 650 3785 736; baseline 0.002 -25"><span class='ocrx_word' id='word_1_53' title='bbox 2155 659 2269 714; x_wconf 88' lang='grc' dir='ltr'>λον.</span> <span class='ocrx_word' id='word_1_54' title='bbox 2307 662 2515 725; x_wconf 80' lang='grc' dir='ltr'>Πολλὰς</span> <span class='ocrx_word' id='word_1_55' title='bbox 2549 664 2657 732; x_wconf 79' lang='grc' dir='ltr'><strong>γὰρ</strong></span> <span class='ocrx_word' id='word_1_56' title='bbox 2695 665 2912 735; x_wconf 81' lang='grc' dir='ltr'><strong>Ἀρείου</strong></span> <span class='ocrx_word' id='word_1_57' title='bbox 2936 650 3316 736; x_wconf 65' lang='grc' dir='ltr'><strong>⁸βλασφημίας</strong></span> <span class='ocrx_word' id='word_1_58' title='bbox 3383 665 3520 727; x_wconf 78' lang='grc' dir='ltr'>τοῖς</span> <span class='ocrx_word' id='word_1_59' title='bbox 3554 663 3785 726; x_wconf 71' lang='grc' dir='ltr'>οἰκείοις</span> 
     </span>
    </p>
   </div>
   <div class='ocr_carea' id='block_1_11' title="bbox 2156 752 3569 827">
    <p class='ocr_par' dir='ltr' id='par_1_11' title="bbox 2156 752 3569 827">
     <span class='ocr_line' id='line_1_11' title="bbox 2156 752 3569 827; baseline 0.003 -23"><span class='ocrx_word' id='word_1_60' title='bbox 2156 752 2338 820; x_wconf 83' lang='grc' dir='ltr'>λόγοις</span> <span class='ocrx_word' id='word_1_61' title='bbox 2370 755 2688 809; x_wconf 75' lang='grc' dir='ltr'>ἀπώσαντο.</span> <span class='ocrx_word' id='word_1_62' title='bbox 2713 755 2970 812; x_wconf 79' lang='grc' dir='ltr'><strong>Τοσαῦτα</strong></span> <span class='ocrx_word' id='word_1_63' title='bbox 3002 757 3097 810; x_wconf 76' lang='grc' dir='ltr'>καὶ</span> <span class='ocrx_word' id='word_1_64' title='bbox 3131 758 3261 827; x_wconf 57' lang='grc' dir='ltr'><strong>περ)⁸</strong></span> <span class='ocrx_word' id='word_1_65' title='bbox 3290 755 3569 809; x_wconf 79' lang='grc' dir='ltr'>τούτων.</span> 
     </span>
    </p>
   </div>
   <div class='ocr_carea' id='block_1_12' title="bbox 468 846 3783 920">
    <p class='ocr_par' dir='ltr' id='par_1_12' title="bbox 468 846 3783 920">
     <span class='ocr_line' id='line_1_12' title="bbox 468 846 3783 920; baseline -0.002 -12"><span class='ocrx_word' id='word_1_66' title='bbox 468 854 700 910; x_wconf 80' lang='lat' dir='ltr'><strong>ecclesia</strong></span> <span class='ocrx_word' id='word_1_67' title='bbox 731 853 951 907; x_wconf 88' lang='lat' dir='ltr'><strong>illorum</strong></span> <span class='ocrx_word' id='word_1_68' title='bbox 984 858 1437 920; x_wconf 89' lang='lat' dir='ltr'><strong>permanserunt,</strong></span> <span class='ocrx_word' id='word_1_69' title='bbox 1484 848 1590 903; x_wconf 89' lang='lat' dir='ltr'><strong>nisi</strong></span> <span class='ocrx_word' id='word_1_70' title='bbox 1662 848 1813 917; x_wconf 89' lang='lat' dir='ltr'><strong>quod</strong></span> <span class='ocrx_word' id='word_1_71' title='bbox 1878 847 2211 901; x_wconf 85' lang='lat' dir='ltr'><strong>Arianorum</strong></span> <span class='ocrx_word' id='word_1_72' title='bbox 2284 846 2607 917; x_wconf 82' lang='lat' dir='ltr'><strong>religionem</strong></span> <span class='ocrx_word' id='word_1_73' title='bbox 2639 849 2844 904; x_wconf 83' lang='lat' dir='ltr'><strong>sensim</strong></span> <span class='ocrx_word' id='word_1_74' title='bbox 2906 858 2964 904; x_wconf 93' lang='lat' dir='ltr'><strong>et</strong></span> <span class='ocrx_word' id='word_1_75' title='bbox 2996 849 3140 905; x_wconf 89' lang='lat' dir='ltr'><strong>clam</strong></span> <span class='ocrx_word' id='word_1_76' title='bbox 3171 847 3543 919; x_wconf 78' lang='lat' dir='ltr'><strong>corrigendo</strong></span> <span class='ocrx_word' id='word_1_77' title='bbox 3570 847 3632 902; x_wconf 88' lang='lat' dir='ltr'><strong>in</strong></span> <span class='ocrx_word' id='word_1_78' title='bbox 3666 863 3783 903; x_wconf 89' lang='lat' dir='ltr'><strong>me-</strong></span> 
     </span>
    </p>
   </div>
   <div class='ocr_carea' id='block_1_13' title="bbox 466 942 3309 1016">
    <p class='ocr_par' dir='ltr' id='par_1_13' title="bbox 466 942 3309 1016">
     <span class='ocr_line' id='line_1_13' title="bbox 466 942 3309 1016; baseline -0.001 -12"><span class='ocrx_word' id='word_1_79' title='bbox 466 951 573 1004; x_wconf 83' lang='lat' dir='ltr'><strong>lius</strong></span> <span class='ocrx_word' id='word_1_80' title='bbox 604 946 990 1004; x_wconf 79' lang='lat' dir='ltr'><strong>traduxerunt.</strong></span> <span class='ocrx_word' id='word_1_81' title='bbox 1024 946 1225 1001; x_wconf 85' lang='lat' dir='ltr'><strong>Multas</strong></span> <span class='ocrx_word' id='word_1_82' title='bbox 1249 961 1490 1016; x_wconf 87' lang='lat' dir='ltr'><strong>namque</strong></span> <span class='ocrx_word' id='word_1_83' title='bbox 1521 945 1638 999; x_wconf 85' lang='lat' dir='ltr'><strong>Arii</strong></span> <span class='ocrx_word' id='word_1_84' title='bbox 1675 943 2053 1014; x_wconf 84' lang='lat' dir='ltr'><strong>blasphemias</strong></span> <span class='ocrx_word' id='word_1_85' title='bbox 2092 942 2151 998; x_wconf 86' lang='lat' dir='ltr'><strong>in</strong></span> <span class='ocrx_word' id='word_1_86' title='bbox 2181 942 2338 997; x_wconf 89' lang='lat' dir='ltr'><strong>libris</strong></span> <span class='ocrx_word' id='word_1_87' title='bbox 2366 944 2482 1000; x_wconf 86' lang='lat' dir='ltr'><strong>suis</strong></span> <span class='ocrx_word' id='word_1_88' title='bbox 2512 946 2898 1016; x_wconf 74' lang='lat' dir='ltr'><strong>repudiarunt.</strong></span> <span class='ocrx_word' id='word_1_89' title='bbox 2936 946 3011 1002; x_wconf 88' lang='lat' dir='ltr'><strong>De</strong></span> <span class='ocrx_word' id='word_1_90' title='bbox 3037 946 3126 1002; x_wconf 87' lang='lat' dir='ltr'><strong>his</strong></span> <span class='ocrx_word' id='word_1_91' title='bbox 3153 948 3309 1003; x_wconf 87' lang='lat' dir='ltr'><strong>satis.</strong></span> 
     </span>
    </p>
   </div>
   <div class='ocr_carea' id='block_1_14' title="bbox 1054 1062 1453 1120">
    <p class='ocr_par' dir='ltr' id='par_1_14' title="bbox 1054 1062 1453 1120">
     <span class='ocr_line' id='line_1_14' title="bbox 1054 1062 1453 1120; baseline -0.008 0"><span class='ocrx_word' id='word_1_92' title='bbox 1054 1062 1284 1120; x_wconf 85' lang='lat' dir='ltr'><strong>CAPUT</strong></span> <span class='ocrx_word' id='word_1_93' title='bbox 1314 1063 1453 1119; x_wconf 78' lang='lat' dir='ltr'><strong>XIV.</strong></span> 
     </span>
    </p>
   </div>
   <div class='ocr_carea' id='block_1_15' title="bbox 471 1158 2049 1233">
    <p class='ocr_par' dir='ltr' id='par_1_15' title="bbox 471 1158 2049 1233">
     <span class='ocr_line' id='line_1_15' title="bbox 471 1158 2049 1233; baseline -0.006 -13"><span class='ocrx_word' id='word_1_94' title='bbox 471 1165 535 1221; x_wconf 84' lang='lat' dir='ltr'><strong>Ut</strong></span> <span class='ocrx_word' id='word_1_95' title='bbox 600 1171 714 1233; x_wconf 82' lang='lat' dir='ltr'><strong>post</strong></span> <span class='ocrx_word' id='word_1_96' title='bbox 770 1160 1117 1233; x_wconf 66' lang='lat' dir='ltr'><strong>Tltwphilum</strong></span> <span class='ocrx_word' id='word_1_97' title='bbox 1166 1158 1445 1233; x_wconf 45' lang='lat' dir='ltr'><strong>Cyrtians,</strong></span> <span class='ocrx_word' id='word_1_98' title='bbox 1478 1176 1641 1233; x_wconf 73' lang='lat' dir='ltr'><strong>nepos</strong></span> <span class='ocrx_word' id='word_1_99' title='bbox 1697 1159 1895 1233; x_wconf 76' lang='lat' dir='ltr'><strong>sororis</strong></span> <span class='ocrx_word' id='word_1_100' title='bbox 1935 1158 2049 1227; x_wconf 75' lang='lat' dir='ltr'><strong>ejus</strong></span> 
     </span>
    </p>
   </div>
   <div class='ocr_carea' id='block_1_16' title="bbox 539 1230 2047 1300">
    <p class='ocr_par' dir='ltr' id='par_1_16' title="bbox 539 1230 2047 1300">
     <span class='ocr_line' id='line_1_16' title="bbox 539 1230 2047 1300; baseline -0.005 -14"><span class='ocrx_word' id='word_1_101' title='bbox 539 1230 725 1299; x_wconf 69' lang='lat' dir='ltr'><strong>ﬁlius,</strong></span> <span class='ocrx_word' id='word_1_102' title='bbox 790 1230 1134 1300; x_wconf 6' lang='lat' dir='ltr'><strong>ejusqsedem</strong></span> <span class='ocrx_word' id='word_1_103' title='bbox 1200 1230 1626 1300; x_wconf 72' lang='lat' dir='ltr'><strong>Alexandrinam</strong></span> <span class='ocrx_word' id='word_1_104' title='bbox 1677 1232 1743 1283; x_wconf 74' lang='lat' dir='ltr'><strong>sit</strong></span> <span class='ocrx_word' id='word_1_105' title='bbox 1793 1244 2047 1300; x_wconf 68' lang='lat' dir='ltr'><strong>consecu-</strong></span> 
     </span>
    </p>
   </div>
   <div class='ocr_carea' id='block_1_17' title="bbox 537 1298 2049 1366">
    <p class='ocr_par' dir='ltr' id='par_1_17' title="bbox 537 1298 2049 1366">
     <span class='ocr_line' id='line_1_17' title="bbox 537 1298 2049 1366; baseline -0.005 -9"><span class='ocrx_word' id='word_1_106' title='bbox 537 1298 658 1366; x_wconf 76' lang='lat' dir='ltr'><strong>tus,</strong></span> <span class='ocrx_word' id='word_1_107' title='bbox 718 1313 765 1355; x_wconf 86' lang='lat' dir='ltr'><strong>et</strong></span> <span class='ocrx_word' id='word_1_108' title='bbox 811 1298 883 1353; x_wconf 74' lang='lat' dir='ltr'><strong>de</strong></span> <span class='ocrx_word' id='word_1_109' title='bbox 911 1298 1223 1354; x_wconf 78' lang='lat' dir='ltr'><strong>Judworum</strong></span> <span class='ocrx_word' id='word_1_110' title='bbox 1279 1298 1628 1354; x_wconf 67' lang='lat' dir='ltr'><strong>Alexandriae</strong></span> <span class='ocrx_word' id='word_1_111' title='bbox 1657 1298 1918 1353; x_wconf 83' lang='lat' dir='ltr'><strong>concitata</strong></span> <span class='ocrx_word' id='word_1_112' title='bbox 1963 1313 2049 1351; x_wconf 74' lang='lat' dir='ltr'><strong>se-</strong></span> 
     </span>
    </p>
   </div>
   <div class='ocr_carea' id='block_1_18' title="bbox 535 1376 1561 1451">
    <p class='ocr_par' dir='ltr' id='par_1_18' title="bbox 535 1376 1561 1451">
     <span class='ocr_line' id='line_1_18' title="bbox 535 1376 1561 1451; baseline -0.006 -24"><span class='ocrx_word' id='word_1_113' title='bbox 535 1376 755 1429; x_wconf 80' lang='lat' dir='ltr'><strong>ditione.</strong></span> <span class='ocrx_word' id='word_1_114' title='bbox 1556 1446 1561 1451; x_wconf 11' lang='grc' dir='ltr'><strong><em>ἢ</em></strong></span> 
     </span>
    </p>
   </div>
   <div class='ocr_carea' id='block_1_19' title="bbox 534 1483 2045 1555">
    <p class='ocr_par' dir='ltr' id='par_1_19' title="bbox 534 1483 2045 1555">
     <span class='ocr_line' id='line_1_19' title="bbox 534 1483 2045 1555; baseline -0.003 -13"><span class='ocrx_word' id='word_1_115' title='bbox 534 1489 741 1555; x_wconf 84' lang='lat' dir='ltr'><strong>Quinto</strong></span> <span class='ocrx_word' id='word_1_116' title='bbox 766 1484 1067 1540; x_wconf 89' lang='lat' dir='ltr'><strong>Theodosii</strong></span> <span class='ocrx_word' id='word_1_117' title='bbox 1094 1484 1311 1554; x_wconf 90' lang='lat' dir='ltr'><strong>imperii</strong></span> <span class='ocrx_word' id='word_1_118' title='bbox 1334 1498 1500 1551; x_wconf 87' lang='lat' dir='ltr'><strong>anno,</strong></span> <span class='ocrx_word' id='word_1_119' title='bbox 1526 1485 1829 1555; x_wconf 83' lang='lat' dir='ltr'><strong>lethargico</strong></span> <span class='ocrx_word' id='word_1_120' title='bbox 1851 1483 2045 1539; x_wconf 87' lang='lat' dir='ltr'><strong>morbo</strong></span> 
     </span>
    </p>
   </div>
   <div class='ocr_carea' id='block_1_20' title="bbox 466 1574 2047 1651">
    <p class='ocr_par' dir='ltr' id='par_1_20' title="bbox 466 1574 2047 1651">
     <span class='ocr_line' id='line_1_20' title="bbox 466 1574 2047 1651; baseline -0.001 -20"><span class='ocrx_word' id='word_1_121' title='bbox 466 1590 756 1649; x_wconf 74' lang='lat' dir='ltr'><strong>correptus</strong></span> <span class='ocrx_word' id='word_1_122' title='bbox 774 1575 1117 1631; x_wconf 73' lang='lat' dir='ltr'><strong>Alexandriae</strong></span> <span class='ocrx_word' id='word_1_123' title='bbox 1139 1575 1498 1646; x_wconf 85' lang='lat' dir='ltr'><strong>Theophilus,</strong></span> <span class='ocrx_word' id='word_1_124' title='bbox 1520 1576 1869 1645; x_wconf 90' lang='lat' dir='ltr'><strong>quindecima</strong></span> <span class='ocrx_word' id='word_1_125' title='bbox 1886 1574 2047 1651; x_wconf 76' lang='lat' dir='ltr'><strong>Octo-</strong></span> 
     </span>
    </p>
   </div>
   <div class='ocr_carea' id='block_1_21' title="bbox 467 1667 2041 1737">
    <p class='ocr_par' dir='ltr' id='par_1_21' title="bbox 467 1667 2041 1737">
     <span class='ocr_line' id='line_1_21' title="bbox 467 1667 2041 1737; baseline -0.004 -11"><span class='ocrx_word' id='word_1_126' title='bbox 467 1672 585 1726; x_wconf 84' lang='lat' dir='ltr'><strong>bris</strong></span> <span class='ocrx_word' id='word_1_127' title='bbox 618 1669 826 1724; x_wconf 78' lang='lat' dir='ltr'><strong>mensis</strong></span> <span class='ocrx_word' id='word_1_128' title='bbox 862 1668 951 1723; x_wconf 91' lang='lat' dir='ltr'><strong>die</strong></span> <span class='ocrx_word' id='word_1_129' title='bbox 985 1667 1129 1723; x_wconf 89' lang='lat' dir='ltr'><strong>diem</strong></span> <span class='ocrx_word' id='word_1_130' title='bbox 1167 1683 1327 1722; x_wconf 91' lang='lat' dir='ltr'><strong>suum</strong></span> <span class='ocrx_word' id='word_1_131' title='bbox 1364 1667 1526 1723; x_wconf 91' lang='lat' dir='ltr'><strong>obiit.</strong></span> <span class='ocrx_word' id='word_1_132' title='bbox 1560 1667 1630 1723; x_wconf 89' lang='lat' dir='ltr'><strong>Et</strong></span> <span class='ocrx_word' id='word_1_133' title='bbox 1661 1683 1786 1723; x_wconf 90' lang='lat' dir='ltr'><strong>cum</strong></span> <span class='ocrx_word' id='word_1_134' title='bbox 1828 1668 1894 1722; x_wconf 89' lang='lat' dir='ltr'><strong>de</strong></span> <span class='ocrx_word' id='word_1_135' title='bbox 1923 1667 2041 1737; x_wconf 84' lang='lat' dir='ltr'><strong>epi-</strong></span> 
     </span>
    </p>
   </div>
   <div class='ocr_carea' id='block_1_22' title="bbox 467 1759 2048 1832">
    <p class='ocr_par' dir='ltr' id='par_1_22' title="bbox 467 1759 2048 1832">
     <span class='ocr_line' id='line_1_22' title="bbox 467 1759 2048 1832; baseline -0.002 -15"><span class='ocrx_word' id='word_1_136' title='bbox 467 1771 724 1832; x_wconf 76' lang='lat' dir='ltr'><strong>scopatus</strong></span> <span class='ocrx_word' id='word_1_137' title='bbox 758 1760 1024 1831; x_wconf 88' lang='lat' dir='ltr'><strong>petitione</strong></span> <span class='ocrx_word' id='word_1_138' title='bbox 1062 1760 1343 1815; x_wconf 75' lang='lat' dir='ltr'><strong>contentio</strong></span> <span class='ocrx_word' id='word_1_139' title='bbox 1380 1769 1575 1816; x_wconf 81' lang='lat' dir='ltr'><strong>exorta</strong></span> <span class='ocrx_word' id='word_1_140' title='bbox 1607 1768 1774 1824; x_wconf 87' lang='lat' dir='ltr'><strong>esset,</strong></span> <span class='ocrx_word' id='word_1_141' title='bbox 1813 1759 2048 1829; x_wconf 87' lang='lat' dir='ltr'><strong>quibus-</strong></span> 
     </span>
    </p>
   </div>
   <div class='ocr_carea' id='block_1_23' title="bbox 2752 1063 3142 1122">
    <p class='ocr_par' dir='ltr' id='par_1_23' title="bbox 2752 1063 3142 1122">
     <span class='ocr_line' id='line_1_23' title="bbox 2752 1063 3142 1122; baseline 0.008 -3"><span class='ocrx_word' id='word_1_142' title='bbox 2752 1065 3004 1120; x_wconf 80' lang='grc' dir='ltr'><strong>ΚΕΦΑΛ.</strong></span> <span class='ocrx_word' id='word_1_143' title='bbox 3042 1063 3142 1122; x_wconf 87' lang='grc' dir='ltr'><strong>ΙΔ’.</strong></span> 
     </span>
    </p>
   </div>
   <div class='ocr_carea' id='block_1_24' title="bbox 2165 1150 3786 1226">
    <p class='ocr_par' dir='ltr' id='par_1_24' title="bbox 2165 1150 3786 1226">
     <span class='ocr_line' id='line_1_24' title="bbox 2165 1150 3786 1226; baseline 0.002 -21"><span class='ocrx_word' id='word_1_144' title='bbox 2165 1150 2261 1218; x_wconf 81' lang='grc' dir='ltr'>Ὠς</span> <span class='ocrx_word' id='word_1_145' title='bbox 2286 1153 2439 1226; x_wconf 77' lang='grc' dir='ltr'>μετὰ</span> <span class='ocrx_word' id='word_1_146' title='bbox 2474 1156 2771 1226; x_wconf 67' lang='grc' dir='ltr'>Θεόφιλον</span> <span class='ocrx_word' id='word_1_147' title='bbox 2830 1155 3133 1226; x_wconf 74' lang='grc' dir='ltr'>Κύριλλος</span> <span class='ocrx_word' id='word_1_148' title='bbox 3166 1158 3199 1210; x_wconf 83' lang='grc' dir='ltr'><em>ό</em></span> <span class='ocrx_word' id='word_1_149' title='bbox 3234 1155 3658 1226; x_wconf 65' lang='grc' dir='ltr'>ἀδελφιδοῦς</span> <span class='ocrx_word' id='word_1_150' title='bbox 3682 1159 3786 1211; x_wconf 69' lang='lat' dir='ltr'><strong>ab-</strong></span> 
     </span>
    </p>
   </div>
   <div class='ocr_carea' id='block_1_25' title="bbox 2225 1224 3777 1295">
    <p class='ocr_par' dir='ltr' id='par_1_25' title="bbox 2225 1224 3777 1295">
     <span class='ocr_line' id='line_1_25' title="bbox 2225 1224 3777 1295; baseline 0.003 -20"><span class='ocrx_word' id='word_1_151' title='bbox 2225 1225 2332 1295; x_wconf 82' lang='grc' dir='ltr'><strong>τοῦ</strong></span> <span class='ocrx_word' id='word_1_152' title='bbox 2367 1226 2472 1278; x_wconf 80' lang='grc' dir='ltr'><strong>τὸν</strong></span> <span class='ocrx_word' id='word_1_153' title='bbox 2499 1224 2610 1292; x_wconf 75' lang='grc' dir='ltr'>τῆρ</span> <span class='ocrx_word' id='word_1_154' title='bbox 2670 1224 3075 1295; x_wconf 74' lang='grc' dir='ltr'><strong>Ἀλεξάνδρου</strong></span> <span class='ocrx_word' id='word_1_155' title='bbox 3127 1229 3359 1292; x_wconf 77' lang='grc' dir='ltr'><strong>θρόνον</strong></span> <span class='ocrx_word' id='word_1_156' title='bbox 3411 1224 3777 1295; x_wconf 67' lang='grc' dir='ltr'>ἐλάμϐανεσ</span> 
     </span>
    </p>
   </div>
   <div class='ocr_carea' id='block_1_26' title="bbox 2226 1294 3783 1365">
    <p class='ocr_par' dir='ltr' id='par_1_26' title="bbox 2226 1294 3783 1365">
     <span class='ocr_line' id='line_1_26' title="bbox 2226 1294 3783 1365; baseline 0.001 -17"><span class='ocrx_word' id='word_1_157' title='bbox 2226 1294 2325 1349; x_wconf 71' lang='grc' dir='ltr'><strong>καὶ</strong></span> <span class='ocrx_word' id='word_1_158' title='bbox 2356 1296 2489 1361; x_wconf 76' lang='grc' dir='ltr'>περὶ</span> <span class='ocrx_word' id='word_1_159' title='bbox 2522 1296 2633 1364; x_wconf 83' lang='grc' dir='ltr'>τῆς</span> <span class='ocrx_word' id='word_1_160' title='bbox 2672 1294 3004 1364; x_wconf 80' lang='grc' dir='ltr'><strong>γενομένης</strong></span> <span class='ocrx_word' id='word_1_161' title='bbox 3032 1297 3103 1350; x_wconf 78' lang='grc' dir='ltr'>ἐν</span> <span class='ocrx_word' id='word_1_162' title='bbox 3140 1294 3613 1365; x_wconf 71' lang='grc' dir='ltr'><strong>’Δλεξανδρεῖᾳ</strong></span> <span class='ocrx_word' id='word_1_163' title='bbox 3664 1295 3783 1350; x_wconf 76' lang='grc' dir='ltr'><strong>τῶν</strong></span> 
     </span>
    </p>
   </div>
   <div class='ocr_carea' id='block_1_27' title="bbox 2239 1366 2882 1432">
    <p class='ocr_par' dir='ltr' id='par_1_27' title="bbox 2239 1366 2882 1432">
     <span class='ocr_line' id='line_1_27' title="bbox 2239 1366 2882 1432; baseline 0 -11"><span class='ocrx_word' id='word_1_164' title='bbox 2239 1366 2551 1421; x_wconf 76' lang='grc' dir='ltr'><strong>Ἰουδαίων</strong></span> <span class='ocrx_word' id='word_1_165' title='bbox 2582 1367 2882 1432; x_wconf 80' lang='grc' dir='ltr'>στάσεως.</span> 
     </span>
    </p>
   </div>
   <div class='ocr_carea' id='block_1_28' title="bbox 2229 1477 3777 1551">
    <p class='ocr_par' dir='ltr' id='par_1_28' title="bbox 2229 1477 3777 1551">
     <span class='ocr_line' id='line_1_28' title="bbox 2229 1477 3777 1551; baseline -0.003 -17"><span class='ocrx_word' id='word_1_166' title='bbox 2229 1480 2384 1534; x_wconf 79' lang='grc' dir='ltr'>Ἔτει</span> <span class='ocrx_word' id='word_1_167' title='bbox 2413 1480 2471 1534; x_wconf 81' lang='grc' dir='ltr'>δὲ</span> <span class='ocrx_word' id='word_1_168' title='bbox 2503 1482 2741 1551; x_wconf 78' lang='grc' dir='ltr'><strong>πέμπτῳ</strong></span> <span class='ocrx_word' id='word_1_169' title='bbox 2772 1480 2873 1550; x_wconf 85' lang='grc' dir='ltr'><strong>τῆς</strong></span> <span class='ocrx_word' id='word_1_170' title='bbox 2903 1478 3182 1533; x_wconf 78' lang='grc' dir='ltr'><em>Θεοδοσίου</em></span> <span class='ocrx_word' id='word_1_171' title='bbox 3213 1478 3402 1550; x_wconf 78' lang='grc' dir='ltr'>ἀρχῆς</span> <span class='ocrx_word' id='word_1_172' title='bbox 3441 1477 3723 1547; x_wconf 74' lang='grc' dir='ltr'>Θεόφιλος</span> <span class='ocrx_word' id='word_1_173' title='bbox 3751 1479 3777 1530; x_wconf 87' lang='grc' dir='ltr'><strong>δ</strong></span> 
     </span>
    </p>
   </div>
   <div class='ocr_carea' id='block_1_29' title="bbox 2165 1570 3775 1642">
    <p class='ocr_par' dir='ltr' id='par_1_29' title="bbox 2165 1570 3775 1642">
     <span class='ocr_line' id='line_1_29' title="bbox 2165 1570 3775 1642; baseline -0.003 -16"><span class='ocrx_word' id='word_1_174' title='bbox 2165 1571 2580 1642; x_wconf 72' lang='grc' dir='ltr'><strong>Ἀλεξανδρείας</strong></span> <span class='ocrx_word' id='word_1_175' title='bbox 2616 1571 2765 1625; x_wconf 83' lang='grc' dir='ltr'>τέλει</span> <span class='ocrx_word' id='word_1_176' title='bbox 2805 1572 2899 1626; x_wconf 81' lang='grc' dir='ltr'>τοῦ</span> <span class='ocrx_word' id='word_1_177' title='bbox 2930 1571 3049 1641; x_wconf 83' lang='grc' dir='ltr'>βίου</span> <span class='ocrx_word' id='word_1_178' title='bbox 3078 1571 3359 1641; x_wconf 79' lang='grc' dir='ltr'>ἐχρήσατο</span> <span class='ocrx_word' id='word_1_179' title='bbox 3393 1570 3652 1642; x_wconf 80' lang='grc' dir='ltr'><strong>πέμπτῃ</strong></span> <span class='ocrx_word' id='word_1_180' title='bbox 3684 1572 3775 1622; x_wconf 72' lang='grc' dir='ltr'>καὶ</span> 
     </span>
    </p>
   </div>
   <div class='ocr_carea' id='block_1_30' title="bbox 2153 1661 3777 1735">
    <p class='ocr_par' dir='ltr' id='par_1_30' title="bbox 2153 1661 3777 1735">
     <span class='ocr_line' id='line_1_30' title="bbox 2153 1661 3777 1735; baseline -0.002 -16"><span class='ocrx_word' id='word_1_181' title='bbox 2153 1666 2360 1735; x_wconf 78' lang='grc' dir='ltr'><strong>δεκάτῃ</strong></span> <span class='ocrx_word' id='word_1_182' title='bbox 2393 1662 2730 1734; x_wconf 74' lang='grc' dir='ltr'>Ὀκτωῦρίου</span> <span class='ocrx_word' id='word_1_183' title='bbox 2762 1666 2953 1735; x_wconf 79' lang='grc' dir='ltr'>μηνός.</span> <span class='ocrx_word' id='word_1_184' title='bbox 2984 1663 3098 1732; x_wconf 81' lang='grc' dir='ltr'>Τῆς</span> <span class='ocrx_word' id='word_1_185' title='bbox 3126 1661 3171 1716; x_wconf 82' lang='grc' dir='ltr'>δ’</span> <span class='ocrx_word' id='word_1_186' title='bbox 3194 1664 3536 1733; x_wconf 78' lang='grc' dir='ltr'>ἐπισκοπῆς</span> <span class='ocrx_word' id='word_1_187' title='bbox 3572 1663 3777 1733; x_wconf 80' lang='grc' dir='ltr'>ἐπιμά-</span> 
     </span>
    </p>
   </div>
   <div class='ocr_carea' id='block_1_31' title="bbox 2155 1752 3774 1826">
    <p class='ocr_par' dir='ltr' id='par_1_31' title="bbox 2155 1752 3774 1826">
     <span class='ocr_line' id='line_1_31' title="bbox 2155 1752 3774 1826; baseline -0.002 -17"><span class='ocrx_word' id='word_1_188' title='bbox 2155 1773 2252 1826; x_wconf 86' lang='grc' dir='ltr'>χου</span> <span class='ocrx_word' id='word_1_189' title='bbox 2282 1755 2684 1826; x_wconf 74' lang='grc' dir='ltr'><strong>γεγενημένης,</strong></span> <span class='ocrx_word' id='word_1_190' title='bbox 2711 1756 2826 1817; x_wconf 78' lang='grc' dir='ltr'>τοῖς</span> <span class='ocrx_word' id='word_1_191' title='bbox 2856 1754 2956 1825; x_wconf 85' lang='grc' dir='ltr'>μὲν</span> <span class='ocrx_word' id='word_1_192' title='bbox 2984 1754 3157 1808; x_wconf 81' lang='grc' dir='ltr'>ἐδόκει</span> <span class='ocrx_word' id='word_1_193' title='bbox 3184 1752 3477 1823; x_wconf 79' lang='grc' dir='ltr'>Τιμόθεόν</span> <span class='ocrx_word' id='word_1_194' title='bbox 3506 1770 3640 1807; x_wconf 85' lang='grc' dir='ltr'>τινα</span> <span class='ocrx_word' id='word_1_195' title='bbox 3668 1771 3774 1824; x_wconf 83' lang='grc' dir='ltr'>χει-</span> 
     </span>
    </p>
   </div>
   <div class='ocr_carea' id='block_1_32' title="bbox 468 1831 2050 1924">
    <p class='ocr_par' dir='ltr' id='par_1_32' title="bbox 468 1831 2048 1924">
     <span class='ocr_line' id='line_1_32' title="bbox 468 1831 2048 1924; baseline -0.001 -16"><span class='ocrx_word' id='word_1_196' title='bbox 468 1831 590 1909; x_wconf 84' lang='lat' dir='ltr'><strong>dam</strong></span> <span class='ocrx_word' id='word_1_197' title='bbox 620 1853 892 1924; x_wconf 81' lang='lat' dir='ltr'><strong>placebat,</strong></span> <span class='ocrx_word' id='word_1_198' title='bbox 924 1862 982 1907; x_wconf 90' lang='lat' dir='ltr'><strong>ut</strong></span> <span class='ocrx_word' id='word_1_199' title='bbox 1015 1850 1338 1908; x_wconf 86' lang='lat' dir='ltr'><strong>Timotheus</strong></span> <span class='ocrx_word' id='word_1_200' title='bbox 1365 1852 1611 1923; x_wconf 86' lang='lat' dir='ltr'><strong>quidam,</strong></span> <span class='ocrx_word' id='word_1_201' title='bbox 1645 1852 1741 1922; x_wconf 89' lang='lat' dir='ltr'><strong>qui</strong></span> <span class='ocrx_word' id='word_1_202' title='bbox 1770 1852 2048 1906; x_wconf 84' lang='lat' dir='ltr'><strong>archidia-</strong></span> 
     </span>
    </p>
   </div>
   <div class='ocr_carea' id='block_1_33' title="bbox 2160 1831 3772 1924">
    <p class='ocr_par' dir='ltr' id='par_1_33' title="bbox 2160 1844 3772 1919">
     <span class='ocr_line' id='line_1_33' title="bbox 2160 1844 3772 1919; baseline -0.001 -19"><span class='ocrx_word' id='word_1_203' title='bbox 2160 1849 2435 1919; x_wconf 86' lang='grc' dir='ltr'>ροτονεῖν,</span> <span class='ocrx_word' id='word_1_204' title='bbox 2499 1846 2559 1911; x_wconf 81' lang='grc' dir='ltr'>ὃς</span> <span class='ocrx_word' id='word_1_205' title='bbox 2608 1844 3003 1917; x_wconf 82' lang='grc' dir='ltr'>ἀρχιδιάκονος’</span> <span class='ocrx_word' id='word_1_206' title='bbox 3036 1844 3136 1913; x_wconf 85' lang='grc' dir='ltr'>τῆς</span> <span class='ocrx_word' id='word_1_207' title='bbox 3185 1846 3387 1899; x_wconf 79' lang='grc' dir='ltr'>ἐκεῖσε</span> <span class='ocrx_word' id='word_1_208' title='bbox 3452 1845 3772 1915; x_wconf 73' lang='grc' dir='ltr'><strong>ἐκκλησίας</strong></span> 
     </span>
    </p>
   </div>
   <div class='ocr_carea' id='block_1_34' title="bbox 468 1943 2048 2016">
    <p class='ocr_par' dir='ltr' id='par_1_34' title="bbox 468 1943 2048 2016">
     <span class='ocr_line' id='line_1_34' title="bbox 468 1943 2048 2016; baseline 0 -17"><span class='ocrx_word' id='word_1_209' title='bbox 468 1961 639 2001; x_wconf 75' lang='lat' dir='ltr'><strong>conus</strong></span> <span class='ocrx_word' id='word_1_210' title='bbox 670 1946 791 2016; x_wconf 87' lang='lat' dir='ltr'><strong>ejus</strong></span> <span class='ocrx_word' id='word_1_211' title='bbox 825 1944 1080 2000; x_wconf 70' lang='lat' dir='ltr'><strong>ecclesia:</strong></span> <span class='ocrx_word' id='word_1_212' title='bbox 1114 1952 1255 2008; x_wconf 88' lang='lat' dir='ltr'><strong>erat,</strong></span> <span class='ocrx_word' id='word_1_213' title='bbox 1286 1944 1583 2014; x_wconf 88' lang='lat' dir='ltr'><strong>episcopus</strong></span> <span class='ocrx_word' id='word_1_214' title='bbox 1614 1943 1921 2014; x_wconf 72' lang='lat' dir='ltr'><strong>legeretur;</strong></span> <span class='ocrx_word' id='word_1_215' title='bbox 1956 1944 2048 1999; x_wconf 88' lang='lat' dir='ltr'><strong>alii</strong></span> 
     </span>
    </p>
   </div>
   <div class='ocr_carea' id='block_1_35' title="bbox 466 2035 2049 2108">
    <p class='ocr_par' dir='ltr' id='par_1_35' title="bbox 466 2035 2049 2108">
     <span class='ocr_line' id='line_1_35' title="bbox 466 2035 2049 2108; baseline 0 -16"><span class='ocrx_word' id='word_1_216' title='bbox 466 2038 669 2108; x_wconf 78' lang='lat' dir='ltr'><strong>Cyrillo</strong></span> <span class='ocrx_word' id='word_1_217' title='bbox 707 2036 878 2108; x_wconf 77' lang='lat' dir='ltr'><strong>magis</strong></span> <span class='ocrx_word' id='word_1_218' title='bbox 912 2036 1191 2101; x_wconf 80' lang='lat' dir='ltr'><strong>favebant,</strong></span> <span class='ocrx_word' id='word_1_219' title='bbox 1222 2039 1317 2107; x_wconf 86' lang='lat' dir='ltr'><strong>qui</strong></span> <span class='ocrx_word' id='word_1_220' title='bbox 1355 2035 1649 2106; x_wconf 87' lang='lat' dir='ltr'><strong>Theophili</strong></span> <span class='ocrx_word' id='word_1_221' title='bbox 1684 2035 1871 2091; x_wconf 83' lang='lat' dir='ltr'><strong>fratris</strong></span> <span class='ocrx_word' id='word_1_222' title='bbox 1905 2037 2049 2092; x_wconf 85' lang='lat' dir='ltr'><strong>filius</strong></span> 
     </span>
    </p>
   </div>
   <div class='ocr_carea' id='block_1_36' title="bbox 468 2130 2049 2200">
    <p class='ocr_par' dir='ltr' id='par_1_36' title="bbox 468 2130 2049 2200">
     <span class='ocr_line' id='line_1_36' title="bbox 468 2130 2049 2200; baseline 0.003 -18"><span class='ocrx_word' id='word_1_223' title='bbox 468 2139 623 2194; x_wconf 71' lang='lat' dir='ltr'><strong>erat,</strong></span> <span class='ocrx_word' id='word_1_224' title='bbox 671 2130 1139 2200; x_wconf 82' lang='lat' dir='ltr'><strong>profanarumque</strong></span> <span class='ocrx_word' id='word_1_225' title='bbox 1187 2130 1351 2185; x_wconf 91' lang='lat' dir='ltr'><strong>simul</strong></span> <span class='ocrx_word' id='word_1_226' title='bbox 1393 2140 1450 2186; x_wconf 89' lang='lat' dir='ltr'><strong>et</strong></span> <span class='ocrx_word' id='word_1_227' title='bbox 1504 2145 1785 2185; x_wconf 88' lang='lat' dir='ltr'><strong>sacrarum</strong></span> <span class='ocrx_word' id='word_1_228' title='bbox 1836 2131 2049 2186; x_wconf 88' lang='lat' dir='ltr'><strong>littera-</strong></span> 
     </span>
    </p>
   </div>
   <div class='ocr_carea' id='block_1_37' title="bbox 468 2218 2049 2290">
    <p class='ocr_par' dir='ltr' id='par_1_37' title="bbox 468 2218 2049 2290">
     <span class='ocr_line' id='line_1_37' title="bbox 468 2218 2049 2290; baseline 0.003 -19"><span class='ocrx_word' id='word_1_229' title='bbox 468 2235 589 2272; x_wconf 86' lang='lat' dir='ltr'><strong>rum</strong></span> <span class='ocrx_word' id='word_1_230' title='bbox 616 2218 815 2289; x_wconf 87' lang='lat' dir='ltr'><strong>peritia</strong></span> <span class='ocrx_word' id='word_1_231' title='bbox 840 2219 1024 2274; x_wconf 88' lang='lat' dir='ltr'><strong>multis</strong></span> <span class='ocrx_word' id='word_1_232' title='bbox 1048 2218 1225 2275; x_wconf 88' lang='lat' dir='ltr'><strong>modis</strong></span> <span class='ocrx_word' id='word_1_233' title='bbox 1253 2234 1447 2275; x_wconf 91' lang='lat' dir='ltr'><strong>omnes</strong></span> <span class='ocrx_word' id='word_1_234' title='bbox 1467 2220 1796 2290; x_wconf 86' lang='lat' dir='ltr'><strong>superabat:</strong></span> <span class='ocrx_word' id='word_1_235' title='bbox 1827 2220 2049 2276; x_wconf 86' lang='lat' dir='ltr'><strong>virtutis</strong></span> 
     </span>
    </p>
   </div>
   <div class='ocr_carea' id='block_1_38' title="bbox 465 2310 2048 2381">
    <p class='ocr_par' dir='ltr' id='par_1_38' title="bbox 465 2310 2048 2381">
     <span class='ocr_line' id='line_1_38' title="bbox 465 2310 2048 2381; baseline 0.001 -18"><span class='ocrx_word' id='word_1_236' title='bbox 465 2312 629 2364; x_wconf 69' lang='lat' dir='ltr'><strong>etiam</strong></span> <span class='ocrx_word' id='word_1_237' title='bbox 664 2325 869 2381; x_wconf 83' lang='lat' dir='ltr'><strong>genere</strong></span> <span class='ocrx_word' id='word_1_238' title='bbox 905 2313 1079 2374; x_wconf 89' lang='lat' dir='ltr'><strong>onmi,</strong></span> <span class='ocrx_word' id='word_1_239' title='bbox 1112 2311 1170 2364; x_wconf 90' lang='lat' dir='ltr'><strong>in</strong></span> <span class='ocrx_word' id='word_1_240' title='bbox 1199 2312 1444 2381; x_wconf 81' lang='lat' dir='ltr'><strong>qualibet</strong></span> <span class='ocrx_word' id='word_1_241' title='bbox 1472 2311 1693 2367; x_wconf 89' lang='lat' dir='ltr'><strong>laudem</strong></span> <span class='ocrx_word' id='word_1_242' title='bbox 1733 2322 1789 2366; x_wconf 91' lang='lat' dir='ltr'><strong>et</strong></span> <span class='ocrx_word' id='word_1_243' title='bbox 1817 2310 2048 2381; x_wconf 81' lang='lat' dir='ltr'><strong>gloriam</strong></span> 
     </span>
    </p>
   </div>
   <div class='ocr_carea' id='block_1_39' title="bbox 468 2401 2048 2470">
    <p class='ocr_par' dir='ltr' id='par_1_39' title="bbox 468 2401 2048 2470">
     <span class='ocr_line' id='line_1_39' title="bbox 468 2401 2048 2470; baseline -0.003 -13"><span class='ocrx_word' id='word_1_244' title='bbox 468 2411 802 2457; x_wconf 85' lang='lat' dir='ltr'><strong>consecutus</strong></span> <span class='ocrx_word' id='word_1_245' title='bbox 825 2442 839 2466; x_wconf 91' lang='lat'><strong>,</strong></span> <span class='ocrx_word' id='word_1_246' title='bbox 871 2401 1182 2459; x_wconf 83' lang='lat' dir='ltr'><strong>excellebat</strong></span> <span class='ocrx_word' id='word_1_247' title='bbox 1209 2419 1222 2455; x_wconf 87' lang='lat'><strong>:</strong></span> <span class='ocrx_word' id='word_1_248' title='bbox 1269 2401 1428 2470; x_wconf 83' lang='lat' dir='ltr'><strong>cujus</strong></span> <span class='ocrx_word' id='word_1_249' title='bbox 1455 2401 1521 2454; x_wconf 89' lang='lat' dir='ltr'><strong>ad</strong></span> <span class='ocrx_word' id='word_1_250' title='bbox 1552 2401 1668 2455; x_wconf 71' lang='lat'><strong>11330</strong></span> <span class='ocrx_word' id='word_1_251' title='bbox 1704 2415 1876 2469; x_wconf 89' lang='lat' dir='ltr'><strong>usque</strong></span> <span class='ocrx_word' id='word_1_252' title='bbox 1909 2408 2048 2453; x_wconf 87' lang='lat' dir='ltr'><strong>tem-</strong></span> 
     </span>
    </p>
   </div>
   <div class='ocr_carea' id='block_1_40' title="bbox 468 2491 2050 2565">
    <p class='ocr_par' dir='ltr' id='par_1_40' title="bbox 468 2491 2050 2565">
     <span class='ocr_line' id='line_1_40' title="bbox 468 2491 2050 2565; baseline -0.003 -16"><span class='ocrx_word' id='word_1_253' title='bbox 468 2510 598 2563; x_wconf 89' lang='lat' dir='ltr'><strong>pora</strong></span> <span class='ocrx_word' id='word_1_254' title='bbox 624 2492 827 2565; x_wconf 82' lang='lat' dir='ltr'><strong>scripta</strong></span> <span class='ocrx_word' id='word_1_255' title='bbox 856 2492 1091 2563; x_wconf 88' lang='lat' dir='ltr'><strong>plurima</strong></span> <span class='ocrx_word' id='word_1_256' title='bbox 1117 2492 1607 2557; x_wconf 85' lang='lat' dir='ltr'><strong>circumferuntur,</strong></span> <span class='ocrx_word' id='word_1_257' title='bbox 1632 2507 1865 2562; x_wconf 89' lang='lat' dir='ltr'><strong>quorum</strong></span> <span class='ocrx_word' id='word_1_258' title='bbox 1889 2491 2050 2560; x_wconf 83' lang='lat' dir='ltr'><strong>longe</strong></span> 
     </span>
    </p>
   </div>
   <div class='ocr_carea' id='block_1_41' title="bbox 468 2582 2052 2654">
    <p class='ocr_par' dir='ltr' id='par_1_41' title="bbox 468 2582 2052 2654">
     <span class='ocr_line' id='line_1_41' title="bbox 468 2582 2052 2654; baseline -0.003 -14"><span class='ocrx_word' id='word_1_259' title='bbox 468 2587 737 2654; x_wconf 88' lang='lat' dir='ltr'><strong>optimum</strong></span> <span class='ocrx_word' id='word_1_260' title='bbox 772 2592 879 2649; x_wconf 78' lang='lat' dir='ltr'><strong>est,</strong></span> <span class='ocrx_word' id='word_1_261' title='bbox 910 2583 1058 2652; x_wconf 89' lang='lat' dir='ltr'><strong>quod</strong></span> <span class='ocrx_word' id='word_1_262' title='bbox 1091 2583 1383 2637; x_wconf 79' lang='lat' dir='ltr'><strong>Tltesauros</strong></span> <span class='ocrx_word' id='word_1_263' title='bbox 1416 2584 1738 2653; x_wconf 87' lang='lat' dir='ltr'><strong>inscripsit,</strong></span> <span class='ocrx_word' id='word_1_264' title='bbox 1769 2598 1838 2638; x_wconf 78' lang='lat' dir='ltr'><strong>ex</strong></span> <span class='ocrx_word' id='word_1_265' title='bbox 1873 2582 2052 2637; x_wconf 85' lang='lat' dir='ltr'><strong>omni-</strong></span> 
     </span>
    </p>
   </div>
   <div class='ocr_carea' id='block_1_42' title="bbox 469 2673 2050 2745">
    <p class='ocr_par' dir='ltr' id='par_1_42' title="bbox 469 2673 2050 2745">
     <span class='ocr_line' id='line_1_42' title="bbox 469 2673 2050 2745; baseline -0.003 -13"><span class='ocrx_word' id='word_1_266' title='bbox 469 2678 573 2732; x_wconf 90' lang='lat' dir='ltr'><strong>bus</strong></span> <span class='ocrx_word' id='word_1_267' title='bbox 609 2689 895 2731; x_wconf 88' lang='lat' dir='ltr'><strong>sacrarum</strong></span> <span class='ocrx_word' id='word_1_268' title='bbox 929 2674 1266 2729; x_wconf 82' lang='lat' dir='ltr'><strong>Litterarum</strong></span> <span class='ocrx_word' id='word_1_269' title='bbox 1302 2673 1524 2745; x_wconf 90' lang='lat' dir='ltr'><strong>scriptis</strong></span> <span class='ocrx_word' id='word_1_270' title='bbox 1548 2714 1562 2740; x_wconf 91' lang='lat'><strong>,</strong></span> <span class='ocrx_word' id='word_1_271' title='bbox 1605 2674 2050 2745; x_wconf 79' lang='lat' dir='ltr'><strong>syllogismorum</strong></span> 
     </span>
    </p>
   </div>
   <div class='ocr_carea' id='block_1_43' title="bbox 469 2766 2048 2836">
    <p class='ocr_par' dir='ltr' id='par_1_43' title="bbox 469 2766 2048 2836">
     <span class='ocr_line' id='line_1_43' title="bbox 469 2766 2048 2836; baseline -0.004 -11"><span class='ocrx_word' id='word_1_272' title='bbox 469 2767 990 2825; x_wconf 81' lang='lat' dir='ltr'><strong>ratiocinationibus</strong></span> <span class='ocrx_word' id='word_1_273' title='bbox 1029 2775 1085 2822; x_wconf 91' lang='lat' dir='ltr'><strong>et</strong></span> <span class='ocrx_word' id='word_1_274' title='bbox 1119 2766 1692 2822; x_wconf 82' lang='lat' dir='ltr'><strong>demonstrationibus</strong></span> <span class='ocrx_word' id='word_1_275' title='bbox 1724 2766 2048 2836; x_wconf 83' lang='lat' dir='ltr'><strong>mysterium</strong></span> 
     </span>
    </p>
   </div>
   <div class='ocr_carea' id='block_1_44' title="bbox 469 2858 2051 2929">
    <p class='ocr_par' dir='ltr' id='par_1_44' title="bbox 469 2858 2051 2929">
     <span class='ocr_line' id='line_1_44' title="bbox 469 2858 2051 2929; baseline -0.001 -12"><span class='ocrx_word' id='word_1_276' title='bbox 469 2872 675 2917; x_wconf 71' lang='lat' dir='ltr'><strong>sancta:</strong></span> <span class='ocrx_word' id='word_1_277' title='bbox 702 2860 993 2915; x_wconf 89' lang='lat' dir='ltr'><strong>Trinitatis</strong></span> <span class='ocrx_word' id='word_1_278' title='bbox 1025 2861 1346 2917; x_wconf 85' lang='lat' dir='ltr'><strong>ostendens.</strong></span> <span class='ocrx_word' id='word_1_279' title='bbox 1379 2859 1538 2914; x_wconf 91' lang='lat' dir='ltr'><strong>Aliud</strong></span> <span class='ocrx_word' id='word_1_280' title='bbox 1574 2868 1860 2929; x_wconf 70' lang='lat' dir='ltr'><strong>praeterea,</strong></span> <span class='ocrx_word' id='word_1_281' title='bbox 1890 2858 2051 2929; x_wconf 85' lang='lat' dir='ltr'><strong>cujus</strong></span> 
     </span>
    </p>
   </div>
   <div class='ocr_carea' id='block_1_45' title="bbox 472 2951 2048 3023">
    <p class='ocr_par' dir='ltr' id='par_1_45' title="bbox 472 2951 2048 3023">
     <span class='ocr_line' id='line_1_45' title="bbox 472 2951 2048 3023; baseline -0.003 -15"><span class='ocrx_word' id='word_1_282' title='bbox 472 2955 663 3009; x_wconf 86' lang='lat' dir='ltr'><strong>titulus</strong></span> <span class='ocrx_word' id='word_1_283' title='bbox 698 2963 784 3008; x_wconf 90' lang='lat' dir='ltr'><strong>est</strong></span> <span class='ocrx_word' id='word_1_284' title='bbox 818 2953 887 3004; x_wconf 79' lang='grc' dir='ltr'>τὰ</span> <span class='ocrx_word' id='word_1_285' title='bbox 921 2951 1206 3023; x_wconf 78' lang='grc' dir='ltr'>Γλαφυρὰ,</span> <span class='ocrx_word' id='word_1_286' title='bbox 1240 2953 1346 3007; x_wconf 90' lang='lat' dir='ltr'><strong>hoc</strong></span> <span class='ocrx_word' id='word_1_287' title='bbox 1380 2963 1483 3019; x_wconf 85' lang='lat' dir='ltr'><strong>est,</strong></span> <span class='ocrx_word' id='word_1_288' title='bbox 1520 2954 1658 3007; x_wconf 86' lang='lat' dir='ltr'><strong>scita</strong></span> <span class='ocrx_word' id='word_1_289' title='bbox 1697 2968 1795 3008; x_wconf 88' lang='lat' dir='ltr'><strong>seu</strong></span> <span class='ocrx_word' id='word_1_290' title='bbox 1827 2951 2048 3022; x_wconf 81' lang='lat' dir='ltr'><strong>elegan-</strong></span> 
     </span>
    </p>
   </div>
   <div class='ocr_carea' id='block_1_46' title="bbox 469 3042 2048 3115">
    <p class='ocr_par' dir='ltr' id='par_1_46' title="bbox 469 3042 2048 3115">
     <span class='ocr_line' id='line_1_46' title="bbox 469 3042 2048 3115; baseline -0.002 -15"><span class='ocrx_word' id='word_1_291' title='bbox 469 3048 562 3109; x_wconf 86' lang='lat' dir='ltr'><strong>tia,</strong></span> <span class='ocrx_word' id='word_1_292' title='bbox 604 3047 658 3100; x_wconf 91' lang='lat' dir='ltr'><strong>in</strong></span> <span class='ocrx_word' id='word_1_293' title='bbox 692 3060 803 3115; x_wconf 90' lang='lat' dir='ltr'><strong>quo</strong></span> <span class='ocrx_word' id='word_1_294' title='bbox 830 3058 895 3100; x_wconf 88' lang='lat' dir='ltr'><strong>ea</strong></span> <span class='ocrx_word' id='word_1_295' title='bbox 927 3060 1048 3114; x_wconf 86' lang='lat' dir='ltr'><strong>quae</strong></span> <span class='ocrx_word' id='word_1_296' title='bbox 1078 3045 1134 3099; x_wconf 91' lang='lat' dir='ltr'><strong>in</strong></span> <span class='ocrx_word' id='word_1_297' title='bbox 1167 3043 1452 3099; x_wconf 83' lang='lat' dir='ltr'><strong>veteribus</strong></span> <span class='ocrx_word' id='word_1_298' title='bbox 1481 3043 1784 3114; x_wconf 86' lang='lat' dir='ltr'><strong>Scripturis</strong></span> <span class='ocrx_word' id='word_1_299' title='bbox 1817 3042 2048 3112; x_wconf 80' lang='lat' dir='ltr'><strong>ﬁgurate</strong></span> 
     </span>
    </p>
   </div>
   <div class='ocr_carea' id='block_1_47' title="bbox 2152 1941 3763 2015">
    <p class='ocr_par' dir='ltr' id='par_1_47' title="bbox 2152 1941 3763 2015">
     <span class='ocr_line' id='line_1_47' title="bbox 2152 1941 3763 2015; baseline -0.002 -18"><span class='ocrx_word' id='word_1_300' title='bbox 2152 1944 2454 2015; x_wconf 75' lang='grc' dir='ltr'>ἐτύγχανεν</span> <span class='ocrx_word' id='word_1_301' title='bbox 2486 1943 2562 1997; x_wconf 84' lang='grc' dir='ltr'>ὥν</span> <span class='ocrx_word' id='word_1_302' title='bbox 2586 1961 2603 1978; x_wconf 79' lang='grc' dir='ltr'>ο</span> <span class='ocrx_word' id='word_1_303' title='bbox 2637 1945 2705 1997; x_wconf 65' lang='lat' dir='ltr'><strong>oi”</strong></span> <span class='ocrx_word' id='word_1_304' title='bbox 2721 1943 2779 1997; x_wconf 89' lang='grc' dir='ltr'><strong>δέ</strong></span> <span class='ocrx_word' id='word_1_305' title='bbox 2816 1941 3072 2014; x_wconf 84' lang='grc' dir='ltr'>Κυρίλλῳ</span> <span class='ocrx_word' id='word_1_306' title='bbox 3108 1941 3314 2013; x_wconf 80' lang='grc' dir='ltr'>μᾶλλον</span> <span class='ocrx_word' id='word_1_307' title='bbox 3356 1942 3763 2013; x_wconf 73' lang='grc' dir='ltr'><strong>προσέκειντο,</strong></span> 
     </span>
    </p>
   </div>
   <div class='ocr_carea' id='block_1_48' title="bbox 2151 2030 3768 2108">
    <p class='ocr_par' dir='ltr' id='par_1_48' title="bbox 2151 2030 3768 2108">
     <span class='ocr_line' id='line_1_48' title="bbox 2151 2030 3768 2108; baseline -0.002 -19"><span class='ocrx_word' id='word_1_308' title='bbox 2151 2036 2210 2100; x_wconf 84' lang='grc' dir='ltr'>ὃς</span> <span class='ocrx_word' id='word_1_309' title='bbox 2235 2036 2555 2104; x_wconf 71' lang='grc' dir='ltr'><strong>ἀδελφιδοῦς</strong></span> <span class='ocrx_word' id='word_1_310' title='bbox 2583 2036 2681 2106; x_wconf 88' lang='grc' dir='ltr'><strong>μέν</strong></span> <span class='ocrx_word' id='word_1_311' title='bbox 2704 2030 2773 2108; x_wconf 81' lang='grc' dir='ltr'>ἦν</span> <span class='ocrx_word' id='word_1_312' title='bbox 2800 2035 3082 2105; x_wconf 80' lang='grc' dir='ltr'><strong>Θεοφίλου,</strong></span> <span class='ocrx_word' id='word_1_313' title='bbox 3107 2036 3176 2106; x_wconf 81' lang='grc' dir='ltr'>τῇ</span> <span class='ocrx_word' id='word_1_314' title='bbox 3201 2034 3257 2088; x_wconf 84' lang='grc' dir='ltr'>δὲ</span> <span class='ocrx_word' id='word_1_315' title='bbox 3284 2034 3615 2105; x_wconf 77' lang='grc' dir='ltr'>Ἑλληνικῇ</span> <span class='ocrx_word' id='word_1_316' title='bbox 3649 2049 3768 2086; x_wconf 84' lang='grc' dir='ltr'>παι-</span> 
     </span>
    </p>
   </div>
   <div class='ocr_carea' id='block_1_49' title="bbox 2150 2126 3763 2201">
    <p class='ocr_par' dir='ltr' id='par_1_49' title="bbox 2150 2126 3763 2201">
     <span class='ocr_line' id='line_1_49' title="bbox 2150 2126 3763 2201; baseline -0.002 -18"><span class='ocrx_word' id='word_1_317' title='bbox 2150 2130 2270 2201; x_wconf 79' lang='grc' dir='ltr'>δείᾳ</span> <span class='ocrx_word' id='word_1_318' title='bbox 2297 2132 2391 2184; x_wconf 76' lang='grc' dir='ltr'>καὶ</span> <span class='ocrx_word' id='word_1_319' title='bbox 2417 2131 2530 2193; x_wconf 89' lang='grc' dir='ltr'>τοῖς</span> <span class='ocrx_word' id='word_1_320' title='bbox 2557 2130 2682 2184; x_wconf 79' lang='grc' dir='ltr'>καθ’</span> <span class='ocrx_word' id='word_1_321' title='bbox 2708 2132 2856 2201; x_wconf 73' lang='grc' dir='ltr'>ἡμᾶς</span> <span class='ocrx_word' id='word_1_322' title='bbox 2883 2130 3066 2199; x_wconf 84' lang='grc' dir='ltr'>λόγοις</span> <span class='ocrx_word' id='word_1_323' title='bbox 3091 2127 3272 2199; x_wconf 88' lang='grc' dir='ltr'>πολλῷ</span> <span class='ocrx_word' id='word_1_324' title='bbox 3294 2126 3381 2199; x_wconf 77' lang='grc' dir='ltr'>τῷ</span> <span class='ocrx_word' id='word_1_325' title='bbox 3420 2128 3628 2199; x_wconf 80' lang='grc' dir='ltr'>μέτρῳ</span> <span class='ocrx_word' id='word_1_326' title='bbox 3653 2128 3763 2180; x_wconf 83' lang='grc' dir='ltr'>δια-</span> 
     </span>
    </p>
   </div>
   <div class='ocr_carea' id='block_1_50' title="bbox 2153 2220 3765 2293">
    <p class='ocr_par' dir='ltr' id='par_1_50' title="bbox 2153 2220 3765 2293">
     <span class='ocr_line' id='line_1_50' title="bbox 2153 2220 3765 2293; baseline -0.002 -18"><span class='ocrx_word' id='word_1_327' title='bbox 2153 2224 2429 2293; x_wconf 82' lang='grc' dir='ltr'>φερόντως</span> <span class='ocrx_word' id='word_1_328' title='bbox 2464 2225 2672 2286; x_wconf 80' lang='grc' dir='ltr'>πάντας</span> <span class='ocrx_word' id='word_1_329' title='bbox 2706 2223 2894 2276; x_wconf 74' lang='grc' dir='ltr'>ἐνίκαο</span> <span class='ocrx_word' id='word_1_330' title='bbox 2925 2223 3095 2293; x_wconf 72' lang='grc' dir='ltr'>ἀρετῇ</span> <span class='ocrx_word' id='word_1_331' title='bbox 3129 2222 3171 2275; x_wconf 79' lang='grc' dir='ltr'>δ’</span> <span class='ocrx_word' id='word_1_332' title='bbox 3200 2221 3403 2292; x_wconf 81' lang='grc' dir='ltr'>ἁπάσῃ</span> <span class='ocrx_word' id='word_1_333' title='bbox 3442 2220 3765 2290; x_wconf 78' lang='grc' dir='ltr'>προέφερεν</span> 
     </span>
    </p>
   </div>
   <div class='ocr_carea' id='block_1_51' title="bbox 2153 2303 3763 2385">
    <p class='ocr_par' dir='ltr' id='par_1_51' title="bbox 2153 2303 3763 2385">
     <span class='ocr_line' id='line_1_51' title="bbox 2153 2303 3763 2385; baseline -0.001 -21"><span class='ocrx_word' id='word_1_334' title='bbox 2153 2311 2243 2381; x_wconf 81' lang='grc' dir='ltr'><strong>ἐφ’</strong></span> <span class='ocrx_word' id='word_1_335' title='bbox 2276 2314 2484 2385; x_wconf 82' lang='grc' dir='ltr'>ἑκάστῃ</span> <span class='ocrx_word' id='word_1_336' title='bbox 2537 2312 2968 2385; x_wconf 84' lang='grc' dir='ltr'><strong>κληρωσάμενος</strong></span> <span class='ocrx_word' id='word_1_337' title='bbox 3022 2311 3084 2365; x_wconf 79' lang='grc' dir='ltr'>τὸ</span> <span class='ocrx_word' id='word_1_338' title='bbox 3133 2310 3442 2380; x_wconf 76' lang='grc' dir='ltr'>εὐδόκιμον</span> <span class='ocrx_word' id='word_1_339' title='bbox 3473 2328 3489 2344; x_wconf 90' lang='grc'><strong>·</strong></span> <span class='ocrx_word' id='word_1_340' title='bbox 3553 2303 3619 2363; x_wconf 77' lang='grc' dir='ltr'><strong>οὗ</strong></span> <span class='ocrx_word' id='word_1_341' title='bbox 3673 2310 3763 2363; x_wconf 84' lang='grc' dir='ltr'><strong>καὶ</strong></span> 
     </span>
    </p>
   </div>
   <div class='ocr_carea' id='block_1_52' title="bbox 2155 2395 3761 2475">
    <p class='ocr_par' dir='ltr' id='par_1_52' title="bbox 2155 2395 3761 2475">
     <span class='ocr_line' id='line_1_52' title="bbox 2155 2395 3761 2475; baseline -0.001 -19"><span class='ocrx_word' id='word_1_342' title='bbox 2155 2403 2575 2475; x_wconf 85' lang='grc' dir='ltr'>συγγράμματα</span> <span class='ocrx_word' id='word_1_343' title='bbox 2605 2404 2834 2460; x_wconf 80' lang='grc' dir='ltr'>πλεῖστα</span> <span class='ocrx_word' id='word_1_344' title='bbox 2863 2404 2920 2468; x_wconf 76' lang='grc' dir='ltr'><strong>ἐς</strong></span> <span class='ocrx_word' id='word_1_345' title='bbox 2948 2404 3109 2474; x_wconf 80' lang='grc' dir='ltr'>δεῦρο</span> <span class='ocrx_word' id='word_1_346' title='bbox 3139 2403 3458 2474; x_wconf 72' lang='grc' dir='ltr'>ἐμφέρεται</span> <span class='ocrx_word' id='word_1_347' title='bbox 3480 2444 3498 2470; x_wconf 90' lang='grc'><strong>,</strong></span> <span class='ocrx_word' id='word_1_348' title='bbox 3529 2395 3610 2457; x_wconf 75' lang='grc' dir='ltr'>ὧν</span> <span class='ocrx_word' id='word_1_349' title='bbox 3640 2401 3761 2473; x_wconf 76' lang='grc' dir='ltr'>ἄρι-</span> 
     </span>
    </p>
   </div>
   <div class='ocr_carea' id='block_1_53' title="bbox 2154 2494 3757 2567">
    <p class='ocr_par' dir='ltr' id='par_1_53' title="bbox 2154 2494 3757 2567">
     <span class='ocr_line' id='line_1_53' title="bbox 2154 2494 3757 2567; baseline 0.001 -19"><span class='ocrx_word' id='word_1_350' title='bbox 2154 2512 2282 2549; x_wconf 91' lang='grc' dir='ltr'>στον</span> <span class='ocrx_word' id='word_1_351' title='bbox 2303 2537 2317 2563; x_wconf 89' lang='grc'><strong>,</strong></span> <span class='ocrx_word' id='word_1_352' title='bbox 2349 2495 2377 2549; x_wconf 83' lang='grc' dir='ltr'><strong>δ</strong></span> <span class='ocrx_word' id='word_1_353' title='bbox 2413 2496 2772 2565; x_wconf 77' lang='grc' dir='ltr'>Θησαυροὺς</span> <span class='ocrx_word' id='word_1_354' title='bbox 2804 2495 3120 2567; x_wconf 83' lang='grc' dir='ltr'>ὠνόμασεν,</span> <span class='ocrx_word' id='word_1_355' title='bbox 3154 2496 3212 2563; x_wconf 77' lang='grc' dir='ltr'>ἐξ</span> <span class='ocrx_word' id='word_1_356' title='bbox 3249 2496 3494 2564; x_wconf 82' lang='grc' dir='ltr'>ἁπάσης</span> <span class='ocrx_word' id='word_1_357' title='bbox 3531 2494 3757 2567; x_wconf 82' lang='grc' dir='ltr'>Γραφῆς</span> 
     </span>
    </p>
   </div>
   <div class='ocr_carea' id='block_1_54' title="bbox 2153 2587 3754 2660">
    <p class='ocr_par' dir='ltr' id='par_1_54' title="bbox 2153 2587 3754 2660">
     <span class='ocr_line' id='line_1_54' title="bbox 2153 2587 3754 2660; baseline -0.001 -18"><span class='ocrx_word' id='word_1_358' title='bbox 2153 2589 2436 2660; x_wconf 75' lang='grc' dir='ltr'>Θειοτέρας</span> <span class='ocrx_word' id='word_1_359' title='bbox 2476 2589 2805 2651; x_wconf 81' lang='grc' dir='ltr'>ἀποδεικνὺς</span> <span class='ocrx_word' id='word_1_360' title='bbox 2850 2587 3282 2658; x_wconf 73' lang='grc' dir='ltr'>συλλογιστικοῖς</span> <span class='ocrx_word' id='word_1_361' title='bbox 3318 2590 3663 2657; x_wconf 79' lang='grc' dir='ltr'>ἀποδείξεσι</span> <span class='ocrx_word' id='word_1_362' title='bbox 3700 2588 3754 2641; x_wconf 82' lang='grc' dir='ltr'>τὸ</span> 
     </span>
    </p>
   </div>
   <div class='ocr_carea' id='block_1_55' title="bbox 2150 2678 3753 2751">
    <p class='ocr_par' dir='ltr' id='par_1_55' title="bbox 2150 2678 3753 2751">
     <span class='ocr_line' id='line_1_55' title="bbox 2150 2678 3753 2751; baseline -0.001 -18"><span class='ocrx_word' id='word_1_363' title='bbox 2150 2679 2250 2748; x_wconf 84' lang='grc' dir='ltr'>τῆς</span> <span class='ocrx_word' id='word_1_364' title='bbox 2283 2679 2447 2749; x_wconf 79' lang='grc' dir='ltr'>ἁγίας</span> <span class='ocrx_word' id='word_1_365' title='bbox 2480 2679 2712 2750; x_wconf 89' lang='grc' dir='ltr'>Τριάδος</span> <span class='ocrx_word' id='word_1_366' title='bbox 2751 2681 3075 2750; x_wconf 85' lang='grc' dir='ltr'>μυστήριον.</span> <span class='ocrx_word' id='word_1_367' title='bbox 3106 2680 3269 2734; x_wconf 77' lang='grc' dir='ltr'>Ἀλλο</span> <span class='ocrx_word' id='word_1_368' title='bbox 3304 2682 3409 2737; x_wconf 78' lang='grc' dir='ltr'>ἐπὶ</span> <span class='ocrx_word' id='word_1_369' title='bbox 3445 2682 3657 2751; x_wconf 83' lang='grc' dir='ltr'>τούτῳ,</span> <span class='ocrx_word' id='word_1_370' title='bbox 3691 2678 3753 2733; x_wconf 79' lang='grc' dir='ltr'>τὰ</span> 
     </span>
    </p>
   </div>
   <div class='ocr_carea' id='block_1_56' title="bbox 2151 2773 3750 2844">
    <p class='ocr_par' dir='ltr' id='par_1_56' title="bbox 2151 2773 3750 2844">
     <span class='ocr_line' id='line_1_56' title="bbox 2151 2773 3750 2844; baseline 0 -19"><span class='ocrx_word' id='word_1_371' title='bbox 2151 2773 2481 2841; x_wconf 64' lang='grc' dir='ltr'>Γλαφυρὰ,</span> <span class='ocrx_word' id='word_1_372' title='bbox 2519 2773 2587 2826; x_wconf 89' lang='grc' dir='ltr'>τὰ</span> <span class='ocrx_word' id='word_1_373' title='bbox 2618 2775 2722 2842; x_wconf 79' lang='grc' dir='ltr'>τῆς</span> <span class='ocrx_word' id='word_1_374' title='bbox 2760 2773 2997 2838; x_wconf 77' lang='grc' dir='ltr'>παλαιᾶς</span> <span class='ocrx_word' id='word_1_375' title='bbox 3035 2774 3257 2844; x_wconf 84' lang='grc' dir='ltr'>Γραφῆς</span> <span class='ocrx_word' id='word_1_376' title='bbox 3290 2774 3565 2838; x_wconf 83' lang='grc' dir='ltr'>τυπικῶς</span> <span class='ocrx_word' id='word_1_377' title='bbox 3604 2774 3750 2842; x_wconf 85' lang='grc' dir='ltr'>είρη·</span> 
     </span>
    </p>
   </div>
   <div class='ocr_carea' id='block_1_57' title="bbox 2155 2864 3749 2937">
    <p class='ocr_par' dir='ltr' id='par_1_57' title="bbox 2155 2864 3749 2937">
     <span class='ocr_line' id='line_1_57' title="bbox 2155 2864 3749 2937; baseline -0.002 -18"><span class='ocrx_word' id='word_1_378' title='bbox 2155 2867 2316 2935; x_wconf 84' lang='grc' dir='ltr'>μένα,</span> <span class='ocrx_word' id='word_1_379' title='bbox 2362 2866 2442 2927; x_wconf 82' lang='grc' dir='ltr'><strong>είς</strong></span> <span class='ocrx_word' id='word_1_380' title='bbox 2489 2865 2728 2935; x_wconf 79' lang='grc' dir='ltr'>Χριστὸν</span> <span class='ocrx_word' id='word_1_381' title='bbox 2777 2866 2872 2921; x_wconf 78' lang='grc' dir='ltr'><strong>καὶ</strong></span> <span class='ocrx_word' id='word_1_382' title='bbox 2916 2867 3016 2937; x_wconf 84' lang='grc' dir='ltr'>τὴν</span> <span class='ocrx_word' id='word_1_383' title='bbox 3065 2864 3188 2920; x_wconf 83' lang='grc' dir='ltr'>καθ’</span> <span class='ocrx_word' id='word_1_384' title='bbox 3214 2866 3368 2937; x_wconf 80' lang='grc' dir='ltr'>ἡμᾶς</span> <span class='ocrx_word' id='word_1_385' title='bbox 3408 2864 3749 2935; x_wconf 86' lang='grc' dir='ltr'>Ἐκκλησίαν</span> 
     </span>
    </p>
   </div>
   <div class='ocr_carea' id='block_1_58' title="bbox 2152 2951 3748 3024">
    <p class='ocr_par' dir='ltr' id='par_1_58' title="bbox 2152 2951 3748 3024">
     <span class='ocr_line' id='line_1_58' title="bbox 2152 2951 3748 3024; baseline -0.001 -20"><span class='ocrx_word' id='word_1_386' title='bbox 2152 2952 2375 3019; x_wconf 78' lang='grc' dir='ltr'>ἀνάγον.</span> <span class='ocrx_word' id='word_1_387' title='bbox 2406 2951 2641 3023; x_wconf 80' lang='grc' dir='ltr'>Ἕτερον</span> <span class='ocrx_word' id='word_1_388' title='bbox 2679 2952 2916 3021; x_wconf 74' lang='grc' dir='ltr'>βιϐλίον,</span> <span class='ocrx_word' id='word_1_389' title='bbox 2952 2952 3153 3022; x_wconf 34' lang='grc' dir='ltr'>διηερὶ</span> <span class='ocrx_word' id='word_1_390' title='bbox 3188 2953 3298 3020; x_wconf 81' lang='grc' dir='ltr'>τῆς</span> <span class='ocrx_word' id='word_1_391' title='bbox 3336 2955 3414 3008; x_wconf 82' lang='grc' dir='ltr'><strong>ἐν</strong></span> <span class='ocrx_word' id='word_1_392' title='bbox 3452 2955 3748 3024; x_wconf 78' lang='grc' dir='ltr'>πνεύματι</span> 
     </span>
    </p>
   </div>
   <div class='ocr_carea' id='block_1_59' title="bbox 2151 3040 3750 3117">
    <p class='ocr_par' dir='ltr' id='par_1_59' title="bbox 2151 3040 3750 3117">
     <span class='ocr_line' id='line_1_59' title="bbox 2151 3040 3750 3117; baseline -0.001 -18"><span class='ocrx_word' id='word_1_393' title='bbox 2151 3040 2437 3113; x_wconf 69' lang='grc' dir='ltr'>λατρείας</span> <span class='ocrx_word' id='word_1_394' title='bbox 2483 3045 2581 3116; x_wconf 84' lang='grc' dir='ltr'>τὴν</span> <span class='ocrx_word' id='word_1_395' title='bbox 2631 3046 2945 3117; x_wconf 81' lang='grc' dir='ltr'>ἐπιγραφὴν</span> <span class='ocrx_word' id='word_1_396' title='bbox 2992 3045 3126 3116; x_wconf 81' lang='grc' dir='ltr'>ἔχει.</span> <span class='ocrx_word' id='word_1_397' title='bbox 3177 3044 3255 3100; x_wconf 84' lang='grc' dir='ltr'><strong>Τὰ</strong></span> <span class='ocrx_word' id='word_1_398' title='bbox 3300 3047 3464 3115; x_wconf 82' lang='grc' dir='ltr'>πρὸς</span> <span class='ocrx_word' id='word_1_399' title='bbox 3512 3043 3750 3102; x_wconf 66' lang='lat' dir='ltr'><strong>[laud-</strong></span> 
     </span>
    </p>
   </div>
   <div class='ocr_carea' id='block_1_60' title="bbox 469 3136 2050 3226">
    <p class='ocr_par' dir='ltr' id='par_1_60' title="bbox 469 3136 2050 3202">
     <span class='ocr_line' id='line_1_60' title="bbox 469 3136 2050 3202; baseline -0.001 -12"><span class='ocrx_word' id='word_1_400' title='bbox 469 3138 612 3191; x_wconf 88' lang='lat' dir='ltr'><strong>dieta</strong></span> <span class='ocrx_word' id='word_1_401' title='bbox 643 3149 804 3202; x_wconf 90' lang='lat' dir='ltr'><strong>sunt,</strong></span> <span class='ocrx_word' id='word_1_402' title='bbox 846 3138 913 3192; x_wconf 89' lang='lat' dir='ltr'><strong>ad</strong></span> <span class='ocrx_word' id='word_1_403' title='bbox 947 3136 1227 3192; x_wconf 89' lang='lat' dir='ltr'><strong>Christum</strong></span> <span class='ocrx_word' id='word_1_404' title='bbox 1269 3145 1326 3191; x_wconf 89' lang='lat' dir='ltr'><strong>et</strong></span> <span class='ocrx_word' id='word_1_405' title='bbox 1351 3136 1653 3192; x_wconf 86' lang='lat' dir='ltr'><strong>Ecclesiam</strong></span> <span class='ocrx_word' id='word_1_406' title='bbox 1683 3143 1929 3190; x_wconf 83' lang='lat' dir='ltr'><strong>nostram</strong></span> <span class='ocrx_word' id='word_1_407' title='bbox 1966 3149 2050 3189; x_wconf 84' lang='lat' dir='ltr'><strong>re-</strong></span> 
     </span>
    </p>
   </div>
   <div class='ocr_carea' id='block_1_61' title="bbox 2160 3136 3746 3226">
    <p class='ocr_par' dir='ltr' id='par_1_61' title="bbox 2160 3136 3746 3208">
     <span class='ocr_line' id='line_1_61' title="bbox 2160 3136 3746 3208; baseline -0.003 -17"><span class='ocrx_word' id='word_1_408' title='bbox 2160 3136 2316 3203; x_wconf 80' lang='grc' dir='ltr'>διον,</span> <span class='ocrx_word' id='word_1_409' title='bbox 2353 3138 2578 3208; x_wconf 72' lang='grc' dir='ltr'>ἕτερον,</span> <span class='ocrx_word' id='word_1_410' title='bbox 2614 3136 2944 3205; x_wconf 85' lang='grc' dir='ltr'>διαλογικῶς</span> <span class='ocrx_word' id='word_1_411' title='bbox 2981 3139 3235 3192; x_wconf 84' lang='grc' dir='ltr'>συντεθὲν</span> <span class='ocrx_word' id='word_1_412' title='bbox 3272 3138 3420 3208; x_wconf 79' lang='grc' dir='ltr'>ὑπὲρ</span> <span class='ocrx_word' id='word_1_413' title='bbox 3459 3138 3559 3191; x_wconf 80' lang='grc' dir='ltr'>τοῦ</span> <span class='ocrx_word' id='word_1_414' title='bbox 3598 3137 3746 3204; x_wconf 79' lang='grc' dir='ltr'>ἁγίου</span> 
     </span>
    </p>
   </div>
   <div class='ocr_carea' id='block_1_62' title="bbox 470 3225 2053 3300">
    <p class='ocr_par' dir='ltr' id='par_1_62' title="bbox 470 3225 2053 3300">
     <span class='ocr_line' id='line_1_62' title="bbox 470 3225 2053 3300; baseline -0.002 -16"><span class='ocrx_word' id='word_1_415' title='bbox 470 3232 598 3285; x_wconf 85' lang='lat' dir='ltr'><strong>fert.</strong></span> <span class='ocrx_word' id='word_1_416' title='bbox 638 3230 805 3285; x_wconf 85' lang='lat' dir='ltr'><strong>Liber</strong></span> <span class='ocrx_word' id='word_1_417' title='bbox 840 3231 972 3286; x_wconf 92' lang='lat' dir='ltr'><strong>item</strong></span> <span class='ocrx_word' id='word_1_418' title='bbox 1004 3231 1167 3296; x_wconf 80' lang='lat' dir='ltr'><strong>alius,</strong></span> <span class='ocrx_word' id='word_1_419' title='bbox 1202 3229 1297 3300; x_wconf 90' lang='lat' dir='ltr'><strong>qui</strong></span> <span class='ocrx_word' id='word_1_420' title='bbox 1330 3227 1419 3283; x_wconf 90' lang='lat' dir='ltr'><strong>De-</strong></span> <span class='ocrx_word' id='word_1_421' title='bbox 1443 3228 1716 3299; x_wconf 78' lang='lat' dir='ltr'><strong>spirituali</strong></span> <span class='ocrx_word' id='word_1_422' title='bbox 1743 3225 1889 3280; x_wconf 82' lang='lat' dir='ltr'><strong>cultu</strong></span> <span class='ocrx_word' id='word_1_423' title='bbox 1919 3228 2053 3281; x_wconf 89' lang='lat' dir='ltr'><strong>titu-</strong></span> 
     </span>
    </p>
   </div>
   <div class='ocr_carea' id='block_1_63' title="bbox 469 3319 2052 3390">
    <p class='ocr_par' dir='ltr' id='par_1_63' title="bbox 469 3319 2052 3390">
     <span class='ocr_line' id='line_1_63' title="bbox 469 3319 2052 3390; baseline -0.002 -13"><span class='ocrx_word' id='word_1_424' title='bbox 469 3324 584 3377; x_wconf 91' lang='lat' dir='ltr'><strong>lum</strong></span> <span class='ocrx_word' id='word_1_425' title='bbox 618 3323 804 3377; x_wconf 82' lang='lat' dir='ltr'><strong>habet.</strong></span> <span class='ocrx_word' id='word_1_426' title='bbox 841 3323 996 3378; x_wconf 87' lang='lat' dir='ltr'><strong>Alius</strong></span> <span class='ocrx_word' id='word_1_427' title='bbox 1025 3323 1189 3377; x_wconf 87' lang='lat' dir='ltr'><strong>etiam</strong></span> <span class='ocrx_word' id='word_1_428' title='bbox 1222 3322 1306 3375; x_wconf 84' lang='lat' dir='ltr'><strong>Ad</strong></span> <span class='ocrx_word' id='word_1_429' title='bbox 1353 3320 1665 3375; x_wconf 82' lang='lat' dir='ltr'><strong>Palladium</strong></span> <span class='ocrx_word' id='word_1_430' title='bbox 1690 3359 1704 3385; x_wconf 90' lang='lat'><strong>,</strong></span> <span class='ocrx_word' id='word_1_431' title='bbox 1748 3319 1804 3373; x_wconf 90' lang='lat' dir='ltr'><strong>in</strong></span> <span class='ocrx_word' id='word_1_432' title='bbox 1835 3320 2052 3390; x_wconf 78' lang='lat' dir='ltr'><strong>dialogo</strong></span> 
     </span>
    </p>
   </div>
   <div class='ocr_carea' id='block_1_64' title="bbox 472 3410 2051 3485">
    <p class='ocr_par' dir='ltr' id='par_1_64' title="bbox 472 3410 2051 3485">
     <span class='ocr_line' id='line_1_64' title="bbox 472 3410 2051 3485; baseline -0.001 -19"><span class='ocrx_word' id='word_1_433' title='bbox 472 3430 571 3484; x_wconf 86' lang='lat' dir='ltr'><strong>pro</strong></span> <span class='ocrx_word' id='word_1_434' title='bbox 597 3415 804 3485; x_wconf 78' lang='lat' dir='ltr'><strong>Spiritu</strong></span> <span class='ocrx_word' id='word_1_435' title='bbox 829 3426 1023 3469; x_wconf 86' lang='lat' dir='ltr'><strong>sancto</strong></span> <span class='ocrx_word' id='word_1_436' title='bbox 1051 3410 1591 3483; x_wconf 78' lang='lat' dir='ltr'><strong>compositus.lAlius</strong></span> <span class='ocrx_word' id='word_1_437' title='bbox 1617 3411 1865 3482; x_wconf 89' lang='lat' dir='ltr'><strong>insuper,</strong></span> <span class='ocrx_word' id='word_1_438' title='bbox 1889 3426 2051 3481; x_wconf 89' lang='lat' dir='ltr'><strong>quem</strong></span> 
     </span>
    </p>
   </div>
   <div class='ocr_carea' id='block_1_65' title="bbox 472 3502 2049 3577">
    <p class='ocr_par' dir='ltr' id='par_1_65' title="bbox 472 3502 2049 3577">
     <span class='ocr_line' id='line_1_65' title="bbox 472 3502 2049 3577; baseline -0.002 -16"><span class='ocrx_word' id='word_1_439' title='bbox 472 3518 663 3561; x_wconf 80' lang='lat' dir='ltr'><strong>contra</strong></span> <span class='ocrx_word' id='word_1_440' title='bbox 703 3507 982 3562; x_wconf 70' lang='lat' dir='ltr'><strong>lulianum</strong></span> <span class='ocrx_word' id='word_1_441' title='bbox 1024 3521 1126 3577; x_wconf 93' lang='lat' dir='ltr'><strong>pro</strong></span> <span class='ocrx_word' id='word_1_442' title='bbox 1159 3519 1321 3561; x_wconf 88' lang='lat' dir='ltr'><strong>sacro</strong></span> <span class='ocrx_word' id='word_1_443' title='bbox 1364 3503 1661 3573; x_wconf 78' lang='lat' dir='ltr'><strong>Evangelia</strong></span> <span class='ocrx_word' id='word_1_444' title='bbox 1695 3502 2049 3573; x_wconf 85' lang='lat' dir='ltr'><strong>conscripsit.</strong></span> 
     </span>
    </p>
   </div>
   <div class='ocr_carea' id='block_1_66' title="bbox 470 3594 2053 3669">
    <p class='ocr_par' dir='ltr' id='par_1_66' title="bbox 470 3594 2053 3669">
     <span class='ocr_line' id='line_1_66' title="bbox 470 3594 2053 3669; baseline -0.003 -16"><span class='ocrx_word' id='word_1_445' title='bbox 470 3598 577 3653; x_wconf 85' lang='lat' dir='ltr'><strong>Alii</strong></span> <span class='ocrx_word' id='word_1_446' title='bbox 621 3599 859 3668; x_wconf 87' lang='lat' dir='ltr'><strong>denique</strong></span> <span class='ocrx_word' id='word_1_447' title='bbox 894 3600 1100 3669; x_wconf 86' lang='lat' dir='ltr'><strong>plures,</strong></span> <span class='ocrx_word' id='word_1_448' title='bbox 1136 3606 1300 3667; x_wconf 89' lang='lat' dir='ltr'><strong>atque</strong></span> <span class='ocrx_word' id='word_1_449' title='bbox 1345 3595 1515 3650; x_wconf 90' lang='lat' dir='ltr'><strong>etiam</strong></span> <span class='ocrx_word' id='word_1_450' title='bbox 1558 3595 1829 3666; x_wconf 66' lang='lat' dir='ltr'><strong>epistolaz.</strong></span> <span class='ocrx_word' id='word_1_451' title='bbox 1862 3594 2053 3661; x_wconf 87' lang='lat' dir='ltr'><strong>Qualis</strong></span> 
     </span>
    </p>
   </div>
   <div class='ocr_carea' id='block_1_67' title="bbox 470 3685 2053 3757">
    <p class='ocr_par' dir='ltr' id='par_1_67' title="bbox 470 3685 2053 3757">
     <span class='ocr_line' id='line_1_67' title="bbox 470 3685 2053 3757; baseline -0.003 -12"><span class='ocrx_word' id='word_1_452' title='bbox 470 3701 653 3746; x_wconf 78' lang='lat' dir='ltr'><strong>autem</strong></span> <span class='ocrx_word' id='word_1_453' title='bbox 684 3693 729 3746; x_wconf 89' lang='lat' dir='ltr'><strong>is</strong></span> <span class='ocrx_word' id='word_1_454' title='bbox 758 3692 844 3745; x_wconf 89' lang='lat' dir='ltr'><strong>vir</strong></span> <span class='ocrx_word' id='word_1_455' title='bbox 876 3691 1076 3757; x_wconf 88' lang='lat' dir='ltr'><strong>fuerit,</strong></span> <span class='ocrx_word' id='word_1_456' title='bbox 1106 3705 1231 3744; x_wconf 90' lang='lat' dir='ltr'><strong>cum</strong></span> <span class='ocrx_word' id='word_1_457' title='bbox 1264 3702 1354 3743; x_wconf 87' lang='lat' dir='ltr'><strong>res</strong></span> <span class='ocrx_word' id='word_1_458' title='bbox 1392 3685 1633 3742; x_wconf 88' lang='lat' dir='ltr'><strong>Nestorii</strong></span> <span class='ocrx_word' id='word_1_459' title='bbox 1666 3696 1724 3742; x_wconf 90' lang='lat' dir='ltr'><strong>et</strong></span> <span class='ocrx_word' id='word_1_460' title='bbox 1757 3687 1933 3740; x_wconf 85' lang='lat' dir='ltr'><strong>tertiae</strong></span> <span class='ocrx_word' id='word_1_461' title='bbox 1962 3702 2053 3756; x_wconf 79' lang='lat' dir='ltr'><strong>sy-</strong></span> 
     </span>
    </p>
   </div>
   <div class='ocr_carea' id='block_1_68' title="bbox 472 3777 2054 3851">
    <p class='ocr_par' dir='ltr' id='par_1_68' title="bbox 472 3777 2054 3851">
     <span class='ocr_line' id='line_1_68' title="bbox 472 3777 2054 3851; baseline -0.002 -18"><span class='ocrx_word' id='word_1_462' title='bbox 472 3782 601 3835; x_wconf 89' lang='lat' dir='ltr'><strong>nodi</strong></span> <span class='ocrx_word' id='word_1_463' title='bbox 638 3794 1074 3851; x_wconf 88' lang='lat' dir='ltr'><strong>pcrsequemur,</strong></span> <span class='ocrx_word' id='word_1_464' title='bbox 1110 3778 1246 3834; x_wconf 84' lang='lat' dir='ltr'><strong>satis</strong></span> <span class='ocrx_word' id='word_1_465' title='bbox 1279 3777 1533 3847; x_wconf 89' lang='lat' dir='ltr'><strong>liquebit.</strong></span> <span class='ocrx_word' id='word_1_466' title='bbox 1572 3777 1866 3833; x_wconf 83' lang='lat' dir='ltr'><strong>Enimvero</strong></span> <span class='ocrx_word' id='word_1_467' title='bbox 1902 3777 2054 3831; x_wconf 88' lang='lat' dir='ltr'><strong>sedi-</strong></span> 
     </span>
    </p>
   </div>
   <div class='ocr_carea' id='block_1_69' title="bbox 474 3869 2050 3942">
    <p class='ocr_par' dir='ltr' id='par_1_69' title="bbox 474 3869 2050 3942">
     <span class='ocr_line' id='line_1_69' title="bbox 474 3869 2050 3942; baseline -0.004 -14"><span class='ocrx_word' id='word_1_468' title='bbox 474 3876 623 3930; x_wconf 85' lang='lat' dir='ltr'><strong>tione</strong></span> <span class='ocrx_word' id='word_1_469' title='bbox 697 3876 752 3929; x_wconf 90' lang='lat' dir='ltr'><strong>in</strong></span> <span class='ocrx_word' id='word_1_470' title='bbox 822 3872 1025 3942; x_wconf 82' lang='lat' dir='ltr'><strong>pepulo</strong></span> <span class='ocrx_word' id='word_1_471' title='bbox 1094 3870 1161 3924; x_wconf 88' lang='lat' dir='ltr'><strong>de</strong></span> <span class='ocrx_word' id='word_1_472' title='bbox 1225 3869 1473 3940; x_wconf 89' lang='lat' dir='ltr'><strong>episcopi</strong></span> <span class='ocrx_word' id='word_1_473' title='bbox 1540 3869 1815 3924; x_wconf 86' lang='lat' dir='ltr'><strong>electione</strong></span> <span class='ocrx_word' id='word_1_474' title='bbox 1881 3877 2050 3933; x_wconf 91' lang='lat' dir='ltr'><strong>mota,</strong></span> 
     </span>
    </p>
   </div>
   <div class='ocr_carea' id='block_1_70' title="bbox 472 3960 2053 4034">
    <p class='ocr_par' dir='ltr' id='par_1_70' title="bbox 472 3960 2053 4034">
     <span class='ocr_line' id='line_1_70' title="bbox 472 3960 2053 4034; baseline -0.004 -13"><span class='ocrx_word' id='word_1_475' title='bbox 472 3965 752 4021; x_wconf 82' lang='lat' dir='ltr'><strong>Timothei</strong></span> <span class='ocrx_word' id='word_1_476' title='bbox 813 3963 1062 4034; x_wconf 67' lang='lat' dir='ltr'><strong>partibus</strong></span> <span class='ocrx_word' id='word_1_477' title='bbox 1119 3977 1230 4017; x_wconf 91' lang='lat' dir='ltr'><strong>non</strong></span> <span class='ocrx_word' id='word_1_478' title='bbox 1264 3975 1487 4030; x_wconf 78' lang='lat' dir='ltr'><strong>parum</strong></span> <span class='ocrx_word' id='word_1_479' title='bbox 1549 3962 1813 4016; x_wconf 91' lang='lat' dir='ltr'><strong>momenti</strong></span> <span class='ocrx_word' id='word_1_480' title='bbox 1869 3960 2053 4015; x_wconf 86' lang='lat' dir='ltr'><strong>attulit</strong></span> 
     </span>
    </p>
   </div>
   <div class='ocr_carea' id='block_1_71' title="bbox 470 4052 2053 4123">
    <p class='ocr_par' dir='ltr' id='par_1_71' title="bbox 470 4052 2053 4123">
     <span class='ocr_line' id='line_1_71' title="bbox 470 4052 2053 4123; baseline -0.003 -12"><span class='ocrx_word' id='word_1_481' title='bbox 470 4057 897 4122; x_wconf 78' lang='lat' dir='ltr'><strong>Abundantius,</strong></span> <span class='ocrx_word' id='word_1_482' title='bbox 953 4052 1049 4123; x_wconf 88' lang='lat' dir='ltr'><strong>qui</strong></span> <span class='ocrx_word' id='word_1_483' title='bbox 1097 4061 1211 4107; x_wconf 88' lang='lat' dir='ltr'><strong>tum</strong></span> <span class='ocrx_word' id='word_1_484' title='bbox 1260 4052 1579 4106; x_wconf 87' lang='lat' dir='ltr'><strong>militarium</strong></span> <span class='ocrx_word' id='word_1_485' title='bbox 1632 4052 1890 4108; x_wconf 88' lang='lat' dir='ltr'><strong>ordinum</strong></span> <span class='ocrx_word' id='word_1_486' title='bbox 1941 4054 2053 4107; x_wconf 81' lang='lat' dir='ltr'><strong>dux</strong></span> 
     </span>
    </p>
   </div>
   <div class='ocr_carea' id='block_1_72' title="bbox 471 4144 2052 4216">
    <p class='ocr_par' dir='ltr' id='par_1_72' title="bbox 471 4144 2052 4216">
     <span class='ocr_line' id='line_1_72' title="bbox 471 4144 2052 4216; baseline -0.003 -13"><span class='ocrx_word' id='word_1_487' title='bbox 471 4158 612 4203; x_wconf 84' lang='lat' dir='ltr'><strong>erat.</strong></span> <span class='ocrx_word' id='word_1_488' title='bbox 650 4147 840 4201; x_wconf 91' lang='lat' dir='ltr'><strong>Tertio</strong></span> <span class='ocrx_word' id='word_1_489' title='bbox 870 4161 1000 4200; x_wconf 82' lang='lat' dir='ltr'><strong>vero</strong></span> <span class='ocrx_word' id='word_1_490' title='bbox 1034 4145 1144 4211; x_wconf 89' lang='lat' dir='ltr'><strong>die,</strong></span> <span class='ocrx_word' id='word_1_491' title='bbox 1177 4154 1301 4216; x_wconf 88' lang='lat' dir='ltr'><strong>post</strong></span> <span class='ocrx_word' id='word_1_492' title='bbox 1330 4144 1622 4216; x_wconf 87' lang='lat' dir='ltr'><strong>Theophili</strong></span> <span class='ocrx_word' id='word_1_493' title='bbox 1656 4145 1871 4201; x_wconf 90' lang='lat' dir='ltr'><strong>scilicet</strong></span> <span class='ocrx_word' id='word_1_494' title='bbox 1900 4161 2052 4200; x_wconf 91' lang='lat' dir='ltr'><strong>mor-</strong></span> 
     </span>
    </p>
   </div>
   <div class='ocr_carea' id='block_1_73' title="bbox 475 4237 2049 4309">
    <p class='ocr_par' dir='ltr' id='par_1_73' title="bbox 475 4237 2049 4309">
     <span class='ocr_line' id='line_1_73' title="bbox 475 4237 2049 4309; baseline -0.002 -13"><span class='ocrx_word' id='word_1_495' title='bbox 475 4254 606 4302; x_wconf 87' lang='lat' dir='ltr'><strong>tem,</strong></span> <span class='ocrx_word' id='word_1_496' title='bbox 633 4238 797 4293; x_wconf 89' lang='lat' dir='ltr'><strong>factio</strong></span> <span class='ocrx_word' id='word_1_497' title='bbox 823 4238 994 4294; x_wconf 88' lang='lat' dir='ltr'><strong>altera</strong></span> <span class='ocrx_word' id='word_1_498' title='bbox 1019 4254 1140 4309; x_wconf 78' lang='lat' dir='ltr'><strong>qua:</strong></span> <span class='ocrx_word' id='word_1_499' title='bbox 1158 4237 1426 4309; x_wconf 82' lang='lat' dir='ltr'><strong>Cyrillum</strong></span> <span class='ocrx_word' id='word_1_500' title='bbox 1455 4238 1863 4308; x_wconf 76' lang='lat' dir='ltr'><strong>designaverat,</strong></span> <span class='ocrx_word' id='word_1_501' title='bbox 1885 4238 2049 4293; x_wconf 86' lang='lat' dir='ltr'><strong>vicit:</strong></span> 
     </span>
    </p>
   </div>
   <div class='ocr_carea' id='block_1_74' title="bbox 470 4328 2054 4401">
    <p class='ocr_par' dir='ltr' id='par_1_74' title="bbox 470 4328 2054 4401">
     <span class='ocr_line' id='line_1_74' title="bbox 470 4328 2054 4401; baseline -0.001 -14"><span class='ocrx_word' id='word_1_502' title='bbox 470 4343 529 4387; x_wconf 87' lang='lat' dir='ltr'><strong>et</strong></span> <span class='ocrx_word' id='word_1_503' title='bbox 563 4331 629 4386; x_wconf 87' lang='lat' dir='ltr'><strong>ad</strong></span> <span class='ocrx_word' id='word_1_504' title='bbox 669 4332 1048 4401; x_wconf 87' lang='lat' dir='ltr'><strong>episcopatum</strong></span> <span class='ocrx_word' id='word_1_505' title='bbox 1088 4331 1295 4401; x_wconf 75' lang='lat' dir='ltr'><strong>majore</strong></span> <span class='ocrx_word' id='word_1_506' title='bbox 1331 4328 1498 4395; x_wconf 83' lang='lat' dir='ltr'><strong>fastu,</strong></span> <span class='ocrx_word' id='word_1_507' title='bbox 1540 4332 1901 4400; x_wconf 83' lang='lat' dir='ltr'><strong>profanorum</strong></span> <span class='ocrx_word' id='word_1_508' title='bbox 1934 4346 2054 4385; x_wconf 81' lang='lat' dir='ltr'><strong>ma-</strong></span> 
     </span>
    </p>
   </div>
   <div class='ocr_carea' id='block_1_75' title="bbox 471 4422 2053 4497">
    <p class='ocr_par' dir='ltr' id='par_1_75' title="bbox 471 4422 2053 4497">
     <span class='ocr_line' id='line_1_75' title="bbox 471 4422 2053 4497; baseline -0.001 -18"><span class='ocrx_word' id='word_1_509' title='bbox 471 4429 799 4497; x_wconf 80' lang='lat' dir='ltr'><strong>gistratuum</strong></span> <span class='ocrx_word' id='word_1_510' title='bbox 851 4439 1004 4479; x_wconf 87' lang='lat' dir='ltr'><strong>more</strong></span> <span class='ocrx_word' id='word_1_511' title='bbox 1028 4461 1043 4487; x_wconf 87' lang='lat'><strong>,</strong></span> <span class='ocrx_word' id='word_1_512' title='bbox 1087 4422 1346 4494; x_wconf 80' lang='lat' dir='ltr'><strong>Cyrillus,</strong></span> <span class='ocrx_word' id='word_1_513' title='bbox 1378 4435 1542 4491; x_wconf 87' lang='lat' dir='ltr'><strong>quam</strong></span> <span class='ocrx_word' id='word_1_514' title='bbox 1575 4423 1891 4477; x_wconf 77' lang='lat' dir='ltr'><strong>dcccssores</strong></span> <span class='ocrx_word' id='word_1_515' title='bbox 1933 4422 2053 4492; x_wconf 91' lang='lat' dir='ltr'><strong>ejus</strong></span> 
     </span>
    </p>
   </div>
   <div class='ocr_carea' id='block_1_76' title="bbox 2157 3228 3747 3304">
    <p class='ocr_par' dir='ltr' id='par_1_76' title="bbox 2157 3228 3747 3304">
     <span class='ocr_line' id='line_1_76' title="bbox 2157 3228 3747 3304; baseline -0.002 -21"><span class='ocrx_word' id='word_1_516' title='bbox 2157 3230 2477 3300; x_wconf 85' lang='grc' dir='ltr'>Πνεύματος</span> <span class='ocrx_word' id='word_1_517' title='bbox 2501 3246 2515 3262; x_wconf 73' lang='grc' dir='ltr'><strong>ο</strong></span> <span class='ocrx_word' id='word_1_518' title='bbox 2553 3232 2650 3285; x_wconf 75' lang='grc' dir='ltr'>καὶ</span> <span class='ocrx_word' id='word_1_519' title='bbox 2687 3230 2715 3284; x_wconf 84' lang='grc' dir='ltr'><strong>δ</strong></span> <span class='ocrx_word' id='word_1_520' title='bbox 2755 3232 2897 3285; x_wconf 77' lang='grc' dir='ltr'>κατὰ</span> <span class='ocrx_word' id='word_1_521' title='bbox 2935 3230 3229 3285; x_wconf 83' lang='grc' dir='ltr'>Ἰουλιανοῦ</span> <span class='ocrx_word' id='word_1_522' title='bbox 3270 3232 3420 3304; x_wconf 82' lang='grc' dir='ltr'>ὑπὲρ</span> <span class='ocrx_word' id='word_1_523' title='bbox 3462 3232 3560 3286; x_wconf 83' lang='grc' dir='ltr'><strong>τοῦ</strong></span> <span class='ocrx_word' id='word_1_524' title='bbox 3608 3228 3747 3300; x_wconf 81' lang='grc' dir='ltr'>ίεροῦ</span> 
     </span>
    </p>
   </div>
   <div class='ocr_carea' id='block_1_77' title="bbox 2114 3322 3745 3393">
    <p class='ocr_par' dir='ltr' id='par_1_77' title="bbox 2114 3322 3745 3393">
     <span class='ocr_line' id='line_1_77' title="bbox 2114 3322 3745 3393; baseline -0.002 -16"><span class='ocrx_word' id='word_1_525' title='bbox 2114 3322 2129 3333; x_wconf 75' lang='grc'><em>’</em></span> <span class='ocrx_word' id='word_1_526' title='bbox 2155 3323 2493 3393; x_wconf 83' lang='grc' dir='ltr'>Εὑαγγελίου</span> <span class='ocrx_word' id='word_1_527' title='bbox 2532 3324 2846 3390; x_wconf 82' lang='grc' dir='ltr'>συνέταξεν.</span> <span class='ocrx_word' id='word_1_528' title='bbox 2881 3326 2989 3378; x_wconf 83' lang='grc' dir='ltr'><strong>Καὶ</strong></span> <span class='ocrx_word' id='word_1_529' title='bbox 3021 3324 3158 3378; x_wconf 81' lang='grc' dir='ltr'>ἄλλα</span> <span class='ocrx_word' id='word_1_530' title='bbox 3192 3326 3299 3381; x_wconf 61' lang='lat' dir='ltr'><strong>snt.</strong></span> <span class='ocrx_word' id='word_1_531' title='bbox 3316 3326 3544 3390; x_wconf 84' lang='grc' dir='ltr'>τούτοις</span> <span class='ocrx_word' id='word_1_532' title='bbox 3580 3322 3745 3377; x_wconf 73' lang='grc' dir='ltr'>πολλὰ</span> 
     </span>
    </p>
   </div>
   <div class='ocr_carea' id='block_1_78' title="bbox 2154 3406 3747 3484">
    <p class='ocr_par' dir='ltr' id='par_1_78' title="bbox 2154 3406 3747 3484">
     <span class='ocr_line' id='line_1_78' title="bbox 2154 3406 3747 3484; baseline -0.002 -18"><span class='ocrx_word' id='word_1_533' title='bbox 2154 3415 2253 3466; x_wconf 70' lang='grc' dir='ltr'>καὶ</span> <span class='ocrx_word' id='word_1_534' title='bbox 2286 3412 2590 3468; x_wconf 70' lang='grc' dir='ltr'>ἐπιστολαί.</span> <span class='ocrx_word' id='word_1_535' title='bbox 2626 3410 2801 3477; x_wconf 80' lang='grc' dir='ltr'>Δείξει</span> <span class='ocrx_word' id='word_1_536' title='bbox 2836 3412 2893 3465; x_wconf 82' lang='grc' dir='ltr'>δὲ</span> <span class='ocrx_word' id='word_1_537' title='bbox 2929 3406 3041 3475; x_wconf 75' lang='grc' dir='ltr'>οἷος</span> <span class='ocrx_word' id='word_1_538' title='bbox 3077 3412 3217 3484; x_wconf 83' lang='grc' dir='ltr'>ἀνὴρ</span> <span class='ocrx_word' id='word_1_539' title='bbox 3243 3453 3259 3478; x_wconf 87' lang='grc'><strong>,</strong></span> <span class='ocrx_word' id='word_1_540' title='bbox 3293 3414 3471 3483; x_wconf 78' lang='grc' dir='ltr'>ἡνίκα</span> <span class='ocrx_word' id='word_1_541' title='bbox 3505 3412 3747 3479; x_wconf 78' lang='grc' dir='ltr'>διέξιμεν</span> 
     </span>
    </p>
   </div>
   <div class='ocr_carea' id='block_1_79' title="bbox 2153 3503 3742 3575">
    <p class='ocr_par' dir='ltr' id='par_1_79' title="bbox 2153 3503 3742 3575">
     <span class='ocr_line' id='line_1_79' title="bbox 2153 3503 3742 3575; baseline -0.001 -18"><span class='ocrx_word' id='word_1_542' title='bbox 2153 3505 2223 3557; x_wconf 82' lang='grc' dir='ltr'>τὰ</span> <span class='ocrx_word' id='word_1_543' title='bbox 2254 3505 2396 3558; x_wconf 78' lang='grc' dir='ltr'>κατὰ</span> <span class='ocrx_word' id='word_1_544' title='bbox 2427 3504 2725 3575; x_wconf 81' lang='grc' dir='ltr'>Νεστόριον</span> <span class='ocrx_word' id='word_1_545' title='bbox 2754 3504 2848 3557; x_wconf 75' lang='grc' dir='ltr'><strong>καὶ</strong></span> <span class='ocrx_word' id='word_1_546' title='bbox 2876 3504 2975 3575; x_wconf 85' lang='grc' dir='ltr'>τὴν</span> <span class='ocrx_word' id='word_1_547' title='bbox 3003 3503 3197 3575; x_wconf 81' lang='grc' dir='ltr'>τρίτην</span> <span class='ocrx_word' id='word_1_548' title='bbox 3226 3505 3476 3560; x_wconf 78' lang='grc' dir='ltr'>σύνοδον.</span> <span class='ocrx_word' id='word_1_549' title='bbox 3510 3505 3604 3575; x_wconf 83' lang='grc' dir='ltr'><strong>Τῷ</strong></span> <span class='ocrx_word' id='word_1_550' title='bbox 3629 3504 3742 3558; x_wconf 83' lang='grc' dir='ltr'>τότε</span> 
     </span>
    </p>
   </div>
   <div class='ocr_carea' id='block_1_80' title="bbox 2154 3594 3744 3668">
    <p class='ocr_par' dir='ltr' id='par_1_80' title="bbox 2154 3594 3744 3668">
     <span class='ocr_line' id='line_1_80' title="bbox 2154 3594 3744 3668; baseline -0.003 -18"><span class='ocrx_word' id='word_1_551' title='bbox 2154 3596 2211 3650; x_wconf 81' lang='grc' dir='ltr'><strong>δέ</strong></span> <span class='ocrx_word' id='word_1_552' title='bbox 2244 3596 2492 3658; x_wconf 84' lang='grc' dir='ltr'>στάσεως</span> <span class='ocrx_word' id='word_1_553' title='bbox 2524 3596 2825 3666; x_wconf 81' lang='grc' dir='ltr'>γενομένης</span> <span class='ocrx_word' id='word_1_554' title='bbox 2856 3594 2934 3666; x_wconf 84' lang='grc' dir='ltr'>τῷ</span> <span class='ocrx_word' id='word_1_555' title='bbox 2967 3595 3124 3667; x_wconf 80' lang='grc' dir='ltr'>δήμῳ</span> <span class='ocrx_word' id='word_1_556' title='bbox 3158 3597 3289 3668; x_wconf 76' lang='grc' dir='ltr'>περὶ</span> <span class='ocrx_word' id='word_1_557' title='bbox 3318 3597 3593 3667; x_wconf 85' lang='grc' dir='ltr'>ἐπιλογῆς</span> <span class='ocrx_word' id='word_1_558' title='bbox 3626 3597 3744 3648; x_wconf 80' lang='grc' dir='ltr'>ἐπι-</span> 
     </span>
    </p>
   </div>
   <div class='ocr_carea' id='block_1_81' title="bbox 2158 3685 3738 3759">
    <p class='ocr_par' dir='ltr' id='par_1_81' title="bbox 2158 3685 3738 3759">
     <span class='ocr_line' id='line_1_81' title="bbox 2158 3685 3738 3759; baseline -0.001 -18"><span class='ocrx_word' id='word_1_559' title='bbox 2158 3689 2396 3754; x_wconf 84' lang='grc' dir='ltr'>σκόπου,</span> <span class='ocrx_word' id='word_1_560' title='bbox 2427 3686 2505 3758; x_wconf 82' lang='grc' dir='ltr'>τῷ</span> <span class='ocrx_word' id='word_1_561' title='bbox 2538 3688 2698 3759; x_wconf 84' lang='grc' dir='ltr'>μέρει</span> <span class='ocrx_word' id='word_1_562' title='bbox 2731 3687 3002 3757; x_wconf 80' lang='grc' dir='ltr'>Τιμοθέου</span> <span class='ocrx_word' id='word_1_563' title='bbox 3032 3688 3093 3742; x_wconf 84' lang='grc' dir='ltr'>οὐ</span> <span class='ocrx_word' id='word_1_564' title='bbox 3127 3689 3333 3759; x_wconf 81' lang='grc' dir='ltr'>μικρὰν</span> <span class='ocrx_word' id='word_1_565' title='bbox 3360 3689 3539 3743; x_wconf 86' lang='grc' dir='ltr'>ἐδίδου</span> <span class='ocrx_word' id='word_1_566' title='bbox 3576 3685 3738 3759; x_wconf 73' lang='grc' dir='ltr'>ῥοπὴν</span> 
     </span>
    </p>
   </div>
   <div class='ocr_carea' id='block_1_82' title="bbox 2168 3778 3742 3851">
    <p class='ocr_par' dir='ltr' id='par_1_82' title="bbox 2168 3778 3742 3851">
     <span class='ocr_line' id='line_1_82' title="bbox 2168 3778 3742 3851; baseline -0.001 -20"><span class='ocrx_word' id='word_1_567' title='bbox 2168 3779 2616 3843; x_wconf 78' lang='grc' dir='ltr'>’Δὸουνδάντιοςὸ</span> <span class='ocrx_word' id='word_1_568' title='bbox 2640 3779 2942 3848; x_wconf 81' lang='grc' dir='ltr'>τηνικαῦτα</span> <span class='ocrx_word' id='word_1_569' title='bbox 2964 3779 3071 3833; x_wconf 85' lang='grc' dir='ltr'><strong>τῶν</strong></span> <span class='ocrx_word' id='word_1_570' title='bbox 3095 3781 3515 3851; x_wconf 84' lang='grc' dir='ltr'>στρατιωτικῶν</span> <span class='ocrx_word' id='word_1_571' title='bbox 3538 3778 3742 3847; x_wconf 85' lang='grc' dir='ltr'>ταγμά-</span> 
     </span>
    </p>
   </div>
   <div class='ocr_carea' id='block_1_83' title="bbox 2155 3869 3738 3941">
    <p class='ocr_par' dir='ltr' id='par_1_83' title="bbox 2155 3869 3738 3941">
     <span class='ocr_line' id='line_1_83' title="bbox 2155 3869 3738 3941; baseline -0.004 -16"><span class='ocrx_word' id='word_1_572' title='bbox 2155 3888 2264 3925; x_wconf 80' lang='grc' dir='ltr'><strong>των</strong></span> <span class='ocrx_word' id='word_1_573' title='bbox 2311 3871 2642 3940; x_wconf 79' lang='grc' dir='ltr'>ἡγούμενος.</span> <span class='ocrx_word' id='word_1_574' title='bbox 2690 3872 2843 3926; x_wconf 65' lang='grc' dir='ltr'>Μετὰ</span> <span class='ocrx_word' id='word_1_575' title='bbox 2896 3870 2957 3925; x_wconf 85' lang='grc' dir='ltr'><strong>δέ</strong></span> <span class='ocrx_word' id='word_1_576' title='bbox 3006 3870 3200 3941; x_wconf 86' lang='grc' dir='ltr'>τρίτην</span> <span class='ocrx_word' id='word_1_577' title='bbox 3248 3872 3468 3941; x_wconf 83' lang='grc' dir='ltr'>ἡμέραν</span> <span class='ocrx_word' id='word_1_578' title='bbox 3520 3869 3738 3938; x_wconf 83' lang='grc' dir='ltr'>θάτερον</span> 
     </span>
    </p>
   </div>
   <div class='ocr_carea' id='block_1_84' title="bbox 2156 3959 3739 4036">
    <p class='ocr_par' dir='ltr' id='par_1_84' title="bbox 2156 3959 3739 4036">
     <span class='ocr_line' id='line_1_84' title="bbox 2156 3959 3739 4036; baseline -0.002 -18"><span class='ocrx_word' id='word_1_579' title='bbox 2156 3966 2315 4018; x_wconf 81' lang='grc' dir='ltr'>ἐνίκα</span> <span class='ocrx_word' id='word_1_580' title='bbox 2347 3966 2541 4035; x_wconf 87' lang='grc' dir='ltr'>μέρος,</span> <span class='ocrx_word' id='word_1_581' title='bbox 2562 3962 2595 4018; x_wconf 76' lang='grc' dir='ltr'><strong>ὃ</strong></span> <span class='ocrx_word' id='word_1_582' title='bbox 2625 3966 2717 4019; x_wconf 76' lang='grc' dir='ltr'>τὸν</span> <span class='ocrx_word' id='word_1_583' title='bbox 2749 3964 3023 4036; x_wconf 85' lang='grc' dir='ltr'>Κύριλλον</span> <span class='ocrx_word' id='word_1_584' title='bbox 3052 3965 3362 4033; x_wconf 84' lang='grc' dir='ltr'>ἐπελέγετο.</span> <span class='ocrx_word' id='word_1_585' title='bbox 3395 3966 3512 4018; x_wconf 77' lang='grc' dir='ltr'><strong>Καὶ</strong></span> <span class='ocrx_word' id='word_1_586' title='bbox 3543 3959 3739 4036; x_wconf 66' lang='grc' dir='ltr'>προῆλ-</span> 
     </span>
    </p>
   </div>
   <div class='ocr_carea' id='block_1_85' title="bbox 2157 4050 3734 4129">
    <p class='ocr_par' dir='ltr' id='par_1_85' title="bbox 2157 4050 3734 4129">
     <span class='ocr_line' id='line_1_85' title="bbox 2157 4050 3734 4129; baseline -0.005 -19"><span class='ocrx_word' id='word_1_587' title='bbox 2157 4056 2249 4113; x_wconf 80' lang='grc' dir='ltr'>θεν</span> <span class='ocrx_word' id='word_1_588' title='bbox 2285 4059 2379 4111; x_wconf 80' lang='grc' dir='ltr'>ἐπὶ</span> <span class='ocrx_word' id='word_1_589' title='bbox 2410 4057 2512 4129; x_wconf 77' lang='grc' dir='ltr'>τὴν</span> <span class='ocrx_word' id='word_1_590' title='bbox 2547 4058 2855 4128; x_wconf 77' lang='grc' dir='ltr'>ἐπισκοπὴν</span> <span class='ocrx_word' id='word_1_591' title='bbox 2889 4056 3263 4128; x_wconf 83' lang='grc' dir='ltr'>ἁρχικώτερον</span> <span class='ocrx_word' id='word_1_592' title='bbox 3299 4055 3573 4128; x_wconf 82' lang='grc' dir='ltr'>Κύριλλος</span> <span class='ocrx_word' id='word_1_593' title='bbox 3614 4053 3647 4124; x_wconf 74' lang='grc' dir='ltr'>ἢ</span> <span class='ocrx_word' id='word_1_594' title='bbox 3688 4050 3734 4102; x_wconf 82' lang='grc' dir='ltr'><strong>οι</strong></span> 
     </span>
    </p>
   </div>
   <div class='ocr_carea' id='block_1_86' title="bbox 2156 4146 3730 4221">
    <p class='ocr_par' dir='ltr' id='par_1_86' title="bbox 2156 4146 3730 4221">
     <span class='ocr_line' id='line_1_86' title="bbox 2156 4146 3730 4221; baseline -0.006 -17"><span class='ocrx_word' id='word_1_595' title='bbox 2156 4150 2265 4221; x_wconf 84' lang='grc' dir='ltr'>πρὸ</span> <span class='ocrx_word' id='word_1_596' title='bbox 2300 4148 2467 4203; x_wconf 82' lang='grc' dir='ltr'>αὐτοῦ</span> <span class='ocrx_word' id='word_1_597' title='bbox 2506 4150 2672 4219; x_wconf 80' lang='grc' dir='ltr'>ίερείς</span> <span class='ocrx_word' id='word_1_598' title='bbox 2700 4165 2715 4178; x_wconf 86' lang='grc'><strong>·</strong></span> <span class='ocrx_word' id='word_1_599' title='bbox 2751 4148 2827 4212; x_wconf 83' lang='grc' dir='ltr'>ὡς</span> <span class='ocrx_word' id='word_1_600' title='bbox 2863 4150 3071 4203; x_wconf 80' lang='grc' dir='ltr'>ἐκεῖθεν</span> <span class='ocrx_word' id='word_1_601' title='bbox 3106 4149 3200 4201; x_wconf 80' lang='grc' dir='ltr'>καὶ</span> <span class='ocrx_word' id='word_1_602' title='bbox 3236 4150 3414 4221; x_wconf 83' lang='grc' dir='ltr'>ἀρχὴν</span> <span class='ocrx_word' id='word_1_603' title='bbox 3451 4146 3730 4217; x_wconf 77' lang='grc' dir='ltr'>εἰληφέναι</span> 
     </span>
    </p>
   </div>
   <div class='ocr_carea' id='block_1_87' title="bbox 2154 4238 3731 4311">
    <p class='ocr_par' dir='ltr' id='par_1_87' title="bbox 2154 4238 3731 4311">
     <span class='ocr_line' id='line_1_87' title="bbox 2154 4238 3731 4311; baseline -0.004 -19"><span class='ocrx_word' id='word_1_604' title='bbox 2154 4239 2254 4310; x_wconf 81' lang='grc' dir='ltr'>τὴν</span> <span class='ocrx_word' id='word_1_605' title='bbox 2289 4238 2591 4309; x_wconf 81' lang='grc' dir='ltr'>ἐκκλησίαν</span> <span class='ocrx_word' id='word_1_606' title='bbox 2614 4278 2628 4303; x_wconf 89' lang='grc'><strong>,</strong></span> <span class='ocrx_word' id='word_1_607' title='bbox 2663 4239 2758 4292; x_wconf 77' lang='grc' dir='ltr'>καὶ</span> <span class='ocrx_word' id='word_1_608' title='bbox 2791 4239 2900 4292; x_wconf 84' lang='grc' dir='ltr'><strong>τῶν</strong></span> <span class='ocrx_word' id='word_1_609' title='bbox 2935 4240 3279 4309; x_wconf 82' lang='grc' dir='ltr'>πραγμάτων</span> <span class='ocrx_word' id='word_1_610' title='bbox 3328 4240 3538 4311; x_wconf 82' lang='grc' dir='ltr'>μᾶλλον</span> <span class='ocrx_word' id='word_1_611' title='bbox 3590 4238 3731 4289; x_wconf 68' lang='grc' dir='ltr'>ἀντι-</span> 
     </span>
    </p>
   </div>
   <div class='ocr_carea' id='block_1_88' title="bbox 2157 4330 3731 4403">
    <p class='ocr_par' dir='ltr' id='par_1_88' title="bbox 2157 4330 3731 4403">
     <span class='ocr_line' id='line_1_88' title="bbox 2157 4330 3731 4403; baseline -0.004 -18"><span class='ocrx_word' id='word_1_612' title='bbox 2157 4330 2454 4386; x_wconf 87' lang='grc' dir='ltr'>ποιεῖσθαι.</span> <span class='ocrx_word' id='word_1_613' title='bbox 2482 4331 2659 4395; x_wconf 84' lang='grc' dir='ltr'>Εὐθὺς</span> <span class='ocrx_word' id='word_1_614' title='bbox 2684 4331 2739 4385; x_wconf 83' lang='grc' dir='ltr'>δὲ</span> <span class='ocrx_word' id='word_1_615' title='bbox 2768 4331 3036 4403; x_wconf 84' lang='grc' dir='ltr'>Κύριλλος</span> <span class='ocrx_word' id='word_1_616' title='bbox 3062 4332 3316 4402; x_wconf 82' lang='grc' dir='ltr'>οὐδεμίαν</span> <span class='ocrx_word' id='word_1_617' title='bbox 3339 4334 3450 4385; x_wconf 80' lang='grc' dir='ltr'><strong>τῶν</strong></span> <span class='ocrx_word' id='word_1_618' title='bbox 3473 4330 3731 4400; x_wconf 75' lang='grc' dir='ltr'>αἱρέσεων</span> 
     </span>
    </p>
   </div>
   <div class='ocr_carea' id='block_1_89' title="bbox 2157 4418 3730 4494">
    <p class='ocr_par' dir='ltr' id='par_1_89' title="bbox 2157 4418 3730 4494">
     <span class='ocr_line' id='line_1_89' title="bbox 2157 4418 3730 4494; baseline 0 -19"><span class='ocrx_word' id='word_1_619' title='bbox 2157 4422 2251 4475; x_wconf 76' lang='grc' dir='ltr'>ἐπὶ</span> <span class='ocrx_word' id='word_1_620' title='bbox 2282 4422 2380 4491; x_wconf 82' lang='grc' dir='ltr'>τῆς</span> <span class='ocrx_word' id='word_1_621' title='bbox 2415 4422 2770 4492; x_wconf 77' lang='grc' dir='ltr'>Ἀλεξάνδρου</span> <span class='ocrx_word' id='word_1_622' title='bbox 2817 4422 3296 4494; x_wconf 74' lang='grc' dir='ltr'>παρρησιάζεσθαι</span> <span class='ocrx_word' id='word_1_623' title='bbox 3340 4426 3526 4480; x_wconf 71' lang='grc' dir='ltr'>εἴασεν</span> <span class='ocrx_word' id='word_1_624' title='bbox 3552 4440 3565 4452; x_wconf 90' lang='grc'><strong>·</strong></span> <span class='ocrx_word' id='word_1_625' title='bbox 3600 4418 3730 4475; x_wconf 77' lang='grc' dir='ltr'><strong>ἀλλὰ</strong></span> 
     </span>
    </p>
   </div>
   <div class='ocr_carea' id='block_1_90' title="bbox 473 4501 2050 4588">
    <p class='ocr_par' dir='ltr' id='par_1_90' title="bbox 473 4512 2050 4588">
     <span class='ocr_line' id='line_1_90' title="bbox 473 4512 2050 4588; baseline -0.004 -16"><span class='ocrx_word' id='word_1_626' title='bbox 473 4517 717 4588; x_wconf 82' lang='lat' dir='ltr'><strong>episcopi</strong></span> <span class='ocrx_word' id='word_1_627' title='bbox 741 4557 756 4582; x_wconf 93' lang='lat'><strong>,</strong></span> <span class='ocrx_word' id='word_1_628' title='bbox 801 4531 1128 4587; x_wconf 81' lang='lat' dir='ltr'><strong>progressus</strong></span> <span class='ocrx_word' id='word_1_629' title='bbox 1153 4523 1258 4569; x_wconf 85' lang='lat' dir='ltr'><strong>est.</strong></span> <span class='ocrx_word' id='word_1_630' title='bbox 1294 4513 1459 4586; x_wconf 66' lang='grc'><strong>466</strong></span> <span class='ocrx_word' id='word_1_631' title='bbox 1481 4512 1636 4569; x_wconf 86' lang='lat' dir='ltr'><strong>Unde</strong></span> <span class='ocrx_word' id='word_1_632' title='bbox 1667 4514 1804 4569; x_wconf 88' lang='lat' dir='ltr'><strong>adeo</strong></span> <span class='ocrx_word' id='word_1_633' title='bbox 1833 4513 2050 4569; x_wconf 83' lang='lat' dir='ltr'><strong>initium</strong></span> 
     </span>
    </p>
   </div>
   <div class='ocr_carea' id='block_1_91' title="bbox 2160 4501 3731 4588">
    <p class='ocr_par' dir='ltr' id='par_1_91' title="bbox 2161 4511 3731 4585">
     <span class='ocr_line' id='line_1_91' title="bbox 2161 4511 3731 4585; baseline 0 -19"><span class='ocrx_word' id='word_1_634' title='bbox 2161 4515 2254 4566; x_wconf 72' lang='lat' dir='ltr'><strong>mi.</strong></span> <span class='ocrx_word' id='word_1_635' title='bbox 2282 4512 2344 4565; x_wconf 82' lang='grc' dir='ltr'><strong>τδ</strong></span> <span class='ocrx_word' id='word_1_636' title='bbox 2374 4511 2643 4568; x_wconf 86' lang='grc' dir='ltr'>Ἰουδαίων</span> <span class='ocrx_word' id='word_1_637' title='bbox 2672 4514 2824 4577; x_wconf 73' lang='grc' dir='ltr'>ἔθνος</span> <span class='ocrx_word' id='word_1_638' title='bbox 2856 4516 3066 4568; x_wconf 80' lang='grc' dir='ltr'>ἐκεῖθεν</span> <span class='ocrx_word' id='word_1_639' title='bbox 3095 4514 3265 4585; x_wconf 73' lang='grc' dir='ltr'>ἤλασε</span> <span class='ocrx_word' id='word_1_640' title='bbox 3293 4518 3555 4584; x_wconf 78' lang='grc' dir='ltr'>τοιαύτης</span> <span class='ocrx_word' id='word_1_641' title='bbox 3584 4525 3731 4581; x_wconf 73' lang='grc' dir='ltr'>γεγε·</span> 
     </span>
    </p>
   </div>
   <div class='ocr_carea' id='block_1_92' title="bbox 474 4606 2052 4679">
    <p class='ocr_par' dir='ltr' id='par_1_92' title="bbox 474 4606 2052 4679">
     <span class='ocr_line' id='line_1_92' title="bbox 474 4606 2052 4679; baseline -0.004 -13"><span class='ocrx_word' id='word_1_642' title='bbox 474 4619 753 4679; x_wconf 88' lang='lat' dir='ltr'><strong>sumptum</strong></span> <span class='ocrx_word' id='word_1_643' title='bbox 786 4618 874 4664; x_wconf 88' lang='lat' dir='ltr'><strong>est</strong></span> <span class='ocrx_word' id='word_1_644' title='bbox 906 4609 962 4662; x_wconf 90' lang='lat' dir='ltr'><strong>in</strong></span> <span class='ocrx_word' id='word_1_645' title='bbox 993 4607 1241 4663; x_wconf 88' lang='lat' dir='ltr'><strong>Ecclesia</strong></span> <span class='ocrx_word' id='word_1_646' title='bbox 1272 4606 1640 4662; x_wconf 78' lang='lat' dir='ltr'><strong>Alexandrina</strong></span> <span class='ocrx_word' id='word_1_647' title='bbox 1662 4648 1675 4671; x_wconf 94' lang='lat'><strong>,</strong></span> <span class='ocrx_word' id='word_1_648' title='bbox 1719 4616 1780 4661; x_wconf 91' lang='lat' dir='ltr'><strong>ut</strong></span> <span class='ocrx_word' id='word_1_649' title='bbox 1808 4606 2052 4677; x_wconf 89' lang='lat' dir='ltr'><strong>episcopi</strong></span> 
     </span>
    </p>
   </div>
   <div class='ocr_carea' id='block_1_93' title="bbox 474 4697 2054 4773">
    <p class='ocr_par' dir='ltr' id='par_1_93' title="bbox 474 4697 2054 4773">
     <span class='ocr_line' id='line_1_93' title="bbox 474 4697 2054 4773; baseline -0.003 -16"><span class='ocrx_word' id='word_1_650' title='bbox 474 4702 648 4773; x_wconf 72' lang='lat' dir='ltr'><strong>magis</strong></span> <span class='ocrx_word' id='word_1_651' title='bbox 677 4703 844 4756; x_wconf 85' lang='lat' dir='ltr'><strong>etiam</strong></span> <span class='ocrx_word' id='word_1_652' title='bbox 890 4701 1117 4771; x_wconf 84' lang='lat' dir='ltr'><strong>profana</strong></span> <span class='ocrx_word' id='word_1_653' title='bbox 1158 4698 1376 4769; x_wconf 80' lang='lat' dir='ltr'><strong>negotia</strong></span> <span class='ocrx_word' id='word_1_654' title='bbox 1424 4708 1707 4755; x_wconf 86' lang='lat' dir='ltr'><strong>curarent.</strong></span> <span class='ocrx_word' id='word_1_655' title='bbox 1747 4699 1918 4753; x_wconf 92' lang='lat' dir='ltr'><strong>Porro</strong></span> <span class='ocrx_word' id='word_1_656' title='bbox 1949 4697 2054 4770; x_wconf 87' lang='lat' dir='ltr'><strong>Cy-</strong></span> 
     </span>
    </p>
   </div>
   <div class='ocr_carea' id='block_1_94' title="bbox 474 4792 2053 4868">
    <p class='ocr_par' dir='ltr' id='par_1_94' title="bbox 474 4792 2053 4868">
     <span class='ocr_line' id='line_1_94' title="bbox 474 4792 2053 4868; baseline -0.004 -15"><span class='ocrx_word' id='word_1_657' title='bbox 474 4799 631 4853; x_wconf 90' lang='lat' dir='ltr'><strong>rillus</strong></span> <span class='ocrx_word' id='word_1_658' title='bbox 654 4799 766 4868; x_wconf 89' lang='lat' dir='ltr'><strong>jam</strong></span> <span class='ocrx_word' id='word_1_659' title='bbox 794 4797 921 4851; x_wconf 90' lang='lat' dir='ltr'><strong>inde</strong></span> <span class='ocrx_word' id='word_1_660' title='bbox 946 4811 974 4849; x_wconf 83' lang='lat' dir='ltr'><strong>a</strong></span> <span class='ocrx_word' id='word_1_661' title='bbox 1000 4793 1273 4865; x_wconf 89' lang='lat' dir='ltr'><strong>principio</strong></span> <span class='ocrx_word' id='word_1_662' title='bbox 1298 4794 1549 4850; x_wconf 71' lang='lat' dir='ltr'><strong>lueresim</strong></span> <span class='ocrx_word' id='word_1_663' title='bbox 1581 4794 1788 4849; x_wconf 89' lang='lat' dir='ltr'><strong>nullam</strong></span> <span class='ocrx_word' id='word_1_664' title='bbox 1816 4792 2053 4847; x_wconf 81' lang='lat' dir='ltr'><strong>Alexan-</strong></span> 
     </span>
    </p>
   </div>
   <div class='ocr_carea' id='block_1_95' title="bbox 476 4886 2055 4957">
    <p class='ocr_par' dir='ltr' id='par_1_95' title="bbox 476 4886 2055 4957">
     <span class='ocr_line' id='line_1_95' title="bbox 476 4886 2055 4957; baseline -0.006 -12"><span class='ocrx_word' id='word_1_665' title='bbox 476 4890 611 4945; x_wconf 68' lang='lat' dir='ltr'><strong>driae</strong></span> <span class='ocrx_word' id='word_1_666' title='bbox 662 4888 877 4957; x_wconf 83' lang='lat' dir='ltr'><strong>publice</strong></span> <span class='ocrx_word' id='word_1_667' title='bbox 927 4887 1035 4943; x_wconf 85' lang='lat' dir='ltr'><strong>culi</strong></span> <span class='ocrx_word' id='word_1_668' title='bbox 1082 4902 1278 4957; x_wconf 87' lang='lat' dir='ltr'><strong>passus</strong></span> <span class='ocrx_word' id='word_1_669' title='bbox 1327 4893 1431 4943; x_wconf 81' lang='lat' dir='ltr'><strong>est.</strong></span> <span class='ocrx_word' id='word_1_670' title='bbox 1474 4886 1788 4941; x_wconf 65' lang='lat' dir='ltr'><strong>Iudaeorum</strong></span> <span class='ocrx_word' id='word_1_671' title='bbox 1835 4900 2055 4954; x_wconf 89' lang='lat' dir='ltr'><strong>quoque</strong></span> 
     </span>
    </p>
   </div>
   <div class='ocr_carea' id='block_1_96' title="bbox 475 4976 2051 5053">
    <p class='ocr_par' dir='ltr' id='par_1_96' title="bbox 475 4976 2051 5053">
     <span class='ocr_line' id='line_1_96' title="bbox 475 4976 2051 5053; baseline -0.004 -17"><span class='ocrx_word' id='word_1_672' title='bbox 475 4993 693 5053; x_wconf 78' lang='lat' dir='ltr'><strong>gentem</strong></span> <span class='ocrx_word' id='word_1_673' title='bbox 747 4980 877 5035; x_wconf 88' lang='lat' dir='ltr'><strong>inde</strong></span> <span class='ocrx_word' id='word_1_674' title='bbox 924 4979 996 5033; x_wconf 90' lang='lat' dir='ltr'><strong>ob</strong></span> <span class='ocrx_word' id='word_1_675' title='bbox 1058 4979 1331 5050; x_wconf 89' lang='lat' dir='ltr'><strong>ejusmodi</strong></span> <span class='ocrx_word' id='word_1_676' title='bbox 1380 4993 1604 5033; x_wconf 86' lang='lat' dir='ltr'><strong>causam</strong></span> <span class='ocrx_word' id='word_1_677' title='bbox 1655 4978 1855 5047; x_wconf 76' lang='lat' dir='ltr'><strong>exegit.</strong></span> <span class='ocrx_word' id='word_1_678' title='bbox 1915 4976 2051 5032; x_wconf 86' lang='lat' dir='ltr'><strong>Cum</strong></span> 
     </span>
    </p>
   </div>
   <div class='ocr_carea' id='block_1_97' title="bbox 475 5069 2052 5143">
    <p class='ocr_par' dir='ltr' id='par_1_97' title="bbox 475 5069 2052 5143">
     <span class='ocr_line' id='line_1_97' title="bbox 475 5069 2052 5143; baseline -0.004 -16"><span class='ocrx_word' id='word_1_679' title='bbox 475 5074 674 5143; x_wconf 84' lang='lat' dir='ltr'><strong>vulgus</strong></span> <span class='ocrx_word' id='word_1_680' title='bbox 707 5087 893 5136; x_wconf 88' lang='lat' dir='ltr'><strong>omne,</strong></span> <span class='ocrx_word' id='word_1_681' title='bbox 927 5072 1065 5126; x_wconf 91' lang='lat' dir='ltr'><strong>utin</strong></span> <span class='ocrx_word' id='word_1_682' title='bbox 1098 5087 1316 5127; x_wconf 87' lang='lat' dir='ltr'><strong>summa</strong></span> <span class='ocrx_word' id='word_1_683' title='bbox 1341 5070 1546 5135; x_wconf 88' lang='lat' dir='ltr'><strong>dicam,</strong></span> <span class='ocrx_word' id='word_1_684' title='bbox 1582 5069 1907 5125; x_wconf 86' lang='lat' dir='ltr'><strong>seditiosum</strong></span> <span class='ocrx_word' id='word_1_685' title='bbox 1948 5081 2052 5131; x_wconf 83' lang='lat' dir='ltr'><strong>est,</strong></span> 
     </span>
    </p>
   </div>
   <div class='ocr_carea' id='block_1_98' title="bbox 474 5162 2052 5234">
    <p class='ocr_par' dir='ltr' id='par_1_98' title="bbox 474 5162 2052 5234">
     <span class='ocr_line' id='line_1_98' title="bbox 474 5162 2052 5234; baseline -0.004 -13"><span class='ocrx_word' id='word_1_686' title='bbox 474 5167 851 5234; x_wconf 77' lang='lat' dir='ltr'><strong>facillimeque</strong></span> <span class='ocrx_word' id='word_1_687' title='bbox 910 5165 976 5218; x_wconf 86' lang='lat' dir='ltr'><strong>ad</strong></span> <span class='ocrx_word' id='word_1_688' title='bbox 1040 5165 1312 5220; x_wconf 83' lang='lat' dir='ltr'><strong>tumultus</strong></span> <span class='ocrx_word' id='word_1_689' title='bbox 1369 5162 1600 5218; x_wconf 88' lang='lat' dir='ltr'><strong>bellicos</strong></span> <span class='ocrx_word' id='word_1_690' title='bbox 1656 5170 2052 5232; x_wconf 80' lang='lat' dir='ltr'><strong>permovetur:</strong></span> 
     </span>
    </p>
   </div>
   <div class='ocr_carea' id='block_1_99' title="bbox 476 5253 2056 5326">
    <p class='ocr_par' dir='ltr' id='par_1_99' title="bbox 476 5253 2056 5326">
     <span class='ocr_line' id='line_1_99' title="bbox 476 5253 2056 5326; baseline -0.003 -16"><span class='ocrx_word' id='word_1_691' title='bbox 476 5268 593 5311; x_wconf 74' lang='lat' dir='ltr'><strong>tum</strong></span> <span class='ocrx_word' id='word_1_692' title='bbox 629 5255 1033 5311; x_wconf 82' lang='lat' dir='ltr'><strong>Alexandrinus</strong></span> <span class='ocrx_word' id='word_1_693' title='bbox 1068 5256 1307 5326; x_wconf 90' lang='lat' dir='ltr'><strong>populus</strong></span> <span class='ocrx_word' id='word_1_694' title='bbox 1342 5255 1425 5308; x_wconf 88' lang='lat' dir='ltr'><strong>eis</strong></span> <span class='ocrx_word' id='word_1_695' title='bbox 1465 5253 1702 5308; x_wconf 79' lang='lat' dir='ltr'><strong>maxime</strong></span> <span class='ocrx_word' id='word_1_696' title='bbox 1733 5253 1964 5324; x_wconf 78' lang='lat' dir='ltr'><strong>gaudet,</strong></span> <span class='ocrx_word' id='word_1_697' title='bbox 2000 5262 2056 5307; x_wconf 88' lang='lat' dir='ltr'><strong>et</strong></span> 
     </span>
    </p>
   </div>
   <div class='ocr_carea' id='block_1_100' title="bbox 480 5344 2057 5419">
    <p class='ocr_par' dir='ltr' id='par_1_100' title="bbox 480 5344 2057 5419">
     <span class='ocr_line' id='line_1_100' title="bbox 480 5344 2057 5419; baseline -0.004 -16"><span class='ocrx_word' id='word_1_698' title='bbox 480 5348 738 5419; x_wconf 84' lang='lat' dir='ltr'><strong>proclivis</strong></span> <span class='ocrx_word' id='word_1_699' title='bbox 760 5349 828 5403; x_wconf 89' lang='lat' dir='ltr'><strong>ad</strong></span> <span class='ocrx_word' id='word_1_700' title='bbox 859 5348 1050 5403; x_wconf 88' lang='lat' dir='ltr'><strong>turbas</strong></span> <span class='ocrx_word' id='word_1_701' title='bbox 1075 5356 1196 5403; x_wconf 88' lang='lat' dir='ltr'><strong>est:</strong></span> <span class='ocrx_word' id='word_1_702' title='bbox 1223 5362 1287 5400; x_wconf 88' lang='lat' dir='ltr'><strong>ac</strong></span> <span class='ocrx_word' id='word_1_703' title='bbox 1311 5346 1356 5401; x_wconf 92' lang='lat' dir='ltr'><strong>si</strong></span> <span class='ocrx_word' id='word_1_704' title='bbox 1382 5344 1637 5415; x_wconf 79' lang='lat' dir='ltr'><strong>exiguam</strong></span> <span class='ocrx_word' id='word_1_705' title='bbox 1668 5345 1863 5400; x_wconf 86' lang='lat' dir='ltr'><strong>saltem</strong></span> <span class='ocrx_word' id='word_1_706' title='bbox 1896 5350 2057 5398; x_wconf 84' lang='lat' dir='ltr'><strong>occa-</strong></span> 
     </span>
    </p>
   </div>
   <div class='ocr_carea' id='block_1_101' title="bbox 478 5437 2055 5511">
    <p class='ocr_par' dir='ltr' id='par_1_101' title="bbox 478 5437 2055 5511">
     <span class='ocr_line' id='line_1_101' title="bbox 478 5437 2055 5511; baseline -0.001 -17"><span class='ocrx_word' id='word_1_707' title='bbox 478 5439 689 5495; x_wconf 78' lang='lat' dir='ltr'><strong>sionem</strong></span> <span class='ocrx_word' id='word_1_708' title='bbox 722 5441 1041 5511; x_wconf 89' lang='lat' dir='ltr'><strong>arripuerit,</strong></span> <span class='ocrx_word' id='word_1_709' title='bbox 1073 5439 1222 5493; x_wconf 91' lang='lat' dir='ltr'><strong>illico</strong></span> <span class='ocrx_word' id='word_1_710' title='bbox 1250 5437 1570 5492; x_wconf 87' lang='lat' dir='ltr'><strong>accenditur</strong></span> <span class='ocrx_word' id='word_1_711' title='bbox 1597 5456 1610 5492; x_wconf 91' lang='lat'><strong>:</strong></span> <span class='ocrx_word' id='word_1_712' title='bbox 1643 5453 1745 5494; x_wconf 83' lang='lat' dir='ltr'><strong>nec</strong></span> <span class='ocrx_word' id='word_1_713' title='bbox 1770 5438 1924 5509; x_wconf 85' lang='lat' dir='ltr'><strong>prius</strong></span> <span class='ocrx_word' id='word_1_714' title='bbox 1958 5439 2055 5493; x_wconf 84' lang='lat' dir='ltr'><strong>ab-</strong></span> 
     </span>
    </p>
   </div>
   <div class='ocr_carea' id='block_1_102' title="bbox 482 5526 2051 5599">
    <p class='ocr_par' dir='ltr' id='par_1_102' title="bbox 482 5526 2051 5599">
     <span class='ocr_line' id='line_1_102' title="bbox 482 5526 2051 5599; baseline -0.001 -15"><span class='ocrx_word' id='word_1_715' title='bbox 482 5530 659 5596; x_wconf 85' lang='lat' dir='ltr'><strong>sistit,</strong></span> <span class='ocrx_word' id='word_1_716' title='bbox 695 5546 859 5599; x_wconf 90' lang='lat' dir='ltr'><strong>quam</strong></span> <span class='ocrx_word' id='word_1_717' title='bbox 893 5527 1262 5583; x_wconf 87' lang='lat' dir='ltr'><strong>intolerabilia</strong></span> <span class='ocrx_word' id='word_1_718' title='bbox 1296 5526 1566 5585; x_wconf 82' lang='lat' dir='ltr'><strong>deciderit</strong></span> <span class='ocrx_word' id='word_1_719' title='bbox 1597 5531 1736 5593; x_wconf 87' lang='lat' dir='ltr'><strong>mala</strong></span> <span class='ocrx_word' id='word_1_720' title='bbox 1765 5547 1778 5583; x_wconf 84' lang='lat'><strong>:</strong></span> <span class='ocrx_word' id='word_1_721' title='bbox 1821 5540 1876 5584; x_wconf 92' lang='lat' dir='ltr'><strong>et</strong></span> <span class='ocrx_word' id='word_1_722' title='bbox 1913 5530 2051 5584; x_wconf 88' lang='lat' dir='ltr'><strong>citra</strong></span> 
     </span>
    </p>
   </div>
   <div class='ocr_carea' id='block_1_103' title="bbox 481 5620 2049 5694">
    <p class='ocr_par' dir='ltr' id='par_1_103' title="bbox 481 5620 2049 5694">
     <span class='ocr_line' id='line_1_103' title="bbox 481 5620 2049 5694; baseline 0.001 -18"><span class='ocrx_word' id='word_1_723' title='bbox 481 5624 801 5693; x_wconf 77' lang='lat' dir='ltr'><strong>sanguinem</strong></span> <span class='ocrx_word' id='word_1_724' title='bbox 834 5622 1013 5677; x_wconf 87' lang='lat' dir='ltr'><strong>fusum</strong></span> <span class='ocrx_word' id='word_1_725' title='bbox 1047 5637 1154 5675; x_wconf 90' lang='lat' dir='ltr'><strong>non</strong></span> <span class='ocrx_word' id='word_1_726' title='bbox 1184 5620 1345 5676; x_wconf 81' lang='lat' dir='ltr'><strong>facile</strong></span> <span class='ocrx_word' id='word_1_727' title='bbox 1377 5621 1559 5676; x_wconf 90' lang='lat' dir='ltr'><strong>dirimi</strong></span> <span class='ocrx_word' id='word_1_728' title='bbox 1597 5632 1762 5693; x_wconf 89' lang='lat' dir='ltr'><strong>atque</strong></span> <span class='ocrx_word' id='word_1_729' title='bbox 1792 5625 2049 5694; x_wconf 89' lang='lat' dir='ltr'><strong>componi</strong></span> 
     </span>
    </p>
   </div>
   <div class='ocr_carea' id='block_1_104' title="bbox 556 5800 2059 5871">
    <p class='ocr_par' dir='ltr' id='par_1_104' title="bbox 556 5800 2059 5871">
     <span class='ocr_line' id='line_1_104' title="bbox 556 5800 2059 5871; baseline 0.001 -16"><span class='ocrx_word' id='word_1_730' title='bbox 556 5803 633 5871; x_wconf 85' lang='lat' dir='ltr'><strong>(t)</strong></span> <span class='ocrx_word' id='word_1_731' title='bbox 680 5800 997 5856; x_wconf 71' lang='lat' dir='ltr'><strong>Secundum</strong></span> <span class='ocrx_word' id='word_1_732' title='bbox 1032 5800 1324 5870; x_wconf 78' lang='lat' dir='ltr'><strong>Origenem</strong></span> <span class='ocrx_word' id='word_1_733' title='bbox 1372 5801 1541 5857; x_wconf 85' lang='lat' dir='ltr'><strong>Filius</strong></span> <span class='ocrx_word' id='word_1_734' title='bbox 1582 5802 1725 5857; x_wconf 78' lang='lat' dir='ltr'><strong>Patri</strong></span> <span class='ocrx_word' id='word_1_735' title='bbox 1768 5802 2059 5866; x_wconf 80' lang='grc' dir='ltr'>συναῖδιος.</span> 
     </span>
    </p>
   </div>
   <div class='ocr_carea' id='block_1_105' title="bbox 2163 4602 3728 4677">
    <p class='ocr_par' dir='ltr' id='par_1_105' title="bbox 2163 4602 3728 4677">
     <span class='ocr_line' id='line_1_105' title="bbox 2163 4602 3728 4677; baseline -0.005 -18"><span class='ocrx_word' id='word_1_736' title='bbox 2163 4606 2404 4676; x_wconf 78' lang='grc' dir='ltr'>νημένης</span> <span class='ocrx_word' id='word_1_737' title='bbox 2434 4605 2639 4668; x_wconf 86' lang='grc' dir='ltr'>αίτίας.</span> <span class='ocrx_word' id='word_1_738' title='bbox 2674 4606 2787 4659; x_wconf 78' lang='grc' dir='ltr'><strong>Καὶ</strong></span> <span class='ocrx_word' id='word_1_739' title='bbox 2818 4607 2927 4668; x_wconf 82' lang='grc' dir='ltr'>πᾶς</span> <span class='ocrx_word' id='word_1_740' title='bbox 2961 4608 3060 4676; x_wconf 86' lang='grc' dir='ltr'>μὲν</span> <span class='ocrx_word' id='word_1_741' title='bbox 3091 4606 3291 4677; x_wconf 81' lang='grc' dir='ltr'>δῆμος,</span> <span class='ocrx_word' id='word_1_742' title='bbox 3323 4607 3396 4671; x_wconf 84' lang='grc' dir='ltr'><strong>ὡς</strong></span> <span class='ocrx_word' id='word_1_743' title='bbox 3429 4604 3628 4660; x_wconf 80' lang='grc' dir='ltr'>ἐπίπαν</span> <span class='ocrx_word' id='word_1_744' title='bbox 3658 4602 3728 4653; x_wconf 86' lang='grc' dir='ltr'>εί-</span> 
     </span>
    </p>
   </div>
   <div class='ocr_carea' id='block_1_106' title="bbox 2164 4697 3722 4772">
    <p class='ocr_par' dir='ltr' id='par_1_106' title="bbox 2164 4697 3722 4772">
     <span class='ocr_line' id='line_1_106' title="bbox 2164 4697 3722 4772; baseline 0.003 -20"><span class='ocrx_word' id='word_1_745' title='bbox 2164 4699 2309 4763; x_wconf 66' lang='grc' dir='ltr'>πεῖν,</span> <span class='ocrx_word' id='word_1_746' title='bbox 2331 4697 2629 4768; x_wconf 76' lang='grc' dir='ltr'>στασιώδης</span> <span class='ocrx_word' id='word_1_747' title='bbox 2656 4701 2754 4751; x_wconf 77' lang='grc' dir='ltr'>καὶ</span> <span class='ocrx_word' id='word_1_748' title='bbox 2777 4701 2915 4770; x_wconf 76' lang='grc' dir='ltr'>πρὸς</span> <span class='ocrx_word' id='word_1_749' title='bbox 2939 4699 3123 4771; x_wconf 86' lang='grc' dir='ltr'>μάχην</span> <span class='ocrx_word' id='word_1_750' title='bbox 3145 4703 3320 4772; x_wconf 77' lang='grc' dir='ltr'>ῥᾷστα</span> <span class='ocrx_word' id='word_1_751' title='bbox 3342 4698 3692 4769; x_wconf 76' lang='grc' dir='ltr'>κεκινημένος</span> <span class='ocrx_word' id='word_1_752' title='bbox 3708 4706 3722 4721; x_wconf 91' lang='grc'><strong>⁹</strong></span> 
     </span>
    </p>
   </div>
   <div class='ocr_carea' id='block_1_107' title="bbox 2165 4788 3723 4863">
    <p class='ocr_par' dir='ltr' id='par_1_107' title="bbox 2165 4788 3723 4863">
     <span class='ocr_line' id='line_1_107' title="bbox 2165 4788 3723 4863; baseline -0.003 -20"><span class='ocrx_word' id='word_1_753' title='bbox 2165 4788 2349 4860; x_wconf 81' lang='grc' dir='ltr'>πολλῷ</span> <span class='ocrx_word' id='word_1_754' title='bbox 2394 4790 2452 4843; x_wconf 82' lang='grc' dir='ltr'>δὲ</span> <span class='ocrx_word' id='word_1_755' title='bbox 2494 4790 2693 4860; x_wconf 79' lang='grc' dir='ltr'>μᾶλλον</span> <span class='ocrx_word' id='word_1_756' title='bbox 2732 4791 2761 4843; x_wconf 86' lang='grc' dir='ltr'>ὁ</span> <span class='ocrx_word' id='word_1_757' title='bbox 2797 4793 2898 4862; x_wconf 78' lang='grc' dir='ltr'>τῆς</span> <span class='ocrx_word' id='word_1_758' title='bbox 2932 4791 3284 4863; x_wconf 81' lang='grc' dir='ltr'>Ἀλεξάνδρου</span> <span class='ocrx_word' id='word_1_759' title='bbox 3325 4796 3440 4856; x_wconf 81' lang='grc' dir='ltr'>τοῖς</span> <span class='ocrx_word' id='word_1_760' title='bbox 3476 4788 3723 4846; x_wconf 82' lang='grc' dir='ltr'>τοιούτοις</span> 
     </span>
    </p>
   </div>
   <div class='ocr_carea' id='block_1_108' title="bbox 2169 4877 3724 4957">
    <p class='ocr_par' dir='ltr' id='par_1_108' title="bbox 2169 4877 3724 4957">
     <span class='ocr_line' id='line_1_108' title="bbox 2169 4877 3724 4957; baseline -0.003 -22"><span class='ocrx_word' id='word_1_761' title='bbox 2169 4882 2405 4953; x_wconf 84' lang='grc' dir='ltr'>μάλιστα</span> <span class='ocrx_word' id='word_1_762' title='bbox 2436 4883 2639 4954; x_wconf 88' lang='grc' dir='ltr'>χαίρει,</span> <span class='ocrx_word' id='word_1_763' title='bbox 2671 4884 2768 4938; x_wconf 67' lang='grc' dir='ltr'><strong>καὶ</strong></span> <span class='ocrx_word' id='word_1_764' title='bbox 2799 4884 3028 4954; x_wconf 82' lang='grc' dir='ltr'>ἑτοίμως</span> <span class='ocrx_word' id='word_1_765' title='bbox 3057 4885 3171 4956; x_wconf 74' lang='grc' dir='ltr'>ἔχει</span> <span class='ocrx_word' id='word_1_766' title='bbox 3205 4887 3338 4957; x_wconf 67' lang='grc' dir='ltr'>πρὸς</span> <span class='ocrx_word' id='word_1_767' title='bbox 3365 4883 3557 4939; x_wconf 81' lang='grc' dir='ltr'>ταῦτα.</span> <span class='ocrx_word' id='word_1_768' title='bbox 3588 4882 3648 4935; x_wconf 88' lang='grc' dir='ltr'>Εί</span> <span class='ocrx_word' id='word_1_769' title='bbox 3674 4877 3724 4931; x_wconf 77' lang='grc' dir='ltr'>δὲ</span> 
     </span>
    </p>
   </div>
   <div class='ocr_carea' id='block_1_109' title="bbox 2161 4968 3723 5048">
    <p class='ocr_par' dir='ltr' id='par_1_109' title="bbox 2161 4968 3723 5048">
     <span class='ocr_line' id='line_1_109' title="bbox 2161 4968 3723 5048; baseline -0.003 -20"><span class='ocrx_word' id='word_1_770' title='bbox 2161 4977 2256 5029; x_wconf 74' lang='grc' dir='ltr'>καὶ</span> <span class='ocrx_word' id='word_1_771' title='bbox 2289 4978 2534 5047; x_wconf 80' lang='grc' dir='ltr'>σμικρᾶς</span> <span class='ocrx_word' id='word_1_772' title='bbox 2564 4994 2709 5039; x_wconf 77' lang='grc' dir='ltr'>τινος</span> <span class='ocrx_word' id='word_1_773' title='bbox 2737 4977 3000 5048; x_wconf 80' lang='grc' dir='ltr'>ἀφορμῆς</span> <span class='ocrx_word' id='word_1_774' title='bbox 3028 4978 3344 5032; x_wconf 75' lang='grc' dir='ltr'>ἐπιλάϐοιτο</span> <span class='ocrx_word' id='word_1_775' title='bbox 3364 5018 3379 5043; x_wconf 90' lang='grc'><strong>,</strong></span> <span class='ocrx_word' id='word_1_776' title='bbox 3413 4978 3574 5038; x_wconf 71' lang='grc' dir='ltr'>εὐθὺς</span> <span class='ocrx_word' id='word_1_777' title='bbox 3603 4968 3723 5025; x_wconf 83' lang='grc' dir='ltr'>ἀνά·</span> 
     </span>
    </p>
   </div>
   <div class='ocr_carea' id='block_1_110' title="bbox 2160 5064 3723 5143">
    <p class='ocr_par' dir='ltr' id='par_1_110' title="bbox 2160 5064 3723 5143">
     <span class='ocr_line' id='line_1_110' title="bbox 2160 5064 3723 5143; baseline 0.002 -23"><span class='ocrx_word' id='word_1_778' title='bbox 2160 5086 2395 5124; x_wconf 82' lang='grc' dir='ltr'>πτεται·</span> <span class='ocrx_word' id='word_1_779' title='bbox 2440 5070 2536 5124; x_wconf 76' lang='grc' dir='ltr'>καὶ</span> <span class='ocrx_word' id='word_1_780' title='bbox 2578 5071 2681 5124; x_wconf 83' lang='grc' dir='ltr'>οὐκ</span> <span class='ocrx_word' id='word_1_781' title='bbox 2725 5071 2792 5125; x_wconf 88' lang='grc' dir='ltr'>ἂν</span> <span class='ocrx_word' id='word_1_782' title='bbox 2837 5072 3105 5142; x_wconf 76' lang='grc' dir='ltr'>πρότερον</span> <span class='ocrx_word' id='word_1_783' title='bbox 3151 5073 3442 5143; x_wconf 82' lang='grc' dir='ltr'>ἀποσταίη,</span> <span class='ocrx_word' id='word_1_784' title='bbox 3485 5069 3611 5137; x_wconf 75' lang='grc' dir='ltr'>πρὶν</span> <span class='ocrx_word' id='word_1_785' title='bbox 3648 5064 3723 5123; x_wconf 79' lang='grc' dir='ltr'>εἰς</span> 
     </span>
    </p>
   </div>
   <div class='ocr_carea' id='block_1_111' title="bbox 2160 5156 3721 5235">
    <p class='ocr_par' dir='ltr' id='par_1_111' title="bbox 2160 5156 3721 5235">
     <span class='ocr_line' id='line_1_111' title="bbox 2160 5156 3721 5235; baseline 0.001 -22"><span class='ocrx_word' id='word_1_786' title='bbox 2160 5161 2413 5231; x_wconf 79' lang='grc' dir='ltr'>ἀφόρητα</span> <span class='ocrx_word' id='word_1_787' title='bbox 2444 5162 2839 5233; x_wconf 80' lang='grc' dir='ltr'>περιελαοῆναι</span> <span class='ocrx_word' id='word_1_788' title='bbox 2871 5164 3020 5217; x_wconf 74' lang='grc' dir='ltr'>κακά</span> <span class='ocrx_word' id='word_1_789' title='bbox 3047 5180 3060 5193; x_wconf 88' lang='grc'><em>’</em></span> <span class='ocrx_word' id='word_1_790' title='bbox 3094 5165 3191 5219; x_wconf 74' lang='grc' dir='ltr'>καὶ</span> <span class='ocrx_word' id='word_1_791' title='bbox 3217 5168 3347 5221; x_wconf 77' lang='grc' dir='ltr'>ἄνευ</span> <span class='ocrx_word' id='word_1_792' title='bbox 3379 5167 3601 5235; x_wconf 75' lang='grc' dir='ltr'>αἵματος</span> <span class='ocrx_word' id='word_1_793' title='bbox 3629 5156 3721 5210; x_wconf 78' lang='grc' dir='ltr'>οὐκ</span> 
     </span>
    </p>
   </div>
   <div class='ocr_carea' id='block_1_112' title="bbox 2162 5248 3718 5329">
    <p class='ocr_par' dir='ltr' id='par_1_112' title="bbox 2162 5248 3718 5329">
     <span class='ocr_line' id='line_1_112' title="bbox 2162 5248 3718 5329; baseline -0.005 -20"><span class='ocrx_word' id='word_1_794' title='bbox 2162 5253 2229 5309; x_wconf 82' lang='grc' dir='ltr'>ἂν</span> <span class='ocrx_word' id='word_1_795' title='bbox 2266 5255 2464 5326; x_wconf 72' lang='grc' dir='ltr'>ῥᾳδίως</span> <span class='ocrx_word' id='word_1_796' title='bbox 2505 5256 2839 5328; x_wconf 80' lang='grc' dir='ltr'>διακριθείη.</span> <span class='ocrx_word' id='word_1_797' title='bbox 2883 5257 3207 5323; x_wconf 78' lang='grc' dir='ltr'>Ἐστασίαζε</span> <span class='ocrx_word' id='word_1_798' title='bbox 3252 5261 3350 5329; x_wconf 81' lang='grc' dir='ltr'>μὲν</span> <span class='ocrx_word' id='word_1_799' title='bbox 3385 5258 3474 5314; x_wconf 78' lang='grc' dir='ltr'>οὖν</span> <span class='ocrx_word' id='word_1_800' title='bbox 3509 5253 3633 5309; x_wconf 79' lang='grc' dir='ltr'>αὐτὸ</span> <span class='ocrx_word' id='word_1_801' title='bbox 3662 5248 3718 5301; x_wconf 81' lang='grc' dir='ltr'>τὸ</span> 
     </span>
    </p>
   </div>
   <div class='ocr_carea' id='block_1_113' title="bbox 2164 5341 3714 5423">
    <p class='ocr_par' dir='ltr' id='par_1_113' title="bbox 2164 5341 3714 5423">
     <span class='ocr_line' id='line_1_113' title="bbox 2164 5341 3714 5423; baseline -0.001 -23"><span class='ocrx_word' id='word_1_802' title='bbox 2164 5345 2370 5415; x_wconf 74' lang='grc' dir='ltr'>πλῆθος</span> <span class='ocrx_word' id='word_1_803' title='bbox 2403 5348 2541 5423; x_wconf 61' lang='grc' dir='ltr'>πρὸς</span> <span class='ocrx_word' id='word_1_804' title='bbox 2571 5349 2732 5402; x_wconf 80' lang='grc' dir='ltr'>ἑαυτὸ</span> <span class='ocrx_word' id='word_1_805' title='bbox 2761 5351 2821 5404; x_wconf 85' lang='grc' dir='ltr'>οὐ</span> <span class='ocrx_word' id='word_1_806' title='bbox 2849 5350 2936 5405; x_wconf 88' lang='grc' dir='ltr'><strong>διά</strong></span> <span class='ocrx_word' id='word_1_807' title='bbox 2964 5368 3016 5405; x_wconf 91' lang='grc' dir='ltr'><strong>τι</strong></span> <span class='ocrx_word' id='word_1_808' title='bbox 3047 5351 3377 5422; x_wconf 85' lang='grc' dir='ltr'>ἐπάναγκες,</span> <span class='ocrx_word' id='word_1_809' title='bbox 3404 5349 3534 5406; x_wconf 68' lang='grc' dir='ltr'>ἀλλὰ</span> <span class='ocrx_word' id='word_1_810' title='bbox 3559 5345 3640 5400; x_wconf 79' lang='grc' dir='ltr'>διὰ</span> <span class='ocrx_word' id='word_1_811' title='bbox 3662 5341 3714 5394; x_wconf 82' lang='grc' dir='ltr'>τὸ</span> 
     </span>
    </p>
   </div>
   <div class='ocr_carea' id='block_1_114' title="bbox 2163 5434 3708 5516">
    <p class='ocr_par' dir='ltr' id='par_1_114' title="bbox 2163 5434 3708 5516">
     <span class='ocr_line' id='line_1_114' title="bbox 2163 5434 3708 5516; baseline -0.001 -26"><span class='ocrx_word' id='word_1_812' title='bbox 2163 5437 2469 5508; x_wconf 79' lang='grc' dir='ltr'>τηνικαῦτα</span> <span class='ocrx_word' id='word_1_813' title='bbox 2498 5440 2685 5511; x_wconf 85' lang='grc' dir='ltr'>σχεδὸν</span> <span class='ocrx_word' id='word_1_814' title='bbox 2715 5443 2865 5516; x_wconf 80' lang='grc' dir='ltr'>πάσῃ</span> <span class='ocrx_word' id='word_1_815' title='bbox 2894 5443 3045 5497; x_wconf 87' lang='grc' dir='ltr'>πόλει</span> <span class='ocrx_word' id='word_1_816' title='bbox 3076 5445 3415 5501; x_wconf 77' lang='grc' dir='ltr'>ἐπιπολάσαν</span> <span class='ocrx_word' id='word_1_817' title='bbox 3440 5441 3617 5496; x_wconf 76' lang='grc' dir='ltr'>κακόν.</span> <span class='ocrx_word' id='word_1_818' title='bbox 3642 5434 3708 5488; x_wconf 81' lang='grc' dir='ltr'><strong>Τὸ</strong></span> 
     </span>
    </p>
   </div>
   <div class='ocr_carea' id='block_1_115' title="bbox 2163 5526 3711 5609">
    <p class='ocr_par' dir='ltr' id='par_1_115' title="bbox 2163 5526 3711 5609">
     <span class='ocr_line' id='line_1_115' title="bbox 2163 5526 3711 5609; baseline -0.001 -23"><span class='ocrx_word' id='word_1_819' title='bbox 2163 5532 2218 5586; x_wconf 84' lang='grc' dir='ltr'>δὲ</span> <span class='ocrx_word' id='word_1_820' title='bbox 2250 5528 2349 5604; x_wconf 83' lang='grc' dir='ltr'>ἦν,</span> <span class='ocrx_word' id='word_1_821' title='bbox 2384 5533 2545 5588; x_wconf 81' lang='grc' dir='ltr'>πάντ’</span> <span class='ocrx_word' id='word_1_822' title='bbox 2570 5535 2911 5604; x_wconf 81' lang='grc' dir='ltr'>ἀφεμένους,</span> <span class='ocrx_word' id='word_1_823' title='bbox 2946 5538 3127 5591; x_wconf 80' lang='grc' dir='ltr'>πᾶσαν</span> <span class='ocrx_word' id='word_1_824' title='bbox 3158 5541 3288 5609; x_wconf 79' lang='grc' dir='ltr'>περὶ</span> <span class='ocrx_word' id='word_1_825' title='bbox 3315 5538 3437 5601; x_wconf 83' lang='grc' dir='ltr'>τοὺς</span> <span class='ocrx_word' id='word_1_826' title='bbox 3464 5526 3711 5607; x_wconf 76' lang='grc' dir='ltr'>ὀρχηστὰς</span> 
     </span>
    </p>
   </div>
   <div class='ocr_carea' id='block_1_116' title="bbox 2165 5613 3710 5701">
    <p class='ocr_par' dir='ltr' id='par_1_116' title="bbox 2165 5613 3710 5701">
     <span class='ocr_line' id='line_1_116' title="bbox 2165 5613 3710 5701; baseline -0.001 -22"><span class='ocrx_word' id='word_1_827' title='bbox 2165 5625 2437 5683; x_wconf 82' lang='grc' dir='ltr'>ποιεῖσθαι</span> <span class='ocrx_word' id='word_1_828' title='bbox 2478 5628 2739 5700; x_wconf 71' lang='grc' dir='ltr'>σπουδήν.</span> <span class='ocrx_word' id='word_1_829' title='bbox 2780 5628 2903 5685; x_wconf 83' lang='grc' dir='ltr'><strong>Ἐπὶ</strong></span> <span class='ocrx_word' id='word_1_830' title='bbox 2943 5631 3127 5701; x_wconf 84' lang='grc' dir='ltr'>μέντοι</span> <span class='ocrx_word' id='word_1_831' title='bbox 3166 5630 3425 5701; x_wconf 76' lang='grc' dir='ltr'>Σαϐϐάτῳ</span> <span class='ocrx_word' id='word_1_832' title='bbox 3460 5625 3629 5695; x_wconf 64' lang='grc' dir='ltr'>πλεῖον</span> <span class='ocrx_word' id='word_1_833' title='bbox 3656 5613 3710 5669; x_wconf 75' lang='grc' dir='ltr'>ἐδ</span> 
     </span>
    </p>
   </div>
  </div>
