4044 6512
465 391 600 465 1101

1353 382 1949 475 ECCLESIASTlC/E
1984 379 2373 456 utsTonLe
2414 383 2558 456 'LtB.
2598 381 2750 457 xiv.

3567 397 3585 455 l
3602 392 3621 457 l
3638 397 3700 456 1‘12

457 513 689 583 θέατρον
734 514 846 575 τοῖς
895 514 1192 584 ὀρχησταῖς
1242 517 1613 585 συνηγείρετο,
1666 514 1761 567 ἆτε
1807 514 1870 582 δὴ
1919 513 2024 565 τῶν

2130 522 2338 567 motum
2371 513 2594 580 patitur.
2637 505 2818 582 Itaque
2863 510 3159 566 multitudo
3207 511 3526 565 tumultuari
3559 521 3700 566 inter

469 599 743 655 Ἰουδαίων
772 599 832 653 οὔ
869 600 1004 670 πρὸς
1038 601 1137 673 τὴν
1168 600 1262 654 τοῦ
1298 604 1462 672 νόμον
1497 604 1761 674 ἀκρόασιν
1793 604 1890 673 τὴν
1926 604 2023 674 ἀρ-

455 691 582 759 γίαν
614 692 1062 764 καταχρωμένων
1082 735 1097 759 ,
1130 693 1266 747 ἀλλὰ
1293 694 1354 747 τδ
1384 696 1495 757 τοῖς
1531 695 1779 764 θεάτροις
1820 695 2022 764 μᾶλλον

456 784 888 855 ἐνασχολεῖσθαι.
923 785 1023 839 Διά
1051 803 1133 839 τοι
1161 785 1321 839 τοῦτο
1350 786 1446 840 καὶ
1474 786 1747 857 ἐπίμαχος
1776 788 1808 857 ἡ
1842 788 2023 857 ἡμέρα

457 873 596 944 αῦτη
624 877 737 936 τοῖς
765 874 860 928 τοῦ
894 875 1069 946 δήμου
1106 877 1404 930 καθίστατο
1439 877 1672 947 μέρεσι·
1709 877 1804 930 καὶ
1832 877 2022 929 τούτου

457 967 621 1039 χάριν
657 967 760 1019 ὑπὸ
794 966 888 1020 τοῦ
924 967 1025 1038 τῆς
1058 968 1463 1039 Ἀλεξανδρείας
1501 969 1743 1038 ἐπάρχου
1781 970 1840 1021 ἐν
1876 968 2024 1033 τάξει

460 1059 867 1123 καταστάντος,
917 1060 967 1113 οί
1005 1060 1244 1114 Ἰουδαῖοι
1295 1061 1445 1113 οὐδὲν
1494 1056 1655 1132 ἦττον
1705 1060 2024 1125 ἐπέκειντο,

461 1148 672 1221 θατέρῳ
706 1150 815 1203 τῶν
850 1150 1036 1220 μερῶν
1065 1151 1255 1221 ὥσπερ
1292 1150 1740 1213 άντιπαθοῦντος.
1771 1150 1886 1202 Ἀεὶ
1927 1150 2028 1220 μὲν

459 1237 553 1295 οῦν
580 1241 836 1310 πολέμιον
865 1241 1022 1295 τοῦτο
1050 1241 1110 1295 τὺ
1140 1242 1306 1309 φῦλον
1336 1243 1680 1311 Χριστιανοῖς
1699 1280 1715 1304 ,
1749 1240 1844 1294 καὶ
1873 1241 2029 1293 εὐσε-

460 1331 573 1384 ϐεῖν
601 1332 1097 1401 ἀναπεπεισμένον,
1128 1331 1196 1401 ἢν
1221 1333 1300 1385 ὅτι
1332 1333 1585 1386 πλεῖστον
1614 1333 1790 1386 αἴτιον
1817 1332 2028 1399 γένοιτο

460 1424 626 1477 κακόν
652 1436 705 1476 τι
737 1425 970 1493 πάσχειν
1000 1425 1149 1495 ἡμᾶς
1175 1441 1188 1454 ·
1220 1425 1343 1477 τότε
1373 1424 1427 1477 δέ
1461 1426 1554 1477 καὶ
1584 1424 1785 1494 μᾶλλον
1814 1425 1903 1477 διὰ
1930 1424 2030 1492 τήν

461 1514 761 1584 εἰρημένην
799 1515 979 1567 αἰτίαν
1015 1514 1123 1567 τῶν
1158 1514 1441 1585 ὀρχηστῶν
1482 1516 1575 1567 καὶ
1613 1514 1866 1567 πλεῖστον
1910 1514 2030 1567 καθ’

464 1606 672 1660 ἐαυτῶν
707 1603 846 1676 ἦσαν
882 1605 1427 1675 ἐκπεπολεμωμένοι.
1466 1606 1577 1659 Καὶ
1614 1605 1677 1675 δή
1714 1623 1833 1658 τινα
1875 1605 2028 1660 πολι-

459 1695 605 1748 τείαν
636 1693 1065 1764 πρυτανεύοντος
1085 1692 1341 1760 Ὀρέστου
1368 1693 1461 1745 τοῦ
1491 1694 1591 1762 τῆς
1612 1694 2029 1763 Ἀλεξανδρείας

461 1786 706 1857 ἐπάρχου
737 1785 814 1854 τῷ
847 1784 1005 1853 δήμῳ
1036 1784 1217 1855 (οὕτω
1248 1785 1357 1853 γάρ
1389 1784 1581 1848 είιυθὺς
1613 1783 1904 1855 ὀνομάζειν
1934 1784 2033 1845 τὰς

2131 617 2190 657 se
2239 603 2433 671 erupit,
2481 617 2591 656 non
2639 601 2964 657 necessitate
3013 599 3272 672 quapiam
3307 601 3565 665 abducta,
3603 602 3700 656 sed

2134 703 2357 763 propter
2386 709 2729 749 communem
2753 735 2767 756 ,
2806 710 2927 764 qure
2961 702 3075 749 tum
3110 708 3303 749 omnes
3333 708 3501 763 prope
3534 696 3701 748 urbes
3766 767 3770 771 ρ

2134 784 2429 845 invaserat,
2464 786 2853 840 calamitatem.
2890 785 3117 842 Relictis
3141 787 3354 841 scilicet
3381 785 3548 841 rebus
3576 800 3699 840 om-

2137 871 2334 937 nibus,
2383 874 2623 927 studium
2675 889 2839 929 omne
2889 875 2943 929 in
3001 876 3319 930 saltatorum
3375 874 3706 945 spectaculis
3754 874 3795 964 ξ

2137 963 2437 1030 ponebant.
2465 964 2690 1020 Sabbati
2721 967 2809 1022 die
2839 967 2894 1021 in
2920 967 3135 1022 theatro
3166 966 3230 1021 ad
3262 966 3551 1022 saltatores
3579 982 3706 1037 spe-

2135 1055 2364 1111 ctandos
2386 1055 2785 1127 frequentiores
2807 1066 3177 1114 convenerant
3199 1058 3474 1124 homines,
3498 1058 3704 1115 Judzeis

2136 1144 2400 1198 nimirum
2421 1148 2534 1200 otio
2558 1161 2665 1200 non
2692 1146 2760 1201 ad
2779 1149 2953 1219 legem
2976 1149 3302 1204 audiendam
3326 1149 3705 1210 abutentibus.

2139 1232 2235 1287 sed
2260 1233 2316 1287 in
2345 1237 2654 1303 spectacula
2690 1239 2869 1306 potius
2928 1239 3397 1295 incumbentibus.
3429 1241 3600 1308 Quam
3636 1242 3707 1296 ob

2137 1336 2362 1379 causam
2393 1339 2461 1380 eo
2491 1327 2580 1382 die
2609 1329 2781 1399 major
2807 1329 2952 1383 inter
2980 1331 3163 1401 pepuli
3197 1333 3465 1389 factiones
3493 1336 3707 1390 exstitit

2140 1431 2341 1485 pugna.
2395 1417 2465 1472 Et
2508 1419 2759 1487 quamvis
2810 1420 2929 1490 ejus
2976 1420 3052 1474 rei
3104 1422 3276 1490 gratia
3326 1422 3710 1479 Alexandrina:

2143 1505 2298 1560 urbis
2350 1506 2673 1575 praefectus,
2725 1522 2852 1563 cum
2901 1510 3165 1565 instructa
3211 1512 3441 1567 cohorte
3488 1529 3585 1568 sua
3631 1514 3708 1567 ibi

2140 1597 2403 1664 adesset,
2466 1599 2827 1655 nihilominus
2871 1611 3051 1657 tamen
3099 1602 3271 1658 Judtei
3321 1603 3706 1667 imminebant,

2141 1687 2306 1742 veluti
2358 1688 2516 1744 alteri
2572 1689 2796 1746 factioni
2862 1693 3203 1749 resistentes.
3256 1694 3504 1761 Quorum
3555 1695 3709 1750 natio

2140 1794 2263 1834 cum
2316 1781 2509 1837 infesta
2545 1797 2762 1853 semper
2806 1784 3137 1840 Christianis
3165 1794 3287 1849 est,
3335 1785 3709 1856 pietatemque

460 1878 764 1947 δημοτικάς
811 1876 1255 1947 διατυπώσεις),
1302 1876 1556 1947 παρῆσαν
1596 1879 1693 1930 καὶ
1734 1879 1852 1931 ὅσοι
1899 1878 2028 1949 περὶ

2132 1884 2191 1924 se
2231 1880 2493 1940 praestare
2531 1874 2644 1928 Deo
2682 1889 3007 1943 persuasum
3048 1874 3249 1941 habet,
3281 1875 3326 1929 si
3363 1875 3710 1946 quampluri-

460 1967 551 2019 τὸν
595 1966 894 2019 ἐπίσκοπον
942 1965 1212 2037 Κύριλλον
1256 1966 1386 2035 φίλα
1429 1968 1625 2039 ἐκείνῳ
1668 1966 2031 2037 φρονοῦντες,

458 2060 560 2124 τὰς
594 2059 852 2122 τοιαύτας
890 2059 1254 2122 διατυπώσεις
1284 2060 1549 2131 ὀψόμενοι
1572 2076 1587 2092 ο
1626 2062 1684 2111 ἐν
1719 2054 1799 2124 οἷς
1837 2057 1907 2131 ἦν
1942 2059 2033 2113 καί

459 2158 543 2213 τις
580 2149 753 2220 Ἱέραξ
793 2150 988 2221 ὄνομα.
1020 2152 1117 2215 Ὃς
1161 2151 1508 2222 γραμμάτων
1546 2152 1655 2221 μέν
1695 2150 1807 2205 τῶν
1850 2151 2033 2215 πεζῶν

459 2243 779 2303 διδάσκαλος
809 2239 905 2315 ἦν,
943 2242 1192 2296 τοσοῦτον
1220 2244 1275 2298 δέ
1307 2246 1422 2306 ταῖς
1455 2242 1550 2297 τοῦ
1585 2245 1855 2315 Κυρίλλου
1886 2245 2032 2297 διδα-

462 2335 715 2399 σκαλίαις
755 2337 1052 2406 ἐξήρτητο,
1084 2335 1158 2399 ὡς
1199 2337 1363 2406 μηδὲν
1393 2337 1522 2392 ἄλλο
1556 2337 1827 2408 αἱρεῖσθαι
1866 2338 1899 2407 ἦ
1934 2337 2031 2408 τὴν

462 2428 673 2482 ἐκεῖθεν
701 2429 989 2497 ἀκρόασιν,
1020 2429 1116 2481 καὶ
1146 2428 1376 2497 κρότους
1407 2430 1643 2501 ἐγείρειν
1672 2432 1784 2493 τοῖς
1816 2430 2027 2483 ἐκείνου

461 2521 732 2589 νοήμασιν
781 2519 1153 2574 ἐπισπεύδειν.
1184 2521 1287 2574 Ὃν
1336 2520 1535 2584 ίδόντες
1577 2522 1647 2574 τὰ
1693 2521 1875 2592 πλήθη
1921 2522 2028 2576 τῶν

459 2610 754 2676 Ἰουδαίων,
796 2611 957 2675 εὐθὺς
1002 2612 1242 2682 ἐχρῶντο
1286 2611 1408 2683 βοῇ,
1444 2610 1530 2666 διά
1573 2613 1740 2682 μηδὲν
1779 2612 1910 2667 άλλο
1952 2613 2029 2686 τῷ

459 2705 673 2775 θεάτρῳ
707 2706 915 2758 ἐκεῖνον
948 2704 1286 2776 παραϐαλεῖν
1307 2745 1322 2771 ,
1356 2706 1389 2776 ἢ
1428 2705 1514 2757 ἵνα
1550 2706 1740 2758 στάσιν
1770 2704 2026 2776 ύπανάψῃ

454 2797 531 2868 τῷ
565 2800 743 2869 δήμῳ.
781 2798 838 2850 '0
873 2797 916 2851 δ’
943 2795 1180 2867 ἔπαρχος
1214 2796 1475 2868 Ὀρέστης
1497 2836 1512 2863 ,
1549 2796 1646 2849 καὶ
1677 2795 1893 2866 πρῶτον
1928 2798 2029 2865 μὲν

454 2892 553 2962 τὴν
594 2892 907 2960 παράλογον
947 2890 1056 2943 τῶν
1095 2889 1412 2943 ἐπισκόπων
1450 2889 1770 2943 δυναστείαν
1809 2888 1898 2942 διὰ
1944 2889 2029 2958 μί·-

457 2999 584 3046 σους
625 2980 811 3054 εἶχενο
856 2983 1053 3053 ὅτιπερ
1098 2982 1233 3035 πολύ
1274 3000 1329 3035 τι
1374 2980 1751 3053 παρυφέλκειν
1797 2981 2028 3054 ᾑροῦντο

454 3073 562 3125 τῶν
588 3071 693 3124 ὑπὸ
714 3072 814 3143 τὴν
841 3070 1092 3137 ἐξουσίαν
1117 3070 1315 3140 ἐκείνῳ
1340 3070 1618 3139 δημοσίων
1644 3071 1988 3143 πραγμάτων
2009 3086 2022 3099 ·

459 3162 696 3230 μάλιστα
739 3162 783 3215 δ’
808 3163 889 3214 ὅτι
931 3160 1053 3214 τότε
1096 3161 1194 3214 καὶ
1238 3160 1506 3227 Κύριλλος
1551 3161 1633 3224 είς
1675 3161 1870 3216 λεπτὸν
1912 3163 2025 3215 δια·
2057 3208 2093 3230 η

454 3253 606 3321 θρείν
636 3252 735 3315 τὰς
764 3252 861 3304 τοῦ
895 3252 1141 3323 ἐπάρχου
1172 3251 1535 3314 διατυπώσας
1566 3253 1755 3322 ᾑρεῖτο
1774 3293 1790 3318 ,
1824 3253 1917 3306 καὶ
1949 3254 2024 3316 ὡς

454 3345 519 3399 ἄν
548 3362 632 3408 τις
666 3344 800 3415 φαίη
832 3345 1313 3416 περιεργάζεσθαι.
1350 3346 1520 3410 Εὐθὺς
1550 3344 1644 3400 οῦν
1678 3346 2024 3416 ἀνάρπαστον

453 3436 551 3491 τις
583 3436 802 3506 Ἱέρακά
851 3436 1259 3506 ποιησάμενος,
1312 3437 1552 3507 πληγαῖς
1605 3434 1879 3503 ὑπέϐαλε,
1931 3439 2026 3491 καὶ

457 3529 663 3598 σφόδρα
710 3528 961 3599 ᾐκίσατο.
1000 3529 1065 3580 Ὃ
1110 3531 1274 3597 γνοὺς
1322 3531 1350 3582 ὁ
1390 3528 1674 3593 ’θειότατος
1721 3529 2023 3595 Κύριλλος,

456 3619 564 3674 τῶν
591 3622 744 3691 παρὰ
764 3618 1042 3683 Ἰουδαίοις
1067 3620 1195 3683 τοὺς
1222 3618 1473 3690 πρώτους
1504 3619 2021 3690 μεταστειλάμενος,

455 3709 691 3782 παρῄνει
725 3712 829 3766 ὅσα
862 3711 1011 3776 εἰκός
1038 3727 1052 3745 ·
1087 3712 1183 3789 κα).
1216 3711 1370 3775 τέλος
1402 3711 1673 3783 διηπείλει
1708 3711 1860 3766 δεινά
1890 3712 2026 3783 δράσ-

456 3820 606 3870 σεδν,
637 3806 687 3856 εί
723 3803 799 3875 μὴ
831 3803 1132 3858 παύσαιντο
1158 3804 1251 3857 τὸν
1278 3803 1449 3874 δῆμον
1480 3802 1866 3867 άνακινοῦντες
1889 3843 1901 3865 ,
1934 3804 2026 3856 καὶ

454 3898 598 3949 κατὰ
623 3895 734 3950 τῶν
760 3896 1109 3967 Χριστιανῶν
1133 3895 1208 3959 ὡς
1239 3895 1491 3950 πλεῖστον
1517 3894 1933 3965 διερεθίζοντες.
1964 3896 2027 3949 Oi

455 3988 510 4041 δὲ
537 3989 637 4052 τὰς
665 3988 896 4051 ἀπειλὰς
914 3987 1310 4051 ’διακούσαντες
1328 4028 1344 4056 ,
1376 3988 1576 4058 μᾶλλον
1604 3986 1990 4058 άνηρεθίζοντο
2009 4026 2024 4050 ,

455 4080 551 4134 καὶ
587 4080 682 4133 ἐπὶ
721 4079 896 4151 βλάϐῃ
937 4079 1048 4133 τῶν
1086 4079 1431 4151 Χριστιανῶν
1473 4079 1732 4142 πλείστας
1771 4078 2027 4131 ἐπενόουν

455 4176 550 4236 τὰς
580 4172 829 4244 μηχανάς
848 4188 863 4203 ο
892 4167 966 4226 ὧν
988 4171 1089 4242 τὴν
1115 4174 1548 4242 κορυφαιοτάτην
1572 4172 1668 4225 καὶ
1692 4172 1801 4223 τῶν
1827 4170 2024 4236 ἄλλων,

456 4266 529 4326 ὡς
573 4266 767 4328 εἰπείν,
805 4265 898 4316 ἐπὶ
938 4262 1093 4333 κακῷ
1130 4264 1512 4333 διαφέρουσαν,
1552 4263 1584 4330 ἢ
1626 4262 1690 4333 δὴ
1735 4262 1832 4315 καὶ⁸
1877 4262 2029 4317 αἰτία

457 4358 695 4425 κατέστη
719 4355 1006 4418 Ἰουδαίους
1032 4354 1138 4424 τῆς
1161 4353 1517 4425 Ἀλεξάνδρου
1560 4354 1914 4423 ἐξελαθῆναι,
1952 4355 2027 4417 ὼς

456 4445 577 4498 ἐνὸν
609 4444 966 4514 διηγήσομαι.
1004 4444 1173 4512 Κοινῇ
1208 4442 1317 4511 γὰρ
1355 4440 1736 4508 συνελθόντες,
1775 4441 2027 4511 σύνθημα

2136 1976 2349 2016 morum
2385 1963 2547 2019 nobis
2577 1965 2847 2019 malorum
2878 1980 3041 2020 causa
3069 1966 3142 2020 sit
3171 1983 3187 2021 :
3231 1975 3345 2021 tum
3393 1980 3461 2022 eo
3489 1967 3709 2037 potissi-

2135 2067 2285 2107 mum
2320 2061 2597 2125 tempore,
2629 2065 2853 2126 propter
2893 2071 2990 2112 eos
3019 2071 3157 2128 quos
3196 2056 3441 2115 diximus
3485 2059 3711 2114 saltato-

2134 2159 2244 2211 res,
2286 2145 2585 2215 plurimum
2619 2148 2787 2202 etiam
2818 2148 3084 2205 adversus
3113 2150 3328 2220 seipsos
3360 2158 3491 2205 sunt
3520 2150 3706 2205 conci-

2132 2239 2254 2294 tati.
2284 2239 2506 2295 Etcum
2537 2239 2764 2298 Orestes
2800 2242 3144 2299 Alexandria:
3177 2243 3469 2314 praefeetus
3498 2245 3707 2315 populo

2134 2332 2435 2399 πολιτείαν,
2468 2333 2575 2388 hoc
2605 2344 2709 2400 est,
2742 2336 3055 2390 institutum
3086 2336 3363 2407 quoddam
3411 2335 3574 2392 civile
3606 2336 3705 2405 (ita

2130 2425 2275 2478 enim
2319 2425 2498 2480 edicta
2547 2442 2645 2481 seu
2689 2427 3072 2483 ordinationes
3121 2416 3371 2498 publicas
3418 2426 3709 2483 nominare

2130 2530 2250 2571 mos
2282 2519 2386 2586 est)
2424 2519 2652 2586 ederet,
2702 2518 2978 2575 aﬂ‘uerunt
3024 2520 3191 2575 etiam
3236 2521 3558 2590 quicunque
3590 2520 3709 2589 epi-

2131 2622 2295 2678 scopo
2322 2608 2527 2676 Cyrillo
2571 2609 2871 2677 favebant,
2904 2611 3156 2667 instituta
3194 2611 3467 2682 ejusmodi
3514 2612 3705 2666 visuri.

2133 2700 2192 2754 In
2238 2702 2328 2756 his
2370 2702 2592 2757 nomine
2638 2701 2839 2757 llierax
2875 2713 2996 2758 erat
3037 2704 3349 2759 humilioris
3379 2705 3707 2759 litteratura:

2134 2792 2413 2862 magister,
2454 2802 2742 2863 tantopere
2784 2812 2849 2850 ex
2895 2795 3085 2867 Cyriili
3131 2795 3381 2851 doctrina
3433 2797 3701 2866 pendens,

2132 2894 2193 2940 ut
2238 2887 2374 2941 nihil
2419 2887 2570 2943 aliud
2628 2887 2836 2943 faceret
2880 2888 3182 2952 libentius,
3226 2903 3389 2957 quam
3445 2888 3596 2942 illum
3648 2903 3708 2943 ut

2130 2978 2384 3046 audiret,
2431 2989 2488 3034 et
2522 2980 2745 3050 plausus
2782 2982 2930 3036 ciere
2961 2980 3028 3035 ad
3067 2980 3216 3036 illius
3248 2983 3553 3035 sententias
3581 2990 3705 3035 stuo

2129 3072 2303 3128 deret.
2348 3071 2507 3128 llunc
2552 3073 2646 3128 ubi
2690 3072 3005 3128 Judaeorum
3050 3074 3344 3128 multitudo
3392 3073 3700 3143 conspexit,

2131 3164 2312 3219 statim
2338 3164 2627 3221 vociferari
2655 3166 2846 3236 cmpit,
2879 3181 2983 3220 non
3010 3165 3169 3219 aliam
3197 3166 3268 3220 ob
3300 3181 3518 3220 causam
3544 3166 3699 3221 illum

2128 3257 2185 3312 in
2222 3257 2493 3311 theatrum
2527 3256 2766 3321 venisse,
2806 3257 2969 3330 [‘67
3000 3272 3163 3328 quam
3186 3265 3254 3310 'ut
3284 3258 3610 3314 seditionem
3644 3259 3699 3314 in

2128 3351 2331 3419 popqu
2357 3351 2642 3405 excitaret.
2691 3350 2989 3405 Prtefcctus
3034 3350 3255 3407 Orestes
3295 3361 3452 3406 antea
3484 3365 3704 3421 quoque

2129 3451 2324 3509 praeter
2347 3442 2617 3496 rationem
2644 3454 2962 3509 usurpatam
2986 3441 3372 3511 episcoporum
3403 3440 3702 3512 potentiam

2127 3532 2319 3588 oderat
2342 3534 2445 3603 '(l),
2497 3533 2641 3603 quod
2695 3533 2773 3588 illi
2826 3535 2997 3587 multa
3049 3547 3115 3587 ex
3162 3532 3403 3602 publicis
3450 3533 3702 3605 negmiis,

2125 3641 2248 3695 qua:
2271 3624 2337 3679 ad
2368 3625 2809 3696 iurisdictionem
2838 3626 2960 3697 ejus
2990 3625 3365 3696 pertinebant,
3397 3605 3552 3684 ad'se
3578 3640 3706 3698 per-

2118 3717 2346 3773 trahere
2389 3719 2688 3774 volebant:
2736 3718 3086 3788 potissimum
3130 3728 3347 3784 autem,
3393 3717 3539 3787 quod
3586 3727 3704 3773 tum

2126 3822 2345 3879 quoque
2369 3808 2611 3881 Cyrillus
2640 3809 2888 3864 instituta
2922 3808 3027 3865 sibi
3067 3820 3259 3864 exacte
3290 3808 3700 3879 perspicienda,

2120 3899 2615 3970 euriositatemque
2642 3902 2724 3971 (ut
2749 3900 2953 3971 aliquis
2974 3900 3140 3970 dicat)
3172 3900 3228 3955 in
3260 3902 3435 3956 aliena
3460 3916 3521 3956 re
3545 3917 3706 3956 exer-

2129 3991 2359 4047 cendam
2391 4002 2689 4059 statuerat,
2719 4002 3063 4059 commotus,
3100 3994 3217 4064 rapi
3251 3995 3544 4049 confestim
3577 3994 3706 4050 Ilie-

2130 4100 2310 4140 raCcm
2338 4087 2525 4154 jussit,
2555 4087 2985 4157 verberibusque
3012 4087 3291 4143 subditum
3316 4087 3471 4142 valde
3489 4083 3699 4145 amittit.

2126 4176 2282 4243 Quod
2316 4177 2409 4230 ubi
2441 4178 2821 4232 divinissimus
2853 4177 3091 4248 Cyrillus
3117 4180 3393 4249 cognovit,
3431 4179 3701 4249 primores

2127 4269 2443 4324 Judmorum
2469 4268 2537 4323 ad
2568 4285 2627 4324 se
2651 4272 2876 4334 accitos,
2909 4271 2987 4324 ita
3013 4279 3073 4324 ut
3095 4285 3193 4340 par
3216 4282 3354 4337 erat,
3384 4273 3699 4327 admonuit:

2124 4370 2405 4429 postremo
2435 4360 2598 4414 etiam
2629 4360 2771 4413 male
2815 4373 2875 4413 se
2907 4373 3004 4413 eos
3049 4368 3404 4428 accepturum
3447 4375 3567 4415 esse
3600 4361 3704 4415 mi-

2127 4465 2289 4509 natus
2319 4462 2434 4518 est,
2467 4452 2573 4507 nisi
2616 4450 2877 4536 populum
2916 4450 3295 4517 commovere,
3338 4461 3396 4506 et
3433 4452 3702 4509 adversus

458 4538 594 4607 πρὸς
624 4536 886 4606 ἀλλήλους
915 4535 1164 4599 ἐποίουν,
1197 4531 1328 4586 ὥσθ’
1352 4534 1585 4588 ἕκαστον
1613 4533 1900 4589 δακτύλιον
1932 4534 2028 4601 φέ-

2131 4545 2476 4600 Christianos
2518 4531 2815 4615 plurimum
2862 4541 3176 4607 concitare,
3213 4541 3566 4598 desisterent.
3609 4542 3704 4597 Μί-

461 4648 572 4698 ρειν
606 4632 670 4683 ἐκ
698 4627 892 4698 φλοιοῦ
927 4628 1186 4697 φοινίκων
1222 4625 1418 4692 θαλοῦ,
1456 4626 1552 4679 καὶ
1587 4626 1805 4697 νύκτωρ
1839 4626 2025 4680 ἐπιθέ-

459 4724 582 4775 σθαι
615 4722 984 4790 Χριστιανοῖς.
1021 4718 1132 4773 Καὶ
1165 4717 1230 4788 δὴ
1267 4719 1365 4790 μιᾷ
1398 4718 1504 4771 τῶν
1536 4718 1784 4783 νυκτῶν,
1822 4718 1929 4773 άνά
1960 4720 2029 4774 τά

458 4816 697 4882 κλίματα
723 4814 818 4883 τῆς
847 4813 1057 4874 πόλεως
1087 4811 1336 4881 προῆκαν
1363 4810 1604 4881 βοῶντάς
1631 4828 1806 4876 τινας,
1832 4811 1909 4876 ὠς
1938 4811 2026 4883 εἴη

458 4906 596 4976 πυρὶ
645 4905 912 4974 καιομένη
948 4905 982 4974 ἡ
1016 4900 1360 4971 Χριστιανῶν
1405 4902 1706 4973 ἐκκλησία,
1816 4903 2026 4956 ἐπώνυ-

460 5012 559 5066 μον
582 4996 939 5063 Ἀλεξάνδρου
967 4995 1061 5048 τοῦ
1087 4992 1387 5047 ἐπισκόπου
1423 4993 1617 5062 κλῆσίς
1646 4996 1818 5048 ἐστιν.
1848 4994 1913 5047 Ὀ
1934 4996 2027 5058 εἰς

455 5083 570 5142 ὧτα
609 5088 843 5150 ἐκείνοις
887 5085 1084 5156 ἀθρόον
1122 5084 1295 5149 ἐλθὸν,
1338 5084 1496 5148 ἄλλος
1538 5084 1774 5154 ἀλλαχοῦ
1816 5084 2028 5154 διατρέ-

456 5196 642 5250 χοντες
671 5176 833 5250 ἦσαν,
859 5179 960 5248 τὴν
988 5178 1138 5247 σφῶν
1166 5177 1522 5247 άλεξήσοντες
1544 5177 1871 5247 ἐκκλησίαν.
1893 5168 2039 5231 Ἰουέ

454 5272 594 5324 δαίοι
634 5270 680 5323 δ’
711 5269 877 5334 εὐθὺς
921 5269 1258 5338 ἐπιθέμενοι,
1305 5271 1587 5323 ἔκτεινον
1634 5269 1881 5340 ἀλλήλων
1927 5271 2027 5340 μὲν

454 5366 783 5435 ἀπεχόμενοι
808 5367 877 5436 τῇ
906 5364 1016 5418 τῶν
1044 5362 1344 5417 δακτυλίων
1377 5362 1659 5434 περιϐολῇ,
1688 5358 1769 5425 οἷς
1799 5363 1842 5415 δ’
1868 5362 2027 5416 ἐντύ-

453 5473 597 5525 χοιεν
632 5454 980 5526 Χριστιανῶν
1014 5453 1389 5525 ἀναιροῦντες.
1416 5452 1574 5505 ’Errel.
1607 5451 1653 5505 δ’
1682 5454 1865 5525 ἡμέρα
1899 5454 2025 5522 ἐγέ-

455 5559 598 5612 νετο,
631 5543 854 5615 ἔκδηλον
882 5545 998 5607 τοῖς
1027 5543 1414 5615 εἰργασμένοις
1440 5543 1501 5597 τὸ
1533 5544 1767 5614 πρᾶγμα
1796 5539 1884 5616 ἦν.
1918 5545 2027 5616 Ζή-

526 5679 602 5750 (l)
642 5680 797 5748 Apud
838 5678 1062 5735 Suidam
1105 5678 1346 5748 theologi
1377 5679 1590 5734 veteris
1627 5681 1902 5737 sententia
1933 5698 2025 5739 re-

456 5749 705 5821 peritur;
751 5751 1035 5821 Πολιτικὴν
1092 5750 1294 5821 ἀρετὴν
1367 5749 1637 5821 ἱερωσύνῃ
1709 5754 2022 5821 συνάπτειν,

460 5818 791 5887 συγκλώθειν
822 5822 937 5874 ἐστὶ
970 5818 1033 5872 τά
1061 5819 1417 5888 άσύγκλωστα
1449 5835 1461 5873 :
1501 5818 1758 5877 ltoc"est:
1793 5820 2021 5878 Civilem

2135 4652 2327 4691 narum
2368 4635 2789 4703 denuntiatione
2833 4633 3104 4706 ejusmodi
3149 4633 3356 4699 audita,
3407 4635 3486 4689 illi
3530 4640 3704 4709 magis

2131 4727 2297 4798 etiam
2333 4729 2665 4790 exacerbati,
2699 4727 2963 4797 plurimas
2998 4725 3062 4779 ad
3099 4725 3395 4794 perniciem
3430 4725 3703 4783 Christia-

2130 4832 2325 4874 norum
2395 4819 2777 4889 excogitarunt
2843 4816 3065 4872 fraudes
3128 4826 3183 4872 et
3243 4816 3699 4873 machinationes.

2128 4908 2371 4978 Quarum
2417 4900 2769 4979 praecipuam,
2806 4909 3075 4978 aliasque,
3108 4916 3168 4963 ut
3201 4909 3276 4963 ita
3310 4909 3512 4973 dicam,
3550 4912 3704 4966 mali-

2128 5002 2335 5071 gnitate
2374 5002 2729 5055 excellentem
2784 5005 2928 5070 (quae
2968 5001 3134 5054 etiam
3178 5000 3234 5055 in
3283 5015 3447 5056 causa
3490 5003 3613 5067 l‘uit,
3645 5016 3703 5059 ut

2127 5089 2301 5145 Judaei
2331 5089 2661 5143 Alexandria
2709 5090 3063 5158 ejicerentur)
3095 5090 3256 5145 sicuti
3306 5100 3497 5161 potero
3527 5109 3700 5163 expoo

2128 5199 2276 5238 nam.
2318 5182 2452 5238 Nam
2501 5182 2781 5235 communi
2828 5183 3065 5237 concilio
3111 5192 3323 5248 coacto,
3364 5182 3433 5239 de
3461 5181 3615 5255 signo
3644 5195 3700 5240 et

2126 5283 2333 5328 tessera
2363 5272 2507 5326 inter
2528 5286 2588 5326 se
2617 5282 3021 5336 convenerunt,
3053 5284 3113 5328 ut
3140 5276 3516 5344 unusquisque
3546 5275 3696 5330 vide-

2126 5362 2254 5417 licet
2283 5362 2545 5415 aunulum
2580 5376 2611 5417 e
2640 5361 2847 5417 cortice
2890 5363 3097 5418 surculi
3138 5364 3327 5434 palmae
3353 5375 3614 5434 gestaret,
3641 5380 3698 5421 et

2126 5463 2293 5510 noctu
2352 5452 2699 5509 Christianos
2760 5453 3170 5523 aggrederetur.
3243 5453 3481 5509 Proinde
3535 5463 3697 5510 nocte

2127 5546 2402 5615 quadam,
2457 5544 2706 5598 nonnulli
2768 5558 2864 5613 per
2935 5543 3086 5599 urbis
3132 5542 3282 5601 vicos
3337 5543 3699 5615 procedentes

2124 5683 2383 5738 virtutem
2434 5669 2726 5750 episcopali
2779 5678 3049 5735 funetioni
3092 5680 3367 5750 applicare
3420 5681 3599 5745 velle,
3634 5696 3699 5737 ea

2127 5754 2459 5831 conjungere
2492 5761 2597 5816 est,
2618 5764 2741 5831 qua»
2778 5751 2921 5806 inter
2941 5765 3002 5831 se
3031 5754 3265 5809 maxime
3298 5761 3490 5809 natura
3528 5751 3697 5808 dissi-

2129 5823 2280 5890 dent,
2307 5835 2362 5877 et
2398 5823 2653 5878 conuerti
2688 5830 2985 5890 nequeunt.
