4044 6524
378 332 509 396 ilill
1616 334 2040 395 NiCEl'IlOi‘tl
2084 337 2430 395 CALLIBTI
3499 337 3639 409 “Cui

372 461 771 526 {‘Ilflillllal‘lllll,
796 460 1238 516 Christianorum
1277 461 1562 515 ecclesiam
1597 475 1720 528 qua:
1753 474 1958 513 nomen

2067 459 2157 510 λου
2203 458 2259 511 δὲ
2302 458 2563 529 πλησθεὶς
2612 461 2916 531 Κύριλλος,
2965 462 3181 533 σύναμα
3225 462 3421 533 πλήθει
3463 465 3642 534 πολλῷ

375 553 441 606 μυ
478 553 790 607 Alexandro
816 555 1078 624 episcopo
1113 553 1300 619 habet,
1328 554 1545 608 ardere.
1576 552 1732 618 Quod
1768 551 1860 605 ubi
1888 551 1957 606 ad

2067 551 2160 602 ἐπὶ
2189 555 2285 613 τὰς
2314 552 2639 619 συναγωγὰς
2670 554 2851 607 αὐτῶν
2880 554 3009 624 ἥκει
3032 571 3047 587 ο
3077 556 3171 608 καὶ
3196 556 3508 625 ἀφαιρεῖται
3544 557 3641 625 μὲν

371 644 587 698 illorum
618 660 780 700 aures
805 647 991 700 statim
1018 646 1278 715 pervenit
1301 686 1315 710 ,
1358 645 1501 699 alius
1532 645 1638 698 alio
1672 643 1953 709 discurrit,

2067 640 2313 707 ταύτας,
2366 642 2461 705 τὰς
2514 642 2568 695 δὲ
2624 645 2811 707 οὐςίας
2867 646 3262 716 ἀναρπάστους
3312 646 3390 716 τῷ
3446 647 3645 717 πλήθει

371 735 615 790 ccclesire
669 751 782 790 suae
834 753 993 806 opem
1033 737 1287 813 laturus.
1342 736 1494 803 Quos
1542 735 1717 791 Judaai
1773 736 1958 789 subito

2067 727 2240 782 ἐποίει
2264 744 2278 759 ο
2303 731 2545 794 ἐκείνους
2575 731 2619 785 δ’
2649 733 2766 803 ἅμα
2799 736 3008 798 πάντας
3033 736 3133 805 τῆς
3165 737 3372 801 πόλεως
3394 738 3643 809 ἤλαυνεν.

371 828 609 896 aggressi
665 827 1032 892 ceciderunt,
1091 847 1119 883 a
1180 829 1383 899 seipsis
1440 829 1663 898 quidem
1728 835 1958 897 propter

2067 821 2131 873 Oi
2185 822 2285 891 μὲν
2330 821 2424 875 οὖν
2459 824 2728 891 Ἰουδαῖοι,
2781 829 2845 880 ὲκ
2892 830 3002 881 τῶν
3035 827 3392 900 Ἀλεξάνδρου
3440 833 3648 900 χρόνων

373 921 703 977 annulorum
738 931 1001 978 tesseram
1036 939 1232 978 manus
1261 923 1643 978 abstinentes:
1690 918 1958 973 Christia-

2067 913 2163 984 τὴν
2208 915 2364 969 πόλιν
2403 918 2754 989 οἰκήσαντες,
2801 924 3001 990 γυμνοὶ
3042 924 3163 975 τότε
3206 925 3314 977 τῶν
3356 923 3524 976 ὄντων
3569 923 3651 988 ὲξο

378 1028 477 1066 nos
523 1022 726 1076 autem,
766 1016 816 1066 in
861 1029 1000 1083 quos
1044 1014 1389 1080 incidebant,
1430 1011 1764 1083 jugulantes.
1803 1001 1959 1065 Post;

2067 1004 2237 1075 ῄεσαν
2264 1023 2278 1037 ·
2320 1009 2415 1060 καὶ
2450 1009 2682 1074 ἕκαστος
2714 1013 2825 1083 ὅπη
2859 1012 3019 1084 ἔτυχε
3051 1014 3441 1085 διεσπείροντο.
3482 1011 3573 1080 Εἷς
3604 1018 3649 1070 δ’

362 1094 537 1173 quam
575 1115 758 1159 autem
790 1106 908 1159 dies
941 1106 1140 1170 illuxit,
1174 1120 1240 1160 ex
1280 1112 1465 1172 strage
1506 1117 1569 1156 ea
1601 1101 1869 1173 ﬂagitium
1903 1101 1961 1156 in

2068 1099 2296 1153 ἐκείνων
2332 1101 2690 1171 Ἀδαμάντιος
2721 1104 2916 1174 δνομα,
2951 1107 3044 1159 ἐπὶ
3076 1109 3359 1179 σοφιστείᾳ
3394 1108 3651 1178 ἰατρικῶν

375 1207 567 1267 aperto
593 1197 744 1252 luit:
787 1208 842 1253 et
884 1199 1120 1270 Cyrillus
1164 1197 1282 1252 zelo
1317 1195 1581 1266 percitus,
1615 1210 1739 1247 cum
1782 1194 1964 1248 multi--

2067 1189 2242 1259 λόγων
2294 1191 2595 1262 ἔμπειρος,
2648 1196 2740 1247 ἐπὶ
2794 1198 2892 1267 τὴν
2946 1200 3359 1253 Κωνσταντίνου
3412 1201 3649 1266 ἀφῖκτο·

377 1290 568 1345 tudine
608 1306 802 1360 magna
833 1291 897 1345 ad
950 1305 1255 1360 synagogas
1294 1303 1486 1342 eorum
1538 1286 1714 1348 venit,
1759 1301 1964 1356 easque

2081 1282 2317 1352 Ἀττικῷ
2347 1301 2406 1335 τε
2438 1285 2513 1354 τῴ
2545 1287 2831 1358 ἑπισκόπῳ
2865 1290 3132 1359 προσιὼν,
3168 1292 3263 1344 καὶ
3291 1292 3359 1344 τὰ
3389 1292 3620 1361 Χριστια

374 1383 482 1436 illis
517 1384 759 1447 ademit,
792 1393 849 1438 et
883 1382 1249 1438 substantiam
1288 1394 1483 1433 eorum
1519 1393 1739 1433 omnem
1780 1378 1964 1432 multi-

2068 1377 2176 1429 νῶν
2209 1377 2629 1450 ἐπανῃρημένος
2651 1420 2665 1445 ,
2701 1381 2882 1448 πολλῷ
2918 1386 3098 1453 χρόνῳ
3133 1383 3649 1454 ὕστερονόναστρέ-

376 1474 552 1528 tudini
608 1474 979 1544 diripiendam
1026 1471 1203 1534 dedit,
1262 1471 1523 1539 ipsosque
1553 1469 1719 1524 simul
1772 1484 1964 1524 omnes

2071 1468 2202 1537 ψας,
2234 1470 2335 1539 τὴν
2372 1471 2785 1543 Ἀλεξάνδρειαν
2815 1476 3057 1546 ᾤκησεν.

383 1569 518 1621 urbe
550 1566 783 1634 expulit.
810 1564 1111 1625 ltaJudaei,
1143 1564 1237 1634 qui
1291 1564 1360 1618 ab
1417 1563 1552 1633 ipsis
1622 1578 1797 1632 usque
1859 1562 2157 1617 Alexandri
2207 1565 2553 1634 temporibus
2600 1568 2791 1621 urbem
2852 1585 2974 1622 eam
3032 1570 3411 1634 incoluerant,
3467 1587 3649 1625 rerum

375 1657 624 1710 omnium
657 1656 837 1723 egeni,
875 1654 1003 1708 inde
1034 1654 1365 1719 discessere,
1400 1668 1509 1723 quo
1535 1668 1811 1722 quemque
1838 1668 1960 1707 sors
2000 1653 2127 1707 tulit
2161 1654 2425 1724 dispersi.
2498 1656 2649 1713 Unus
2691 1670 2877 1713 autem
2943 1675 3006 1713 ex
3041 1661 3122 1714 eis
3164 1660 3528 1715 Adamantius
3558 1678 3654 1715 no-

378 1752 567 1813 mine,
605 1747 739 1801 artis
781 1745 1073 1803 medicina;
1119 1746 1371 1816 peritus,
1421 1744 1961 1815 Constantinopolim
2004 1744 2178 1808 venit,
2230 1746 2421 1821 ibique
2466 1749 2792 1821 episcopum
2871 1752 3114 1807 Atticum
3161 1754 3319 1817 adiit,
3388 1751 3554 1824 468
3596 1765 3652 1809 et

372 1841 819 1896 Christianorum
885 1854 1043 1894 sacra
1111 1839 1468 1909 complexus,
1542 1837 1717 1894 multo
1785 1846 1911 1908 post
1979 1847 2229 1907 tempore
2292 1839 2692 1899 Alexandriam
2761 1859 3062 1911 reversus,
3125 1862 3249 1902 eam
3319 1846 3509 1902 urbem
3570 1850 3651 1903 in-

376 1935 570 1990 υωίιιὶι.

970 2050 1197 2109 CAPUT
1239 2052 1356 2105 XV.

374 2151 453 2200 De
487 2147 809 2201 dissensione
837 2145 1029 2214 Cyrilli
1057 2154 1244 2199 contra
1284 2146 1589 2214 prmfectnm
1623 2143 1842 2199 Oresten
1867 2158 1885 2195 :
1911 2153 1960 2197 et

447 2229 503 2270 ut
547 2218 725 2286 lapide
774 2215 986 2270 Orestes
1030 2218 1085 2268 in
1136 2219 1308 2284 [route
1348 2218 1482 2270 ictus
1525 2221 1614 2281 sit,
1654 2225 1702 2267 et
1735 2217 1798 2268 de
1845 2215 1959 2268 zelo

446 2288 798 2341 Nitriensium
836 2287 1238 2341 monachorum.

444 2490 670 2547 Orestes
703 2496 887 2543 autent
921 2489 1271 2544 Alexandriae
1305 2489 1598 2559 praefectus
1634 2489 1880 2560 graviter
1907 2487 1962 2543 id

376 2584 597 2646 terens,
633 2591 689 2637 et
719 2597 819 2652 pro
863 2583 1072 2651 ingenti
1113 2583 1451 2638 detrimento
1483 2584 1713 2648 habens,
1764 2583 1961 2638 civita-

378 2689 489 2731 tem
524 2685 632 2729 tam
664 2676 986 2744 praeclaram
1021 2686 1101 2731 tot
1135 2677 1460 2731 hominibus
1492 2677 1705 2743 orbari,
1744 2692 1860 2731 rem
1893 2676 1963 2731 ad

378 2774 766 2838 imperatorem
827 2768 1039 2824 retulit.
1097 2769 1220 2839 Ipse
1274 2785 1497 2839 quoque
1550 2767 1790 2842 Cyrillus
1851 2784 1961 2824 non

376 2860 642 2924 cessavit;
701 2875 825 2914 nam
877 2858 1196 2914 Iudaeorum
1266 2858 1314 2913 is
1380 2873 1603 2929 quoque
1665 2858 1963 2913 absurdam

377 2952 663 3007 audaciam
712 2952 780 3006 ad
832 2953 1141 3023 principem
1192 2952 1458 3022 scripsit:
1512 2966 1615 3007 nec
1662 2954 1845 3007 minus
1896 2954 1964 3006 de

382 3043 810 3114 redintegranda
844 3059 970 3099 cum
1002 3045 1199 3100 Oreste
1240 3043 1481 3099 amicitia
1512 3047 1624 3114 egit
1661 3062 1673 3099 :
1720 3046 1866 3114 quod
1906 3056 1964 3097 ut

383 3138 608 3195 faceret,
655 3136 810 3205 plebs
852 3136 1226 3191 Alexandrina
1263 3153 1389 3191 eum
1425 3138 1628 3207 coegit.
1666 3137 1965 3207 Postquam

383 3246 515 3284 vero
564 3230 789 3284 Orestes
838 3230 1150 3284 orationem
1206 3229 1274 3283 de
1327 3230 1502 3299 gratia
1556 3212 1963 3285 reconcilianda

382 3337 495 3375 non
530 3320 775 3385 admisit,
808 3318 1046 3390 Cyrillus
1079 3334 1365 3375 sacrorum
1400 3320 1825 3390 Evangeliorum
1869 3336 1967 3375 eo-

2668 2053 2922 2108 ΚΕΦΛΛ.
2961 2056 3057 2108 ΙΕ’.

2065 2142 2208 2223 Περὶ
2247 2142 2533 2223 tacende
2570 2145 2682 2223 τὸν
2710 2144 3300 2223 ἕπερκρτῗορέσεηιτ
3341 2150 3646 2217 Κειρίλλου

2135 2212 2429 2288 διαφορᾶς
2451 2235 2464 2247 ·
2500 2213 2599 2270 καὶ
2627 2216 2708 2288 ᾡς
2729 2217 2877 2288 λίθῳ
2896 2212 3131 2288 ἐϐλήθη
3168 2212 3457 2288 Ὀρέστης
3499 2223 3646 2276 κατὰ

2138 2284 2207 2337 τό
2222 2284 2527 2359 μέτωπον,
2542 2285 2650 2359 grai
2681 2287 2817 2354 περὶ
2881 2289 2987 2341 τοῦ
3026 2284 3361 2357 Optaverim
3388 2284 3495 2359 τῆς
3549 2295 3647 2347 Νι-

2137 2356 2305 2422 τρίας
2323 2356 2632 2425 μοναχῶν.

2153 2470 2415 2541 Ὀρέστης
2460 2471 2517 2525 δὲ
2555 2474 2583 2526 ό
2621 2473 2721 2542 τῆς
2757 2471 3111 2545 Ἀλεξάνδρου
3155 2473 3398 2546 ὕπαρχος
3441 2475 3644 2546 σφόδρα

2068 2562 2378 2633 χαλεπήνας
2422 2565 2514 2616 ἐπὶ
2558 2563 2636 2634 τῷ
2680 2567 2934 2634 παρόντι,
2986 2568 3275 2638 συμφορὰν
3312 2571 3547 2621 ἐποιεῖτο
3587 2570 3646 2621 τὸ

2069 2656 2319 2723 γεγονὸς,
2353 2655 2508 2709 πόλιν
2537 2654 2682 2709 οὕτω
2711 2661 2991 2728 περιφανῆ
3022 2659 3295 2713 τοσούτων
3325 2659 3491 2730 ἄρῗην
3522 2677 3644 2713 στεο

2073 2747 2303 2817 ρηθῆναι
2339 2746 2679 2817 ἀνθρώπων,
2714 2751 2810 2802 καὶ
2846 2750 2905 2803 τὸ
2942 2753 3158 2820 συμϐὰν
3192 2750 3405 2822 βασιλεῖ
3436 2752 3644 2823 ὲδήλω.

2068 2841 2180 2896 Οὐκ
2211 2839 2405 2911 ἡμέλει
2437 2841 2494 2893 δὲ
2526 2842 2636 2912 ἄρα
2664 2842 2758 2895 καὶ
2788 2842 3054 2913 Κύριλλος
3079 2859 3097 2878 ο
3133 2844 3226 2898 καὶ
3254 2844 3414 2907 αὐτὸς
3446 2847 3550 2917 γὰρ
3580 2846 3645 2897 τὰ

2069 2935 2175 2986 τῶν
2214 2933 2488 2987 Ἰουδαίων
2531 2936 2712 2989 ἄτοπα
2756 2936 2891 3005 δῆλα
2941 2937 3155 3006 βασιλεί
3197 2938 3505 3003 καθιστῶν,
3549 2940 3646 3008 οἰχ

2068 3019 2232 3096 ἦττον
2278 3026 2374 3078 καὶ
2418 3026 2518 3096 τῆς
2568 3026 2704 3097 πρὸς
2747 3027 3007 3099 Ὀρέστην
3056 3031 3239 3097 φιλίας
3288 3031 3644 3096 ἀντεποιεῖτο,

2069 3117 2164 3170 τοῦ
2197 3118 2438 3189 πλήθους
2462 3124 2560 3188 τῆς
2596 3120 2948 3194 Ἀλεξάνδρου
2974 3124 3136 3178 τοῦτο
3162 3125 3646 3196 προσαναγκάζον-

2070 3227 2183 3272 τος.
2214 3210 2369 3263 Ἐπεὶ
2395 3211 2438 3264 δ’
2465 3211 2730 3285 Ὀρέστης
2758 3216 2887 3278 τοὺς
2924 3219 3055 3288 περὶ
3087 3218 3271 3285 φιλίας
3303 3220 3364 3272 οὐ
3397 3221 3646 3290 προσίετο

2071 3300 2285 3366 λόγους,
2321 3302 2592 3374 Κύριλλος
2624 3306 2723 3376 τὴν
2753 3306 2861 3359 τῶν
2890 3308 3054 3378 ἱερῶν
3088 3310 3435 3379 Εὑαγγελίων
3467 3314 3645 3382 βίϐλον

384 3414 564 3467 dicem
600 3416 853 3482 protulit,
885 3414 956 3468 ob
984 3414 1353 3469 reverentiam
1386 3415 1515 3485 ejus.
1539 3428 1598 3468 se
1625 3412 1820 3468 Oreste
1853 3415 1964 3482 pta-

2074 3394 2398 3463 προϊσχετο,
2446 3397 2687 3463 νομίζων
2734 3399 2989 3455 ἐντεῦθεν
3039 3405 3105 3472 τῇ
3157 3403 3298 3456 αἰδοῖ
3347 3407 3645 3476 πραοτέρου

383 3506 648 3558 sabiliore
677 3518 909 3558 usurum
954 3512 1178 3573 putans.
1214 3503 1488 3559 Caeterum
1520 3520 1646 3559 cum
1681 3514 1796 3560 tum
1826 3521 1968 3575 quo-

372 3592 490 3667 que
540 3597 633 3652 ille
689 3597 826 3651 iram
888 3613 999 3651 non
1055 3598 1399 3663 remitteret,
1453 3606 1621 3669 atque
1676 3598 1824 3653 inter
1870 3615 1966 3654 eos

385 3687 741 3758 implacabile
775 3687 984 3743 bellum
1019 3696 1355 3743 commotum
1385 3698 1552 3755 esset,
1593 3689 1727 3761 illud
1758 3691 1964 3745 evenit.

377 3776 635 3834 Monacbi
686 3780 911 3851 quidam
958 3789 1176 3835 montes
1222 3779 1487 3836 ﬁnitimos
1537 3781 1879 3848 incolentes,
1910 3792 1967 3837 et

386 3872 697 3927 Nitrienses
746 3873 1018 3936 maxime,
1060 3873 1179 3927 zelo
1217 3883 1273 3927 et
1319 3873 1676 3929 aemulatione
1722 3876 1962 3940 accensi,

380 3967 578 4019 eodem
616 3964 779 4018 modo
824 3980 925 4033 pro
968 3963 1173 4034 Cyrillo
1222 3973 1567 4034 pugnarunt,
1598 3967 1877 4035 quomodo
1912 3974 1968 4022 et

385 4068 639 4123 patruum
697 4058 816 4128 ejus
862 4056 1249 4123 defenderant,
1301 4074 1427 4113 cum
1480 4074 1577 4114 eos
1624 4059 1966 4130 Theophilus

384 4159 584 4218 praeter
610 4149 881 4203 rationem
918 4165 1139 4205 onmem
1168 4161 1363 4206 contra
1393 4151 1719 4207 Dioscorum
1748 4161 1804 4208 et
1833 4153 1965 4207 Am-

384 4242 629 4296 monium
679 4242 934 4296 armavit.
976 4243 1039 4297 Hi
1075 4258 1200 4297 eum
1244 4243 1430 4312 plures
1466 4258 1630 4314 quam
1675 4244 1963 4316 quingenti

381 4336 593 4398 essent,
622 4335 978 4388 monasteriis
1013 4333 1225 4389 relictis
1249 4334 1641 4390 Alexandriam
1666 4347 1993 4403 venerunt..-

381 4436 437 4481 et
485 4425 739 4481 Orestem
788 4442 956 4480 curru
1012 4437 1232 4479 vectum
1283 4427 1336 4480 in
1401 4426 1686 4495 publicum
1738 4427 1965 4497 prodire

384 4518 736 4571 invenientes
763 4555 777 4581 ,
822 4515 1091 4570 conviciis
1128 4531 1253 4569 eum
1301 4516 1643 4581 all’ecerunt,
1689 4516 1963 4572 idolorum

385 4607 696 4661 sacriﬁcum
743 4614 800 4661 et
836 4604 1088 4661 Graecum
1137 4607 1512 4675 appellantes,
1560 4598 1794 4675 aliisque
1842 4606 1965 4676 ejus

384 4700 604 4769 generis
644 4699 1000 4754 contumeliis
1042 4700 1483 4769 proscindentes.
1526 4700 1622 4755 Ille
1664 4698 1812 4769 quod
1850 4699 1965 4753 hac

383 4790 645 4845 instinctu
684 4790 873 4862 Cyrilli
910 4790 1028 4844 ﬁeri
1064 4793 1441 4859 existimaret,
1493 4791 1870 4846 Christianum
1905 4805 1963 4845 se

384 4896 504 4936 esse
548 4882 835 4952 professus
876 4893 996 4947 est,
1044 4894 1100 4939 et
1144 4883 1626 4953 Constantinopoli
1673 4884 1742 4938 ab
1777 4884 1961 4938 Attico

292 5032 300 5038 ,
386 4974 647 5044 baptismi
695 4975 971 5045 mysteriis
1016 4976 1294 5031 initiatum
1328 4978 1430 5045 (1).
1483 4975 1738 5029 Monachi
1774 4985 1963 5029 autem

384 5083 512 5122 eum
539 5082 609 5121 ne
635 5083 901 5135 responso
932 5070 1151 5138 quidem
1184 5069 1393 5139 dignati
1420 5077 1571 5122 sunt.
1605 5068 1787 5137 Atque
1817 5083 1964 5122 unus

382 5176 448 5213 ex
483 5159 596 5224 eis,
644 5161 732 5214 cui
761 5177 961 5216 nomen
1003 5163 1278 5215 Ammonii
1312 5170 1467 5223 erat,
1518 5177 1711 5215 saxum
1739 5175 1964 5231 quoque

381 5252 437 5307 in
486 5252 729 5322 prml‘ecti
767 5252 961 5309 faciem
1008 5254 1286 5324 conjeeit:
1322 5252 1469 5307 unde
1511 5253 1603 5308 ille
1649 5263 1796 5308 totus
1830 5270 1961 5311 san-

381 5342 546 5413 guine
579 5357 913 5412 conspersus
936 5351 1039 5398 est.
1076 5344 1245 5420 Porro
1277 5342 1621 5411 apparitores
1644 5343 1973 5412 militesque.

380 5433 537 5502 ejus},
594 5435 783 5503 paucis
837 5436 1117 5505 exceptis,
1169 5435 1311 5488 alius
1346 5435 1488 5501 alio,
1535 5436 1780 5506 lapidum
1812 5437 1958 5491 ictus

381 5536 711 5593 metuentes,
749 5527 1109 5599 diffugerunt.
1146 5528 1302 5593 Quod
1339 5528 1431 5582 ubi
1461 5530 1698 5600 populus
1724 5530 1954 5596 audivit,

379 5618 446 5671 ad
500 5633 662 5689 Opem
716 5621 976 5689 prmfecto
1024 5621 1308 5675 ferendam
1366 5637 1559 5677 omnes
1617 5623 1955 5680 conﬂuxere.

455 5775 532 5844 (ι)
564 5775 773 5832 Socrat.
803 5776 901 5834 lib.
932 5795 1027 5845 vn,
1057 5796 1174 5849 cap.
1202 5781 1282 5835 14.

2072 3483 2329 3553 Ὀρέστου
2378 3488 2694 3558 πειρᾶσθαι.
2739 3488 2825 3552 Ὠς
2866 3491 2910 3545 δ’
2940 3495 3148 3557 ἐκεῖνος
3190 3490 3345 3557 αὖθις
3384 3497 3484 3549 οὐκ
3524 3497 3645 3549 ἔλυε

2070 3584 2168 3652 τὴν
2202 3584 2393 3653 ὀργὴν,
2425 3584 2541 3637 ἀλλ’
2568 3585 2831 3649 ἄσπονδος
2873 3588 3024 3659 μάχη
3060 3591 3119 3642 ἐν
3150 3590 3227 3660 τῷ
3262 3592 3413 3661 μέσῳ
3447 3592 3648 3645 τούτων

2071 3674 2482 3743 ἀνερριπίζετο,
2513 3677 2603 3728 καὶ
2629 3676 2789 3730 τοῦτο
2816 3680 3016 3749 συνέϐη
3047 3681 3329 3748 γενέσθαι.
3359 3685 3511 3746 Τινὲς
3536 3687 3648 3738 τῶν

2071 3765 2199 3835 περὶ
2222 3767 2291 3818 τὰ
2315 3766 2496 3819 ὲκείσέ
2522 3784 2598 3837 πη
2625 3767 2749 3840 ὅρη,
2777 3771 2875 3824 καὶ
2904 3772 3144 3841 μάλιστα
3168 3775 3278 3827 τῶν
3302 3775 3401 3845 τῆς
3423 3777 3651 3847 Νιτρίας

2074 3860 2357 3930 μοναχῶν,
2401 3860 2551 3932 ζήλῳ
2600 3862 3115 3935 διαθερμανθέντες,
3163 3868 3254 3921 τὸν
3299 3870 3414 3924 ἴσον
3455 3874 3650 3942 τρόπον

2070 3953 2167 4006 καὶ
2202 3953 2343 4022 ὑπὲρ
2380 3955 2655 4026 Κυρίλλου
2693 3958 2997 4029 ἐμάχοντο,
3038 3962 3179 4015 καθὰ
3211 3961 3348 4032 δῆτα
3381 3964 3477 4017 καὶ
3510 3965 3648 4034 ὑπὲρ

2069 4044 2165 4112 τοῦ
2211 4044 2358 4098 θείου
2387 4063 2402 4080 ο
2448 4048 2688 4118 ὁπηνίκα
2732 4050 2992 4119 Θεόφιλος
3038 4053 3286 4118 ἐκείνους
3333 4055 3432 4109 σὺν
3475 4056 3649 4109 οὐδενὶ

2069 4136 2232 4208 λόγῳ,
2258 4139 2399 4191 κατὰ
2422 4139 2531 4191 τῶν
2558 4157 2624 4193 πε
2635 4143 2689 4212 ρλ.
2713 4143 3006 4214 Διόσκορον
3036 4147 3131 4199 καὶ
3152 4144 3467 4217 Ἀμμώνιον
3491 4148 3651 4202 ὥπλιο

2071 4247 2182 4283 σεν.
2202 4228 2459 4299 ’Δφέντες
2481 4233 2663 4286 τοίνυν
2685 4234 2754 4288 τὰ
2777 4238 3125 4309 μοναστήρια
3146 4237 3336 4309 ἄνδρες
3361 4239 3501 4310 ὑπὲρ
3525 4258 3650 4293 πεν-

2068 4322 2360 4386 τακοσίους
2388 4324 2561 4387 ὄντες,
2591 4325 2690 4396 τὴν
2710 4326 3067 4400 Ἀλεξάνδρου
3094 4329 3417 4384 κατέλαϐον.
3446 4330 3568 4385 Ἐπὶ
3591 4332 3650 4385 δὲ

2067 4412 2164 4466 τοῦ
2211 4414 2485 4485 ὀχήματος
2534 4419 2743 4469 ἐκεῖνον
2792 4418 3055 4488 προϊόντα
3098 4420 3377 4490 εὑρόντες,
3428 4421 3650 4492 ὕϐρεσιν

2068 4504 2261 4561 ἔϐαλον
2282 4545 2298 4571 ,
2334 4508 2500 4579 eam
2536 4509 2946 4573 ἀποκαλοῦντες
2986 4512 3082 4566 καὶ
3110 4512 3351 4582 Ἕλληνα
3372 4553 3389 4580 ,
3424 4516 3518 4568 καὶ
3548 4517 3646 4568 ὅσα

2067 4598 2293 4651 τοιαῦτα
2330 4600 2574 4670 αἰσχρῶς
2611 4602 2987 4674 περιύϐριζον.
3025 4606 3402 4675 Λογισάμενος
3436 4605 3482 4660 δ’
3506 4609 3649 4661 ἐκεῖ·

2070 4712 2157 4758 νος
2181 4696 2353 4749 ταῦτα
2378 4697 2649 4768 Κύριλλον
2674 4701 3154 4771 σκευωρήσασθαι,
3175 4702 3503 4773 Χριστιανὸν
3525 4705 3648 4756 ἑαυ-

1993 4769 2044 4830 D
2072 4788 2160 4840 τὸν
2195 4788 2491 4857 ὡμολόγει,
2528 4791 2625 4845 καὶ
2660 4793 2795 4863 πρὸς
2822 4769 3071 4860 Ἀττικοῦ
3106 4795 3165 4847 ἐν
3192 4769 3260 4865 τῇ
3300 4796 3648 4849 Κωνσταντίο

2072 4896 2162 4931 νου
2194 4882 2516 4952 τελεσθῆναι
2547 4884 2617 4936 τὰ
2652 4884 2915 4951 μυστικά.
2951 4886 3013 4937 Oi
3048 4886 3239 4954 μέντοι
3273 4886 3499 4956 μοναχοὶ
3528 4888 3647 4940 οὐδὲ

2069 4972 2233 5040 λόγου
2267 4974 2475 5043 ἡξὶουν.
2511 4971 2604 5039 Εἷς
2635 4977 2680 5031 δ’
2709 4978 2958 5043 ἐκείνων,
2986 4976 3298 5048 Ἀμμώνιος
3330 4979 3520 5049 ὄνομα,
3553 4980 3649 5033 καὶ

2069 5065 2302 5135 χερμάδι
2333 5068 2474 5121 κατὰ
2499 5066 2592 5120 τοῦ
2624 5068 2919 5137 προσώπου
2948 5071 3037 5121 τὸν
3062 5070 3302 5141 ἔπαρχον
3329 5072 3490 5125 ἔϐαλε
3511 5088 3524 5102 ·
3555 5076 3648 5127 καὶ

2070 5158 2192 5219 ὅλος
2223 5153 2293 5228 ἦν
2327 5159 2554 5229 αἵματος
2590 5159 2867 5228 ἔμπλεως.
2899 5161 2961 5213 Ol
2998 5162 3054 5213 δὲ
3092 5165 3216 5232 περὶ
3249 5163 3411 5215 αὑτὸν
3438 5164 3643 5230 ταξεῶ·

2069 5265 2161 5301 ται
2192 5249 2352 5313 ἄλλος
2387 5251 2624 5322 ἀλλαχοῦ
2655 5251 3028 5321 διεδίδρασκον
3050 5294 3063 5319 ,
3099 5255 3196 5317 τὰς
3227 5254 3337 5308 τῶν
3366 5255 3528 5308 λίθων
3556 5255 3644 5308 δε-

2069 5341 2241 5407 διότες
2296 5343 2479 5413 βολάς.
2519 5344 2810 5398 Ἀκουσθὲν
2865 5347 2921 5398 δὲ
2971 5347 3049 5417 τῷ
3103 5349 3295 5418 δήμῳ,
3354 5348 3646 5418 συνέρρεον
3712 5328 3731 5347 ’

2069 5435 2309 5498 ἅπαντες
2340 5437 2570 5507 ἀμύνειν
2602 5439 2919 5509 αἱρούμενοι
2945 5440 3023 5507 τῷ
3052 5441 3302 5512 ἐπάρχῳ.
3336 5442 3399 5494 Oi
3430 5442 3527 5509 μὲν
3553 5437 3644 5491 οὖν

2071 5535 2298 5602 μοναχοὶ
2334 5537 2480 5605 φυγῇ
2514 5534 2613 5606 τὴν
2649 5535 2930 5606 σωτηρίαν
2969 5537 3473 5607 ἐπραγματεύοντο.
3509 5536 3643 5604 Ἀμ-

2072 5622 2271 5693 μώνιον
2293 5626 2337 5679 δ’
2356 5629 2447 5681 ἐπὶ
2469 5628 2531 5681 τὸ
2555 5629 2678 5683 δίκα
2689 5630 2873 5682 στικὸν
2898 5629 3050 5700 βῆμα
3078 5631 3447 5701 συμϐαλόντες
3468 5624 3600 5702 ἦγον
3621 5642 3641 5663 ο
