4044 6446
353 504 488 574 1105

1268 511 1865 581 ΕςειΕεΙΑεΓιαΕ
1908 517 2292 578 ίΙΙΞΤῦῖἶῐΕ
2336 519 2480 578 LIB.
2523 522 2672 581 XIV.

3465 516 3608 579 “(‘6

345 623 404 676 ὃν
441 621 627 688 νόμοις
663 619 1004 688 ὑπαγαγὼν,
1039 620 1132 673 ἐπὶ
1165 624 1423 676 τοσοῦτον
1457 627 1722 697 ᾐκίσατο,
1760 629 1919 697 ἄχρις

2025 629 2209 699 iraque
2273 632 2527 686 monachi
2589 631 2752 685 Saluti
2821 644 2934 684 sum
2995 627 3120 698 iuga
3176 627 3600 682 consuluerunt.

345 709 406 767 οὗ
449 713 541 766 τὸν
585 711 699 780 βίον
747 711 1074 780 μετήλλαξε.
1117 713 1379 784 Γνώριμα
1408 717 1524 785 .μὲν
1572 717 1664 770 οὖν
1713 717 1924 788 βασιλεί

343 803 514 856 ταῦτα
547 807 644 855 καὶ
665 801 932 871 Ὀρέστης
964 801 1140 855 ἐποίει
1170 819 1184 834 ’
1221 804 1358 858 ἀλλὰ
1397 807 1490 858 καὶ
1528 808 1815 877 Κύριλλος.
1850 809 1924 861 Τὸ

345 896 506 964 σῶμα
541 894 600 946 δὲ
625 893 943 964 Ἀμμωνίου
983 895 1274 966 ἀναλαϐὼν
1297 939 1312 962 ,
1347 900 1406 950 ὲν
1445 899 1547 971 μιᾷ
1581 900 1686 951 τῶν
1721 901 1922 969 ἐκκλη-

343 982 476 1034 σιῶν
516 981 712 1046 ἐτίθει,
753 981 925 1051 ὄνομα
967 982 1156 1054 ἕτερον
1197 987 1597 1055 περιθέμενοςο
1647 991 1768 1041 ἀντὶ
1813 990 1924 1058 γὰρ

341 1075 656 1143 Ἀμμωνίου
685 1073 1000 1144 Θαυμάσιον
1033 1078 1409 1147 μετωνόμασε,
1440 1083 1537 1133 καὶ
1570 1081 1922 1152 μαρτυρικῆς

341 1165 495 1236 ὴξίου
529 1165 692 1236 τιμῆς
715 1183 729 1197 ·
763 1169 858 1220 καὶ
889 1165 979 1219 ἐπ’
1001 1168 1303 1234 ἐκκλησίας
1334 1168 1436 1240 τὴν
1466 1173 1784 1242 παρρησίαν
1820 1173 1924 1225 αὐο

341 1261 435 1313 τοῦ
467 1263 562 1313 καὶ
593 1263 682 1312 τὸν
713 1260 873 1329 ζῆλον
901 1260 1234 1332 ἐθαύμαζεν,
1261 1261 1336 1326 ὼς
1367 1263 1558 1328 ἀγῶνα
1587 1264 1746 1333 δῆθεν
1779 1265 1920 1334 ὑπὲρ

343 1351 628 1413 εὐσεϐείας
655 1353 1024 1418 διενεγκόντα.
1055 1352 1174 1407 Κᾶν
1198 1357 1311 1416 τοῖς
1341 1355 1558 1418 πολλοῖς
1584 1357 1922 1428 τῶειόμοφύ-

342 1444 448 1497 λων
477 1445 577 1496 οὐκ
609 1444 812 1508 ἔνδικος
845 1445 1023 1498 ἐδόκει
1049 1447 1082 1517 ή
1115 1449 1173 1510 ἐς
1200 1447 1358 1500 τόσον
1389 1448 1548 1519 τιμή.
1580 1449 1922 1518 Προπετείας

345 1537 450 1606 γὰρ
485 1537 646 1605 χάριν
675 1535 865 1604 ἔλεγον
897 1537 1192 1591 δεδωκέναι
1224 1541 1326 1607 τὴν
1355 1539 1514 1608 δίκην
1547 1541 1757 1593 ἐκεῖνον
1779 1579 1795 1604 ,
1827 1543 1920 1594 καὶ

342 1627 442 1680 οὐκ
487 1627 580 1680 ἐπὶ
617 1625 696 1692 τῷ
741 1627 973 1696 Χριστδν
1013 1627 1356 1698 ἀρνήσασθαι
1397 1627 1694 1698 βιασθῆναι
1739 1627 1920 1684 θανεῖν

343 1718 581 1772 ἑλέσθαι.
619 1719 811 1772 Ἔνθεν
859 1737 941 1772 τοι
993 1720 1091 1774 καὶ
1140 1720 1408 1791 Κύριλλος
1455 1722 1638 1792 ἡρέμα
1685 1721 1811 1788 ἑῶν,
1862 1723 1920 1775 ὲν

340 1809 476 1880 λήθῃ
514 1812 580 1863 τὰ
617 1811 758 1865 κατὰ
795 1811 888 1864 τὸν
912 1811 1228 1882 ’Λμμὼνιον
1263 1813 1521 1866 ἐποιεῖτο.
1559 1813 1634 1867 Οὐ
1676 1812 1782 1884 μὴν
1818 1811 1920 1882 τῆς

341 1899 429 1952 ἐπ’
455 1900 692 1974 Ὀρέστῃ
719 1903 814 1954 καὶ
846 1902 1101 1972 Κυρίλλφ
1130 1901 1416 1966 διενέξεως
1447 1901 1610 1972 μέχρι
1637 1900 1828 1954 τούτου
1855 1901 1916 1954 τὸ

339 1989 515 2042 δεινὸν
568 1990 880 2060 προῆλθεν·
931 1990 1046 2043 ἀλλ’
1078 1991 1307 2043 ἐπελθὸν
1359 1991 1552 2056 ἕτερον
1603 1991 1700 2060 οὐχ
1751 1985 1916 2060 ἦττον

341 2081 484 2150 ἢπερ
517 2082 695 2134 ἐκεῖνο
727 2083 906 2151 χρόνῳ
938 2081 1146 2151 προϊὸν,
1178 2081 1384 2148 ταύτην
1409 2081 1732 2152 ἠμαύρωσε.
1765 2083 1829 2134 Τί
1857 2083 1914 2135 δὲ

339 2167 407 2240 ἧν
434 2173 630 2234 ἐκεῖνο,
659 2173 899 2226 λεκτέον.

2027 721 2192 792 469
2220 725 2540 778 Ammonius
2571 733 2752 778 autem
2789 721 3222 792 comprehensus
3243 762 3257 784 ,
3293 721 3358 774 ad
3395 721 3603 789 judieis

2031 814 2269 868 tribunal
2299 815 2496 868 ductus
2529 825 2614 868 est
2649 831 2663 868 :
2703 815 2756 868 in
2787 829 2948 882 quem
2987 813 3080 868 ille
3111 813 3228 881 lege
3260 813 3343 881 agi
3373 813 3599 882 julieus.

2027 916 2095 955 eo
2123 917 2292 971 usque
2315 905 2743 958 excruciandum
2769 904 3004 969 curavit,
3031 904 3208 957 donec
3236 903 3398 957 vitam
3427 918 3532 956 mm
3551 911 3601 955 te

2029 1003 2413 1048 eommutaret.
2458 996 2592 1050 Rem
2643 995 2785 1049 hanc
2833 994 3148 1064 imperatori
3191 1003 3249 1048 et
3291 993 3513 1049 Orestes
3547 1003 3605 1048 et

2026 1083 2264 1154 Cyrillus
2305 1085 2655 1156 signiﬁcavit.
2707 1086 2942 1155 Cyrillus
2981 1087 3256 1140 Ammonii
3300 1101 3500 1156 corpus
3545 1086 3601 1139 in

2025 1175 2256 1230 ecclesia
2306 1176 2543 1244 quadam
2600 1177 2836 1244 sepeliit,
2893 1185 3104 1232 mutato
3154 1177 3304 1230 illius
3352 1176 3596 1231 nomine.

2026 1265 2134 1318 Pro
2172 1265 2464 1319 Ammonio
2491 1266 2634 1320 enim
2679 1267 3096 1330 Thaumasium,
3133 1267 3240 1321 hoc
3272 1275 3378 1332 est,
3415 1267 3600 1320 Admi-

2026 1357 2252 1410 randum
2285 1360 2534 1423 vocavit,
2573 1358 2941 1428 eumdemque
2981 1363 3242 1426 martyris
3275 1359 3486 1413 honore
3517 1358 3601 1410 tli-

2023 1453 2220 1514 gnatus
2250 1457 2374 1500 est:
2407 1456 2570 1515 atque
2613 1447 2664 1500 in
2697 1448 2934 1501 ecclesia
2969 1447 3286 1502 libertatem
3325 1457 3380 1502 et
3419 1447 3599 1500 zelum

2024 1538 2192 1600 illius,
2237 1542 2332 1607 qui
2378 1549 2659 1594 certamen
2704 1540 2966 1595 videlicet
3006 1555 3106 1610 pro
3148 1540 3364 1594 veriore
3401 1541 3600 1608 pietate

2022 1627 2352 1694 pertulerit,
2415 1643 2540 1681 cum
2603 1628 2972 1684 admiratione
3027 1629 3437 1699 depraadicavit.
3495 1629 3598 1683 Sel

2021 1718 2170 1772 enim
2203 1719 2492 1790 permultis
2524 1721 2886 1791 popularibus
2915 1721 3250 1777 Christianis
3281 1721 3600 1792 illegitimus
3670 1722 3680 1729 ’

2022 1807 2200 1861 honor
2241 1816 2428 1862 tantus
2465 1824 2586 1890 esse
2629 1812 2784 1868 visus
2829 1823 2952 1877 est,
3008 1813 3304 1882 praacipitis
3354 1812 3600 1867 audacia:

2021 1913 2212 1968 pinnas
2244 1915 2370 1953 eum
2409 1900 2661 1966 dedisse,
2702 1913 2759 1957 et
2789 1920 2898 1958 non
2945 1905 2999 1958 vi
3046 1903 3230 1973 aliqua
3273 1903 3601 1965 adductum,

2019 2004 2143 2059 quae
2165 1990 2214 2044 ei
2243 1991 2414 2056 nulla,
2447 1991 2508 2045 ut
2531 1993 2817 2048 Christum
2857 2006 3204 2066 pernegaret,
3237 1996 3400 2049 allata
3431 1995 3596 2054 esset,

2021 2081 2372 2136 moriendum
2403 2082 2508 2136 sibi
2537 2083 2592 2137 in
2626 2089 2916 2142 tormentis
2945 2103 3068 2142 esse
3093 2087 3373 2150 statuisse,
3407 2087 3593 2140 dii-eno

2024 2171 2194 2227 tibus.
2223 2173 2572 2244 Quapropter
2599 2184 2654 2228 et
2677 2175 2915 2248 Cyrillus
2944 2179 3204 2248 paulatim
3232 2177 3465 2232 consilio
3496 2193 3598 2232 suo

341 2265 636 2328 absistens,
663 2265 930 2320 oblivioni
958 2267 1234 2321 Ammonii
1267 2282 1358 2322 res
1384 2267 1684 2322 mandavit.
1713 2268 1913 2324 Verum
1953 2271 2237 2328 enimvero
2297 2274 2588 2328 dissidium
2625 2274 2770 2329 inter
2828 2272 3080 2328 Orestem
3112 2281 3168 2326 et
3194 2271 3458 2341 Cyrillum
3488 2284 3595 2324 nou

341 2377 409 2416 eo
467 2371 678 2418 tantum
733 2363 1078 2434 indignitatis
1127 2364 1440 2434 processit:
1495 2364 1591 2420 sed
1643 2365 1914 2421 accedens
1953 2369 2148 2423 aliud‘
2179 2370 2286 2424 isto
2363 2387 2468 2426 non
2506 2370 2688 2426 minus
2728 2369 2874 2440 quod
2911 2381 3102 2440 poswa
3129 2366 3367 2432 accidit,
3404 2368 3600 2422 absur-

343 2457 569 2513 ditatem
628 2475 750 2514 eam
815 2460 1180 2515 oblitteravit.
1238 2459 1384 2528 Quid
1445 2469 1631 2514 autem
1700 2460 1753 2514 id
1822 2462 1912 2528 sit,
1937 2465 2261 2522 dicendum.

917 2578 1172 2634 ΚΕΦΑΛ.
1205 2579 1326 2644 lC.".

341 2667 483 2742 napi
505 2668 616 2736 τῆς
640 2669 984 2742 φιλοσόφου
1031 2669 1345 2742 intactae,
1370 2671 1468 2742 _(:)c
1503 2671 1767 2742 ἀνῃρέθη
1798 2674 1918 2728 ὑπὸ

412 2739 534 2811 ζῶνς
559 2737 1208 2811 κληρικῶνξΚυρίλλου
1238 2755 1251 2768 ο
1289 2740 1386 2792 καὶ
1425 2742 1557 2806 περὶ
1588 2737 1700 2811 τῆς
1745 2737 1921 2810 δίκης

411 2807 492 2878 ἦν
521 2808 796 2862 Ἰουδαῖοι
828 2809 1054 2863 ἔδοσαν
1082 2811 1155 2863 τὰ
1182 2811 1554 2878 Χριστιανῶν
1577 2807 1919 2874 διὰζπαίζονζ

410 2895 536 2943 τες.

413 2989 502 3044 Ἔν
531 2989 912 3064 Ἀλεξανδρείᾳ
961 2994 1097 3062 γυνή
1149 3009 1233 3054 τις
1273 2993 1508 3050 Ὑπατία
1559 2990 1650 3065 ἦν,
1703 2997 1912 3063 πατέρα

344 3087 442 3152 μὲν
475 3083 766 3152 αύχήσασα
799 3083 989 3134 Θέωνα
1020 3084 1110 3135 τὸν
1145 3083 1470 3153 φιλόσοφον,
1505 3086 1915 3156 μαθητευθεῖσα

339 3175 396 3228 δὲ
427 3174 608 3237 καλῶς
638 3175 717 3244 τῷ
749 3173 917 3243 πατρί
943 3188 957 3204 °
993 3175 1086 3226 ἐπὶ
1114 3173 1274 3226 τόσον
1310 3176 1629 3245 παρήνεγκε
1659 3179 1774 3239 τοῖς
1807 3194 1915 3245 μα-

339 3269 615 3338 θήμασιν,
659 3266 734 3330 ὡς
775 3265 1082 3336 ὑπερϐῆναι
1127 3266 1290 3337 μήτοι
1331 3283 1394 3335 γε
1431 3269 1559 3330 τοὺς
1597 3267 1718 3320 κατ’
1745 3268 1916 3338 αὐτὴν
1942 3305 1987 3361 c

340 3360 634 3429 φιλοσόφου
648 3375 692 3422 :,
716 3357 854 3412 ἀλλὰ
881 3358 975 3410 καὶ
999 3358 1124 3419 τοὺς
1153 3360 1218 3410 ὲκ
1245 3357 1446 3410 πολλοῦ
1473 3357 1878 3428 γεγενημένους
1899 3376 1912 3388 ·

258 3485 262 3490 -
339 3455 680 3524 χρηματίσαι
727 3450 784 3503 δὲ
829 3451 925 3503 καὶ
967 3449 1216 3519 διάδοχον
1258 3449 1360 3518 τῆς
1410 3451 1766 3520 Πλατωνικῆς
1809 3451 1917 3504 ἀπὸ

341 3545 612 3598 Πλωτίνου
655 3542 1044 3612 καταγομένης
1083 3541 1394 3612 διατριϐῆς.
1433 3527 1735 3613 Πρόχειρος
1775 3541 1820 3595 δ’
1847 3538 1916 3614 ἦν

341 3638 478 3690 πᾶσι
511 3637 624 3698 τοῖς
665 3633 1016 3704 βουλομένοις
1050 3631 1150 3702 τὴν
1183 3633 1294 3685 τῶν
1334 3632 1680 3702 μαθημάτων
1715 3633 1917 3702 γνῶσιν

339 3726 652 3780 ἐκτίθεσθαι
679 3743 694 3759 ο
727 3727 853 3780 ὅθεν
887 3726 984 3778 καὶ
1017 3727 1132 3778 ὅσοι
1167 3725 1484 3794 φιλοσοφεῖν
1519 3726 1798 3794 ἐρωτικῶς
1837 3721 1916 3778 εῖ-

339 3839 464 3892 χον,
498 3821 628 3890 παρ’
655 3819 827 3890 αὐτὴν
858 3819 1114 3889 ἔτρεχον,
1141 3819 1204 3870 ού
1242 3817 1404 3886 μόνον
1433 3817 1522 3870 διὰ
1549 3818 1650 3886 τὴν
1681 3817 1917 3888 προσιῦ⁹

341 3926 443 3962 σαν
460 3909 600 3978 αὐτῇ
623 3907 830 3978 σεμνὴν
846 3907 1183 3976 παρρησίαν,
1204 3903 1318 3958 ἀλλ’
1337 3907 1418 3958 ὅτι
1442 3906 1664 3968 καὶτοῖς
1689 3906 1918 3976 ἄρχουσι

342 4001 638 4068 σωφρόνως
668 3998 1179 4071 προσήρχετοηΚαὶ
1206 3997 1307 4051 ούκ
1335 3997 1590 4068 ἄσχημον
1617 3999 1794 4052 ἐδόκει
1823 3999 1921 4050 αύ-

339 4091 438 4160 τὴν
473 4093 532 4143 ὲν
570 4090 720 4160 μέσῳ
753 4094 1010 4160 παρεῖναι
1044 4089 1256 4158 ἀνδρῶν
1279 4105 1292 4118 ⁸
1328 4091 1466 4144 πᾶσι
1501 4090 1614 4160 γὰρ
1646 4090 1712 4143 δι’
1738 4089 1920 4154 αἰδοῦς

337 4178 407 4254 ἦν
447 4185 514 4252 τῇ
559 4183 659 4248 τῆς
705 4182 1066 4250 σωφροσύνης
1113 4180 1416 4252 ὑπερϐολῇ,
1465 4181 1560 4234 καὶ
1599 4181 1704 4234 ἀνὰ
1745 4181 1918 4252 στόμα

341 4277 476 4328 πᾶσι
508 4275 605 4328 καὶ
635 4274 726 4326 διὰ
761 4273 1044 4340 θαύματος
1078 4273 1272 4344 ήγετο.
1305 4272 1440 4326 Τότε
1473 4273 1518 4324 δ’
1543 4271 1634 4325 οὖν
1663 4275 1690 4325 ὁ
1725 4273 1918 4342 φθόνος

340 4369 432 4418 καὶ
472 4363 614 4417 κατὰ
649 4363 858 4433 ταύτης
901 4360 1178 4426 ὡπλίζετο
1203 4379 1217 4392 ·
1258 4363 1580 4434 συχνότερον
1615 4364 1726 4434 γὰρ
1769 4365 1919 4436 παρὰ

338 4459 415 4526 τῷ
454 4457 692 4528 Ὀρέστῃ
743 4455 1020 4523 φοιτῶσα,
1071 4455 1327 4525 διαϐολὴν
1377 4456 1499 4508 κατ’
1531 4455 1700 4526 αὐτῆς
1749 4457 1918 4510 ικίνει

337 4552 452 4612 τοῖς
476 4548 608 4617 περὶ
637 4546 904 4618 Κύριλλον
932 4545 1216 4614 κληρικοῖς
1235 4587 1249 4610 ,
1284 4549 1358 4609 ὡς
1400 4545 1488 4616 ἄρ’
1515 4548 1700 4616 εκείνη
1727 4548 1812 4617 εἴη
1843 4551 1916 4620 μὴ

2611 2577 2834 2634 CAPUT
2875 2577 3014 2633 XVI.

2031 2671 2106 2726 De
2137 2671 2442 2741 philosopha
2469 2657 2724 2742 Hypatio,
2753 2678 2809 2742 ut
2837 2687 2874 2742 ap
2893 2673 3032 2723 clero
3061 2667 3248 2742 Cyrilli
3279 2669 3346 2723 sit
3373 2680 3558 2724 necata
3577 2686 3598 2726 :

2097 2738 2146 2794 et
2169 2743 2232 2792 de
2285 2738 2535 2794 viitdicta’
2564 2757 2724 2810 quam
2768 2739 2942 2794 Juda'i
2983 2738 3337 2808 pertulerunt,
3385 2754 3602 2810 promer

2096 2813 2258 2867 irrisa
2295 2813 2722 2867 Christianorum
2755 2826 2935 2863 sacra.

2093 2989 2437 3044 Alexandriae
2491 2987 2691 3041 femina
2744 2984 2994 3056 quaedam
3049 2985 3281 3056 Hypatia
3339 2997 3461 3041 erat
3491 2989 3592 3058 {1),

2021 3090 2234 3150 patrem
2266 3081 2476 3134 habens
2499 3079 2783 3133 Theonem
2812 3077 3226 3146 philosophum,
3255 3095 3284 3130 a
3315 3093 3425 3146 quo
3450 3089 3598 3134 recte

2020 3173 2273 3227 instituta
2295 3212 2308 3236 ,
2343 3179 2555 3226 tantum
2592 3169 2904 3238 disciplinis
2941 3169 3202 3222 excelluit
3224 3209 3240 3235 ,
3275 3178 3331 3222 ut
3363 3185 3472 3224 non
3506 3186 3597 3224 so—

2020 3264 2132 3318 lum
2181 3263 2442 3332 temporis
2491 3261 2620 3326 sui,
2664 3277 2856 3316 verum
2905 3261 3072 3315 etiam
3112 3261 3206 3330 qui
3239 3261 3402 3330 longe
3435 3270 3596 3316 antea

2018 3356 2377 3418 exstitissent,
2420 3351 2778 3422 philosophos
2816 3351 3110 3420 superarit
3143 3392 3157 3415 ,
3211 3359 3266 3406 et
3317 3351 3372 3404 iu
3418 3351 3600 3406 Plato-

2019 3448 2140 3500 nica
2174 3445 2363 3500 schola
2391 3459 2422 3498 a
2461 3444 2678 3498 Plotino
2709 3441 2944 3497 deducta
2969 3469 2990 3508 ς
3021 3443 3374 3497 successerit.
3406 3443 3600 3498 Prom-

2018 3547 2110 3606 pta
2137 3536 2226 3592 illa
2250 3544 2392 3601 erat,
2415 3534 2844 3604 quibuscunque
2873 3533 3156 3598 studiosis,
3181 3533 3598 3604 disciplinarum

2020 3626 2389 3695 cognitionem
2434 3639 2766 3694 proponere.
2793 3623 3032 3678 Proinde
3059 3623 3380 3694 quicunque
3415 3625 3599 3694 philo-

2019 3719 2227 3788 sophia:
2255 3735 2440 3772 amore
2476 3727 2816 3778 tenerentur,
2851 3716 2918 3770 ad
2947 3715 3097 3770 illam
3135 3715 3454 3778 veniebant,
3488 3733 3599 3770 non

2023 3822 2232 3866 tantum
2263 3819 2493 3881 propter
2521 3825 2644 3864 eam
2672 3824 2794 3879 qua:
2826 3809 2906 3862 illi
2944 3809 3122 3862 inerat
3158 3808 3445 3862 honestam
3476 3825 3602 3878 gra~

2019 3919 2254 3973 ‘Jemque
2305 3906 2357 3958 in
2409 3902 2644 3956 dicendo
2700 3901 3046 3963 libertatem,
3101 3900 3196 3954 sed
3244 3899 3408 3954 etiam
3453 3902 3599 3968 quod

2021 4007 2170 4050 caste
2198 4004 2252 4048 et
2299 3995 2604 4064 prudenter
2633 3992 2915 4062 principes
2951 3992 3132 4046 adiret
3175 3993 3342 4046 viros.
3377 3992 3490 4046 Nec
3516 3993 3601 4045 iu-

2019 4086 2282 4141 decorum
2323 4102 2446 4140 esse
2481 4085 2792 4146 videbatur,
2829 4097 2950 4137 eam
2991 4083 3138 4137 inter
3166 4084 3316 4137 viros
3361 4083 3596 4137 mediam

2020 4177 2233 4231 adesse.
2284 4177 2707 4230 Revcrcbautur
2751 4184 2808 4228 ct
2841 4174 3214 4228 observabant
3252 4189 3374 4228 eam
3405 4189 3599 4228 omnes

2021 4279 2244 4337 propter
2285 4269 2642 4322 excellentem
2693 4264 3010 4334 pudicitiam
3043 4305 3057 4328 ,
3111 4274 3168 4319 et
3213 4265 3474 4319 omnibus
3509 4267 3601 4320 illa
3651 4313 3672 4330 ,

2021 4377 2144 4416 cum
2194 4359 2560 4414 admiratione
2601 4358 2655 4414 in
2689 4372 2786 4412 ore
2824 4367 2964 4411 erat.
2997 4357 3272 4410 Adversus
3309 4357 3452 4411 hanc
3483 4367 3596 4410 tum

2021 4470 2079 4507 se
2105 4451 2308 4507 invidia
2343 4453 2598 4506 armavit.
2632 4449 2789 4516 Quod
2822 4464 3060 4519 namque
3091 4449 3438 4518 frequentius
3471 4464 3596 4504 cum

2021 4547 2213 4600 Oreste
2249 4556 2414 4609 esset,
2443 4543 2779 4598 calumniam
2815 4541 2867 4596 id
2899 4543 2948 4596 ei
2980 4542 3124 4612 apud
3158 4540 3346 4610 Cyrilli
3382 4541 3594 4596 clerum

339 4642 612 4712 συμϐῆναι
639 4641 774 4710 πρὸς
803 4638 1153 4707 καταλλαγὰς
1181 4639 1328 4692 ὲῶσα
1354 4641 1607 4710 Κυρίλλῳ
1632 4641 1722 4695 τὸν
1745 4641 1918 4712 ἔπαρ-

2025 4637 2236 4708 pepcrit
2275 4635 2504 4708 perinde
2535 4643 2702 4704 atque
2739 4635 2879 4704 ipsa,
2919 4633 3217 4704 quominus
3256 4633 3426 4704 gratia
3457 4634 3600 4687 inter

336 4753 452 4803 χον.
495 4733 602 4787 Καὶ
639 4732 702 4802 δή
741 4747 888 4793 τινες
931 4731 1159 4782 ἐκείνων
1195 4729 1462 4801 ἔνθερμον
1503 4731 1756 4803 Κυρίλλῳ
1788 4732 1914 4803 τρέ-

338 4841 530 4892 φοντες
573 4824 786 4893 ἔρωτα,
832 4815 908 4874 ὧν
951 4822 1139 4890 ἡγεῖτο
1183 4821 1388 4891 Πέτρος
1431 4839 1517 4884 τις
1560 4822 1912 4891 ἀναγνώστου

334 4917 492 4983 τάξιν
543 4915 793 4986 πληρῶν,
849 4912 1179 4968 ὲπανιοῦσόιν
1230 4913 1399 4966 ποθεν
1451 4916 1912 4984 συντηρὴσαντες,

337 5010 430 5061 τοῦ
458 5008 650 5077 δίφρου
675 5007 1020 5070 καθελόντες,
1047 5006 1141 5059 ἐπὶ
1167 5004 1266 5076 τὴν
1291 5005 1615 5077 ἐκκλησίαν,
1643 5009 1678 5076 ἢ
1709 5006 1916 5061 Καίσα-

338 5102 430 5170 ρός
460 5103 610 5153 ἐστιν
635 5099 946 5168 ἐπώνυμος,
975 5092 1160 5151 εἷλκον
1183 5113 1198 5128 ·
1227 5098 1407 5150 ἐκεῖσέ
1434 5114 1492 5150 τε
1522 5097 1914 5166 περιδύσαντες

336 5193 473 5261 αὐτῇ
524 5190 622 5260 τὴν
671 5189 902 5260 ἐσθῆτα,
950 5189 1246 5260 ὀστράκοις
1293 5190 1504 5242 ἀνεῖλον
1533 5205 1547 5220 ο
1593 5187 1786 5242 ἔπειτα
1835 5193 1915 5253 εἰς

339 5285 479 5352 μέλη
513 5283 944 5346 διασπάσαντες,
979 5284 1074 5336 ἐπὶ
1107 5284 1198 5336 τὸν
1231 5281 1289 5346 ὃς
1323 5281 1598 5352 Καναρὼν
1634 5283 1913 5346 ἐκαλεῖτο,

336 5373 518 5442 χῶρον
552 5373 854 5438 ἀγαγόντες
877 5411 892 5435 ,
926 5371 1175 5438 δαπάνην
1210 5371 1506 5438 ἐπαφῆκαν
1545 5371 1699 5440 πυρί.
1742 5367 1916 5422 Τοῦτο

339 5461 618 5532 πραχθὲν,
657 5463 758 5516 οὐκ
801 5463 1087 5531 ἐλάχιστον
1136 5463 1331 5533 μῶμον
1375 5460 1614 5532 περιῆψε
1659 5461 1916 5531 Κυρίλλῳ

414 5622 493 5691 (l)
521 5619 804 5692 Hypatiam
837 5619 998 5692 istam
1021 5621 1090 5674 ad
1115 5630 1365 5692 stuprum
1397 5619 1682 5688 promissis
1709 5628 1766 5673 et
1795 5635 1917 5690 per-

338 5691 696 5747 suasionibus
747 5691 934 5744 multis
987 5691 1306 5744 sollicitavit
1349 5692 1569 5758 juvenis
1623 5701 1914 5744 venustus.

339 5761 438 5815 Illa
471 5776 602 5816 vero
631 5777 755 5815 cum
789 5761 1232 5814 dissuasiouibus
1264 5761 1386 5814 aliis
1415 5777 1441 5812 a
1480 5769 1660 5828 empto
1697 5774 1798 5813 suo
1833 5775 1917 5812 re-

342 5831 548 5899 pellere
579 5833 834 5898 nequiret
867 5832 1168 5894 hominem,
1203 5845 1444 5899 pannum
1481 5830 1751 5883 mensium
1790 5844 1918 5883 suo-

343 5915 464 5954 rum
497 5901 760 5971 protulit,
804 5911 860 5956 et
899 5899 1145 5954 lwditate
1177 5901 1484 5954 inconccssi
1532 5911 1582 5953 et
1633 5899 1914 5954 libidinosi

2017 4731 2280 4800 Cyrillum
2319 4729 2382 4784 et
2420 4725 2736 4798 praefectum
2789 4727 3157 4788 coalesceret,
3200 4723 3597 4794 impedimento
3648 4730 3653 4735 '

2019 4832 2184 4876 esset.
2213 4822 2378 4894 470
2423 4823 2768 4888 Quapropter
2812 4833 2879 4872 ex
2924 4817 3035 4872 illis
3073 4816 3295 4886 quidam
3339 4815 3594 4886 ﬂagranti

2017 4914 2278 4985 Cyrillum
2322 4919 2720 4982 prosequentes
2761 4923 2972 4972 amore,
3005 4908 3206 4977 quibus
3250 4907 3447 4961 Petrus
3475 4907 3600 4976 qni-

2017 5006 2140 5056 dam
2190 5018 2257 5058 ex
2297 5003 2564 5056 lectorum
2613 4999 2810 5054 ordine
2839 4997 3045 5066 praeiit,
3095 4995 3420 5051 redeuntem
3473 5009 3593 5048 eam

2019 5093 2275 5148 alicunde
2305 5091 2571 5147 insidiose
2602 5091 2963 5145 observantes
2987 5125 3002 5151 ,
3043 5101 3110 5140 ex
3142 5101 3312 5141 curru
3345 5085 3598 5139 detraxe-

2019 5197 2168 5252 runt,
2195 5195 2359 5256 atque
2395 5185 2448 5240 in
2481 5184 2773 5239 ecclesiam
2803 5196 2925 5256 qua:
2956 5195 2986 5234 a
3021 5178 3237 5234 Caesare
3270 5175 3350 5248 (2)
3390 5191 3591 5232 nomen

2020 5281 2217 5343 habet,
2267 5285 2621 5348 rapuerunt:
2669 5289 2837 5346 atque
2888 5273 2959 5329 ibi
3011 5272 3260 5328 vestibus
3305 5271 3594 5332 nudatam,

2021 5385 2090 5426 te:
2107 5381 2284 5425 tarum
2312 5369 2632 5442 fragmentis
2655 5375 2957 5424 enecarunt
2982 5382 2997 5422 :
3023 5363 3223 5420 deinde
3244 5362 3592 5417 membratim

2019 5466 2310 5519 dissectum
2341 5462 2450 5530 (ὃ),
2504 5461 2556 5515 in
2605 5459 2789 5516 locum
2838 5458 2932 5528 qui
2961 5455 3206 5511 Cinaron
3255 5453 3439 5508 dictus
3484 5460 3591 5518 est,

2019 5615 2344 5672 concubitus
2379 5621 2805 5668 commonstrata
2845 5612 2996 5667 illum
3030 5609 3285 5681 absolvit.
3319 5607 3591 5681 (Suidas.)

2090 5688 2166 5757 (‘2)
2205 5687 2504 5757 Caesarium
2541 5683 2754 5757 dictam
2775 5681 3026 5757 esse,_a_it
3055 5680 3213 5735 Socr.

2092 5747 2168 5826 (’5)
2212 5755 2408 5809 Suidas
2455 5754 2636 5822 potius
2693 5751 3191 5826 Alexandrinorum
3224 5747 3482 5826 _audacia_
3535 5759 3594 5803 et

2022 5819 2260 5882 tumultu
2323 5819 2567 5878 necatum
2623 5836 2742 5876 esse
2814 5828 3011 5890 putat:
3058 5819 3152 5888 qui
3205 5819 3272 5872 de
3315 5833 3379 5872 ea
3436 5819 3591 5888 plura

2021 5899 2236 5953 scribit.
