4044 6450
425 452 564 525 1197

1622 461 2050 523 NICEPHORI
2092 462 2436 523 CALLlSTI

3540 452 3673 519 1108

416 567 738 633 duxerunt,
784 579 950 639 atque
987 572 1321 627 ustularunt.
1352 573 1591 629 Facinus
1619 573 1725 627 hoc
1759 574 1997 627 maxime

2114 576 2194 626 καὶ
2229 576 2297 644 τῇ
2340 572 2462 627 κατ’
2493 572 2657 628 αὐτὸν
2692 570 2961 641 ἐκκλησίᾳ
2986 584 3000 601 ο
3037 570 3151 632 τοῖς
3189 566 3300 640 γὰρ
3336 565 3676 639 αίρουμένοις

415 662 473 716 in
504 661 708 733 Cyrillo
737 671 793 717 et
824 664 1057 720 ecclesia
1087 666 1209 737 ejus
1238 668 1637 737 reprehensum
1671 674 1774 721 est.
1803 666 1937 720 Nam
1967 679 1996 718 a

414 755 621 813 Christi
667 758 1038 814 sectatoribus
1077 760 1271 814 alienae
1317 774 1546 829 prorsus
1589 768 1723 813 sunt
1755 755 1999 822 invidiae,

412 849 673 912 dissidia,
729 851 1108 907 contentionis
1157 851 1377 917 studia,
1425 865 1652 921 pugnae,
1689 850 1891 909 cades.
1941 857 1999 903 et

411 956 752 1011 quascunque
783 951 913 998 sunt
946 943 1168 1012 generis
1200 941 1473 1013 ejusdem.
1516 940 1681 995 Facta
1715 939 1832 993 inec
1865 946 2000 993 sunt

414 1041 613 1100 quarto
653 1033 1011 1102 episcopatus
1044 1033 1237 1104 Cyrilli
1272 1030 1663 1097 Alexandrini,
1696 1028 1999 1084 Theodosii

410 1131 595 1178 autem
654 1134 814 1180 sexto
864 1124 1083 1195 imperii
1132 1112 1311 1189 anno,
1365 1138 1557 1177 mense
1604 1120 1822 1183 Martio,
1870 1135 1996 1174 cum

407 1214 748 1284 jejuniorum
801 1232 958 1273 sacra
1010 1217 1452 1273 celebrarentur.
1520 1212 1640 1268 Non
1699 1212 1772 1267 ita
1824 1211 2000 1266 multo

416 1314 541 1375 post
565 1306 742 1363 Judaei
774 1324 1019 1373 rursum,
1054 1323 1179 1363 cum
1213 1306 1601 1362 detestandum
1636 1307 1693 1360 in
1723 1302 1998 1360 Christia-

415 1416 519 1456 nos
565 1402 979 1458 commisissent
1015 1402 1317 1473 ﬂagitium,
1373 1401 1571 1471 dignas
1613 1399 2002 1471 persolverunt

416 1507 631 1561 pmnas,
666 1494 724 1549 in
766 1495 889 1550 loco
931 1494 1168 1564 quodam
1219 1493 1308 1549 cui
1350 1493 1622 1553 lnmestar
1664 1505 1864 1545 nomen
1893 1496 1999 1552 est,

414 1588 560 1649 inter
603 1585 923 1643 Chalcidem
970 1595 1026 1642 et
1063 1586 1411 1644 Antiochiam
1434 1626 1448 1650 ,
1480 1599 1604 1655 qua:
1631 1582 1698 1637 ad
1734 1581 1999 1637 Orontem

415 1695 634 1734 amnem
662 1689 766 1744 est,
795 1679 925 1734 sito.
955 1678 1236 1735 Consueto
1259 1692 1498 1749 namque
1531 1676 1751 1731 ludicro
1771 1688 1998 1744 operam

414 1781 687 1828 navantes
717 1772 917 1838 Judaei,
951 1772 1157 1831 lasciva
1207 1770 1571 1843 protervitate
1603 1779 1773 1839 atque
1811 1766 1999 1823 ebrie-

418 1872 528 1917 tate
557 1873 713 1918 extra
741 1863 1005 1920 decorum
1038 1865 1314 1937 progressi
1357 1865 1528 1923 sunt‘.
1574 1871 1632 1916 et
1668 1875 1776 1915 non
1817 1858 1999 1913 solum

2105 667 2329 738 Χριστῷ
2358 664 2590 719 ἔπεσθαι
2620 664 2902 735 ἀλλότριον
2933 662 3115 733 πάντη
3146 659 3364 731 φθόνοι,
3401 658 3496 712 καὶ
3526 658 3676 725 φιλο-

2105 757 2341 821 νεικίαι,
2374 757 2468 811 καὶ
2497 756 2676 827 ἔριδες
2698 797 2713 822 ,
2751 755 2924 826 μάχαι
2953 770 3013 808 τε
3046 753 3183 824 πρὸς
3212 752 3425 814 τούτοις
3458 749 3548 804 καὶ
3579 748 3676 818 φό-

2102 866 2210 912 νοι,
2245 848 2342 901 καὶ
2373 848 2473 901 ὅσα
2503 847 2568 918 δὴ
2606 846 2989 917 παραπλήσια.
3020 843 3278 913 Τετάρτῳ
3314 841 3415 912 μὲν
3446 839 3536 895 οὖν
3570 841 3676 893 ἔτει

2103 940 2377 1007 Κυρίλλου
2421 938 2523 1008 τὴν
2568 937 2920 1009 Ἀλεξάνδρου
2969 935 3464 1008 ἐπιτροπεύοντος,
3509 931 3677 986 ταῦτα

2102 1033 2390 1104 ἐπράχθη,
2448 1032 2732 1113 Θεοδοσίου
2779 1032 2836 1086 δὲ
2881 1032 3043 1086 ἕκτον
3092 1031 3210 1093 ἔτος
3259 1028 3565 1090 διανύοντος
3611 1028 3676 1097 τῇ

2102 1124 2271 1195 ἀρχῇ,
2314 1124 2374 1177 ὲν
2419 1123 2552 1194 μηνὶ
2594 1112 2828 1191 Μαρτίῳ
2867 1118 3211 1188 τελουμένων
3251 1116 3358 1169 τῶν
3395 1112 3675 1185 νηστειῶν.

2102 1216 2221 1273 Ούκ
2250 1217 2331 1281 είς
2364 1215 2584 1287 μακρὰν
2610 1215 2669 1271 δὲ
2700 1215 2865 1270 πάλιν
2885 1214 3133 1268 Ἰουδαῖοι
3164 1211 3309 1266 κατὰ
3334 1207 3678 1280 Χριστιανῶν

2103 1310 2274 1379 ὲναγῆ
2307 1305 2826 1377 διαπεπραγμένοι,
2862 1303 3020 1371 ἀξίαν
3053 1302 3240 1357 ἔδοσαν
3270 1300 3426 1367 δίκην
3447 1340 3463 1366 ,
3498 1301 3556 1351 ἐν
3577 1295 3677 1351 Ἰν-

2108 1399 2318 1470 μεστὰρ
2351 1398 2552 1452 οὑτωσὶ
2584 1396 2906 1467 καλουμένῳ
2939 1395 3124 1466 χώρῳ,
3152 1394 3210 1457 ὃς
3243 1390 3446 1463 μεταξὺ
3477 1391 3680 1444 Χαλκί-

2102 1490 2191 1552 δος
2228 1490 2323 1543 καὶ
2346 1489 2684 1559 Ἀντιοχείας
2717 1489 2818 1557 τῆς
2855 1488 2992 1559 πρὸς
3022 1485 3099 1557 τῷ
3125 1484 3352 1556 Ὀρόντῃ
3385 1485 3521 1537 ἐστί.
3552 1483 3681 1542 Ταῖς

2103 1581 2164 1648 ἐξ
2195 1583 2351 1646 ἔθους
2386 1584 2493 1653 γὰρ
2530 1582 2772 1644 παιδιαῖς
2804 1579 3258 1649 ὲνασμενίζοντες
3280 1576 3559 1642 Ἰουδαῖοι,
3590 1578 3682 1629 καὶ

2103 1677 2184 1747 τῷ
2210 1675 2389 1746 πολλῷ
2416 1677 2517 1746 τῆς
2546 1674 2840 1745 παροινίας
2868 1673 2972 1739 ἔξω
2996 1672 3108 1726 τῶν
3135 1672 3361 1725 είκότων
3385 1667 3683 1739 τηνικαῦτα

2104 1768 2491 1837 γεγενημένοι,
2523 1765 2582 1820 ού
2615 1764 2982 1836 Χριστιανοὺς
3016 1763 3198 1833 μόνον,
3232 1760 3369 1815 ἀλλὰ
3399 1759 3494 1813 καὶ
3523 1757 3683 1810 αὐτὸν

2105 1861 2199 1914 τὸν
2227 1860 2458 1930 Σωτῆρα
2485 1858 2725 1929 Χριστὸν
2752 1858 2863 1920 τοῖς
2894 1857 3169 1922 παιγνίοις
3196 1853 3465 1920 διέσυρον.
3490 1849 3683 1917 Ἐπεγ-

420 1954 801 2026 Christianos,
840 1958 938 2014 sed
971 1959 1152 2030 ipsum
1198 1972 1418 2029 quoque
1459 1955 1813 2011 Servatorem
1839 1951 2004 2008 Chri-

2114 1954 2378 2020 γελῶντες
2419 1952 2478 2005 δὲ
2513 1950 2576 2002 τὸ
2617 1949 2915 2015 ζωοποιοδν
2952 1947 3050 2002 τοῦ
3091 1944 3332 2015 σταυροῦ
3377 1942 3551 2008 ξύλον,
3590 1941 3684 1996 καὶ

420 2058 563 2111 stum
589 2049 887 2110 illudentes
916 2052 1322 2108 traduxerunt:
1353 2059 1412 2106 et
1439 2047 1785 2106 salutiferam
1817 2032 2001 2100 crucis

418 2138 651 2210 lignum,
686 2157 893 2210 eosque
918 2143 1015 2213 qui
1047 2157 1172 2213 spes
1202 2156 1331 2197 suas
1371 2141 1427 2195 in
1456 2154 1535 2197 eo
1579 2139 1716 2194 sitas
1768 2135 1997 2199 habent,

418 2231 690 2299 ridentes,
739 2233 1077 2290 horrendum
1115 2231 1391 2304 ejusmodi
1434 2230 1696 2303 quiddam
1739 2228 2000 2285 institue-

2105 2044 2233 2106 τοὺς
2259 2043 2347 2096 ἐπ’
2369 2041 2519 2112 αὐτῷ
2547 2040 2644 2105 τὰς
2672 2040 2894 2102 ἐλπίδας
2924 2038 3174 2109 ἔχοντας,
3199 2035 3445 2090 τοιοῦτόν
3468 2050 3522 2087 τι
3549 2032 3682 2100 πληο

2106 2133 2437 2208 κτικώτερον
2489 2131 2869 2194 διεσκεύαζον.
2939 2130 3163 2185 Παιδίον
3219 2129 3284 2181 ἐκ
3339 2124 3685 2196 Χριστιανῶν

2109 2225 2539 2296 συλλαϐόμενοι,
2592 2220 2813 2294 σταυρῷ
2865 2221 3289 2291 προσανήρτων.
3340 2217 3451 2271 Καὶ
3494 2215 3685 2287 πρῶτα

417 2331 570 2378 runt.
614 2321 854 2380 Puerum
906 2326 1055 2381 enim
1108 2325 1487 2382 Christianum
1534 2321 1999 2393 comprehensum

2114 2319 2210 2389 μὲν
2247 2317 2443 2386 γέλωτι
2486 2317 2582 2371 καὶ
2625 2313 2797 2387 χλεύη
2838 2312 3116 2382 συνῆσανο
3161 2306 3281 2363 εἶτα
3321 2307 3432 2362 τῶν
3472 2304 3684 2377 φρενῶν

418 2418 473 2471 in
506 2431 677 2477 cruce
713 2418 1147 2489 suspenderunt,
1178 2433 1420 2489 eumque
1447 2415 1690 2473 ludibrio
1721 2423 1777 2469 et
1812 2411 2002 2468 sannis

2114 2408 2214 2476 ἔξω
2242 2409 2552 2480 γενόμενοι,
2587 2408 2684 2462 ἐπὶ
2710 2407 2871 2461 τόσον
2902 2405 3228 2476 ὲμάστιξαν,
3262 2401 3405 2455 ὥστε
3436 2399 3531 2453 καὶ
3561 2399 3686 2452 ἀνε-

419 2509 661 2579 primnm
703 2511 1025 2581 prosecuti‘,
1057 2511 1261 2568 deinde
1293 2511 1552 2566 alienatis
1581 2521 1809 2578 prorsus
1845 2519 2004 2559 men-

2114 2504 2242 2556 λεῑν.
2273 2500 2337 2553 Τί
2367 2499 2430 2553 τὸ
2458 2499 2549 2553 ἐπὶ
2582 2498 2835 2563 τούτοις;
2867 2495 3067 2549 Πολλοὶ
3097 2495 3197 2565 μὲν
3228 2492 3468 2552 ἐκεῖθεν,
3503 2486 3684 2542 πολλοὶ

420 2606 593 2673 tibus,
628 2604 818 2676 ﬂagris
851 2606 920 2665 ad
950 2618 1187 2663 mortem
1231 2620 1403 2676 usque
1436 2601 1823 2660 conciderunt.
1858 2596 2001 2664 Quid

2114 2597 2158 2649 δὲ
2196 2593 2447 2648 ἐντεῦθεν
2481 2589 2855 2664 συρραγέντες
2890 2588 3030 2661 πρὸς
3066 2586 3334 2655 ἀλλήλους
3370 2580 3641 2652 ἠμύνοντο
3664 2592 3680 2609 ⁸

425 2670 798 2772 γετοροεῖειι
846 2699 1275 2757 factumiMulti
1316 2670 1552 2769 quidem
1616 2694 1686 2750 ab
1739 2692 2000 2754 illorum,

2114 2690 2199 2743 καὶ
2226 2686 2441 2757 χαλεπὴ
2473 2684 2808 2755 συμπληγὰς
2840 2683 2929 2736 ἐπ’
2953 2681 3246 2751 ἀμφότερα
3275 2676 3343 2730 τὰ
3379 2675 3519 2744 μέρη
3540 2670 3683 2740 ἐχώ-

423 2790 583 2847 multi
607 2791 774 2847 etiam
817 2808 848 2850 a
894 2805 1084 2848 nosua
1131 2802 1289 2862 parte
1329 2766 1473 2845 inter
1496 2802 1555 2844 se
1597 2788 2000 2842 concurrentes

2114 2797 2214 2851 ρει,
2249 2778 2326 2842 ὼς
2358 2780 2452 2833 καὶ
2489 2776 2779 2839 πλείστους
2815 2774 3194 2845 ἀναιρεθῆναι.
3225 2769 3382 2823 Ἐπεὶ
3414 2766 3460 2820 δ’
3487 2768 3514 2819 ὁ
3546 2781 3683 2835 κρα-

419 2885 835 2957 depugnarunt,
871 2895 927 2942 et
956 2884 1251 2942 conﬂictus
1283 2882 1564 2952 utrimque
1593 2864 1778 2949 gravis
1808 2877 2001 2941 lactus,

2114 2870 2214 2924 τῶν
2245 2872 2303 2924 τὸ
2332 2868 2550 2938 συμϐὰν
2579 2867 2875 2936 ἐμάνθανε,
2906 2867 3018 2928 τοῖς
3049 2863 3171 2917 κατ’
3196 2858 3464 2929 ἐπαρχίαν
3494 2856 3686 2927 ἄρχουο

419 2978 561 3034 adeo
614 2986 673 3033 ut
707 2978 933 3049 plurimi
979 2978 1417 3035 trucidarentur.
1469 2945 1647 3042 Atque
1692 2969 1747 3024 id
1797 2968 2003 3023 factum

2114 2978 2194 3016 σιν
2244 2959 2496 3025 ἔστελλε,
2546 2959 2672 3023 τοὺς
2722 2956 2939 3027 μάλιστ’
2965 2954 3175 3017 αἰτίους
3225 2951 3331 3006 ὑπὸ
3377 2950 3561 3019 δίκην,
3608 2945 3682 3006 ὡς

420 3069 511 3123 ubi
558 3071 860 3140 imperator
907 3071 1151 3131 rescivit.
1198 3069 1266 3124 ad
1312 3064 1611 3138 provincia:
1656 3062 2010 3131 magistratus

2114 3055 2281 3119 εἰκὸς,
2308 3052 2485 3122 ἄγειν.
2512 3052 2623 3107 Καὶ
2652 3050 3055 3122 συλληφθέντες
3078 3047 3325 3101 Ἰουδαῖοι
3350 3043 3508 3112 δίκην
3530 3038 3683 3103 ἀξίαν

420 3161 667 3233 scripsit,
699 3163 841 3219 utin
886 3172 1143 3219 auctores
1186 3162 1421 3215 maxime
1468 3156 1595 3213 mali
1643 3153 1803 3217 tanti,
1848 3153 1922 3206 ita
1952 3159 2013 3206 ut

2114 3142 2186 3202 ὧν
2220 3146 2506 3211 παίζοντες
2538 3144 2981 3216 ὲκακούργησαν,
3011 3142 3222 3205 ἔδοσαν,
3255 3138 3454 3209 ζημίᾳ,
3483 3134 3579 3189 καὶ
3607 3132 3686 3199 ξί-

421 3272 523 3324 par
578 3266 762 3322 esset,
829 3255 1362 3312 animadverterent.
1421 3252 1488 3305 Et
1531 3247 1704 3305 ,ιιιόωί
1756 3258 2011 3314 compre-

2117 3257 2229 3308 φει,
2262 3242 2359 3293 καὶ
2388 3238 2579 3301 ἄλλαις
2614 3236 2927 3290 κακώσεσιν
2960 3233 3323 3305 ὑπαχθέντες.

426 3351 606 3417 Ιιειιεί,
660 3353 836 3425 justas
892 3350 1083 3421 ﬂagitii
1114 3364 1211 3418 per
1290 3344 1481 3399 ludum
1572 3338 1855 3399 commissi
1910 3335 2197 3392 solverunt
2248 3346 2462 3404 pmnas,
2515 3330 2749 3397 mulcta,
2805 3327 3000 3394 ferro,
3047 3335 3104 3382 et
3150 3325 3275 3382 aliis
3320 3323 3501 3395 poenis
3578 3332 3691 3373 ma-

420 3446 573 3507 ctati.

906 3563 1066 3636 n71
1103 3558 1329 3618 CAPUT
1365 3557 1524 3614 xvn.

424 3664 501 3720 De
533 3661 725 3716 Indico
758 3659 847 3729 qui
883 3656 1194 3729 dolohsn'pe
1239 3652 1562 3729 baptizatus,
1609 3655 1897 3729 postquam
1932 3639 2008 3729 ad

494 3713 733 3788 Paulum
769 3713 950 3782 'etiam
1000 3713 1426 3779 Novatianorum
1473 3713 1775 3789 episcopum
1823 3713 2006 3773 venit,

495 3808 715 3860 lavacro
746 3797 995 3867 baptismi
1023 3795 1122 3847 rite
1152 3801 1370 3867 parato,
1410 3802 1469 3844 ut
1507 3789 1681 3867 subito
1713 3801 1857 3867 aqua
1887 3798 2009 3836 eva-

496 3855 699 3929 vitam;
736 3855 842 3928 De};
873 3855 1336 3937 importunitatem
1382 3879 1499 3915 eam
1550 3855 1813 3913 miraculo
1852 3869 2008 3908 coar-

495 3951 707 4017 gueute,

495 4055 879 4130 Chrysanthus
914 4051 1348 4111 Novatianorum
1378 4048 1696 4119 episcopus,
1756 4041 1848 4099 ubi
1887 4056 2013 4110 sep-

429 4169 540 4213 tem
565 4167 742 4219 annos
770 4163 975 4205 munus
1014 4162 1177 4204 suum
1209 4140 1638 4206 administravit,
1672 4137 1787 4191 vita
1815 4134 2012 4190 defun-

428 4262 574 4312 ctus,
610 4257 987 4302 successorem
1037 4240 1092 4296 in
1123 4239 1444 4310 episcopatu
1505 4230 1698 4288 habuit
1753 4228 2010 4286 Paulum.

430 4339 672 4416 Quicum
695 4336 931 4407 primum
955 4332 1271 4395 Latinarum
1292 4328 1605 4383 litterarum
1633 4323 1828 4381 doctor
1844 4331 2011 4382 esset,

433 4431 666 4485 remisso
695 4428 804 4483 illis
839 4424 1058 4489 nuntio,
1084 4421 1152 4479 ad
1189 4422 1354 4475 vitam
1403 4418 1697 4475 asceticam
1731 4431 1788 4471 se
1818 4422 2019 4469 contu-

430 4525 532 4578 lit:
570 4531 626 4577 et
684 4517 1144 4592 philosophorum
1179 4515 1422 4569 virorum
1495 4510 1801 4566 monastico
1862 4503 2018 4560 insti-

438 4624 581 4675 tuto,
602 4609 1041 4683 praastantiorem
1063 4621 1227 4677 quam
1259 4604 1352 4675 qui
1377 4604 1431 4660 in
1468 4600 1769 4658 solitudine
1787 4596 2014 4667 degunt,

430 4709 604 4763 vitam
638 4707 772 4777 egit.
805 4703 954 4759 Talis
988 4702 1136 4758 enim
1198 4708 1339 4763 erat,
1366 4698 1558 4769 quales
1596 4692 1866 4764 Evagrius
1923 4705 2019 4745 eos

437 4814 559 4854 esse
580 4797 783 4853 debere
806 4794 962 4861 dicit,
984 4791 1077 4864 qui
1105 4791 1158 4846 in
1182 4790 1315 4847 solis
1331 4790 1469 4846 locis
1485 4796 1797 4848 versantur,
1831 4798 2021 4838 mona-

441 4893 599 4954 chos,
619 4888 686 4942 ad
719 4900 952 4956 quorum
980 4898 1161 4938 mores
1183 4881 1350 4937 vitam
1382 4892 1603 4951 quoque
1637 4891 1791 4931 suam
1823 4873 2023 4929 Paulus
2055 4894 2100 4951 υ

362 4992 369 4998 ”
437 4980 771 5052 composuit,
796 4977 1056 5049 jejunans
1086 4975 1460 5036 continenter,
1500 4985 1675 5040 pauca
1723 4967 2020 5023 admodum

438 5077 696 5145 loquens.
729 5071 798 5126 ab
822 5070 1191 5129 animatorum
1212 5066 1337 5121 cibo
1370 5061 1677 5126 abstinens,
1719 5058 2022 5130 plurimum

380 5226 383 5227 ν
441 5181 623 5237 neque
651 5164 777 5219 vino
794 5176 974 5232 neque
992 5161 1113 5219 oleo
1137 5169 1316 5219 utens,
1338 5155 1647 5225 indigentes
1665 5168 1828 5224 quam
1854 5148 2027 5206 maxi-

384 5248 401 5277 ²
447 5276 533 5319 me
547 5273 733 5315 amore
751 5267 1091 5327 prosequens
1110 5270 1123 5307 :
1145 5247 1409 5306 custodia:
1426 5244 1868 5316 inclusos,siquis
1884 5242 2027 5301 alius.

440 5367 499 5411 et
520 5357 638 5426 ipse
656 5352 972 5423 frequenter
990 5347 1222 5405 visitans
1243 5361 1257 5405 ξ
1280 5359 1381 5415 pro
1403 5343 1484 5399 eis
1500 5342 1594 5414 qui
1621 5340 1821 5413 injuria
1843 5337 2026 5393 aﬂ’ecti

440 5446 796 5516 essent,apud
815 5442 1092 5514 principes
1104 5438 1254 5494 viros
1268 5438 1603 5508 deprecans:
1624 5434 1715 5507 qui
1734 5433 1899 5488 etiam
1919 5444 2028 5486 non

446 5551 687 5609 gravate,
720 5535 868 5607 quod
906 5534 999 5588 ille
1033 5530 1279 5602 petebat,
1303 5528 1600 5594 faciebant,
1636 5533 1863 5597 prepter
1889 5523 2029 5578 insi-

446 5647 606 5702 gnem
629 5630 829 5701 quaein
849 5627 944 5682 illo
965 5635 1085 5680 erat
1117 5622 1461 5693 religionem,
1491 5619 1600 5679 Res
1618 5617 1723 5676 sub
1742 5632 1811 5674 eo
1827 5614 2031 5671 accidit

450 5724 613 5793 digna
637 5734 865 5793 prorsus
885 5732 1006 5788 quae
1022 5708 1288 5771 oblivioni
1312 5721 1368 5770 et
1405 5712 1628 5769 silentio
1643 5724 1751 5766 non
1771 5708 2029 5765 commit-

454 5825 600 5879 tatur
626 5830 817 5885 :quam
838 5810 983 5878 apud
1007 5810 1286 5864 Socratem
1313 5806 1590 5865 inventam
1618 5803 1718 5876 (ί),
1744 5802 1861 5873 ipse
1893 5815 2032 5871 quo-

525 5945 599 6024 (ι)
643 5946 763 6001 Lib.
801 5960 896 6008 vn,
930 5958 1048 6023 cap.
1092 5941 1175 5996 l7.

2696 3527 2950 3584 ΚΕΦΔΛ.
2988 3526 3088 3581 ΙΖ¹.

2030 3606 2037 3616 ι
2113 3628 2255 3698 Περὶ
2287 3627 2396 3682 τοῦ
2428 3697 2434 3698 ί
2463 3624 2768 3698 Ἐ’ὄραίου,
2833 3619 3096 3698 eadem)
3134 3612 3433 3698 πολλάκις
3480 3611 3693 3698 ,βλαπτι-

2184 3680 2380 3763 ὖΰενὶξ,
2413 3680 2671 3749 ensi-zeal
2701 3680 2862 3760 παρὰ
2876 3680 3134 3763 ᾙαῦλρν
3366 3683 3479 3763 tor:
3501 3684 3692 3737 Nava-

2185 3754 2409 3823 τιανῶι·
2435 3754 2800 3825 ἐπίσκοπον,
2828 3760 2939 3827 τῆς
2966 3754 3395 3827 κολυμϐήθρας
3420 3754 3691 3827 εὐτρεπι-

2185 3821 2463 3905 ὰ-ὀείσης,
2516 3835 2742 3902 alga-nc
2773 3821 2839 3905 ea
2860 3821 3021 3898 ὕδωρ
3070 3821 3302 3895 ἀφανὲς·
3329 3822 3427 3896 ἦν,
3459 3824 3528 3877 τὸ
3563 3821 3693 3875 ἆτο-

2185 3927 2303 3969 ator
2334 3901 2441 3969 τοῦ
2473 3901 2623 3967 Θεοῦ
2647 3901 3090 3972 διελέγχοντος.

2197 4024 2289 4078 Ἐν
2331 4022 2388 4081 δὲ
2439 4021 2617 4089 τούτῳ
2668 4015 2810 4071 ἑπτὰ
2864 4014 2961 4083 ἔτη
2994 4012 3256 4073 διανύσας
3305 4010 3372 4080 τῇ
3423 4005 3690 4076 ἐπισκοπῇ

2119 4112 2437 4186 Χρύσανθος
2463 4110 2493 4164 ὁ
2524 4109 2632 4162 τῶν
2663 4107 3028 4164 Ναυατιανων
3059 4102 3360 4163 ἐπίσκοπος
3393 4097 3652 4152 ἐτελεύτα
3676 4109 3692 4125 ⁸

2116 4213 2219 4279 τὴν
2248 4207 2293 4261 δ’
2318 4203 2628 4274 ἐπισκοπὴν
2662 4201 2932 4271 διεδέχετο
2967 4196 3180 4259 Παῦλος
3203 4210 3217 4226 ⁸
3243 4195 3318 4257 ὡς
3351 4193 3568 4263 πρῶτον
3597 4190 3694 4260 μὲν

2129 4297 2462 4369 Ῥωμαῖκῶν
2489 4297 2666 4365 λόγων
2700 4291 3026 4353 διδάσκαλος
3065 4284 3135 4361 ἦν
3157 4304 3171 4320 ·
3224 4286 3438 4357 χαίρειν
3474 4283 3518 4337 δ’
3554 4281 3697 4336 ὲκεί-

2117 4412 2230 4455 νοις
2253 4391 2445 4456 εἰπὼν,
2478 4391 2572 4445 ἐπὶ
2593 4387 2691 4459 τὴν
2726 4383 3040 4454 ἀσκητικὴν
3064 4381 3289 4451 ἀγωγὴν
3314 4380 3406 4432 τὸν
3429 4378 3540 4449 βίον
3564 4393 3696 4447 μετ-

2120 4487 2294 4539 έθετο.
2321 4482 2708 4552 Μοναστήριον
2732 4478 2789 4531 δὲ
2826 4475 3241 4545 συστησάμενος
3273 4468 3582 4539 φιλοσόφων
3606 4469 3698 4518 ἁν-

2121 4579 2284 4646 δρῶν,
2314 4577 2409 4631 καὶ
2442 4576 2690 4647 κρεῖττον
2722 4572 2868 4642 ἢπερ
2888 4570 2939 4633 oi
2975 4568 3033 4620 ὲν
3060 4566 3253 4637 ἐρήμῳ
3291 4564 3421 4634 βιῶν
3450 4561 3693 4615 διετέλει.

2122 4670 2380 4732 Τοιοῦτος
2430 4668 2540 4738 γὰρ
2590 4662 2680 4737 ἦν,
2722 4666 2872 4725 οἵους
2907 4662 3181 4729 Εύάγριος
3215 4658 3326 4711 δεῖν
3382 4652 3523 4710 εἷναί
3569 4671 3699 4724 φησι

2122 4767 2250 4829 τοὺς
2285 4766 2344 4817 ἐν
2369 4763 2577 4833 ἐρημία
2600 4758 2886 4830 διατριὸὴν
2918 4756 3143 4825 ἔχοντας
3166 4750 3433 4825 μοναχούς
3458 4768 3473 4783 ο
3501 4745 3582 4813 οἷς
3603 4751 3702 4801 κά·-

2127 4861 2308 4922 κεῖνος
2341 4854 2712 4928 παραπλήσια
2741 4854 3003 4921 ἔπραττε,
3031 4846 3237 4918 συνεχῆ
3258 4845 3514 4916 νηστείαν
3540 4843 3697 4913 ἔχων,

2128 4952 2289 5020 ὀλίγα
2345 4951 2579 5019 πάμπαν
2610 4946 3010 5015 φθεγγόμενος,
3047 4941 3123 5012 μὴ
3162 4939 3416 5012 βρώσεως
3448 4935 3703 5007 ἐμψύχων

2134 5044 2380 5115 μετέχων
2401 5059 2415 5073 θ
2447 5041 2515 5096 τά
2537 5039 2711 5093 πολλὰ
2733 5037 2788 5089 δὲ
2814 5037 3016 5108 ἥκιστα
3038 5032 3167 5103 οϊνῳ
3185 5032 3279 5084 καὶ
3305 5030 3472 5097 ἐλαίῳ
3488 5027 3700 5097 ἐχρῆτοο

2132 5142 2475 5212 φιλόπτωχος
2517 5138 2573 5191 δὲ
2605 5135 2675 5189 τὰ
2699 5134 2940 5205 μάλιστα
2973 5130 3069 5194 ὣν,
3093 5129 3224 5193 τοὺς
3251 5130 3311 5182 ὲν
3351 5127 3616 5197 φυλακαῖς
3655 5125 3705 5175 εἰ

2134 5235 2232 5291 καί
2255 5252 2336 5296 τις
2359 5234 2521 5295 ἄλλος
2548 5234 2605 5284 ὲν
2628 5230 2907 5299 ἐπισκοπῇ
2933 5225 3188 5279 ἐποιεῖτο.
3214 5222 3329 5285 Καὶ
3351 5220 3487 5289 πρὸς
3515 5217 3705 5287 ἄρχον-

2132 5346 2233 5392 τας
2260 5328 2316 5380 δὲ
2348 5327 2489 5396 ὑπὲρ
2517 5324 2892 5392 ἀδικουμένων
2921 5319 3133 5373 ἱκεσίαν
3169 5317 3470 5387 προσῆγεν.
3504 5314 3566 5366 Οἱ
3600 5313 3707 5364 ’καὶ

2136 5421 2331 5475 θᾶττον
2362 5420 2581 5472 ἐτέλουν
2612 5419 2675 5470 τὸ
2698 5414 2920 5485 αἰτηθὲν
2943 5412 3032 5467 διὰ
3058 5413 3156 5482 τὴν
3182 5408 3404 5462 ἐνοῦσαν
3427 5406 3708 5460 εύλάῆειαν

2136 5514 2214 5584 τῷ
2248 5513 2424 5582 άνδρί.
2461 5512 2705 5581 Πρᾶγμα
2733 5507 2781 5562 δ’
2809 5505 2898 5560 ἐπ’
2928 5504 3094 5558 αὐτοῦ
3134 5500 3407 5571 ἐπράχθη,
3435 5491 3546 5551 οἷον
3568 5491 3708 5548 εἷναι

2143 5606 2221 5677 μὴ
2250 5605 2399 5671 ἄξιον
2427 5604 2570 5675 λήθῃ
2596 5602 2691 5656 καὶ
2721 5601 2849 5670 σιγῇ
2881 5598 3105 5667 δοθῆναι
3127 5610 3141 5623 ’
3175 5594 3203 5647 ὃ
3223 5593 3288 5663 δὴ
3315 5590 3461 5663 παρὰ
3487 5588 3709 5659 Σωκρά-

2136 5717 2222 5753 ut
2253 5696 2453 5771 εὑρὼν,
2488 5698 2583 5752 καὶ
2607 5695 2771 5758 αὐτὸς
2816 5690 3214 5762 καθιστόρησα.
3250 5684 3509 5746 Ἰουδαῖός
3535 5698 3616 5744 τις
3642 5678 3710 5745 τά

2138 5797 2486 5868 Χριστιανῶν
2515 5790 2784 5852 ὑπελθὼν,
2810 5789 2909 5864 οὐχ
2944 5785 3111 5863 ἅπαξ,
3143 5782 3278 5839 em
3327 5780 3421 5835 καὶ
3450 5775 3709 5841 πῑλλὰκις
