4044 6458
323 445 462 507 1109

1249 465 1859 533 ΕΟΟιΕδΙΑΞΤΙΟλἘ
1900 476 2288 541 IIISTOBL‘E
2329 486 2475 548 LIB.
2521 490 2675 550 XIV.

3442 499 3581 564 IIIO

319 567 594 683 μετῄειιτδ
623 569 930 677 βαπτισμα,
955 576 1118 649 τέχνῃ
1145 585 1549 653 μετερχόμενος
1569 586 1643 649 ὡς
1672 588 1739 642 ἂν
1762 590 1898 662 χρή-

2032 614 2112 664 {ue
2143 600 2387 658 historia:
2428 605 2553 661 huic
2597 610 2847 677 apposui.
2888 610 3111 668 Iudaeus
3143 614 3363 683 quidam
3417 619 3576 673 Chi-i-

320 680 465 734 ματα
515 664 694 734 ἑαυτῷ
735 670 1179 738 προσπορίζοιτο.
1233 673 1322 738 Ὠς
1361 676 1417 729 δὲ
1446 678 1633 746 σχεδὸν
1664 682 1757 732 ἐπὶ
1794 682 1902 733 πά-

319 771 421 817 σας
446 757 545 819 τὰς
570 757 872 828 θρησκείας
915 764 1210 834 προῆλθεν,
1242 766 1550 837 Ἀρειανῶν
1576 788 1635 824 τε
1664 774 1756 825 καὶ
1783 774 1905 827 Μα-

319 847 648 903 κεδονιανῶν
704 851 1050 924 βαπτισμοὺς
1107 858 1326 925 ἐλαϐεν,
1357 864 1481 915 ἐπεὶ
1518 865 1591 935 μὴ
1632 860 1782 935 εἶχεν
1810 867 1903 929 οὓς

314 941 601 995 τουλοιποῦ
630 945 954 1017 ἁπατήσειε,
987 951 1140 1015 τέλος
1172 956 1265 1007 ἐπὶ
1316 958 1530 1012 τουτονὶ
1564 960 1780 1015 Παῦλον
1809 964 1901 1017 τὸν

316 1032 427 1086 τῶν
486 1035 845 1096 Ναυατιανῶν
905 1044 1209 1101 ἐπίσκοπον
1262 1042 1404 1121 ἦκεο
1458 1053 1813 1124 πλασάμενος
1845 1075 1905 1110 τε

318 1125 610 1196 ἐπιθυμεῖν
644 1130 739 1182 τοῦ
762 1132 851 1186 διὰ
879 1135 989 1187 τῶν
1014 1138 1218 1208 χειρῶν
1242 1142 1457 1195 ἐκείνου
1491 1142 1903 1214 βαπτίσματος,

318 1216 490 1270 ἐδεῖτο
524 1222 707 1289 τυχεῖν
736 1224 838 1291 τῆς
867 1226 1135 1295 ἐφέσεως.
1181 1229 1241 1284 '0
1268 1231 1323 1285 δὲ
1353 1233 1413 1284 τὸ
1444 1233 1771 1306 μένθερμὸν
1799 1238 1904 1307 τῆς

321 1310 563 1379 σπουδῆς
600 1315 919 1385 ἀπεδέχετο,
954 1322 1015 1374 οὐ
1050 1323 1349 1395 ξυνεχὼρει
1380 1327 1435 1380 δὲ
1462 1326 1557 1381 τοῦ
1588 1328 1907 1399 βαπτίσμα-

316 1418 430 1465 τος.
469 1407 638 1477 πρινὴ
669 1409 740 1473 ὡς
777 1410 900 1474 ἔθος
931 1417 1319 1485 κατηχηθῆναι
1352 1419 1444 1472 τὸν
1480 1421 1641 1490 λόγον
1690 1426 1789 1492 τῆς
1822 1423 1913 1476 πί-

322 1513 517 1559 στεως,
556 1501 694 1568 μετὰ
718 1503 816 1572 τὴν
843 1514 1321 1583 προηγησαμένην
1348 1514 1406 1581 ἐξ
1442 1513 1599 1578 ἔθους
1630 1516 1905 1584 νηστείαν.

334 1592 575 1660 Ἐκεῖνος
604 1597 661 1654 δὲ
713 1604 778 1672 τῇ
820 1604 972 1674 παρὰ
1008 1609 1239 1679 γνώμην
1293 1612 1519 1683 νηστείᾳ
1557 1610 1910 1685 πιεζόμενος,

322 1687 652 1758 συχνότερον
715 1693 971 1749 ἐπέκειτο
1040 1698 1137 1751 τοῦ
1201 1702 1654 1773 σπουδαζομένου
1703 1706 1910 1774 τυχεῖν.

332 1776 487 1829 Ἐπεὶ
544 1777 589 1831 δ’
646 1780 927 1849 ὀΠαῦλος
980 1787 1155 1853 οὕτως
1204 1791 1471 1864 ἔνθερμον
1519 1794 1666 1865 ὁρῶν
1715 1796 1919 1850 λυπεῖν

320 1868 506 1924 οὐκέτι
540 1873 798 1930 ἐϐούλετο
838 1882 906 1949 τῇ
941 1881 1216 1952 παρολκῇ,
1273 1886 1341 1939 τὰ
1372 1887 1514 1956 πρὸς
1540 1888 1603 1941 τὸ
1625 1887 1912 1960 βάπτισμα

321 1963 664 2034 εὐτρεπίζει.
692 1970 800 2023 Καὶ
829 1970 968 2042 δῆτα
1021 1975 1227 2046 ἐσθῆτα
1265 1983 1701 2050 παρασκευάσας
1752 2001 1911 2053 περι-

323 2059 488 2129 φανῆ,
515 2061 611 2112 καὶ
637 2063 698 2114 τὸ
745 2063 1149 2137 βαπτιστήριον
1202 2070 1515 2141 πλησθῆναι
1560 2073 1634 2137 ὡς
1667 2075 1789 2138 ἔθος
1820 2093 1914 2130 κε-

323 2146 523 2210 λεύσας
558 2148 773 2219 ὓδατος,
805 2152 894 2206 ἐπ’
928 2156 1100 2226 αὐτὴν
1131 2159 1346 2228 προῆγε
1379 2160 1470 2215 τὸν
1492 2161 1780 2230 Ἰουδαῖον,
1836 2164 1911 2227 ὼς

324 2238 612 2307 βαπτίσων
653 2245 886 2314 γυμνόν.
938 2248 1196 2321 Ἀρρήτῳ
1234 2251 1292 2303 δέ
1350 2269 1459 2306 τινι
1493 2253 1649 2319 θείας
1680 2257 1914 2328 προνοίᾳ

327 2331 614 2402 δυνάμεως
648 2337 709 2390 τδ
764 2336 908 2408 ὕδωρ
940 2340 1140 2413 αἴφνης
1194 2344 1401 2413 ἀφανὲς
1456 2341 1545 2417 ἦν.
1596 2346 1685 2411 Ὠς
1712 2349 1769 2402 δὲ
1801 2351 1916 2414 τοῖς

332 2427 569 2495 παροῦσι
597 2428 691 2484 καὶ
720 2430 799 2501 τῷ
829 2433 1117 2506 ἐπισκόπῳ
1161 2438 1329 2507 μηδὲν
1359 2438 1581 2493 διειδόσι
1628 2440 1725 2494 τοῦ
1756 2459 1911 2509 γενο-

338 2517 502 2586 μένου
557 2520 742 2589 ἐκρεῖν
794 2524 975 2579 ἐδόκει
1003 2526 1064 2579 τὸ
1096 2526 1240 2600 ῦίωρ
1287 2530 1376 2583 διὰ
1407 2528 1504 2583 τοῦ
1544 2530 1915 2600 ὑποκειμένου

336 2606 535 2675 πόρου,
588 2608 712 2662 ὅθεν
756 2613 1018 2668 εἰώθασιν
1047 2615 1227 2671 έκεῖνο
1254 2621 1609 2690 προπέμπειν
1651 2620 1792 2690 μετὰ
1820 2620 1918 2692 τὴν

335 2697 580 2770 τελετὴν,
622 2703 811 2776 ἕτερον
847 2704 991 2778 ὕδωρ
1030 2710 1331 2780 προσῆγον,
1356 2714 1589 2783 προνοίᾳ
1622 2715 1789 2785 πολλῇ
1822 2714 1919 2777 τὰς

338 2794 536 2861 ἐκροὰς
591 2798 690 2866 τῆς
735 2798 1135 2873 κολυμϐήθρας
1193 2804 1676 2876 ἀσφαλισάμενοιο
1737 2808 1814 2870 ὡς
1862 2808 1920 2861 δὲ

338 2881 496 2950 αὖθις
528 2889 556 2940 ὁ
623 2889 870 2962 Ἐϐραῖος
904 2895 1242 2965 προσήγετο,
1278 2898 1444 2952 πάλιν
1479 2899 1677 2971 ἐπίσης
1710 2900 1918 2968 ἀφανὲς

338 2983 401 3032 τὸ
434 2979 579 3051 ὕδωρ
611 2977 700 3052 ἦν.
734 2985 926 3050 Συνεῖς
956 2986 1002 3039 δ’
1038 2991 1065 3042 ό
1104 2989 1341 3053 Παῦλος,
1388 3011 1405 3042 ι
1450 2992 1521 3047 Ἢ
1562 2996 1918 3064 κακουργεῖς,

342 3074 528 3141 φησιν,
583 3077 930 3149 ἄνθρωπε,ἢ
989 3081 1225 3148 ἀγνοεῖς,
1288 3084 1362 3145 ὡς
1395 3083 1564 3151 ἔοικε,
1597 3084 1778 3157 τυχὼν
1825 3086 1920 3138 τοῦ

344 3166 746 3238 βαπτίσματος.
782 3189 800 3221 ι
838 3172 1058 3226 Πολλῶν
1081 3173 1138 3227 δὲ
1171 3175 1598 3246 συνδραμόντων
1627 3180 1695 3248 τῇ
1739 3180 1917 3250 φήμῃ,

2009 693 2360 749 stianismum
2417 700 2737 767 complexus
2808 719 2916 758 non
2999 707 3189 767 semel,
3241 707 3334 761 sed
3382 712 3583 778 saepius

2007 784 2336 851 baptismum
2361 789 2527 843 subiit
2545 802 2661 846 arte
2684 793 2915 863 quadam
2937 806 2991 849 et
3015 798 3411 854 nundinatione
3430 818 3582 865 usus,

2009 888 2068 929 ut
2093 878 2300 948 aliquid
2330 883 2577 948 pecuniae
2595 886 2968 954 conquireret.
3000 887 3177 958 Atque
3226 890 3318 944 ubi
3373 890 3486 946 fere
3517 893 3585 947 ad

2014 971 2311 1040 religiones
2349 989 2563 1039 omnes,
2602 977 2927 1032 Arianorum
2971 980 3226 1036 videlicet
3259 983 3586 1039 etllaeedo-

2012 1064 2329 1128 nianorum,
2354 1064 2625 1136 baptismo
2639 1070 2782 1139 apud
2809 1087 2907 1127 eos
2938 1084 3221 1144 suscepto,
3257 1076 3584 1137 lransiisset.

2016 1171 2196 1226 neque
2221 1157 2313 1212 alii
2343 1173 2482 1226 quos
2505 1159 2768 1231 deinceps
2810 1163 3110 1233 deciperet,
3147 1168 3347 1238 reliqui
3381 1179 3587 1232 essent,

2020 1258 2305 1317 postremo
2376 1251 2442 1304 ad
2486 1251 2875 1308 Paulumhunc
2909 1254 3335 1313 Novatianorum
3370 1261 3587 1330 episco-

2022 1357 2152 1411 pum
2176 1343 2350 1397 venit.
2390 1343 2457 1398 Et
2481 1354 2769 1415 postquam
2811 1349 3058 1404 conﬁctis
3078 1351 3258 1406 verbis
3279 1367 3481 1421 cupere
3507 1368 3586 1416 se,

2022 1442 2084 1488 ut
2119 1434 2372 1490 manibus
2398 1435 2547 1490 illius
2579 1436 2975 1506 baptizaretur,
3030 1441 3188 1503 dixit,
3219 1449 3279 1494 ut
3317 1442 3591 1496 desiderio

2020 1541 2121 1580 suo
2153 1526 2286 1581 satis
2314 1527 2470 1584 fieret
2500 1531 2732 1599 rogavit.
2764 1532 2937 1587 Porro
2953 1533 3042 1587 ille
3068 1533 3321 1588 ardorem
3356 1534 3592 1588 hominis

2020 1619 2359 1689 complexus,
2394 1636 2501 1675 non
2526 1622 2678 1692 prius
2717 1623 2783 1677 ad
2826 1624 3159 1694 baptismum
3185 1641 3312 1680 eum
3351 1625 3593 1688 admisit,

2019 1728 2185 1782 quam
2218 1728 2371 1768 more
2407 1725 2626 1787 recepto
2660 1716 2715 1771 in
2748 1719 2917 1773 verbo
2953 1719 3077 1773 ﬁdei
3115 1718 3396 1773 institutus
3426 1732 3593 1784 esset,

2025 1806 2359 1875 solitumque
2416 1809 2578 1865 etiam
2616 1810 2882 1880 jejunium
2928 1810 3447 1881 complevisset.llle
3470 1828 3592 1865 cum

2018 1896 2231 1967 jejunio
2257 1913 2324 1953 eo
2369 1900 2514 1969 quod
2549 1911 2749 1969 praeter
2775 1903 3092 1971 Opinionem
3153 1918 3307 1957 suam
3328 1904 3380 1958 ei
3419 1904 3597 1973 impo-

2017 1989 2183 2044 situm
2212 2000 2352 2053 erat,
2390 1989 2756 2061 prdmeretur,
2804 1992 3151 2062 frequentius
3190 2002 3249 2049 ut
3303 2005 3434 2049 voto
3495 2010 3597 2048 suo

2017 2082 2296 2152 potiretur
2348 2084 2569 2138 institit.
2620 2085 2818 2139 Paulus
2870 2086 3125 2141 ardorem
3195 2087 3317 2156 ejus
3378 2085 3594 2146 videns.

2016 2189 2169 2227 mora
2197 2173 2441 2244 longiore
2473 2176 2796 2244 perturbare
2815 2176 3183 2240 illum‘noluit,
3209 2186 3263 2231 et
3291 2190 3353 2231 ea
3388 2192 3507 2245 qua:
3532 2177 3597 2228 al

2016 2264 2351 2335 baptismum
2373 2267 2673 2337 pertinent,
2705 2268 2807 2323 rite
2843 2269 3076 2338 paravit.
3142 2267 3303 2323 Veste
3364 2283 3600 2336 namque

2019 2358 2219 2430 insigni
2247 2360 2566 2423 subornata,
2594 2370 2651 2416 et
2705 2348 3026 2431 baptisterio
3081 2378 3221 2430 aqua
3276 2361 3439 2416 sicuti
3482 2378 3601 2414 unus

2018 2460 2159 2515 erat,
2195 2453 2425 2521 repleto,
2457 2452 2710 2507 Judmum
2754 2453 2964 2507 nudum
2989 2453 3371 2521 baptizaturus
3434 2452 3502 2504 ad
3549 2452 3599 2503 id

2019 2540 2267 2596 adduxit.
2298 2541 2463 2614 472
2492 2543 2632 2597 Ecce
2666 2552 2851 2597 autem
2875 2542 3142 2597 inell'abili
3184 2542 3423 2611 quadam
3457 2540 3600 2594 divi-

2018 2647 2105 2687 na
2164 2632 2529 2687 Providentia:
2591 2632 2666 2699 vi,
2704 2632 2847 2687 unda
2885 2633 3185 2701 derepente
3214 2631 3461 2709 evanuit.
3498 2630 3601 2685 Ubi

2020 2741 2151 2781 vero
2188 2741 2329 2795 aqua
2360 2725 2466 2780 alia
2495 2724 2776 2795 (episc0po
2825 2724 2942 2793 ipso
2995 2732 3052 2777 et
3106 2722 3187 2783 eis
3225 2722 3321 2792 qui
3358 2720 3429 2773 ibi
3461 2731 3607 2774 asin-

2020 2819 2175 2882 bant,
2210 2834 2321 2874 rem
2348 2834 2468 2872 eam
2500 2818 2898 2881 nescientibus,
2928 2817 3020 2871 sed
3053 2831 3251 2885 aquam
3317 2830 3413 2884 per
3466 2814 3599 2867 sub-

2015 2915 2222 2983 jectum
2259 2920 2497 2965 meatum
2529 2926 2636 2981 quo
2679 2912 2857 2966 emitti
2914 2911 3005 2965 illa
3062 2917 3186 2979 post
3238 2908 3604 2962 initiatione“:

2023 3002 2259 3068 solebat,
2284 3000 2562 3055 ellluxisse
2581 3018 2647 3071 pu
2661 3001 2925 3071 tantibus)
2955 3001 3135 3055 infusa
3161 3017 3174 3051 :
3197 3001 3604 3071 diligenterque

2023 3109 2093 3149 ne
2120 3109 2184 3148 ex
2219 3094 2438 3148 lavacro
2473 3092 2561 3146 illa
2611 3092 2911 3163 proﬂueret
2942 3094 3243 3163 provisum,
3280 3102 3336 3146 et
3386 3074 3607 3146 Judaeifs

2023 3185 2204 3239 denuo
2230 3183 2510 3238 adhibitus
2533 3193 2636 3251 est,
2666 3201 2886 3239 rursum
2910 3184 3100 3238 eodem
3129 3199 3240 3253 quo
3265 3183 3417 3253 prius
3442 3185 3605 3236 modo

343 3253 420 3319 εἷ,
469 3276 554 3323 τις
606 3262 823 3330 ἐπέγνω
867 3265 960 3317 τὸν
1010 3263 1291 3331 Ἰουδαῖον,
1345 3268 1420 3329 ὡς
1462 3270 1547 3338 εἴη
1586 3269 1693 3340 πρὸ
1727 3270 1918 3342 καιροῦ

2032 3290 2171 3344 aqua
2198 3274 2490 3344 disparuit.
2515 3276 2714 3331 Paulus
2744 3290 2803 3329 re
2834 3278 3091 3348 cognita:
3133 3295 3150 3326 ι
3178 3275 3288 3329 Aut
3320 3275 3607 3344 ﬂagitium,

344 3349 495 3420 παρὰ
524 3350 619 3404 τοῦ
646 3353 949 3415 ἐπισκόπου
1000 3355 1255 3410 Ἀττικοῦ
1282 3360 1341 3414 τὸ
1365 3359 1654 3430 βάπτισμα
1685 3361 1920 3429 δεξάμε-

342 3457 452 3504 νος.
477 3442 650 3495 Τοῦτο
684 3445 740 3496 δὲ
772 3445 831 3498 οὐ
870 3447 1169 3518 παρέργως
1207 3452 1494 3523 ἱστόρησα,
1529 3453 1645 3506 ἀλλ’
1682 3455 1767 3506 ἵνα
1787 3454 1925 3508 εἰδέ-

343 3550 428 3585 ναι
484 3532 728 3604 ἔχοιμεν,
775 3532 851 3597 ὡς
906 3538 1169 3605 πολλάκις
1229 3542 1460 3612 ήχάρις
1494 3543 1590 3596 καὶ
1637 3543 1790 3613 παρὰ
1816 3544 1924 3597 τῶν

345 3626 578 3692 ἀναξίων
600 3626 670 3681 τὰ
690 3630 891 3699 ἑαυτῆς
922 3632 1323 3699 ἐπιδείκνυται,
1348 3635 1516 3706 μηδὲν
1543 3635 1924 3706 λυμαινομένη

348 3720 620 3776 ἐντεῦθεν.
655 3723 902 3778 Μάλιστα
958 3725 1016 3779 δὲ
1067 3727 1164 3781 καὶ
1198 3728 1577 3799 θαυμάζεσθαι
1628 3729 1927 3802 ἀξιόχρεως

350 3814 614 3878 ποικίλως
675 3818 789 3879 τοῖς
833 3819 1175 3890 καινοτέροις
1231 3821 1607 3876 ἐπιϐάλλουσα
1638 3823 1929 3894 πράγμασι

350 3908 445 3961 καὶ
471 3908 561 3962 διὰ
594 3909 706 3963 τῶν
728 3911 921 3977 ἀξίων,
954 3914 1048 3965 καὶ
1078 3912 1166 3968 διὰ
1198 3913 1311 3969 τῶν
1360 3913 1598 3981 ἀναξίων
1634 3915 1784 3968 ἐστιν
1817 3914 1933 3981 ὅτε,

350 4003 541 4071 χρείας
568 4002 807 4075 καλούση
821 4022 862 4059 :.

2036 3367 2238 3436 inquit,
2260 3383 2293 3421 (ι
2328 3369 2510 3433 homo,
2538 3367 2693 3434 facis,
2722 3378 2818 3423 aut
2853 3370 3107 3440 ignorare
3145 3369 3352 3424 videris
3394 3378 3445 3423 te
3482 3367 3614 3436 bap-

2035 3461 2255 3535 tismum
2276 3461 2497 3516 adiisse.
2528 3481 2547 3514 ι
2573 3464 2649 3517 Ad
2676 3463 2794 3534 ejus
2833 3464 2910 3518 rei
2946 3462 3139 3518 famam
3173 3462 3329 3518 multi
3353 3477 3615 3516 accurre-

2039 3555 2461 3620 runtmortales,
2484 3570 2719 3623 quorum
2745 3570 2890 3610 unus
2912 3555 3160 3610 Judamm
3194 3553 3437 3620 agnovit,
3468 3557 3613 3622 quod

2036 3645 2247 3700 scilicet
2281 3655 2442 3700 antea
2469 3645 2538 3700 ab
2573 3645 2831 3716 episcopo
2860 3647 3043 3701 Attico
3074 3647 3409 3716 baptismum
3431 3660 3617 3699 susce-

2038 3735 2230 3806 pisset.
2260 3735 2380 3790 Non
2405 3737 2587 3791 obiter
2621 3737 2727 3791 hoc
2755 3736 2978 3806 quidem
3006 3738 3286 3799 recensui,
3310 3751 3502 3791 verum
3558 3746 3618 3789 ut

2041 3827 2183 3882 scire
2217 3842 2507 3896 possemus
2532 3828 2763 3897 gratiam
2800 3828 3039 3882 divinam
3066 3843 3312 3899 persmpe
3348 3831 3511 3882 etiam
3555 3843 3615 3882 se

2044 3919 2188 3990 apud
2216 3920 2474 3992 indignos
2497 3921 2780 3989 exhibere,
2810 3919 2959 3975 nullo
2988 3920 3116 3975 inde
3139 3931 3420 3976 contracto
3448 3919 3619 3974 detri-

2048 4022 2256 4068 mento.
2289 4011 2522 4067 Maxime
2566 4026 2698 4068 vero
2758 4011 2852 4066 illa
2900 4010 3264 4066 admiratiOne
3306 4011 3469 4082 digna
3513 4022 3621 4074 est,

352 4109 475 4163 quae
500 4097 580 4150 sic
605 4097 753 4151 varie
786 4099 950 4155 rebus
1006 4101 1163 4156 novis
1202 4116 1261 4157 se
1324 4101 1580 4160 ostendat
1607 4117 1708 4174 per
1749 4102 1946 4175 dignos
1985 4104 2194 4162 simul:
2234 4112 2291 4159 et
2355 4103 2652 4174 aliquando
2682 4103 2872 4170 etiam,
2921 4105 2967 4158 si
3022 4104 3127 4158 hoc
3168 4118 3300 4158 usus
3358 4106 3619 4172 posmlet.

355 4204 455 4259 per
509 4189 783 4262 indignos.
828 4186 837 4193 ’

940 4333 1190 4388 ΚΕΦΑΛ.
1220 4335 1331 4388 IIl'.

362 4450 564 4515 Ὅπως
615 4449 713 4503 καὶ
769 4448 839 4503 ἐν
874 4449 1135 4516 Πέρσαις
1163 4451 1197 4503 ό
1252 4449 1723 4517 Χριστιανισμὸς
1752 4448 1939 4503 ἐπλα-

433 4522 620 4586 τύνθη
651 4518 750 4573 διὰ
804 4521 911 4573 τοῦ
939 4521 1279 4573 ἐπισκόπου
1326 4520 1788 4587 Μεσοποταμίας
1819 4521 1942 4572 Μα-

428 4590 645 4660 ρουθᾶ,
686 4590 787 4643 καί
831 4588 1011 4645 Ἀϐδᾶ
1041 4589 1148 4643 τοῦ
1180 4590 1522 4644 ἐπισκόπου
1551 4589 1869 4657 Περσίδος.

438 4706 577 4760 Κατ’
600 4709 779 4760 ἐκεῖνο
808 4707 864 4761 δὲ
887 4706 1081 4777 καιροῦ
1119 4706 1401 4760 συνέϐαινε
1444 4707 1540 4759 καὶ
1575 4708 1634 4759 ἐν
1683 4707 1750 4776 τῇ
1799 4705 1942 4774 Περ-

367 4799 476 4852 σῶν
508 4800 663 4872 χώρᾳ
717 4801 798 4863 είς
859 4800 1002 4870 μέγα
1030 4800 1312 4854 ἐπιδοῦναι
1357 4801 1447 4853 τὸν
1484 4799 1941 4871 Χριστιανισμόν.

382 4893 536 4947 Ἐπεὶ
570 4894 683 4963 γὰρ
736 4892 1040 4963 ἐπίτροπος
1089 4892 1419 4964 Ἰσδιγέρδης
1450 4892 1721 4962 Θεοδοσίῳ
1744 4895 1809 4945 ὲκ
1836 4908 1945 4944 πα-

368 4988 495 5058 τρὸς
517 4988 734 5056 γέγονε,
753 4985 905 5055 φίλος
930 5003 989 5039 τε
1008 4984 1078 5039 τὰ
1098 4986 1337 5053 μάλιστα
1363 4984 1653 5054 Ῥωμαίοις
1676 4985 1943 5054 κατέστη·

372 5080 471 5135 καὶ
524 5082 771 5150 συνεχεῖς
821 5079 994 5135 αἰτίαι
1049 5081 1332 5148 γεγόνασι,
1362 5079 1430 5132 δι’
1481 5078 1547 5140 ἃς
1581 5078 1675 5132 καὶ
1739 5079 1947 5147 μεταξῦ

385 5173 678 5242 Ῥωμαίων
718 5174 813 5225 καὶ
864 5172 1092 5243 Περσῶν
1120 5174 1334 5235 πυκνὰς
1376 5171 1665 5225 συνέϐαινε
1699 5170 1950 5240 γίνεσθαι

371 5265 471 5328 τὰς
501 5264 823 5333 πρέσόείας.
859 5265 1064 5335 Χρείας
1098 5266 1281 5317 τοίνυν
1306 5264 1617 5330 ἀναγκαίας
1652 5262 1948 5328 καλούσης,

376 5360 470 5411 καὶ
523 5358 825 5427 Μαρουθᾶς
855 5358 882 5410 ὁ
911 5356 1345 5426 Μεσοποταμίας
1398 5355 1690 5419 ἐπίσκοπος
1721 5354 1952 5425 πρέσόις

378 5450 693 5519 ἐπέμπετο·
736 5449 797 5502 ὃν
861 5450 961 5519 ἤδη
1011 5449 1223 5518 ἔφημεν
1282 5448 1389 5519 πρὸ
1442 5448 1664 5517 μικροῦ,
1714 5446 1954 5517 Κυρίνου

381 5542 475 5595 τοῦ
507 5542 809 5597 ἐπισκόπου
849 5542 1190 5610 Χαλκηδόνος
1214 5541 1461 5610 πατῆσαι
1491 5540 1581 5593 τὸν
1618 5539 1778 5593 πόδα.
1799 5537 1956 5591 Ἐπεὶ

382 5636 434 5687 δῖ
458 5628 583 5707 ἧκε,
611 5635 929 5703 περιφανῶς
962 5635 989 5685 ό
1035 5633 1251 5704 Πέρσης
1297 5632 1386 5686 διὰ
1418 5631 1621 5702 πολλῆς
1647 5627 1753 5703 ἦγε
1786 5630 1957 5699 τιμῆς

385 5730 704 5796 Μαρουθᾶν,
732 5724 930 5796 οἷάπερ
957 5726 1128 5797 ἄνδρα
1160 5725 1384 5794 θεοφιλῆ
1430 5726 1523 5778 καὶ
1563 5724 1764 5793 πολλῆς
1795 5724 1957 5774 εὐλα-

388 5821 539 5882 ϐείας
572 5820 1039 5885 ἀντιπιούμενον.
1093 5818 1158 5872 Οί
1187 5819 1244 5871 δὲ
1282 5817 1463 5886 Μάγοι
1499 5816 1768 5883 τοσαύτην
1791 5814 1960 5883 ὁρῶν-

387 5931 475 5976 τες
505 5915 667 5983 τιμὴν
716 5911 841 5981 περὶ
895 5912 986 5966 τον
1026 5910 1307 5981 Ῥωμαέων
1360 5907 1659 5962 ἐπίσκοπον
1695 5907 1958 5971 (πλεῖστα

2612 4333 2841 4390 CAPUT
2867 4332 3053 4387 XVIII.

2055 4450 2118 4506 Ut
2151 4454 2312 4520 etiam
2336 4448 2480 4520 apud
2512 4447 2705 4520 Perses
2732 4444 3167 4520 Christiquismus
3187 4447 3252 4520 sit
3279 4455 3626 4520 propagatus,

2122 4538 2215 4585 per
2250 4517 2563 4575 Mar'utham
2602 4518 3025 4586 Mesopotamia,
3056 4524 3104 4568 et
3133 4517 3334 4570 Abdum
3368 4517 3624 4581 Persidis,

1974 4631 2020 4687 υ
2120 4591 2406 4662 episcopos.

2121 4704 2323 4759 Eodem
2349 4713 2592 4773 tempore
2622 4704 2675 4756 in
2707 4702 2994 4757 Persarum
3014 4715 3233 4770 quoque
3263 4701 3485 4770 regione
3523 4714 3632 4751 ma.

2048 4812 2153 4866 gna
2184 4795 2639 4851 Christianismus
2655 4795 2800 4864 cepit
2830 4796 3192 4850 incrementa.
3219 4792 3355 4847 Cum
3384 4805 3627 4859 namque

2049 4890 2359 4961 Isdigerdes
2382 4888 2677 4942 Theodosii
2704 4903 2732 4941 a
2755 4897 2910 4958 patre
2938 4888 3222 4941 institutus
3248 4894 3415 4947 tutor,
3443 4896 3494 4938 et
3518 4885 3627 4937 llo.

2054 4981 2233 5035 mauis
2264 4981 2476 5034 amicus
2531 4979 2767 5033 maxime
2796 4987 2961 5043 esset,
3026 4978 3345 5046 frequentes
3370 4978 3629 5029 exstitere

2058 5088 2260 5139 causae,
2291 5072 2653 5143 quamobrem
2684 5072 2827 5124 inter
2861 5069 3138 5123 Ron'nanos
3163 5076 3219 5122 et
3284 5066 3481 5121 Persas
3510 5081 3633 5118 crc-

2059 5167 2170 5221 bra:
2198 5165 2340 5219 ultro
2363 5166 2616 5232 citroque
2649 5162 3003 5218 mitterentur
3053 5159 3381 5229 legationes.
3443 5157 3632 5223 Itaque

2060 5258 2387 5312 necessitate
2425 5255 2723 5325 ﬂagitante,
2768 5252 3048 5307 Maruthas
3080 5263 3300 5320 quoque
3330 5248 3635 5314 Mesopota-

2062 5348 2183 5403 miae
2209 5347 2523 5416 episcopus,
2554 5358 2718 5413 quem
2755 5341 2918 5410 paulo
2943 5351 3072 5394 ante
3102 5335 3288 5408 Cyrini
3332 5333 3634 5388 Chalcedo-

2061 5439 2251 5493 nensis
2274 5435 2519 5505 episeOpi
2544 5434 2739 5505 pedem
2766 5431 3090 5501 protrivisse
3123 5426 3388 5486 diximus,
3449 5431 3639 5476 orator

2061 5537 2227 5581 eoest
2252 5528 2478 5581 missus.
2520 5526 2588 5579 Et
2643 5533 2931 5592 postquam
2994 5522 3040 5573 is
3109 5518 3174 5571 ad
3216 5516 3410 5570 Persas
3465 5512 3635 5574 venit,

2061 5620 2339 5692 propalam
2377 5635 2469 5673 rex
2519 5633 2644 5671 eum
2697 5617 2751 5670 in
2784 5626 2981 5685 magno
3042 5610 3233 5664 habuit
3288 5607 3521 5670 honore,
3580 5611 3644 5660 ut

2062 5709 2240 5768 virum
2292 5713 2402 5789 Deo
2432 5711 2660 5765 charum
2723 5716 2779 5762 et
2832 5707 3002 5761 multa
3054 5706 3257 5775 pietate
3321 5701 3638 5773 praeditum.

2063 5804 2201 5875 Magi
2228 5804 2319 5857 ubi
2342 5813 2549 5856 tantum
2571 5801 2834 5854 honorem
2858 5799 3114 5852 Romanae
3137 5795 3363 5850 ditionis
3384 5792 3642 5864 episcopo

2066 5897 2258 5952 haberi
2297 5894 2574 5959 viderunt,
2605 5892 2697 5960 qui
2726 5891 3024 5959 plurimum
3056 5889 3199 5958 apud
3251 5901 3430 5957 regem
3456 5892 3644 5939 aucto-
