4044 6446
461 409 594 482 1111

1649 409 2090 471 (Νῐίῖίίἴδίίῧῖἶι
2141 412 2487 471 GALLIS“

3575 407 3712 476 1112

461 526 623 581 ritate
656 524 859 603 valent,
894 523 1036 593 apud
1060 523 1269 594 seipsos
1294 525 1736 589 macerabantnr,
1758 525 2033 595 variisque

2155 526 2182 576 δ’
2214 523 2360 576 οὗτοι
2392 526 2539 593 παρὰ
2572 522 2645 592 τῷ
2678 522 2827 591 σφῶν
2856 523 3101 593 ἰσχύουσι
3135 522 3348 590 βισιλεί
3450 522 3568 576 καθ’
3591 527 3712 578 ἐαυ-

459 616 889 687 cngitalimiibus
913 616 1246 683 aestuahant,
1276 634 1344 670 ne
1373 634 1477 670 una
1512 633 1637 671 cum
1662 634 1724 671 ea
1747 635 1852 687 qua
1880 618 2033 673 illum

461 708 896 777 prosequebatur
939 705 1259 771 affectione,
1294 707 1613 778 religionem
1667 724 1886 778 quoque
1919 708 2040 778 ejus

460 801 944 869 complecteretur,
973 807 1301 853 metuentes.
1330 800 1465 854 Nam
1488 800 1683 868 capitis
1700 816 1920 869 quoque
1939 802 2039 853 do-

464 893 633 946 lorem
652 906 871 961 gravem
905 900 962 945 et
986 892 1782 962 diuturnum;anlsdigcrdes
1811 893 2041 949 amictus

462 983 663 1047 fuerat,
717 984 1001 1039 Maruthas
1054 984 1390 1055 precatione,
1440 985 1552 1039 Deo
1578 990 2036 1050 exorato,statim

446 1086 784 1130 .curaverat:
816 1076 980 1149 473
1032 1077 1177 1147 quod
1238 1079 1373 1147 Magi
1435 1093 1558 1132 cum
1604 1079 1786 1135 omnia
1834 1089 2039 1134 tentas-

460 1173 604 1230 sent,
658 1176 825 1235 atque
878 1170 1155 1236 egissent,
1192 1168 1406 1222 eilicere
1473 1185 1530 1224 se
1573 1184 1731 1238 posse
1784 1170 2042 1240 despera-

462 1266 675 1314 verant.
732 1258 1086 1329 Quapropter
1142 1260 1270 1314 dolo
1322 1275 1506 1329 rcgcm
1559 1261 1781 1331 aggredi
1831 1271 2039 1318 statue-

467 1359 613 1402 runt.
643 1349 1102 1421 Quandoquidem
1167 1351 1346 1407 Persrc
1370 1354 1546 1422 ignem
1581 1362 1837 1424 tanquam
1872 1355 2038 1411 Deum

466 1440 676 1503 colunt.
731 1453 788 1497 et
844 1458 1033 1512 magos
1061 1457 1157 1497 eos
1215 1444 1492 1514 appellant
1522 1444 1613 1512 qui
1666 1445 1931 1501 elementa
1987 1448 2041 1502 in

469 1547 764 1587 numerum
797 1534 1029 1589 deorum
1058 1536 1323 1601 referunt,
1355 1543 1409 1590 et
1434 1551 1522 1589 rex
1552 1552 1614 1590 ex
1643 1541 2043 1594 consuetudine

469 1609 831 1690 perpetuum-
868 1624 1050 1694 ignem
1108 1625 1379 1687 adoravit,
1419 1626 1598 1680 virum
1627 1630 1921 1697 quemdam
1986 1633 2041 1687 in

467 1715 667 1768 fossam
691 1718 795 1772 sub
825 1732 967 1775 terra
990 1735 1057 1777 eo
1082 1730 1328 1791 tempore
1346 1739 1455 1792 quo
1490 1741 1581 1779 rex
1615 1724 1875 1779 advenire
1908 1726 2040 1779 soli-

469 1814 555 1861 tus
609 1816 727 1863 erat
754 1810 1122 1875 demiserunt.
1170 1829 1406 1883 eumque
1466 1817 1632 1872 verba
1723 1796 1843 1871 haec
1903 1817 2040 1889 Magi

468 1898 810 1966 proclamare
859 1903 1148 1974 jusserunt

465 2005 627 2057 quem
686 1992 832 2048 Deus
900 1995 1128 2067 impium
1180 1999 1479 2069 judicaret,
1550 2002 1697 2071 quod
1757 2010 2045 2069 tantopere

465 2082 787 2153 episcOpum
831 2087 1273 2144 Christianorum
1303 2093 1414 2146 Deo
1451 2092 1680 2146 charum
1702 2093 2041 2156 existimans,

468 2185 703 2228 amaret.
736 2194 755 2227 ι
794 2174 947 2242 Quod
987 2178 1080 2233 ubi
1112 2180 1276 2235 Persa
1327 2179 1559 2243 audivit,
1598 2181 1906 2237 Marutham
1947 2183 2046 2236 ho-

470 2276 623 2321 neste
676 2268 895 2339 quidem
970 2280 1026 2326 et
1077 2281 1416 2339 reverenter,
1467 2274 1696 2328 omnino
1723 2284 1902 2330 tamen
1934 2291 2046 2335 ase

471 2361 755 2429 rejiciendi
793 2364 1083 2419 consilium
1112 2366 1276 2436 cepit.
1326 2368 1608 2422 Maruthas
1649 2383 1751 2438 pro
1781 2384 1882 2424 suo
1918 2386 2047 2439 erga

472 2453 640 2507 Deum
706 2469 894 2510 amore
944 2459 1365 2526 precationibus
1399 2460 1777 2516 vehementius
1829 2463 2047 2516 incum-

470 2544 627 2610 bens,
671 2546 930 2614 perfacile
985 2548 1276 2604 Persarum
1326 2550 1510 2605 dolum
1569 2554 1797 2608 edoctus
1853 2565 1964 2609 est:
1994 2566 2048 2609 et

364 2676 385 2699 ,
469 2634 803 2705 Isdigerdem
847 2639 1081 2695 adiens:
1120 2658 1136 2691 ι
1172 2642 1249 2696 Ne
1283 2643 1357 2696 ita
1392 2642 1521 2697 illud
1569 2644 1690 2709 tibi,
1715 2645 1811 2709 ait,
1839 2656 2045 2715 patere,

472 2746 506 2782 ο
530 2744 649 2785 rex.
683 2730 791 2786 Sed
824 2735 1123 2789 sacrarium
1150 2736 1454 2804 ingressus.
1484 2751 1608 2792 cum
1641 2738 1706 2791 ad
1734 2746 1785 2791 te
1819 2739 2047 2807 perferri

472 2839 664 2879 vocem
684 2824 949 2890 senseris,
983 2827 1151 2882 eﬂ‘odi
1191 2830 1624 2899 terramjubeto,
1650 2838 1704 2884 et
1737 2830 1896 2884 dolus
1934 2832 2050 2900 ipse

471 2917 661 2973 statim
715 2919 943 2988 patebit.
1004 2920 1151 2992 Ignis
1196 2924 1342 2977 enim
1390 2939 1581 2978 vocem
1618 2923 1804 2988 edere,
1840 2932 1900 2976 ut
1955 2924 2046 2992 qui

476 3009 811 3066 inanimatus
872 3013 964 3078 sit,
992 3014 1422 3084 haudquaquam
1455 3022 1632 3082 potest
1666 3031 1679 3067 :
1736 3014 1827 3068 sed
1860 3013 2051 3067 fraude

476 3107 713 3157 humana
778 3104 956 3160 fabula
991 3107 1105 3161 hzec
1129 3108 1379 3161 instituta
1415 3115 1517 3161 est.
1551 3125 1568 3158 ι
1612 3108 1727 3161 Rex
1752 3107 1936 3162 verbis
1968 3110 2050 3162 eis

2144 618 2273 677 τοὺς
2318 614 2696 681 ὑπεκνίζοντο,
2748 618 2840 668 καὶ
2889 614 3191 685 ἀνωμάλως
3248 613 3394 685 εἶχον
3432 615 3541 668 τῶν
3566 616 3712 685 λογι-

2150 709 2326 776 σμῶν,
2356 709 2657 771 δεδοικότες
2688 709 2764 780 μὴ
2787 711 2851 779 τῇ
2881 712 3017 776 πρὸς
3049 711 3252 762 ἐκεῖνον
3301 712 3500 778 στοργῇ
3537 710 3626 762 mi.
3656 709 3715 763 τὸ

2147 799 2357 852 ἐκείνου
2401 800 2566 862 σέϐας
2624 802 2969 868 ἀσπάσηται.
3027 800 3139 853 Καὶ
3186 801 3292 867 γὰρ
3352 802 3442 851 καῖ
3482 801 3713 867 κεφαλῆς

2148 891 2309 957 ἄλγος
2334 892 2551 961 χρόνιον
2588 892 2681 943 κοιλ⁵
2732 891 2924 953 δεινῶς
2968 890 3154 955 πιέζον
3200 890 3549 959 ἰσδιγέρδην,
3597 892 3714 943 Μα-

2152 982 2349 1063 ρουρᾶς
2406 982 2594 1053 εὐχαῖς
2640 983 2702 1036 τὸ
2736 984 2885 1038 θεῖον
2940 983 3292 1046 ἐκδυσωπῶν,
3345 984 3505 1044 εὐθὺς
3533 981 3713 1053 ἐθερά-

2149 1091 2348 1127 πευεν
2406 1075 2433 1127 6
2488 1075 2671 1147 Μάγοι
2733 1075 2915 1128 πάντα
2978 1075 3290 1143 πράξκντες
3351 1074 3757 1147 ιίιπηγόρευον⁸⁷

2164 1166 2376 1239 ’Δπάτῃ
2444 1166 2574 1234 γοῦν
2640 1167 2920 1237 μετελθεῖν
2981 1167 3285 1237 ἐπειρῶντο
3325 1166 3418 1218 τὶν
3474 1164 3714 1234 βασιλέα.

2162 1262 2313 1314 Ἐπεὶ
2344 1260 2477 1329 γοῦν
2501 1263 2549 1313 οί
2581 1262 2792 1331 Πέρσαι
2827 1261 2887 1315 τὸ
2913 1261 3021 1331 πῦρ
3052 1260 3125 1323 ὡς
3152 1260 3355 1312 ἐπίπαν
3376 1258 3716 1329 λατρεύουσι,

2150 1350 2245 1403 καὶ
2268 1351 2480 1419 μάγους
2508 1352 2755 1414 ἐκείνους
2782 1350 3047 1403 καλοῦσιν
3073 1352 3121 1404 οἳ
3148 1350 3216 1403 τὰ
3248 1352 3490 1419 στοιχεῖα
3518 1348 3718 1419 μᾶλλον

2152 1443 2521 1496 θεοποιοίσιν·
2554 1443 2744 1505 εἰωθὸς
2769 1443 2812 1495 δ’
2844 1438 2912 1513 ἦν
2944 1443 3155 1513 βασιλεῖ
3174 1443 3233 1494 τὸ
3269 1443 3531 1512 διηνεκῶς
3571 1441 3719 1494 καιό-

2155 1552 2314 1604 μενον
2349 1537 2461 1605 πῦρ
2496 1536 2853 1604 προσκυνεῖν,
2887 1535 3060 1604 ἄνδρα
3081 1535 3203 1587 τινὰ
3233 1534 3337 1588 ὑπὸ
3366 1535 3467 1603 γῆν
3495 1533 3718 1600 κατορύ-

2154 1628 2361 1693 ξαντες,
2382 1623 2424 1696 ᾧ
2448 1628 2629 1682 εἰώθει
2652 1630 2859 1691 ἐκεῖνος
2880 1627 3059 1698 καιρῷ
3085 1628 3364 1699 ἔρχεσθαι,
3387 1627 3719 1696 φθέγγεσθαι

2153 1723 2495 1791 παρηγγύων
2547 1724 2595 1776 oi
2652 1723 2851 1793 μάγοι·
2896 1741 2914 1774 ι
2956 1723 3106 1790 "Ege:
3149 1722 3330 1793 θυρῶν
3378 1720 3719 1791 τὸνβασιλέα

2153 1814 2351 1885 χρῆναι
2387 1816 2666 1883 γενέσθαι,
2722 1816 2900 1881 ἀσεδῆ
2963 1818 3072 1887 γὰρ
3107 1816 3185 1885 τῷ
3232 1816 3361 1887 θείῳ
3415 1815 3717 1884 κρίνεσθαι,

1201 1922 1216 1959 :
1266 1907 1472 1962 «Exire
1528 1916 1784 1979 Oportere
1859 1920 2042 1980 regem

2155 1908 2343 1979 ὅτιπερ
2398 1905 2485 1961 οἶα
2535 1908 2761 1979 θεοφιλῆ
2789 1910 2882 1962 τὸν
2911 1911 3060 1979 ίερέα
3090 1911 3436 1978 Χριστιανῶν
3487 1911 3720 1979 νομίζων

2148 2000 2520 2070 διαφερόντως
2553 2001 2760 2071 φιλοίη.
2816 2021 2835 2053 ι
2884 2004 2948 2056 ’0
2982 2002 3097 2073 δῆτ’
3155 2002 3401 2064 ἀκούσας
3425 2004 3452 2055 6
3484 2003 3716 2073 Πέρσης,

2149 2091 2468 2146 ἐϐουλεύετο
2516 2094 2609 2147 τὸν
2661 2095 2989 2164 Μαρουθιῖν,
3046 2096 3188 2149 αἰδοῖ
3230 2097 3351 2165 μὲν,
3376 2098 3527 2165 ὅμως
3549 2095 3592 2149 δ’
3624 2093 3719 2150 οὖν

2148 2183 2241 2251 ἀφ’
2272 2184 2469 2239 ἐαυτοῦ
2515 2186 2758 2256 βάλλειν.
2800 2187 2860 2241 Ὀ
2890 2188 2948 2242 δὲ
2996 2189 3297 2259 Μαρουθᾶς
3323 2187 3398 2258 τῷ
3430 2189 3562 2259 πρὸς
3587 2189 3718 2242 Θεὸν

2150 2273 2359 2347 φίλτρῳ
2413 2280 2535 2341 ταῖς
2590 2280 2779 2350 εὐχαῖς
2829 2280 2975 2352 μάλα
3036 2282 3459 2351 προσκείμενος,
3524 2282 3723 2353 ῥᾳδίως

2151 2365 2375 2433 ἐμυεῖτο
2412 2368 2537 2421 ὅθεν
2591 2372 2620 2423 6
2660 2370 2815 2436 δόλος
2872 2374 2986 2434 τοῖς
3043 2373 3285 2442 Πέρσαις
3329 2373 3577 2441 ἐγένετο⁶
3628 2375 3722 2427 καὶ

2151 2455 2394 2528 προσιὼν
2430 2459 2755 2533 ἰσδιγέρδῃ,
2788 2482 2806 2513 ι
2848 2462 2940 2533 Μὴ
2969 2463 3115 2517 οὕτω
3162 2467 3379 2530 ποιίζου,
3434 2465 3590 2535 φησὶ,
3626 2464 3723 2537 βα-

2154 2551 2331 2604 σιλεῦ·
2357 2551 2472 2605 ἀλλ’
2507 2556 2714 2618 εἰσιὼν,
2749 2557 2838 2609 ὅτε
2879 2573 2961 2609 σοι
2988 2561 3448 2626 προσυπαντῆσαι
3482 2558 3579 2626 τὴν
3610 2574 3721 2626 φω-

2152 2645 2249 2714 νὴν
2285 2643 2515 2710 αἴσθοιο,
2555 2647 2827 2716 ὑπορύξαι
2859 2648 3105 2703 κάτωθεν
3137 2650 3329 2703 κέλευε
3351 2667 3365 2680 ·
3395 2652 3485 2703 καὶ
3514 2654 3542 2705 6
3571 2650 3720 2713 δόλος

2155 2736 2446 2807 πρόχειρος
2502 2737 2657 2792 ἔσται
2712 2741 3060 2811 φαινόμενος.
3107 2743 3181 2795 Τὸ
3211 2746 3317 2813 γάρ
3352 2743 3462 2814 πῦρ
3493 2744 3720 2812 φθέγγε-

2155 2832 2277 2884 σθαι
2309 2832 2559 2902 οὐδαμῶς
2592 2832 2708 2885 ἐστι
2735 2848 2748 2861 ⁸
2783 2833 2901 2897 πῶς
2952 2834 3085 2904 γὰρ,
3135 2834 3344 2905 ἄψυχον
3361 2835 3455 2901 6v;
3489 2835 3603 2890 ἀλλ’
3631 2839 3723 2889 ἀν-

2155 2922 2400 2993 θρωπίνη
2439 2922 2600 2993 τέχνη
2630 2924 2786 2977 τοῦτο
2810 2926 3242 2995 δραματουργεῖ.
3276 2945 3293 2978 ι
3321 2927 3577 2980 Πείθεται
3610 2929 3720 2990 τοῖς

2156 3015 2399 3083 ῥήμασιν
2469 3016 2821 3087 Ἰσδιγέρδης.
2877 3017 3029 3069 Ἐπεὶ
3089 3020 3272 3072 δὲκαὶ
3316 3018 3475 3082 αὖθις
3526 3022 3606 3082 είς
3632 3020 3723 3071 τὸν

2154 3100 2395 3154 οἰκίσκον
2429 3101 2627 3173 εἰσῄει,
2684 3104 2814 3157 ἔνθα
2851 3105 2911 3157 τὸ
2943 3104 3209 3161 άσὸεστον
3247 3108 3355 3177 πῦρ
3383 3110 3722 3178 ἐφρουρεῖτο,

456 3197 819 3277 ⁸οιιεείιιιίῑυικ
843 3199 1022 3269 Atque
1049 3199 1139 3253 ubi
1178 3214 1394 3253 rursum
1430 3199 1484 3252 in
1514 3197 1800 3252 aediculam
1843 3214 1961 3251 eam
1994 3199 2044 3251 in

2158 3196 2252 3249 καὶ
2306 3195 2405 3265 τῆς
2442 3198 2566 3267 ἴσης
2609 3197 2924 3269 μετείληχει
2957 3201 3162 3269 φωνῆς,
3211 3201 3412 3255 αὐτίκα
3439 3202 3530 3255 τὸν
3563 3202 3722 3255 τόπον

477 3303 584 3357 qua
649 3298 949 3359 perpetuus
1004 3289 1146 3359 ignis
1188 3290 1598 3353 asservabatur,
1647 3290 1950 3359 ingressus,
1994 3298 2047 3341 et

472 3381 664 3436 eadem
686 3396 791 3434 vox
817 3381 882 3435 ad
914 3395 1040 3433 eum
1062 3380 1239 3434 delata
1264 3389 1369 3447 est,
1410 3380 1559 3435 illico
1592 3376 1758 3434 effodi
1808 3394 1935 3433 eum
1975 3380 2051 3434 io-

473 3490 599 3529 cum
654 3473 834 3544 jubct,
866 3475 1032 3544 etqui
1089 3477 1193 3529 sub
1230 3483 1375 3528 terra
1403 3474 1565 3527 deum
1592 3487 1649 3527 se
1694 3472 2054 3527 assimulave-

471 3579 580 3633 rat,
599 3568 845 3623 mortalis
862 3584 984 3623 esse
1007 3567 1464 3638 deprehenditur.
1486 3567 1672 3635 Itaque
1701 3566 1780 3620 ira
1809 3567 2052 3635 percitus

473 3659 662 3722 Persa,
714 3674 998 3728 magorum
1041 3674 1215 3727 genus
1252 3657 1563 3711 dei-imavit.
1584 3655 1699 3722 Qua
1724 3671 1781 3709 re
1809 3664 1882 3709 tta
1910 3665 2050 3717 aeta,

475 3751 738 3805 Marulha:
766 3759 1102 3819 praeceptum
1131 3760 1237 3811 est,
1270 3759 1680 3818 utquocunque
1709 3746 1876 3800 vellet
1908 3746 2051 3809 loco,

475 3846 530 3897 in
603 3842 897 3897 Persarum
949 3852 1090 3895 terra
1145 3842 1433 3917 ecclesiam
1500 3850 1833 3895 exstrueret.
1900 3838 2054 3894 Unde

474 3938 932 3992 Christianismus
957 3937 1010 3990 in
1041 3936 1185 3998 dies,
1209 3934 1810 4006 propemodum,etiam
1837 3933 1890 3987 in
1920 3934 2055 3989 Per—

477 4048 663 4087 sarum
699 4030 900 4087 ﬁnibus
935 4031 1107 4086 libere
1168 4041 1503 4102 prOpagatus
1543 4039 1647 4085 est.
1676 4028 1952 4084 Maruthas
1975 4029 2057 4082 le-

477 4128 699 4196 gatione
715 4141 783 4181 eo
815 4134 1062 4193 tempore
1097 4134 1244 4179 recte
1273 4122 1544 4185 confecta,
1586 4121 2057 4190 Constantinopo-

476 4222 572 4275 lim
597 4229 683 4275 est
716 4233 994 4274 reversus.
1032 4217 1097 4270 Et
1134 4232 1257 4271 cum
1290 4218 1489 4270 iterum
1514 4225 1790 4270 oratorem
1843 4216 1899 4269 in
1930 4214 2059 4269 Per-

479 4314 655 4368 sidem
688 4313 830 4368 mitti
853 4319 1154 4381 oporteret.
1184 4310 1368 4365 denuo
1390 4309 1718 4377 legationem
1740 4323 1861 4362 eam
1896 4306 2054 4363 obiit.

477 4408 615 4479 Magi
633 4415 813 4461 autem
839 4405 981 4459 idem
1006 4404 1154 4475 quod
1176 4415 1334 4457 antea
1358 4401 1744 4465 moliebantur,
1768 4400 1873 4455 hoc
1898 4415 2061 4470 agen-

481 4509 587 4565 tes,
604 4507 665 4555 ut
681 4515 749 4555 ne
765 4513 857 4553 rex
876 4512 942 4552 eo
959 4495 1121 4552 sicuti
1139 4495 1293 4565 prius
1310 4503 1747 4556 uteretur,neve,
1767 4492 1907 4562 apud
1926 4507 2051 4547 eum

2156 3289 2405 3359 ὀρύττειν
2430 3291 2647 3344 ἐκέλευε
2677 3309 2689 3323 '
2725 3294 2819 3345 καὶ
2845 3295 2872 3345 6
2900 3294 3147 3345 κάτωθεν
3184 3294 3305 3357 θεὸς
3329 3288 3468 3348 εἶναι
3495 3294 3725 3358 ὐποκρι-

2156 3384 2375 3451 νόμενος
2402 3384 2692 3454 ἄνθρωπος
2718 3382 2859 3438 εἶναι
2920 3386 3205 3456 ἠλέγχετο.
3264 3384 3566 3458 Περιοργὴς
3630 3380 3725 3438 οὖν

2155 3476 2445 3543 γενόμενος
2466 3477 2555 3530 διὰ
2585 3477 2747 3531 τοῦτο
2774 3481 2802 3532 6
2839 3479 3077 3549 Πέρσης,
3113 3481 3173 3531 τὸ
3198 3479 3306 3532 τῶν
3341 3481 3531 3547 μάγων
3565 3479 3729 3545 γένος

2155 3566 2595 3623 ἀπεδεκάτωσεν.
2628 3564 2706 3624 υῦ
2739 3571 3065 3639 γενομένου,
3101 3570 3371 3642 Μαρουθᾷ
3402 3569 3725 3634 ἐνετέλλετο,

2154 3660 2278 3711 ὅποι
2307 3660 2370 3731 δὴ
2399 3660 2710 3732 βουλομένῳ
2743 3663 2831 3732 εἴη
2865 3664 2961 3729 τῆς
3004 3664 3233 3732 Περσῶν
3279 3664 3403 3731 γῆς,
3434 3662 3728 3732 ἐκκλησίαν

2156 3752 2465 3823 ἐξανιστᾷν.
2499 3755 2862 3809 Κάντεῦθενδ
2912 3758 3353 3825 Χριστιανισμὶς
3405 3755 3727 3826 καθημέραν

2156 3841 2231 3903 ὡς
2265 3844 2441 3898 εἰπεῖν
2477 3846 2570 3898 καὶ
2606 3846 2757 3917 παρά
2779 3848 2892 3908 τοῖς
2922 3846 3146 3916 Περσῶν
3170 3848 3338 3918 ὁρίοις
3363 3847 3533 3909 ἀδεῶς
3567 3845 3729 3901 ἐπλα-

2156 3928 2365 3991 τύνετο.
2425 3938 2535 3991 Καὶ
2591 3939 2619 3991 6
2654 3940 2755 4007 μὲν
2811 3939 3127 4007 Μαρουθᾶς,
3184 3940 3306 3992 τότε
3333 3940 3433 4009 μὲν
3465 3940 3558 4010 τῆς
3593 3954 3728 4008 πρε·

2159 4029 2344 4093 σ6είας
2393 4034 2443 4082 οἱ
2479 4030 2829 4102 τελεσθείσης
2888 4032 2973 4101 ἐφ’
3024 4028 3068 4100 ᾧ
3096 4033 3455 4102 παρεγένετο,
3508 4033 3600 4086 ἐπὶ
3630 4033 3729 4102 τὴν

2159 4123 2577 4178 Κωνσταντίνου
2632 4126 2949 4197 ὑπέστρεφε
2971 4143 2984 4158 ο
3038 4126 3237 4195 δεῆσαν
3263 4127 3318 4179 δέ
3348 4127 3511 4180 πάλιν
3536 4126 3727 4189 ἐλθεῖν,

2159 4213 2540 4284 ἀντεπέμπετο
2566 4215 2868 4285 πρεσϐείαν
2900 4215 3177 4288 πράττων.
3213 4217 3274 4269 Oi
3297 4216 3355 4269 δὲ
3389 4217 3553 4285 μάγοι
3575 4210 3730 4278 αὖθις

2158 4305 2228 4358 τὰ
2264 4304 2355 4359 ῖσα
2383 4307 2790 4377 σκευωροῦντες
2816 4302 2978 4378 ἦσαν,
3013 4306 3428 4376 οἰκονομοῦντες
3460 4307 3530 4369 ὡς
3566 4306 3629 4360 ἂν
3654 4308 3729 4375 μὴ

2160 4397 2361 4468 ἐπίσης
2384 4398 2534 4470 αὐτῷ
2564 4400 2744 4470 χρῷτο
2770 4402 2798 4453 6
2838 4400 3119 4471 βασιλεὺς,
3143 4401 3244 4454 ὅσα
3274 4416 3340 4467 γε
3366 4400 3434 4453 τά
3457 4401 3513 4461 ἐς
3542 4398 3726 4467 τιμήν.

2164 4490 2272 4542 Καὶ
2295 4491 2360 4561 δὴ
2390 4494 2607 4561 μηχανῇ
2643 4509 2750 4545 τινι
2775 4492 3055 4563 ἀφόρητόν
3086 4510 3208 4545 τινα
3245 4492 3542 4560 δυσοδμίαν
3571 4491 3731 4560 ἐνήρ-

483 4596 539 4648 in
568 4600 718 4647 tanto
749 4588 1147 4646 essetlioeore.
1186 4586 1253 4640 Et
1289 4593 1404 4639 arte
1447 4594 1610 4653 atque
1652 4584 2049 4639 machinatione

2163 4597 2319 4647 γουν,
2356 4581 2482 4635 ὅθεν
2511 4582 2704 4646 εἰωθὸς
2739 4579 2807 4655 ἦν
2856 4582 3052 4652 ἐκείνῳ
3098 4584 3434 4653 διέρχεσθαι.
3467 4584 3573 4635 Καὶ
3605 4584 3734 4652 συρ-

482 4681 722 4753 quadam
748 4696 816 4735 eo
846 4680 965 4734 loco
991 4674 1399 4732 intolerandum
1431 4676 1751 4729 excitarunt
1775 4675 2052 4737 fetorem,

479 4791 590 4845 quo
618 4789 714 4829 rex
748 4786 900 4827 more
931 4785 1032 4826 suo
1063 4767 1486 4825 deambulabat:
1511 4779 1679 4837 atque
1709 4768 1933 4835 insuper
1965 4780 2058 4820 ca-

481 4865 747 4926 lumniam
776 4861 1181 4923 conﬁnxerunt,
1227 4857 1481 4915 faetorem
1539 4874 1663 4912 eum
1701 4873 1729 4909 a
1757 4855 2057 4911 Christiani

403 4976 407 4981 θ
481 4955 727 5025 episcopi
759 4952 1056 5009 comitibus
1080 4966 1199 5007 esse
1250 4949 1634 5009 subornatum.
1671 4947 1837 5020 474
1896 4947 2059 5001 Prin-

484 5063 616 5118 ceps
663 5062 795 5101 vero
848 5045 1050 5115 Magos,
1087 5060 1153 5099 ex
1176 5057 1243 5097 eo
1270 5043 1417 5113 quod
1440 5056 1598 5096 antea
1628 5040 1874 5095 fecerant
1912 5038 2061 5108 judi-

483 5156 634 5206 cans,
663 5148 716 5193 et
748 5152 936 5193 eorum
966 5152 1183 5206 quoque
1212 5136 1264 5190 id
1297 5136 1579 5189 inventum
1605 5148 1725 5187 esse
1774 5141 2061 5201 suspectos

424 5224 433 5240 “
485 5234 717 5295 habens,
770 5229 957 5286 studio
1005 5229 1153 5284 omni
1177 5236 1429 5284 auctores
1473 5227 1591 5297 ejus
1622 5225 1696 5279 rei
1749 5225 2059 5294 inquisivit.

489 5326 591 5379 libi
663 5323 739 5377 illi
793 5337 1014 5378 rursum
1071 5319 1297 5391 pessimi
1348 5319 1497 5374 illius
1529 5318 1714 5373 odoris
1752 5329 2060 5390 patratores

484 5434 606 5474 esse
659 5416 929 5487 comperti
971 5424 1122 5480 sunt,
1184 5413 1487 5482 permultos
1542 5412 1726 5465 denuo
1768 5411 2059 5481 suppliciis

488 5510 733 5567 subdidit
760 5528 774 5563 ε
809 5508 1115 5561 Marutham
1154 5516 1336 5559 autem
1369 5506 1574 5575 majore
1599 5505 1763 5559 etiam
1795 5519 2059 5573 prosecu-

490 5614 577 5658 tus
600 5611 686 5661 est
711 5602 940 5656 honore.
975 5597 1320 5666 Proindequc
1336 5596 1611 5650 Romanos
1639 5596 1851 5661 dilexit,
1884 5606 1938 5649 et
1958 5596 2062 5650 mi-

487 5696 636 5751 rifice
694 5694 991 5750 amicitiam
1049 5707 1238 5747 eorum
1271 5690 1458 5745 coluit.
1493 5690 1819 5757 Quinetiam
1872 5705 2061 5743 amore

485 5787 873 5861 desiderioque
893 5786 1097 5858 ingenti
1126 5785 1324 5841 ductus
1344 5784 1694 5842 Christianus
1715 5783 1828 5839 ﬁeri
1862 5782 2061 5851 voluit,

2165 4670 2464 4738 ρεἱπτοντες
2498 4671 2554 4723 ἐν
2584 4672 2863 4735 διαόολαῖς
2894 4668 3056 4738 ἦσαν,
3089 4672 3166 4734 ὡς
3201 4674 3309 4741 ἄρα
3338 4672 3544 4740 ταύτην
3580 4671 3629 4724 οι
3656 4669 3731 4738 τῷ

2164 4764 2304 4832 ίερεῖ
2354 4765 2707 4834 Χριστιανῶν
2742 4766 2997 4828 συνόντες
3027 4765 3271 4820 ἐποίουν.
3320 4766 3409 4819 Ἐν
3443 4764 3647 4835 ὑποψίᾳ
3675 4761 3731 4816 δὲ

2163 4853 2238 4907 ὢν
2268 4856 2295 4907 6
2326 4855 2545 4925 κρατῶν
2572 4859 2684 4920 τοῖς
2732 4857 2976 4925 φθάσασι
3016 4859 3113 4911 καὶ
3134 4857 3344 4927 ταύτην
3372 4858 3500 4920 τοὺς
3530 4856 3733 4925 μάγους

2164 4947 2578 5018 ρᾳδίουργῆσσιι,
2637 4950 2840 5020 σπουδῇ
2883 4951 2947 5019 τῇ
2987 4950 3140 5021 πάσῃ
3172 4949 3297 5011 τοὺς
3331 4946 3595 5009 αὐθέντας
3637 4944 3733 5013 τῆς

2161 5039 2416 5109 πράξεως
2472 5042 2779 5111 ἀνιχνεύων
2829 5041 3061 5111 ἠρεύνα.
3103 5042 3192 5104 Ὠς
3231 5040 3276 5092 δ’
3318 5039 3375 5104 ἐξ
3400 5038 3621 5092 ἐκείνων
3642 5038 3734 5089 καὶ

2162 5129 2321 5197 αὖθις
2347 5134 2399 5187 οἱ
2423 5135 2840 5204 δραματουργοὶ
2877 5134 2978 5205 τῆς
3016 5136 3298 5204 κακίστης·
3320 5134 3488 5202 ὀδμῆς
3513 5129 3735 5199 ἐγνωρί-

2161 5224 2336 5291 ζοντο,
2399 5226 2629 5289 πολλοὺς
2680 5227 2790 5279 τῶν
2835 5227 3029 5295 μάγων
3096 5227 3193 5279 καὶ
3251 5225 3403 5288 αὖθις
3439 5224 3732 5294 τιμωρίαις

2162 5317 2340 5388 ὑπῆγε
2362 5333 2375 5347 ο
2400 5319 2491 5371 τὸν
2514 5318 2577 5376 δὲ,
2596 5318 2896 5389 Μαρουθᾶν
2931 5319 3023 5372 καὶ
3049 5322 3105 5371 ἐν
3137 5318 3346 5387 μείζονι
3374 5316 3542 5384 ἀνῆγε
3574 5316 3729 5383 τιμῇ.

2161 5409 2472 5463 Κάντεῦθέν
2502 5427 2561 5464 τε
2609 5409 2918 5480 Ῥωμαίους
2952 5410 3161 5478 ἠγάπα,
3188 5413 3281 5462 καὶ
3316 5407 3609 5476 ὑπερφυῶς
3637 5405 3733 5476 τὴν

2160 5501 2299 5570 πρὸς
2329 5503 2576 5565 ἐκείνους
2621 5502 2811 5571 φιλίαν
2845 5503 3154 5573 ἠσπάζετο.
3205 5501 3294 5570 Τῷ
3317 5501 3374 5554 δὲ
3406 5499 3583 5569 πολλῷ
3613 5497 3734 5567 φίλρ

2160 5613 2276 5665 τρῳ
2313 5596 2405 5647 καὶ
2435 5595 2823 5666 Χριστιανίσαι
2855 5596 2914 5647 ἐν
2939 5595 3016 5664 νῷ
3043 5595 3215 5659 ἔθετο,
3253 5591 3391 5661 ἄλλῃ
3421 5590 3590 5660 πείρᾳ
3638 5585 3732 5645 τοῦ

2161 5686 2451 5756 Μαρουθᾶ,
2505 5688 2569 5756 ἣν
2631 5687 2807 5740 ἐποίει
2841 5685 3040 5757 σύναμ⁹
3109 5685 3276 5756 ’Λὸδᾷ
3308 5690 3387 5755 τῷ
3445 5681 3729 5748 ἐπισκόπῳ

2165 5780 2447 5851 Περσίδος,
2483 5781 2668 5853 εὐχαῖς
2704 5781 2983 5845 συντόνοις
3031 5777 3473 5851 ἐγκαρτερήσας,
3514 5771 3608 5827 καὶ
3643 5769 3730 5825 τὸν
