4044 6520
445 401 585 468 1115

1651 409 1826 470 ΝΙοΕ
1838 408 2072 468 PHORI
2115 409 2461 472 CALLIS'I‘I

3613 404 3745 473 1116

443 524 698 578 homines
742 535 865 577 sunt
925 524 1217 593 persecuti.
1252 522 1593 590 Quibusdam
1625 525 1772 578 enim
1824 535 2017 577 manus

2140 540 2238 584 τον.
2269 524 2329 574 Ol
2368 521 2469 591 μὲν
2522 520 2628 591 γὰρ
2683 520 2854 591 ἄμφω
2886 521 3077 592 χεῖρας
3102 517 3354 573 πελέκει
3400 517 3743 590 ἀφῄρηνται,

444 625 679 682 utraque
732 615 912 669 securi
951 623 1182 678 resecta,
1215 616 1497 669 nonnullis
1529 625 1679 685 terga
1734 615 2015 668 excoriata

2120 616 2227 664 τῶν
2258 615 2312 667 δὲ
2336 615 2402 667 τα
2433 614 2579 666 νῶτα
2627 614 2956 683 ἁπέδειρανο
2988 608 3062 666 ὧν
3099 612 3153 665 δὲ
3188 610 3298 664 καὶ
3332 611 3440 674 τὰς
3495 611 3746 679 κεφαλάς

445 716 598 771 sunt,
634 707 864 760 aliorum
899 706 1173 777 capitibus
1206 707 1360 777 pellis
1392 708 1637 761 detracta
1666 709 1893 760 afronte
1949 705 2018 760 ad

2140 708 2338 774 γυμνὰς
2371 709 2469 775 τῆς
2490 705 2650 775 δορᾶς
2676 706 3106 777 ἀπειργάσαντο,
3141 706 3213 758 ἐκ
3246 703 3549 773 μετώπων
3578 704 3745 772 apii-

446 810 691 853 mentum
726 814 936 868 usque:
984 813 1346 868 qum-umnam
1403 814 1633 868 corpora
1660 807 1769 852 tota
1796 798 2020 854 calamis

447 891 690 945 discissis
723 892 795 945 illi
835 892 1164 959 aperientes,
1193 891 1626 959 cuspidibusque
1657 906 1850 945 eorum
1886 906 2020 944 acu-

2126 816 2276 868 μενοι
2304 799 2433 868 ἄχρι
2465 799 2530 869 δὴ
2566 800 2623 862 ἐς
2656 800 2925 865 πώγωνας
2952 796 3150 866 ἔληξαν
3173 778 3198 828 τ
3232 795 3455 856 ἄλλους
3484 795 3545 848 δὲ
3577 797 3745 850 καλάο

2127 910 2261 961 μους
2292 892 2373 955 είς
2395 891 2487 944 δύο
2508 889 2869 960 διαιροῦντες,
2904 894 3000 945 καὶ.
3033 890 3096 943 τδ
3128 889 3314 957 σῶμα
3348 888 3595 954 σύμπαν
3630 888 3749 940 τού-

446 982 669 1035 minatis
699 981 852 1035 carni
889 982 1090 1047 inﬁxis,
1117 993 1174 1038 et
1202 983 1438 1038 vinculis
1477 982 1836 1039 solidioribus
1863 983 2021 1036 insu-

2140 1003 2237 1048 τοις
2262 983 2652 1047 καλύπτοντες,
2687 987 2780 1036 καὶ
2802 983 3109 1050 τεμνούσας
3145 981 3390 1044 τούτοις
3439 980 3640 1043 ἀκίδας
3668 980 3743 1048 τῷ

447 1088 599 1139 pera
654 1073 831 1141 capite
861 1074 979 1143 ipso
1031 1081 1095 1127 ad
1151 1075 1318 1143 pedes
1386 1090 1559 1145 usque
1601 1075 2018 1146 circumligatis,

444 1182 637 1231 magna
695 1169 744 1221 vi
783 1169 1052 1224 calamum
1091 1186 1425 1240 quemquam
1477 1169 1863 1234 extrahebant,
1900 1168 2024 1222 vin-

443 1259 584 1312 culis
621 1259 754 1329 ipsis
778 1260 940 1314 altius
967 1277 1185 1316 carnem
1213 1261 1618 1316 subeuntibus:
1657 1270 1716 1314 ut
1752 1260 2021 1315 tractione

445 1348 535 1401 tali
571 1366 690 1402 cam
720 1351 973 1419 corporis
996 1361 1229 1420 partem,
1256 1367 1379 1421 quae
1408 1353 1524 1406 cuti
1550 1350 1858 1420 propinqua
1914 1360 2019 1414 est,

443 1438 790 1506 divcl'entes,
856 1442 1171 1497 acerbiores
1206 1442 1423 1497 dolores
1470 1441 1788 1498 redderent.
1816 1440 1924 1496 Sed
1966 1452 2025 1495 et

444 1529 619 1585 fossas
671 1548 865 1602 magna
916 1549 1050 1589 cura
1110 1534 1406 1604 sepientes.
1462 1534 1702 1589 murium
1763 1532 2022 1589 examina

444 1624 617 1677 tnulta
654 1623 709 1677 in
734 1640 830 1679 eas
855 1625 1146 1683 demisere.
1213 1634 1270 1680 et
1314 1625 1509 1680 deinde
1558 1626 1880 1679 alimentum
1938 1624 2024 1679 eis

445 1731 590 1769 verte
623 1717 842 1784 pietatis
876 1718 1131 1772 alumnos
1169 1717 1547 1787 praebuerunt,
1584 1716 1837 1771 manibus
1868 1717 2023 1785 pedi-

450 1808 663 1876 busque
704 1823 897 1863 eorum
919 1809 1160 1865 arctiore
1185 1809 1409 1863 vinculo
1437 1808 1778 1872 constrictis,
1804 1824 1874 1861 ne
1906 1824 1933 1860 a
1967 1822 2024 1863 se

2127 1080 2341 1142 σώματι
2366 1077 2874 1146 προσαρμόσαντες,
2901 1074 3093 1127 ἔπειτα
3137 1060 3388 1141 δεσμοῖς
3423 1087 3545 1123 τισι
3586 1073 3746 1139 στερ-

2126 1171 2374 1241 ροτέροις
2401 1171 2465 1223 ἐκ
2488 1167 2735 1237 κεφαλῆς
2757 1167 2883 1236 ἄχρι
2916 1164 3087 1219 ποδῶν
3113 1162 3469 1235 περικύκλῳ
3499 1161 3741 1229 θέμενοι,

2127 1267 2224 1319 σὺν
2257 1265 2426 1335 πολλῇ
2483 1266 2577 1337 βία
2629 1264 2738 1317 τῶν
2763 1263 3027 1330 καλάμων
3078 1260 3338 1314 ἕκαστον
3400 1253 3621 1321 εἷλκον,
3664 1257 3739 1325 τί)

2126 1357 2310 1427 δεσμῷ
2343 1357 2487 1411 κατά
2515 1356 2680 1427 βάθος
2725 1356 2823 1422 τῆς
2870 1355 3069 1424 σαρκὸς
3102 1352 3480 1418 εἰσδυόμενοι
3505 1366 3523 1382 ο
3572 1351 3649 1413 ὡς
3679 1349 3743 1401 ἂν

2125 1453 2193 1521 τῇ
2228 1450 2449 1502 ἑλκύσει
2477 1448 2535 1501 τὸ
2565 1448 2701 1517 πρὸς
2730 1447 2789 1499 τὸ
2816 1447 2992 1515 δέρμα
3054 1442 3376 1512 γειτνιάζον
3408 1440 3513 1494 τοῦ
3556 1442 3744 1506 σώμα-

2125 1556 2218 1603 τος
2272 1537 2692 1608 παρασύροντες
2742 1535 3078 1603 πικροτέρας
3131 1535 3239 1597 τὰς
3312 1533 3527 1593 ὀδύνας
3579 1531 3743 1600 ἐργά·

2128 1634 2330 1699 ζοιντο.
2370 1630 2537 1685 Ἀλλὰ
2568 1630 2662 1684 καὶ
2711 1629 2950 1690 λάκκους
2986 1626 3237 1697 ἀκριϐῶς
3271 1622 3737 1693 ἀποφράξαντες,

2129 1725 2334 1795 ἀγέλας
2357 1723 2511 1793 μυῶν
2541 1721 2785 1790 μεγάλας
2820 1722 2876 1773 ὲν
2906 1717 3121 1780 τούτοις
3154 1717 3380 1787 ἐνῆκαν
3406 1732 3421 1747 ⁸
3458 1706 3585 1768 εἶτα
3613 1731 3738 1783 τρο-

2130 1819 2234 1890 φὴν
2267 1818 2459 1878 αὑταῖς
2487 1817 2748 1885 παρεῖχον
2775 1814 2902 1876 τοὺς
2931 1811 3236 1881 τροφίμους
3262 1810 3375 1878 τῆς
3407 1807 3738 1869 εὐσεϐείας,

447 1899 569 1953 illos
613 1898 836 1971 abigere
885 1901 1075 1955 conari
1127 1912 1374 1971 possent.
1445 1901 1627 1956 Mures
1655 1909 1844 1954 autem
1879 1900 2022 1953 fame

2140 1915 2229 1974 τὰς
2257 1911 2448 1980 χεῖρας
2493 1907 2740 1969 καὶτοὺς
2774 1905 2941 1967 πόδας
2980 1902 3167 1972 δεσμῷ
3212 1899 3597 1971 σφοδροτέρῳ
3631 1898 3742 1950 πιέ-

446 1990 660 2045 acriore
717 1991 973 2059 confecti,
997 2001 1315 2048 sanctorum
1366 2006 1581 2057 carnes,
1611 1994 1891 2048 intensum
1925 1993 2023 2046 ad-

445 2078 669 2135 modum
701 2088 758 2136 et
806 2096 1029 2151 gravem
1090 2080 1198 2137 illis
1254 2081 1500 2137 dolorem
1541 2080 1864 2146 inferentes,
1927 2098 2024 2137 vo—

445 2182 661 2228 rarunt.
717 2172 885 2245 [‘76
938 2173 1134 2230 Multas
1164 2190 1295 2230 vero
1319 2184 1375 2230 et
1404 2175 1539 2229 alias
1570 2175 1722 2230 hisce
1771 2174 2028 2230 saeviores

442 2279 741 2332 aerumnas,
782 2266 1097 2335 pernicioso
1132 2276 1188 2322 et
1213 2267 1461 2322 veritatis
1494 2265 1719 2335 inimico
1779 2264 2029 2320 dmmono

447 2357 708 2427 magistro
763 2358 821 2412 in
850 2359 1014 2414 rebus
1044 2358 1318 2429 ejusmodi
1356 2367 1594 2422 utentes,
1625 2357 2030 2429 excogitaruut.

445 2445 652 2500 Verum
713 2462 894 2505 tamen
920 2464 1244 2519 generosam
1275 2449 1517 2504 virorum
1562 2450 1778 2503 illorum
1804 2447 2028 2503 fortitu—

443 2538 633 2591 dinem
666 2556 771 2595 μοι.
811 2541 1161 2597 mluderuul.
1183 2541 1289 2596 Sua
1327 2557 1567 2610 namque
1598 2548 1793 2610 sponte
1828 2540 1906 2595 illi
1964 2554 2025 2595 se

446 2632 761 2695 certamini,
799 2634 865 2689 ad
900 2632 1209 2689 immortale
1248 2645 1306 2688 et
1352 2635 1703 2703 sempiternae
1733 2634 1861 2689 vitae
1894 2647 2028 2690 con-

445 2722 756 2778 ciliatorem
792 2723 1119 2797 aspirantes,
1151 2724 1493 2779 obtulerunt.

1050 2981 1274 3042 CAPUT
1306 2980 1427 3039 XX.

446 3098 529 3154 De
553 3097 937 3157 Aclm'menide,
969 3107 1017 3151 et
1042 3097 1237 3155 Saane.
1269 3107 1318 3153 et
1351 3096 1638 3166 Benjamin
1672 3097 1896 3152 diacono
1922 3113 1940 3152 :
1970 3106 2027 3152 ut

519 3170 734 3258 ἱὶμριιιι
773 3168 966 3224 Persas
996 3170 1286 3224 sa'vissime
1319 3168 1633 3235 excruciati,
1654 3168 1904 3242 martyrii
1921 3169 2029 3224 sint
2058 3193 2104 3258 ο

521 3241 702 3307 adepti
736 3255 1012 3293 coronant.

520 3372 939 3429 Achaemenides
994 3373 1218 3443 quidam
1242 3372 1407 3444 'apud
1441 3374 1639 3430 Persas
1659 3380 1798 3435 erat,
1830 3371 1921 3442 qui
1982 3378 2038 3425 et

449 3464 773 3520 llormisdes
809 3464 989 3520 dictus
1032 3474 1136 3533 est,
1172 3464 1431 3535 praefecto
1473 3475 1626 3534 patre
1684 3464 1928 3536 genitus,
1949 3462 2037 3517 vir

451 3558 748 3613 admodum
783 3557 1018 3613 illustris
1045 3567 1103 3613 et
1147 3558 1435 3628 locuples:
1458 3572 1622 3627 quem
1648 3557 1744 3612 ubi
1766 3555 2039 3612 Christia-

453 3667 738 3706 nuutcsse
819 3667 912 3705 rex
969 3650 1200 3714 audivit,
1248 3652 1303 3705 in
1359 3650 1603 3705 medium
1642 3649 1927 3720 produxit,
1983 3656 2039 3704 et

454 3743 804 3798 Servatorem
832 3743 1103 3813 abncgare
1129 3741 1405 3811 jussit.At
1430 3741 1521 3795 ille
1587 3740 1736 3810 regis
1771 3725 2043 3810 imperata

452 3852 563 3891 non
589 3835 769 3889 solum
801 3834 1010 3904 iniqua,
1037 3849 1229 3888 verum
1256 3834 1421 3888 etiam
1454 3832 1531 3886 illi
1557 3832 1661 3902 ipsi
1692 3831 2039 3886 incommoda

450 3943 575 3993 esse
595 3926 903 3997 respondit.
935 3945 953 3978 ι
980 3925 1081 3981 Cui
1106 3925 1255 3982 enim
1283 3940 1348 3980 ea
1369 3925 1670 3981 necessitas
1695 3923 2038 3992 imponatur,

452 4031 516 4076 ut
547 4019 808 4075 facillime
831 4018 1209 4073 universitatis
1248 4017 1415 4089 bujus
1444 4016 1613 4071 Deum
1646 4015 1882 4088 abjuret,
1910 4015 2041 4071 huic

452 4112 617 4180 longe
647 4107 862 4165 facilius
884 4108 1001 4164 fore
1031 4109 1187 4176 dixit,
1214 4124 1398 4178 regem
1426 4108 1760 4177 despiscere,
1786 4117 1953 4177 atque
1970 4105 2039 4162 ad

450 4204 625 4269 alium
662 4201 921 4258 transire.
981 4202 1187 4273 Regem
1218 4217 1455 4272 namque
1487 4202 1677 4268 etiam,
1708 4201 1878 4255 homo
1907 4214 2037 4255 cum

450 4297 546 4354 sit.
583 4305 831 4350 naturam
866 4294 990 4350 fatis
1023 4294 1320 4349 obnoxiam
1374 4294 1635 4350 sortitum
1695 4308 1840 4349 esse.
1876 4291 2038 4360 Quod

450 4388 524 4457 si,
558 4388 757 4457 inquit,
788 4386 1347 4442 animadvertendum
1400 4385 1499 4441 tibi
1535 4402 1656 4442 esse
1687 4386 1742 4441 in
1782 4400 1911 4441 eum
1956 4383 2041 4438 vi-

448 4483 638 4545 detur,
665 4485 760 4552 qui
788 4481 1224 4536 dominationem
1258 4490 1407 4533 tuam
1436 4479 1693 4549 abneget,
1725 4486 2039 4548 sceptrum.

2124 2004 2332 2068 ζοντες,
2358 2001 2445 2054 ἵνα
2471 1998 2547 2068 μὴ
2576 1998 2644 2052 τὰ
2672 1996 2837 2067 θηρία
2864 1996 2974 2049 ἀπὸ
3008 1993 3160 2062 σφῶν
3188 1993 3465 2046 ἐλαύνειν
3504 1990 3741 2060 πειρῷν-

2123 2109 2206 2146 το.
2238 2091 2301 2144 Ol
2331 2090 2386 2143 δὲ
2419 2087 2554 2157 μύες
2594 2085 2742 2157 λιμῷ
2780 2083 2999 2155 σφοδρῷ
3054 2083 3434 2152 πιεζόμενοι,
3492 2081 3592 2143 τὰς
3636 2078 3739 2130 τῶν

2126 2184 2302 2255 ἁγίων
2338 2183 2549 2255 σάρκας
2578 2181 2828 2250 δαπάνην
2882 2179 3067 2240 αὐτοῖς
3107 2176 3439 2239 ἐποιοῦντο,
3475 2176 3738 2226 ἐπιτετα-

2132 2281 2301 2350 μένην
2339 2278 2485 2347 μάλα
2514 2275 2608 2330 καὶ
2632 2272 2880 2345 χαλεπὴν
2911 2273 3009 2339 τὴν
3037 2271 3235 2340 ὀδύνην
3270 2268 3701 2340 προσφέροντες
3723 2279 3738 2295 ⁸

2136 2372 2339 2433 πολλὰς
2367 2370 2423 2423 δὲ
2449 2370 2543 2422 καλ⁸
2573 2368 2742 2430 ἄλλας
2775 2366 2870 2420 καὶ
2898 2365 3152 2435 χείρονας
3186 2363 3217 2434 ἢ
3250 2379 3431 2416 αυται
3469 2358 3736 2412 ἐπενόουν
3830 2360 3839 2371 ⁸

2133 2463 2535 2532 ταλαιπωρίας,
2554 2462 2646 2514 τδν
2666 2462 2764 2529 τῆς
2793 2459 3056 2530 ἀληθείας
3087 2457 3380 2527 ἀλάστορα
3411 2449 3734 2507 διδάσκαλον

2136 2560 2247 2621 τοῖς
2297 2558 2492 2619 δεινοῖς
2531 2554 2922 2625 ὲπαυχοῦντες.
2980 2554 3171 2622 Ὅμως
3224 2550 3273 2604 δ’
3319 2548 3420 2603 οὖν
3475 2546 3581 2615 τὴν
3630 2543 3734 2595 τῶν

2136 2652 2348 2722 ἀνδρῶν
2380 2650 2605 2703 ἐκείνων
2655 2650 2755 2701 οὐκ
2797 2646 3081 2718 ἦμϐλυναν
3137 2643 3555 2712 γενναιότητα⁶
3591 2634 3737 2692 αὑτό·

2139 2759 2300 2813 ματοι
2334 2741 2443 2811 γὰρ
2473 2743 2693 2811 ἔτρεχον
2721 2740 2796 2809 τῷ
2830 2739 3004 2807 ἀγῶνι
3025 2737 3116 2791 τὸν
3142 2735 3430 2791 ἀθάνατον
3466 2732 3568 2786 καὶ
3595 2728 3733 2797 ζωῆς

2142 2840 2315 2894 ἀϊδίου
2350 2839 2439 2893 τὸν
2474 2839 2743 2907 πρύτανιν
2779 2837 3082 2905 ἐφιέμενοι.

2729 2980 2976 3037 ΚΕΦΑΛ.
3018 2981 3104 3034 Κ¹.

2135 3077 2271 3147 Περὶ
2315 3074 2752 3147 Ἀχεμαινὶδουξ,
2787 3075 2886 3147 καὶ
2939 3072 3195 3134 Σαάνου,
3264 3069 3373 3147 κρῖ,
3449 3061 3731 3147 Βενιαμὶν

2208 3133 2497 3202 διακὸίθόυ
2520 3165 2534 3179 ·
2554 3146 2643 3217 ᾡς
2669 3133 2827 3213 παρὰ
2850 3147 3111 3217 Πέρσαις
3136 3133 3373 3217 πικρῶς
3398 3133 3732 3217 καμασῆν-

2208 3235 2329 3286 τες,
2355 3220 2464 3272 τὸν
2493 3207 2601 3271 τοῖ)
2622 3207 2959 3287 lup—topici)
2980 3207 3292 3282 στέφανον
3316 3207 3726 3275 ἁνεδήσαντο.

2205 3350 2318 3408 Ἦν
2341 3353 2397 3407 δέ
2429 3370 2512 3428 τις
2541 3351 2696 3422 παρὰ
2719 3349 2957 3419 Πέρσαις
2973 3327 3376 3417 Ἀχαιμενίδης
3411 3341 3515 3412 τὴν
3544 3337 3730 3406 κλῆσιν

2137 3446 2276 3516 ἀνὴρ
2326 3444 2423 3497 καὶ
2478 3440 2785 3511 Ὀρμίσδης
2842 3436 3198 3506 καλούμενος,
3226 3432 3448 3503 πατρὸς
3480 3429 3725 3495 ὑπάρχου

2138 3535 2533 3607 γεγενημένος,
2573 3531 2886 3603 περιφανὴς
2916 3528 3126 3597 ἐσάγαν
3144 3527 3237 3580 καὶ
3263 3524 3498 3593 πλούτῳ
3530 3518 3725 3591 βρίθων

2140 3630 2322 3700 πολλῷ
2344 3646 2360 3661 ’
2397 3629 2456 3683 ὃν
2480 3629 2545 3700 δὴ
2571 3624 2903 3696 Χριστιανὸν
2933 3620 3079 3705 εῖναι
3102 3619 3421 3689 πυθόμενος
3447 3610 3722 3705 βασιλευς,

2138 3725 2386 3796 προῆγεν
2435 3723 2513 3785 είς
2574 3719 2778 3790 μέσον,
2838 3717 2934 3772 καὶ
2971 3704 3072 3769 τὸν
3106 3713 3394 3767 σεσωκότα
3445 3704 3726 3778 ἀρνεῖσθαι

2138 3816 2382 3870 ἐκέλευε.
2408 3814 2520 3869 Καὶ
2546 3812 2606 3876 ὃς
2636 3812 2773 3883 πρὸς
2798 3810 2881 3882 τῷ
2914 3808 2989 3880 μὴ
3016 3808 3227 3869 δίκαια,
3281 3804 3409 3858 ἀλλ’
3431 3801 3555 3856 οὐδὲ
3588 3812 3723 3883 συμ-

2139 3911 2379 3983 φέροντα
2406 3903 2547 3962 εἶναι
2577 3906 2613 3962 ἃ
2647 3881 2987 3972 προσέταττε
3019 3900 3297 3973 βασιλεὺς,
3331 3899 3530 3965 ἔλεγεν
3554 3909 3568 3924 ⁸
3611 3909 3629 3943 ι
3659 3881 3724 3957 Ὦ

2138 4006 2252 4076 γὰρ
2284 4003 2501 4071 ἀνάγκη
2534 3999 2814 4053 ἐπίκειται
2848 3999 2913 4050 ὲκ
2942 3995 3039 4049 τοῦ
3073 3995 3275 4066 ῥᾴστου
3308 3987 3607 4060 ἀρνεῖσθαι
3635 3982 3720 4076 τὸν

2138 4073 2251 4153 τῶν
2276 4097 2414 4150 ὅλων
2444 4094 2604 4160 Θεὸν,
2650 4090 2831 4162 τούτῳ
2857 4089 3096 4162 μάλιστα
3131 4086 3317 4159 ῥᾴδιον
3364 4084 3585 4154 γένοιτο
3634 4073 3724 4128 καὶ

2141 4189 2370 4263 βασιλέα
2395 4188 2788 4257 καταφρονεῖν,
2836 4187 2934 4239 καὶ
2984 4181 3351 4253 μεταπίπτειν
3406 4178 3489 4238 εἰς
3516 4173 3717 4239 ἕτερον.

2140 4283 2252 4338 Καὶ
2283 4282 2395 4355 γάρ
2418 4282 2515 4336 καὶ
2536 4279 2792 4353 βασιλεὺς
2815 4277 3106 4349 ἄνθρωπος
3135 4274 3234 4340 ὢν,
3273 4270 3535 4338 ἐπικήρῳ
3565 4263 3718 4333 φύσει

2139 4373 2492 4446 κεκλήρωται
2514 4389 2530 4405 ο
2559 4372 2610 4425 εί
2649 4371 2706 4424 δέ
2737 4387 2822 4424 σοι
2863 4368 3157 4431 κολαστέος
3186 4368 3215 4420 ὁ
3270 4364 3371 4435 τὴν
3401 4362 3503 4431 σὴν
3535 4358 3717 4411 δεσπο-

2141 4467 2296 4522 τείαν
2321 4467 2683 4538 ἀρνούμενος,
2712 4466 2809 4517 καὶ
2831 4463 2904 4517 τὰ
2935 4461 3201 4530 σκῆπτρα
3230 4456 3364 4528 παρ’
3401 4452 3554 4507 οὐδὲν
3575 4450 3717 4512 λογι-

450 4589 564 4645 que
623 4545 781 4628 nilnili
817 4572 1005 4638 faciat,
1045 4572 1255 4628 rectius
1313 4572 1509 4637 multo,
1542 4545 1608 4627 ut
1628 4545 1784 4642 puto,
1821 4545 2033 4642 suppli-

2148 4560 2403 4632 ξάμενος,
2459 4557 2642 4627 πολλῷ
2665 4573 2731 4626 γε
2761 4546 2917 4627 οἶμαι
2953 4553 3229 4613 κολάσεως
3283 4548 3443 4616 δίκην
3471 4545 3711 4608 ὑπόσχοι.

451 4669 603 4721 cium
662 4666 882 4735 pendet.
940 4666 1035 4736 qui
1068 4681 1252 4720 rerum
1303 4665 1684 4720 universarum
1739 4664 2037 4719 Dominum

451 4761 696 4829 abjiciat.
730 4778 748 4811 ι
784 4759 895 4812 Rex
931 4773 1057 4811 cum
1089 4757 1485 4826 obstupescere
1518 4758 1699 4827 potius
1723 4756 1790 4812 ad
1829 4765 2038 4811 lautam

456 4852 562 4908 viri
595 4852 911 4906 libertatem
945 4848 1253 4913 debuisset,
1304 4864 1439 4919 opes
1477 4851 1527 4905 ei
1560 4850 1756 4911 adimi.
1800 4848 2043 4920 dignita-

453 4956 623 5016 teque
650 4946 878 5014 insuper
899 4945 1193 5013 privatum,
1227 4943 1461 5011 nudum,
1523 4951 1580 4998 et
1613 4942 1879 5013 subligari
1915 4952 2040 4997 tan-

453 5049 575 5096 tum
612 5038 992 5107 praecinctum,
1032 5034 1199 5090 aulici
1222 5037 1521 5091 comitatus
1550 5037 1794 5091 camelos
1833 5035 2041 5092 ducere

451 5129 638 5202 jussit.
659 5128 927 5197 Perpauci
962 5129 1322 5184 intercessi-re
1344 5128 1481 5191 dies.
1518 5144 1643 5184 cum
1668 5144 1764 5183 rex
1787 5144 1854 5183 ex
1881 5143 2042 5199 supe-

457 5221 603 5281 riore
626 5220 844 5290 porticu
869 5228 1244 5289 prospectans,
1272 5220 1594 5291 praeclarum
1645 5219 1799 5273 illum
1858 5219 2041 5273 virum

455 5322 589 5367 aestu
653 5311 787 5365 solis
816 5311 1074 5366 adustum
1127 5300 1182 5367 et
1214 5312 1437 5383 pulvere
1488 5309 1730 5364 obsitum
1764 5309 1930 5364 vidit:
1987 5318 2044 5364 et

458 5408 631 5477 patris
677 5407 796 5478 ejus
859 5407 1086 5477 gloriam
1132 5408 1186 5461 in
1241 5415 1482 5459 mentem
1562 5420 1852 5469 revocans,
1911 5419 2040 5458 eum

456 5501 696 5566 reduxit,
732 5512 788 5557 et
820 5502 967 5557 linea
998 5501 1180 5556 tunica
1218 5498 1458 5554 vestivit.
1494 5497 1562 5553 Et
1595 5513 1720 5553 eum
1768 5498 1959 5553 labore
1986 5509 2045 5554 et

456 5607 702 5645 aerumna
736 5592 890 5645 illum
919 5590 1232 5646 confectum
1265 5588 1714 5656 bumanitateque
1736 5598 1789 5640 et
1827 5586 2045 5641 miseri-

457 5684 645 5739 cordia
676 5685 726 5737 el
760 5683 1006 5738 exhibita
1043 5679 1807 5751 adductum,facilioremjam
1836 5693 1960 5733 eum
1989 5687 2044 5732 et

461 5775 880 5843 propensiorem
908 5773 975 5827 ad
1011 5772 1245 5842 gratiam
1273 5786 1303 5824 a
1333 5786 1391 5825 se
1433 5770 1732 5825 ineundam
1785 5771 1901 5824 fore
1936 5786 2042 5839 pu-

462 5877 636 5925 taret:
706 5886 725 5919 ι
760 5867 856 5923 Vel
893 5879 1040 5920 nunc
1092 5863 1337 5932 tandem,
1373 5863 1578 5935 inquit,
1635 5879 1825 5919 errore
1858 5863 2039 5934 priore

2144 4655 2238 4709 τὸν
2265 4653 2375 4709 τῶν
2412 4654 2552 4707 ὅλων
2572 4650 2855 4719 Δεσπότην
2888 4646 3306 4714 ἀποσειόμενος.
3334 4661 3354 4695 ι
3397 4641 3457 4694 '0
3482 4637 3540 4690 δέ
3567 4634 3713 4705 βασι-

2143 4749 2294 4813 λεὺς,
2354 4749 2477 4804 δέον
2533 4747 2594 4802 ὃν
2637 4745 2842 4817 μᾶλλον
2880 4740 3228 4810 ἐκπλαγῆναι
3282 4736 3376 4790 τὸν
3428 4731 3595 4801 ἀνδρα
3624 4723 3713 4793 τῆς

2146 4843 2490 4916 παρρησίας,
2556 4843 2583 4894 ὁ
2616 4840 2674 4894 δὲ
2704 4838 2911 4909 γυμνοῖ
2965 4835 3064 4906 μὲν
3114 4831 3309 4885 τοῦτον
3339 4828 3433 4882 τοῦ
3465 4820 3708 4916 «lautos:

2145 4904 2244 4989 καί
2397 4904 2799 5005 περικειμένης
2845 4904 3003 4993 aetat;
3052 4924 3382 4994 ἀποστερεῖ’
3434 4904 3709 5005 γυίων,

2144 5027 2329 5081 ἕλκειν
2351 5025 2453 5088 τὰς
2488 5023 2774 5094 καμήλους
2806 5021 2905 5089 τῆς
2936 5016 3233 5089 στρατείας
3260 5013 3505 5073 ἐκέλευε,
3531 4997 3712 5065 διαξώο

2149 5136 2281 5191 Pa“
2332 5118 2481 5189 μόνῳ
2512 5116 2822 5186 χρώμενον,
2863 5110 3122 5182 Ἠμερῶν
3163 5109 3211 5162 δ’
3255 5107 3453 5173 ὀλίγων
3478 5095 3705 5194 διελθουί

2147 5214 2299 5281 σῶν,
2362 5215 2463 5280 τῆς
2530 5212 2695 5274 στοᾶς
2758 5206 2968 5264 ἀνωθεν
3018 5203 3288 5273 διακύψας
3329 5202 3419 5254 τιν
3449 5199 3706 5260 περιφανη

2145 5306 2353 5359 ἐκεῖνον
2385 5302 2558 5373 ἄνδρα
2581 5302 2754 5372 ἐώρα,
2810 5298 2920 5353 ὑπὸ
2949 5296 3027 5369 τῷ
3074 5294 3309 5365 φλογμῷ
3360 5290 3461 5358 τῆς
3503 5282 3706 5373 ἀκτῖνος

2145 5397 2555 5468 διακαιόμενον,
2592 5395 2688 5447 καὶ
2738 5392 2887 5446 κόνει
2938 5387 3470 5459 περιαντλούμενον’
3499 5368 3705 5468 uarii"

2148 5490 2432 5563 πατρικὴν
2460 5487 2719 5542 εὖκλειαν
2747 5485 2841 5546 είς⁸
2861 5482 2989 5537 νοῦν
3025 5478 3290 5548 ἐνεγκὼν,
3315 5461 3701 5563 ἡγαγέναῦθιῖζ

2147 5583 2244 5635 καὶ
2267 5545 2279 5563 ⁸
2297 5545 2489 5651 χιτίῦνι
2549 5578 2700 5631 λίνου
2748 5545 3139 5643 πεποιημένῳ*
3164 5567 3369 5622 ἐνέδυε.
3400 5555 3641 5651 Νομίῖξξ
3660 5545 3685 5596 δ

2148 5670 2252 5723 ὑπὸ
2284 5668 2381 5723 τοῦ
2410 5669 2577 5721 πόνου
2612 5664 2707 5719 καὶ
2732 5664 2832 5733 τῆς
2863 5658 3248 5730 ταλαιπωρίας
3267 5697 3282 5723 ,
3324 5655 3420 5709 καὶ
3450 5647 3525 5716 τῷ
3555 5637 3701 5733 δῆθξν

2149 5761 2523 5833 φιλανθρώπῳ
2576 5759 2673 5814 νῦν
2704 5726 2839 5827 γούν
2868 5756 3060 5826 ρᾴονος
3096 5726 3396 5822 τέειρίσθαι
3439 5741 3531 5796 καὶ
3556 5726 3698 5833 εὑῖί6’

2150 5825 2246 5913 λου
2277 5825 2418 5931 πρὸς
2459 5825 2937 5924 συγκατάθεσιν,ι
2985 5845 3150 5902 Ἀλλὰ
3212 5843 3330 5909 νῦν,
3382 5838 3531 5911 φησι,
3575 5825 3695 5880 τέως
