4044 6470
224 434 352 501 11ἲι1

1106 428 1712 490 Ε(’Ζ[ΖΙ.Ε51Λ⁴Ξ›ΤΙΟΑΞ
1757 427 2142 487 ΗΙΞΤΟΒΗΕ
2182 424 2328 485 LIB.
2378 424 2533 484 XIV.

3318 413 3454 481 11-92

214 568 403 607 πισαν.
431 548 753 618 Συνεκρᾶτει
783 546 961 599 τοίνυν
996 550 1056 617 τῇ
1086 547 1232 616 λύπῃ
1260 546 1430 613 ταύτῃ
1466 551 1555 596 καὶ
1584 546 1615 612 ἡ
1644 543 1778 611 πρὸς

1906 555 2176 593 nanorum
2226 549 2591 592 mercatorum
2647 546 2855 589 nnrecs
2908 534 3329 603 diripiebautnr.
3371 536 3449 587 Ad

213 648 270 714 τῇ
297 644 704 697 Κωνσταντίνου
731 642 841 693 τῶν
871 643 1048 694 ἐκεῖσε
1077 640 1420 710 Χριστιανῶν
1452 638 1775 705 καταφυγή·

214 737 302 788 καὶ
329 741 407 797 εἰς
441 736 621 804 μάχην
647 738 704 786 τὸ
739 733 898 802 ἔργον
931 733 1146 801 ἐχώρει,
1189 730 1247 784 Ὀ
1275 732 1374 799 μὲν
1407 732 1513 798 γὰρ
1544 733 1776 797 Πέρσης,

220 826 472 894 πρέσϐεις
505 828 760 894 πέμπων,
793 825 916 886 τοὺς
950 827 1270 892 πρόσφυγας
1300 822 1589 889 Ῥωμαίων
1619 821 1736 892 ᾔτει
1765 836 1779 851 ·

163 936 166 940 ’
215 920 260 970 oi
320 918 377 970 δὲ
442 916 700 983 Ῥωμαῖοι
761 915 1014 983 οὐδαμῶς
1082 914 1280 965 διδόναι
1354 913 1657 972 ἐϐούλοντο,
1721 910 1781 961 οὐ

220 1010 368 1077 μόνον
396 1011 478 1060 ὅτι
514 1004 914 1074 οἷάπερίκέτας
965 1005 1157 1066 σώζειν
1219 1004 1467 1074 ᾑροῦντο,
1532 1002 1648 1054 ἀλλ’
1703 1002 1783 1054 ὅτι

218 1100 305 1151 καὶ
339 1099 481 1168 ὑπὲρ
510 1099 608 1164 τῆς
658 1097 807 1163 σφῶν
848 1097 1142 1163 θρησκείας
1198 1096 1371 1157 πάντα
1399 1094 1527 1160 δρᾷν
1580 1093 1784 1160 ἕτοιμοι

217 1186 370 1258 ἦσαν,
410 1190 440 1257 ἢ
476 1189 599 1251 τοὺς
634 1186 740 1256 τῆς
757 1188 875 1256 ἴσης
914 1188 1145 1244 πίστεως
1169 1185 1560 1246 κοινωνοῦντας
1591 1185 1788 1252 ὑπερο-

223 1283 336 1350 ρᾷν.
366 1281 474 1331 Καὶ
508 1280 571 1348 δὴ
621 1279 729 1332 τῶν
782 1280 1027 1330 σπονδῶν
1080 1277 1369 1339 λυθεισῶν,
1431 1278 1579 1344 μάχη
1639 1273 1788 1342 δεινὴ

222 1371 418 1439 μεταξὺ
466 1370 757 1438 Ῥωμαίων
781 1370 877 1422 καὶ
903 1370 1131 1438 Περσῶν
1156 1370 1323 1438 ἤρετο
1349 1384 1364 1399 ο
1396 1384 1460 1419 πε
1474 1370 1528 1436 ρ“ι
1552 1362 1618 1428 ἧς
1656 1366 1791 1434 βρα-

218 1463 311 1531 χέκ
344 1461 620 1514 διαλαϐεῖν
681 1463 907 1530 ἄμεινον
955 1461 1195 1529 ἥγημαι.
1259 1458 1641 1529 Ἀρδαϐούριος
1693 1458 1791 1526 μὲν

216 1554 320 1623 γὰρ
356 1554 567 1615 ἐκεῖνος
595 1556 660 1605 ἐκ
710 1552 1000 1622 βασιλείων
1057 1551 1276 1614 σταλεὶς
1337 1550 1665 1620 στρατηγὸς,
1695 1550 1792 1602 σὺν

215 1649 270 1698 οὐ
314 1645 482 1715 πολλῇ
515 1645 764 1714 δυνάμει,
801 1645 889 1698 διὰ
920 1646 1016 1710 τῆς
1053 1644 1361 1712 Ἀρμενίων
1397 1645 1479 1705 είς
1512 1645 1609 1711 τὴν
1649 1643 1792 1712 Περ-

216 1737 319 1789 σῶν
347 1736 635 1800 εἰσϐαλὼν,
658 1739 787 1805 μῖαν
809 1736 917 1789 τῶν
940 1735 1155 1805 ἐκείνης
1181 1736 1463 1805 ἐπαρχιῶν
1494 1733 1792 1804 (Ἀζαζηνὴ

216 1824 482 1893 καλεῖται)
522 1824 743 1892 ἐπόρθει
781 1839 794 1853 ⁸
824 1816 870 1891 ᾧ
901 1824 1292 1893 ἀντιπράττειν
1344 1826 1408 1875 ὲκ
1437 1823 1530 1875 τοῦ
1570 1821 1793 1891 Περσῶν

218 1915 519 1984 ἡγουμένου
552 1914 832 1983 Ναρσαῖος
882 1914 1071 1983 ἕτερος
1105 1914 1411 1981 στρατηγὸς
1442 1914 1790 1983 ἁντεπέμπε-

216 2023 310 2067 το,
383 2006 607 2073 βαρεῖαν
669 2004 1014 2071 ἐπαγόμενος
1071 2002 1321 2071 δύναμιν.
1382 1999 1791 2070 Συμϐαλὼψδ⁹

218 2098 407 2166 ἐκείνῳ
438 2096 532 2149 καὶ
585 2096 684 2148 σὺν
737 2096 878 2166 ἧττῃ
937 2094 1168 2165 λαμπρᾷ
1225 2096 1368 2163 φυγῇ
1418 2094 1791 2163 χρησάμενος,

220 2185 580 2255 ἀντιστρέψας
648 2185 739 2238 διὰ
803 2186 1273 2253 Μεσοποταμίας,’
1312 2185 1606 2252 ἀφυλάκτῳ
1653 2184 1794 2250 ἔγνω

220 2276 410 2346 ἁθρόον
439 2276 765 2346 ἐπιρρυῆναι
792 2279 857 2345 τῇ
922 2274 1208 2345 Ῥωμαίων
1260 2277 1470 2342 ﬁgunt
1511 2275 1653 2327 οὕτω
1698 2275 1793 2341 τὴν

218 2364 386 2439 ἦττειν
409 2367 851 2420 ἀνακαλέσασθαι
888 2383 901 2396 ·
931 2369 991 2418 οὐ
1034 2368 1141 2435 μὴν
1190 2365 1556 2434 ’Λρδαϐουρίῳ
1610 2365 1794 2417 λαθεῖν

223 2454 365 2527 εἶχεν
400 2455 434 2509 ἃ
462 2455 682 2526 Ναρσῆς
712 2456 1056 2512 ἐϐουλεύετο.
1090 2458 1253 2511 Ὅσον
1302 2452 1396 2508 οὖν
1426 2453 1540 2524 εἶχε
1573 2456 1792 2524 τάχους,

224 2549 319 2616 τήν
348 2546 647 2616 Ἀζαζηνὴν
674 2548 918 2615 ἐσχάτως
949 2549 1255 2616 πορθήσας,
1285 2551 1377 2599 καὶ
1404 2549 1561 2609 αὐτὸς
1584 2549 1678 2598 ἐπὶ
1699 2551 1797 2614 τὴν

225 2638 650 2707 Μεσοποταμίαν
690 2638 914 2707 ήλασεν.
960 2638 1195 2699 Ἐκεῖνος
1227 2637 1284 2689 δὲ
1314 2639 1667 2692 πολυπλασίω
1696 2642 1796 2707 τὴν

222 2731 452 2800 δύναμιν
476 2731 881 2800 ἐπισωρεύσας,
926 2730 1077 2799 ὅμως
1117 2733 1229 2792 τοῖς
1289 2732 1459 2800 ὁρίοις
1501 2730 1799 2801 Ῥωμαίων

222 2824 320 2877 οὐκ
351 2823 572 2893 ίσχυσεν
602 2821 888 2890 ἐμϐαλεῖν.
936 2821 1154 2884 Φοάσας
1181 2821 1225 2874 δ’
1253 2822 1403 2891 ὅμως
1429 2824 1527 2892 τὴν
1556 2823 1797 2887 Νίσιϐιν,

224 2914 347 2983 ἠδὴ
376 2915 529 2976 πόλις
567 2912 822 2982 μεθόριον
869 2914 987 2964 ἐστι
1050 2913 1278 2981 Περσῶν
1334 2915 1431 2967 καὶ
1496 2914 1795 2982 ’1)ωμαίων,

226 3006 465 3076 Πέρσαις
492 3003 536 3056 δ’
573 3005 721 3073 ὅμως
755 3005 1119 3071 ὑποκειμένη,
1160 3005 1382 3074 πέμψας
1410 3007 1623 3058 ἐκεῖθεν
1677 3008 1803 3076 Ἀρ-

225 3097 495 3167 διϐουρίῳ
525 3097 824 3165 ἐσήμαινεν
853 3096 944 3147 ἐπὶ
976 3095 1276 3163 συνθήκαις
1322 3097 1414 3148 τὸν
1445 3098 1686 3166 πόλεμον
1713 3100 1800 3165 γί-

1884 648 2022 700 quas
2076 633 2307 701 injurias
2350 631 2794 684 Christianorum
2844 628 2897 681 in
2947 627 3140 680 urbem
3187 625 3453 679 Constan-

1888 724 2308 791 tinoliolitanam
2363 724 2597 777 accessit
2634 720 2962 790 perfugium.
3013 720 3078 772 Et
3126 735 3210 771 res
3247 720 3300 772 in
3344 718 3459 772 bel-

1885 814 1995 867 lum
2039 815 2235 868 evasit.
2287 814 2453 867 Persa
2496 827 2755 880 namque,
2796 811 3068 879 legatione
3110 810 3182 862 mi
3218 825 3297 869 sa,
3338 824 3493 875 per,

1888 907 2044 975 fugas
2091 907 2194 960 sibi
2248 905 2372 960 dedi
2421 920 2448 958 a
2497 905 2758 958 Romanis
2794 904 2971 972 petiit.
3008 903 3235 955 Rntnaui
3273 911 3455 954 autem

1890 998 1941 1051 id
1976 1000 2157 1051 facere
2190 999 2509 1057 noluerunt,
2534 1012 2644 1050 non
2673 997 2837 1049 modo
2867 996 3010 1062 quod
3047 996 3168 1047 illos
3202 1004 3457 1062 tanquam

1889 1091 2170 1159 Stlppllrcs
2226 1099 2282 1143 et
2341 1099 2659 1159 precator-es
2716 1104 2938 1142 servare
2993 1086 3304 1146 voluerint,
3363 1086 3456 1140 sed

1889 1183 2054 1233 etiam
2100 1180 2245 1248 quod
2292 1195 2393 1248 pro
2444 1178 2710 1245 religione
2766 1192 2861 1229 sua
2914 1176 3095 1228 facere
3138 1173 3361 1244 quidvis
3407 1184 3462 1226 ct.

1891 1272 2000 1340 pati
2039 1272 2222 1338 potius
2270 1268 2441 1339 parati
2500 1265 2728 1323 fuerint.
2765 1280 2927 1331 quam
2986 1273 3043 1315 ut
3093 1279 3188 1315 cos
3233 1260 3464 1328 quibus-

1891 1376 2016 1414 cum
2073 1373 2424 1412 communem
2484 1356 2648 1409 ﬁdem
2728 1355 3034 1415 baberent,
3093 1352 3460 1418 despicernt.

1893 1448 2131 1502 Proinde
2172 1463 2303 1517 pace
2335 1448 2537 1509 soluta,
2575 1445 2777 1498 bellum
2816 1460 2979 1512 grave
3016 1444 3158 1495 inter
3189 1442 3465 1493 Romanos

1893 1551 1950 1594 et
2001 1540 2196 1594 Persas
2242 1549 2327 1593 est
2377 1548 2555 1593 ortum
2599 1555 2611 1589 :
2651 1538 2796 1604 quod
2855 1537 3044 1604 paucis
3097 1536 3468 1602 perstringere

1894 1631 2242 1686 commodius
2294 1646 2417 1684 esse
2473 1632 2648 1685 visum
2699 1639 2805 1682 est.
2861 1628 3209 1682 Ardaburius
3258 1625 3348 1678 ille
3400 1638 3466 1676 ex

1898 1723 2175 1790 imperiali
2223 1722 2347 1775 aula
2385 1736 2507 1774 cum
2555 1736 2663 1774 non
2716 1721 2787 1774 ita
2836 1720 3023 1772 multis
3061 1717 3236 1788 copiis
3273 1717 3470 1770 missus

1897 1814 2030 1874 dux,
2064 1827 2165 1881 per
2198 1812 2515 1865 Armeniam
2550 1810 2604 1863 iu
2640 1808 2918 1862 Persidem
2962 1806 3231 1865 excurrit,
3262 1814 3317 1858 et
3346 1818 3471 1872 pro-

1898 1905 2134 1959 vinciam
2179 1905 2298 1975 ejus
2336 1903 2627 1973 quamdam
2667 1902 2968 1953 Azazenetn
3000 1884 3253 1952 vocatam
3287 1903 3471 1950 vasta-

1895 1996 1993 2050 vit.
2040 1996 2318 2049 Adversus
2363 2011 2525 2064 quem
2574 2010 2601 2047 a
2652 2009 2781 2061 rege
2828 1991 3125 2046 Persarum
3172 1990 3280 2043 dux
3330 1988 3470 2041 alius

1894 2089 2095 2143 Narses
2142 2090 2315 2152 venit,
2364 2089 2640 2157 ingentem
2677 2099 2863 2139 secum
2895 2084 3103 2138 ducens
3136 2082 3467 2136 exercitum.

1898 2180 1996 2234 llic
2026 2181 2318 2234 commissa
2349 2195 2471 2234 cum
2504 2179 2817 2232 Ardaburio
2858 2192 3059 2247 pugna.
3094 2190 3218 2228 cum
3257 2174 3468 2241 ingenti

1896 2286 2122 2325 suorum
2173 2274 2328 2326 clade
2372 2273 2553 2325 victus
2606 2273 2658 2324 in
2714 2271 2894 2339 fugam
2943 2284 3001 2323 se
3048 2268 3220 2322 dedit.
3253 2269 3326 2321 Ex
3363 2282 3469 2339 qua

1897 2379 2221 2428 conversus,
2257 2381 2354 2433 per
2391 2365 2840 2432 Mesopotamiam
2888 2364 3260 2416 Romanorum
3307 2359 3471 2412 ditio-

1898 2472 2046 2519 nem,
2093 2457 2346 2524 praesidio
2377 2457 2525 2510 omni
2572 2473 2802 2509 vacuam
2848 2456 3133 2514 invadere,
3167 2463 3221 2506 ct
3267 2453 3346 2505 sic
3380 2465 3474 2503 ac-

1897 2557 2070 2616 ceptae
2096 2549 2272 2602 cladis
2299 2549 2657 2617 ignominiam
2692 2550 2913 2601 abutere
2945 2548 3155 2599 statuit.
3184 2545 3347 2613 5.30
3373 2544 3474 2597 Vc-

1901 2656 2021 2693 rum
2058 2641 2349 2694 consilium
2394 2641 2540 2710 quod
2588 2638 2790 2693 Narses
2825 2646 3071 2707 ceperat,
3100 2637 3473 2690 Ardaburium

1900 2731 2071 2785 latere
2098 2748 2206 2785 non
2241 2732 2463 2801 p0tuit:
2500 2734 2780 2802 quiquam
2816 2732 3050 2786 maxima
3077 2732 3256 2801 potuit
3285 2730 3476 2783 celeri-

1902 2832 2047 2885 tate,
2103 2823 2327 2891 regioue
2380 2824 2628 2876 Azazena
2680 2839 2895 2877 sunune
2954 2834 3201 2883 vastata,
3255 2832 3311 2876 et
3361 2821 3478 2889 ipse

1903 2914 2348 2983 Mesopotamiam
2399 2916 2575 2983 petiit.
2618 2914 2816 2968 Narses
2841 2915 3093 2983 quamvis
3141 2914 3273 2985 varii
3306 2930 3478 2980 gene-

1902 3009 1980 3060 ris
2007 3007 2192 3073 copias
2221 3015 2621 3069 coacervasset,
2648 3007 2859 3074 ingredi
2893 3015 3073 3058 tamen
3102 3004 3473 3057 Romanorum

1907 3098 2042 3150 lines
2075 3106 2244 3151 au'sus
2278 3113 2385 3149 non
2418 3097 2549 3149 fuit.
2579 3097 2619 3149 Ε
2651 3095 2823 3150 Nisibi
2860 3106 3041 3150 autem
3078 3095 3320 3155 civitate.
3355 3112 3478 3163 qua:

224 3186 431 3249 νεσθαι,
459 3185 621 3237 τόπον
652 3186 745 3235 καὶ
776 3182 994 3252 ἡμέραν
1041 3183 1259 3251 ὁρίσας,
1295 3185 1533 3252 ὁπηνίκα
1591 3188 1786 3255 συρρα-

1904 3192 1954 3241 iu
1994 3188 2196 3243 ﬁnibus
2230 3190 2517 3242 Persarum
2552 3199 2606 3242 et
2641 3188 3013 3242 [tertianorum
3055 3192 3157 3242 sita
3195 3201 3302 3251 est,
3347 3190 3477 3242 Per-

223 3280 385 3348 γῆναι
446 3276 544 3346 τὴν
607 3278 790 3345 μάχην
848 3272 1045 3345 χρεών.
1105 3274 1167 3329 Ὀ
1229 3274 1287 3328 δὲ
1337 3278 1449 3337 τοῖς
1503 3276 1798 3343 πρέσϐεσιν

224 3371 490 3442 Νπρσαῐῳ
517 3370 695 3422 εἰπεῖν
723 3367 973 3421 ἐκέλευεν
1006 3384 1021 3399 ·
1059 3368 1170 3438 Οὐχ
1199 3369 1290 3421 ὅτε
1331 3368 1394 3420 σὺ
1428 3369 1606 3439 βούλει
1638 3371 1798 3422 πολε-

227 3465 405 3534 μητέα
460 3459 602 3517 εἶναι
668 3462 987 3530 Ῥωμαίοις,
1043 3460 1160 3514 ἀλλ’
1222 3461 1423 3513 ὁπόταν
1473 3462 1702 3525 ἐκείνοις
1735 3462 1796 3515 εὖ

223 3556 368 3625 ἔχειν
423 3555 632 3624 δοκοίη.
675 3554 904 3625 Μεγάλῃ
950 3553 994 3606 δ’
1047 3550 1140 3605 οὖν
1185 3553 1412 3622 δυνάμει
1470 3553 1795 3623 προσϐαλεῖν

224 3651 448 3718 Πέρσην
511 3649 783 3714 οἰόμενος,
833 3644 955 3715 Θεῷ
1003 3644 1103 3714 τὴν
1149 3644 1243 3697 τοῦ
1301 3645 1541 3715 πολέμου
1605 3647 1801 3701 ἐλπίδα

226 3743 411 3793 πᾶσαν
440 3738 685 3808 ἀκριϐῶς
705 3736 942 3790 ἀνετίθει
978 3736 1241 3806 μεγίστην
1272 3737 1366 3789 καὶ
1386 3737 1546 3800 αὐτὸς
1567 3738 1796 3807 δύναμιν

223 3829 769 3902 παρεσκευασμένος.
811 3826 951 3882 Ἀλλ’
980 3828 1129 3891 ὅπως
1153 3829 1251 3896 τῆς
1284 3827 1431 3890 θείας
1457 3829 1798 3899 ηὐμοίρησεν

224 3924 449 3993 ἀρωγῆς
477 3921 670 3987 ἐκείνῳ
715 3919 1032 3981 πιστεύσας,
1063 3921 1315 3972 ἐντεῦθεν
1367 3921 1670 3989 κατάδηλον
1707 3918 1796 3992 ἦν.

164 4006 167 4007 ν
223 4015 316 4071 Ἐν
360 4015 591 4085 μεγίστῃ
613 4015 822 4083 ἀγωνίᾳ.
856 4015 965 4068 τῶν
994 4016 1052 4067 ὲν
1078 4015 1649 4067 Κωνσταντινουπόλει
1695 4033 1799 4068 κα-

221 4105 1068 4177 θισταμένων,ἁμφιϐαλλόντων
1121 4106 1338 4177 ποτέρῳ
1376 4107 1480 4160 τῶν
1542 4107 1725 4176 μερῶν
1764 4109 1797 4177 ὴ

223 4201 349 4269 νίκη
374 4198 712 4266 ἐπιγελάσοι,
743 4196 966 4264 ἄγγελοι
1020 4197 1156 4249 θεῖοί
1208 4215 1318 4250 τισι
1367 4200 1497 4268 περὶ
1544 4198 1801 4252 Βιθυνίαν

221 4292 508 4361 ὀφθέντες,
540 4289 680 4343 κατά
712 4306 834 4339 τινα
858 4287 1047 4356 χρείαν
1072 4291 1139 4357 τῇ
1176 4289 1589 4341 Κωνσταντίνου
1613 4290 1801 4360 ἐπιδη-

227 4381 417 4450 μοῦσι,
469 4382 653 4447 λέγειν
712 4379 990 4440 ἐκέλευον,
1048 4378 1180 4448 εὐχῇ
1237 4380 1384 4448 μάλα
1443 4383 1800 4449 προσκεῖσθαι

224 4473 323 4526 καὶ
349 4473 548 4543 θάρρος
581 4470 727 4539 ἔχειν
757 4470 1005 4538 στερρὸν,
1036 4472 1131 4521 καὶ
1180 4471 1458 4523 πιστεύειν
1488 4471 1605 4541 Θεῴ
1660 4472 1734 4535 ὣς
1767 4474 1801 4542 ή

1906 3283 1983 3335 sis
2015 3290 2195 3335 tamen
2239 3281 2507 3351 subjecta,
2552 3282 2674 3334 hom
2703 3284 2865 3335 nibus
2907 3283 3074 3337 certis
3114 3283 3180 3336 ad
3227 3283 3481 3337 Ardabu-

1907 3374 2048 3426 riunt
2104 3375 2329 3437 missis,
2381 3375 2450 3429 de
2504 3377 2916 3430 conditionibus
2976 3393 3170 3447 pugna:
3231 3378 3484 3430 commit-

1910 3464 2111 3528 tendae,
2140 3463 2262 3518 loco
2292 3474 2347 3519 et
2373 3465 2463 3518 die
2494 3466 2817 3529 constituto,
2845 3468 3139 3523 certiorem
3171 3482 3296 3520 eum
3328 3466 3477 3522 fecit.

1909 3553 2008 3609 Cui
2054 3556 2144 3610 ille
2184 3557 2488 3611 renuntiari
2529 3559 2689 3627 jussit
2727 3577 2741 3611 :
2778 3559 3076 3623 Romanos,
3112 3574 3222 3612 non
3263 3561 3483 3628 quando

1909 3648 2001 3701 ille
2040 3649 2227 3710 vellet,
2260 3650 2355 3702 sed
2389 3666 2499 3716 quo
2532 3660 2780 3718 tempore
2829 3650 2963 3718 ipsis
3003 3653 3354 3706 commodum
3398 3654 3482 3705 vi-

1912 3755 2031 3793 sum
2063 3752 2228 3802 esset,
2261 3742 2509 3810 pradium
2544 3742 2808 3797 facturos.
2843 3743 2904 3795 Et
2944 3759 3067 3799 cum
3116 3744 3338 3798 Persam
3373 3760 3485 3797 ma-

1913 3831 2034 3901 gnis
2068 3830 2279 3885 viribus
2331 3836 2519 3900 copias
2565 3848 2692 3887 suas
2741 3834 3059 3888 invasarum
3107 3845 3346 3904 putaret.
3389 3852 3485 3906 spe

1914 3923 2037 3976 belli
2071 3923 2221 3976 omni
2272 3938 2625 3993 summopere
2679 3925 2732 3979 in
2790 3926 2956 3979 Deum
2993 3928 3282 3991 collocata,
3315 3931 3488 3982 maxi—

1913 4028 2031 4067 mas
2058 4024 2111 4068 et
2142 4014 2257 4083 ipse
2287 4015 2433 4068 vires
2469 4017 2764 4071 contraxit.
2797 4017 2901 4071 Sed
2934 4019 3081 4073 enim
3113 4020 3302 4075 divino
3332 4024 3487 4075 auxi-

1908 4105 2006 4167 lio,
2045 4120 2154 4174 quo
2188 4108 2420 4158 maxime
2463 4106 2686 4169 ﬁdebat,
2719 4107 2968 4174 adjutuzn
3009 4125 3135 4164 eum
3180 4126 3324 4175 esse,
3357 4112 3487 4167 inde

1917 4195 2052 4247 satis
2112 4204 2347 4248 constat.
2413 4196 2470 4248 ln
2530 4197 2666 4249 urbe
2721 4196 3371 4267 Constantinopolitano,
3431 4203 3485 4256 in

1916 4287 2078 4341 anxia
2114 4286 2487 4340 sollicitudine
2519 4302 2642 4341 cum
2686 4290 2836 4342 cives
2869 4297 3074 4350 essent,
3107 4298 3162 4343 et
3192 4290 3485 4345 addubita-

1917 4388 2042 4433 rent
2085 4379 2307 4432 cuinam
2355 4378 2498 4448 parti
2546 4381 2775 4433 victoria
2821 4381 3070 4435 arrisura
3106 4392 3273 4443 esset,
3305 4385 3485 4451 angeli

1916 4469 2013 4524 Dei
2045 4470 2377 4539 quibusdam
2414 4473 2466 4525 in
2498 4472 2769 4541 Bithynia,
2803 4481 3030 4541 propter
3061 4474 3340 4542 negotium
3368 4490 3490 4528 cer-

224 4563 355 4631 νίκη
423 4562 711 4631 Ῥωμαίων
758 4560 936 4614 ἔσται.
984 4560 1387 4629 Προσετίθεσάν
1438 4578 1501 4630 γε
1551 4562 1676 4632 μὴν,
1733 4563 1796 4626 ὡς

1919 4569 2029 4613 tum
2071 4560 2606 4629 Constantinoymlim
2654 4563 2972 4629 petentibus
3006 4578 3331 4631 apparuere,
3363 4578 3487 4617 eos-

225 4654 324 4706 xst‘t
354 4652 513 4704 αὐτοὶ
546 4651 841 4721 βραϐευταὶ
888 4653 1190 4720 πεμφθεῖεν
1225 4651 1434 4703 ἐκεῖθεν
1495 4653 1594 4721 τῆς
1622 4654 1804 4723 νίκης,

227 4748 327 4798 καὶ
367 4744 663 4812 Ῥωμαίοις
692 4744 760 4796 τὰ
784 4743 1025 4812 μάλιστα
1061 4744 1482 4811 συναρήγοντες.
1520 4746 1584 4795 Ὃ
1615 4745 1679 4813 δὴ
1712 4745 1810 4798 καὶ

226 4840 311 4899 εὶς
344 4830 459 4889 ὦτα
488 4835 737 4897 ὲ).θὸν,οὐ
773 4834 934 4902 μόνον
960 4833 1087 4894 τοὺς
1120 4834 1176 4883 ἐν
1207 4836 1271 4902 τῇ
1302 4834 1451 4885 πυλει
1483 4834 1807 4905 ἐθάρρυνεν,

227 4931 369 4983 ἀλλὰ
402 4930 496 4985 καὶ
549 4929 621 4979 τὰ
665 4925 772 4981 τῶν
834 4924 1183 4994 στρατιωτῶν
1228 4927 1552 4994 φρονήματα
1609 4926 1808 4995 μᾶλλον

226 5021 568 5089 ἐπέρρωσεν.
604 5018 762 5071 Ἐπεὶ
792 5015 945 5085 γοῦν,
979 5016 1054 5079 ὡς
1098 5016 1337 5086 εἴρηται,
1367 5018 1430 5068 ὲκ
1456 5017 1553 5085 τῆς
1607 5017 1810 5088 Ἀρμε-

226 5113 363 5164 νίων
436 5110 515 5172 είς
591 5107 1022 5174 Μεσοποταμίαν
1096 5106 1394 5176 μετεχώρει
1469 5108 1498 5159 ὁ
1554 5107 1806 5177 πόλεμος.

237 5202 508 5270 Ῥωμαῖοι
566 5199 991 5262 κατακλείστους
1057 5188 1419 5266 ποιησάμενοι
1491 5198 1618 5259 τοὺς
1682 5201 1811 5268 περὶ

227 5296 454 5347 Νίσιϐιν
520 5292 718 5355 πόλιν,
786 5291 1185 5360 ἐπολιόρκουν,
1249 5293 1496 5360 πύργους
1565 5290 1808 5357 ξυλίνους

225 5383 653 5453 ἐσκευασμένοι,
686 5382 736 5435 οἳ
765 5384 982 5451 τροχοῖς
1009 5398 1150 5434 τισιν
1183 5383 1245 5432 ὲκ
1275 5381 1528 5450 μηχανῆς
1569 5381 1811 5450 βαδίζον-

223 5494 347 5542 τες,
379 5480 491 5539 τοίς
513 5475 749 5545 τείχεσιν
770 5477 964 5545 ἦγοντο
988 5492 1004 5507 ο
1039 5475 1132 5527 καὶ
1164 5477 1228 5545 τῇ
1262 5474 1449 5543 μακρᾷ
1486 5476 1811 5545 τειχομαχίᾳ

228 5568 468 5631 πολλοὺς
500 5569 610 5621 τῶν
661 5568 868 5622 ἄνωθεν
920 5568 1281 5635 ἀμυνομένων
1333 5568 1618 5635 ἠφάνιζον.
1662 5565 1722 5619 Ὀ
1757 5567 1812 5619 δὲ

219 5660 340 5716 τῶν
382 5660 612 5731 Περσῶν
667 5659 923 5730 βασιλεὺς
968 5660 1221 5730 Βαράνης
1286 5659 1667 5729 πεπορθῆσθαι
1713 5658 1814 5729 μὲν

305 5839 383 5913 (l)
424 5838 636 5896 Socrat.
672 5838 767 5893 lib.
800 5853 893 5905 vn,
927 5853 1047 5905 cap.
1090 5836 1176 5895 l8.

1913 4665 2021 4719 que
2063 4650 2136 4704 ibi
2184 4654 2515 4706 annuntiare
2554 4656 2790 4721 ,ῆυεειςι-ο,
2829 4661 2885 4706 ιιι
2921 4653 2995 4705 illi
3040 4655 3342 4722 precationi
3385 4656 3485 4707 ad—

1913 4740 2134 4794 modum
2188 4741 2590 4806 incumberent,
2640 4751 2694 4795 et
2737 4744 2981 4795 animum
3024 4743 3222 4796 fortem
3263 4745 3484 4798 obtine-

1914 4841 2069 4899 rent,
2118 4848 2180 4889 ac
2233 4834 2341 4888 Deo
2394 4835 2721 4896 crederent,
2777 4838 3060 4889 victoriam
3111 4834 3482 4891 Romanorum

1916 4922 2036 4976 fore
2094 4924 2194 4994 (l),
2248 4924 2381 4979 illud
2434 4926 2662 4995 insuper
2717 4927 3018 4991 addentes,
3073 4929 3280 4983 indices
3338 4930 3486 5000 ipsos

1916 5014 2043 5069 inde
2073 5026 2128 5070 et
2156 5017 2383 5070 nuntios
2413 5018 2678 5081 victoriae,
2722 5020 2812 5086 qui
2864 5018 3124 5073 Bouianis
3160 5032 3484 5088 prwsentetit

1920 5109 2158 5161 maxime
2192 5110 2351 5177 opem
2389 5108 2587 5168 ferant,
2623 5127 2652 5164 a
2691 5112 2798 5163 Deo
2833 5112 3028 5164 missos
3061 5128 3202 5165 che.
3238 5112 3367 5178 Quae
3401 5129 3488 5166 res

1918 5198 2013 5251 ubi
2054 5199 2118 5252 ad
2155 5215 2318 5254 aures
2368 5201 2652 5255 hominum
2706 5203 2973 5270 pervenit,
3009 5219 3111 5255 non
3154 5205 3317 5256 modo
3356 5204 3491 5256 civi-

1916 5289 2019 5344 bus
2056 5291 2189 5358 ipsis
2217 5293 2461 5345 animum
2497 5294 2730 5356 addidit,
2770 5296 2863 5347 sed
2900 5300 3065 5347 etiam
3109 5296 3341 5347 militum
3378 5296 3489 5348 for-

1918 5381 2209 5437 titudinem
2261 5388 2624 5440 conﬁrmavit.
2669 5388 2856 5456 Itaque
2910 5389 2999 5441 ubi
3053 5389 3280 5453 bellum,
3323 5388 3489 5443 sicuti

1915 5478 2125 5531 dictum
2159 5488 2261 5544 est,
2293 5494 2360 5531 ex
2391 5480 2649 5532 Armenia
2684 5480 2735 5532 in
2776 5479 3224 5548 BleStpotamiam
3263 5480 3492 5531 transla—

1918 5575 2031 5622 tum
2069 5579 2174 5634 est,
2208 5570 2438 5624 Romani
2471 5586 2565 5625 eos
2595 5570 2686 5639 qui
2726 5572 2777 5623 iu
2814 5573 2947 5624 urbe
2984 5571 3158 5624 Nisibi
3194 5571 3365 5625 clausi
3406 5579 3493 5623 at-

1918 5677 2025 5730 que
2054 5661 2448 5717 circumvallati
2481 5672 2660 5729 erant,
2691 5663 2979 5719 obsidione
3015 5674 3346 5732 prementes,
3379 5671 3495 5716 tur-
