  <div class='ocr_page' id='page_1' title='image "/cluster/home/n/w/nwhite01/storage/ocr_20150623/146:no.2/coo.31924054870518/569.png"; bbox 0 0 4044 6450; ppageno 0'>
   <div class='ocr_carea' id='block_1_1' title="bbox 652 378 3847 455">
    <p class='ocr_par' dir='ltr' id='par_1_1' title="bbox 652 378 3847 455">
     <span class='ocr_line' id='line_1_1' title="bbox 652 378 3847 455; baseline -0.001 0"><span class='ocrx_word' id='word_1_1' title='bbox 652 390 788 455; x_wconf 66' lang='grc' dir='ltr'><strong>ιιει</strong></span> <span class='ocrx_word' id='word_1_2' title='bbox 1850 384 2280 451; x_wconf 82' lang='lat' dir='ltr'><strong>NlCEPHORI</strong></span> <span class='ocrx_word' id='word_1_3' title='bbox 2318 384 2669 449; x_wconf 83' lang='lat' dir='ltr'><strong>CALLISTI</strong></span> <span class='ocrx_word' id='word_1_4' title='bbox 3740 378 3847 455; x_wconf 78' lang='lat' dir='ltr'><strong>1m</strong></span> 
     </span>
    </p>
   </div>
   <div class='ocr_carea' id='block_1_2' title="bbox 647 492 2244 572">
    <p class='ocr_par' dir='ltr' id='par_1_2' title="bbox 647 493 2240 572">
     <span class='ocr_line' id='line_1_2' title="bbox 647 493 2240 572; baseline -0.005 -16"><span class='ocrx_word' id='word_1_5' title='bbox 647 518 738 558; x_wconf 88' lang='lat' dir='ltr'><strong>res</strong></span> <span class='ocrx_word' id='word_1_6' title='bbox 771 501 984 572; x_wconf 79' lang='lat' dir='ltr'><strong>ligneas</strong></span> <span class='ocrx_word' id='word_1_7' title='bbox 1016 497 1290 565; x_wconf 80' lang='lat' dir='ltr'><strong>fecerunt,</strong></span> <span class='ocrx_word' id='word_1_8' title='bbox 1320 509 1443 567; x_wconf 67' lang='lat' dir='ltr'><strong>quae</strong></span> <span class='ocrx_word' id='word_1_9' title='bbox 1476 494 1613 552; x_wconf 88' lang='lat' dir='ltr'><strong>rotis</strong></span> <span class='ocrx_word' id='word_1_10' title='bbox 1646 493 1993 565; x_wconf 80' lang='lat' dir='ltr'><strong>quibusdam</strong></span> <span class='ocrx_word' id='word_1_11' title='bbox 2026 502 2084 550; x_wconf 90' lang='lat' dir='ltr'><strong>et</strong></span> <span class='ocrx_word' id='word_1_12' title='bbox 2122 507 2240 548; x_wconf 82' lang='lat' dir='ltr'><strong>ma-</strong></span> 
     </span>
    </p>
   </div>
   <div class='ocr_carea' id='block_1_3' title="bbox 2253 492 3850 572">
    <p class='ocr_par' dir='ltr' id='par_1_3' title="bbox 2277 492 3850 571">
     <span class='ocr_line' id='line_1_3' title="bbox 2277 492 3850 571; baseline 0.003 -23"><span class='ocrx_word' id='word_1_13' title='bbox 2277 499 2314 559; x_wconf 57' lang='lat'>4</span> <span class='ocrx_word' id='word_1_14' title='bbox 2346 495 2446 566; x_wconf 77' lang='grc' dir='ltr'><strong>τὴν</strong></span> <span class='ocrx_word' id='word_1_15' title='bbox 2484 493 2800 564; x_wconf 77' lang='grc' dir='ltr'><strong>Ἀζαξηνῶν</strong></span> <span class='ocrx_word' id='word_1_16' title='bbox 2846 492 3032 566; x_wconf 83' lang='grc' dir='ltr'><strong>χώραν</strong></span> <span class='ocrx_word' id='word_1_17' title='bbox 3104 492 3315 564; x_wconf 83' lang='grc' dir='ltr'><strong>μαθὼν,</strong></span> <span class='ocrx_word' id='word_1_18' title='bbox 3358 494 3448 549; x_wconf 74' lang='grc' dir='ltr'><strong>καὶ</strong></span> <span class='ocrx_word' id='word_1_19' title='bbox 3499 495 3613 559; x_wconf 83' lang='grc' dir='ltr'><strong>τοὺς</strong></span> <span class='ocrx_word' id='word_1_20' title='bbox 3663 497 3752 553; x_wconf 77' lang='grc' dir='ltr'><strong>ἀνά</strong></span> <span class='ocrx_word' id='word_1_21' title='bbox 3779 505 3850 571; x_wconf 70' lang='grc' dir='ltr'><strong>τὴν</strong></span> 
     </span>
    </p>
   </div>
   <div class='ocr_carea' id='block_1_4' title="bbox 652 586 2249 662">
    <p class='ocr_par' dir='ltr' id='par_1_4' title="bbox 652 586 2237 662">
     <span class='ocr_line' id='line_1_4' title="bbox 652 586 2237 662; baseline -0.006 -14"><span class='ocrx_word' id='word_1_22' title='bbox 652 594 835 648; x_wconf 88' lang='lat' dir='ltr'><strong>chinis</strong></span> <span class='ocrx_word' id='word_1_23' title='bbox 879 591 1208 662; x_wconf 59' lang='lat' dir='ltr'><strong>provolutus,</strong></span> <span class='ocrx_word' id='word_1_24' title='bbox 1243 587 1522 645; x_wconf 66' lang='lat' dir='ltr'><strong>manibus</strong></span> <span class='ocrx_word' id='word_1_25' title='bbox 1558 586 2001 643; x_wconf 84' lang='lat' dir='ltr'><strong>admovebantur</strong></span> <span class='ocrx_word' id='word_1_26' title='bbox 2032 602 2049 641; x_wconf 89' lang='lat'><strong>:</strong></span> <span class='ocrx_word' id='word_1_27' title='bbox 2081 593 2138 640; x_wconf 90' lang='lat' dir='ltr'><strong>et</strong></span> <span class='ocrx_word' id='word_1_28' title='bbox 2168 599 2237 639; x_wconf 86' lang='lat' dir='ltr'><strong>ex</strong></span> 
     </span>
    </p>
   </div>
   <div class='ocr_carea' id='block_1_5' title="bbox 2257 586 3854 662">
    <p class='ocr_par' dir='ltr' id='par_1_5' title="bbox 2343 586 3854 660">
     <span class='ocr_line' id='line_1_5' title="bbox 2343 586 3854 660; baseline 0.002 -19"><span class='ocrx_word' id='word_1_29' title='bbox 2343 587 2566 642; x_wconf 75' lang='grc' dir='ltr'><strong>Νίσιϐιν</strong></span> <span class='ocrx_word' id='word_1_30' title='bbox 2616 587 2941 659; x_wconf 80' lang='grc' dir='ltr'><strong>εἱρχθέντας</strong></span> <span class='ocrx_word' id='word_1_31' title='bbox 3000 586 3321 658; x_wconf 72' lang='grc' dir='ltr'><strong>συνέχεσθαι</strong></span> <span class='ocrx_word' id='word_1_32' title='bbox 3378 587 3476 656; x_wconf 62' lang='grc' dir='ltr'><strong>ἤδη</strong></span> <span class='ocrx_word' id='word_1_33' title='bbox 3527 590 3592 659; x_wconf 75' lang='grc' dir='ltr'><strong>τῇ</strong></span> <span class='ocrx_word' id='word_1_34' title='bbox 3638 588 3721 660; x_wconf 66' lang='grc' dir='ltr'><strong>βία</strong></span> <span class='ocrx_word' id='word_1_35' title='bbox 3771 592 3854 644; x_wconf 78' lang='grc' dir='ltr'><strong>τῶν</strong></span> 
     </span>
    </p>
   </div>
   <div class='ocr_carea' id='block_1_6' title="bbox 650 665 2247 755">
    <p class='ocr_par' dir='ltr' id='par_1_6' title="bbox 650 677 2237 753">
     <span class='ocr_line' id='line_1_6' title="bbox 650 677 2237 753; baseline -0.006 -13"><span class='ocrx_word' id='word_1_36' title='bbox 650 686 733 740; x_wconf 85' lang='lat' dir='ltr'><strong>eis</strong></span> <span class='ocrx_word' id='word_1_37' title='bbox 768 683 1038 753; x_wconf 86' lang='lat' dir='ltr'><strong>longiore,</strong></span> <span class='ocrx_word' id='word_1_38' title='bbox 1071 696 1173 752; x_wconf 94' lang='lat' dir='ltr'><strong>pro</strong></span> <span class='ocrx_word' id='word_1_39' title='bbox 1210 696 1389 746; x_wconf 88' lang='lat' dir='ltr'><strong>muro,</strong></span> <span class='ocrx_word' id='word_1_40' title='bbox 1424 694 1608 752; x_wconf 85' lang='lat' dir='ltr'><strong>pugna</strong></span> <span class='ocrx_word' id='word_1_41' title='bbox 1646 680 1965 747; x_wconf 85' lang='lat' dir='ltr'><strong>commissa,</strong></span> <span class='ocrx_word' id='word_1_42' title='bbox 2002 677 2164 733; x_wconf 91' lang='lat' dir='ltr'><strong>multi</strong></span> <span class='ocrx_word' id='word_1_43' title='bbox 2204 691 2237 731; x_wconf 88' lang='lat' dir='ltr'><strong>e</strong></span> 
     </span>
    </p>
   </div>
   <div class='ocr_carea' id='block_1_7' title="bbox 2363 665 3960 755">
    <p class='ocr_par' dir='ltr' id='par_1_7' title="bbox 2363 665 3856 755">
     <span class='ocr_line' id='line_1_7' title="bbox 2363 665 3856 755; baseline 0.003 -22"><span class='ocrx_word' id='word_1_44' title='bbox 2363 665 2670 748; x_wconf 71' lang='lat' dir='ltr'><strong>:ltimd).emv,</strong></span> <span class='ocrx_word' id='word_1_45' title='bbox 2697 683 2765 752; x_wconf 76' lang='grc' dir='ltr'><strong>τῇ</strong></span> <span class='ocrx_word' id='word_1_46' title='bbox 2791 679 3072 753; x_wconf 77' lang='grc' dir='ltr'><strong>προσούση</strong></span> <span class='ocrx_word' id='word_1_47' title='bbox 3130 681 3281 753; x_wconf 78' lang='grc' dir='ltr'><strong>πάσῃ</strong></span> <span class='ocrx_word' id='word_1_48' title='bbox 3337 680 3558 751; x_wconf 77' lang='grc' dir='ltr'><strong>δυνάμει</strong></span> <span class='ocrx_word' id='word_1_49' title='bbox 3607 683 3856 755; x_wconf 78' lang='grc' dir='ltr'><strong>ἀποπειρᾶ-</strong></span> 
     </span>
    </p>
   </div>
   <div class='ocr_carea' id='block_1_8' title="bbox 650 770 2247 847">
    <p class='ocr_par' dir='ltr' id='par_1_8' title="bbox 650 772 2233 847">
     <span class='ocr_line' id='line_1_8' title="bbox 650 772 2233 847; baseline -0.003 -15"><span class='ocrx_word' id='word_1_50' title='bbox 650 777 938 845; x_wconf 87' lang='lat' dir='ltr'><strong>superiore</strong></span> <span class='ocrx_word' id='word_1_51' title='bbox 984 776 1111 831; x_wconf 90' lang='lat' dir='ltr'><strong>loco</strong></span> <span class='ocrx_word' id='word_1_52' title='bbox 1156 774 1350 830; x_wconf 86' lang='lat' dir='ltr'><strong>urbem</strong></span> <span class='ocrx_word' id='word_1_53' title='bbox 1398 785 1815 847; x_wconf 73' lang='lat' dir='ltr'><strong>propugnantes</strong></span> <span class='ocrx_word' id='word_1_54' title='bbox 1858 772 2233 830; x_wconf 60' lang='lat' dir='ltr'><strong>caedebantur.</strong></span> 
     </span>
    </p>
   </div>
   <div class='ocr_carea' id='block_1_9' title="bbox 2363 770 3960 847">
    <p class='ocr_par' dir='ltr' id='par_1_9' title="bbox 2363 772 3856 846">
     <span class='ocr_line' id='line_1_9' title="bbox 2363 772 3856 846; baseline 0.001 -18"><span class='ocrx_word' id='word_1_55' title='bbox 2363 775 2472 830; x_wconf 81' lang='lat' dir='ltr'><strong>r0at</strong></span> <span class='ocrx_word' id='word_1_56' title='bbox 2532 775 2985 846; x_wconf 76' lang='grc' dir='ltr'><strong>παρεσκευάζετο</strong></span> <span class='ocrx_word' id='word_1_57' title='bbox 3026 792 3041 807; x_wconf 90' lang='grc'><strong>·</strong></span> <span class='ocrx_word' id='word_1_58' title='bbox 3093 774 3193 846; x_wconf 80' lang='grc' dir='ltr'><strong>τὴν</strong></span> <span class='ocrx_word' id='word_1_59' title='bbox 3240 774 3298 829; x_wconf 71' lang='grc' dir='ltr'><strong>δὲ</strong></span> <span class='ocrx_word' id='word_1_60' title='bbox 3350 772 3621 844; x_wconf 75' lang='grc' dir='ltr'><strong>Ῥωμαίων</strong></span> <span class='ocrx_word' id='word_1_61' title='bbox 3671 775 3856 846; x_wconf 84' lang='grc' dir='ltr'><strong>δύναμιν</strong></span> 
     </span>
    </p>
   </div>
   <div class='ocr_carea' id='block_1_10' title="bbox 651 863 2248 937">
    <p class='ocr_par' dir='ltr' id='par_1_10' title="bbox 651 864 2239 935">
     <span class='ocr_line' id='line_1_10' title="bbox 651 864 2239 935; baseline -0.002 -13"><span class='ocrx_word' id='word_1_62' title='bbox 651 869 895 922; x_wconf 83' lang='lat' dir='ltr'><strong>Varanes</strong></span> <span class='ocrx_word' id='word_1_63' title='bbox 926 878 1112 922; x_wconf 88' lang='lat' dir='ltr'><strong>autem</strong></span> <span class='ocrx_word' id='word_1_64' title='bbox 1144 866 1437 922; x_wconf 82' lang='lat' dir='ltr'><strong>Persarum</strong></span> <span class='ocrx_word' id='word_1_65' title='bbox 1468 882 1569 921; x_wconf 83' lang='lat' dir='ltr'><strong>rex</strong></span> <span class='ocrx_word' id='word_1_66' title='bbox 1601 866 1693 922; x_wconf 90' lang='lat' dir='ltr'><strong>ubi</strong></span> <span class='ocrx_word' id='word_1_67' title='bbox 1719 865 2026 922; x_wconf 80' lang='lat' dir='ltr'><strong>Azazenam</strong></span> <span class='ocrx_word' id='word_1_68' title='bbox 2058 864 2239 935; x_wconf 83' lang='lat' dir='ltr'><strong>regio-</strong></span> 
     </span>
    </p>
   </div>
   <div class='ocr_carea' id='block_1_11' title="bbox 2259 863 3856 937">
    <p class='ocr_par' dir='ltr' id='par_1_11' title="bbox 2343 863 3856 937">
     <span class='ocr_line' id='line_1_11' title="bbox 2343 863 3856 937; baseline 0 -17"><span class='ocrx_word' id='word_1_69' title='bbox 2343 865 2753 930; x_wconf 84' lang='grc' dir='ltr'><strong>ὗποδειλιάσας,</strong></span> <span class='ocrx_word' id='word_1_70' title='bbox 2802 866 3121 937; x_wconf 80' lang='grc' dir='ltr'><strong>συμμάχοις</strong></span> <span class='ocrx_word' id='word_1_71' title='bbox 3169 867 3509 935; x_wconf 83' lang='grc' dir='ltr'><strong>Σαρακηνοϊς</strong></span> <span class='ocrx_word' id='word_1_72' title='bbox 3555 866 3750 937; x_wconf 67' lang='grc' dir='ltr'><strong>ἐχρῆτο,</strong></span> <span class='ocrx_word' id='word_1_73' title='bbox 3802 863 3856 920; x_wconf 75' lang='grc' dir='ltr'><strong>ὧν</strong></span> 
     </span>
    </p>
   </div>
   <div class='ocr_carea' id='block_1_12' title="bbox 651 956 2248 1031">
    <p class='ocr_par' dir='ltr' id='par_1_12' title="bbox 651 956 2235 1023">
     <span class='ocr_line' id='line_1_12' title="bbox 651 956 2235 1023; baseline 0 -13"><span class='ocrx_word' id='word_1_74' title='bbox 651 975 775 1014; x_wconf 89' lang='lat' dir='ltr'><strong>nem</strong></span> <span class='ocrx_word' id='word_1_75' title='bbox 820 959 1089 1023; x_wconf 81' lang='lat' dir='ltr'><strong>excisam,</strong></span> <span class='ocrx_word' id='word_1_76' title='bbox 1131 967 1188 1014; x_wconf 90' lang='lat' dir='ltr'><strong>et</strong></span> <span class='ocrx_word' id='word_1_77' title='bbox 1231 973 1365 1013; x_wconf 89' lang='lat' dir='ltr'><strong>suos</strong></span> <span class='ocrx_word' id='word_1_78' title='bbox 1410 957 1590 1013; x_wconf 85' lang='lat' dir='ltr'><strong>Nisibi</strong></span> <span class='ocrx_word' id='word_1_79' title='bbox 1645 958 1891 1014; x_wconf 88' lang='lat' dir='ltr'><strong>inclusos</strong></span> <span class='ocrx_word' id='word_1_80' title='bbox 1943 956 2235 1012; x_wconf 87' lang='lat' dir='ltr'><strong>muralium</strong></span> 
     </span>
    </p>
   </div>
   <div class='ocr_carea' id='block_1_13' title="bbox 2365 956 3962 1031">
    <p class='ocr_par' dir='ltr' id='par_1_13' title="bbox 2365 958 3857 1031">
     <span class='ocr_line' id='line_1_13' title="bbox 2365 958 3857 1031; baseline -0.001 -18"><span class='ocrx_word' id='word_1_81' title='bbox 2365 958 2797 1028; x_wconf 73' lang='grc' dir='ltr'><strong>Ἀλαμούνδαρος</strong></span> <span class='ocrx_word' id='word_1_82' title='bbox 2833 960 3041 1031; x_wconf 71' lang='grc' dir='ltr'><strong>ἠγεῖτο,</strong></span> <span class='ocrx_word' id='word_1_83' title='bbox 3083 959 3224 1027; x_wconf 78' lang='grc' dir='ltr'><strong>ἀνὴρ</strong></span> <span class='ocrx_word' id='word_1_84' title='bbox 3258 960 3502 1027; x_wconf 81' lang='grc' dir='ltr'><strong>γενναῖος</strong></span> <span class='ocrx_word' id='word_1_85' title='bbox 3556 962 3647 1012; x_wconf 74' lang='grc' dir='ltr'><strong>καὶ</strong></span> <span class='ocrx_word' id='word_1_86' title='bbox 3681 961 3857 1029; x_wconf 79' lang='grc' dir='ltr'><strong>ἀριῖκδς</strong></span> 
     </span>
    </p>
   </div>
   <div class='ocr_carea' id='block_1_14' title="bbox 652 1049 2249 1122">
    <p class='ocr_par' dir='ltr' id='par_1_14' title="bbox 652 1049 2231 1121">
     <span class='ocr_line' id='line_1_14' title="bbox 652 1049 2231 1121; baseline -0.002 -15"><span class='ocrx_word' id='word_1_87' title='bbox 652 1061 1055 1106; x_wconf 76' lang='lat' dir='ltr'><strong>torwentorum</strong></span> <span class='ocrx_word' id='word_1_88' title='bbox 1100 1052 1156 1107; x_wconf 90' lang='lat' dir='ltr'><strong>vi</strong></span> <span class='ocrx_word' id='word_1_89' title='bbox 1203 1050 1369 1120; x_wconf 84' lang='lat' dir='ltr'><strong>aliligi</strong></span> <span class='ocrx_word' id='word_1_90' title='bbox 1414 1050 1698 1121; x_wconf 77' lang='lat' dir='ltr'><strong>cognovit,</strong></span> <span class='ocrx_word' id='word_1_91' title='bbox 1734 1049 1908 1120; x_wconf 80' lang='lat' dir='ltr'><strong>copiis</strong></span> <span class='ocrx_word' id='word_1_92' title='bbox 1940 1064 2078 1119; x_wconf 92' lang='lat' dir='ltr'><strong>quas</strong></span> <span class='ocrx_word' id='word_1_93' title='bbox 2118 1056 2231 1103; x_wconf 90' lang='lat' dir='ltr'><strong>tum</strong></span> 
     </span>
    </p>
   </div>
   <div class='ocr_carea' id='block_1_15' title="bbox 2259 1049 3856 1122">
    <p class='ocr_par' dir='ltr' id='par_1_15' title="bbox 2341 1051 3856 1122">
     <span class='ocr_line' id='line_1_15' title="bbox 2341 1051 3856 1122; baseline -0.003 -15"><span class='ocrx_word' id='word_1_94' title='bbox 2341 1051 2412 1107; x_wconf 81' lang='grc' dir='ltr'><strong>τὰ</strong></span> <span class='ocrx_word' id='word_1_95' title='bbox 2438 1051 2677 1122; x_wconf 83' lang='grc' dir='ltr'><strong>πολέμια</strong></span> <span class='ocrx_word' id='word_1_96' title='bbox 2710 1057 2727 1074; x_wconf 82' lang='grc'><strong><em>⁸</em></strong></span> <span class='ocrx_word' id='word_1_97' title='bbox 2767 1051 2826 1114; x_wconf 83' lang='grc' dir='ltr'><strong>ὃς</strong></span> <span class='ocrx_word' id='word_1_98' title='bbox 2853 1051 3059 1115; x_wconf 82' lang='grc' dir='ltr'><strong>πολλὰς</strong></span> <span class='ocrx_word' id='word_1_99' title='bbox 3095 1051 3365 1122; x_wconf 78' lang='grc' dir='ltr'><strong>μυριάδας</strong></span> <span class='ocrx_word' id='word_1_100' title='bbox 3403 1051 3713 1122; x_wconf 85' lang='grc' dir='ltr'><strong>Σαρακηνῶν</strong></span> <span class='ocrx_word' id='word_1_101' title='bbox 3754 1052 3856 1103; x_wconf 71' lang='grc' dir='ltr'><strong>ἑπι-</strong></span> 
     </span>
    </p>
   </div>
   <div class='ocr_carea' id='block_1_16' title="bbox 649 1139 2246 1215">
    <p class='ocr_par' dir='ltr' id='par_1_16' title="bbox 649 1139 2234 1213">
     <span class='ocr_line' id='line_1_16' title="bbox 649 1139 2234 1213; baseline -0.001 -18"><span class='ocrx_word' id='word_1_102' title='bbox 649 1154 869 1213; x_wconf 85' lang='lat' dir='ltr'><strong>paratas</strong></span> <span class='ocrx_word' id='word_1_103' title='bbox 908 1143 1150 1198; x_wconf 88' lang='lat' dir='ltr'><strong>habebat</strong></span> <span class='ocrx_word' id='word_1_104' title='bbox 1186 1142 1469 1207; x_wconf 91' lang='lat' dir='ltr'><strong>omnibus,</strong></span> <span class='ocrx_word' id='word_1_105' title='bbox 1506 1141 1782 1196; x_wconf 77' lang='lat' dir='ltr'><strong>fortunam</strong></span> <span class='ocrx_word' id='word_1_106' title='bbox 1827 1139 1955 1195; x_wconf 86' lang='lat' dir='ltr'><strong>belli</strong></span> <span class='ocrx_word' id='word_1_107' title='bbox 1992 1139 2234 1210; x_wconf 83' lang='lat' dir='ltr'><strong>experiri</strong></span> 
     </span>
    </p>
   </div>
   <div class='ocr_carea' id='block_1_17' title="bbox 2255 1139 3852 1215">
    <p class='ocr_par' dir='ltr' id='par_1_17' title="bbox 2340 1141 3852 1215">
     <span class='ocr_line' id='line_1_17' title="bbox 2340 1141 3852 1215; baseline -0.001 -19"><span class='ocrx_word' id='word_1_108' title='bbox 2340 1146 2595 1214; x_wconf 74' lang='grc' dir='ltr'><strong>γὸμενος,</strong></span> <span class='ocrx_word' id='word_1_109' title='bbox 2628 1145 2855 1215; x_wconf 74' lang='grc' dir='ltr'><strong>θαρρεῖν</strong></span> <span class='ocrx_word' id='word_1_110' title='bbox 2907 1144 3211 1215; x_wconf 84' lang='grc' dir='ltr'><strong>παρηγγύα</strong></span> <span class='ocrx_word' id='word_1_111' title='bbox 3248 1142 3325 1211; x_wconf 83' lang='grc' dir='ltr'><strong>τῷ</strong></span> <span class='ocrx_word' id='word_1_112' title='bbox 3384 1141 3600 1212; x_wconf 84' lang='grc' dir='ltr'><strong>Περσῶν</strong></span> <span class='ocrx_word' id='word_1_113' title='bbox 3645 1141 3852 1212; x_wconf 80' lang='grc' dir='ltr'><strong>βασιλιῐ·</strong></span> 
     </span>
    </p>
   </div>
   <div class='ocr_carea' id='block_1_18' title="bbox 650 1232 2247 1311">
    <p class='ocr_par' dir='ltr' id='par_1_18' title="bbox 650 1233 2231 1304">
     <span class='ocr_line' id='line_1_18' title="bbox 650 1233 2231 1304; baseline -0.001 -16"><span class='ocrx_word' id='word_1_114' title='bbox 650 1250 945 1304; x_wconf 75' lang='lat' dir='ltr'><strong>aggressus</strong></span> <span class='ocrx_word' id='word_1_115' title='bbox 992 1245 1100 1291; x_wconf 89' lang='lat' dir='ltr'><strong>est.</strong></span> <span class='ocrx_word' id='word_1_116' title='bbox 1152 1233 1289 1292; x_wconf 85' lang='lat' dir='ltr'><strong>Cum</strong></span> <span class='ocrx_word' id='word_1_117' title='bbox 1345 1248 1479 1289; x_wconf 89' lang='lat' dir='ltr'><strong>vero</strong></span> <span class='ocrx_word' id='word_1_118' title='bbox 1536 1234 1920 1288; x_wconf 85' lang='lat' dir='ltr'><strong>Romanorum</strong></span> <span class='ocrx_word' id='word_1_119' title='bbox 1970 1233 2231 1288; x_wconf 89' lang='lat' dir='ltr'><strong>virtutem</strong></span> 
     </span>
    </p>
   </div>
   <div class='ocr_carea' id='block_1_19' title="bbox 2257 1232 3854 1311">
    <p class='ocr_par' dir='ltr' id='par_1_19' title="bbox 2343 1232 3854 1311">
     <span class='ocr_line' id='line_1_19' title="bbox 2343 1232 3854 1311; baseline -0.006 -20"><span class='ocrx_word' id='word_1_120' title='bbox 2343 1236 2419 1306; x_wconf 81' lang='grc' dir='ltr'><strong>μὴ</strong></span> <span class='ocrx_word' id='word_1_121' title='bbox 2444 1235 2555 1305; x_wconf 83' lang='grc' dir='ltr'><strong>γὰρ</strong></span> <span class='ocrx_word' id='word_1_122' title='bbox 2585 1236 2719 1291; x_wconf 83' lang='grc' dir='ltr'><strong>πολὺ</strong></span> <span class='ocrx_word' id='word_1_123' title='bbox 2744 1235 2999 1300; x_wconf 74' lang='grc' dir='ltr'><strong>διελθεῖν,</strong></span> <span class='ocrx_word' id='word_1_124' title='bbox 3058 1236 3169 1311; x_wconf 41' lang='grc' dir='ltr'><strong>καὶ,</strong></span> <span class='ocrx_word' id='word_1_125' title='bbox 3213 1235 3520 1302; x_wconf 78' lang='grc' dir='ltr'><strong>Ῥωμαίους</strong></span> <span class='ocrx_word' id='word_1_126' title='bbox 3575 1232 3667 1303; x_wconf 82' lang='grc' dir='ltr'><strong>μὲν</strong></span> <span class='ocrx_word' id='word_1_127' title='bbox 3704 1234 3854 1304; x_wconf 77' lang='grc' dir='ltr'><strong>πρώτη</strong></span> 
     </span>
    </p>
   </div>
   <div class='ocr_carea' id='block_1_20' title="bbox 651 1321 2248 1397">
    <p class='ocr_par' dir='ltr' id='par_1_20' title="bbox 651 1325 2235 1393">
     <span class='ocr_line' id='line_1_20' title="bbox 651 1325 2235 1393; baseline 0 -14"><span class='ocrx_word' id='word_1_128' title='bbox 651 1336 946 1393; x_wconf 75' lang='lat' dir='ltr'><strong>metueret,</strong></span> <span class='ocrx_word' id='word_1_129' title='bbox 1004 1326 1408 1381; x_wconf 84' lang='lat' dir='ltr'><strong>Saracenorum</strong></span> <span class='ocrx_word' id='word_1_130' title='bbox 1465 1325 1687 1380; x_wconf 82' lang='lat' dir='ltr'><strong>auxiliis</strong></span> <span class='ocrx_word' id='word_1_131' title='bbox 1743 1339 1876 1379; x_wconf 89' lang='lat' dir='ltr'><strong>usus</strong></span> <span class='ocrx_word' id='word_1_132' title='bbox 1926 1334 2042 1389; x_wconf 89' lang='lat' dir='ltr'><strong>est,</strong></span> <span class='ocrx_word' id='word_1_133' title='bbox 2093 1339 2235 1392; x_wconf 89' lang='lat' dir='ltr'><strong>quos</strong></span> 
     </span>
    </p>
   </div>
   <div class='ocr_carea' id='block_1_21' title="bbox 2260 1321 3857 1397">
    <p class='ocr_par' dir='ltr' id='par_1_21' title="bbox 2340 1321 3857 1397">
     <span class='ocr_line' id='line_1_21' title="bbox 2340 1321 3857 1397; baseline -0.004 -18"><span class='ocrx_word' id='word_1_134' title='bbox 2340 1326 2618 1397; x_wconf 75' lang='grc' dir='ltr'><strong>προσὸολῇ</strong></span> <span class='ocrx_word' id='word_1_135' title='bbox 2649 1326 3132 1395; x_wconf 75' lang='grc' dir='ltr'><strong>παραστήσεσθαι,</strong></span> <span class='ocrx_word' id='word_1_136' title='bbox 3163 1325 3260 1378; x_wconf 78' lang='grc' dir='ltr'><strong>καὶ</strong></span> <span class='ocrx_word' id='word_1_137' title='bbox 3317 1322 3410 1376; x_wconf 80' lang='grc' dir='ltr'><strong>ὑπ’</strong></span> <span class='ocrx_word' id='word_1_138' title='bbox 3442 1321 3586 1387; x_wconf 85' lang='grc' dir='ltr'><strong>αύτῷ</strong></span> <span class='ocrx_word' id='word_1_139' title='bbox 3617 1324 3770 1374; x_wconf 82' lang='grc' dir='ltr'>ποιεῖν</span> <span class='ocrx_word' id='word_1_140' title='bbox 3790 1324 3857 1374; x_wconf 69' lang='grc' dir='ltr'><strong>καὶ</strong></span> 
     </span>
    </p>
   </div>
   <div class='ocr_carea' id='block_1_22' title="bbox 651 1413 2248 1490">
    <p class='ocr_par' dir='ltr' id='par_1_22' title="bbox 651 1414 2227 1487">
     <span class='ocr_line' id='line_1_22' title="bbox 651 1414 2227 1487; baseline -0.003 -14"><span class='ocrx_word' id='word_1_141' title='bbox 651 1420 1059 1473; x_wconf 76' lang='lat' dir='ltr'><strong>Alai‘uundarus</strong></span> <span class='ocrx_word' id='word_1_142' title='bbox 1089 1418 1173 1472; x_wconf 90' lang='lat' dir='ltr'><strong>vir</strong></span> <span class='ocrx_word' id='word_1_143' title='bbox 1207 1417 1369 1473; x_wconf 76' lang='lat' dir='ltr'><strong>fortis</strong></span> <span class='ocrx_word' id='word_1_144' title='bbox 1402 1426 1457 1471; x_wconf 88' lang='lat' dir='ltr'><strong>et</strong></span> <span class='ocrx_word' id='word_1_145' title='bbox 1489 1416 1788 1471; x_wconf 89' lang='lat' dir='ltr'><strong>bellicosus</strong></span> <span class='ocrx_word' id='word_1_146' title='bbox 1823 1415 1981 1470; x_wconf 87' lang='lat' dir='ltr'><strong>duxit</strong></span> <span class='ocrx_word' id='word_1_147' title='bbox 2016 1433 2030 1470; x_wconf 89' lang='lat'><strong>:</strong></span> <span class='ocrx_word' id='word_1_148' title='bbox 2065 1414 2227 1487; x_wconf 64' lang='grc'><strong>481</strong></span> 
     </span>
    </p>
   </div>
   <div class='ocr_carea' id='block_1_23' title="bbox 2260 1413 3857 1490">
    <p class='ocr_par' dir='ltr' id='par_1_23' title="bbox 2337 1413 3857 1490">
     <span class='ocr_line' id='line_1_23' title="bbox 2337 1413 3857 1490; baseline -0.003 -18"><span class='ocrx_word' id='word_1_149' title='bbox 2337 1418 2436 1490; x_wconf 83' lang='grc' dir='ltr'><strong>τὴν</strong></span> <span class='ocrx_word' id='word_1_150' title='bbox 2492 1418 2647 1489; x_wconf 76' lang='grc' dir='ltr'><strong>παρὰ</strong></span> <span class='ocrx_word' id='word_1_151' title='bbox 2705 1417 2905 1488; x_wconf 83' lang='grc' dir='ltr'><strong>Σύροις</strong></span> <span class='ocrx_word' id='word_1_152' title='bbox 2978 1415 3223 1487; x_wconf 76' lang='grc' dir='ltr'><strong>μεγάλην</strong></span> <span class='ocrx_word' id='word_1_153' title='bbox 3273 1416 3429 1469; x_wconf 88' lang='grc' dir='ltr'><strong>πόλιν</strong></span> <span class='ocrx_word' id='word_1_154' title='bbox 3481 1414 3576 1485; x_wconf 77' lang='grc' dir='ltr'><strong>τὴν</strong></span> <span class='ocrx_word' id='word_1_155' title='bbox 3613 1413 3857 1482; x_wconf 81' lang='grc' dir='ltr'><strong>’Δντιάχου.</strong></span> 
     </span>
    </p>
   </div>
   <div class='ocr_carea' id='block_1_24' title="bbox 651 1504 2248 1581">
    <p class='ocr_par' dir='ltr' id='par_1_24' title="bbox 651 1507 2230 1579">
     <span class='ocr_line' id='line_1_24' title="bbox 651 1507 2230 1579; baseline -0.001 -19"><span class='ocrx_word' id='word_1_156' title='bbox 651 1511 744 1579; x_wconf 86' lang='lat' dir='ltr'><strong>qui</strong></span> <span class='ocrx_word' id='word_1_157' title='bbox 775 1525 900 1565; x_wconf 90' lang='lat' dir='ltr'><strong>enm</strong></span> <span class='ocrx_word' id='word_1_158' title='bbox 933 1510 1103 1564; x_wconf 89' lang='lat' dir='ltr'><strong>multa</strong></span> <span class='ocrx_word' id='word_1_159' title='bbox 1131 1524 1321 1564; x_wconf 90' lang='lat' dir='ltr'><strong>eorum</strong></span> <span class='ocrx_word' id='word_1_160' title='bbox 1355 1508 1526 1563; x_wconf 83' lang='lat' dir='ltr'><strong>millia</strong></span> <span class='ocrx_word' id='word_1_161' title='bbox 1556 1508 1631 1577; x_wconf 82' lang='lat' dir='ltr'><strong>(l)</strong></span> <span class='ocrx_word' id='word_1_162' title='bbox 1668 1523 1856 1563; x_wconf 88' lang='lat' dir='ltr'><strong>secum</strong></span> <span class='ocrx_word' id='word_1_163' title='bbox 1889 1507 2230 1573; x_wconf 87' lang='lat' dir='ltr'><strong>adduxisset,</strong></span> 
     </span>
    </p>
   </div>
   <div class='ocr_carea' id='block_1_25' title="bbox 2259 1504 3856 1581">
    <p class='ocr_par' dir='ltr' id='par_1_25' title="bbox 2338 1504 3856 1581">
     <span class='ocr_line' id='line_1_25' title="bbox 2338 1504 3856 1581; baseline -0.006 -18"><span class='ocrx_word' id='word_1_164' title='bbox 2338 1509 2512 1564; x_wconf 82' lang='grc' dir='ltr'><strong>Ταῦθ’</strong></span> <span class='ocrx_word' id='word_1_165' title='bbox 2539 1512 2568 1564; x_wconf 87' lang='grc' dir='ltr'>ὁ</span> <span class='ocrx_word' id='word_1_166' title='bbox 2601 1510 2701 1581; x_wconf 79' lang='grc' dir='ltr'><strong>μὲν</strong></span> <span class='ocrx_word' id='word_1_167' title='bbox 2725 1510 2912 1578; x_wconf 79' lang='grc' dir='ltr'><strong>ἔλεγεν</strong></span> <span class='ocrx_word' id='word_1_168' title='bbox 2947 1524 2962 1540; x_wconf 80' lang='grc'><em>’</em></span> <span class='ocrx_word' id='word_1_169' title='bbox 2992 1509 3201 1580; x_wconf 74' lang='grc' dir='ltr'><strong>ἥκιστα</strong></span> <span class='ocrx_word' id='word_1_170' title='bbox 3216 1508 3277 1561; x_wconf 73' lang='grc' dir='ltr'><strong>δὲ</strong></span> <span class='ocrx_word' id='word_1_171' title='bbox 3307 1508 3408 1560; x_wconf 80' lang='grc' dir='ltr'><strong>καὶ</strong></span> <span class='ocrx_word' id='word_1_172' title='bbox 3431 1508 3508 1569; x_wconf 74' lang='grc' dir='ltr'><strong>εἰς</strong></span> <span class='ocrx_word' id='word_1_173' title='bbox 3534 1505 3674 1567; x_wconf 81' lang='grc' dir='ltr'><strong>τέλος</strong></span> <span class='ocrx_word' id='word_1_174' title='bbox 3707 1504 3856 1572; x_wconf 68' lang='grc' dir='ltr'><strong>ἐκείνῳ</strong></span> 
     </span>
    </p>
   </div>
   <div class='ocr_carea' id='block_1_26' title="bbox 651 1592 2248 1672">
    <p class='ocr_par' dir='ltr' id='par_1_26' title="bbox 651 1600 2234 1671">
     <span class='ocr_line' id='line_1_26' title="bbox 651 1600 2234 1671; baseline -0.002 -16"><span class='ocrx_word' id='word_1_175' title='bbox 651 1601 797 1655; x_wconf 87' lang='lat' dir='ltr'><strong>bono</strong></span> <span class='ocrx_word' id='word_1_176' title='bbox 842 1603 1026 1655; x_wconf 89' lang='lat' dir='ltr'><strong>animo</strong></span> <span class='ocrx_word' id='word_1_177' title='bbox 1070 1616 1254 1671; x_wconf 81' lang='lat' dir='ltr'><strong>regem</strong></span> <span class='ocrx_word' id='word_1_178' title='bbox 1297 1601 1590 1656; x_wconf 85' lang='lat' dir='ltr'><strong>Persarum</strong></span> <span class='ocrx_word' id='word_1_179' title='bbox 1636 1615 1758 1655; x_wconf 87' lang='lat' dir='ltr'><strong>esse</strong></span> <span class='ocrx_word' id='word_1_180' title='bbox 1794 1600 1993 1668; x_wconf 80' lang='lat' dir='ltr'><strong>jussit,</strong></span> <span class='ocrx_word' id='word_1_181' title='bbox 2041 1614 2234 1669; x_wconf 85' lang='lat' dir='ltr'><strong>quam-</strong></span> 
     </span>
    </p>
   </div>
   <div class='ocr_carea' id='block_1_27' title="bbox 2261 1592 3858 1672">
    <p class='ocr_par' dir='ltr' id='par_1_27' title="bbox 2337 1592 3858 1672">
     <span class='ocr_line' id='line_1_27' title="bbox 2337 1592 3858 1672; baseline -0.006 -17"><span class='ocrx_word' id='word_1_182' title='bbox 2337 1603 2367 1655; x_wconf 86' lang='grc' dir='ltr'><strong>ό</strong></span> <span class='ocrx_word' id='word_1_183' title='bbox 2402 1601 2561 1670; x_wconf 80' lang='grc' dir='ltr'><strong>λόγος</strong></span> <span class='ocrx_word' id='word_1_184' title='bbox 2585 1602 2810 1672; x_wconf 72' lang='grc' dir='ltr'><strong>ἤρχετο.</strong></span> <span class='ocrx_word' id='word_1_185' title='bbox 2843 1602 2907 1654; x_wconf 80' lang='lat' dir='ltr'><strong>Oi</strong></span> <span class='ocrx_word' id='word_1_186' title='bbox 2933 1602 3043 1668; x_wconf 82' lang='grc' dir='ltr'><strong>γὰρ</strong></span> <span class='ocrx_word' id='word_1_187' title='bbox 3069 1601 3159 1669; x_wconf 80' lang='grc' dir='ltr'><strong>ἐφ’</strong></span> <span class='ocrx_word' id='word_1_188' title='bbox 3176 1592 3257 1662; x_wconf 80' lang='grc' dir='ltr'><strong>οἷς</strong></span> <span class='ocrx_word' id='word_1_189' title='bbox 3293 1599 3511 1670; x_wconf 78' lang='grc' dir='ltr'><strong>θαῤῥῶν</strong></span> <span class='ocrx_word' id='word_1_190' title='bbox 3537 1597 3858 1667; x_wconf 70' lang='grc' dir='ltr'><strong>ἧιε,Σαρικηο</strong></span> 
     </span>
    </p>
   </div>
   <div class='ocr_carea' id='block_1_28' title="bbox 653 1687 2250 1764">
    <p class='ocr_par' dir='ltr' id='par_1_28' title="bbox 653 1694 2228 1764">
     <span class='ocr_line' id='line_1_28' title="bbox 653 1694 2228 1764; baseline -0.001 -16"><span class='ocrx_word' id='word_1_191' title='bbox 653 1696 893 1764; x_wconf 91' lang='lat' dir='ltr'><strong>primum</strong></span> <span class='ocrx_word' id='word_1_192' title='bbox 925 1711 982 1749; x_wconf 77' lang='lat' dir='ltr'><strong>se</strong></span> <span class='ocrx_word' id='word_1_193' title='bbox 1013 1696 1192 1764; x_wconf 89' lang='lat' dir='ltr'><strong>primo</strong></span> <span class='ocrx_word' id='word_1_194' title='bbox 1216 1694 1479 1750; x_wconf 82' lang='lat' dir='ltr'><strong>conﬂictu</strong></span> <span class='ocrx_word' id='word_1_195' title='bbox 1507 1695 1789 1751; x_wconf 84' lang='lat' dir='ltr'><strong>Romanos</strong></span> <span class='ocrx_word' id='word_1_196' title='bbox 1815 1704 2228 1763; x_wconf 86' lang='lat' dir='ltr'><strong>superaturum,</strong></span> 
     </span>
    </p>
   </div>
   <div class='ocr_carea' id='block_1_29' title="bbox 2263 1687 3860 1764">
    <p class='ocr_par' dir='ltr' id='par_1_29' title="bbox 2338 1687 3860 1761">
     <span class='ocr_line' id='line_1_29' title="bbox 2338 1687 3860 1761; baseline -0.006 -15"><span class='ocrx_word' id='word_1_197' title='bbox 2338 1692 2420 1746; x_wconf 78' lang='grc' dir='ltr'><strong>νοὶ</strong></span> <span class='ocrx_word' id='word_1_198' title='bbox 2455 1692 2651 1760; x_wconf 83' lang='grc' dir='ltr'><strong>ἄλογον</strong></span> <span class='ocrx_word' id='word_1_199' title='bbox 2684 1692 2804 1755; x_wconf 84' lang='grc' dir='ltr'><strong>δέος</strong></span> <span class='ocrx_word' id='word_1_200' title='bbox 2834 1691 3265 1761; x_wconf 68' lang='grc' dir='ltr'><strong>εἰσδεδεγμένοι,</strong></span> <span class='ocrx_word' id='word_1_201' title='bbox 3298 1690 3396 1744; x_wconf 84' lang='grc' dir='ltr'><strong>καὶ</strong></span> <span class='ocrx_word' id='word_1_202' title='bbox 3456 1687 3710 1758; x_wconf 75' lang='grc' dir='ltr'><strong>φαντασίᾳ</strong></span> <span class='ocrx_word' id='word_1_203' title='bbox 3758 1688 3860 1754; x_wconf 78' lang='grc' dir='ltr'><strong>ληφ-</strong></span> 
     </span>
    </p>
   </div>
   <div class='ocr_carea' id='block_1_30' title="bbox 650 1778 2247 1857">
    <p class='ocr_par' dir='ltr' id='par_1_30' title="bbox 650 1784 2233 1857">
     <span class='ocr_line' id='line_1_30' title="bbox 650 1784 2233 1857; baseline -0.001 -18"><span class='ocrx_word' id='word_1_204' title='bbox 650 1796 817 1856; x_wconf 87' lang='lat' dir='ltr'><strong>atque</strong></span> <span class='ocrx_word' id='word_1_205' title='bbox 854 1787 956 1856; x_wconf 92' lang='lat' dir='ltr'><strong>ipsi</strong></span> <span class='ocrx_word' id='word_1_206' title='bbox 1000 1802 1107 1839; x_wconf 82' lang='lat' dir='ltr'><strong>una</strong></span> <span class='ocrx_word' id='word_1_207' title='bbox 1154 1801 1280 1841; x_wconf 91' lang='lat' dir='ltr'><strong>cum</strong></span> <span class='ocrx_word' id='word_1_208' title='bbox 1332 1801 1526 1857; x_wconf 81' lang='lat' dir='ltr'><strong>magna</strong></span> <span class='ocrx_word' id='word_1_209' title='bbox 1564 1785 1825 1856; x_wconf 85' lang='lat' dir='ltr'><strong>Syrorum</strong></span> <span class='ocrx_word' id='word_1_210' title='bbox 1864 1787 1998 1840; x_wconf 91' lang='lat' dir='ltr'><strong>urbe</strong></span> <span class='ocrx_word' id='word_1_211' title='bbox 2035 1784 2233 1839; x_wconf 81' lang='lat' dir='ltr'><strong>Antio-</strong></span> 
     </span>
    </p>
   </div>
   <div class='ocr_carea' id='block_1_31' title="bbox 2261 1778 3858 1857">
    <p class='ocr_par' dir='ltr' id='par_1_31' title="bbox 2341 1778 3858 1856">
     <span class='ocr_line' id='line_1_31' title="bbox 2341 1778 3858 1856; baseline -0.003 -20"><span class='ocrx_word' id='word_1_212' title='bbox 2341 1783 2526 1847; x_wconf 85' lang='grc' dir='ltr'><strong>θέντες</strong></span> <span class='ocrx_word' id='word_1_213' title='bbox 2562 1784 2797 1856; x_wconf 79' lang='grc' dir='ltr'><strong>μεγίστῃ</strong></span> <span class='ocrx_word' id='word_1_214' title='bbox 2830 1785 2967 1855; x_wconf 69' lang='grc' dir='ltr'><strong>πρὸς</strong></span> <span class='ocrx_word' id='word_1_215' title='bbox 3011 1784 3303 1855; x_wconf 79' lang='grc' dir='ltr'><strong>Ῥωμαίων</strong></span> <span class='ocrx_word' id='word_1_216' title='bbox 3351 1783 3577 1852; x_wconf 84' lang='grc' dir='ltr'><strong>δυνάμει</strong></span> <span class='ocrx_word' id='word_1_217' title='bbox 3620 1778 3858 1843; x_wconf 78' lang='grc' dir='ltr'><strong>περιελαύ-</strong></span> 
     </span>
    </p>
   </div>
   <div class='ocr_carea' id='block_1_32' title="bbox 650 1865 2247 1949">
    <p class='ocr_par' dir='ltr' id='par_1_32' title="bbox 650 1876 2234 1949">
     <span class='ocr_line' id='line_1_32' title="bbox 650 1876 2234 1949; baseline -0.003 -14"><span class='ocrx_word' id='word_1_218' title='bbox 650 1880 774 1935; x_wconf 87' lang='lat' dir='ltr'><strong>chia</strong></span> <span class='ocrx_word' id='word_1_219' title='bbox 823 1881 1205 1949; x_wconf 82' lang='lat' dir='ltr'><strong>subjecturum</strong></span> <span class='ocrx_word' id='word_1_220' title='bbox 1256 1894 1404 1942; x_wconf 90' lang='lat' dir='ltr'><strong>esse,</strong></span> <span class='ocrx_word' id='word_1_221' title='bbox 1451 1878 1667 1932; x_wconf 80' lang='lat' dir='ltr'><strong>dicens.</strong></span> <span class='ocrx_word' id='word_1_222' title='bbox 1704 1877 1831 1933; x_wconf 62' lang='lat' dir='ltr'><strong>llaec</strong></span> <span class='ocrx_word' id='word_1_223' title='bbox 1877 1876 1969 1932; x_wconf 89' lang='lat' dir='ltr'><strong>ille</strong></span> <span class='ocrx_word' id='word_1_224' title='bbox 2010 1876 2234 1946; x_wconf 81' lang='lat' dir='ltr'><strong>quidem</strong></span> 
     </span>
    </p>
   </div>
   <div class='ocr_carea' id='block_1_33' title="bbox 2258 1865 3855 1949">
    <p class='ocr_par' dir='ltr' id='par_1_33' title="bbox 2266 1865 3855 1944">
     <span class='ocr_line' id='line_1_33' title="bbox 2266 1865 3855 1944; baseline 0.004 -25"><span class='ocrx_word' id='word_1_225' title='bbox 2266 1865 2305 1919; x_wconf 84' lang='grc' dir='ltr'><strong><em>Β</em></strong></span> <span class='ocrx_word' id='word_1_226' title='bbox 2337 1872 2547 1938; x_wconf 87' lang='grc' dir='ltr'><strong>νεσθαι,</strong></span> <span class='ocrx_word' id='word_1_227' title='bbox 2578 1875 2673 1926; x_wconf 76' lang='grc' dir='ltr'><strong>καὶ</strong></span> <span class='ocrx_word' id='word_1_228' title='bbox 2702 1875 2764 1927; x_wconf 74' lang='grc' dir='ltr'><strong>ἐν</strong></span> <span class='ocrx_word' id='word_1_229' title='bbox 2783 1875 2997 1944; x_wconf 84' lang='grc' dir='ltr'><strong>ταραχῇ</strong></span> <span class='ocrx_word' id='word_1_230' title='bbox 3055 1871 3434 1932; x_wconf 78' lang='grc' dir='ltr'><strong>καταστάντες</strong></span> <span class='ocrx_word' id='word_1_231' title='bbox 3485 1870 3703 1941; x_wconf 82' lang='grc' dir='ltr'><strong>μεγάλῃ,</strong></span> <span class='ocrx_word' id='word_1_232' title='bbox 3750 1869 3855 1939; x_wconf 64' lang='grc' dir='ltr'><strong>μήτε</strong></span> 
     </span>
    </p>
   </div>
   <div class='ocr_carea' id='block_1_34' title="bbox 649 1961 2246 2042">
    <p class='ocr_par' dir='ltr' id='par_1_34' title="bbox 649 1970 2235 2042">
     <span class='ocr_line' id='line_1_34' title="bbox 649 1970 2235 2042; baseline -0.001 -18"><span class='ocrx_word' id='word_1_233' title='bbox 649 1971 913 2041; x_wconf 77' lang='lat' dir='ltr'><strong>iactabat,</strong></span> <span class='ocrx_word' id='word_1_234' title='bbox 949 1972 1044 2025; x_wconf 89' lang='lat' dir='ltr'><strong>sed</strong></span> <span class='ocrx_word' id='word_1_235' title='bbox 1090 1971 1261 2027; x_wconf 88' lang='lat' dir='ltr'><strong>verba</strong></span> <span class='ocrx_word' id='word_1_236' title='bbox 1308 1971 1430 2042; x_wconf 87' lang='lat' dir='ltr'><strong>ejus</strong></span> <span class='ocrx_word' id='word_1_237' title='bbox 1467 1970 1698 2027; x_wconf 89' lang='lat' dir='ltr'><strong>minime</strong></span> <span class='ocrx_word' id='word_1_238' title='bbox 1749 1970 1815 2024; x_wconf 86' lang='lat' dir='ltr'><strong>ad</strong></span> <span class='ocrx_word' id='word_1_239' title='bbox 1856 1971 2066 2025; x_wconf 83' lang='lat' dir='ltr'><strong>exitum</strong></span> <span class='ocrx_word' id='word_1_240' title='bbox 2108 1983 2235 2039; x_wconf 89' lang='lat' dir='ltr'><strong>per-</strong></span> 
     </span>
    </p>
   </div>
   <div class='ocr_carea' id='block_1_35' title="bbox 2259 1961 3856 2042">
    <p class='ocr_par' dir='ltr' id='par_1_35' title="bbox 2336 1961 3856 2037">
     <span class='ocr_line' id='line_1_35' title="bbox 2336 1961 3856 2037; baseline -0.005 -18"><span class='ocrx_word' id='word_1_241' title='bbox 2336 1965 2494 2037; x_wconf 69' lang='grc' dir='ltr'><strong>δρᾷν,</strong></span> <span class='ocrx_word' id='word_1_242' title='bbox 2535 1965 2660 2035; x_wconf 68' lang='grc' dir='ltr'><strong>μηδ’</strong></span> <span class='ocrx_word' id='word_1_243' title='bbox 2692 1966 2843 2029; x_wconf 81' lang='grc' dir='ltr'><strong>ὅπως</strong></span> <span class='ocrx_word' id='word_1_244' title='bbox 2869 1968 3019 2037; x_wconf 76' lang='grc' dir='ltr'><strong>φυγῇ</strong></span> <span class='ocrx_word' id='word_1_245' title='bbox 3084 1964 3398 2035; x_wconf 87' lang='grc' dir='ltr'><strong>χρήσασθαι</strong></span> <span class='ocrx_word' id='word_1_246' title='bbox 3449 1963 3678 2034; x_wconf 66' lang='grc' dir='ltr'><strong>έχοντες,</strong></span> <span class='ocrx_word' id='word_1_247' title='bbox 3717 1961 3856 2023; x_wconf 79' lang='grc' dir='ltr'><strong>αὐτοῖς</strong></span> 
     </span>
    </p>
   </div>
   <div class='ocr_carea' id='block_1_36' title="bbox 651 2053 2248 2131">
    <p class='ocr_par' dir='ltr' id='par_1_36' title="bbox 651 2059 2235 2131">
     <span class='ocr_line' id='line_1_36' title="bbox 651 2059 2235 2131; baseline -0.001 -17"><span class='ocrx_word' id='word_1_248' title='bbox 651 2076 878 2116; x_wconf 68' lang='lat' dir='ltr'><strong>Venere.</strong></span> <span class='ocrx_word' id='word_1_249' title='bbox 907 2061 1122 2128; x_wconf 84' lang='lat' dir='ltr'><strong>Quibus</strong></span> <span class='ocrx_word' id='word_1_250' title='bbox 1153 2076 1395 2131; x_wconf 86' lang='lat' dir='ltr'><strong>namque</strong></span> <span class='ocrx_word' id='word_1_251' title='bbox 1428 2077 1523 2116; x_wconf 86' lang='lat' dir='ltr'><strong>rex</strong></span> <span class='ocrx_word' id='word_1_252' title='bbox 1554 2060 1779 2126; x_wconf 87' lang='lat' dir='ltr'><strong>lidebat,</strong></span> <span class='ocrx_word' id='word_1_253' title='bbox 1809 2059 2069 2115; x_wconf 84' lang='lat' dir='ltr'><strong>Saraceni</strong></span> <span class='ocrx_word' id='word_1_254' title='bbox 2099 2073 2235 2129; x_wconf 83' lang='lat' dir='ltr'><strong>prae-</strong></span> 
     </span>
    </p>
   </div>
   <div class='ocr_carea' id='block_1_37' title="bbox 2236 2053 3833 2131">
    <p class='ocr_par' dir='ltr' id='par_1_37' title="bbox 2336 2053 3833 2128">
     <span class='ocr_line' id='line_1_37' title="bbox 2336 2053 3833 2128; baseline -0.005 -17"><span class='ocrx_word' id='word_1_255' title='bbox 2336 2057 2524 2120; x_wconf 81' lang='grc' dir='ltr'><strong>ὅπλοις</strong></span> <span class='ocrx_word' id='word_1_256' title='bbox 2561 2057 2715 2127; x_wconf 81' lang='grc' dir='ltr'><strong>παρὰ</strong></span> <span class='ocrx_word' id='word_1_257' title='bbox 2751 2056 2844 2110; x_wconf 76' lang='grc' dir='ltr'><strong>τὸν</strong></span> <span class='ocrx_word' id='word_1_258' title='bbox 2869 2058 3120 2126; x_wconf 76' lang='grc' dir='ltr'><strong>ποταμὸν</strong></span> <span class='ocrx_word' id='word_1_259' title='bbox 3165 2057 3463 2128; x_wconf 79' lang='grc' dir='ltr'><strong>Εὐφράτην</strong></span> <span class='ocrx_word' id='word_1_260' title='bbox 3485 2054 3720 2109; x_wconf 66' lang='grc' dir='ltr'><strong>ινέδαλον</strong></span> <span class='ocrx_word' id='word_1_261' title='bbox 3759 2053 3833 2105; x_wconf 67' lang='lat' dir='ltr'><strong>hu</strong></span> 
     </span>
    </p>
   </div>
   <div class='ocr_carea' id='block_1_38' title="bbox 654 2140 2251 2223">
    <p class='ocr_par' dir='ltr' id='par_1_38' title="bbox 654 2149 2236 2223">
     <span class='ocr_line' id='line_1_38' title="bbox 654 2149 2236 2223; baseline -0.001 -18"><span class='ocrx_word' id='word_1_262' title='bbox 654 2160 738 2205; x_wconf 90' lang='lat' dir='ltr'><strong>ter</strong></span> <span class='ocrx_word' id='word_1_263' title='bbox 776 2153 1042 2206; x_wconf 87' lang='lat' dir='ltr'><strong>rationem</strong></span> <span class='ocrx_word' id='word_1_264' title='bbox 1096 2151 1623 2220; x_wconf 58' lang='lat' dir='ltr'><strong>terrore,correpti,</strong></span> <span class='ocrx_word' id='word_1_265' title='bbox 1655 2159 1723 2223; x_wconf 65' lang='lat' dir='ltr'><strong>et,</strong></span> <span class='ocrx_word' id='word_1_266' title='bbox 1754 2165 1853 2220; x_wconf 88' lang='lat' dir='ltr'><strong>per</strong></span> <span class='ocrx_word' id='word_1_267' title='bbox 1888 2149 2236 2219; x_wconf 86' lang='lat' dir='ltr'><strong>imaginatio-</strong></span> 
     </span>
    </p>
   </div>
   <div class='ocr_carea' id='block_1_39' title="bbox 2256 2140 3853 2223">
    <p class='ocr_par' dir='ltr' id='par_1_39' title="bbox 2337 2140 3853 2222">
     <span class='ocr_line' id='line_1_39' title="bbox 2337 2140 3853 2222; baseline 0.002 -20"><span class='ocrx_word' id='word_1_268' title='bbox 2337 2148 2486 2212; x_wconf 88' lang='grc' dir='ltr'><strong>τούς.</strong></span> <span class='ocrx_word' id='word_1_269' title='bbox 2531 2150 2640 2204; x_wconf 78' lang='grc' dir='ltr'><strong>Καί</strong></span> <span class='ocrx_word' id='word_1_270' title='bbox 2692 2166 2758 2218; x_wconf 82' lang='grc' dir='ltr'><strong>γε</strong></span> <span class='ocrx_word' id='word_1_271' title='bbox 2794 2140 2966 2219; x_wconf 76' lang='grc' dir='ltr'><strong>’λόγος</strong></span> <span class='ocrx_word' id='word_1_272' title='bbox 3028 2151 3156 2222; x_wconf 69' lang='grc' dir='ltr'><strong>περὶ</strong></span> <span class='ocrx_word' id='word_1_273' title='bbox 3210 2150 3345 2203; x_wconf 83' lang='grc' dir='ltr'><strong>δέκα</strong></span> <span class='ocrx_word' id='word_1_274' title='bbox 3403 2149 3656 2222; x_wconf 82' lang='grc' dir='ltr'><strong>μυριάδας</strong></span> <span class='ocrx_word' id='word_1_275' title='bbox 3696 2147 3853 2219; x_wconf 78' lang='grc' dir='ltr'><strong>ἀνδρῶν</strong></span> 
     </span>
    </p>
   </div>
   <div class='ocr_carea' id='block_1_40' title="bbox 651 2238 2248 2313">
    <p class='ocr_par' dir='ltr' id='par_1_40' title="bbox 651 2240 2232 2311">
     <span class='ocr_line' id='line_1_40' title="bbox 651 2240 2232 2311; baseline -0.002 -14"><span class='ocrx_word' id='word_1_276' title='bbox 651 2258 777 2297; x_wconf 92' lang='lat' dir='ltr'><strong>nem</strong></span> <span class='ocrx_word' id='word_1_277' title='bbox 812 2259 871 2298; x_wconf 89' lang='lat' dir='ltr'><strong>se</strong></span> <span class='ocrx_word' id='word_1_278' title='bbox 906 2260 936 2297; x_wconf 89' lang='lat' dir='ltr'><strong>a</strong></span> <span class='ocrx_word' id='word_1_279' title='bbox 977 2243 1232 2298; x_wconf 81' lang='lat' dir='ltr'><strong>maximis</strong></span> <span class='ocrx_word' id='word_1_280' title='bbox 1275 2244 1657 2297; x_wconf 78' lang='lat' dir='ltr'><strong>Romanorum</strong></span> <span class='ocrx_word' id='word_1_281' title='bbox 1698 2241 1875 2311; x_wconf 90' lang='lat' dir='ltr'><strong>copiis</strong></span> <span class='ocrx_word' id='word_1_282' title='bbox 1922 2240 2232 2296; x_wconf 87' lang='lat' dir='ltr'><strong>circumda-</strong></span> 
     </span>
    </p>
   </div>
   <div class='ocr_carea' id='block_1_41' title="bbox 2254 2238 3851 2313">
    <p class='ocr_par' dir='ltr' id='par_1_41' title="bbox 2337 2238 3851 2313">
     <span class='ocr_line' id='line_1_41' title="bbox 2337 2238 3851 2313; baseline -0.003 -20"><span class='ocrx_word' id='word_1_283' title='bbox 2337 2243 2518 2294; x_wconf 68' lang='grc' dir='ltr'><strong>ἐκεῖσε</strong></span> <span class='ocrx_word' id='word_1_284' title='bbox 2551 2240 2941 2311; x_wconf 79' lang='grc' dir='ltr'><strong>διαφθαρῆναι.</strong></span> <span class='ocrx_word' id='word_1_285' title='bbox 2970 2241 3143 2295; x_wconf 79' lang='grc' dir='ltr'><strong>Τοῦτο</strong></span> <span class='ocrx_word' id='word_1_286' title='bbox 3176 2242 3276 2313; x_wconf 80' lang='grc' dir='ltr'><strong>μὲν</strong></span> <span class='ocrx_word' id='word_1_287' title='bbox 3303 2241 3369 2312; x_wconf 80' lang='grc' dir='ltr'><strong>δὴ</strong></span> <span class='ocrx_word' id='word_1_288' title='bbox 3397 2240 3631 2295; x_wconf 80' lang='grc' dir='ltr'><strong>τοιοῦτον</strong></span> <span class='ocrx_word' id='word_1_289' title='bbox 3658 2238 3851 2293; x_wconf 72' lang='grc' dir='ltr'><strong>συνέϐαι-</strong></span> 
     </span>
    </p>
   </div>
   <div class='ocr_carea' id='block_1_42' title="bbox 652 2330 2249 2404">
    <p class='ocr_par' dir='ltr' id='par_1_42' title="bbox 652 2330 2232 2404">
     <span class='ocr_line' id='line_1_42' title="bbox 652 2330 2232 2404; baseline -0.003 -15"><span class='ocrx_word' id='word_1_290' title='bbox 652 2344 738 2389; x_wconf 90' lang='lat' dir='ltr'><strong>tos</strong></span> <span class='ocrx_word' id='word_1_291' title='bbox 775 2334 1013 2404; x_wconf 84' lang='lat' dir='ltr'><strong>prepelli</strong></span> <span class='ocrx_word' id='word_1_292' title='bbox 1062 2334 1295 2403; x_wconf 80' lang='lat' dir='ltr'><strong>opinati,</strong></span> <span class='ocrx_word' id='word_1_293' title='bbox 1331 2343 1496 2402; x_wconf 89' lang='lat' dir='ltr'><strong>atque</strong></span> <span class='ocrx_word' id='word_1_294' title='bbox 1545 2333 1599 2387; x_wconf 89' lang='lat' dir='ltr'><strong>in</strong></span> <span class='ocrx_word' id='word_1_295' title='bbox 1644 2346 1901 2402; x_wconf 88' lang='lat' dir='ltr'><strong>magnum</strong></span> <span class='ocrx_word' id='word_1_296' title='bbox 1938 2330 2232 2385; x_wconf 89' lang='lat' dir='ltr'><strong>tumultum</strong></span> 
     </span>
    </p>
   </div>
   <div class='ocr_carea' id='block_1_43' title="bbox 2245 2330 3842 2404">
    <p class='ocr_par' dir='ltr' id='par_1_43' title="bbox 2338 2330 3842 2403">
     <span class='ocr_line' id='line_1_43' title="bbox 2338 2330 3842 2403; baseline 0.002 -17"><span class='ocrx_word' id='word_1_297' title='bbox 2338 2351 2453 2388; x_wconf 79' lang='lat' dir='ltr'><strong>vsv.</strong></span> <span class='ocrx_word' id='word_1_298' title='bbox 2503 2336 2566 2386; x_wconf 85' lang='grc' dir='ltr'><strong>Οἱ</strong></span> <span class='ocrx_word' id='word_1_299' title='bbox 2635 2333 2694 2386; x_wconf 82' lang='grc' dir='ltr'><strong>δὲ</strong></span> <span class='ocrx_word' id='word_1_300' title='bbox 2739 2334 2871 2403; x_wconf 80' lang='grc' dir='ltr'><strong>περὶ</strong></span> <span class='ocrx_word' id='word_1_301' title='bbox 2914 2333 3131 2388; x_wconf 73' lang='grc' dir='ltr'><strong>Νίσιὸιν</strong></span> <span class='ocrx_word' id='word_1_302' title='bbox 3196 2334 3295 2398; x_wconf 80' lang='grc' dir='ltr'><strong>τάς</strong></span> <span class='ocrx_word' id='word_1_303' title='bbox 3338 2334 3610 2396; x_wconf 78' lang='grc' dir='ltr'><strong>ἑλεπόλεις</strong></span> <span class='ocrx_word' id='word_1_304' title='bbox 3653 2330 3842 2389; x_wconf 57' lang='lat' dir='ltr'><strong>iuxtim:</strong></span> 
     </span>
    </p>
   </div>
   <div class='ocr_carea' id='block_1_44' title="bbox 651 2418 2248 2499">
    <p class='ocr_par' dir='ltr' id='par_1_44' title="bbox 651 2423 2235 2495">
     <span class='ocr_line' id='line_1_44' title="bbox 651 2423 2235 2495; baseline -0.002 -17"><span class='ocrx_word' id='word_1_305' title='bbox 651 2425 911 2495; x_wconf 82' lang='lat' dir='ltr'><strong>conjecti,</strong></span> <span class='ocrx_word' id='word_1_306' title='bbox 945 2426 1018 2479; x_wconf 92' lang='lat' dir='ltr'><strong>ita</strong></span> <span class='ocrx_word' id='word_1_307' title='bbox 1073 2434 1132 2479; x_wconf 91' lang='lat' dir='ltr'><strong>ut</strong></span> <span class='ocrx_word' id='word_1_308' title='bbox 1174 2440 1355 2494; x_wconf 86' lang='lat' dir='ltr'><strong>neque</strong></span> <span class='ocrx_word' id='word_1_309' title='bbox 1397 2423 1530 2494; x_wconf 91' lang='lat' dir='ltr'><strong>quid</strong></span> <span class='ocrx_word' id='word_1_310' title='bbox 1576 2423 1889 2479; x_wconf 80' lang='lat' dir='ltr'><strong>faciendum</strong></span> <span class='ocrx_word' id='word_1_311' title='bbox 1926 2431 2094 2487; x_wconf 84' lang='lat' dir='ltr'><strong>esset,</strong></span> <span class='ocrx_word' id='word_1_312' title='bbox 2126 2423 2235 2477; x_wconf 83' lang='lat' dir='ltr'><strong>sei-</strong></span> 
     </span>
    </p>
   </div>
   <div class='ocr_carea' id='block_1_45' title="bbox 2313 2418 3910 2499">
    <p class='ocr_par' dir='ltr' id='par_1_45' title="bbox 2349 2418 3910 2499">
     <span class='ocr_line' id='line_1_45' title="bbox 2349 2418 3910 2499; baseline -0.004 -21"><span class='ocrx_word' id='word_1_313' title='bbox 2349 2425 2637 2492; x_wconf 82' lang='grc' dir='ltr'><strong>Ῥωμαίοι,</strong></span> <span class='ocrx_word' id='word_1_314' title='bbox 2671 2424 2973 2495; x_wconf 76' lang='grc' dir='ltr'><strong>πυθόμενοι</strong></span> <span class='ocrx_word' id='word_1_315' title='bbox 3008 2426 3084 2488; x_wconf 84' lang='grc' dir='ltr'><strong>ὡς</strong></span> <span class='ocrx_word' id='word_1_316' title='bbox 3116 2429 3144 2480; x_wconf 82' lang='grc' dir='ltr'><strong><em>ὁ</em></strong></span> <span class='ocrx_word' id='word_1_317' title='bbox 3169 2426 3390 2499; x_wconf 83' lang='grc' dir='ltr'><strong>Πέρσης</strong></span> <span class='ocrx_word' id='word_1_318' title='bbox 3435 2426 3724 2496; x_wconf 66' lang='grc' dir='ltr'><strong>ἐλεφάντων</strong></span> <span class='ocrx_word' id='word_1_319' title='bbox 3756 2418 3846 2475; x_wconf 75' lang='grc' dir='ltr'><strong>πολῦ</strong></span> <span class='ocrx_word' id='word_1_320' title='bbox 3908 2440 3910 2443; x_wconf 94' lang='grc'>·</span> 
     </span>
    </p>
   </div>
   <div class='ocr_carea' id='block_1_46' title="bbox 652 2513 2249 2588">
    <p class='ocr_par' dir='ltr' id='par_1_46' title="bbox 652 2515 2234 2586">
     <span class='ocr_line' id='line_1_46' title="bbox 652 2515 2234 2586; baseline 0 -17"><span class='ocrx_word' id='word_1_321' title='bbox 652 2526 800 2580; x_wconf 86' lang='lat' dir='ltr'><strong>rent,</strong></span> <span class='ocrx_word' id='word_1_322' title='bbox 845 2531 954 2569; x_wconf 91' lang='lat' dir='ltr'><strong>una</strong></span> <span class='ocrx_word' id='word_1_323' title='bbox 1001 2532 1127 2570; x_wconf 91' lang='lat' dir='ltr'><strong>cum</strong></span> <span class='ocrx_word' id='word_1_324' title='bbox 1180 2516 1352 2571; x_wconf 90' lang='lat' dir='ltr'><strong>armis</strong></span> <span class='ocrx_word' id='word_1_325' title='bbox 1408 2516 1466 2569; x_wconf 91' lang='lat' dir='ltr'><strong>in</strong></span> <span class='ocrx_word' id='word_1_326' title='bbox 1522 2515 1857 2586; x_wconf 84' lang='lat' dir='ltr'><strong>Euphratem</strong></span> <span class='ocrx_word' id='word_1_327' title='bbox 1904 2531 2122 2571; x_wconf 88' lang='lat' dir='ltr'><strong>amnem</strong></span> <span class='ocrx_word' id='word_1_328' title='bbox 2175 2530 2234 2569; x_wconf 90' lang='lat' dir='ltr'><strong>se</strong></span> 
     </span>
    </p>
   </div>
   <div class='ocr_carea' id='block_1_47' title="bbox 2251 2513 3848 2588">
    <p class='ocr_par' dir='ltr' id='par_1_47' title="bbox 2339 2513 3848 2588">
     <span class='ocr_line' id='line_1_47' title="bbox 2339 2513 3848 2588; baseline -0.004 -17"><span class='ocrx_word' id='word_1_329' title='bbox 2339 2535 2389 2571; x_wconf 88' lang='grc' dir='ltr'><strong>τι</strong></span> <span class='ocrx_word' id='word_1_330' title='bbox 2420 2513 2627 2586; x_wconf 81' lang='grc' dir='ltr'><strong>πλῆθος</strong></span> <span class='ocrx_word' id='word_1_331' title='bbox 2653 2518 2935 2587; x_wconf 76' lang='grc' dir='ltr'><strong>ἐπάγοιτο,</strong></span> <span class='ocrx_word' id='word_1_332' title='bbox 2970 2518 3068 2571; x_wconf 74' lang='grc' dir='ltr'><strong>καὶ</strong></span> <span class='ocrx_word' id='word_1_333' title='bbox 3107 2518 3188 2585; x_wconf 83' lang='grc' dir='ltr'><strong>τῷ</strong></span> <span class='ocrx_word' id='word_1_334' title='bbox 3234 2518 3350 2573; x_wconf 81' lang='grc' dir='ltr'><strong>δέει</strong></span> <span class='ocrx_word' id='word_1_335' title='bbox 3381 2520 3636 2588; x_wconf 84' lang='grc' dir='ltr'><strong>παγέντες</strong></span> <span class='ocrx_word' id='word_1_336' title='bbox 3686 2514 3848 2574; x_wconf 75' lang='grc' dir='ltr'><strong>ἁπάσας</strong></span> 
     </span>
    </p>
   </div>
   <div class='ocr_carea' id='block_1_48' title="bbox 654 2604 2251 2683">
    <p class='ocr_par' dir='ltr' id='par_1_48' title="bbox 654 2606 2233 2676">
     <span class='ocr_line' id='line_1_48' title="bbox 654 2606 2233 2676; baseline 0.003 -19"><span class='ocrx_word' id='word_1_337' title='bbox 654 2609 1097 2676; x_wconf 73' lang='lat' dir='ltr'><strong>pra‘cipitaruut.</strong></span> <span class='ocrx_word' id='word_1_338' title='bbox 1147 2606 1348 2676; x_wconf 87' lang='lat' dir='ltr'><strong>Opinio</strong></span> <span class='ocrx_word' id='word_1_339' title='bbox 1396 2623 1529 2662; x_wconf 86' lang='lat' dir='ltr'><strong>sane</strong></span> <span class='ocrx_word' id='word_1_340' title='bbox 1582 2608 1830 2674; x_wconf 90' lang='lat' dir='ltr'><strong>obtinet,</strong></span> <span class='ocrx_word' id='word_1_341' title='bbox 1884 2620 2105 2663; x_wconf 83' lang='lat' dir='ltr'><strong>centum</strong></span> <span class='ocrx_word' id='word_1_342' title='bbox 2158 2608 2233 2661; x_wconf 83' lang='lat' dir='ltr'><strong>ibi</strong></span> 
     </span>
    </p>
   </div>
   <div class='ocr_carea' id='block_1_49' title="bbox 2253 2604 3850 2683">
    <p class='ocr_par' dir='ltr' id='par_1_49' title="bbox 2338 2604 3850 2683">
     <span class='ocr_line' id='line_1_49' title="bbox 2338 2604 3850 2683; baseline -0.001 -20"><span class='ocrx_word' id='word_1_343' title='bbox 2338 2611 2439 2671; x_wconf 75' lang='grc' dir='ltr'><strong>τὰς</strong></span> <span class='ocrx_word' id='word_1_344' title='bbox 2467 2612 2898 2680; x_wconf 68' lang='grc' dir='ltr'><strong>πολιορκητικᾶς</strong></span> <span class='ocrx_word' id='word_1_345' title='bbox 2961 2611 3213 2681; x_wconf 76' lang='grc' dir='ltr'><strong>μηχανὰς</strong></span> <span class='ocrx_word' id='word_1_346' title='bbox 3246 2613 3384 2683; x_wconf 73' lang='grc' dir='ltr'><strong>πυρὶ</strong></span> <span class='ocrx_word' id='word_1_347' title='bbox 3412 2610 3710 2673; x_wconf 77' lang='grc' dir='ltr'><strong>δεδωκότες,</strong></span> <span class='ocrx_word' id='word_1_348' title='bbox 3752 2604 3850 2675; x_wconf 71' lang='grc' dir='ltr'><strong>πρὸς</strong></span> 
     </span>
    </p>
   </div>
   <div class='ocr_carea' id='block_1_50' title="bbox 655 2697 2252 2771">
    <p class='ocr_par' dir='ltr' id='par_1_50' title="bbox 655 2698 2236 2768">
     <span class='ocr_line' id='line_1_50' title="bbox 655 2698 2236 2768; baseline 0.004 -18"><span class='ocrx_word' id='word_1_349' title='bbox 655 2698 903 2751; x_wconf 83' lang='lat' dir='ltr'><strong>virorum</strong></span> <span class='ocrx_word' id='word_1_350' title='bbox 942 2700 1109 2752; x_wconf 87' lang='lat' dir='ltr'><strong>millia</strong></span> <span class='ocrx_word' id='word_1_351' title='bbox 1144 2700 1397 2767; x_wconf 89' lang='lat' dir='ltr'><strong>periisse.</strong></span> <span class='ocrx_word' id='word_1_352' title='bbox 1426 2699 1606 2767; x_wconf 83' lang='lat' dir='ltr'><strong>Atque</strong></span> <span class='ocrx_word' id='word_1_353' title='bbox 1645 2699 1751 2753; x_wconf 89' lang='lat' dir='ltr'><strong>hoc</strong></span> <span class='ocrx_word' id='word_1_354' title='bbox 1780 2700 1859 2753; x_wconf 91' lang='lat' dir='ltr'><strong>sic</strong></span> <span class='ocrx_word' id='word_1_355' title='bbox 1887 2699 2111 2768; x_wconf 85' lang='lat' dir='ltr'><strong>quidem</strong></span> <span class='ocrx_word' id='word_1_356' title='bbox 2149 2717 2236 2756; x_wconf 89' lang='lat' dir='ltr'><strong>ac-</strong></span> 
     </span>
    </p>
   </div>
   <div class='ocr_carea' id='block_1_51' title="bbox 2253 2697 3850 2771">
    <p class='ocr_par' dir='ltr' id='par_1_51' title="bbox 2339 2697 3850 2771">
     <span class='ocr_line' id='line_1_51' title="bbox 2339 2697 3850 2771; baseline -0.002 -20"><span class='ocrx_word' id='word_1_357' title='bbox 2339 2700 2464 2759; x_wconf 84' lang='grc' dir='ltr'><strong>τοὺς</strong></span> <span class='ocrx_word' id='word_1_358' title='bbox 2496 2700 2736 2763; x_wconf 79' lang='grc' dir='ltr'><strong>οἰκείους</strong></span> <span class='ocrx_word' id='word_1_359' title='bbox 2775 2702 2980 2764; x_wconf 73' lang='grc' dir='ltr'><strong>τόπους</strong></span> <span class='ocrx_word' id='word_1_360' title='bbox 3006 2701 3365 2771; x_wconf 79' lang='grc' dir='ltr'><strong>ἀνέστρεφον.</strong></span> <span class='ocrx_word' id='word_1_361' title='bbox 3405 2702 3548 2757; x_wconf 83' lang='grc' dir='ltr'><strong>Ἀλλ’</strong></span> <span class='ocrx_word' id='word_1_362' title='bbox 3573 2702 3745 2756; x_wconf 77' lang='grc' dir='ltr'><strong>ὁπόσαι</strong></span> <span class='ocrx_word' id='word_1_363' title='bbox 3781 2697 3850 2767; x_wconf 79' lang='grc' dir='ltr'><strong>μὲν</strong></span> 
     </span>
    </p>
   </div>
   <div class='ocr_carea' id='block_1_52' title="bbox 655 2788 2252 2863">
    <p class='ocr_par' dir='ltr' id='par_1_52' title="bbox 655 2790 2236 2861">
     <span class='ocr_line' id='line_1_52' title="bbox 655 2790 2236 2861; baseline 0.002 -17"><span class='ocrx_word' id='word_1_364' title='bbox 655 2791 813 2845; x_wconf 83' lang='lat' dir='ltr'><strong>cidit.</strong></span> <span class='ocrx_word' id='word_1_365' title='bbox 862 2791 1092 2843; x_wconf 78' lang='lat' dir='ltr'><strong>Romani</strong></span> <span class='ocrx_word' id='word_1_366' title='bbox 1147 2804 1315 2856; x_wconf 69' lang='lat' dir='ltr'><strong>vero,</strong></span> <span class='ocrx_word' id='word_1_367' title='bbox 1370 2790 1464 2858; x_wconf 90' lang='lat' dir='ltr'><strong>qui</strong></span> <span class='ocrx_word' id='word_1_368' title='bbox 1512 2790 1769 2845; x_wconf 79' lang='lat' dir='ltr'><strong>excitatis</strong></span> <span class='ocrx_word' id='word_1_369' title='bbox 1818 2794 2236 2861; x_wconf 78' lang='lat' dir='ltr'><strong>expugnatoriis</strong></span> 
     </span>
    </p>
   </div>
   <div class='ocr_carea' id='block_1_53' title="bbox 2254 2788 3851 2863">
    <p class='ocr_par' dir='ltr' id='par_1_53' title="bbox 2339 2788 3851 2863">
     <span class='ocr_line' id='line_1_53' title="bbox 2339 2788 3851 2863; baseline 0.005 -22"><span class='ocrx_word' id='word_1_370' title='bbox 2339 2788 2535 2842; x_wconf 75' lang='grc' dir='ltr'><strong>ἔπειτα</strong></span> <span class='ocrx_word' id='word_1_371' title='bbox 2571 2791 2842 2860; x_wconf 77' lang='grc' dir='ltr'><strong>συμεολαὶ</strong></span> <span class='ocrx_word' id='word_1_372' title='bbox 2877 2793 2953 2861; x_wconf 83' lang='grc' dir='ltr'><strong>τῷ</strong></span> <span class='ocrx_word' id='word_1_373' title='bbox 2981 2796 3123 2863; x_wconf 72' lang='grc' dir='ltr'><strong>μετά</strong></span> <span class='ocrx_word' id='word_1_374' title='bbox 3151 2794 3329 2847; x_wconf 80' lang='grc' dir='ltr'><strong>ταῦτα</strong></span> <span class='ocrx_word' id='word_1_375' title='bbox 3386 2795 3695 2863; x_wconf 77' lang='grc' dir='ltr'><strong>συνέϐησαν,</strong></span> <span class='ocrx_word' id='word_1_376' title='bbox 3743 2792 3851 2848; x_wconf 73' lang='grc' dir='ltr'><strong>ὅπως</strong></span> 
     </span>
    </p>
   </div>
   <div class='ocr_carea' id='block_1_54' title="bbox 655 2880 2252 2956">
    <p class='ocr_par' dir='ltr' id='par_1_54' title="bbox 655 2881 2236 2946">
     <span class='ocr_line' id='line_1_54' title="bbox 655 2881 2236 2946; baseline 0.002 -12"><span class='ocrx_word' id='word_1_377' title='bbox 655 2884 876 2935; x_wconf 87' lang='lat' dir='ltr'><strong>urbium</strong></span> <span class='ocrx_word' id='word_1_378' title='bbox 914 2882 1185 2936; x_wconf 85' lang='lat' dir='ltr'><strong>machinis</strong></span> <span class='ocrx_word' id='word_1_379' title='bbox 1223 2881 1458 2936; x_wconf 84' lang='lat' dir='ltr'><strong>Nisibim</strong></span> <span class='ocrx_word' id='word_1_380' title='bbox 1495 2882 1848 2946; x_wconf 79' lang='lat' dir='ltr'><strong>obsidebant,</strong></span> <span class='ocrx_word' id='word_1_381' title='bbox 1888 2899 2012 2937; x_wconf 80' lang='lat' dir='ltr'><strong>curn</strong></span> <span class='ocrx_word' id='word_1_382' title='bbox 2048 2884 2236 2938; x_wconf 65' lang='lat' dir='ltr'><strong>audi-5-</strong></span> 
     </span>
    </p>
   </div>
   <div class='ocr_carea' id='block_1_55' title="bbox 2255 2880 3852 2956">
    <p class='ocr_par' dir='ltr' id='par_1_55' title="bbox 2340 2880 3852 2956">
     <span class='ocr_line' id='line_1_55' title="bbox 2340 2880 3852 2956; baseline 0 -25"><span class='ocrx_word' id='word_1_383' title='bbox 2340 2896 2398 2931; x_wconf 88' lang='grc' dir='ltr'><strong>τε</strong></span> <span class='ocrx_word' id='word_1_384' title='bbox 2434 2881 2462 2932; x_wconf 88' lang='grc' dir='ltr'>ὁ</span> <span class='ocrx_word' id='word_1_385' title='bbox 2495 2880 2789 2949; x_wconf 73' lang='grc' dir='ltr'><strong>Ῥωμαίων</strong></span> <span class='ocrx_word' id='word_1_386' title='bbox 2818 2882 3008 2954; x_wconf 77' lang='grc' dir='ltr'><strong>ἕτερος</strong></span> <span class='ocrx_word' id='word_1_387' title='bbox 3044 2885 3357 2956; x_wconf 74' lang='grc' dir='ltr'><strong>στρατηγὸς</strong></span> <span class='ocrx_word' id='word_1_388' title='bbox 3390 2885 3708 2956; x_wconf 73' lang='grc' dir='ltr'><strong>’Δρεόόινδος</strong></span> <span class='ocrx_word' id='word_1_389' title='bbox 3734 2894 3852 2952; x_wconf 82' lang='grc' dir='ltr'><strong>μονο-</strong></span> 
     </span>
    </p>
   </div>
   <div class='ocr_carea' id='block_1_56' title="bbox 654 2972 2251 3047">
    <p class='ocr_par' dir='ltr' id='par_1_56' title="bbox 654 2976 2232 3045">
     <span class='ocr_line' id='line_1_56' title="bbox 654 2976 2232 3045; baseline 0 -13"><span class='ocrx_word' id='word_1_390' title='bbox 654 2987 799 3042; x_wconf 88' lang='lat' dir='ltr'><strong>sent,</strong></span> <span class='ocrx_word' id='word_1_391' title='bbox 831 2978 1050 3029; x_wconf 79' lang='lat' dir='ltr'><strong>Persam</strong></span> <span class='ocrx_word' id='word_1_392' title='bbox 1082 2992 1331 3045; x_wconf 87' lang='lat' dir='ltr'><strong>magnam</strong></span> <span class='ocrx_word' id='word_1_393' title='bbox 1362 2976 1787 3045; x_wconf 82' lang='lat' dir='ltr'><strong>elephantorum</strong></span> <span class='ocrx_word' id='word_1_394' title='bbox 1821 2977 2232 3032; x_wconf 86' lang='lat' dir='ltr'><strong>multitudinem</strong></span> 
     </span>
    </p>
   </div>
   <div class='ocr_carea' id='block_1_57' title="bbox 2255 2972 3852 3047">
    <p class='ocr_par' dir='ltr' id='par_1_57' title="bbox 2343 2972 3852 3047">
     <span class='ocr_line' id='line_1_57' title="bbox 2343 2972 3852 3047; baseline 0.002 -23"><span class='ocrx_word' id='word_1_395' title='bbox 2343 2972 2516 3042; x_wconf 77' lang='grc' dir='ltr'><strong>μαχίᾳ</strong></span> <span class='ocrx_word' id='word_1_396' title='bbox 2545 2972 2636 3025; x_wconf 78' lang='grc' dir='ltr'><strong>τὸν</strong></span> <span class='ocrx_word' id='word_1_397' title='bbox 2664 2976 2817 3043; x_wconf 82' lang='grc' dir='ltr'><strong>παρὰ</strong></span> <span class='ocrx_word' id='word_1_398' title='bbox 2851 2976 3091 3046; x_wconf 77' lang='grc' dir='ltr'><strong>Πέρσαις</strong></span> <span class='ocrx_word' id='word_1_399' title='bbox 3151 2978 3332 3031; x_wconf 82' lang='grc' dir='ltr'><strong>άνεῖλε</strong></span> <span class='ocrx_word' id='word_1_400' title='bbox 3390 2978 3722 3047; x_wconf 77' lang='grc' dir='ltr'><strong>νομιζόμενον</strong></span> <span class='ocrx_word' id='word_1_401' title='bbox 3764 2987 3852 3039; x_wconf 78' lang='grc' dir='ltr'><strong>γεν-</strong></span> 
     </span>
    </p>
   </div>
   <div class='ocr_carea' id='block_1_58' title="bbox 653 3061 2250 3141">
    <p class='ocr_par' dir='ltr' id='par_1_58' title="bbox 653 3071 2232 3138">
     <span class='ocr_line' id='line_1_58' title="bbox 653 3071 2232 3138; baseline 0.001 -15"><span class='ocrx_word' id='word_1_402' title='bbox 653 3071 953 3135; x_wconf 77' lang='lat' dir='ltr'><strong>addncere,</strong></span> <span class='ocrx_word' id='word_1_403' title='bbox 984 3078 1039 3122; x_wconf 89' lang='lat' dir='ltr'><strong>et</strong></span> <span class='ocrx_word' id='word_1_404' title='bbox 1066 3085 1127 3123; x_wconf 90' lang='lat' dir='ltr'><strong>ea</strong></span> <span class='ocrx_word' id='word_1_405' title='bbox 1160 3072 1227 3122; x_wconf 88' lang='lat' dir='ltr'><strong>de</strong></span> <span class='ocrx_word' id='word_1_406' title='bbox 1259 3085 1426 3124; x_wconf 90' lang='lat' dir='ltr'><strong>causa</strong></span> <span class='ocrx_word' id='word_1_407' title='bbox 1460 3079 1607 3123; x_wconf 88' lang='lat' dir='ltr'><strong>metu</strong></span> <span class='ocrx_word' id='word_1_408' title='bbox 1642 3071 1982 3124; x_wconf 82' lang='lat' dir='ltr'><strong>consternati</strong></span> <span class='ocrx_word' id='word_1_409' title='bbox 2024 3084 2232 3138; x_wconf 83' lang='lat' dir='ltr'><strong>essent,</strong></span> 
     </span>
    </p>
   </div>
   <div class='ocr_carea' id='block_1_59' title="bbox 2254 3061 3851 3141">
    <p class='ocr_par' dir='ltr' id='par_1_59' title="bbox 2339 3061 3851 3141">
     <span class='ocr_line' id='line_1_59' title="bbox 2339 3061 3851 3141; baseline 0.003 -27"><span class='ocrx_word' id='word_1_410' title='bbox 2339 3064 2642 3129; x_wconf 76' lang='grc' dir='ltr'><strong>ναιότατον,</strong></span> <span class='ocrx_word' id='word_1_411' title='bbox 2685 3063 2768 3119; x_wconf 72' lang='grc' dir='ltr'><strong>ἔτι</strong></span> <span class='ocrx_word' id='word_1_412' title='bbox 2792 3067 2853 3120; x_wconf 82' lang='grc' dir='ltr'><strong>δὲ</strong></span> <span class='ocrx_word' id='word_1_413' title='bbox 2884 3071 2979 3120; x_wconf 75' lang='grc' dir='ltr'><strong>καὶ</strong></span> <span class='ocrx_word' id='word_1_414' title='bbox 3013 3067 3091 3131; x_wconf 83' lang='grc' dir='ltr'><strong>ὡς</strong></span> <span class='ocrx_word' id='word_1_415' title='bbox 3157 3069 3544 3141; x_wconf 76' lang='grc' dir='ltr'><strong>Ἀρδασούριος</strong></span> <span class='ocrx_word' id='word_1_416' title='bbox 3586 3070 3702 3130; x_wconf 80' lang='grc' dir='ltr'><strong>τοὺς</strong></span> <span class='ocrx_word' id='word_1_417' title='bbox 3749 3061 3851 3118; x_wconf 72' lang='grc' dir='ltr'><strong>ἑπτὰ</strong></span> 
     </span>
    </p>
   </div>
   <div class='ocr_carea' id='block_1_60' title="bbox 652 3155 2249 3234">
    <p class='ocr_par' dir='ltr' id='par_1_60' title="bbox 652 3159 2232 3230">
     <span class='ocr_line' id='line_1_60' title="bbox 652 3159 2232 3230; baseline 0.001 -15"><span class='ocrx_word' id='word_1_418' title='bbox 652 3161 926 3215; x_wconf 87' lang='lat' dir='ltr'><strong>machinis</strong></span> <span class='ocrx_word' id='word_1_419' title='bbox 973 3159 1054 3214; x_wconf 88' lang='lat' dir='ltr'><strong>eis</strong></span> <span class='ocrx_word' id='word_1_420' title='bbox 1103 3161 1364 3214; x_wconf 89' lang='lat' dir='ltr'><strong>omnibus</strong></span> <span class='ocrx_word' id='word_1_421' title='bbox 1415 3160 1538 3230; x_wconf 84' lang='lat' dir='ltr'><strong>igne</strong></span> <span class='ocrx_word' id='word_1_422' title='bbox 1586 3162 1954 3229; x_wconf 85' lang='lat' dir='ltr'><strong>consumptis,</strong></span> <span class='ocrx_word' id='word_1_423' title='bbox 1995 3161 2064 3214; x_wconf 84' lang='lat' dir='ltr'><strong>ad</strong></span> <span class='ocrx_word' id='word_1_424' title='bbox 2113 3162 2232 3218; x_wconf 85' lang='lat' dir='ltr'><strong>loca</strong></span> 
     </span>
    </p>
   </div>
   <div class='ocr_carea' id='block_1_61' title="bbox 2254 3155 3851 3234">
    <p class='ocr_par' dir='ltr' id='par_1_61' title="bbox 2263 3155 3851 3234">
     <span class='ocr_line' id='line_1_61' title="bbox 2263 3155 3851 3234; baseline 0.01 -30"><span class='ocrx_word' id='word_1_425' title='bbox 2263 3213 2303 3234; x_wconf 56' lang='grc' dir='ltr'><strong><em>Λ</em></strong></span> <span class='ocrx_word' id='word_1_426' title='bbox 2338 3155 2450 3207; x_wconf 83' lang='grc' dir='ltr'><strong>τῶν</strong></span> <span class='ocrx_word' id='word_1_427' title='bbox 2484 3156 2710 3226; x_wconf 80' lang='grc' dir='ltr'><strong>Περσῶν</strong></span> <span class='ocrx_word' id='word_1_428' title='bbox 2740 3160 3083 3229; x_wconf 83' lang='grc' dir='ltr'><strong>στρατηγοὺς</strong></span> <span class='ocrx_word' id='word_1_429' title='bbox 3136 3161 3208 3214; x_wconf 85' lang='grc' dir='ltr'><strong>δι’</strong></span> <span class='ocrx_word' id='word_1_430' title='bbox 3248 3163 3477 3234; x_wconf 62' lang='grc' dir='ltr'><strong>ἐνέδρας</strong></span> <span class='ocrx_word' id='word_1_431' title='bbox 3534 3162 3660 3216; x_wconf 77' lang='grc' dir='ltr'><strong>ἑλὼν</strong></span> <span class='ocrx_word' id='word_1_432' title='bbox 3701 3156 3851 3219; x_wconf 60' lang='lat' dir='ltr'><strong>avent.</strong></span> 
     </span>
    </p>
   </div>
   <div class='ocr_carea' id='block_1_62' title="bbox 651 3213 2248 3319">
    <p class='ocr_par' dir='ltr' id='par_1_62' title="bbox 651 3248 2233 3318">
     <span class='ocr_line' id='line_1_62' title="bbox 651 3248 2233 3318; baseline 0 -15"><span class='ocrx_word' id='word_1_433' title='bbox 651 3267 749 3306; x_wconf 90' lang='lat' dir='ltr'><strong>sua</strong></span> <span class='ocrx_word' id='word_1_434' title='bbox 784 3258 913 3304; x_wconf 89' lang='lat' dir='ltr'><strong>sunt</strong></span> <span class='ocrx_word' id='word_1_435' title='bbox 946 3250 1180 3303; x_wconf 81' lang='lat' dir='ltr'><strong>reversi.</strong></span> <span class='ocrx_word' id='word_1_436' title='bbox 1215 3248 1489 3306; x_wconf 76' lang='lat' dir='ltr'><strong>Caeterum</strong></span> <span class='ocrx_word' id='word_1_437' title='bbox 1518 3259 1652 3318; x_wconf 90' lang='lat' dir='ltr'><strong>quot</strong></span> <span class='ocrx_word' id='word_1_438' title='bbox 1682 3258 1871 3317; x_wconf 83' lang='lat' dir='ltr'><strong>postea</strong></span> <span class='ocrx_word' id='word_1_439' title='bbox 1905 3249 2090 3318; x_wconf 72' lang='lat' dir='ltr'><strong>praelia</strong></span> <span class='ocrx_word' id='word_1_440' title='bbox 2123 3250 2233 3304; x_wconf 90' lang='lat' dir='ltr'><strong>sint</strong></span> 
     </span>
    </p>
   </div>
   <div class='ocr_carea' id='block_1_63' title="bbox 2255 3213 3852 3319">
    <p class='ocr_par' dir='ltr' id='par_1_63' title="bbox 2263 3213 3852 3319">
     <span class='ocr_line' id='line_1_63' title="bbox 2263 3213 3852 3319; baseline -0.001 -19"><span class='ocrx_word' id='word_1_441' title='bbox 2263 3213 2306 3268; x_wconf 77' lang='lat' dir='ltr'><strong><em>C</em></strong></span> <span class='ocrx_word' id='word_1_442' title='bbox 2337 3245 2476 3316; x_wconf 81' lang='grc' dir='ltr'><strong>πρὸς</strong></span> <span class='ocrx_word' id='word_1_443' title='bbox 2499 3213 2645 3319; x_wconf 50' lang='lat' dir='ltr'><strong>areu</strong></span> <span class='ocrx_word' id='word_1_444' title='bbox 2679 3213 2914 3314; x_wconf 68' lang='grc' dir='ltr'><strong>τούτοις,</strong></span> <span class='ocrx_word' id='word_1_445' title='bbox 2932 3213 3045 3306; x_wconf 45' lang='grc' dir='ltr'><strong>’καλ</strong></span> <span class='ocrx_word' id='word_1_446' title='bbox 3176 3213 3595 3318; x_wconf 37' lang='lat' dir='ltr'><strong>meridianis;</strong></span> <span class='ocrx_word' id='word_1_447' title='bbox 3617 3213 3852 3307; x_wconf 21' lang='lat' dir='ltr'><strong>HGsoaociou</strong></span> 
     </span>
    </p>
   </div>
   <div class='ocr_carea' id='block_1_64' title="bbox 651 3339 2248 3414">
    <p class='ocr_par' dir='ltr' id='par_1_64' title="bbox 651 3339 2235 3410">
     <span class='ocr_line' id='line_1_64' title="bbox 651 3339 2235 3410; baseline 0 -15"><span class='ocrx_word' id='word_1_448' title='bbox 651 3341 968 3408; x_wconf 84' lang='lat' dir='ltr'><strong>commissa,</strong></span> <span class='ocrx_word' id='word_1_449' title='bbox 996 3351 1051 3394; x_wconf 83' lang='lat' dir='ltr'><strong>et</strong></span> <span class='ocrx_word' id='word_1_450' title='bbox 1080 3340 1359 3410; x_wconf 87' lang='lat' dir='ltr'><strong>quomodo</strong></span> <span class='ocrx_word' id='word_1_451' title='bbox 1385 3342 1529 3395; x_wconf 88' lang='lat' dir='ltr'><strong>alius</strong></span> <span class='ocrx_word' id='word_1_452' title='bbox 1555 3340 1932 3395; x_wconf 82' lang='lat' dir='ltr'><strong>Romanorum</strong></span> <span class='ocrx_word' id='word_1_453' title='bbox 1961 3339 2071 3395; x_wconf 81' lang='lat' dir='ltr'><strong>dux</strong></span> <span class='ocrx_word' id='word_1_454' title='bbox 2096 3340 2235 3396; x_wconf 78' lang='lat' dir='ltr'><strong>Are-</strong></span> 
     </span>
    </p>
   </div>
   <div class='ocr_carea' id='block_1_65' title="bbox 2257 3339 3854 3414">
    <p class='ocr_par' dir='ltr' id='par_1_65' title="bbox 2338 3340 3854 3414">
     <span class='ocr_line' id='line_1_65' title="bbox 2338 3340 3854 3414; baseline 0.017 -26"><span class='ocrx_word' id='word_1_455' title='bbox 2338 3340 2646 3410; x_wconf 83' lang='grc' dir='ltr'><strong>στρατηγὸς</strong></span> <span class='ocrx_word' id='word_1_456' title='bbox 2677 3341 2889 3411; x_wconf 71' lang='grc' dir='ltr'><strong>ἀρίστῳ</strong></span> <span class='ocrx_word' id='word_1_457' title='bbox 2910 3344 3101 3414; x_wconf 72' lang='grc' dir='ltr'><strong>τρόπῳ</strong></span> <span class='ocrx_word' id='word_1_458' title='bbox 3127 3344 3255 3408; x_wconf 70' lang='grc' dir='ltr'><strong>τοὺς</strong></span> <span class='ocrx_word' id='word_1_459' title='bbox 3286 3346 3607 3408; x_wconf 66' lang='grc' dir='ltr'><strong>ιπιλοιτεως</strong></span> <span class='ocrx_word' id='word_1_460' title='bbox 3634 3342 3854 3410; x_wconf 63' lang='grc' dir='ltr'><strong>διέφθειρε</strong></span> 
     </span>
    </p>
   </div>
   <div class='ocr_carea' id='block_1_66' title="bbox 651 3427 2248 3509">
    <p class='ocr_par' dir='ltr' id='par_1_66' title="bbox 651 3432 2235 3503">
     <span class='ocr_line' id='line_1_66' title="bbox 651 3432 2235 3503; baseline 0.001 -17"><span class='ocrx_word' id='word_1_461' title='bbox 651 3433 895 3491; x_wconf 85' lang='lat' dir='ltr'><strong>obindus</strong></span> <span class='ocrx_word' id='word_1_462' title='bbox 928 3432 1195 3501; x_wconf 81' lang='lat' dir='ltr'><strong>singulari</strong></span> <span class='ocrx_word' id='word_1_463' title='bbox 1229 3433 1532 3487; x_wconf 86' lang='lat' dir='ltr'><strong>certamine</strong></span> <span class='ocrx_word' id='word_1_464' title='bbox 1566 3448 1694 3488; x_wconf 90' lang='lat' dir='ltr'><strong>eum</strong></span> <span class='ocrx_word' id='word_1_465' title='bbox 1733 3433 1830 3502; x_wconf 89' lang='lat' dir='ltr'><strong>qui</strong></span> <span class='ocrx_word' id='word_1_466' title='bbox 1865 3433 2012 3503; x_wconf 78' lang='lat' dir='ltr'><strong>apud</strong></span> <span class='ocrx_word' id='word_1_467' title='bbox 2041 3434 2235 3487; x_wconf 85' lang='lat' dir='ltr'><strong>Persas</strong></span> 
     </span>
    </p>
   </div>
   <div class='ocr_carea' id='block_1_67' title="bbox 2258 3427 3855 3509">
    <p class='ocr_par' dir='ltr' id='par_1_67' title="bbox 2335 3427 3855 3509">
     <span class='ocr_line' id='line_1_67' title="bbox 2335 3427 3855 3509; baseline 0.007 -29"><span class='ocrx_word' id='word_1_468' title='bbox 2335 3427 2444 3480; x_wconf 86' lang='grc' dir='ltr'><strong>τῶν</strong></span> <span class='ocrx_word' id='word_1_469' title='bbox 2464 3429 2825 3501; x_wconf 83' lang='grc' dir='ltr'><strong>Σαρακηνῶν,</strong></span> <span class='ocrx_word' id='word_1_470' title='bbox 2886 3435 3159 3504; x_wconf 76' lang='grc' dir='ltr'><strong>παρήσειν</strong></span> <span class='ocrx_word' id='word_1_471' title='bbox 3217 3436 3365 3490; x_wconf 82' lang='grc' dir='ltr'><strong>δοκῶ</strong></span> <span class='ocrx_word' id='word_1_472' title='bbox 3401 3455 3512 3509; x_wconf 87' lang='grc' dir='ltr'><strong>μοι,</strong></span> <span class='ocrx_word' id='word_1_473' title='bbox 3558 3438 3639 3491; x_wconf 75' lang='grc' dir='ltr'><strong>ἵνα</strong></span> <span class='ocrx_word' id='word_1_474' title='bbox 3686 3434 3750 3504; x_wconf 70' lang='grc' dir='ltr'><strong>μὴ</strong></span> <span class='ocrx_word' id='word_1_475' title='bbox 3787 3427 3855 3484; x_wconf 73' lang='grc' dir='ltr'><strong>τοῧ</strong></span> 
     </span>
    </p>
   </div>
   <div class='ocr_carea' id='block_1_68' title="bbox 649 3522 2246 3602">
    <p class='ocr_par' dir='ltr' id='par_1_68' title="bbox 649 3524 2235 3589">
     <span class='ocr_line' id='line_1_68' title="bbox 649 3524 2235 3589; baseline -0.001 -10"><span class='ocrx_word' id='word_1_476' title='bbox 649 3526 898 3579; x_wconf 84' lang='lat' dir='ltr'><strong>omnium</strong></span> <span class='ocrx_word' id='word_1_477' title='bbox 952 3524 1290 3580; x_wconf 77' lang='lat' dir='ltr'><strong>fortissimus</strong></span> <span class='ocrx_word' id='word_1_478' title='bbox 1343 3526 1564 3578; x_wconf 78' lang='lat' dir='ltr'><strong>habitus</strong></span> <span class='ocrx_word' id='word_1_479' title='bbox 1606 3533 1712 3589; x_wconf 89' lang='lat' dir='ltr'><strong>est,</strong></span> <span class='ocrx_word' id='word_1_480' title='bbox 1755 3525 2102 3579; x_wconf 89' lang='lat' dir='ltr'><strong>interemerit</strong></span> <span class='ocrx_word' id='word_1_481' title='bbox 2133 3542 2148 3579; x_wconf 88' lang='lat'><strong>:</strong></span> <span class='ocrx_word' id='word_1_482' title='bbox 2177 3535 2235 3578; x_wconf 90' lang='lat' dir='ltr'><strong>et</strong></span> 
     </span>
    </p>
   </div>
   <div class='ocr_carea' id='block_1_69' title="bbox 2259 3522 3856 3602">
    <p class='ocr_par' dir='ltr' id='par_1_69' title="bbox 2337 3522 3856 3602">
     <span class='ocr_line' id='line_1_69' title="bbox 2337 3522 3856 3602; baseline 0.005 -30"><span class='ocrx_word' id='word_1_483' title='bbox 2337 3522 2705 3591; x_wconf 80' lang='grc' dir='ltr'><strong>προκειμένου</strong></span> <span class='ocrx_word' id='word_1_484' title='bbox 2735 3525 2892 3589; x_wconf 66' lang='grc' dir='ltr'><strong>ἐκτὸς</strong></span> <span class='ocrx_word' id='word_1_485' title='bbox 2918 3530 3166 3595; x_wconf 84' lang='grc' dir='ltr'><strong>γένωμαι</strong></span> <span class='ocrx_word' id='word_1_486' title='bbox 3192 3543 3207 3560; x_wconf 75' lang='grc'><strong>⁸</strong></span> <span class='ocrx_word' id='word_1_487' title='bbox 3244 3531 3346 3584; x_wconf 75' lang='grc' dir='ltr'><strong>ὅσα</strong></span> <span class='ocrx_word' id='word_1_488' title='bbox 3382 3532 3566 3602; x_wconf 80' lang='grc' dir='ltr'><strong>μέντοι</strong></span> <span class='ocrx_word' id='word_1_489' title='bbox 3589 3530 3661 3600; x_wconf 77' lang='grc' dir='ltr'><strong>τῷ</strong></span> <span class='ocrx_word' id='word_1_490' title='bbox 3681 3527 3856 3594; x_wconf 78' lang='grc' dir='ltr'><strong>πολέμῳ</strong></span> 
     </span>
    </p>
   </div>
   <div class='ocr_carea' id='block_1_70' title="bbox 543 3615 2140 3691">
    <p class='ocr_par' dir='ltr' id='par_1_70' title="bbox 543 3616 2140 3686">
     <span class='ocr_line' id='line_1_70' title="bbox 543 3616 2140 3686; baseline -0.001 -13"><span class='ocrx_word' id='word_1_491' title='bbox 543 3665 551 3673; x_wconf 90' lang='grc'><strong>.</strong></span> <span class='ocrx_word' id='word_1_492' title='bbox 649 3618 929 3686; x_wconf 84' lang='lat' dir='ltr'><strong>quomodo</strong></span> <span class='ocrx_word' id='word_1_493' title='bbox 981 3616 1329 3670; x_wconf 83' lang='lat' dir='ltr'><strong>Ardaburius</strong></span> <span class='ocrx_word' id='word_1_494' title='bbox 1374 3626 1586 3685; x_wconf 87' lang='lat' dir='ltr'><strong>septem</strong></span> <span class='ocrx_word' id='word_1_495' title='bbox 1637 3616 1933 3672; x_wconf 76' lang='lat' dir='ltr'><strong>Persarum</strong></span> <span class='ocrx_word' id='word_1_496' title='bbox 1979 3619 2140 3672; x_wconf 88' lang='lat' dir='ltr'><strong>ducto</strong></span> 
     </span>
    </p>
   </div>
   <div class='ocr_carea' id='block_1_71' title="bbox 2261 3615 3858 3691">
    <p class='ocr_par' dir='ltr' id='par_1_71' title="bbox 2336 3615 3858 3691">
     <span class='ocr_line' id='line_1_71' title="bbox 2336 3615 3858 3691; baseline 0.004 -23"><span class='ocrx_word' id='word_1_497' title='bbox 2336 3615 2571 3682; x_wconf 79' lang='grc' dir='ltr'><strong>ἐγίνετο,</strong></span> <span class='ocrx_word' id='word_1_498' title='bbox 2610 3617 2807 3671; x_wconf 80' lang='grc' dir='ltr'><strong>θᾶττον</strong></span> <span class='ocrx_word' id='word_1_499' title='bbox 2835 3618 3097 3691; x_wconf 74' lang='grc' dir='ltr'><strong>ἐγνώριζε</strong></span> <span class='ocrx_word' id='word_1_500' title='bbox 3150 3620 3428 3691; x_wconf 72' lang='grc' dir='ltr'><strong>βασιλεὺς,</strong></span> <span class='ocrx_word' id='word_1_501' title='bbox 3478 3622 3742 3691; x_wconf 71' lang='grc' dir='ltr'><strong>Παλλαδίῳ</strong></span> <span class='ocrx_word' id='word_1_502' title='bbox 3779 3615 3858 3671; x_wconf 74' lang='grc' dir='ltr'><strong>τινὶ</strong></span> 
     </span>
    </p>
   </div>
   <div class='ocr_carea' id='block_1_72' title="bbox 650 3706 2247 3788">
    <p class='ocr_par' dir='ltr' id='par_1_72' title="bbox 650 3706 2229 3778">
     <span class='ocr_line' id='line_1_72' title="bbox 650 3706 2229 3778; baseline 0 -16"><span class='ocrx_word' id='word_1_503' title='bbox 650 3708 871 3762; x_wconf 83' lang='lat' dir='ltr'><strong>insidiis</strong></span> <span class='ocrx_word' id='word_1_504' title='bbox 929 3718 1194 3778; x_wconf 84' lang='lat' dir='ltr'><strong>exceptos</strong></span> <span class='ocrx_word' id='word_1_505' title='bbox 1239 3706 1565 3773; x_wconf 85' lang='lat' dir='ltr'><strong>trucidarit;</strong></span> <span class='ocrx_word' id='word_1_506' title='bbox 1612 3706 1801 3763; x_wconf 64' lang='lat' dir='ltr'><strong>adhaec</strong></span> <span class='ocrx_word' id='word_1_507' title='bbox 1854 3716 1915 3761; x_wconf 92' lang='lat' dir='ltr'><strong>ut</strong></span> <span class='ocrx_word' id='word_1_508' title='bbox 1959 3707 2229 3776; x_wconf 80' lang='lat' dir='ltr'><strong>Vitianus,</strong></span> 
     </span>
    </p>
   </div>
   <div class='ocr_carea' id='block_1_73' title="bbox 2261 3706 3858 3788">
    <p class='ocr_par' dir='ltr' id='par_1_73' title="bbox 2334 3706 3858 3788">
     <span class='ocr_line' id='line_1_73' title="bbox 2334 3706 3858 3788; baseline 0.008 -29"><span class='ocrx_word' id='word_1_509' title='bbox 2334 3706 2663 3779; x_wconf 86' lang='grc' dir='ltr'><strong>ταχυδρόμῳ</strong></span> <span class='ocrx_word' id='word_1_510' title='bbox 2696 3707 3003 3779; x_wconf 83' lang='grc' dir='ltr'><strong>χρώμενος,</strong></span> <span class='ocrx_word' id='word_1_511' title='bbox 3032 3712 3190 3784; x_wconf 76' lang='grc' dir='ltr'><strong>ἀνδρὶ</strong></span> <span class='ocrx_word' id='word_1_512' title='bbox 3209 3718 3447 3787; x_wconf 78' lang='grc' dir='ltr'><strong>γενναίῳ</strong></span> <span class='ocrx_word' id='word_1_513' title='bbox 3495 3715 3591 3788; x_wconf 69' lang='grc' dir='ltr'><strong>μὲν</strong></span> <span class='ocrx_word' id='word_1_514' title='bbox 3616 3714 3673 3767; x_wconf 77' lang='grc' dir='ltr'><strong>τὸ</strong></span> <span class='ocrx_word' id='word_1_515' title='bbox 3716 3711 3858 3779; x_wconf 72' lang='grc' dir='ltr'><strong>σῶμα,</strong></span> 
     </span>
    </p>
   </div>
   <div class='ocr_carea' id='block_1_74' title="bbox 653 3797 2250 3878">
    <p class='ocr_par' dir='ltr' id='par_1_74' title="bbox 653 3797 2231 3869">
     <span class='ocr_line' id='line_1_74' title="bbox 653 3797 2231 3869; baseline 0.001 -17"><span class='ocrx_word' id='word_1_516' title='bbox 653 3800 802 3853; x_wconf 88' lang='lat' dir='ltr'><strong>alius</strong></span> <span class='ocrx_word' id='word_1_517' title='bbox 826 3798 1121 3852; x_wconf 81' lang='lat' dir='ltr'><strong>Theodosii</strong></span> <span class='ocrx_word' id='word_1_518' title='bbox 1147 3797 1279 3862; x_wconf 82' lang='lat' dir='ltr'><strong>dux,</strong></span> <span class='ocrx_word' id='word_1_519' title='bbox 1304 3798 1569 3866; x_wconf 90' lang='lat' dir='ltr'><strong>reliquias</strong></span> <span class='ocrx_word' id='word_1_520' title='bbox 1593 3797 1999 3853; x_wconf 85' lang='lat' dir='ltr'><strong>Saracenorum</strong></span> <span class='ocrx_word' id='word_1_521' title='bbox 2024 3799 2231 3869; x_wconf 83' lang='lat' dir='ltr'><strong>Optime</strong></span> 
     </span>
    </p>
   </div>
   <div class='ocr_carea' id='block_1_75' title="bbox 2261 3797 3858 3878">
    <p class='ocr_par' dir='ltr' id='par_1_75' title="bbox 2333 3800 3858 3878">
     <span class='ocr_line' id='line_1_75' title="bbox 2333 3800 3858 3878; baseline 0.001 -24"><span class='ocrx_word' id='word_1_522' title='bbox 2333 3800 2685 3871; x_wconf 78' lang='grc' dir='ltr'><strong>άδαμαντίνῳ</strong></span> <span class='ocrx_word' id='word_1_523' title='bbox 2715 3802 2773 3857; x_wconf 81' lang='grc' dir='ltr'><strong>δὲ</strong></span> <span class='ocrx_word' id='word_1_524' title='bbox 2803 3804 2899 3856; x_wconf 79' lang='grc' dir='ltr'><strong>καὶ</strong></span> <span class='ocrx_word' id='word_1_525' title='bbox 2926 3804 3108 3875; x_wconf 73' lang='grc' dir='ltr'><strong>ψυχήν</strong></span> <span class='ocrx_word' id='word_1_526' title='bbox 3142 3822 3158 3838; x_wconf 88' lang='grc'>·</span> <span class='ocrx_word' id='word_1_527' title='bbox 3184 3805 3343 3871; x_wconf 78' lang='grc' dir='ltr'><strong>δςεις</strong></span> <span class='ocrx_word' id='word_1_528' title='bbox 3373 3811 3531 3863; x_wconf 86' lang='grc' dir='ltr'><strong>τόσον</strong></span> <span class='ocrx_word' id='word_1_529' title='bbox 3576 3806 3689 3878; x_wconf 83' lang='grc' dir='ltr'><strong>μεθ’</strong></span> <span class='ocrx_word' id='word_1_530' title='bbox 3723 3804 3858 3857; x_wconf 70' lang='lat' dir='ltr'><strong>imm</strong></span> 
     </span>
    </p>
   </div>
   <div class='ocr_carea' id='block_1_76' title="bbox 644 3889 2241 3970">
    <p class='ocr_par' dir='ltr' id='par_1_76' title="bbox 644 3889 2234 3958">
     <span class='ocr_line' id='line_1_76' title="bbox 644 3889 2234 3958; baseline 0.001 -15"><span class='ocrx_word' id='word_1_531' title='bbox 644 3890 1001 3953; x_wconf 79' lang='lat' dir='ltr'><strong>exstinxerit,</strong></span> <span class='ocrx_word' id='word_1_532' title='bbox 1036 3889 1574 3958; x_wconf 70' lang='lat' dir='ltr'><strong>praetern&#39;tittendum</strong></span> <span class='ocrx_word' id='word_1_533' title='bbox 1606 3903 1728 3943; x_wconf 86' lang='lat' dir='ltr'><strong>esse</strong></span> <span class='ocrx_word' id='word_1_534' title='bbox 1760 3904 1984 3956; x_wconf 86' lang='lat' dir='ltr'><strong>censeo,</strong></span> <span class='ocrx_word' id='word_1_535' title='bbox 2016 3905 2086 3946; x_wconf 88' lang='lat' dir='ltr'><strong>ne</strong></span> <span class='ocrx_word' id='word_1_536' title='bbox 2115 3892 2234 3946; x_wconf 88' lang='lat' dir='ltr'><strong>lon-</strong></span> 
     </span>
    </p>
   </div>
   <div class='ocr_carea' id='block_1_77' title="bbox 2262 3889 3859 3970">
    <p class='ocr_par' dir='ltr' id='par_1_77' title="bbox 2334 3890 3859 3970">
     <span class='ocr_line' id='line_1_77' title="bbox 2334 3890 3859 3970; baseline 0.004 -27"><span class='ocrx_word' id='word_1_537' title='bbox 2334 3890 2579 3946; x_wconf 72' lang='grc' dir='ltr'><strong>ὲλαύνων</strong></span> <span class='ocrx_word' id='word_1_538' title='bbox 2598 3893 2850 3965; x_wconf 74' lang='grc' dir='ltr'><strong>ἐφέρετο,</strong></span> <span class='ocrx_word' id='word_1_539' title='bbox 2874 3895 2952 3959; x_wconf 79' lang='grc' dir='ltr'><strong>ὡς</strong></span> <span class='ocrx_word' id='word_1_540' title='bbox 2982 3897 3041 3950; x_wconf 69' lang='grc' dir='ltr'><strong>ἐν</strong></span> <span class='ocrx_word' id='word_1_541' title='bbox 3077 3899 3259 3968; x_wconf 78' lang='grc' dir='ltr'><strong>τρισὶν</strong></span> <span class='ocrx_word' id='word_1_542' title='bbox 3285 3900 3530 3970; x_wconf 77' lang='grc' dir='ltr'><strong>ἡμέραις</strong></span> <span class='ocrx_word' id='word_1_543' title='bbox 3556 3900 3685 3969; x_wconf 76' lang='grc' dir='ltr'><strong>ταχὺ</strong></span> <span class='ocrx_word' id='word_1_544' title='bbox 3726 3907 3859 3949; x_wconf 68' lang='lat' dir='ltr'><strong>ma-</strong></span> 
     </span>
    </p>
   </div>
   <div class='ocr_carea' id='block_1_78' title="bbox 646 3979 2243 4060">
    <p class='ocr_par' dir='ltr' id='par_1_78' title="bbox 646 3979 2230 4051">
     <span class='ocr_line' id='line_1_78' title="bbox 646 3979 2230 4051; baseline 0.004 -20"><span class='ocrx_word' id='word_1_545' title='bbox 646 3982 775 4051; x_wconf 77' lang='lat' dir='ltr'><strong>gins</strong></span> <span class='ocrx_word' id='word_1_546' title='bbox 804 3991 960 4034; x_wconf 81' lang='lat' dir='ltr'><strong>extra</strong></span> <span class='ocrx_word' id='word_1_547' title='bbox 994 3979 1338 4051; x_wconf 89' lang='lat' dir='ltr'><strong>propositum</strong></span> <span class='ocrx_word' id='word_1_548' title='bbox 1375 3979 1676 4049; x_wconf 88' lang='lat' dir='ltr'><strong>digrediar.</strong></span> <span class='ocrx_word' id='word_1_549' title='bbox 1715 3979 2014 4051; x_wconf 86' lang='lat' dir='ltr'><strong>Imperator</strong></span> <span class='ocrx_word' id='word_1_550' title='bbox 2049 3983 2230 4038; x_wconf 86' lang='lat' dir='ltr'><strong>Theo-</strong></span> 
     </span>
    </p>
   </div>
   <div class='ocr_carea' id='block_1_79' title="bbox 2262 3979 3859 4060">
    <p class='ocr_par' dir='ltr' id='par_1_79' title="bbox 2333 3984 3859 4060">
     <span class='ocr_line' id='line_1_79' title="bbox 2333 3984 3859 4060; baseline 0.001 -22"><span class='ocrx_word' id='word_1_551' title='bbox 2333 3985 2632 4056; x_wconf 77' lang='grc' dir='ltr'><strong>λαμϐάνειν</strong></span> <span class='ocrx_word' id='word_1_552' title='bbox 2671 3988 2801 4052; x_wconf 82' lang='grc' dir='ltr'><strong>τοὺς</strong></span> <span class='ocrx_word' id='word_1_553' title='bbox 2845 3988 3028 4059; x_wconf 81' lang='grc' dir='ltr'><strong>ὄρους,</strong></span> <span class='ocrx_word' id='word_1_554' title='bbox 3063 3990 3113 4043; x_wconf 83' lang='grc' dir='ltr'><strong>οἳ</strong></span> <span class='ocrx_word' id='word_1_555' title='bbox 3146 3990 3352 4060; x_wconf 74' lang='grc' dir='ltr'><strong>μεταξὺ</strong></span> <span class='ocrx_word' id='word_1_556' title='bbox 3397 3991 3617 4060; x_wconf 82' lang='grc' dir='ltr'><strong>Περσῶν</strong></span> <span class='ocrx_word' id='word_1_557' title='bbox 3649 3988 3731 4042; x_wconf 79' lang='grc' dir='ltr'><strong>καὶ</strong></span> <span class='ocrx_word' id='word_1_558' title='bbox 3753 3984 3859 4040; x_wconf 80' lang='grc' dir='ltr'><strong>Ῥω-</strong></span> 
     </span>
    </p>
   </div>
   <div class='ocr_carea' id='block_1_80' title="bbox 645 4071 2242 4158">
    <p class='ocr_par' dir='ltr' id='par_1_80' title="bbox 645 4071 2231 4144">
     <span class='ocr_line' id='line_1_80' title="bbox 645 4071 2231 4144; baseline 0.003 -20"><span class='ocrx_word' id='word_1_559' title='bbox 645 4071 843 4125; x_wconf 84' lang='lat' dir='ltr'><strong>dosius</strong></span> <span class='ocrx_word' id='word_1_560' title='bbox 893 4087 979 4125; x_wconf 90' lang='lat' dir='ltr'><strong>res</strong></span> <span class='ocrx_word' id='word_1_561' title='bbox 1037 4072 1088 4125; x_wconf 93' lang='lat' dir='ltr'><strong>in</strong></span> <span class='ocrx_word' id='word_1_562' title='bbox 1139 4086 1206 4126; x_wconf 93' lang='lat' dir='ltr'><strong>eo</strong></span> <span class='ocrx_word' id='word_1_563' title='bbox 1255 4071 1405 4128; x_wconf 91' lang='lat' dir='ltr'><strong>bello</strong></span> <span class='ocrx_word' id='word_1_564' title='bbox 1454 4080 1655 4141; x_wconf 77' lang='lat' dir='ltr'><strong>gestas,</strong></span> <span class='ocrx_word' id='word_1_565' title='bbox 1698 4072 1943 4128; x_wconf 87' lang='lat' dir='ltr'><strong>Palladio</strong></span> <span class='ocrx_word' id='word_1_566' title='bbox 1992 4076 2231 4144; x_wconf 86' lang='lat' dir='ltr'><strong>quodam</strong></span> 
     </span>
    </p>
   </div>
   <div class='ocr_carea' id='block_1_81' title="bbox 2262 4071 3859 4158">
    <p class='ocr_par' dir='ltr' id='par_1_81' title="bbox 2336 4076 3859 4158">
     <span class='ocr_line' id='line_1_81' title="bbox 2336 4076 3859 4158; baseline 0.001 -26"><span class='ocrx_word' id='word_1_567' title='bbox 2336 4082 2517 4152; x_wconf 84' lang='grc' dir='ltr'><strong>μαίων</strong></span> <span class='ocrx_word' id='word_1_568' title='bbox 2543 4076 2686 4153; x_wconf 77' lang='grc' dir='ltr'><strong>ἦσαν</strong></span> <span class='ocrx_word' id='word_1_569' title='bbox 2702 4099 2716 4114; x_wconf 75' lang='grc' dir='ltr'><strong><em>ο</em></strong></span> <span class='ocrx_word' id='word_1_570' title='bbox 2738 4084 2932 4139; x_wconf 72' lang='grc' dir='ltr'><strong>ἔπειτα</strong></span> <span class='ocrx_word' id='word_1_571' title='bbox 2950 4086 3006 4139; x_wconf 78' lang='grc' dir='ltr'><strong>δὲ</strong></span> <span class='ocrx_word' id='word_1_572' title='bbox 3028 4087 3353 4158; x_wconf 75' lang='grc' dir='ltr'><strong>ἰσαρίθμους</strong></span> <span class='ocrx_word' id='word_1_573' title='bbox 3373 4089 3713 4142; x_wconf 78' lang='grc' dir='ltr'><strong>ἀναλίσκοντα</strong></span> <span class='ocrx_word' id='word_1_574' title='bbox 3733 4080 3859 4134; x_wconf 69' lang='grc' dir='ltr'><strong>πάλιν</strong></span> 
     </span>
    </p>
   </div>
   <div class='ocr_carea' id='block_1_82' title="bbox 650 4161 2247 4252">
    <p class='ocr_par' dir='ltr' id='par_1_82' title="bbox 650 4161 2232 4233">
     <span class='ocr_line' id='line_1_82' title="bbox 650 4161 2232 4233; baseline 0.003 -18"><span class='ocrx_word' id='word_1_575' title='bbox 650 4178 877 4215; x_wconf 87' lang='lat' dir='ltr'><strong>cursore</strong></span> <span class='ocrx_word' id='word_1_576' title='bbox 910 4161 1079 4217; x_wconf 88' lang='lat' dir='ltr'><strong>celeri</strong></span> <span class='ocrx_word' id='word_1_577' title='bbox 1118 4177 1271 4227; x_wconf 86' lang='lat' dir='ltr'><strong>usus,</strong></span> <span class='ocrx_word' id='word_1_578' title='bbox 1304 4162 1714 4231; x_wconf 87' lang='lat' dir='ltr'><strong>quamprimum</strong></span> <span class='ocrx_word' id='word_1_579' title='bbox 1748 4165 2025 4233; x_wconf 79' lang='lat' dir='ltr'><strong>cognovit.</strong></span> <span class='ocrx_word' id='word_1_580' title='bbox 2056 4164 2150 4221; x_wconf 82' lang='lat' dir='ltr'><strong>Vir</strong></span> <span class='ocrx_word' id='word_1_581' title='bbox 2184 4165 2232 4219; x_wconf 90' lang='lat' dir='ltr'><strong>is</strong></span> 
     </span>
    </p>
   </div>
   <div class='ocr_carea' id='block_1_83' title="bbox 2262 4161 3859 4252">
    <p class='ocr_par' dir='ltr' id='par_1_83' title="bbox 2332 4173 3859 4252">
     <span class='ocr_line' id='line_1_83' title="bbox 2332 4173 3859 4252; baseline 0.009 -26"><span class='ocrx_word' id='word_1_582' title='bbox 2332 4173 2426 4226; x_wconf 70' lang='grc' dir='ltr'><strong>ἐπὶ</strong></span> <span class='ocrx_word' id='word_1_583' title='bbox 2455 4175 2556 4244; x_wconf 77' lang='grc' dir='ltr'><strong>τὴν</strong></span> <span class='ocrx_word' id='word_1_584' title='bbox 2580 4178 3000 4231; x_wconf 83' lang='grc' dir='ltr'><strong>Κωνσταντίνου</strong></span> <span class='ocrx_word' id='word_1_585' title='bbox 3036 4180 3425 4251; x_wconf 82' lang='grc' dir='ltr'><strong>ὑποστρέφειν.</strong></span> <span class='ocrx_word' id='word_1_586' title='bbox 3456 4183 3531 4252; x_wconf 76' lang='grc' dir='ltr'>Τῇ</span> <span class='ocrx_word' id='word_1_587' title='bbox 3556 4181 3613 4235; x_wconf 74' lang='grc' dir='ltr'><strong>δὲ</strong></span> <span class='ocrx_word' id='word_1_588' title='bbox 3639 4173 3859 4246; x_wconf 71' lang='grc' dir='ltr'><strong>ταχυτῆτι</strong></span> 
     </span>
    </p>
   </div>
   <div class='ocr_carea' id='block_1_84' title="bbox 645 4255 2242 4341">
    <p class='ocr_par' dir='ltr' id='par_1_84' title="bbox 645 4255 2231 4325">
     <span class='ocr_line' id='line_1_84' title="bbox 645 4255 2231 4325; baseline -0.001 -13"><span class='ocrx_word' id='word_1_589' title='bbox 645 4272 779 4312; x_wconf 86' lang='lat' dir='ltr'><strong>cum</strong></span> <span class='ocrx_word' id='word_1_590' title='bbox 828 4271 1060 4325; x_wconf 84' lang='lat' dir='ltr'><strong>corpore</strong></span> <span class='ocrx_word' id='word_1_591' title='bbox 1105 4256 1402 4320; x_wconf 87' lang='lat' dir='ltr'><strong>robustus,</strong></span> <span class='ocrx_word' id='word_1_592' title='bbox 1450 4264 1563 4309; x_wconf 87' lang='lat' dir='ltr'><strong>tum</strong></span> <span class='ocrx_word' id='word_1_593' title='bbox 1614 4255 1799 4311; x_wconf 91' lang='lat' dir='ltr'><strong>animo</strong></span> <span class='ocrx_word' id='word_1_594' title='bbox 1842 4258 2231 4313; x_wconf 84' lang='lat' dir='ltr'><strong>adamantinus</strong></span> 
     </span>
    </p>
   </div>
   <div class='ocr_carea' id='block_1_85' title="bbox 2263 4255 3860 4341">
    <p class='ocr_par' dir='ltr' id='par_1_85' title="bbox 2330 4262 3860 4341">
     <span class='ocr_line' id='line_1_85' title="bbox 2330 4262 3860 4341; baseline -0.014 -7"><span class='ocrx_word' id='word_1_595' title='bbox 2330 4264 2613 4335; x_wconf 81' lang='grc' dir='ltr'><strong>χρώμενος</strong></span> <span class='ocrx_word' id='word_1_596' title='bbox 2631 4269 2692 4321; x_wconf 77' lang='grc' dir='ltr'><strong>οὐ</strong></span> <span class='ocrx_word' id='word_1_597' title='bbox 2714 4269 2877 4337; x_wconf 82' lang='grc' dir='ltr'><strong>μόνον</strong></span> <span class='ocrx_word' id='word_1_598' title='bbox 2897 4272 2978 4334; x_wconf 78' lang='grc' dir='ltr'><strong>εις</strong></span> <span class='ocrx_word' id='word_1_599' title='bbox 2997 4270 3223 4341; x_wconf 84' lang='grc' dir='ltr'><strong>Περσῶν</strong></span> <span class='ocrx_word' id='word_1_600' title='bbox 3237 4273 3385 4340; x_wconf 84' lang='grc' dir='ltr'><strong>ὅρια,</strong></span> <span class='ocrx_word' id='word_1_601' title='bbox 3404 4272 3537 4326; x_wconf 79' lang='grc' dir='ltr'><strong>ἀλλὰ</strong></span> <span class='ocrx_word' id='word_1_602' title='bbox 3553 4271 3641 4324; x_wconf 78' lang='grc' dir='ltr'><strong>και</strong></span> <span class='ocrx_word' id='word_1_603' title='bbox 3659 4269 3717 4322; x_wconf 73' lang='grc' dir='ltr'><strong>τὰ</strong></span> <span class='ocrx_word' id='word_1_604' title='bbox 3731 4262 3860 4317; x_wconf 74' lang='grc' dir='ltr'><strong>λοιτά</strong></span> 
     </span>
    </p>
   </div>
   <div class='ocr_carea' id='block_1_86' title="bbox 646 4347 2243 4432">
    <p class='ocr_par' dir='ltr' id='par_1_86' title="bbox 646 4347 2224 4417">
     <span class='ocr_line' id='line_1_86' title="bbox 646 4347 2224 4417; baseline 0.001 -15"><span class='ocrx_word' id='word_1_605' title='bbox 646 4349 754 4402; x_wconf 67' lang='lat' dir='ltr'><strong>fuit</strong></span> <span class='ocrx_word' id='word_1_606' title='bbox 785 4366 798 4401; x_wconf 91' lang='lat'><strong>:</strong></span> <span class='ocrx_word' id='word_1_607' title='bbox 830 4349 923 4416; x_wconf 80' lang='lat' dir='ltr'><strong>qui</strong></span> <span class='ocrx_word' id='word_1_608' title='bbox 955 4356 1104 4401; x_wconf 91' lang='lat' dir='ltr'><strong>tanta</strong></span> <span class='ocrx_word' id='word_1_609' title='bbox 1135 4347 1418 4401; x_wconf 78' lang='lat' dir='ltr'><strong>celeritate</strong></span> <span class='ocrx_word' id='word_1_610' title='bbox 1450 4363 1594 4417; x_wconf 88' lang='lat' dir='ltr'><strong>equo</strong></span> <span class='ocrx_word' id='word_1_611' title='bbox 1626 4348 1870 4403; x_wconf 89' lang='lat' dir='ltr'><strong>insidens</strong></span> <span class='ocrx_word' id='word_1_612' title='bbox 1904 4362 2092 4403; x_wconf 82' lang='lat' dir='ltr'><strong>vecws</strong></span> <span class='ocrx_word' id='word_1_613' title='bbox 2119 4357 2224 4415; x_wconf 91' lang='lat' dir='ltr'><strong>est,</strong></span> 
     </span>
    </p>
   </div>
   <div class='ocr_carea' id='block_1_87' title="bbox 2262 4347 3859 4432">
    <p class='ocr_par' dir='ltr' id='par_1_87' title="bbox 2330 4355 3859 4432">
     <span class='ocr_line' id='line_1_87' title="bbox 2330 4355 3859 4432; baseline -0.004 -14"><span class='ocrx_word' id='word_1_614' title='bbox 2330 4355 2432 4423; x_wconf 80' lang='grc' dir='ltr'><strong>τῆς</strong></span> <span class='ocrx_word' id='word_1_615' title='bbox 2479 4358 2806 4428; x_wconf 85' lang='grc' dir='ltr'><strong>οἰκουμένης</strong></span> <span class='ocrx_word' id='word_1_616' title='bbox 2840 4361 3112 4431; x_wconf 84' lang='grc' dir='ltr'><strong>τμήματα</strong></span> <span class='ocrx_word' id='word_1_617' title='bbox 3135 4400 3152 4426; x_wconf 91' lang='grc'><strong>,</strong></span> <span class='ocrx_word' id='word_1_618' title='bbox 3200 4365 3411 4432; x_wconf 72' lang='grc' dir='ltr'><strong>ταχέως</strong></span> <span class='ocrx_word' id='word_1_619' title='bbox 3443 4362 3712 4421; x_wconf 69' lang='grc' dir='ltr'><strong>διίπτατο,</strong></span> <span class='ocrx_word' id='word_1_620' title='bbox 3754 4357 3859 4408; x_wconf 73' lang='grc' dir='ltr'><strong>ὅπου</strong></span> 
     </span>
    </p>
   </div>
   <div class='ocr_carea' id='block_1_88' title="bbox 650 4439 2247 4519">
    <p class='ocr_par' dir='ltr' id='par_1_88' title="bbox 650 4439 2230 4509">
     <span class='ocr_line' id='line_1_88' title="bbox 650 4439 2230 4509; baseline 0.002 -17"><span class='ocrx_word' id='word_1_621' title='bbox 650 4451 714 4492; x_wconf 81' lang='lat' dir='ltr'><strong>ut</strong></span> <span class='ocrx_word' id='word_1_622' title='bbox 752 4440 949 4493; x_wconf 81' lang='lat' dir='ltr'><strong>diebus</strong></span> <span class='ocrx_word' id='word_1_623' title='bbox 994 4440 1172 4492; x_wconf 88' lang='lat' dir='ltr'><strong>tribus</strong></span> <span class='ocrx_word' id='word_1_624' title='bbox 1219 4439 1276 4493; x_wconf 89' lang='lat' dir='ltr'><strong>in</strong></span> <span class='ocrx_word' id='word_1_625' title='bbox 1329 4440 1486 4504; x_wconf 78' lang='lat' dir='ltr'><strong>lines,</strong></span> <span class='ocrx_word' id='word_1_626' title='bbox 1520 4441 1617 4509; x_wconf 86' lang='lat' dir='ltr'><strong>qui</strong></span> <span class='ocrx_word' id='word_1_627' title='bbox 1654 4440 1818 4495; x_wconf 88' lang='lat' dir='ltr'><strong>medii</strong></span> <span class='ocrx_word' id='word_1_628' title='bbox 1856 4441 2004 4495; x_wconf 89' lang='lat' dir='ltr'><strong>inter</strong></span> <span class='ocrx_word' id='word_1_629' title='bbox 2034 4441 2230 4495; x_wconf 83' lang='lat' dir='ltr'><strong>Persas</strong></span> 
     </span>
    </p>
   </div>
   <div class='ocr_carea' id='block_1_89' title="bbox 2263 4439 3860 4519">
    <p class='ocr_par' dir='ltr' id='par_1_89' title="bbox 2330 4445 3860 4519">
     <span class='ocr_line' id='line_1_89' title="bbox 2330 4445 3860 4519; baseline -0.003 -18"><span class='ocrx_word' id='word_1_630' title='bbox 2330 4447 2376 4501; x_wconf 86' lang='grc' dir='ltr'><strong>δ’</strong></span> <span class='ocrx_word' id='word_1_631' title='bbox 2399 4448 2465 4501; x_wconf 82' lang='grc' dir='ltr'><strong>ἂν</strong></span> <span class='ocrx_word' id='word_1_632' title='bbox 2499 4450 2527 4501; x_wconf 87' lang='grc' dir='ltr'><strong>ό</strong></span> <span class='ocrx_word' id='word_1_633' title='bbox 2560 4450 2782 4519; x_wconf 87' lang='grc' dir='ltr'><strong>κρατῶν</strong></span> <span class='ocrx_word' id='word_1_634' title='bbox 2811 4451 3208 4517; x_wconf 82' lang='grc' dir='ltr'><strong>ἐξαπέστελλεν</strong></span> <span class='ocrx_word' id='word_1_635' title='bbox 3234 4470 3249 4484; x_wconf 87' lang='grc'><strong>·</strong></span> <span class='ocrx_word' id='word_1_636' title='bbox 3280 4457 3356 4517; x_wconf 48' lang='grc' dir='ltr'><strong>ιῖις</strong></span> <span class='ocrx_word' id='word_1_637' title='bbox 3384 4454 3479 4508; x_wconf 81' lang='grc' dir='ltr'><strong>καί</strong></span> <span class='ocrx_word' id='word_1_638' title='bbox 3506 4454 3629 4507; x_wconf 84' lang='grc' dir='ltr'><strong>ποτέ</strong></span> <span class='ocrx_word' id='word_1_639' title='bbox 3645 4467 3753 4505; x_wconf 72' lang='grc' dir='ltr'><strong>τινα</strong></span> <span class='ocrx_word' id='word_1_640' title='bbox 3777 4445 3860 4498; x_wconf 81' lang='grc' dir='ltr'><strong>τῶν</strong></span> 
     </span>
    </p>
   </div>
   <div class='ocr_carea' id='block_1_90' title="bbox 647 4532 2244 4615">
    <p class='ocr_par' dir='ltr' id='par_1_90' title="bbox 647 4532 2228 4601">
     <span class='ocr_line' id='line_1_90' title="bbox 647 4532 2228 4601; baseline 0 -17"><span class='ocrx_word' id='word_1_641' title='bbox 647 4543 709 4585; x_wconf 83' lang='lat' dir='ltr'><strong>et</strong></span> <span class='ocrx_word' id='word_1_642' title='bbox 751 4532 1028 4583; x_wconf 68' lang='lat' dir='ltr'><strong>ltomanos</strong></span> <span class='ocrx_word' id='word_1_643' title='bbox 1067 4539 1218 4595; x_wconf 88' lang='lat' dir='ltr'><strong>sunt,</strong></span> <span class='ocrx_word' id='word_1_644' title='bbox 1270 4532 1607 4600; x_wconf 86' lang='lat' dir='ltr'><strong>pervenerit,</strong></span> <span class='ocrx_word' id='word_1_645' title='bbox 1658 4533 1999 4600; x_wconf 89' lang='lat' dir='ltr'><strong>totidemque</strong></span> <span class='ocrx_word' id='word_1_646' title='bbox 2040 4542 2228 4601; x_wconf 86' lang='lat' dir='ltr'><strong>postea</strong></span> 
     </span>
    </p>
   </div>
   <div class='ocr_carea' id='block_1_91' title="bbox 2262 4532 3859 4615">
    <p class='ocr_par' dir='ltr' id='par_1_91' title="bbox 2262 4535 3859 4615">
     <span class='ocr_line' id='line_1_91' title="bbox 2262 4535 3859 4615; baseline -0.014 -4"><span class='ocrx_word' id='word_1_647' title='bbox 2262 4553 2306 4610; x_wconf 78' lang='grc' dir='ltr'><strong><em>υ</em></strong></span> <span class='ocrx_word' id='word_1_648' title='bbox 2333 4540 2639 4611; x_wconf 64' lang='grc' dir='ltr'><strong>ἐλλογίμων</strong></span> <span class='ocrx_word' id='word_1_649' title='bbox 2677 4543 2889 4613; x_wconf 79' lang='grc' dir='ltr'><strong>σφόδρα</strong></span> <span class='ocrx_word' id='word_1_650' title='bbox 2916 4546 2978 4596; x_wconf 74' lang='grc' dir='ltr'><strong>τὸ</strong></span> <span class='ocrx_word' id='word_1_651' title='bbox 3000 4544 3167 4615; x_wconf 82' lang='grc' dir='ltr'><strong>τάχος</strong></span> <span class='ocrx_word' id='word_1_652' title='bbox 3200 4546 3548 4615; x_wconf 76' lang='grc' dir='ltr'><strong>θαυμάζοντα</strong></span> <span class='ocrx_word' id='word_1_653' title='bbox 3578 4544 3698 4613; x_wconf 80' lang='grc' dir='ltr'><strong>περὶ</strong></span> <span class='ocrx_word' id='word_1_654' title='bbox 3730 4535 3859 4594; x_wconf 69' lang='grc' dir='ltr'><strong>αὐτώ</strong></span> 
     </span>
    </p>
   </div>
   <div class='ocr_carea' id='block_1_92' title="bbox 648 4620 2245 4705">
    <p class='ocr_par' dir='ltr' id='par_1_92' title="bbox 648 4620 2229 4689">
     <span class='ocr_line' id='line_1_92' title="bbox 648 4620 2229 4689; baseline 0.001 -16"><span class='ocrx_word' id='word_1_655' title='bbox 648 4621 851 4675; x_wconf 64' lang='lat' dir='ltr'><strong>dir-bus</strong></span> <span class='ocrx_word' id='word_1_656' title='bbox 905 4620 1444 4689; x_wconf 86' lang='lat' dir='ltr'><strong>Constantinopolim</strong></span> <span class='ocrx_word' id='word_1_657' title='bbox 1501 4638 1761 4678; x_wconf 85' lang='lat' dir='ltr'><strong>reversus</strong></span> <span class='ocrx_word' id='word_1_658' title='bbox 1820 4622 1913 4677; x_wconf 90' lang='lat' dir='ltr'><strong>sit.</strong></span> <span class='ocrx_word' id='word_1_659' title='bbox 1970 4621 2052 4676; x_wconf 93' lang='lat' dir='ltr'><strong>0b</strong></span> <span class='ocrx_word' id='word_1_660' title='bbox 2108 4638 2229 4676; x_wconf 89' lang='lat' dir='ltr'><strong>eam</strong></span> 
     </span>
    </p>
   </div>
   <div class='ocr_carea' id='block_1_93' title="bbox 2264 4620 3861 4705">
    <p class='ocr_par' dir='ltr' id='par_1_93' title="bbox 2337 4627 3861 4705">
     <span class='ocr_line' id='line_1_93' title="bbox 2337 4627 3861 4705; baseline 0.001 -20"><span class='ocrx_word' id='word_1_661' title='bbox 2337 4631 2521 4699; x_wconf 71' lang='grc' dir='ltr'><strong>φάναι,</strong></span> <span class='ocrx_word' id='word_1_662' title='bbox 2548 4633 2623 4694; x_wconf 84' lang='grc' dir='ltr'><strong>ὡς</strong></span> <span class='ocrx_word' id='word_1_663' title='bbox 2663 4633 2721 4687; x_wconf 81' lang='grc'><strong>’0</strong></span> <span class='ocrx_word' id='word_1_664' title='bbox 2748 4634 2887 4703; x_wconf 77' lang='grc' dir='ltr'><strong>ἀνὴρ</strong></span> <span class='ocrx_word' id='word_1_665' title='bbox 2920 4627 3075 4697; x_wconf 79' lang='grc' dir='ltr'><strong>οὗτος</strong></span> <span class='ocrx_word' id='word_1_666' title='bbox 3098 4636 3347 4703; x_wconf 82' lang='grc' dir='ltr'><strong>μεγάλην</strong></span> <span class='ocrx_word' id='word_1_667' title='bbox 3386 4637 3553 4690; x_wconf 74' lang='grc' dir='ltr'><strong>οὖσαν</strong></span> <span class='ocrx_word' id='word_1_668' title='bbox 3605 4637 3697 4705; x_wconf 75' lang='grc' dir='ltr'><strong>τὴν</strong></span> <span class='ocrx_word' id='word_1_669' title='bbox 3755 4629 3861 4681; x_wconf 85' lang='grc' dir='ltr'><strong>Ῥω-</strong></span> 
     </span>
    </p>
   </div>
   <div class='ocr_carea' id='block_1_94' title="bbox 651 4713 2248 4797">
    <p class='ocr_par' dir='ltr' id='par_1_94' title="bbox 651 4713 2229 4778">
     <span class='ocr_line' id='line_1_94' title="bbox 651 4713 2229 4778; baseline 0.002 -14"><span class='ocrx_word' id='word_1_670' title='bbox 651 4729 790 4766; x_wconf 75' lang='lat' dir='ltr'><strong>vero</strong></span> <span class='ocrx_word' id='word_1_671' title='bbox 827 4713 1189 4778; x_wconf 79' lang='lat' dir='ltr'><strong>celeritatem,</strong></span> <span class='ocrx_word' id='word_1_672' title='bbox 1225 4729 1335 4767; x_wconf 89' lang='lat' dir='ltr'><strong>non</strong></span> <span class='ocrx_word' id='word_1_673' title='bbox 1372 4714 1439 4767; x_wconf 90' lang='lat' dir='ltr'><strong>ad</strong></span> <span class='ocrx_word' id='word_1_674' title='bbox 1477 4714 1769 4769; x_wconf 84' lang='lat' dir='ltr'><strong>Persarum</strong></span> <span class='ocrx_word' id='word_1_675' title='bbox 1820 4715 1955 4768; x_wconf 89' lang='lat' dir='ltr'><strong>lines</strong></span> <span class='ocrx_word' id='word_1_676' title='bbox 1995 4723 2229 4777; x_wconf 85' lang='lat' dir='ltr'><strong>tantum,</strong></span> 
     </span>
    </p>
   </div>
   <div class='ocr_carea' id='block_1_95' title="bbox 2263 4713 3860 4797">
    <p class='ocr_par' dir='ltr' id='par_1_95' title="bbox 2310 4716 3860 4797">
     <span class='ocr_line' id='line_1_95' title="bbox 2310 4716 3860 4797; baseline 0.008 -24"><span class='ocrx_word' id='word_1_677' title='bbox 2310 4724 2515 4793; x_wconf 69' lang='grc' dir='ltr'><strong>⁸μαίων</strong></span> <span class='ocrx_word' id='word_1_678' title='bbox 2537 4724 2711 4794; x_wconf 79' lang='grc' dir='ltr'><strong>ἀρχὴν</strong></span> <span class='ocrx_word' id='word_1_679' title='bbox 2737 4728 2980 4795; x_wconf 79' lang='grc' dir='ltr'><strong>σμικρὰν</strong></span> <span class='ocrx_word' id='word_1_680' title='bbox 3010 4730 3076 4796; x_wconf 82' lang='grc' dir='ltr'><strong>τῇ</strong></span> <span class='ocrx_word' id='word_1_681' title='bbox 3103 4728 3371 4797; x_wconf 83' lang='grc' dir='ltr'><strong>ταχυτῆτι</strong></span> <span class='ocrx_word' id='word_1_682' title='bbox 3403 4728 3681 4791; x_wconf 83' lang='grc' dir='ltr'><strong>ἀπέδειξεν</strong></span> <span class='ocrx_word' id='word_1_683' title='bbox 3705 4740 3719 4756; x_wconf 79' lang='grc'><strong><em>⁸</em></strong></span> <span class='ocrx_word' id='word_1_684' title='bbox 3739 4722 3789 4776; x_wconf 76' lang='grc' dir='ltr'><strong>ὃν</strong></span> <span class='ocrx_word' id='word_1_685' title='bbox 3810 4716 3860 4785; x_wconf 70' lang='grc' dir='ltr'><strong>δὴ</strong></span> 
     </span>
    </p>
   </div>
   <div class='ocr_carea' id='block_1_96' title="bbox 650 4805 2247 4893">
    <p class='ocr_par' dir='ltr' id='par_1_96' title="bbox 650 4805 2231 4875">
     <span class='ocr_line' id='line_1_96' title="bbox 650 4805 2231 4875; baseline -0.001 -16"><span class='ocrx_word' id='word_1_686' title='bbox 650 4806 749 4859; x_wconf 87' lang='lat' dir='ltr'><strong>sed</strong></span> <span class='ocrx_word' id='word_1_687' title='bbox 786 4806 850 4858; x_wconf 88' lang='lat' dir='ltr'><strong>ad</strong></span> <span class='ocrx_word' id='word_1_688' title='bbox 892 4805 1131 4875; x_wconf 80' lang='lat' dir='ltr'><strong>reliquas</strong></span> <span class='ocrx_word' id='word_1_689' title='bbox 1172 4806 1339 4859; x_wconf 76' lang='lat' dir='ltr'><strong>etiam</strong></span> <span class='ocrx_word' id='word_1_690' title='bbox 1387 4807 1540 4862; x_wconf 90' lang='lat' dir='ltr'><strong>orbis</strong></span> <span class='ocrx_word' id='word_1_691' title='bbox 1585 4817 1794 4875; x_wconf 89' lang='lat' dir='ltr'><strong>partes,</strong></span> <span class='ocrx_word' id='word_1_692' title='bbox 1823 4820 1933 4873; x_wconf 89' lang='lat' dir='ltr'><strong>quo</strong></span> <span class='ocrx_word' id='word_1_693' title='bbox 1966 4820 2091 4859; x_wconf 90' lang='lat' dir='ltr'><strong>eum</strong></span> <span class='ocrx_word' id='word_1_694' title='bbox 2131 4806 2231 4859; x_wconf 90' lang='lat' dir='ltr'><strong>im-</strong></span> 
     </span>
    </p>
   </div>
   <div class='ocr_carea' id='block_1_97' title="bbox 2264 4805 3861 4893">
    <p class='ocr_par' dir='ltr' id='par_1_97' title="bbox 2334 4815 3861 4893">
     <span class='ocr_line' id='line_1_97' title="bbox 2334 4815 3861 4893; baseline -0.004 -23"><span class='ocrx_word' id='word_1_695' title='bbox 2334 4818 2433 4870; x_wconf 78' lang='grc' dir='ltr'><strong>καὶ</strong></span> <span class='ocrx_word' id='word_1_696' title='bbox 2457 4820 2484 4867; x_wconf 85' lang='grc' dir='ltr'>ὁ</span> <span class='ocrx_word' id='word_1_697' title='bbox 2515 4817 2743 4885; x_wconf 81' lang='grc' dir='ltr'><strong>Περσῶν</strong></span> <span class='ocrx_word' id='word_1_698' title='bbox 2787 4818 3056 4889; x_wconf 53' lang='grc' dir='ltr'><strong>,βασιλεὺς</strong></span> <span class='ocrx_word' id='word_1_699' title='bbox 3111 4821 3490 4893; x_wconf 70' lang='grc' dir='ltr'><strong>ἐξεπλήττετο,</strong></span> <span class='ocrx_word' id='word_1_700' title='bbox 3543 4819 3739 4875; x_wconf 84' lang='grc' dir='ltr'><strong>πολλῶν</strong></span> <span class='ocrx_word' id='word_1_701' title='bbox 3771 4815 3861 4867; x_wconf 65' lang='grc' dir='ltr'><strong>όόὶν</strong></span> 
     </span>
    </p>
   </div>
   <div class='ocr_carea' id='block_1_98' title="bbox 656 4898 2253 4977">
    <p class='ocr_par' dir='ltr' id='par_1_98' title="bbox 656 4898 2235 4969">
     <span class='ocr_line' id='line_1_98' title="bbox 656 4898 2235 4969; baseline 0 -17"><span class='ocrx_word' id='word_1_702' title='bbox 656 4907 876 4968; x_wconf 84' lang='lat' dir='ltr'><strong>perator</strong></span> <span class='ocrx_word' id='word_1_703' title='bbox 944 4900 1133 4964; x_wconf 84' lang='lat' dir='ltr'><strong>misit,</strong></span> <span class='ocrx_word' id='word_1_704' title='bbox 1202 4899 1618 4969; x_wconf 78' lang='lat' dir='ltr'><strong>eXpeditissime</strong></span> <span class='ocrx_word' id='word_1_705' title='bbox 1687 4898 2021 4967; x_wconf 86' lang='lat' dir='ltr'><strong>pervolavit.</strong></span> <span class='ocrx_word' id='word_1_706' title='bbox 2089 4898 2235 4964; x_wconf 84' lang='lat' dir='ltr'><strong>Qua-</strong></span> 
     </span>
    </p>
   </div>
   <div class='ocr_carea' id='block_1_99' title="bbox 2264 4898 3861 4977">
    <p class='ocr_par' dir='ltr' id='par_1_99' title="bbox 2335 4898 3861 4977">
     <span class='ocr_line' id='line_1_99' title="bbox 2335 4898 3861 4977; baseline 0.003 -22"><span class='ocrx_word' id='word_1_707' title='bbox 2335 4903 2558 4974; x_wconf 74' lang='grc' dir='ltr'><strong>ἡμερῶν</strong></span> <span class='ocrx_word' id='word_1_708' title='bbox 2589 4905 2781 4957; x_wconf 81' lang='grc' dir='ltr'><strong>θᾶττον</strong></span> <span class='ocrx_word' id='word_1_709' title='bbox 2815 4905 2893 4976; x_wconf 82' lang='grc' dir='ltr'><strong>τῷ</strong></span> <span class='ocrx_word' id='word_1_710' title='bbox 2924 4907 3252 4977; x_wconf 75' lang='grc' dir='ltr'><strong>πρεσϐεύειν</strong></span> <span class='ocrx_word' id='word_1_711' title='bbox 3304 4910 3558 4965; x_wconf 79' lang='grc' dir='ltr'><strong>ἀνύοντα.</strong></span> <span class='ocrx_word' id='word_1_712' title='bbox 3608 4910 3711 4962; x_wconf 78' lang='grc' dir='ltr'><strong>Καὶ</strong></span> <span class='ocrx_word' id='word_1_713' title='bbox 3763 4898 3861 4971; x_wconf 64' lang='grc' dir='ltr'><strong>περὶ</strong></span> 
     </span>
    </p>
   </div>
   <div class='ocr_carea' id='block_1_100' title="bbox 654 4987 2251 5063">
    <p class='ocr_par' dir='ltr' id='par_1_100' title="bbox 654 4987 2235 5059">
     <span class='ocr_line' id='line_1_100' title="bbox 654 4987 2235 5059; baseline 0.003 -18"><span class='ocrx_word' id='word_1_714' title='bbox 654 5001 885 5059; x_wconf 73' lang='lat' dir='ltr'><strong>propter</strong></span> <span class='ocrx_word' id='word_1_715' title='bbox 912 4991 1210 5059; x_wconf 78' lang='lat' dir='ltr'><strong>aliquando</strong></span> <span class='ocrx_word' id='word_1_716' title='bbox 1244 5006 1311 5044; x_wconf 92' lang='lat' dir='ltr'><strong>ex</strong></span> <span class='ocrx_word' id='word_1_717' title='bbox 1345 4989 1625 5059; x_wconf 70' lang='lat' dir='ltr'><strong>praeclaris</strong></span> <span class='ocrx_word' id='word_1_718' title='bbox 1652 4990 1785 5042; x_wconf 90' lang='lat' dir='ltr'><strong>viris</strong></span> <span class='ocrx_word' id='word_1_719' title='bbox 1813 4987 2060 5057; x_wconf 83' lang='lat' dir='ltr'><strong>quidam,</strong></span> <span class='ocrx_word' id='word_1_720' title='bbox 2091 4991 2235 5045; x_wconf 86' lang='lat' dir='ltr'><strong>cele-</strong></span> 
     </span>
    </p>
   </div>
   <div class='ocr_carea' id='block_1_101' title="bbox 2258 4987 3855 5063">
    <p class='ocr_par' dir='ltr' id='par_1_101' title="bbox 2336 4993 3855 5063">
     <span class='ocr_line' id='line_1_101' title="bbox 2336 4993 3855 5063; baseline 0.009 -19"><span class='ocrx_word' id='word_1_721' title='bbox 2336 4994 2436 5062; x_wconf 85' lang='grc' dir='ltr'><strong>μὲν</strong></span> <span class='ocrx_word' id='word_1_722' title='bbox 2462 4994 2766 5048; x_wconf 77' lang='grc' dir='ltr'><strong>Παλλαδίου</strong></span> <span class='ocrx_word' id='word_1_723' title='bbox 2794 4997 3055 5052; x_wconf 80' lang='grc' dir='ltr'><strong>τοσαῦτα.</strong></span> <span class='ocrx_word' id='word_1_724' title='bbox 3094 4998 3356 5063; x_wconf 80' lang='grc' dir='ltr'><strong>Βασιλεὺς</strong></span> <span class='ocrx_word' id='word_1_725' title='bbox 3408 5000 3464 5052; x_wconf 79' lang='grc' dir='ltr'><strong>δὲ</strong></span> <span class='ocrx_word' id='word_1_726' title='bbox 3520 5000 3779 5056; x_wconf 75' lang='grc' dir='ltr'><strong>Θεοδόσιος</strong></span> <span class='ocrx_word' id='word_1_727' title='bbox 3807 4993 3855 5058; x_wconf 72' lang='grc' dir='ltr'><strong>τῇ</strong></span> 
     </span>
    </p>
   </div>
   <div class='ocr_carea' id='block_1_102' title="bbox 652 5079 2249 5160">
    <p class='ocr_par' dir='ltr' id='par_1_102' title="bbox 652 5079 2231 5153">
     <span class='ocr_line' id='line_1_102' title="bbox 652 5079 2231 5153; baseline 0.001 -20"><span class='ocrx_word' id='word_1_728' title='bbox 652 5082 875 5137; x_wconf 78' lang='lat' dir='ltr'><strong>ritatem</strong></span> <span class='ocrx_word' id='word_1_729' title='bbox 936 5085 1059 5153; x_wconf 74' lang='lat' dir='ltr'><strong>ejus</strong></span> <span class='ocrx_word' id='word_1_730' title='bbox 1112 5084 1419 5138; x_wconf 88' lang='lat' dir='ltr'><strong>admiratus</strong></span> <span class='ocrx_word' id='word_1_731' title='bbox 1471 5081 1610 5134; x_wconf 86' lang='lat' dir='ltr'><strong>dixit</strong></span> <span class='ocrx_word' id='word_1_732' title='bbox 1651 5097 1664 5134; x_wconf 90' lang='lat'><strong>:</strong></span> <span class='ocrx_word' id='word_1_733' title='bbox 1714 5079 1902 5135; x_wconf 85' lang='lat' dir='ltr'><strong>Virum</strong></span> <span class='ocrx_word' id='word_1_734' title='bbox 1943 5096 2070 5134; x_wconf 91' lang='lat' dir='ltr'><strong>eum</strong></span> <span class='ocrx_word' id='word_1_735' title='bbox 2125 5090 2231 5135; x_wconf 88' lang='lat' dir='ltr'><strong>tam</strong></span> 
     </span>
    </p>
   </div>
   <div class='ocr_carea' id='block_1_103' title="bbox 2263 5079 3860 5160">
    <p class='ocr_par' dir='ltr' id='par_1_103' title="bbox 2337 5084 3860 5160">
     <span class='ocr_line' id='line_1_103' title="bbox 2337 5084 3860 5160; baseline 0.001 -24"><span class='ocrx_word' id='word_1_736' title='bbox 2337 5084 2755 5140; x_wconf 78' lang='grc' dir='ltr'><strong>Κωνσταντίνου</strong></span> <span class='ocrx_word' id='word_1_737' title='bbox 2787 5087 3105 5156; x_wconf 74' lang='grc' dir='ltr'><strong>διατρίϐων,</strong></span> <span class='ocrx_word' id='word_1_738' title='bbox 3130 5091 3225 5142; x_wconf 78' lang='grc' dir='ltr'><strong>καὶ</strong></span> <span class='ocrx_word' id='word_1_739' title='bbox 3241 5090 3340 5160; x_wconf 77' lang='grc' dir='ltr'><strong>τὴν</strong></span> <span class='ocrx_word' id='word_1_740' title='bbox 3378 5093 3441 5144; x_wconf 73' lang='grc' dir='ltr'><strong>ἐκ</strong></span> <span class='ocrx_word' id='word_1_741' title='bbox 3485 5088 3618 5143; x_wconf 82' lang='grc' dir='ltr'><strong>Θεοῦ</strong></span> <span class='ocrx_word' id='word_1_742' title='bbox 3667 5085 3860 5154; x_wconf 73' lang='grc' dir='ltr'><strong>Ῥωμαί-</strong></span> 
     </span>
    </p>
   </div>
   <div class='ocr_carea' id='block_1_104' title="bbox 650 5173 2247 5251">
    <p class='ocr_par' dir='ltr' id='par_1_104' title="bbox 650 5173 2232 5246">
     <span class='ocr_line' id='line_1_104' title="bbox 650 5173 2232 5246; baseline 0.002 -19"><span class='ocrx_word' id='word_1_743' title='bbox 650 5176 889 5246; x_wconf 84' lang='lat' dir='ltr'><strong>amplam</strong></span> <span class='ocrx_word' id='word_1_744' title='bbox 937 5175 1169 5231; x_wconf 82' lang='lat' dir='ltr'><strong>Romani</strong></span> <span class='ocrx_word' id='word_1_745' title='bbox 1218 5174 1437 5245; x_wconf 90' lang='lat' dir='ltr'><strong>imperii</strong></span> <span class='ocrx_word' id='word_1_746' title='bbox 1482 5173 1771 5237; x_wconf 89' lang='lat' dir='ltr'><strong>ditionem,</strong></span> <span class='ocrx_word' id='word_1_747' title='bbox 1812 5184 2096 5245; x_wconf 82' lang='lat' dir='ltr'><strong>angustam</strong></span> <span class='ocrx_word' id='word_1_748' title='bbox 2134 5191 2232 5230; x_wconf 79' lang='lat' dir='ltr'><strong>ex-</strong></span> 
     </span>
    </p>
   </div>
   <div class='ocr_carea' id='block_1_105' title="bbox 2263 5173 3860 5251">
    <p class='ocr_par' dir='ltr' id='par_1_105' title="bbox 2334 5177 3860 5251">
     <span class='ocr_line' id='line_1_105' title="bbox 2334 5177 3860 5251; baseline 0 -21"><span class='ocrx_word' id='word_1_749' title='bbox 2334 5194 2416 5241; x_wconf 90' lang='grc' dir='ltr'><strong>οις</strong></span> <span class='ocrx_word' id='word_1_750' title='bbox 2458 5180 2857 5249; x_wconf 77' lang='grc' dir='ltr'><strong>ὲπιγενομένην</strong></span> <span class='ocrx_word' id='word_1_751' title='bbox 2905 5182 3065 5251; x_wconf 84' lang='grc' dir='ltr'><strong>νίκην</strong></span> <span class='ocrx_word' id='word_1_752' title='bbox 3103 5182 3281 5247; x_wconf 86' lang='grc' dir='ltr'><strong>εἰδὼς,</strong></span> <span class='ocrx_word' id='word_1_753' title='bbox 3328 5183 3473 5236; x_wconf 81' lang='grc' dir='ltr'><strong>οὕτω</strong></span> <span class='ocrx_word' id='word_1_754' title='bbox 3513 5182 3667 5243; x_wconf 80' lang='grc' dir='ltr'><strong>καλός</strong></span> <span class='ocrx_word' id='word_1_755' title='bbox 3707 5194 3759 5231; x_wconf 88' lang='grc' dir='ltr'><strong>τε</strong></span> <span class='ocrx_word' id='word_1_756' title='bbox 3792 5177 3860 5227; x_wconf 65' lang='lat' dir='ltr'><strong>xli</strong></span> 
     </span>
    </p>
   </div>
   <div class='ocr_carea' id='block_1_106' title="bbox 652 5264 2249 5352">
    <p class='ocr_par' dir='ltr' id='par_1_106' title="bbox 652 5264 2231 5335">
     <span class='ocr_line' id='line_1_106' title="bbox 652 5264 2231 5335; baseline -0.001 -14"><span class='ocrx_word' id='word_1_757' title='bbox 652 5267 837 5335; x_wconf 81' lang='lat' dir='ltr'><strong>pedita</strong></span> <span class='ocrx_word' id='word_1_758' title='bbox 888 5268 1172 5323; x_wconf 87' lang='lat' dir='ltr'><strong>celeritate</strong></span> <span class='ocrx_word' id='word_1_759' title='bbox 1228 5281 1326 5320; x_wconf 82' lang='lat' dir='ltr'><strong>sua</strong></span> <span class='ocrx_word' id='word_1_760' title='bbox 1379 5264 1710 5319; x_wconf 86' lang='lat' dir='ltr'><strong>reddidisse.</strong></span> <span class='ocrx_word' id='word_1_761' title='bbox 1744 5264 1827 5319; x_wconf 83' lang='lat' dir='ltr'><strong>Ad</strong></span> <span class='ocrx_word' id='word_1_762' title='bbox 1879 5267 2021 5320; x_wconf 89' lang='lat' dir='ltr'><strong>hanc</strong></span> <span class='ocrx_word' id='word_1_763' title='bbox 2064 5267 2231 5320; x_wconf 91' lang='lat' dir='ltr'><strong>etiam</strong></span> 
     </span>
    </p>
   </div>
   <div class='ocr_carea' id='block_1_107' title="bbox 2261 5264 3858 5352">
    <p class='ocr_par' dir='ltr' id='par_1_107' title="bbox 2334 5266 3858 5352">
     <span class='ocr_line' id='line_1_107' title="bbox 2334 5266 3858 5352; baseline -0.004 -30"><span class='ocrx_word' id='word_1_764' title='bbox 2334 5270 2537 5352; x_wconf 82' lang='grc' dir='ltr'><strong>ἀγαθὸς</strong></span> <span class='ocrx_word' id='word_1_765' title='bbox 2560 5266 2649 5342; x_wconf 84' lang='grc' dir='ltr'><strong>ἦν,</strong></span> <span class='ocrx_word' id='word_1_766' title='bbox 2666 5273 2741 5335; x_wconf 83' lang='grc' dir='ltr'><strong>ὡς</strong></span> <span class='ocrx_word' id='word_1_767' title='bbox 2761 5273 2965 5343; x_wconf 78' lang='grc' dir='ltr'><strong>καίπερ</strong></span> <span class='ocrx_word' id='word_1_768' title='bbox 2990 5276 3235 5345; x_wconf 76' lang='grc' dir='ltr'><strong>εὐτυχῶς</strong></span> <span class='ocrx_word' id='word_1_769' title='bbox 3264 5274 3580 5347; x_wconf 80' lang='grc' dir='ltr'><strong>πραξάντων</strong></span> <span class='ocrx_word' id='word_1_770' title='bbox 3594 5272 3858 5341; x_wconf 76' lang='grc' dir='ltr'><strong>Ῥωμαίων.</strong></span> 
     </span>
    </p>
   </div>
   <div class='ocr_carea' id='block_1_108' title="bbox 651 5356 2248 5438">
    <p class='ocr_par' dir='ltr' id='par_1_108' title="bbox 651 5356 2230 5428">
     <span class='ocr_line' id='line_1_108' title="bbox 651 5356 2230 5428; baseline 0 -14"><span class='ocrx_word' id='word_1_771' title='bbox 651 5360 943 5414; x_wconf 83' lang='lat' dir='ltr'><strong>Persarum</strong></span> <span class='ocrx_word' id='word_1_772' title='bbox 994 5375 1085 5413; x_wconf 89' lang='lat' dir='ltr'><strong>rex</strong></span> <span class='ocrx_word' id='word_1_773' title='bbox 1130 5358 1437 5427; x_wconf 86' lang='lat' dir='ltr'><strong>obstupuit.</strong></span> <span class='ocrx_word' id='word_1_774' title='bbox 1478 5357 1624 5426; x_wconf 91' lang='lat' dir='ltr'><strong>quod</strong></span> <span class='ocrx_word' id='word_1_775' title='bbox 1663 5356 1937 5428; x_wconf 81' lang='lat' dir='ltr'><strong>legatione</strong></span> <span class='ocrx_word' id='word_1_776' title='bbox 1974 5358 2230 5427; x_wconf 83' lang='lat' dir='ltr'><strong>fungens,</strong></span> 
     </span>
    </p>
   </div>
   <div class='ocr_carea' id='block_1_109' title="bbox 2260 5356 3857 5438">
    <p class='ocr_par' dir='ltr' id='par_1_109' title="bbox 2334 5361 3857 5438">
     <span class='ocr_line' id='line_1_109' title="bbox 2334 5361 3857 5438; baseline -0.009 -13"><span class='ocrx_word' id='word_1_777' title='bbox 2334 5361 2484 5431; x_wconf 78' lang='grc' dir='ltr'><strong>ὅμως</strong></span> <span class='ocrx_word' id='word_1_778' title='bbox 2510 5366 2606 5416; x_wconf 71' lang='grc' dir='ltr'><strong>καὶ</strong></span> <span class='ocrx_word' id='word_1_779' title='bbox 2642 5363 2817 5429; x_wconf 77' lang='grc' dir='ltr'><strong>οὕτως</strong></span> <span class='ocrx_word' id='word_1_780' title='bbox 2852 5367 3111 5437; x_wconf 80' lang='grc' dir='ltr'><strong>εἰρηνικὰ</strong></span> <span class='ocrx_word' id='word_1_781' title='bbox 3160 5371 3384 5438; x_wconf 76' lang='grc' dir='ltr'><strong>φρονεῖν</strong></span> <span class='ocrx_word' id='word_1_782' title='bbox 3442 5371 3536 5422; x_wconf 77' lang='grc' dir='ltr'><strong>καὶ</strong></span> <span class='ocrx_word' id='word_1_783' title='bbox 3576 5362 3857 5419; x_wconf 76' lang='grc' dir='ltr'><strong>σπένδεσθαι</strong></span> 
     </span>
    </p>
   </div>
   <div class='ocr_carea' id='block_1_110' title="bbox 650 5446 2247 5530">
    <p class='ocr_par' dir='ltr' id='par_1_110' title="bbox 650 5446 2230 5521">
     <span class='ocr_line' id='line_1_110' title="bbox 650 5446 2230 5521; baseline 0.001 -16"><span class='ocrx_word' id='word_1_784' title='bbox 650 5452 954 5506; x_wconf 87' lang='lat' dir='ltr'><strong>multorum</strong></span> <span class='ocrx_word' id='word_1_785' title='bbox 1008 5450 1231 5505; x_wconf 89' lang='lat' dir='ltr'><strong>dierum</strong></span> <span class='ocrx_word' id='word_1_786' title='bbox 1285 5451 1390 5503; x_wconf 90' lang='lat' dir='ltr'><strong>iter</strong></span> <span class='ocrx_word' id='word_1_787' title='bbox 1444 5458 1552 5503; x_wconf 82' lang='lat' dir='ltr'><strong>tam</strong></span> <span class='ocrx_word' id='word_1_788' title='bbox 1612 5446 1869 5505; x_wconf 82' lang='lat' dir='ltr'><strong>celeriter</strong></span> <span class='ocrx_word' id='word_1_789' title='bbox 1919 5450 2230 5521; x_wconf 84' lang='lat' dir='ltr'><strong>perliceret.</strong></span> 
     </span>
    </p>
   </div>
   <div class='ocr_carea' id='block_1_111' title="bbox 2264 5446 3861 5530">
    <p class='ocr_par' dir='ltr' id='par_1_111' title="bbox 2337 5452 3861 5530">
     <span class='ocr_line' id='line_1_111' title="bbox 2337 5452 3861 5530; baseline 0.001 -26"><span class='ocrx_word' id='word_1_790' title='bbox 2337 5452 2650 5523; x_wconf 81' lang='grc' dir='ltr'><strong>βούλεσθαι.</strong></span> <span class='ocrx_word' id='word_1_791' title='bbox 2680 5456 2790 5507; x_wconf 76' lang='grc' dir='ltr'><strong>Καὶ</strong></span> <span class='ocrx_word' id='word_1_792' title='bbox 2813 5456 2877 5524; x_wconf 84' lang='grc' dir='ltr'><strong>δὴ</strong></span> <span class='ocrx_word' id='word_1_793' title='bbox 2909 5456 3002 5509; x_wconf 87' lang='grc' dir='ltr'><strong>τὸν</strong></span> <span class='ocrx_word' id='word_1_794' title='bbox 3057 5461 3433 5530; x_wconf 81' lang='grc' dir='ltr'><strong>στρατηλάτην</strong></span> <span class='ocrx_word' id='word_1_795' title='bbox 3496 5457 3716 5510; x_wconf 80' lang='grc' dir='ltr'><strong>Ἥλίωνα</strong></span> <span class='ocrx_word' id='word_1_796' title='bbox 3750 5452 3861 5516; x_wconf 74' lang='grc' dir='ltr'><strong>πέμ-</strong></span> 
     </span>
    </p>
   </div>
   <div class='ocr_carea' id='block_1_112' title="bbox 650 5538 2247 5621">
    <p class='ocr_par' dir='ltr' id='par_1_112' title="bbox 650 5541 2234 5613">
     <span class='ocr_line' id='line_1_112' title="bbox 650 5541 2234 5613; baseline 0.002 -18"><span class='ocrx_word' id='word_1_797' title='bbox 650 5541 818 5613; x_wconf 64' lang='grc' dir='ltr'><strong>ᾱ82</strong></span> <span class='ocrx_word' id='word_1_798' title='bbox 876 5542 1004 5595; x_wconf 81' lang='lat' dir='ltr'><strong>Haec</strong></span> <span class='ocrx_word' id='word_1_799' title='bbox 1063 5542 1131 5596; x_wconf 91' lang='lat' dir='ltr'><strong>de</strong></span> <span class='ocrx_word' id='word_1_800' title='bbox 1190 5541 1455 5598; x_wconf 85' lang='lat' dir='ltr'><strong>Palladio.</strong></span> <span class='ocrx_word' id='word_1_801' title='bbox 1520 5542 1868 5599; x_wconf 88' lang='lat' dir='ltr'><strong>Theodosius</strong></span> <span class='ocrx_word' id='word_1_802' title='bbox 1931 5543 2234 5612; x_wconf 87' lang='lat' dir='ltr'><strong>imperator</strong></span> 
     </span>
    </p>
   </div>
   <div class='ocr_carea' id='block_1_113' title="bbox 2265 5538 3862 5621">
    <p class='ocr_par' dir='ltr' id='par_1_113' title="bbox 2332 5538 3862 5621">
     <span class='ocr_line' id='line_1_113' title="bbox 2332 5538 3862 5621; baseline 0.007 -27"><span class='ocrx_word' id='word_1_803' title='bbox 2332 5542 2545 5613; x_wconf 81' lang='grc' dir='ltr'><strong>ψας,·ὂν</strong></span> <span class='ocrx_word' id='word_1_804' title='bbox 2574 5546 2662 5600; x_wconf 85' lang='grc' dir='ltr'><strong>διὰ</strong></span> <span class='ocrx_word' id='word_1_805' title='bbox 2692 5546 3026 5617; x_wconf 78' lang='grc' dir='ltr'><strong>περιφανοῦς</strong></span> <span class='ocrx_word' id='word_1_806' title='bbox 3062 5545 3167 5619; x_wconf 83' lang='grc' dir='ltr'><strong>ἦγε</strong></span> <span class='ocrx_word' id='word_1_807' title='bbox 3205 5555 3394 5621; x_wconf 83' lang='grc' dir='ltr'><strong>τιμῆς,</strong></span> <span class='ocrx_word' id='word_1_808' title='bbox 3454 5550 3669 5618; x_wconf 79' lang='grc' dir='ltr'><strong>εἰρήνην</strong></span> <span class='ocrx_word' id='word_1_809' title='bbox 3724 5538 3862 5610; x_wconf 66' lang='grc' dir='ltr'><strong>πρᾶτα</strong></span> 
     </span>
    </p>
   </div>
   <div class='ocr_carea' id='block_1_114' title="bbox 649 5631 2246 5712">
    <p class='ocr_par' dir='ltr' id='par_1_114' title="bbox 649 5631 2232 5705">
     <span class='ocr_line' id='line_1_114' title="bbox 649 5631 2232 5705; baseline 0.003 -17"><span class='ocrx_word' id='word_1_810' title='bbox 649 5631 1131 5703; x_wconf 86' lang='lat' dir='ltr'><strong>Constantinopoli</strong></span> <span class='ocrx_word' id='word_1_811' title='bbox 1164 5632 1393 5705; x_wconf 82' lang='lat' dir='ltr'><strong>degens,</strong></span> <span class='ocrx_word' id='word_1_812' title='bbox 1427 5635 1520 5693; x_wconf 89' lang='lat' dir='ltr'><strong>ubi</strong></span> <span class='ocrx_word' id='word_1_813' title='bbox 1554 5634 1933 5694; x_wconf 77' lang='lat' dir='ltr'><strong>Romanorum</strong></span> <span class='ocrx_word' id='word_1_814' title='bbox 1966 5635 2232 5694; x_wconf 85' lang='lat' dir='ltr'><strong>divinitus</strong></span> 
     </span>
    </p>
   </div>
   <div class='ocr_carea' id='block_1_115' title="bbox 2262 5631 3859 5712">
    <p class='ocr_par' dir='ltr' id='par_1_115' title="bbox 2333 5638 3859 5712">
     <span class='ocr_line' id='line_1_115' title="bbox 2333 5638 3859 5712; baseline -0.01 -12"><span class='ocrx_word' id='word_1_815' title='bbox 2333 5651 2447 5690; x_wconf 84' lang='grc' dir='ltr'><strong>τειν</strong></span> <span class='ocrx_word' id='word_1_816' title='bbox 2477 5638 2613 5708; x_wconf 78' lang='grc' dir='ltr'><strong>πρὸς</strong></span> <span class='ocrx_word' id='word_1_817' title='bbox 2647 5640 2860 5710; x_wconf 73' lang='grc' dir='ltr'><strong>Πέρσας</strong></span> <span class='ocrx_word' id='word_1_818' title='bbox 2890 5641 3258 5699; x_wconf 70' lang='grc' dir='ltr'><strong>ἑνεκελεύετο.</strong></span> <span class='ocrx_word' id='word_1_819' title='bbox 3284 5644 3400 5699; x_wconf 75' lang='grc' dir='ltr'><strong>Καὶ</strong></span> <span class='ocrx_word' id='word_1_820' title='bbox 3427 5641 3485 5707; x_wconf 74' lang='grc' dir='ltr'><strong>ὃς</strong></span> <span class='ocrx_word' id='word_1_821' title='bbox 3515 5645 3612 5712; x_wconf 76' lang='grc' dir='ltr'><strong>τὴν</strong></span> <span class='ocrx_word' id='word_1_822' title='bbox 3644 5639 3859 5696; x_wconf 74' lang='grc' dir='ltr'><strong>Μεσοπο-</strong></span> 
     </span>
    </p>
   </div>
   <div class='ocr_carea' id='block_1_116' title="bbox 726 5811 1323 5883">
    <p class='ocr_par' dir='ltr' id='par_1_116' title="bbox 726 5811 1323 5883">
     <span class='ocr_line' id='line_1_116' title="bbox 726 5811 1323 5883; baseline 0.01 -16"><span class='ocrx_word' id='word_1_823' title='bbox 726 5811 803 5878; x_wconf 74' lang='grc' dir='ltr'><strong>(ι)</strong></span> <span class='ocrx_word' id='word_1_824' title='bbox 843 5812 1127 5883; x_wconf 81' lang='grc' dir='ltr'><strong>Μυριάδας</strong></span> <span class='ocrx_word' id='word_1_825' title='bbox 1163 5814 1323 5873; x_wconf 91' lang='lat' dir='ltr'><strong>Socr.</strong></span> 
     </span>
    </p>
   </div>
  </div>
