4044 6444
284 386 421 471 1125

1234 399 1839 464 ECCLESIASTICIE
1875 394 2269 458 ΗΙΞΤΟΙὶΙίΕ
2306 394 2457 459 LIB.
2500 398 2660 459 XIV.

3406 396 3542 461 i116

279 522 486 592 ταμίαν
556 518 916 583 καταλαϐὼν,
975 518 1110 571 ὅπου
1176 515 1239 587 δή
1308 516 1575 586 Ῥωμαῖοι
1641 514 1862 584 βαθεῖαν

1966 527 2280 567 concessam
2312 513 2598 567 victoriam
2632 512 2873 577 rescivit,
2905 522 3012 568 tam
3043 514 3221 570 bonus
3250 512 3543 571 honestus-

280 617 491 683 τάφρον
549 612 869 684 ὀρύττοντες
941 612 1151 663 οίκείαν
1229 610 1482 679 φυλακὴν
1540 606 1856 668 ἐποιοῦντο,

283 710 590 777 Μαξιμῖνον
642 706 813 776 ἄνδρα
877 705 1160 773 ἐλλόγιμον
1213 702 1429 772 ἔπεμπε
1482 703 1582 773 τὴν
1630 700 1859 771 εἰρήνην

285 799 868 868 πραγματευσάμενον.
932 794 1158 863 Ἑπίσης
1230 793 1288 845 δὲ
1343 791 1712 862 Ἀρδαϐουρίῳ
1759 791 1859 856 τῆς

285 891 555 960 καθέδρας
612 890 829 958 μετεῖχε
862 901 875 914 ο
903 886 998 938 καὶ
1034 886 1168 952 πρὸς
1224 884 1315 936 τὸν
1366 883 1590 952 Περσῶν
1633 880 1863 951 βασιλέα

283 984 597 1055 γενόμενος,
632 981 784 1048 παρὰ
812 979 920 1032 τῶν
957 978 1282 1048 στρατηγῶν
1314 977 1600 1047 σταλῆναι,
1640 978 1699 1030 οὐ
1755 976 1861 1045 μὴν

283 1075 435 1144 παρὰ
459 1072 553 1126 τοῦ
588 1071 850 1143 βασιλέως
874 1071 1027 1138 ἔλεγε
1054 1087 1069 1100 ·
1109 1070 1243 1140 μηδέ
1265 1071 1375 1140 γὰρ
1405 1069 1678 1137 ἐγνῶσθαι
1738 1084 1862 1120 του-

284 1168 397 1220 τονδ⁹
429 1166 523 1219 τὸν
574 1164 812 1233 πόλεμον
847 1163 1079 1233 βασιλεῖ,
1131 1161 1269 1215 ἀλλὰ
1301 1164 1395 1215 καὶ
1446 1163 1761 1231 γνωσθέντα
1803 1163 1861 1214 ἐν

283 1258 456 1311 οὐδενὶ
477 1255 819 1326 νομίζεσθαι.
854 1253 961 1308 Τοῦ
1009 1255 1066 1307 δέ
1111 1253 1362 1326 Βαράνου
1410 1254 1507 1323 τὴν
1563 1254 1862 1324 πρεσϐείαν

283 1350 659 1420 είσδεχομένου
696 1364 711 1381 ’
781 1347 927 1418 λιμῷ
1012 1349 1123 1419 γὰρ
1197 1348 1439 1416 πλείστῳ
1515 1350 1549 1417 ή
1633 1347 1861 1414 στρατιὰ

284 1443 573 1508 ἐπιέζετο,
622 1443 672 1494 οί
733 1444 863 1512 παρ’
919 1442 1116 1513 ἐκείνῳ
1184 1440 1516 1509 κεκλημένοι
1576 1438 1861 1493 Ἀθάνατοι

286 1537 544 1610 (ἀριθμὸς
566 1536 621 1590 δὲ
660 1531 816 1596 οὗτος
854 1535 1063 1606 μυρίων
1091 1533 1368 1588 ἐκλεκτῶν
1412 1533 1558 1602 μάλα
1585 1532 1680 1585 καὶ
1739 1547 1863 1598 γεν-

284 1631 449 1685 ναίων
481 1627 712 1700 ἀνδρῶν)
746 1627 1086 1697 προσιόντες,
1135 1625 1209 1696 μή
1258 1624 1527 1694 πρότερον
1573 1622 1866 1693 καταδέχε-

288 1721 410 1775 σθαι
442 1722 540 1788 τὴν
569 1719 792 1788 εἰρήνην
820 1717 1032 1787 βασιλεῖ
1051 1716 1258 1784 ἔλεγον,
1294 1716 1424 1785 πρὶν
1454 1715 1520 1769 ἂν
1568 1714 1863 1784 Ῥωμαίοις

284 1809 614 1880 ἀφυλάκτως
643 1806 860 1875 ἔχουσιν
887 1802 1311 1856 ἐπεισπέσωσιν.
1344 1795 1440 1863 Οἷς
1461 1802 1527 1873 δὴ
1559 1802 1653 1854 καὶ
1683 1818 1864 1872 παρα-

284 1899 531 1961 πεισθεὶς
588 1896 880 1967 βασιλεὺς,
947 1894 1173 1965 Περσῶν
1230 1894 1321 1947 τὸν
1372 1893 1469 1964 μὲν
1518 1891 1761 1962 πρέσϐυν
1805 1894 1863 1945 ἐν

282 1989 581 2062 ἀπορρήτῳ
611 1986 985 2050 κατακλείσας
1036 1985 1309 2055 ἐφύλαττε
1343 2000 1361 2018 ’
1395 1985 1523 2047 τοὺς
1551 1984 1597 2037 δ’
1641 1983 1866 2037 Ἀθανά-

281 2100 407 2147 τους
436 2081 701 2146 ἐκείνους,
734 2079 890 2148 λόχον
918 2077 1096 2131 ἐποίει
1159 2076 1455 2147 Ῥωμαίοις
1491 2092 1505 2107 ·
1542 2075 1590 2129 οἳ
1637 2077 1731 2129 καὶ
1782 2077 1864 2139 είς

284 2175 378 2230 δύο
412 2175 693 2245 γενόμενοι
733 2173 1012 2240 τάγματα,
1074 2169 1240 2239 μέσον
1302 2168 1637 2240 περικλείειν
1707 2170 1862 2220 ἐπει-

288 2267 457 2337 ρῶντο
479 2266 678 2333 μ’ἴραν
698 2263 799 2315 οὐκ
853 2261 1143 2331 ἐλαχίστην
1204 2259 1495 2329 Ῥωμαίων
1551 2258 1695 2311 τινά.
1732 2259 1867 2310 Ῥω-

290 2360 439 2429 μαῖοι
467 2358 523 2410 δὲ
553 2357 691 2427 πρὸς
725 2355 823 2424 μὲν
854 2356 1108 2423 θάτερον,
1133 2352 1161 2405 δ
1219 2353 1285 2422 δή
1336 2354 1431 2407 καὶ
1492 2352 1700 2419 ἐώρων,
1730 2350 1866 2419 πρὸς

286 2452 464 2505 ἐκεῖνο
493 2449 589 2501 καὶ
611 2443 759 2501 οὗτοι
796 2443 1282 2514 παρεσκευάζοντο
1319 2457 1334 2473 ⁸
1372 2441 1527 2494 οὔπω
1562 2443 1668 2512 γὰρ
1707 2441 1866 2494 θάτε-

289 2557 382 2613 ρον
404 2537 541 2592 εἶδον
566 2556 581 2568 ·
610 2538 876 2606 ἐξαπίνης
925 2538 1033 2606 γαρ
1066 2536 1303 2603 ἔδραμεν
1333 2549 1348 2566 ο
1384 2534 1487 2604 ήδη
1543 2533 1600 2585 δέ
1659 2533 1868 2604 συρρή-

283 2630 512 2699 γνυσθαι
537 2629 840 2699 μελλόντων
870 2627 978 2679 τῶν
1006 2626 1461 2696 στρατευμάτων,
1490 2624 1627 2694 πρὸς
1658 2623 1864 2692 ἄλληλα

284 2718 419 2773 Θεοῦ
484 2720 715 2790 προνοίᾳ
782 2718 889 2771 τινὶ
937 2717 1168 2785 στρατὸς
1236 2716 1526 2785 Ῥωμαίων
1577 2716 1763 2784 ἕτερος
1802 2714 1867 2767 ἐκ

285 2828 430 2874 τινος
463 2810 700 2880 γηλόφου
758 2808 1144 2878 προύφαίνετο,
1184 2809 1477 2879 Προκοπῖῳ
1526 2807 1604 2877 τῷ
1634 2823 1867 2877 στρατη-

282 2905 421 2976 λάτῃ
444 2906 713 2973 ἀγόμενος
744 2918 760 2934 ο
795 2903 851 2964 ὃς
877 2903 936 2953 ἐν
974 2899 1207 2969 κινδύνῳ
1261 2901 1701 2969 ἀπειλημμένους
1741 2901 1867 2961 τοὺς

287 2991 594 3060 ὁμοφύλους
647 2989 794 3054 ίδὼν,
854 2992 970 3053 τοῖς
1023 2990 1259 3058 Πέρσαις
1321 2990 1665 3059 ἐπιθέμενος,
1728 2992 1866 3043 κατὰ

284 3081 458 3133 νώτου
522 3077 744 3147 ἐχώρει.
808 3076 917 3129 Καὶ
970 3076 1019 3129 οί
1079 3076 1187 3146 πρὸ
1251 3076 1480 3146 βραχέος
1545 3076 1865 3143 μεσολαϐεῖν

288 3154 579 3245 μέλλοντες
609 3168 1041 3239 μεσολαϐοῦνται
1073 3166 1390 3236 Ῥωμαίοις.
1420 3168 1528 3221 Καὶ
1551 3167 1863 3228 κτείναντες
1891 3198 1933 3254 c

284 3269 553 3329 ἅπαντας,
586 3264 799 3316 ἐκεῖθεν
826 3262 963 3331 πρὸς
979 3259 1104 3321 τοὺς
1131 3260 1195 3312 ἐκ
1218 3258 1320 3328 τῆς
1348 3257 1577 3326 ἐνέδρας
1608 3257 1860 3320 ἐπιόντας

282 3357 623 3428 ἐτράπησαν.
675 3354 903 3421 Ἐπίσης
958 3353 1033 3431 δὲ-
1080 3352 1371 3413 κάκείνους
1430 3351 1543 3413 τοῖς
1592 3350 1861 3413 ἀκοντίοις

281 3443 800 3517 διέφθειραν.οὖτω
829 3445 930 3513 μὶν
963 3441 1057 3495 οὖν
1094 3443 1142 3494 οἱ
1174 3440 1325 3510 παρὰ
1360 3439 1595 3508 Πέρσαις
1639 3437 1864 3490 Ἀθάνα-

283 3558 365 3595 τοι
430 3538 620 3607 θνητοὶ
684 3536 889 3599 πάντες
956 3533 1221 3603 ἐξαπίνης
1290 3530 1642 3601 ἐδείχθησαν,
1694 3528 1859 3583 αὑτοῦ

280 3629 524 3704 Χριστοῦ
585 3628 685 3701 τὴν
744 3627 900 3697 δίκην
949 3626 1189 3695 Πέρσαις
1242 3622 1723 3693 είσπραξαμένου³
1778 3616 1860 3685 οἷς

278 3733 378 3783 οὐκ
405 3725 722 3797 ἐλαχίστους
762 3722 872 3776 τῶν
920 3722 1132 3775 ἐκείνου
1194 3720 1550 3791 θεραπευτῶν
1607 3718 1860 3787 εὐσεϐείᾳ

280 3820 660 3888 διενεγκόντας
709 3814 927 3886 πικρῶς
979 3812 1074 3868 τοῦ
1127 3812 1227 3884 ζῇν
1279 3811 1647 3882 ὑπεξήγαγον.
1687 3811 1747 3865 '0
1803 3809 1860 3862 δὲ

280 3913 534 3985 βασιλεὺς
596 3908 829 3981 Περσῶν
881 3906 1024 3960 οὕτω
1078 3905 1425 3976 δυστυχήσας
1478 3904 1860 3974 προσεποιεῖτο

209 4026 229 4041 ν
280 4007 377 4075 μὲν
410 4003 578 4075 μηδὲν
603 4001 799 4054 εἰδέναι
829 4001 934 4052 τῶν
957 3998 1291 4068 γενομένων,
1336 3997 1428 4050 καὶ
1475 3997 1567 4049 τὸν
1612 3992 1862 4066 πρέσϐυν

278 4098 466 4160 λύσας,
506 4093 608 4164 τὴν
646 4090 948 4161 πρεσϐείαν
996 4091 1258 4160 προσίετο
1291 4087 1535 4142 ἐπειπών
1566 4104 1578 4118 ·
1614 4090 1687 4141 Οὐ
1727 4086 1862 4142 Ῥω-

283 4186 463 4257 μαίοις
489 4180 853 4253 χαριζόμενος
883 4181 985 4248 τὴν
1034 4181 1260 4250 εἰρήνην
1309 4180 1675 4244 ἀσπάζεσθαι,
1725 4179 1860 4233 ἀλλὰ

281 4279 364 4331 σοί
390 4292 453 4346 γε
488 4277 710 4329 πάντων
737 4272 986 4341 περιόντι
1020 4272 1285 4341 φρονήσει
1315 4274 1413 4340 τὴν
1444 4273 1604 4340 χάριν
1657 4273 1861 4340 ταύτην

277 4367 458 4430 εἰδώς.
501 4365 560 4419 '0
586 4363 689 4434 μὲν
715 4358 810 4417 οὖν
844 4363 1114 4428 Περσικὸς
1145 4361 1383 4430 πόλεμος
1412 4361 1503 4414 διὰ
1554 4358 1681 4423 τοὺς
1710 4377 1862 4431 κινη-

278 4461 470 4521 θέντας
498 4460 680 4511 ἐκεῖσε
739 4454 1164 4525 Χριστιανικοὺς
1197 4453 1477 4523 διωγμοὺς
1528 4453 1630 4524 τὴν
1685 4454 1859 4523 ἀρχὴν

275 4551 538 4621 εἰληφὼς,
566 4550 687 4601 τότε
715 4547 779 4618 δὴ
811 4547 909 4600 κα)⁴
940 4546 1093 4608 τέλος
1128 4545 1438 4611 ἐλάμϐανεν
1479 4561 1494 4577 ο

275 4644 500 4713 πολέμῳ
540 4642 631 4695 καὶ
653 4644 680 4695 ὁ
697 4640 935 4709 διωγμὸς
960 4637 1326 4691 κατεπαύετο.

1965 619 2073 672 que
2112 604 2236 671 fuit,
2270 616 2330 661 ιιι
2365 606 2531 660 etiam
2581 606 2838 661 secundis
2882 607 3048 660 rebus
3087 608 3223 670 suis,
3261 608 3412 676 pacis
3462 618 3544 663 ta-

1969 711 2093 749 men
2125 697 2359 751 consilia
2386 708 2627 767 caperet,
2662 709 2715 752 et
2746 714 2872 752 cum
2903 698 3157 753 hostibus
3188 698 3369 753 ftedus
3400 699 3541 754 inire

1964 787 2151 840 vellet.
2201 789 2489 844 Helionem
2536 789 2707 859 igitur
2751 789 2951 844 ducem
3001 790 3199 844 illustri
3244 791 3536 860 praeditum

1966 877 2254 947 dignitate,
2287 881 2352 935 ad
2402 897 2589 949 pacem
2635 898 2760 936 cum
2798 883 2979 938 Persis
3017 884 3322 938 faciendam
3369 886 3542 941 misit.

1964 971 2146 1039 Atque
2176 971 2223 1024 is
2254 983 2543 1042 postquam
2575 976 2630 1028 in
2662 975 3108 1044 Mesopotamiam
3144 982 3408 1045 pervenit,
3444 979 3539 1032 ubi

1965 1063 2198 1118 Romani
2257 1064 2461 1118 fossam
2517 1067 2709 1133 altam,
2756 1083 2876 1136 quae
2925 1070 3185 1137 praesidio
3236 1070 3317 1124 eis
3371 1081 3538 1135 esset,

1967 1152 2262 1218 duxerant,
2298 1154 2681 1217 Maximinum,
2713 1156 2890 1209 virum
2927 1159 3274 1226 praeclarum,
3310 1167 3365 1212 et
3393 1160 3541 1228 ejus-

1967 1245 2091 1299 dem
2121 1260 2246 1298 cum
2276 1245 2591 1301 Ardaburio
2617 1246 2922 1317 dignitatis.
2952 1248 3048 1317 qui
3080 1253 3143 1302 de
3171 1266 3304 1319 pace
3331 1258 3539 1319 ageret,

1966 1336 2034 1390 ad
2091 1335 2314 1390 Persam
2363 1337 2585 1407 legavit.
2632 1337 2965 1394 Maximinus
3007 1340 3152 1408 apud
3193 1356 3371 1411 regem
3410 1357 3469 1395 se
3508 1357 3539 1396 a

1966 1428 2238 1492 ducibus,
2285 1443 2399 1483 non
2451 1429 2519 1483 ab
2572 1429 2911 1499 imperatore
2959 1430 3081 1499 ipso
3138 1432 3364 1485 missum
3419 1446 3545 1485 esse

1966 1521 2106 1574 dixit
2134 1538 2148 1574 :
2181 1521 2334 1575 illum
2363 1522 2509 1577 enim
2537 1522 2742 1575 bellum
2771 1524 2876 1576 hoc
2907 1523 3154 1589 nescire;
3186 1531 3350 1592 atque
3373 1525 3538 1578 etiam

1968 1623 2026 1668 ut
2047 1613 2098 1667 id
2128 1613 2361 1668 maxime
2389 1615 2580 1679 sciret,
2607 1614 2762 1683 parvi
2794 1624 2974 1668 tamen
3007 1614 3212 1670 facere.
3238 1617 3409 1669 Porro
3434 1615 3542 1672 Va-

1968 1721 2100 1760 rane
2135 1706 2464 1775 legationem
2496 1721 2615 1760 eam
2654 1707 2983 1775 recipiente,
3015 1708 3164 1777 quod
3195 1708 3338 1763 fame
3370 1709 3551 1763 maxi-

1968 1809 2055 1846 ma
2112 1796 2391 1848 exercitus
2455 1797 2575 1865 ejus
2633 1806 3005 1863 premeretur.
3060 1799 3152 1867 qui
3211 1800 3354 1868 apud
3414 1816 3542 1853 eum

1970 1886 2313 1942 lmmortales
2343 1890 2417 1958 (l)
2446 1898 2715 1942 vocantur
2745 1889 2960 1953 (decem
2990 1891 3221 1945 millium
3254 1908 3544 1947 numerum

1969 1978 2043 2040 ii,
2101 1978 2444 2033 delectorum
2506 1978 2803 2032 admodum
2869 1988 2925 2034 et
2983 1981 3208 2035 fortium
3255 1983 3541 2047 virorum,

1968 2070 2271 2140 complent)
2316 2087 2444 2125 eum
2492 2072 2678 2127 adiere
2708 2091 2723 2127 :
2753 2082 2810 2128 et
2847 2088 2915 2128 ne
2952 2074 3108 2143 prius
3142 2089 3329 2142 pacem
3369 2076 3546 2131 susci-

1969 2172 2145 2233 peret,
2194 2179 2356 2233 quam
2396 2165 2661 2233 impetum
2702 2164 2757 2219 in
2791 2165 3067 2222 Romanos
3113 2183 3302 2237 parum
3350 2178 3543 2223 cautos

1968 2257 2072 2326 ipsi
2110 2256 2390 2321 fecissent,
2427 2257 2789 2313 admonuere.
2832 2258 3045 2325 Quibus
3088 2277 3184 2317 rex
3222 2262 3540 2337 obsecutus,

1967 2358 2245 2404 oratorem
2277 2350 2501 2420 quidem
2538 2351 2593 2405 in
2632 2350 2822 2406 abdito
2856 2352 2978 2407 loco
3010 2354 3255 2409 clausum
3292 2370 3542 2411 asserva-

1965 2443 2047 2496 vit
2091 2442 2488 2499 :lmmortales
2552 2453 2736 2497 autem
2805 2444 2931 2499 illos
2986 2446 3219 2501 insidias
3279 2448 3545 2503 Romanis

1954 2530 2396 2604 'struerejussil.
2431 2535 2535 2600 Qui
2584 2535 2833 2590 bifariam
2875 2537 3062 2602 divisi,
3101 2539 3156 2592 in
3202 2539 3382 2593 medio
3423 2555 3549 2609 par-

1971 2631 2078 2676 tem
2125 2622 2423 2693 quamdam
2475 2625 2705 2676 llomani
2752 2627 3029 2680 exercitus
3077 2643 3185 2681 non
3223 2629 3544 2694 minimam,

1969 2714 2400 2767 circumventam
2456 2713 2789 2768 concludere
2840 2716 3158 2771 voluerunt.
3202 2716 3433 2775 Romani
3477 2720 3544 2775 ad

1973 2812 2208 2857 turmam
2257 2804 2498 2858 hostium
2546 2820 2687 2870 eam,
2728 2820 2892 2875 quam
2945 2820 3368 2877 conspexerant,
3412 2827 3546 2866 con-

1971 2899 2117 2951 versi
2150 2897 2491 2950 ferebantur.
2527 2898 2781 2953 Nondum
2821 2901 2966 2952 enim
3003 2901 3251 2964 alteram.
3286 2921 3408 2973 quze
3441 2905 3543 2960 de-

1969 3002 2195 3060 repente
2252 3000 2629 3059 procurrerat,
2679 2992 2959 3046 videbant.
3017 2994 3080 3047 Et
3123 2996 3234 3063 jam
3288 2997 3433 3052 inter
3481 3015 3543 3054 se

1970 3084 2117 3135 acies
2165 3081 2609 3146 concurrebant,
2667 3096 2791 3136 cum
2848 3082 2941 3137 Dei
2988 3086 3375 3152 providentia,
3422 3089 3545 3142 aliae

1970 3171 2340 3228 Romanorum
2379 3172 2552 3241 copiae
2582 3187 2648 3226 ex
2681 3173 2821 3226 colle
2849 3174 3107 3243 quopiam
3141 3178 3549 3246 prospicientes

1966 3277 2291 3331 apparuere,
2345 3262 2602 3332 Procopii
2666 3260 2822 3317 ducis
2874 3264 3026 3334 signa
3078 3277 3396 3336 sequentes,
3448 3272 3544 3338 qui

1964 3355 2113 3407 cives
2156 3369 2290 3408 suos
2338 3353 2393 3408 in
2430 3354 2730 3409 discrimen
2780 3357 3061 3426 conjectos
3106 3358 3321 3425 videns,
3354 3373 3548 3418 contra

1962 3444 2160 3500 Persas
2210 3445 2388 3513 duxit,
2435 3461 2640 3517 eosque
2692 3463 2722 3502 a
2773 3456 2925 3518 tergo
2978 3465 3267 3522 aggressus
3316 3463 3420 3509 est.
3465 3455 3546 3510 ita

1963 3536 2191 3604 factum,
2235 3547 2293 3591 ut
2341 3538 2437 3608 qui
2486 3539 2652 3608 paulo
2702 3550 2829 3594 ante
2882 3542 3214 3613 intercipere
3267 3544 3550 3601 Romanos

1965 3629 2273 3695 voluerint,
2320 3628 2427 3699 ipsi
2478 3630 2548 3685 ab
2600 3630 2710 3686 illis
2755 3632 2870 3686 sint
2924 3633 3304 3691 cireumventi.
3355 3635 3545 3693 Nostri

1963 3722 2222 3776 omnibus
2260 3722 2369 3777 illis
2408 3722 2628 3787 occisis,
2665 3724 2730 3778 ad
2774 3740 2869 3779 eos
2907 3726 3033 3781 inde
3077 3728 3171 3797 qui
3214 3744 3279 3782 ex
3322 3729 3545 3784 insidiis

1962 3814 2284 3884 prodibant,
2329 3811 2607 3882 conversi,
2662 3816 2853 3871 itidem
2905 3817 3029 3872 illos
3078 3832 3300 3888 Quoque
3340 3822 3549 3891 iaculis

1962 3905 2342 3961 confecerunt.
2402 3907 2690 3977 Ad‘bunc
2744 3908 2912 3979 igitur
2971 3911 3193 3969 modum
3246 3912 3338 3982 qui
3393 3915 3547 3983 apud

1962 3996 2159 4051 Persas
2207 4006 2338 4051 sunt
2383 3997 2751 4063 lmmortales,
2795 4000 2981 4054 subito
3035 4005 3295 4057 mortales
3346 4020 3547 4060 omnes

1963 4105 2083 4146 esse
2115 4091 2382 4158 comperti
2433 4099 2582 4155 sunt,
2621 4092 2740 4160 ipso
2771 4106 2799 4145 a
2839 4092 3025 4148 Persis
3059 4110 3254 4163 ptruas
3289 4107 3552 4152 sumente

1964 4181 2222 4247 Christo,
2274 4191 2564 4251 propterea
2618 4182 2766 4251 quod
2816 4183 3088 4250 plurimos
3129 4185 3248 4255 ejus
3296 4188 3551 4243 cultores

1964 4271 2166 4342 insigni
2213 4272 2416 4340 pietate
2469 4282 2817 4341 praestantes,
2864 4276 3061 4339 acerba
3107 4286 3284 4331 morte
3337 4279 3540 4332 multa-

1963 4365 2095 4419 rint.
2123 4363 2287 4435 483
2320 4364 2434 4417 liex
2470 4374 2652 4418 autem
2686 4367 2975 4420 Persarum
3007 4369 3163 4422 clade
3192 4383 3255 4422 ea
3288 4380 3538 4439 accepta,

1962 4455 2103 4508 nihil
2132 4470 2191 4509 se
2222 4470 2410 4508 earum
2450 4468 2633 4508 rerum
2667 4457 2810 4509 scire
2852 4458 3193 4521 assimilavit,
3221 4467 3277 4512 et
3313 4469 3538 4515 oratore

1549 4545 1728 4598 ἐπὶδέ
1781 4545 1858 4617 τῷ
1890 4533 1936 4589 Ι)
1963 4561 1995 4600 e
2036 4546 2284 4599 custodia
2332 4546 2557 4610 emisso,
2593 4546 2924 4615 legationem
2957 4550 3164 4617 recepit
3199 4567 3212 4602 :
3242 4564 3432 4617 pacem
3475 4565 3544 4605 se

1963 4654 2074 4693 non
2106 4647 2167 4692 ut
2188 4637 2456 4693 Romanis
2485 4639 2908 4709 gratificaretur,
2932 4642 3027 4695 sed
3050 4644 3251 4696 oraturi
3277 4642 3377 4711 ipsi
3411 4660 3546 4712 pru—

274 4739 464 4793 dentia
512 4751 707 4791 omnes
760 4733 1050 4789 excellenti
1105 4734 1375 4787 honorem
1422 4747 1549 4787 eum
1594 4732 1847 4802 haberet,
1908 4734 2198 4806 complecti
2256 4743 2508 4790 testatus.
2556 4734 2730 4789 Porro
2800 4736 3002 4790 bellum
3052 4738 3350 4804 Persicum,
3391 4740 3541 4809 quod

272 4831 493 4886 initium
523 4836 747 4900 propter
775 4827 1191 4899 persecutiones
1219 4825 1484 4880 adversus
1508 4823 1853 4881 Christianos
1893 4841 2067 4885 mutas
2092 4830 2350 4900 sumpsit,
2386 4827 2549 4883 tinent
2585 4836 2697 4882 tum
2729 4829 2938 4885 habuit.
3000 4828 3137 4885 Cum
3165 4830 3285 4900 ipso
3347 4841 3545 4886 autem.
3644 4878 3647 4879 ν

272 4923 417 4978 bello
446 4921 763 4992 persecutio
792 4934 1009 4991 quoque
1043 4918 1383 4987 conquievit.

348 5109 423 5178 (l)
476 5106 787 5178 ’Aeava'cgt,
831 5104 936 5158 hoc
979 5113 1090 5169 est,
1137 5105 1504 5178 immortales.
1552 5103 1839 5178 lectissimi

271 5174 459 5235 decies
508 5175 655 5229 mille
699 5174 987 5245 Persarum
1043 5176 1191 5240 viri,
1242 5191 1381 5245 quos
1429 5176 1640 5231 Xerxes
1693 5175 1837 5228 Darii

274 5249 489 5304 habuit.
543 5245 654 5299 llos
704 5246 808 5299 sub
851 5244 1159 5300 Theodosio
1206 5246 1551 5301 Ardaburius
1600 5245 1843 5299 concidit

273 5329 440 5389 atque
485 5314 768 5389 exstinxit.
803 5313 1007 5383 (Suid.)
1050 5346 1118 5357 —
1151 5316 1397 5389 Proximi
1457 5317 1843 5389 ibant._q_uos

274 5383 458 5446 Persae
485 5383 825 5443 [mmortales
852 5394 1070 5453 vocant,
1101 5389 1169 5441 ad
1203 5387 1393 5443 decem
1425 5386 1615 5446 millia.
1649 5383 1843 5442 Cultus

1950 5105 2248 5175 opulentiae
2302 5104 2544 5161 barbarae
2603 5120 2712 5178 non
2758 5105 2899 5160 alios
2954 5105 3128 5178 magis
3174 5106 3529 5164 honestabat.

1951 5178 2034 5230 llli
2080 5192 2279 5231 aureos
2331 5186 2590 5245 torques,
2625 5176 2701 5230 illi
2757 5186 2965 5230 vestem
3017 5176 3155 5233 auro
3209 5178 3525 5232 distinctam

1950 5246 2257 5311 habebant,
2317 5254 2730 5318 manicatasque
2796 5249 3010 5304 tunicas
3068 5251 3304 5318 gemmis
3357 5250 3526 5303 etiam

1951 5318 2265 5372 adornatas.
2306 5315 2393 5390 (Q.
2437 5315 2711 5386 Curtius.)
