4092 6466
540 426 678 490 1127

1112 538 1342 593 CAPUT
1386 536 1548 590 XXII.

541 655 618 710 De
648 658 840 710 :lcario
872 655 1140 709 Amidensi
1171 652 1434 720 ρρῐδεορο,
1468 660 1522 702 ut
1559 652 1600 702 is
1636 667 1699 702 ex
1734 651 1903 702 sacris
1936 646 2116 720 Eccle-

614 732 704 782 sia:
733 731 869 780 rasis
897 726 1125 778 nummis
1166 718 1354 789 frictis,
1379 723 1664 775 Persarum
1707 723 1939 787 captivos
1976 718 2117 770 redi-

614 816 782 857 mens,
832 799 1046 849 domum
1101 809 1186 845 eos
1235 794 1497 845 remiserit
1540 808 1559 845 :
1608 807 1728 860 qua:
1780 806 1863 843 res
1914 801 2119 857 "mgna:

610 870 789 922 Persis
821 868 920 936 [uit
955 864 1325 918 admirationi.

613 1050 746 1103 Erat
776 1056 961 1101 autem
1009 1046 1062 1099 in
1099 1044 1324 1099 civitate
1357 1042 1632 1095 Amidensi
1664 1041 1955 1111 cpiscopus
1988 1040 2120 1093 Aca-

541 1143 661 1197 cIus
701 1141 941 1205 nomine,
965 1154 1129 1209 quetn
1160 1146 1272 1190 tum
1299 1136 1510 1191 facinus
1538 1135 1828 1204 pulchrum
1856 1135 2119 1188 illustrio-

544 1251 658 1288 rem
701 1232 963 1287 omnibus
1005 1239 1170 1298 alque
1218 1228 1509 1283 clariorem
1555 1226 1815 1280 reddidit.
1850 1224 1985 1281 Cum
2032 1237 2114 1281 et-

541 1326 690 1380 enim
728 1322 1006 1378 exercitus
1037 1321 1320 1374 Romanus
1348 1318 1595 1371 Azazena
1627 1318 1852 1386 regione
1884 1327 2115 1383 vastata,

540 1433 705 1486 supra
759 1426 971 1485 septem
1026 1412 1193 1466 millia
1238 1411 1527 1465 Persarum
1574 1410 1871 1478 cepissent,
1913 1426 2116 1479 eosque

542 1510 697 1563 nullo
723 1506 889 1561 modo
916 1506 1095 1559 Persae
1125 1502 1397 1556 redimere
1429 1500 1652 1563 vellent,
1679 1509 1845 1570 atque
1871 1500 1949 1553 illi
1978 1500 2117 1554 fante

542 1599 803 1668 paulatim
853 1596 1035 1650 atllicti
1079 1594 1394 1656 interirent,
1429 1606 1603 1661 eaque
1654 1607 1741 1647 res
1775 1607 1884 1645 non
1922 1606 2114 1662 parum

541 1689 807 1744 molestia:
855 1687 965 1755 regi
1018 1685 1282 1748 aderrct;
1331 1684 1565 1738 Aeacius
1611 1698 1674 1737 ea
1728 1684 1968 1753 cognita,
2008 1700 2115 1738 non

542 1780 613 1833 ita
650 1777 1178 1848 praetermittendam
1212 1776 1451 1840 censuit,
1481 1777 1575 1830 sed
1608 1776 1703 1845 qui
1749 1776 1853 1831 sub
1878 1793 1944 1831 co
1971 1787 2115 1842 erat,

1766 416 2186 481 NiCEPHORI
2231 408 2571 476 CALIJSTI

2144 535 2196 592 Δ

3663 412 3797 479 1128

2809 531 3054 586 ΚΕΦΑΛ.
3096 527 3223 583 KB’.

2222 646 2360 710 Περὶ
2415 642 2696 697 Ἀκακίου
2763 642 2867 696 τοῦ
2918 643 3259 696 ἐπισκόπου
3304 642 3559 710 Ἀμίδης,
3614 643 3694 710 ὡς
3722 647 3794 697 τὰ

2293 714 2417 782 ἱερὰ
2448 713 2560 781 τῆς
2611 715 2987 779 Ἐκκλησίας
3049 715 3136 777 είς
3186 713 3372 779 κέρμα
3403 715 3616 781 κόψας,
3649 718 3794 781 τοὺς

2296 783 2546 852 Περσῶν
2598 783 3019 851 αἰχμαλώτους
3080 782 3429 851 πριάμενος,
3480 782 3795 838 ἀπέλυσεν

2292 855 2501 925 οἴκαδε
2521 870 2533 882 ·
2562 855 2708 921 ὅπερ
2740 855 2924 923 ,ἔργον
2952 857 3039 920 είς
3072 854 3270 922 θαῦμα
3295 855 3447 922 μέγα
3478 852 3619 919 τοὺς
3651 856 3793 925 Πέρ-

2295 943 2411 991 σας
2436 924 2642 994 ἤγαγε.

2248 1072 2253 1076 ι
2292 1037 2399 1092 'Ilv
2431 1039 2487 1091 δέ
2517 1056 2600 1102 τις
2639 1039 2697 1090 ὲν
2742 1038 2936 1110 Ἀμίδῃ
2966 1042 3032 1110 τῇ
3078 1039 3228 1092 πόλει
3277 1039 3575 1103 ἐπίσκοπος
3631 1039 3794 1093 ’Δκὰ-

2222 1134 2337 1194 κῖος
2373 1131 2543 1201 ὄνομα
2579 1146 2590 1159 ·
2630 1128 2688 1184 ὃν
2722 1131 3030 1201 τηνικαῦτα
3071 1132 3270 1201 πρᾶξις
3328 1132 3509 1203 ἀγαθὴ
3561 1149 3791 1202 περιφα-

2220 1226 2475 1293 νέστερον
2513 1226 2625 1285 τοῖς
2661 1227 2796 1276 πᾶσι
2832 1224 3031 1293 μᾶλλον
3083 1225 3258 1277 ἐποίει
3317 1225 3412 1278 καὶ
3446 1224 3788 1296 περιϐόητον.

2231 1316 2386 1368 Ἐπεὶ
2416 1318 2568 1386 γὰρό
2598 1317 2707 1369 τῶν
2752 1316 3044 1385 Ῥωμαίων
3092 1316 3324 1384 στρατὸς
3356 1315 3457 1385 τὴν
3495 1315 3791 1386 ’Δζαζηνὴν

2220 1410 2620 1478 πορθήσαντες,
2659 1410 2755 1462 ml.
2803 1409 2948 1477 ὑπὲρ
2981 1408 3424 1477 ἑπτακισχιλίους
3454 1406 3677 1477 Περσῶν
3708 1411 3791 1461 αἶ-

2218 1500 2546 1571 χμαλώτους
2584 1503 2894 1572 συσχόντες,
2930 1503 3052 1554 κατ’
3086 1501 3276 1554 οὐδένα
3327 1502 3524 1572 τρόπον
3553 1498 3794 1555 amatae-

2221 1611 2308 1646 ναι
2348 1593 2425 1662 τῷ
2463 1595 2644 1664 Ιιέρσῃ
2680 1592 2938 1663 ᾑροῦντο,
3002 1592 3146 1662 λιμῷ
3172 1592 3216 1645 δ’
3280 1591 3617 1661 ἑξετρίϐοντο
3671 1591 3793 1645 κατ’

2218 1686 2400 1754 ὀλίγον
2447 1685 2891 1755 διαφθειρόμενοι
2929 1684 3111 1755 (τοῦτο
3162 1685 3218 1737 δὲ
3275 1684 3335 1737 οὐ
3402 1684 3620 1755 μέτριον
3660 1686 3791 1739 ἐνίει

2219 1777 2295 1845 τῷ
2338 1774 2548 1845 βασιλεῖ
2580 1774 2804 1842 Περσῶν
2836 1774 3025 1843 ἄχθος)
3056 1791 3070 1804 ·
3104 1775 3132 1826 ό
3179 1774 3430 1835 Ἀκάκιος
3460 1774 3632 1827 ταῦτα
3660 1777 3790 1828 ἀνα-

540 1870 691 1923 clero
721 1880 915 1922 coacto
944 1887 958 1924 :
997 1888 1015 1920 ι
1051 1868 1216 1932 Deus,
1250 1868 1448 1935 inquit,
1482 1880 1691 1931 noster,
1727 1868 1897 1934 filioli,
1932 1886 2110 1939 neque

2220 1867 2429 1938 μαθὼν,
2453 1869 2514 1920 οὐ
2559 1868 2879 1937 παρέδραμε
2918 1867 2985 1918 τὰ
3047 1868 3337 1934 γενόμενα,
3378 1867 3514 1921 ἀλλὰ
3564 1868 3655 1921 τὸν
3701 1869 3789 1920 ὑπ’

540 1961 710 2014 discis
756 1959 987 2029 indiget,
1021 1974 1199 2029 neque
1242 1959 1438 2028 pocula
1483 1968 1657 2012 curat.
1693 1959 2114 2028 Egestatienim

543 2053 770 2107 minime
814 2053 1111 2117 obnoxius,
1147 2068 1253 2107 non
1281 2052 1416 2116 edit,
1443 2068 1623 2120 neque
1652 2051 1811 2106 bibit.
1843 2051 1979 2106 Cum
2012 2052 2113 2122 igi-

542 2156 631 2199 tur
659 2147 825 2201 multa
858 2146 969 2201 sint
998 2147 1250 2202 ecclesia:
1275 2148 1395 2217 ejus
1419 2147 1666 2211 donaria,
1695 2163 1863 2202 aurea
1891 2148 2114 2216 quidem

539 2236 802 2308 plurima,
848 2239 1017 2292 multa
1067 2239 1236 2293 etiam
1280 2247 1567 2309 argentea,
1610 2254 1733 2308 qua:
1779 2239 2116 2309 benignitate

536 2338 594 2384 et
626 2331 961 2387 liberalitate
1004 2346 1200 2386 eorum
1234 2333 1329 2401 qui
1366 2348 1424 2388 se
1468 2331 1535 2385 ad
1580 2348 1699 2386 eam
1738 2334 2112 2397 contulerunt,

538 2420 772 2489 paravit,
827 2422 1091 2477 utendum
1135 2422 1218 2477 eis
1261 2438 1461 2477 censeo
1511 2422 1579 2475 ad
1629 2423 1825 2478 Persas
1868 2424 2115 2494 captivos

539 2509 919 2572 redimendos.
947 2522 1002 2565 et
1033 2511 1318 2566 famelicos
1346 2511 1572 2567 alendos
1601 2513 1701 2583 (1).
1740 2533 1755 2565 ι
1798 2514 1922 2568 llaec
1951 2525 2114 2585 atque

536 2600 644 2655 alia
679 2601 830 2656 hisce
859 2603 1063 2657 similia
1101 2606 1344 2669 locutus,
1375 2605 1557 2658 statim
1591 2604 1778 2659 divina
1814 2606 1905 2660 illa
1947 2607 2116 2662 dona-

537 2694 620 2748 ria
649 2693 929 2760 conﬂavit,
957 2709 1123 2764 atque
1161 2711 1228 2749 ex
1264 2697 1345 2751 eis
1387 2697 1806 2752 aestimationem
1846 2700 2114 2754 militibus

536 2800 657 2855 qua:
684 2785 766 2841 eis
795 2787 911 2841 visa
945 2786 1145 2851 fuerat,
1182 2788 1468 2857 persolvit,
1501 2798 1555 2842 et
1584 2790 1827 2858 captivos
1857 2793 2065 2860 recepit
2097 2808 2111 2845 :

535 2876 739 2932 deinde
762 2879 1038 2934 alimentis
1063 2895 1160 2935 eos
1183 2880 1403 2935 abunde
1431 2880 1693 2947 refectos,
1719 2882 1919 2936 viatico
1948 2884 2112 2937 etiam

534 2982 885 3040 prosecutus,
918 2972 984 3024 ad
1020 2986 1205 3041 regem
1251 2987 1411 3026 suum
1455 2973 1631 3028 misit.
1661 2973 1717 3027 ld
1749 2973 1993 3042 episcopi
2037 2974 2115 3027 fa-

535 3074 708 3129 ctum,
740 3063 1041 3133 plurimum
1076 3063 1365 3117 Persarum
1403 3079 1587 3133 regem
1619 3064 1686 3117 ad
1714 3065 2115 3118 consternatio-

537 3172 663 3209 nem
704 3154 890 3225 adegit
920 3173 932 3208 :
968 3154 1137 3226 484
1174 3155 1319 3224 quod
1371 3154 1635 3209 Romanis
1674 3162 1970 3223 utrumque
2009 3156 2113 3211 hoc

533 3251 724 3303 studio
748 3256 915 3313 esset,
950 3256 1008 3301 ut
1040 3247 1204 3302 simul
1231 3255 1287 3300 et
1316 3247 1460 3300 bello
1485 3258 1540 3300 et
1569 3246 1874 3303 benefactis
1897 3251 2111 3319 egregie

535 3344 842 3396 vincerent.
877 3342 1091 3396 Dicitur
1123 3355 1276 3404 vero,
1316 3340 1541 3394 Persam
1568 3341 1733 3395 etiam
1773 3341 2107 3397 desiderium

534 3436 750 3503 cepisse
803 3434 902 3487 viri
952 3434 1072 3504 ejus
1127 3430 1389 3496 videndi,
1430 3440 1486 3484 ut
1529 3433 1647 3503 ejus
1701 3442 1758 3486 et
1812 3443 2109 3503 conspectu

445 3578 468 3589 ,
535 3525 838 3587 frueretur,
862 3534 918 3580 et
945 3524 1223 3594 colloquio
1252 3524 1595 3592 dignaretur.
1631 3524 1796 3594 quue
1827 3525 1907 3582 sic
1935 3526 2113 3596 impe-

535 3619 739 3672 ratoris
773 3617 1071 3673 Theodosii
1101 3617 1258 3687 jussu
1294 3615 1498 3670 factum
1524 3632 1668 3682 esse,
1703 3616 1844 3672 fatua
1873 3619 2109 3675 obtinet.

536 3709 840 3768 Victoriam
884 3712 1026 3766 hanc
1068 3720 1273 3765 tantam
1317 3719 1607 3779 postquam
1641 3712 1781 3766 Deus
1812 3714 2109 3775 concessit.

536 3807 855 3876 quicunque
888 3818 954 3858 eo
983 3811 1229 3871 tempore
1266 3802 1581 3857 eruditione
1614 3804 1913 3873 pollebant,
1944 3805 2112 3861 libros

538 3900 592 3953 in
647 3898 869 3953 laudem
936 3894 1289 3964 imperatoris
1356 3894 1578 3963 publice
1638 3895 2109 3966 conscripserunt,

534 3991 699 4061 eique
733 3983 1092 4045 obtulérunt:
1128 3986 1220 4041 alii
1257 3987 1502 4056 quidem,
1538 3995 1599 4041 ut
1636 3988 1963 4056 eloquentiae
2005 3991 2112 4044 vim

537 4100 702 4153 quam
752 4081 917 4151 longo
967 4078 1319 4148 collegissent
1370 4085 1651 4147 tempore,
1696 4080 2052 4135 ostenderent
2094 4099 2109 4137 :

536 4176 629 4229 alii
670 4184 889 4238 autem,
928 4180 990 4225 ut
1037 4186 1095 4225 se
1144 4171 1199 4223 in
1248 4169 1498 4223 notitiam
1544 4171 1691 4226 illius
1730 4172 2108 4240 iusinuarent,

537 4278 706 4336 atque
735 4265 828 4319 alii
857 4264 989 4317 item
1015 4276 1236 4316 causam
1265 4263 1426 4317 aliam
1455 4263 1877 4332 praetendentes.
1903 4265 2108 4320 Eadem

541 4371 709 4426 porro
754 4355 829 4408 illi
864 4351 1086 4407 virtutis
1121 4364 1445 4408 ornamenta
1483 4354 1814 4412 testimoniis
1853 4359 1968 4410 suis
2011 4356 2109 4409 im-

542 4446 784 4519 peratori
843 4445 1188 4506 tribuerunt,
1246 4462 1368 4515 quae
1425 4454 1481 4499 et
1535 4462 1637 4501 nos
1696 4447 1765 4500 de
1822 4461 1889 4501 eo
1945 4463 2111 4517 supra

2220 1960 2370 2030 αὐτῷ
2398 1961 2732 2028 ταττόμενον
2778 1959 3060 2032 ἀθροίσας,
3103 1979 3121 2011 ι
3196 1960 3256 2013 '0
3310 1961 3464 2022 Θεὲς,
3519 1954 3564 2014 ὦ
3606 1962 3786 2022 τέκνα,

2219 2054 2404 2123 φησὶν,
2438 2056 2464 2107 ό
2489 2055 2758 2124 ἡμέτερος
2783 2052 2909 2104 οὔτε
2940 2052 3146 2106 δίσκων
3173 2054 3228 2105 ὲν
3286 2055 3445 2123 χρείᾳ
3475 2055 3640 2117 ἐστὶν,
3672 2051 3786 2107 ἀλλ’

2218 2148 2338 2200 οὐδὲ
2368 2148 2647 2218 ποτηρίων
2679 2146 2827 2215 αὐτῷ
2865 2146 3087 2215 φροντίς
3131 2162 3143 2176 ·
3178 2148 3490 2216 ἀπροσδεὴς
3534 2148 3641 2218 γὰρ
3691 2149 3784 2213 ὢν,

2217 2238 2330 2292 οὒτ’
2355 2238 2550 2299 ἐσθίει,
2588 2239 2683 2291 καὶ
2714 2239 2815 2307 τῆς
2851 2239 3030 2308 ὑγρᾶς
3062 2238 3349 2307 ἐλεύθερός
3406 2241 3521 2293 ἐστι
3557 2241 3782 2302 πόσεως.

2223 2337 2440 2388 Πολλῶν
2499 2338 2683 2390 τοίνυν
2713 2338 3028 2408 προσόντων
3061 2338 3363 2408 κειμηλίων
3389 2340 3455 2407 τῇ
3498 2335 3787 2405 Ἐκκλησία

2218 2429 2410 2495 αὐτοῦ,
2445 2429 2648 2499 χρυσοῦ
2685 2429 2785 2499 μὲν
2826 2431 3079 2493 πλεῖστα,
3116 2430 3286 2483 πολλὰ
3315 2430 3371 2482 δὲ
3403 2431 3498 2482 καὶ
3546 2427 3784 2500 ἀργύρου

2220 2524 2587 2590 πεποιημένα,
2611 2521 2646 2575 ἆ
2673 2521 2736 2592 δὴ
2766 2523 2861 2575 καὶ
2890 2523 3157 2592 ἐκτήσατο
3206 2521 3388 2592 εὐνοίᾳ
3445 2521 3541 2573 καὶ
3586 2536 3785 2588 προσαο

2218 2614 2371 2680 γωγῇ
2399 2610 2511 2664 τῶν
2541 2612 2934 2682 προσηκόντων
2977 2609 3150 2680 αὐτῷ,
3181 2608 3380 2681 χρῆναι
3426 2609 3627 2678 νομίζω
3667 2607 3785 2660 τού-

2215 2719 2327 2765 τοις
2348 2704 2474 2765 τους
2508 2700 2892 2771 αἰχμαλώτους
2931 2701 3159 2771 Περσῶν
3190 2700 3417 2771 ῥύεσθαι
3453 2699 3546 2753 καὶ
3580 2698 3782 2768 διατρέ-

2217 2808 2337 2860 φειν
2407 2792 2731 2855 πεινῶντας.
2779 2792 3011 2846 »Ταῦτα
3083 2793 3149 2864 δὴ
3203 2791 3467 2858 ἐπειπὼν,
3516 2790 3606 2845 καὶ
3652 2788 3783 2859 πρὸς

2215 2881 2440 2945 τούτους
2501 2882 2641 2936 ἄλλα
2695 2901 2755 2936 τε
2810 2885 3197 2955 παραπλήσια,
3237 2885 3440 2955 χωνείᾳ
3487 2885 3584 2953 μὲν
3627 2880 3784 2942 εὐθὺς

2216 2974 2387 3026 ἐδίδου
2418 2973 2487 3027 τὰ
2514 2974 2632 3028 θεῖα
2656 2976 2844 3029 ἐκεῖνα
2871 2978 3138 3048 κειμήλια
3172 2996 3186 3010 ’
3223 2977 3284 3041 ἐξ
3307 2978 3527 3030 ἐκείνων
3544 2974 3596 3028 δὲ
3624 2975 3787 3042 τιμήν

2217 3082 2360 3134 ματα
2395 3067 2613 3120 ἐοικότα
2640 3069 2754 3130 τοῖς
2789 3068 3159 3135 στρατιώταις
3216 3068 3486 3138 προσῆγε,
3522 3067 3613 3120 καὶ
3660 3067 3785 3127 τοὺς

2216 3156 2594 3226 αἰχμαλώτους
2612 3158 2941 3226 ὲλάμὸανεν.
2968 3160 3199 3227 Ἔπειτα
3227 3157 3535 3229 διατρέφων
3557 3156 3787 3225 ἀρκούνο

2215 3266 2344 3314 τως,
2373 3248 2607 3317 ἐφοδίοις
2638 3242 2914 3316 ἐδεξιοῦτο
2935 3266 2949 3279 ο
2985 3252 3082 3304 καὶ
3111 3251 3170 3314 ἐς
3226 3252 3315 3305 τὸν
3335 3252 3535 3304 οἰκεῖον
3565 3248 3786 3318 βασιλέα

2216 3341 2460 3413 Γοράνην
2522 3342 2878 3412 ἀπέπεμπεν.
2926 3341 2994 3396 Ἦ
3020 3343 3087 3412 δὴ
3119 3342 3320 3413 πρᾶξις
3345 3343 3441 3395 τοῦ
3492 3342 3785 3395 ἐπισκόπου

2215 3434 2570 3487 ἐπιπλεῖστον
2622 3435 2974 3504 ἐκπλαγῆναι
2996 3435 3086 3488 τὸν
3110 3435 3335 3505 Περσῶν
3367 3433 3589 3504 βασιλέα
3614 3433 3787 3486 ἐποίει

2212 3529 2410 3598 ὅτιπερ
2457 3529 2751 3598 ἀμφότερα
2818 3527 3118 3596 Ῥωμαίοις
3171 3526 3561 3589 ὲσπούδασται,
3604 3526 3678 3594 τῷ
3722 3541 3786 3577 τε

2215 3620 2461 3689 πολέμῳ,
2492 3621 2587 3672 καὶ
2604 3619 2681 3688 τῷ
2711 3614 2770 3671 εὖ
2828 3621 3006 3671 ποιεῖν
3044 3617 3389 3688 κατακρὰτος
3442 3616 3617 3685 νικᾷν.
3649 3613 3786 3668 Φασὶ

2213 3712 2269 3766 δὲ
2300 3716 2390 3766 καὶ
2416 3715 2490 3775 ὡς
2539 3714 2617 3774 είς
2670 3711 2969 3781 ἐπιθυμίαν
3000 3706 3137 3782 ἧκεν
3169 3714 3198 3765 ό
3259 3712 3474 3781 Πέρσης
3525 3709 3617 3763 καὶ
3664 3708 3785 3760 κατ’

2213 3801 2337 3872 δψιν
2356 3804 2594 3871 ἐντυχεῖν
2610 3801 2688 3870 τῷ
2708 3801 2886 3871 ἀνδρί,
2913 3800 3057 3854 ὥστε
3075 3803 3167 3854 καὶ
3193 3800 3365 3863 εἴδους
3389 3799 3783 3862 ὲπαπολαῦσαι,

2216 3894 2309 3946 καὶ
2332 3892 2549 3962 ὁμιλίας
2609 3892 2929 3963 ἀξιωθῆναι.
2992 3892 3101 3946 Καί
3141 3909 3205 3960 γε
3258 3890 3417 3946 τοῦτο
3471 3891 3624 3959 λόγος
3673 3889 3787 3959 ἔχει

2214 3984 2468 4054 γενέσθαι
2503 3982 2770 4051 βασιλέως
2823 3983 3254 4053 προστάξαντος.
3293 3982 3558 4052 Τοιαύτης
3586 3981 3641 4034 δὲ
3687 3983 3786 4047 τῆς

2216 4079 2278 4128 ὲκ
2300 4076 2436 4128 69εοῦ
2468 4076 2623 4145 νίκης
2666 4076 3155 4147 πρυτανευθείσης,
3188 4076 3304 4129 ὅσοι
3360 4075 3659 4146 τηνικαῦτα
3700 4073 3787 4127 λό-

2216 4185 2334 4236 γοις
2360 4167 2670 4233 ἀνθοῦντες,
2701 4168 2938 4239 δημοσίᾳ
2965 4171 3093 4231 τοὺς
3120 4167 3461 4239 αίνετηρίους
3487 4168 3593 4220 τῶν
3614 4166 3788 4234 λόγων

2219 4260 2432 4331 βασιλεῖ
2462 4262 2703 4330 ἔγραφον
2758 4262 3045 4332 παριόντες
3079 4275 3095 4289 ’
3128 4262 3157 4315 ὁ
3194 4240 3312 4330 ⁵μὲν
3363 4263 3431 4329 ἢν
3479 4263 3542 4313 ὲκ
3594 4260 3786 4314 πολλοῦ

2220 4355 2596 4422 σονλθροίσειε
2632 4353 2811 4421 λόγων
2860 4353 3095 4423 δύναμιν
3145 4353 3601 4421 ἐπιδεδειγμένος,
3649 4353 3679 4404 ό
3728 4352 3788 4405 δὲ

2220 4449 2497 4519 γνώριμος
2526 4451 2719 4518 ἐκείνῳ
2763 4448 3107 4519 καταστῆναι
3141 4448 3488 4519 βουλόμενος,
3511 4450 3603 4501 καὶ
3629 4447 3788 4508 ἄλλος

541 4536 1117 4599 commemoravimus,
1148 4553 1213 4591 ex
1248 4538 1500 4607 plurimis
1545 4555 1718 4608 pauca
1757 4538 1949 4594 saltem
1991 4539 2114 4594 bre-

2221 4541 2388 4609 ἄλλην
2421 4540 2865 4609 προϐαλλόμενος
2914 4540 3015 4610 τὴν
3052 4543 3250 4594 αἰτίαν.
3308 4540 3519 4595 Ἐκεῖνα
3574 4542 3629 4595 δὲ
3680 4540 3787 4594 τῶν

542 4632 687 4684 viter
724 4628 1180 4698 perstringentcs.
1228 4630 1343 4684 Non
1395 4629 1573 4684 solum
1621 4640 1806 4684 autem
1858 4631 1981 4695 hoc,
2020 4632 2114 4703 qui

547 4716 600 4767 in
646 4722 764 4769 arte
808 4714 1027 4770 dicendi
1070 4715 1312 4770 studium
1362 4727 1660 4787 posuerant
1699 4718 1900 4784 fecere,
1937 4722 2028 4774 sed
2060 4731 2116 4775 et

545 4805 663 4873 ipsa
714 4804 956 4876 Augusta
1009 4806 1361 4875 imperatoris
1405 4809 1628 4879 conjux,
1676 4808 1902 4863 heroico
1953 4826 2115 4864 versu

545 4904 798 4966 poemata
849 4896 1044 4951 marito
1077 4906 1136 4953 et
1171 4899 1409 4968 principi
1457 4915 1559 4953 suo
1600 4901 1934 4968 composuit.
1985 4901 2116 4956 Erat

542 4986 690 5038 enim
721 4986 977 5054 praeclara
1005 4987 1323 5053 admodum,
1351 4998 1407 5043 et
1439 4989 1623 5042 docta.
1656 4989 2115 5060 Quandoquidem

545 5093 677 5133 vero
709 5078 829 5147 ejus
864 5080 1126 5147 memini,
1174 5090 1475 5152 opportune
1514 5081 1619 5137 hoc
1654 5083 1776 5138 loco
1823 5100 1910 5139 me
1949 5101 2118 5155 expo-

544 5171 779 5224 siturum
828 5181 983 5242 pulo,
1023 5188 1145 5242 qua:
1191 5188 1278 5236 ea,
1321 5182 1377 5227 et
1430 5173 1572 5227 unde
1624 5174 1791 5229 fuerit
1835 5196 1847 5232 :
1886 5190 1941 5233 et
1976 5196 2118 5249 quo-

547 5262 709 5316 modo
756 5278 865 5333 pra:
915 5263 1041 5318 aliis
1086 5278 1208 5327 qua:
1257 5264 1309 5317 in
1358 5266 1804 5321 communionem
1855 5270 2114 5323 connubii

546 5354 897 5423 imperatoris
928 5354 1226 5409 Theodosii
1264 5356 1499 5421 veniret,
1535 5357 1746 5413 delecm
1777 5358 1868 5415 sit.
1903 5358 2010 5414 Res
2040 5361 2121 5416 sic

547 5442 735 5498 habet.

613 5618 690 5689 (1)
735 5619 789 5674 Si
830 5621 1345 5699 necessitas‘tuerit
1372 5622 1423 5677 in
1468 5626 1841 5695 redemptione
1877 5632 2124 5699 captivo-

545 5704 697 5747 rum.
744 5701 874 5744 tunc
910 5700 965 5745 et
998 5692 1370 5769 venditionem
1405 5692 1904 5753 sacratissimorum
1945 5692 2124 5769 'atque

561 5775 867 5837 ‘rcanorum
925 5775 1177 5838 vasorum
1213 5765 1314 5838 _ve_l
1377 5770 1643 5832 vestium,
1686 5765 2123 5838 ca'terormmiue

562 5834 893 5883 touariurum
924 5849 1043 5902 quae
1086 5835 1152 5887 ιιιί
1193 5834 1431 5889 divinam
1466 5838 1785 5907 religionem
1819 5856 1949 5893 nece
1985 5834 2122 5895 saria

2218 4632 2400 4684 καλῶν
2452 4632 2944 4703 προσεμαρτύρουν
2992 4631 3071 4703 τῷ
3124 4632 3352 4702 βασιλεῖ,
3398 4632 3435 4686 ἃ.
3491 4634 3586 4687 καὶ
3629 4635 3788 4703 ἡμεῖς

2217 4723 2390 4790 ἀθρόα
2428 4724 2863 4794 περιειλήφαμεν
2900 4723 3129 4790 ἄνωθεν,
3150 4726 3306 4791 ὀλίγα
3328 4727 3392 4778 ὲκ
3417 4726 3557 4779 πάνυ
3585 4725 3788 4778 πολλῶν

2220 4814 2501 4882 συντόμως
2535 4814 2921 4878 διεξελθόντες.
2957 4816 3029 4866 Ob
3057 4819 3219 4883 μόνον
3248 4815 3304 4867 δὲ
3337 4816 3386 4867 οἱ
3437 4816 3564 4882 περὶ
3597 4814 3788 4881 λόγους

2218 4904 2595 4973 ὲσχολακότες,
2629 4906 2767 4958 ἀλλὰ
2797 4908 2890 4957 καὶ
2941 4906 3136 4977 αὐτὴὴ
3173 4905 3384 4975 βασιλὶς
3424 4908 3518 4959 καὶ
3576 4906 3789 4975 γαμετὴ

2217 4996 2311 5048 τοῦ
2335 4998 2665 5066 κρατοῦντος
2691 5000 2745 5050 ἐν
2773 4999 2997 5068 ἡρωῐκῴ
3050 5001 3233 5070 μέτρῳ
3270 4999 3550 5067 ποιήματα
3575 4998 3649 5068 τῷ
3702 5000 3793 5050 ἁν-

2218 5089 2304 5158 δρὶ
2339 5090 2432 5142 καὶ
2457 5091 2669 5159 βασιλεῖ
2698 5092 2957 5163 ἔγραφεν.
2997 5087 3105 5144 Ἦν
3138 5095 3248 5162 γὰρ
3294 5091 3436 5160 μάλα
3484 5092 3787 5160 ἐλλόγιμος.

2234 5184 2384 5235 Ἐπεὶ
2409 5184 2463 5235 δὲ
2500 5183 2703 5253 ταύτης
2735 5185 3040 5253 ἐμνήσθην,
3072 5189 3151 5247 εἰς
3190 5186 3380 5253 καιρὸν
3413 5186 3479 5238 ἂν
3530 5183 3670 5237 δοκῶ
3702 5200 3791 5251 μοι

2220 5274 2527 5338 διεξελθεῖν,
2572 5274 2653 5334 τίς
2688 5291 2747 5325 τε
2778 5270 2845 5343 ἦν
2888 5273 3051 5344 α’ύτη,
3084 5275 3180 5326 καὶ
3216 5274 3354 5337 ὅθεν,
3390 5272 3484 5325 καὶ
3524 5273 3672 5335 ὅπως
3712 5270 3789 5340 τῷ

2225 5368 2435 5435 βασιλεῖ
2466 5367 2734 5435 Θεοδοσίῳ
2795 5369 2874 5429 είς
2915 5366 3198 5419 κοινωνίαν
3248 5365 3423 5433 γάμου
3468 5365 3574 5415 τῶν
3618 5363 3791 5417 ἄλλων

2224 5459 2436 5527 ἐκρίθη.
2479 5459 2631 5529 Ἔχει
2660 5460 2715 5510 δὲ
2746 5459 2907 5512 οὕτω.

2225 5643 2351 5709 sunt
2373 5675 2388 5696 ,
2421 5645 2476 5688 et
2512 5636 2873 5705 hypothccam
2910 5646 2965 5693 et
2995 5639 3403 5709 piguorationes
3439 5639 3553 5693 ﬁeri
3588 5652 3789 5709 conce-

2226 5707 2431 5761 dimus.
2466 5712 2733 5770 Quoniam
2769 5725 2876 5761 non
2907 5707 3209 5763 absurdum
3241 5723 3342 5775 est,
3376 5711 3586 5764 animas
3618 5708 3789 5762 homi-

2227 5792 2356 5851 tium
2387 5788 2811 5845 quihusettuqut-
2844 5783 2987 5833 vasis
3020 5784 3101 5833 Vel
3139 5784 3474 5835 vestimentis
3503 5781 3784 5851 (prudent.

2229 5847 2286 5898 L.
2326 5852 2625 5899 δίέιπιηηιιῖδ.
2671 5851 2729 5903 U.
2770 5855 2841 5901 De
2869 5868 3024 5904 sacro
3059 5864 3184 5906 auct
3243 5853 3449 5905 Leuius.
