4092 6480
587 329 614 399 1
632 331 721 398 131
1647 376 1651 381 ο
1818 337 1866 398 Ν
1880 339 1894 395 l
1907 337 2203 399 CEPHOR

2194 340 2241 401 :1
2276 339 2620 401 ωηιξη
3491 394 3496 400 .
3674 331 3810 417 gina

581 454 690 523 cipi
725 450 974 520 apprime
1015 448 1236 515 cba‘rus,
1280 449 1431 504 tlmni
1480 466 1542 503 ex
1591 449 1829 520 podagra
1878 451 2176 507 decumbe-

2206 469 2246 516 Α
2288 452 2349 507 '0
2382 455 2528 508 δὲτὰ
2553 456 2681 524 περὶ
2710 456 2877 508 αὑτοῦ
2908 455 3141 523 ἀγνοῶν,
3179 455 3252 519 ὥς
3283 472 3332 508 τι
3367 458 3521 527 τέρας
3552 455 3692 524 αὖθις
3747 464 3810 535 τῷ

579 545 697 609 bat,
730 543 904 596 misit.
945 541 1111 613 486
1156 541 1420 596 Paulinus
1465 552 1672 605 autem,
1707 545 1851 612 quod
1910 543 1978 599 dc
2025 546 2168 599 malo

2277 544 2490 613 βασιλεῖ
2539 545 2715 613 δῶρον
2768 546 3065 616 προσῆγεν.
3138 545 3198 601 Ὀ
3229 547 3274 599 δ’
3327 549 3610 616 ἀναγνοὺς.
3655 551 3808 606 ὁποῖον

536 664 539 667 η
579 637 785 692 factum
836 635 1035 699 fuerat,
1078 636 1359 704 ignorans,
1401 648 1469 687 eo
1513 633 1744 704 perinde
1787 643 1955 703 atque
1999 636 2152 689 mira-

2271 635 2404 705 δῆτα
2431 636 2491 689 τὸ
2521 636 2714 705 μῆλον,
2746 638 2944 705 πεῖραν
2983 638 3229 706 προσῆγε
3263 639 3391 709 περὶ
3422 639 3604 693 τούτου
3633 643 3691 710 τῇ
3734 659 3811 709 γυ-

579 729 707 784 culo
756 726 1018 796 quopiam
1081 724 1470 795 imperatorem
1529 735 1855 779 muneratus
1907 736 2011 783 est.
2061 725 2163 793 Qui

2271 727 2464 791 ναικὶ,
2522 728 2622 797 τὴν
2694 727 2967 799 σφετέραν
3037 729 3314 799 σωτηρίαν
3382 731 3806 801 προϐεϐλημένος.

577 831 870 892 postquam
908 817 1045 873 illud
1080 817 1326 888 agnovit,
1360 818 1651 887 conjugem
1700 817 2061 887 explorando,
2097 819 2165 874 de

2282 818 2529 888 Ἐκείνης
2558 817 2617 872 δὲ
2643 817 2721 888 τῷ
2750 818 2968 886 ἀγνοεῖν
2995 817 3097 890 τὴν
3144 822 3342 889 πεῖραν
3390 802 3809 891 διαψευδομένης,

574 927 675 979 eo,
725 928 794 967 an
851 911 988 967 illud
1038 911 1219 981 ipsum
1272 918 1441 975 esset,
1494 909 1727 965 salutem
1774 926 1929 965 suam
1981 911 2164 967 verbis

2269 913 2362 965 καὶ
2392 911 2471 975 ὡς
2495 911 2577 965 ὃτι
2629 910 2800 980 ἡδέως
2829 911 2976 981 μάλα
3004 911 3171 981 φάγοι
3204 910 3337 966 αὐτὸ
3385 914 3714 982 ἀνειπούσης,
3745 917 3809 972 είς

573 1007 946 1077 praetendens,
999 1010 1358 1074 percontatus
1393 1013 1495 1058 est.
1548 1003 1794 1058 Eudocia
1823 1019 1977 1087 vero,
2015 1004 2161 1074 quod

2270 1002 2529 1055 ὑπόνοιαν
2558 1001 2765 1055 ἄτοπον
2796 1000 2993 1071 ἤγειρε
3021 1001 3115 1054 τὸν
3141 1001 3468 1073 κρατοῦντα.
3502 1004 3608 1056 Καὶ
3636 1004 3811 1056 αὐτίκα
3883 1065 3886 1069 _

572 1097 934 1169 imperatoris
981 1096 1279 1153 consilium
1333 1093 1772 1164 explorandique
1818 1095 2158 1149 voluntatem

2268 1093 2538 1156 Παυλῖνος
2569 1094 2671 1164 μὲν
2697 1093 2981 1166 ιξὸριστος
3011 1093 3070 1146 ἐν
3104 1094 3473 1166 Καππαδοκίᾳ
3527 1096 3807 1165 γενόμενος,

571 1208 679 1246 non
712 1191 1068 1261 intelligeret,
1099 1204 1222 1244 cum
1252 1203 1377 1243 esse
1410 1195 1685 1257 negasset.
1718 1185 1942 1265 illudse
1972 1187 2159 1242 liben-

2264 1187 2545 1259 κεφαλικῇ
2589 1190 2833 1260 τιμωρίᾳ
2898 1189 3159 1259 ὑπήγετο.
3232 1188 3445 1259 Ἐκείνη
3505 1189 3560 1243 δὲ
3616 1190 3811 1260 ἀμέτρῳ

568 1296 653 1341 ter
680 1285 989 1341 comedisse
1026 1283 1187 1338 dixit.
1231 1282 1350 1347 Qua
1384 1295 1445 1335 re
1475 1295 1599 1335 cum
1631 1278 1685 1333 in
1719 1296 1941 1349 gravem
1973 1281 2157 1352 suspi-

2261 1280 2347 1334 διὰ
2378 1278 2557 1334 ταῦτα
2606 1281 2877 1351 ληφθεῖσα
2900 1284 2968 1353 τῇ
2987 1280 3157 1354 λύπῃ,
3184 1281 3254 1335 τὰ
3281 1282 3629 1352 ὑπεσχημένα
3665 1282 3810 1349 ὲπλήο

567 1379 785 1431 nionem
845 1376 991 1445 apud
1060 1375 1451 1444 imperatorem
1496 1371 1840 1434 --.incidisset,
1894 1372 2158 1427 Paulinus

2264 1384 2359 1436 pou
2381 1369 2501 1440 Θεῷ
2541 1371 2681 1423 ’καὶ
2737 1370 2938 1424 αὐτίκα
2993 1371 3262 1424 διέϐαινεν
3307 1372 3389 1435 είς
3465 1371 3806 1439 Ἰεροσόλυμα.

564 1471 790 1539 quidem
832 1469 1019 1524 statim
1057 1469 1113 1521 in
1147 1465 1554 1537 Cappadociam
1589 1466 1885 1536 relegatus,
1932 1467 2155 1537 capitali

2260 1460 2395 1515 Θεοῦ
2427 1462 2483 1515 δὲ
2511 1456 2579 1535 ἦν
2623 1463 2734 1527 ἄρα
2774 1464 3081 1535 οἰκονομία,
3119 1464 3187 1517 ἵν’
3242 1468 3360 1517 ἐκεῖ
3411 1464 3688 1534 γενομένη,
3719 1466 3809 1516 πᾶν

565 1564 838 1633 supplicio
872 1571 955 1617 est
989 1561 1246 1615 allectus.
1283 1560 1403 1627 lrsa
1432 1570 1614 1613 autem
1644 1573 1708 1613 ea
1742 1560 1807 1613 de
1840 1574 2007 1614 causa
2047 1560 2153 1614 im-

2259 1556 2313 1607 εῖ
2336 1573 2389 1609 τι
2417 1557 2657 1628 χρηστὸν
2699 1555 3089 1628 διαπράξηται.
3122 1556 3190 1612 Τί
3244 1559 3352 1628 γὰρ
3385 1556 3491 1628 χρὴ
3542 1559 3631 1610 καὶ
3654 1557 3808 1622 λέγειν

566 1672 761 1711 menso
811 1664 1066 1723 correpta
1113 1652 1328 1716 dolore,
1374 1661 1559 1706 votum
1611 1651 1727 1705 Deo
1771 1660 2151 1720 nuncupatum

2257 1652 2358 1705 ὅσα
2393 1652 2511 1704 ἐκεῖ
2535 1650 2818 1721 θαύματος
2841 1650 2970 1717 ἄξια
2999 1650 3299 1704 διετέλεσεν
3348 1650 3482 1720 ἔργα
3505 1650 3562 1702 ἐν
3592 1666 3646 1701 τε
3672 1648 3810 1711 θείοις

566 1749 755 1811 solvit,
780 1756 837 1803 et
866 1747 1014 1801 illico
1043 1743 1422 1816 Hierosolyma
1445 1743 1747 1798 concessit.
1776 1743 2153 1811 Dispositione

2195 1803 2227 1816 __
2265 1745 2413 1808 ναοῖς
2442 1744 2537 1797 καὶ
2577 1743 2834 1812 μοναχῶν
2882 1744 3273 1813 καταγωγίοις,
3334 1744 3432 1797 καὶ
3466 1740 3682 1812 ίερεῦσι,
3734 1750 3811 1793 καὶ

565 1803 754 1894 divina
800 1839 853 1893 id
907 1839 1160 1908 profecto
1206 1803 1433 1902 facium,
1475 1845 1533 1890 ut
1577 1835 1652 1889 ibi
1691 1803 1961 1906 quidquid
2004 1845 2157 1892 esset

2196 1803 2229 1856 Β
2263 1803 2461 1905 πένησι
2492 1851 2506 1901 ;
2542 1803 2670 1902 περὶ
2721 1803 2799 1889 div
2851 1803 3051 1904 μικρὸν
3100 1803 3326 1903 θστερον
3368 1803 3634 1899 διεξέλθω,
3671 1803 3812 1884 τοῦτο

565 1933 772 1987 bonum
806 1940 973 2002 atque
1010 1931 1166 1996 utile,
1202 1929 1513 1997 perliceret.
1547 1926 1692 1993 Quid
1735 1942 1974 1998 namque
2015 1943 2155 1998 opus

2263 1928 2425 1997 μόνον
2442 1928 2517 1980 ’τό
2545 1944 2607 1996 γε
2642 1927 2739 1982 νῦν
2764 1927 2886 1998 ἔχον
2921 1928 3052 1999 περὶ
3082 1928 3254 1999 αὐτῆς
3301 1932 3525 1999 μνήμης
3577 1925 3633 1979 ὃν
3684 1923 3812 1988 ἄξιον

562 2036 646 2081 cst
681 2023 1050 2080 admiratione
1099 2023 1261 2092 digna
1310 2021 1497 2076 dicere
1534 2035 1726 2089 opera,
1759 2035 1883 2089 quae
1923 2035 1992 2075 eo
2030 2020 2153 2077 loco

2257 2023 2323 2091 τῇ
2356 2020 2571 2092 ἱστορίᾳ
2603 2020 3034 2091 διηγησάμενος.
3099 2019 3329 2085 ’Λπλοῦς
3379 2021 3489 2090 γὰρ
3549 2018 3702 2088 φύσει
3750 2016 3810 2066 ὣν

561 2120 619 2174 ίη
663 2118 842 2175 sacris
872 2116 1116 2187 templis,
1151 2115 1666 2183 monachorumque
1707 2113 2025 2177 domiciliis,
2068 2124 2153 2168 at-

2259 2113 2567 2179 Θεοδόσιος,
2608 2114 2703 2168 καὶ
2729 2114 2941 2178 πάντας
2993 2114 3307 2184 εὐεργετεῖν
3367 2110 3808 2184 προθυμούμενοῖ»

557 2227 667 2281 que
699 2208 843 2280 apud
877 2207 1198 2264 sacerdotes
1230 2216 1289 2264 et
1325 2221 1621 2278 pauperes,
1652 2207 1719 2261 de
1755 2206 1958 2277 quibus
1987 2207 2153 2278 paulo

2258 2206 2524 2271 πολλάκις
2557 2208 2656 2260 καὶ
2712 2202 2797 2270 οἷς
2859 2206 2963 2261 οὐκ
3016 2194 3234 2278 ἐχρῆν,’
3266 2207 3342 2277 μὴ
3396 2206 3464 2260 τὰ
3519 2201 3809 2276 γραφόμενα

559 2311 683 2373 post
724 2301 985 2363 referam,
1027 2298 1277 2371 peregit?
1330 2298 1511 2354 Unum
1563 2296 1699 2353 illud
1754 2298 1806 2352 in
1858 2300 2151 2366 praesentia

2255 2299 2766 2368 διασκεπτόμενος,
2824 2300 3281 2372 καθυπέγραφεν.
3338 2302 3405 2354 '0
3448 2298 3515 2369 δὴ
3568 2300 3600 2367 ή
3655 2296 3809 2351 πάντα

558 2392 828 2447 memoria
877 2389 1105 2461 dignum
1157 2391 1223 2445 de
1268 2403 1332 2442 ea
1377 2396 1435 2444 et
1483 2386 1776 2442 Pulcberia
1825 2387 2148 2443 recensebo.

2256 2393 2463 2463 κοσμία
2490 2394 2584 2447 καὶ
2618 2394 2858 2464 σώφρων
2916 2393 3013 2447 καὶ
3045 2393 3185 2466 σοφὴ
3217 2395 3470 2466 οἰκουρὸς
3518 2392 3649 2464 πρὸς
3694 2389 3807 2441 Θεοῦ

553 2484 715 2551 Quod
755 2499 994 2554 namque
1024 2492 1231 2538 natura
1262 2491 1489 2552 apertus
1522 2490 1579 2537 et
1615 2480 1851 2552 simplex
1888 2479 2148 2537 Theodo-

2252 2484 2515 2555 δεδομένη
2548 2485 2907 2558 Πουλχερίαή
2933 2484 3168 2557 βασιλὶς,
3202 2486 3296 2540 καὶ
3327 2486 3478 2541 τοῦτ’
3496 2482 3805 2556 ἐπηνώρθον.

554 2580 674 2634 sius
719 2587 903 2642 esset,
945 2585 1004 2631 et.
1052 2576 1311 2632 omnibus
1358 2575 1600 2645 benigne
1647 2574 1831 2629 facere
1880 2582 2146 2644 cuperet,

2252 2579 2313 2631 τὸ
2348 2579 2446 2649 τῆς
2482 2580 2738 2649 πράξεως
2776 2579 2980 2633 ἄτοπον
3005 2579 3388 2652 διελέγχουσα.
3432 2581 3542 2637 Καὶ
3588 2579 3650 2649 δὴ
3684 2577 3803 2645 πρᾶ-

552 2685 699 2740 saepe
739 2670 905 2725 etiam
938 2669 1165 2735 litteris,
1202 2668 1407 2738 quibus
1452 2668 1673 2723 minimc
1718 2669 1985 2738 oportuit,
2020 2684 2148 2723 seno

2253 2688 2339 2724 σιν
2366 2670 2441 2735 ὡς
2508 2672 2603 2724 ἀπ’
2674 2672 2842 2726 αὐτοῦ
2901 2673 3037 2743 πρὸς
3096 2673 3197 2746 τὴν
3252 2674 3493 2745 ἀδελφὴν
3552 2674 3647 2742 τῆς
3695 2669 3804 2729 ίδίσς

555 2765 727 2820 tentia
754 2779 947 2820 earum
981 2779 1090 2818 non
1120 2769 1431 2833 perspecta,
1467 2762 1817 2833 subscripsit.
1851 2760 1985 2829 Qua:
2016 2776 2146 2816 vero

2251 2762 2512 2831 γυναικὸς
2541 2762 2873 2834 σχεδιάσασα
2896 2763 3184 2833 Εὐδοκίας,
3210 2766 3462 2839 προσῆγε
3487 2766 3562 2835 τῷ
3589 2762 3799 2836 βασιλεῖ·

551 2858 602 2914 ei
637 2857 883 2913 divinius
926 2856 1087 2927 quasi
1122 2855 1302 2911 ﬁdelis
1342 2865 1530 2911 custos
1558 2854 1686 2910 data
1716 2863 1857 2918 erat,
1890 2857 1942 2908 in
1976 2855 2144 2910 rebus

2249 2857 2277 2908 ὁ
2302 2855 2357 2909 δὲ
2390 2855 2488 2927 τὴν
2519 2858 2628 2909 τῶν
2655 2859 3065 2930 γεγραμμένων
3096 2860 3329 2930 δύναμιν
3360 2863 3437 2933 μὴ
3464 2860 3636 2923 εἰδὼς,
3667 2856 3801 2916 εὐθὺς

551 2948 815 3004 omnibus
851 2947 1166 3020 magniﬁca,
1203 2947 1510 3013 moderata,
1547 2953 1604 3000 et
1643 2946 1867 3023 sapiens
1912 2945 2146 3001 Pulche-

2249 2947 2675 3017 καθυπέγραφε.
2739 2948 2819 3021 Τῇ
2877 2951 2926 3004 δ’
2996 2950 3127 3022 ἑξῆς
3184 2953 3375 3026 ἡμέρᾳ
3440 2954 3536 3024 τὴν
3590 2947 3802 3019 γαμετὴν

552 3043 633 3097 ria
679 3045 946 3113 Augusta,
983 3041 1037 3096 id
1082 3040 1262 3111 ipsum
1303 3055 1550 3110 quoque,
1583 3054 1811 3107 morem,
1840 3038 2141 3093 absurdum

2249 3040 2432 3094 ἐκάλει
2456 3042 2484 3093 ὁ
2511 3040 2768 3110 βασιλεύς
2796 3060 2814 3075 ο
2866 3044 3179 3115 Πουλχερία
3208 3046 3268 3098 δὲ
3323 3049 3406 3118 μὴ
3447 3045 3628 3099 δοῦναι
3684 3040 3802 3110 μάλα

548 3152 878 3208 eoarguens,
911 3139 1177 3193 correxit.
1210 3136 1589 3208 Syngrapbam
1637 3138 1786 3192 enim
1833 3137 1979 3191 inter
2014 3152 2142 3191 eum

2186 3144 2214 3207 ς
2252 3133 2495 3201 σφοδρῶς
2522 3133 2833 3200 διετείνετο,
2862 3136 2955 3190 τὸν
2985 3136 3084 3207 τῆς
3110 3138 3374 3209 πράσεως
3438 3138 3643 3209 χάρτην
3692 3148 3802 3200 προ·

540 3240 608 3285 et
636 3230 874 3299 seipsam
905 3229 1143 3285 venditas
1181 3229 1434 3301 conjugis
1463 3230 1584 3299 ejus
1621 3230 1822 3298 raptim
1859 3229 2138 3297 composi-

2250 3224 2559 3298 ϐαλλομένη
2589 3230 3032 3300 ἀπαράγραπτον
3069 3233 3354 3303 μάρτυρα.
3386 3234 3541 3288 Οὕτω
3570 3229 3699 3297 σοφή
3737 3240 3802 3277 τις

551 3331 664 3377 tam
710 3322 763 3377 ei
807 3324 1120 3391 proposuit,
1150 3335 1384 3392 eamque
1429 3321 1523 3376 ille
1564 3321 1857 3391 scripturae
1895 3319 2006 3374 vim
2042 3336 2139 3375 ne-

2246 3311 2316 3388 ἦν
2343 3320 2435 3373 καὶ
2461 3321 2651 3373 ἀστεία
2679 3322 2826 3392 μάλα
2854 3339 2868 3351 ·
2899 3322 3198 3379 κάντεῦθεν
3215 3326 3275 3377 τὸ
3305 3326 3591 3396 ἀνειμένον
3620 3319 3800 3374 ἐκείνου

536 3413 756 3479 sciens,
800 3414 1094 3468 confestim
1144 3428 1340 3469 manus
1380 3428 1494 3468 suae
1536 3412 1894 3467 adnotatione
1934 3410 2139 3466 conﬁr-

2245 3412 2515 3480 τεχνικῶς
2541 3413 2893 3482 διελέγξασα,
2929 3418 3171 3486 μετρίως
3218 3419 3279 3470 τὸ
3305 3420 3363 3471 ὲν
3401 3421 3521 3480 ταῖς
3550 3412 3801 3489 τοιαύταις

538 3503 740 3560 rnavit.
786 3502 1062 3560 Postridie
1094 3504 1217 3576 ejus
1250 3503 1361 3559 diei
1392 3504 1702 3573 imperator
1738 3501 2031 3574 conjugem
2067 3498 2135 3556 ad

2245 3507 2488 3572 γραφαῖς
2513 3508 2927 3577 ἀπερίσκεπτον
2956 3509 3333 3583 διωρθώσατο.
3376 3513 3488 3567 Καὶ
3542 3508 3665 3579 περὶ
3715 3503 3801 3572 μὲν

544 3611 609 3652 se
631 3598 874 3663 vocavit,
901 3614 1067 3669 quam
1092 3598 1380 3654 Puleberia
1410 3613 1468 3652 se
1492 3596 1543 3650 ei
1572 3594 1938 3659 reddituram,
1966 3593 2138 3665 pluri-

1092 3598 1380 3654 Puleberia
1410 3613 1468 3652 se
1492 3596 1543 3650 ei
1572 3594 1938 3659 reddituram,
1966 3593 2138 3665 pluri-
2240 3598 2449 3652 τούτων
2498 3599 2696 3664 οὕτως.

546 3710 701 3751 mum
752 3698 1010 3765 negavit,
1059 3696 1360 3768 emptionis
1408 3693 1681 3758 libellum,
1718 3705 1778 3748 ut
1831 3700 2026 3749 testem
2068 3692 2161 3769 qui
2206 3697 2457 3753 accusari
2503 3708 2602 3753 aut
2649 3700 2802 3771 rejici
2848 3716 2957 3757 non
3010 3711 3218 3772 posset,
3251 3703 3613 3773 pretendens.
3653 3696 3800 3749 Tanta

537 3794 640 3848 illa
679 3795 972 3864 prudentia
1024 3803 1192 3865 atque
1247 3792 1554 3848 festivitate
1588 3790 1714 3846 fuit.
1771 3789 1953 3861 Atque
1993 3791 2085 3846 illa
2122 3793 2511 3865 negligentiam
2556 3797 2677 3869 ejus
2730 3807 2850 3855 arte
2890 3800 3128 3870 quadam
3166 3816 3426 3873 arguens,
3452 3794 3801 3857 moderatione

534 3889 686 3944 mira
739 3890 1105 3963 improvidam
1162 3890 1475 3944 litterarum
1528 3886 2000 3957 subscriptionem
2059 3891 2140 3944 sic
2175 3889 2230 3943 in
2261 3906 2329 3946 eo
2354 3893 2692 3950 emendavit.
2723 3893 2800 3951 De
2826 3897 2914 3953 bis
2944 3899 3234 3955 hactenus.

990 4009 1164 4082 487
1206 4008 1435 4066 CAPUT
1472 4007 1668 4066 χχιιι.
2819 4016 3082 4071 suam.
3133 4011 3260 4069 κεν.

544 4127 623 4179 De
658 4127 819 4200 Attici
840 4124 1501 4200 'patriarclrw_epir_c0pali
1536 4126 2026 4200 administratione.
2059 4128 2130 4183 Et

2240 4127 2523 4200 Περὶγτῆς
2552 4125 2661 4184 τοῦ
2689 4132 3084 4200 πατριάρχου
3104 4132 3380 4189 Ἀττικοῦ
3430 4130 3796 4200 διοικήσεως·

612 4198 750 4266 quod
783 4198 827 4249 is
851 4194 1096 4278 urbanus
1129 4194 1415 4278 admodum
1443 4205 1493 4248 et
1528 4196 1752 4278 facetus,
1786 4210 1881 4278 nec
1920 4214 2027 4252 non
2066 4203 2122 4251 in

2308 4194 2407 4278 καί
2436 4194 2513 4278 ὡς
2569 4194 2818 4278 ἀστεῖοςῖ
2854 4194 3156 4278 μὲίᾶιιμῆν,
3196 4205 3294 4258 καί
3357 4205 3493 4274 περὶ
3547 4194 3648 4268 τᾶς
3699 4198 3800 4252 τῶν

614 4268 946 4336 imponendi:
973 4280 1159 4318 rerum
1187 4268 1488 4320 nominibus
1519 4275 1705 4321 acutus
1731 4270 1912 4338 luerit.

1640 4284 1705 4321 ιω
1731 4270 1912 4338 luerit.
2308 4269 2621 4338 ὀνομάτων
2650 4268 2868 4339 θέσεις(
2887 4268 3256 4340 φιλόκαλος.

608 4381 825 4439 Atticus
867 4389 1051 4449 autem
1098 4379 1396 4451 episcopus
1440 4380 2126 4454 Constantinopolitanus.

2332 4384 2393 4440 '0
2451 4385 2508 4439 δὲ
2564 4386 2669 4458 τῆς
2725 4389 3146 4445 Κωνσταντίνού
3206 4393 3511 4456 ἐπίσκοπος
3569 4386 3797 4445 ’Ᾱττικῖέξ

540 4486 603 4531 ut
632 4473 880 4541 Ecclesia
915 4473 1260 4528 incrementa
1299 4487 1398 4527 sua
1431 4485 1680 4545 caperet,
1720 4476 1960 4532 miriﬁce
1994 4489 2156 4547 epe-‘

2181 4485 2211 4546 Β
2238 4477 2565 4549 θαυμασίως
2598 4480 2668 4534 τὰ
2713 4483 2857 4537 κατὰ
2898 4484 2996 4557 τὴν
3032 4487 3369 4556 Ἐκκλησίαν
3420 4486 3594 4542 ποιεῖν
3639 4478 3797 4535 ὲπεδὶι

540 4583 659 4625 ram
694 4565 866 4623 dedit.
924 4564 1154 4619 Summa
1197 4565 1346 4622 enim
1390 4568 1682 4637 prudentia
1721 4584 1844 4625 eam
1894 4570 2133 4626 admini-

2234 4572 2356 4635 δον,
2391 4573 2595 4646 ἀρίστῃ
2630 4575 2732 4645 μὲν
2762 4579 3030 4649 φρονήσει
3060 4578 3153 4634 ἐπὶ
3190 4582 3289 4650 τὴν
3317 4583 3525 4652 ταύτης
3548 4574 3796 4640 διοίκησιν

536 4672 753 4722 ειηιηε,
817 4657 1080 4711 continua
1132 4657 1385 4713 doctrina
1439 4662 1708 4730 populum
1768 4661 1835 4715 ad
1886 4663 2130 4717 studium

2235 4663 2545 4735 χρώμενος’
2591 4667 2672 4737 τῷ
2695 4668 2752 4721 δὲ
2784 4674 3007 4740 συνεχεῖ
3033 4672 3132 4741 τῆς
3161 4673 3514 4736 διδασκαλίας
3564 4671 3652 4723 τὸν
3682 4667 3795 4719 λαῖν

537 4750 762 4807 virtutis
794 4749 1083 4804 excitavit.
1116 4749 1183 4804 Et
1208 4750 1280 4806 ad
1312 4750 1755 4808 misericordiam
1808 4765 1978 4822 atque
2018 4753 2132 4808 lar-

2235 4756 2317 4819 εἷς
2345 4757 2449 4826 τὴν
2482 4758 2582 4830 τῆς
2632 4761 2839 4831 ἀρετῆς
2876 4762 3185 4834 μετάληψιν
3226 4768 3618 4837 προετρέπετο.
3652 4758 3795 4814 Οὕτω

535 4844 805 4914 gitiouem
843 4850 952 4896 tam
982 4843 1250 4913 proclivis
1298 4843 1424 4910 l‘uit,
1460 4853 1518 4897 ut
1562 4858 1672 4897 non
1710 4843 1877 4898 modo
1916 4843 2000 4899 eis
2033 4844 2128 4913 qui

2231 4847 2290 4901 δὲ
2321 4843 2437 4919 εἶχε
2468 4853 2784 4923 προχείρως
2800 4857 2881 4918 τίς
2915 4855 3087 4923 ἔλεον,
3118 4858 3215 4912 καὶ
3241 4860 3323 4921 είς
3355 4852 3639 4929 μετάδοσιν
3671 4852 3794 4906 ἕτοι-

537 4940 592 4993 in
626 4935 887 5008 parteciis
928 4937 1050 5007 ejus
1077 4947 1256 4999 erant,
1292 4936 1484 5007 egenis
1512 4936 1918 5005 providendum
1961 4938 2131 4994 duce-

2235 4954 2336 5008 μος
2357 4936 2449 5012 ἦν.
2474 4941 2551 5006 ὡς
2586 4947 2747 5013 μήτοι
2776 4963 2839 5014 γε
2872 4946 2983 5000 τῶν
3017 4951 3075 5003 ἐν
3137 4952 3262 5017 ταῖς
3294 4952 3616 5024 παροικίαις
3643 4940 3792 5005 αὐτοῦ

535 5035 645 5093 ret,
696 5026 792 5083 sed
844 5027 1016 5084 etiam
1069 5027 1275 5085 vicinis
1334 5027 1819 5097 ConstantinOpoli
1870 5028 2126 5084 ecclesiis

2232 5036 2592 5103 προνοεῖσθαι
2623 5040 2862 5109 πτωχῶν
2881 5079 2897 5103 ,
2924 5039 3064 5096 ἀλλὰ
3099 5044 3195 5096 καὶ
3222 5047 3341 5107 ταῖς
3373 5045 3536 5115 ante
3548 5040 3791 5107 υρούσαις

538 5120 831 5188 pecuniam
890 5121 1119 5176 multam
1176 5121 1245 5176 ad
1304 5135 1615 5190 pauperum
1677 5122 2121 5178 consolationem

2230 5129 2296 5196 τῇ
2334 5129 2755 5184 Κωνσταντίνου
2791 5133 3014 5188 πόλεσιν
3054 5137 3217 5191 ἱκανὰ
3245 5139 3509 5209 χρήματα
3538 5134 3787 5205 πέμπειν,

536 5210 805 5265 mitteret.
868 5210 1044 5266 Porro
1102 5227 1170 5267 ex
1221 5226 1330 5266 una
1376 5212 1501 5280 ejus
1545 5211 1800 5282 epistola,
1848 5228 2013 5283 quam
2058 5216 2123 5269 ad

2230 5222 2309 5284 εἰς
2346 5226 2709 5295 παραμυθίαν
2753 5227 2869 5281 τῶν
2924 5231 3044 5283 ἐκεῖ
3091 5231 3387 5302 δεομένων.
3440 5231 3536 5285 Ἐκ
3568 5227 3624 5283 δὲ
3662 5223 3781 5293 μιᾶς

532 5299 864 5371 Calliopium
920 5303 1306 5374 presbyterum
1372 5303 1609 5358 Nicaeam
1683 5304 1873 5371 dedit,
1937 5308 2124 5362 missis

2228 5317 2422 5369 τούτου
2465 5319 2762 5390 ἐπιστολῆς
2786 5358 2801 5384 ,
2840 5321 2922 5392 ἢν
2979 5299 3299 5396 Καλλιοπίῳ
3334 5321 3684 5395 πρεσϐυτέρῳ
3718 5316 3790 5374 εἱς

535 5395 698 5451 simul
736 5396 999 5452 trecentis
1024 5397 1236 5461 aureis,
1266 5397 1447 5466 qualis
1469 5412 1533 5453 ea
1562 5412 1623 5454 re
1647 5399 1735 5453 vir
1768 5400 1957 5466 fuerit,
1986 5402 2122 5457 satis

2226 5409 2469 5464 Νίκαιαν
2525 5412 2768 5477 ἔστελλε,
2825 5417 3180 5484 τριακοσίους
3231 5418 3521 5489 χρυσίνους
3566 5426 3786 5469 συναπο-

532 5489 763 5557 patebit.
790 5487 863 5543 Ea
896 5489 977 5542 sic
1002 5488 1178 5543 habet
1212 5505 1226 5541 :
1264 5507 1282 5537 ι
1318 5490 1592 5560 Calliopio
1625 5493 1954 5564 presbytero
1983 5495 2126 5549 Atti-

2230 5501 2471 5565 στείλας,
2511 5506 2837 5577 καταφανὴς
2865 5508 3053 5572 ὁποῖος
3100 5505 3167 5580 ἧν
3196 5487 3292 5565 καί
3330 5513 3456 5581 περὶ
3508 5506 3679 5561 ταῦτα
3705 5516 3787 5570 γε·

440 5595 449 5605 '
530 5594 628 5635 ens
654 5581 708 5634 in
734 5578 966 5634 Demino
993 5581 1251 5636 salutem.
1276 5583 1472 5637 Decies
1497 5585 1647 5640 mille
1680 5585 1735 5639 in
1770 5586 1907 5641 urbe
1939 5596 2056 5642 vest

2226 5595 2478 5665 νήσεται.
2521 5597 2681 5651 Ἐστι
2720 5597 2777 5651 δὲ
2810 5597 2949 5667 αὕτη
2977 5616 2990 5630 ·
3028 5619 3047 5651 ι
3098 5578 3418 5673 Καλλιοπίιρ
3442 5596 3785 5672 πρεσϐυτέρῳ

528 5686 729 5742 egenos
759 5673 977 5742 piorum
1035 5674 1535 5731 commiseratione
1577 5678 1828 5749 indigere
1863 5682 2116 5751 cognovi.

2238 5685 2485 5750 Ἀττικὸς
2522 5690 2580 5741 ἐν
2613 5690 2811 5760 Κυρίῳ
2843 5692 3079 5761 χαίρειν.
3118 5694 3368 5762 Ἐμαθον
3399 5692 3625 5765 μυρίους
3655 5684 3781 5751 έντῇ

533 5765 725 5819 Decies
763 5763 910 5820 mille
940 5765 1071 5820 dum
1111 5766 1258 5832 dico,
1297 5770 1710 5826 multitudinem
1765 5773 1963 5839 ipsam,
2003 5789 2116 5828 non

2226 5777 2379 5831 πόλει
2416 5781 2721 5844 πεινῶντας
2773 5783 2978 5837 δεῖσθαι
3036 5786 3130 5839 τοῦ
3178 5790 3329 5840 παρὰ
3379 5789 3483 5840 τῶν
3514 5780 3781 5837 εὐσεϐούν-
