4092 6522
307 400 444 466 1133

1184 404 1785 467 ECCLESIASTICE
1822 406 2206 467 HISTORIE
2246 408 2399 475 LIB.
2441 410 2593 469 XIV.

3429 412 3564 478 1124

300 541 413 578 των
465 523 656 577 ἐλέου⁹
695 522 927 596 μυρίους
986 526 1042 580 δέ
1105 527 1253 593 λέγω
1303 529 1363 580 τὸ
1415 528 1662 598 πλῆθος,
1696 531 1757 583 οὐ
1792 528 1884 581 τὸν

2004 536 2202 582 :ertum
2239 543 2547 597 pauperum
2582 542 2869 581 numerum
2909 528 3161 582 ostendo.
3201 528 3567 602 Quandoqui-

300 617 507 686 ἀκριϐῆ
553 618 735 687 δηλῶν
801 620 1061 690 ἀριθμόν.
1113 622 1268 674 Ἐπεὶ
1319 622 1505 674 τοίνυν
1561 622 1724 684 αὐτὸς
1784 623 1881 691 μὲν

302 709 412 778 ἔχω
456 709 642 763 λαϐὼν
701 711 941 781 ἀριθμὸν
1000 712 1157 782 παρὰ
1212 711 1306 765 τοῦ
1364 713 1581 783 δαψιλεῖ
1626 718 1691 783 τῇ
1736 714 1885 786 χειρὶ

301 797 537 861 διδόντος
560 802 674 862 τοῖς
701 801 1057 872 οίκοκιομοῦσι
1089 803 1297 865 καλῶς,
1329 805 1629 871 συμϐαίνει
1651 805 1706 858 δέ
1730 821 1886 867 τινας

303 890 631 958 ἀπορεῖσθαι
660 891 1011 961 δοκιμασίας,
1048 894 1213 963 χάριν
1243 895 1353 947 τῶν
1378 896 1614 965 ἐχόντων
1646 897 1768 968 μὲν,
1810 897 1885 968 μὴ

308 983 658 1052 παρεχόντων
680 984 738 1036 δὲ
762 985 995 1050 τούτοις,
1026 987 1228 1054 λαϐὼν,
1265 982 1311 1040 ὦ
1341 990 1470 1057 φίλη
1512 1007 1604 1058 μοι
1642 990 1884 1060 κεφαλὴ,

220 1108 227 1115 ο
303 1076 432 1138 τοὺς
496 1077 847 1144 τριακοσίους
908 1078 1138 1136 τούτους
1193 1080 1527 1149 χρυσίνους.
1600 1081 1886 1154 ἀνάλωσιν

305 1169 455 1231 ὅπως
506 1167 575 1221 ἂν
609 1167 887 1240 θελήσοις.
939 1170 1192 1243 Βουλήσῃ
1242 1171 1300 1223 δέ
1349 1188 1454 1223 που
1506 1172 1725 1234 πάντως
1774 1176 1890 1235 τοῖς

309 1261 733 1329 αἰσχυνομένοις
764 1262 865 1330 τὴν
895 1263 1138 1329 αἴτησιν,
1174 1262 1289 1316 ἀλλ’
1320 1264 1444 1333 οὐχὶ
1475 1266 1593 1328 τοῖς
1623 1263 1891 1335 ἐμπόριον

311 1353 398 1406 διὰ
432 1353 550 1423 βίου
585 1355 685 1424 τὴν
711 1355 959 1426 γαστέρα
1004 1356 1420 1427 προτεθεικόσι.
1468 1359 1660 1423 Διδοῦς
1687 1358 1891 1424 τοίνυν,

316 1445 450 1512 μηδέ
482 1446 789 1515 θρησκείαν
829 1447 1025 1519 λογίσῃ
1075 1448 1223 1501 κατὰ
1262 1449 1425 1503 τοῦτο
1448 1450 1508 1503 τὸ
1542 1451 1734 1521 μέρος⁹
1769 1450 1892 1515 ἐνὸς

318 1535 414 1589 καὶ
451 1538 620 1606 μόνου
651 1538 950 1608 γενόμενος
972 1582 987 1605 ,
1020 1540 1119 1593 τοῦ
1149 1541 1374 1610 τρέφειν
1404 1542 1531 1604 τοὺς
1563 1542 1892 1608 πεινῶντας,

315 1627 451 1682 ἀλλὰ
514 1630 591 1698 μὴ
651 1630 997 1695 λογιστεύειν
1043 1633 1175 1696 τοὺς
1238 1631 1331 1685 τὸν
1379 1634 1652 1706 ἡμέτερον
1690 1635 1895 1704 τρόπον

320 1719 678 1790 φρονοῦντας.
721 1740 741 1773 ι
777 1722 900 1776 Τῶν
933 1723 1035 1793 μὲν
1085 1723 1182 1776 οὖν
1230 1724 1508 1794 δεομένων
1553 1725 1652 1780 καὶ
1677 1725 1899 1795 πόρρω-ὲ

1986 619 2113 673 dem
2146 635 2277 673 vero
2311 629 2525 675 certum
2559 621 2806 688 pecunia:
2857 636 3150 675 numerum
3183 624 3233 676 ci
3279 634 3566 693 acceptum

1988 710 2129 774 fero,
2165 713 2259 779 qui
2293 714 2606 782 perliberali
2643 728 2803 767 manu
2835 712 2941 767 rite
2971 728 3088 766 eam
3116 714 3573 783 dispensanlitius

1987 798 2179 865 donat,
2208 814 2264 856 et
2297 806 2546 858 nonnulli
2577 804 2850 875 indigent,
2873 805 3343 875 explorandorum
3371 823 3568 863 eorum

1990 896 2185 963 gratia,
2224 897 2320 964 qui
2354 896 2557 949 habent
2590 895 2837 965 quidem,
2875 897 2973 951 sed
3004 898 3114 951 illis
3159 912 3266 951 non
3299 899 3452 961 dant,
3484 917 3574 954 ac-

1990 986 2170 1053 ceptis
2194 1001 2222 1038 a
2258 1002 2365 1047 me,
2394 1001 2427 1038 o
2454 986 2686 1040 charum
2719 986 2853 1041 mihi
2881 997 3067 1057 caput,
3100 991 3362 1045 trecentis
3393 994 3577 1046 aureis

1993 1076 2138 1141 istis,
2174 1078 2420 1132 ut'voles
2466 1094 2564 1132 eos
2602 1080 2877 1148 exliende.
2908 1081 3076 1136 Voles
3119 1093 3304 1137 autem
3343 1085 3428 1138 eis
3461 1100 3581 1137 ma~

1993 1171 2161 1231 xime,
2197 1174 2291 1239 qui
2323 1171 2641 1225 mendicare
2673 1174 3013 1227 erubescunt
3049 1192 3060 1227 :
3092 1190 3202 1228 non
3243 1175 3370 1239 illis,
3398 1177 3491 1245 qui
3524 1177 3578 1230 in

1972 1262 2104 1314 .vita
2129 1271 2379 1316 ventrem
2432 1263 2498 1314 ad
2538 1262 3001 1318 nundinationem
3052 1277 3390 1335 proponunt.
3437 1267 3575 1323 Cum

1998 1353 2168 1423 igitur
2201 1354 2490 1422 pecuniam
2536 1354 2810 1430 largieris,
2847 1357 3130 1425 religionis
3175 1362 3277 1413 hac
3321 1360 3376 1414 in
3423 1372 3580 1430 parte

1996 1443 2269 1497 rationem
2317 1459 2428 1497 non
2478 1425 2709 1499 habebis
2760 1463 2773 1497 :
2826 1447 2933 1501 hoc
2973 1462 3142 1501 unum
3194 1458 3472 1518 spectans,
3524 1464 3584 1506 ut

1998 1536 2309 1604 indigentes
2340 1536 2454 1591 alas
2478 1577 2492 1599 ,
2531 1550 2713 1606 neque
2754 1551 2852 1592 eos
2895 1538 3162 1608 praeferas
3202 1540 3298 1609 qui
3333 1542 3584 1597 moribus

1997 1630 2206 1684 nostris
2236 1630 2449 1682 vivunt.
2483 1648 2502 1681 ι
2546 1629 2856 1699 Pauperum
2891 1645 3024 1686 sane
3056 1632 3222 1687 etiam
3250 1633 3343 1700 qui
3369 1635 3589 1706 longius

1998 1718 2278 1785 abessent,
2302 1721 2378 1775 ita
2412 1735 2599 1774 curam
2627 1720 2845 1777 Atticus
2866 1721 3059 1792 gessit.
3091 1721 3295 1778 Verum
3329 1724 3424 1780 ille
3450 1742 3590 1796 quo-

319 1811 410 1863 θεν
440 1811 615 1865 ὄντων
662 1812 807 1867 οὕτω
842 1815 1128 1884 φροντίδος
1148 1812 1296 1886 εἶχεν
1323 1819 1351 1869 6
1379 1815 1655 1880 Ἀττικός⁶
1688 1819 1750 1870 οὐ
1784 1818 1893 1887 μὴν

2004 1827 2109 1881 que
2179 1821 2241 1865 ut
2313 1811 2683 1881 quorumdam
2752 1814 3207 1883 superstitionem
3283 1818 3584 1882 minueret,

318 1905 376 1958 δὲ
400 1904 540 1959 ἀλλὰ
571 1906 668 1958 καὶ
698 1905 799 1969 τάς
824 1875 994 1959 τινων
1035 1875 1472 1978 δεισιδαιμονίας
1519 1875 1651 1980 περὶ
1691 1875 1894 1964 πολλοῦ

2004 1875 2345 1973 magnopere
2383 1905 2617 1958 curavit.
2670 1904 2738 1959 Et
2776 1875 2903 1960 cum
2957 1906 3205 1961 audisset
3256 1908 3585 1966 Sabbatium

322 1999 675 2052 ἀναστέλλειν
718 1999 982 2068 πρόνοιαν
1034 2003 1297 2056 ἐποιεῖτο.
1349 2003 1464 2056 Καὶ
1493 2001 1557 2070 δὴ
1588 2003 1898 2074 πυθόμενος

322 2091 629 2145 Σαϐύόιτιον
677 2095 930 2155 ἐκεῖνον,
983 2092 1044 2156 ὃς
1093 2094 1181 2148 διὰ
1236 2095 1298 2147 τὸ
1353 2095 1650 2149 Ἰουδαϊκὸν
1703 2099 1897 2170 Πάσχα

323 2186 422 2254 τῆς
456 2184 568 2237 τῶν
609 2184 978 2239 Ναυατιανῶν
1018 2185 1319 2257 ἐκκλησίας
1365 2189 1728 2259 ἀπορῥαγεὶς,
1761 2191 1899 2246 ἰδίαν

322 2278 694 2346 συνεστήσατο
742 2278 1027 2348 ποίμνην,
1079 2280 1171 2332 τὸν
1217 2279 1333 2349 βίον
1387 2283 1447 2334 ἐν
1483 2281 1650 2351 Ῥόδῳ
1703 2285 1898 2336 ἀπολι-

324 2367 494 2434 πόντα
514 2383 530 2399 ο
570 2368 753 2419 ἐκεῖσε
781 2372 890 2438 γάρ
937 2367 1236 2437 ὑπερόριος
1270 2369 1569 2438 γενόμενος
1602 2369 1858 2424 ἐτελεύτα
1878 2389 1892 2402 ·

323 2458 422 2512 καὶ
451 2458 558 2511 ὑπὸ
584 2460 680 2512 τοῦ
714 2458 848 2512 ίδίου
883 2462 1231 2527 συστήματος
1261 2462 1478 2516 ἐκεῖθεν
1516 2462 1611 2517 τοῦ
1642 2466 1897 2534 σώματος

329 2552 853 2621 μετακομισθέντος.
916 2554 1048 2623 περὶ
1095 2554 1185 2608 τὸν
1247 2556 1458 2609 ἐκείνου
1508 2558 1682 2626 τάφον
1729 2562 1897 2630 εὐχὰς

325 2647 516 2712 ποιεῖν,
545 2648 640 2700 καὶ
674 2646 752 2709 ὼς
783 2646 928 2715 ἁγίῳ
955 2647 1121 2715 δῆθεν
1144 2648 1203 2702 τὸ
1234 2648 1397 2712 σέϐας
1428 2650 1639 2715 νέμειν,
1680 2655 1898 2725 νύκτωρ

324 2736 478 2799 τινας
508 2737 841 2801 ἀποστείλας
868 2780 883 2803 ,
919 2739 982 2792 τὸ
1031 2738 1339 2793 Σαϐδατίου
1373 2741 1539 2810 σῶμα
1586 2744 1665 2805 είς
1708 2744 1900 2814 ἕτερον

321 2824 486 2879 τόπον
514 2825 774 2882 ἐθαπτεν.
803 2829 869 2882 Οἱ
901 2829 960 2881 δὲ
988 2829 1120 2897 περὶ
1170 2830 1334 2883 αὐτὸν
1377 2830 1649 2895 ἐλθόντες,
1686 2836 1782 2887 καὶ
1808 2835 1900 2888 τὸν

322 2920 497 2989 τάφον
548 2920 949 2990 ὀρωρυγμένον
1003 2922 1285 2992 εὑρόντες,
1329 2924 1427 2977 τοῦ
1476 2924 1666 2979 λοιποῦ
1719 2928 1901 2981 σέόειν

321 3012 418 3065 καὶ
450 3011 875 3081 δεισιδαιμονεῖν
921 3015 1050 3084 περὶ
1090 3013 1183 3067 τὸν
1229 3014 1404 3082 τάφον
1445 3016 1735 3073 ἐπαύοντο.
1765 3019 1901 3072 Δίαν

321 3105 379 3158 δὲ
412 3106 505 3159 καὶ
534 3105 829 3174 φιλόκαλος
885 3105 1131 3174 ἐγεγόνει
1164 3109 1297 3175 περὶ
1343 3106 1444 3172 τὰς
1473 3110 1584 3162 τῶν
1612 3109 1901 3179 ὀνομάτων

298 3192 529 3261 ’θέσεις,
562 3198 843 3267 εὐστόχως
864 3197 1037 3261 αὑτὰς
1066 3197 1362 3261 συντιθείς.
1385 3201 1523 3269 Περὶ
1544 3202 1658 3272 γὰρ
1676 3203 1738 3256 τὸ
1760 3207 1900 3258 κατὰ

324 3287 417 3341 τὸν
463 3286 721 3354 Εὔξεινον
778 3289 978 3343 πόντον
1035 3290 1228 3345 στενὸν
1288 3290 1353 3344 οὐ
1408 3293 1601 3364 πόρρω
1660 3311 1763 3347 που
1804 3294 1901 3349 τοῦ

324 3380 571 3435 ἀναπλου
618 3381 861 3436 ἐπίνειον
898 3377 989 3451 ἦν,
1030 3381 1061 3434 δ
1118 3384 1337 3453 ἀρχαῖοι
1367 3383 1564 3455 ἄνδρες
1595 3387 1901 3456 Φαρμακέα

324 3474 584 3529 ἐκάλουν.
624 3475 870 3539 Ἐκεῖνος
899 3476 946 3529 δ’
982 3476 1164 3543 ἐκεῖσε
1211 3478 1312 3540 τὰς
1344 3478 1598 3543 συνάξεις
1632 3479 1902 3550 ποιούμε-

322 3578 435 3625 νος,
475 3562 563 3616 ἵνα
610 3561 687 3635 μὴ
716 3556 989 3634 δυσφήμῴ
1018 3565 1248 3632 ὀνόματι
1278 3565 1499 3619 καλοῖτο
1539 3568 1567 3620 6
1596 3568 1796 3637 χῶρος,
1823 3570 1902 3632 είς

321 3653 639 3723 Θεραπείαν
687 3655 965 3723 μετετίθει
1018 3653 1118 3724 τὴν
1169 3656 1387 3725 κλῆσιν.
1435 3657 1544 3710 Καὶ
1577 3657 1904 3727 προάστειον

325 3745 371 3797 δ’
421 3746 616 3817 ἓτερον
674 3746 979 3818 ἀντιπέραν
1034 3748 1136 3815 τῆς
1191 3749 1612 3804 Κωνσταντίνου
1650 3749 1906 3820 κείμενον

327 3840 732 3911 Ἀργυρόπολιν
767 3839 1157 3910 μετωνόμαζε,
1201 3844 1420 3898 τοιᾶσδε
1468 3844 1647 3908 αἰτίας
1697 3846 1908 3917 ἡγησα-

331 3933 527 4002 μένης.
596 3932 951 4002 Χρυσόπολις
1008 3933 1249 3988 ἐπίνειον
1301 3935 1533 4006 ἀρχαῖόν
1596 3938 1767 3990 ἐστιν.
1842 3939 1909 3992 '0

326 4026 510 4078 κεῖται
576 4025 677 4093 μὲν
723 4026 780 4078 ἐν
830 4026 973 4096 ἀρχῇ
1029 4027 1128 4080 τοῦ
1162 4027 1468 4098 Βοσπόρου,
1517 4016 1820 4100 ἀντιπέραν
1852 4031 1911 4084 δὲ

326 4118 429 4186 τῆς
466 4117 795 4183 Βυζαντίδος
847 4118 986 4172 ἐστί.
1047 4118 1256 4172 Τούτου
1301 4119 1359 4172 δὲ
1415 4120 1602 4175 πολλοὶ
1653 4122 1762 4175 τῶν
1811 4124 1911 4192 ἀρ-

328 4209 503 4279 χαίων
563 4205 862 4278 ἱστορικῶν
902 4207 1261 4278 μέμνηνται,
1302 4208 1494 4279 ὥσπερ
1558 4211 1820 4281 Στράϐων
1879 4213 1909 4265 6

330 4302 696 4372 γεωγράφος,
733 4300 1003 4363 Νικόλαός
1048 4316 1110 4352 τε
1148 4301 1177 4354 6
1212 4302 1575 4371 Δαμασκόθεν
1602 4344 1617 4367 ,
1650 4304 1745 4357 καὶ
1770 4306 1798 4356 6
1839 4306 1911 4358 τὰ

334 4395 522 4464 Κύρου
555 4391 964 4465 συγγεγραφὼς
999 4394 1222 4462 ἄριστα,
1252 4395 1282 4446 6
1307 4393 1480 4456 πολὺς
1523 4394 1581 4447 ἐν
1609 4394 1787 4463 λόγων
1818 4397 1910 4450 δυ-

334 4488 518 4558 νάμει,
567 4487 665 4541 καὶ
713 4484 1081 4556 συγγραφικῷ
1107 4487 1426 4556 χαρακτῆρι
1460 4485 1779 4556 θαυμαστὸς
1809 4488 1910 4541 Ξε-

2002 1996 2179 2057 illum,
2202 1995 2298 2065 qui
2334 2006 2563 2065 propter
2598 1994 2821 2051 Paschae
2855 1998 3002 2052 diem
3035 1998 3269 2055 Judaico
3304 2016 3459 2057 more
3491 2019 3589 2060 ce-

1948 2096 1955 2101 ’
2001 2086 2326 2161 lebrandum
2363 2100 2390 2138 a
2426 2087 2852 2142 Novatianorum
2896 2089 3133 2144 ecclesia
3168 2105 3494 2161 secesserat,
3527 2107 3585 2149 et

1997 2194 2221 2251 gregem
2258 2179 2363 2232 sibi
2412 2194 2574 2231 suum
2625 2189 2903 2249 coegerat,
2940 2180 3142 2248 Rhodi,
3192 2182 3282 2236 ubi
3324 2182 3583 2238 exsulare

1996 2274 2186 2340 jussus
2216 2272 2431 2335 fuerat,
2466 2273 2635 2326 vitam
2668 2272 2916 2338 (iniisse,
2952 2275 3357 2353 popularesque
3394 2276 3589 2332 factio-

2005 2366 2093 2419 nis
2121 2367 2264 2437 ejus,
2295 2380 2530 2436 corpore
2564 2366 2714 2420 illius
2744 2365 2870 2421 inde
2904 2369 3189 2433 translato,
3221 2370 3368 2425 circa
3407 2373 3591 2442 sepul-

2001 2472 2157 2511 crum
2208 2458 2330 2528 ejus
2395 2459 2748 2527 precationes
2797 2474 3081 2530 peragere,
3135 2472 3193 2515 et
3245 2463 3416 2517 veluti
3468 2465 3590 2518 viro

2002 2558 2195 2602 sancto
2248 2549 2616 2603 reverentiam
2674 2550 3003 2619 cultumque
3055 2562 3321 2620 praestare
3371 2564 3593 2608 :noctu

2002 2639 2330 2694 hominibus
2358 2643 2528 2696 certis
2561 2641 2765 2705 missis,
2796 2642 3035 2696 cadaver
3068 2639 3321 2699 Sabbatii
3366 2647 3593 2716 sepeliri

2005 2732 2060 2787 in
2092 2734 2213 2790 loco
2246 2735 2353 2789 alio
2393 2735 2626 2789 curavit.
2662 2734 2832 2808 488
2864 2737 3038 2792 Porro
3087 2745 3395 2794 sectatores
3444 2740 3594 2797 illius

2003 2824 2101 2880 ubi
2132 2824 2407 2879 tumulum
2429 2826 2692 2881 eﬂ‘ossum
2729 2837 3084 2896 repererunt,
3104 2830 3465 2888 caeremonias
3501 2848 3595 2887 su-

2003 2917 2503 2987 perstitionemth
2527 2934 2686 2973 suam
2713 2919 2781 2973 ad
2813 2920 3133 2989 sepulcrum
3171 2922 3294 2992 ejus
3325 2923 3595 2996 deinceps

2005 3009 2334 3064 omiserunt.
2388 3006 2457 3063 Et
2488 3012 2753 3079 quoniam
2799 3011 2854 3063 in
2904 3013 3193 3067 nominum
3242 3015 3592 3076 inventione.

2004 3110 2130 3168 apte
2164 3101 2272 3157 illis
2304 3102 2473 3157 rebus
2508 3102 2641 3171 ipsis
2686 3102 3064 3172 imponendis,
3096 3105 3322 3176 elegans
3358 3117 3423 3164 et
3460 3108 3593 3164 felix

2005 3190 2135 3255 fuit,
2166 3193 2361 3247 navale
2395 3194 2543 3262 quod
2592 3195 2659 3249 ad
2710 3197 2994 3266 angustias
3034 3197 3234 3253 Euxini
3286 3202 3440 3269 ponti
3482 3218 3594 3257 non

2005 3281 2167 3351 longe
2216 3298 2248 3336 ο.
2285 3283 2521 3338 transitu
2556 3284 2745 3348 situm,
2785 3298 3003 3342 veteres
3035 3292 3365 3358 φαρμακέα,
3410 3292 3467 3346 id
3511 3302 3596 3348 est

2009 3375 2315 3429 veneﬁcum
2372 3377 2746 3446 appellarunt,
2792 3380 2939 3449 quod
2997 3382 3114 3452 ipse
3167 3383 3241 3436 ibi
3286 3396 3595 3441 conventus

2006 3472 2250 3534 cogeret,
2303 3481 2373 3519 ne
2422 3466 2581 3522 locus
2620 3468 2665 3522 is
2714 3470 2976 3525 infament
3026 3472 3301 3528 obtineret
3352 3474 3593 3545 appella-

2008 3555 2239 3620 tionem,
2274 3557 2500 3612 nomine
2528 3568 2744 3614 mutato
2768 3560 3099 3630 θεραπείαν,
3127 3563 3232 3619 hoc
3260 3574 3369 3630 est,
3401 3581 3592 3621 curam

2007 3664 2106 3703 seu
2143 3649 2476 3708 medicinam
2518 3653 2757 3708 vocavit.
2805 3653 2883 3709 Ex
2927 3654 3212 3712 suburbiis
3245 3659 3413 3712 etiam
3447 3660 3595 3715 Con-

2010 3743 2403 3814 stantinopolis
2434 3744 2610 3810 aliud,
2651 3749 3061 3819 Argyropolim,
3101 3766 3198 3820 per
3229 3753 3597 3809 mutationem

2011 3836 2253 3890 nominis
2301 3837 2372 3891 ob
2412 3853 2637 3893 causam
2666 3840 2938 3908 ejusmodi
2986 3845 3306 3913 appellavit.
3357 3846 3597 3917 Chryso-

2010 3927 2152 3996 polis
2180 3929 2406 3999 antiqua
2436 3931 2655 3985 navium
2684 3933 2994 3997 statio-est,
3027 3944 3219 3990 contra
3250 3936 3595 4008 Byzantium,

2012 4024 2067 4078 in
2125 4024 2352 4094 Bospori
2412 4027 2572 4081 initio
2627 4028 2825 4096 posita.
2877 4027 3033 4083 Multi
3072 4031 3192 4100 ejus
3238 4033 3592 4101 antiquorum

2015 4108 2405 4167 historicorum
2438 4115 2766 4179 meminere,
2805 4117 2969 4172 sicuti
2998 4117 3200 4173 Strabo
3225 4124 3596 4191 geographus.

2011 4199 2269 4257 Nicolaus
2331 4203 2743 4270 Damascenus,
2803 4218 2860 4262 et
2926 4210 3023 4276 qui
3092 4209 3217 4280 Cyri
3307 4213 3592 4269 historiam

2011 4293 2220 4364 optime
2244 4296 2598 4365 conscripsit,
2621 4299 2673 4351 vi
2700 4300 3034 4367 eloquentia!
3058 4315 3311 4371 magnus,
3340 4314 3394 4358 ct
3420 4305 3596 4361 histo-

2014 4387 2132 4441 rico
2183 4387 2325 4459 stylo
2369 4388 2728 4446 admirandus
2776 4389 3106 4461 Xenophon,
3156 4393 3211 4446 in
3264 4407 3419 4451 sexto
3465 4399 3595 4468 Cyri

2012 4477 2386 4546 expeditionis
2421 4493 2437 4531 :
2481 4479 2577 4532 sed
2616 4487 2673 4531 et
2706 4482 2759 4532 in
2803 4481 2983 4548 primo
3021 4479 3457 4551 Hellanicorum,
3495 4504 3597 4541 seu

336 4581 514 4650 νοφῶν
533 4623 550 4647 ,
578 4581 636 4634 ἐν
669 4598 731 4634 τε
768 4583 835 4652 τῇ
865 4578 997 4649 ἕκτῃ
1026 4577 1137 4630 τῶν
1168 4577 1492 4630 ἀναϐάσεων
1528 4578 1739 4648 Κύρου·
1769 4580 1901 4634 ἀλλὰ

2014 4566 2219 4624 Graecae
2261 4567 2514 4625 Historia:
2542 4570 2705 4635 libro,
2741 4572 2833 4626 ubi
2871 4573 2939 4626 de
2962 4589 3025 4627 ea
3070 4575 3185 4629 haec
3226 4592 3448 4646 quoque
3481 4598 3597 4635 me-

339 4677 437 4730 καὶ
465 4678 523 4729 ιν
554 4674 634 4744 τῷ
665 4673 870 4744 πρώτῳ
894 4674 1009 4724 τῶν
1055 4669 1395 4740 Ἑλληνικῶν
1431 4672 1908 4741 συγγραμμάτων,

336 4772 397 4822 ἐν
422 4762 468 4836 ᾧ
498 4767 596 4822 καὶ
623 4765 753 4820 τάδε
785 4764 914 4833 περὶ
945 4762 1115 4816 αὐτοῦ
1152 4764 1362 4830 ἱστορεῖ
1383 4802 1399 4828 ,
1441 4761 1518 4825 ὡς
1563 4762 1914 4833 Ἀλκιϐιάδης

338 4860 550 4918 ἐκεῖνος
597 4853 669 4907 τὰ
704 4853 861 4922 τείχη
900 4849 1171 4922 περιελὼν
1205 4850 1629 4920 Χρυσοπόλεως,
1659 4850 1916 4905 δεκαδευα-

334 4951 527 5019 τήριον
565 4950 626 5001 ἐν
682 4946 824 5017 αὐτῇ
882 4944 1144 4997 καθίστα.
1201 4942 1362 4997 Ὅσοι
1401 4943 1510 5011 γὰρ
1553 4943 1788 5013 ἔμποροι
1848 4946 1914 4996 ἐκ

338 5043 543 5095 Πόντου
580 5038 903 5102 κατέπλεον,
936 5039 995 5089 ἐν
1024 5037 1161 5104 αὐτῇ
1204 5034 1306 5097 τὰς
1352 5035 1594 5097 δεκάτας
1645 5035 1915 5104 παρεῖχον

332 5135 448 5189 τῶν
478 5137 716 5204 φόρτων.
769 5133 828 5184 '0
883 5131 1065 5183 τοίνυν
1102 5127 1372 5190 Ἀττικὸς.
1431 5127 1523 5180 τὸν
1570 5127 1912 5195 καταντικρὺ

336 5227 739 5298 Χρυσοπόλεως
789 5224 956 5277 τόπον
991 5220 1117 5275 ἰδὼν
1154 5222 1212 5273 ἐν
1258 5220 1464 5289 εὐθέτῳ
1494 5219 1758 5289 κείμενον
1803 5221 1914 5289 καὶ

335 5321 534 5391 τέρψιν
575 5319 636 5373 ού
676 5319 908 5386 μετρίαν
959 5317 1296 5385 παρέχοντα,
1325 5314 1533 5383 χρῆναι
1563 5312 1666 5383 ἐφη
1703 5314 1797 5365 τὸν
1826 5314 1914 5364 τό-

337 5430 441 5467 πον
487 5412 678 5467 τοῦτον
723 5408 1120 5478 Ἀργυρόπολιν
1165 5406 1539 5475 ὀνομάζεσθαι
1568 5421 1581 5434 ·
1634 5405 1663 5458 ὃ
1713 5405 1912 5457 αὐτίκα

338 5506 540 5579 ῥηθὲν,
571 5507 672 5574 τὴν
701 5501 1019 5572 ἐπωνυμίαν
1057 5500 1233 5553 ἐδίδου
1274 5499 1355 5569 τῷ
1392 5499 1584 5569 χώρῳ.
1622 5498 1913 5566 Λεγόντων

332 5601 395 5653 δέ
440 5614 605 5654 τινων
653 5596 981 5666 ἀσύμφορον
1021 5591 1163 5647 εἶναι
1206 5592 1585 5654 Ναυατιανοὺς
1629 5589 1779 5644 ἔνδον
1814 5593 1912 5659 τῆς

334 5692 754 5746 Κωνσταντίνου
789 5688 1207 5758 ἐκκλησιάζειν,
1259 5686 1559 5753 Ἀγνοεῖτε,
1599 5684 1677 5747 ὡς
1706 5687 1907 5746 ἔοικεν,

331 5785 465 5852 ἔφη,
492 5783 593 5837 ὅσα
624 5785 757 5853 ἡμῖν
788 5781 988 5851 συνέϐη
1019 5779 1213 5835 παθεῖν
1244 5780 1339 5830 ἐπὶ
1391 5778 1783 5830 Κωνσταντίου
1817 5777 1911 5827 καὶ

336 5877 655 5941 Οὓάλεντος.
694 5876 905 5940 Ἄλλως
939 5892 996 5929 τε
1047 5873 1103 5927 δὲ
1154 5872 1248 5925 καὶ
1303 5871 1586 5943 μάρτυρες
1618 5869 1765 5923 οὗτοι
1814 5870 1912 5938 τῆς

2018 4669 2216 4726 morat,
2257 4660 2405 4730 quod
2449 4661 2766 4717 Alcibiades
2799 4662 2891 4717 ille
2925 4679 3083 4717 muro
3110 4665 3433 4737 Chrysopoli
3469 4686 3594 4725 mu-

2018 4753 2155 4817 nita,
2188 4755 2530 4809 decimarum
2566 4754 3012 4825 accipiendarum
3048 4759 3236 4812 sedem
3276 4761 3348 4813 ibi
3387 4765 3594 4816 consti-

2017 4847 2203 4902 tuerit.
2258 4847 2591 4916 Quicunque
2659 4848 2808 4901 enim
2881 4858 3220 4905 mercatores
3286 4867 3351 4906 ex
3420 4853 3595 4908 Ponto

2016 4940 2565 5007 prmternavigarent,
2604 4937 2850 4994 decimas
2892 4955 2960 4995 eo
2998 4940 3119 4994 loco
3150 4943 3416 4997 mercium
3450 4961 3591 5014 pra:-

2017 5026 2280 5081 huerunt.
2316 5027 2530 5083 Atticus
2579 5028 2749 5100 igitur
2778 5029 2963 5083 locum
3020 5044 3050 5084 e
3098 5034 3321 5101 regione
3358 5029 3597 5106 Chrysol-

2017 5120 2165 5188 poli,
2231 5120 2520 5175 commode
2583 5137 2706 5176 cum
2766 5138 2873 5176 non
2940 5124 3205 5178 mediocri
3276 5130 3598 5183 :nnmnitate

2016 5214 2182 5268 situm
2219 5228 2475 5279 cernens,
2504 5213 2884 5284 Argyropolim
2933 5232 3058 5269 eum
3109 5210 3381 5273 nominari
3429 5235 3597 5290 opor-

2016 5313 2134 5359 tere
2173 5304 2345 5369 dixit,
2385 5306 2535 5375 quod
2565 5307 2794 5360 verbum
2827 5308 3036 5377 regioni
3068 5309 3251 5363 statim
3287 5326 3593 5381 cognomen

2017 5398 2238 5452 indidit.
2263 5397 2608 5466 Quibusdam
2636 5399 2976 5464 dicentibus,
3010 5403 3419 5457 incommodum
3444 5419 3593 5469 esse,

2014 5491 2161 5562 quod
2224 5490 2516 5545 Novatiani
2579 5492 2724 5546 intra
2790 5492 2984 5546 urbem
3054 5491 3593 5564 ConstantinOpolim

2014 5594 2322 5641 conventus
2382 5593 2606 5656 agerent
2659 5602 2673 5639 :
2725 5584 2986 5657 lgnorare
3030 5586 3330 5653 videmini,
3389 5588 3592 5658 inquit,

2014 5694 2138 5751 quat
2183 5678 2287 5733 sub
2327 5677 2657 5734 Constantio
2706 5688 2764 5732 et
2801 5662 3039 5735 Valente.
3080 5681 3325 5751 perpessi
3376 5696 3591 5736 sumus.

2017 5774 2289 5827 Praeterea
2322 5787 2454 5826 vero
2487 5781 2655 5826 testes
2699 5771 2773 5825 ibi
2811 5771 2973 5826 nobis
3016 5781 3148 5826 sunt
3180 5774 3305 5828 ﬁdei
3338 5790 3591 5841 veraces,

2014 5864 2149 5920 Cum
2175 5867 2321 5921 enim
2349 5865 2673 5935 jamdudum
2707 5863 2776 5918 ab
2808 5864 3052 5919 Ecclesia
3089 5865 3380 5920 universali
3411 5881 3595 5921 seces-
