4092 6480
597 396 738 462 H33

1824 411 2249 471 NlCEPilORl
2293 415 2645 476 CALLlSTI

3727 416 3839 482 1140

598 503 999 586 Thethhilum,
1032 521 1087 573 in
1131 521 1464 576 confusione
1497 534 1557 578 et
1593 526 1753 580 turba
1800 546 1829 581 a
1859 529 2064 584 Graeca:
2096 546 2193 584 su-

2309 533 2477 603 βραχὺ
2525 534 2817 602 ἀκριόείας
2861 533 3333 604 προτετιμηκότα.
3360 534 3429 586 Ai
3480 534 3587 604 γὰρ
3618 533 3679 601 δὴ
3712 536 3844 605 μέγιη

597 609 944 678 perstitionis
988 612 1260 668 studiosis
1307 616 1575 679 excitata.
1619 627 1872 674 exactam
1917 620 1984 675 ad
2021 621 2191 677 breve

2309 643 2418 679 rw:
2461 626 2573 680 τῶν
2607 626 2821 678 πόλεων
2868 628 3290 696 κυμαινομένης
3323 626 3600 695 θαλάσσης
3631 627 3845 698 κύμασιν

599 708 822 770 tempus
854 703 1304 760 observationem
1343 707 1465 776 paci
1497 708 1913 777 posthabuisse.
1944 713 2194 768 Maximae

599 790 748 844 enim
775 806 1011 862 quaeque
1040 795 1211 851 urbes
1242 798 1439 867 pelago
1464 797 1732 857 ﬂuctibus
1767 803 2042 874 exagitato
2070 821 2195 876 per-

600 883 833 950 similes,
892 902 960 941 ex
1009 891 1287 946 sententia
1344 892 1591 956 civium,
1647 909 1760 949 non
1822 907 1929 951 tam
1976 913 2194 955 summa

601 975 784 1045 legum
812 985 871 1033 et
900 982 1371 1038 constitutionum
1401 986 1813 1054 observatione,
1840 1006 2005 1060 quam
2032 1009 2198 1064 expe—

601 1065 901 1124 ditissimis
953 1072 1204 1127 consiliis
1264 1083 1431 1144 atque
1478 1077 1726 1147 judiciis,
1773 1081 1839 1134 ad
1892 1098 2082 1151 pacem
2141 1095 2197 1139 et

603 1163 958 1217 concordiam
1014 1164 1377 1230 facientibus,
1434 1170 1547 1239 regi
1595 1180 1763 1241 atque
1814 1174 2196 1232 administrari

604 1251 805 1305 solent.
842 1252 959 1319 Qua
1001 1271 1132 1310 vero
1174 1260 1239 1313 de
1267 1275 1434 1316 causa
1466 1247 1684 1317 litteras
1730 1264 1897 1319 hasce
1931 1268 2196 1331 scribam,

603 1343 821 1413 accipe.
872 1347 1041 1401 Novit
1080 1351 1347 1406 sanctitas
1385 1364 1499 1417 tua,
1557 1371 1619 1409 ac
1666 1358 1852 1426 potius
1906 1359 2017 1414 illis
2066 1361 2201 1430 ipsis

606 1435 789 1492 oculis
832 1438 1105 1501 intuetur.
1140 1444 1343 1511 quibus
1375 1447 1467 1515 qui
1515 1447 1572 1501 in
1619 1450 1827 1506 sanctis
1876 1464 1982 1513 est,
2039 1451 2200 1507 Pater

609 1537 802 1582 noster
833 1529 1205 1602 Tthphilus,
1257 1540 1567 1607 conspexit,
1599 1542 1781 1610 qualis
1813 1553 1871 1597 et
1902 1559 2069 1614 quam
2119 1547 2202 1599 in-

609 1635 747 1688 gens
777 1624 962 1688 turba,
999 1641 1248 1694 magnam
1281 1630 1421 1686 hanc
1452 1634 1721 1690 invaserit
1754 1635 1946 1692 urbem
1982 1658 1995 1692 :
2034 1651 2202 1711 atque

612 1713 751 1768 utin
780 1729 844 1769 ea
885 1718 1130 1775 sanctior
1166 1721 1304 1777 lides
1338 1734 1396 1778 et
1427 1726 1625 1800 pietas,
1661 1744 1730 1783 ne
1763 1729 2014 1787 funditus
2039 1748 2203 1787 erue-

609 1814 787 1869 rctur,
824 1809 1132 1876 periclitata
1159 1816 1234 1868 sit
1259 1830 1272 1866 :
1297 1815 1441 1871 adeo
1456 1819 1622 1872 etiam
1648 1831 1709 1875 ut
1727 1823 1966 1892 populus
1993 1825 2202 1897 majore

2294 718 2531 770 ἐοικυῖαι
2562 757 2575 779 ,
2625 717 2770 770 κατὰ
2820 717 2919 780 τὰς
2961 716 3193 785 γνώμας
3249 717 3360 770 τῶν
3403 716 3699 786 οἰκητόρων
3726 755 3741 778 ,
3794 720 3843 770 οὐ

2294 810 2551 863 τοσοῦτον
2582 811 2774 879 νόμοις
2807 811 2904 864 καὶ
2939 810 3253 875 διατάξεσιν
3284 810 3537 881 ἀκριϐέσι
3587 812 3841 879 πεφύκασι

2297 903 2588 957 πείθεσθαι
2616 946 2632 970 ,
2688 905 2813 956 ὅσον
2843 905 3189 973 διακρίσεσιν
3223 904 3719 973 εὖμεταχειρίστοις
3746 903 3845 972 βλε-

2298 999 2533 1057 πούσαις
2564 997 2702 1067 πρὸς
2728 998 2960 1068 εἰρήνην
2998 997 3095 1050 καὶ
3131 996 3468 1065 σύμπνοιαν.
3495 996 3655 1049 Ὄτου
3683 995 3736 1047 δὲ
3767 997 3845 1065 χά-

2300 1106 2388 1159 ριν
2431 1089 2702 1162 ἐκτίθημι
2731 1089 2903 1142 ταῦτα
2934 1089 3003 1142 τὰ
3032 1090 3364 1159 γράμματα,
3401 1086 3661 1157 μάνθανε.
3693 1087 3848 1153 Ἔγνω

2303 1203 2409 1237 που
2444 1187 2661 1243 πάντως
2696 1185 2729 1252 ἡ
2773 1185 2842 1254 σὴ
2870 1183 3111 1250 ὁσιότης,
3146 1185 3350 1251 μᾶλλον
3381 1183 3438 1235 δὲ
3484 1181 3730 1235 τεθέαται
3756 1184 3848 1244 τοῖς

2298 1275 2601 1344 ὀφθαλμοῖς
2630 1274 2864 1334 ἐκείνοις
2915 1271 3116 1344 οἷσπερ
3161 1269 3308 1327 οῖδεν
3344 1277 3371 1328 ὁ
3400 1276 3462 1326 έν
3491 1274 3663 1347 ἁγίοις
3690 1274 3849 1341 Πατὴρ

2301 1364 2459 1433 ἡμῶν
2489 1366 2516 1417 ό
2547 1363 2830 1432 Θεόφιλος,
2859 1363 2948 1416 οἵα
2974 1365 3070 1417 καὶ
3093 1366 3195 1434 ὅση
3225 1362 3445 1433 ταραχὴ
3473 1361 3734 1416 κατέλαδε
3770 1363 3849 1431 τὴν

2301 1457 2704 1527 Μεγαλόπολιν·
2736 1459 2833 1510 καὶ
2862 1458 3011 1519 ὅπως
3039 1460 3102 1510 ὲκ
3129 1457 3239 1510 τῶν
3283 1456 3505 1526 βάθρων
3536 1454 3710 1507 αὐτῶν
3734 1456 3851 1505 ἐκιν-

2301 1550 2562 1605 δύνευσεν
2617 1552 2651 1621 ἡ
2706 1550 2940 1622 εὐσεϐὴς
2992 1549 3176 1613 πίστις
3228 1547 3699 1618 κατασεισθῆναι·
3734 1544 3849 1598 ὥστε

2306 1645 2400 1699 καὶ
2424 1643 2587 1697 αὑτὸν
2606 1643 2700 1696 τὸν
2730 1641 2869 1695 λεὼν
2896 1641 3183 1713 τμηθέντα
3207 1641 3289 1712 τῷ
3318 1642 3547 1717 πλείονι
3567 1640 3738 1711 μέρει.
3763 1638 3850 1691 τῶν

2305 1736 2503 1806 τειχῶν
2554 1736 2711 1797 ἐκτὸς
2748 1734 3241 1805 συναθροίζεσθαι,
3294 1736 3393 1788 καὶ
3443 1734 3569 1797 τοὺς
3610 1733 3775 1801 ἱερέας
3803 1747 3850 1781 τε

2309 1831 2405 1880 καὶ
2432 1827 2876 1891 συνεπισκόπους
2907 1828 3301 1899 ἀπορραγῆναι
3333 1827 3434 1896 τῆς
3468 1825 3602 1895 πρὸς
3623 1823 3850 1891 ἀλλήλους

611 1912 680 1953 ex
703 1912 862 1970 parte
890 1918 991 1975 per
1026 1904 1321 1969 factionem
1369 1911 1602 1977 scissus,
1648 1927 1802 1971 extra
1835 1933 2028 1974 muros
2071 1936 2205 1976 con-

2309 1919 2620 1983 κοινωνίας,
2649 1919 2748 1990 τὴν
2780 1920 2995 1988 ἀγαθὴν
3032 1917 3261 1989 φυτείαν
3296 1918 3393 1971 τοῦ
3443 1916 3709 1971 Δεσπότου
3739 1913 3848 1983 Χρι-

610 2004 813 2050 ventus
843 1998 1020 2067 egerit
1061 2016 1076 2053 :
1119 2010 1178 2056 et
1210 2001 1465 2073 plerique
1521 2009 1848 2064 sacerdotes
1889 2021 1946 2065 et
1983 2011 2206 2084 collegae

609 2085 793 2140 nostri
819 2087 1090 2159 episcopi,
1113 2107 1144 2145 a
1167 2105 1363 2148 nmtua
1389 2097 1784 2153 communione
1806 2098 2203 2168 desciscentes,

614 2177 818 2233 bonam
848 2180 1249 2249 plantationem
1300 2185 1515 2242 Domini
1564 2188 1694 2244 Jesu
1733 2188 1964 2255 Christi,
2010 2207 2205 2262 parum

612 2270 776 2327 abest
801 2275 933 2343 quin
979 2276 1305 2345 evulserint,
1355 2283 1510 2351 pacis
1552 2284 1946 2341 commoditate
1994 2285 2209 2341 scilicet

620 2363 1032 2435 aliquantulum
1084 2369 1375 2431 distracta.
1432 2373 1693 2430 Sedenim
1735 2376 1910 2431 multo
1950 2391 2083 2432 sane
2122 2377 2206 2430 la-

612 2458 778 2526 bore,
823 2463 999 2518 multo
1050 2463 1278 2528 sudore,
1312 2476 1371 2521 et
1399 2469 1665 2537 periculis
1714 2470 1909 2525 multis
1939 2470 2207 2540 despera-

614 2552 785 2608 tionis
815 2555 1013 2623 plenis,
1049 2558 1282 2627 plurima
1314 2569 1369 2613 et
1403 2561 1643 2617 maxima
1679 2578 1915 2634 qumque
1959 2578 2211 2618 commu-

617 2646 773 2700 nium
822 2648 1050 2705 Patrum
1099 2661 1416 2715 nostrorum
1445 2662 1613 2725 atque
1641 2658 1810 2711 etiam
1850 2657 2073 2728 pictatis
2103 2668 2211 2714 ture

616 2739 880 2809 precibus
934 2756 993 2802 et
1040 2745 1455 2816 conspiratione
1514 2751 1694 2819 sopita
1744 2759 1875 2805 sunt
1923 2751 2082 2806 mala.
2143 2751 2211 2807 Et

544 2830 553 2835 ’
618 2832 785 2889 turba
830 2835 1054 2905 quidem
1091 2837 1184 2899 illa
1232 2841 1579 2912 conquievit,
1632 2845 1931 2899 concordia
1987 2861 2120 2899 vero
2154 2858 2211 2900 et

618 2940 813 2983 serena
846 2930 1222 2999 tranquillitas
1246 2932 1303 2989 in
1333 2934 1488 2990 orbis
1514 2936 1758 2992 universi
1786 2938 2040 2993 ecclesiis
2067 2938 2213 2993 obti-

617 3026 736 3073 net.
773 3016 908 3077 Cum
946 3036 1076 3079 vero
1107 3024 1365 3082 nonnulli
1395 3042 1600 3084 nomen
1627 3036 1842 3084 tantum
1872 3029 2019 3085 beati
2039 3029 2213 3085 Joan-

617 3111 709 3165 nis
738 3113 987 3183 mysticis
1020 3114 1222 3174 tabttlis
1249 3118 1484 3176 inscribi
1510 3121 1737 3187 vellent,
1769 3123 1971 3179 beatus
1993 3126 2211 3194 episco-

619 3220 725 3275 pus
778 3206 1119 3275 Alexander,
1171 3211 1583 3270 Antiochenum
1644 3217 1810 3271 istum
1858 3217 2008 3283 dico,
2045 3216 2210 3288 492

619 3299 1162 3372 ConstantinOpolim
1220 3305 1404 3371 venit,
1437 3316 1492 3362 et
1538 3309 1711 3364 multa
1749 3323 1846 3363 ore
1901 3307 2207 3365 conﬁdenti

619 3393 794 3448 verba
849 3393 983 3450 fecit

2241 3254 2282 3306 Ο

2310 2012 2462 2076 στοῦ,
2496 2014 2557 2065 τὸ
2600 2014 2699 2083 τῆς
2732 2014 2960 2081 είρήνης
3013 2012 3161 2080 λέγω
3190 2011 3385 2077 καλὸν,
3421 2010 3620 2081 μικροῦ
3649 2006 3847 2061 διασπά-

2310 2118 2535 2163 σαντας.
2572 2104 2780 2170 Διόπερ
2822 2101 3008 2172 πολλῷ
3041 2102 3145 2171 μὲν
3181 2104 3354 2172 πόνῳ,
3390 2101 3578 2170 πολλῷ
3609 2100 3660 2152 δὲ
3694 2096 3847 2168 ίὸρώτι

2308 2197 2406 2248 καὶ
2444 2195 2715 2257 κινδύνοις
2752 2197 3019 2264 γέμουσιν
3058 2193 3429 2260 ἀπογνώσεως
3485 2194 3553 2247 τὰ
3596 2191 3752 2245 πλείω
3777 2192 3850 2242 καὶ

2310 2283 2689 2354 προτιμότερα
2718 2325 2732 2349 ,
2771 2286 3111 2354 προσευχαῖς
3166 2300 3230 2335 τε
3280 2285 3381 2337 καὶ
3408 2280 3726 2354 συμπνοίαις
3764 2277 3850 2331 τῶν

2310 2374 2505 2428 κοινῶν
2541 2374 2802 2446 Πατέρων
2844 2375 3025 2446 ἡμῶν,
3062 2374 3143 2427 ἔτι
3193 2390 3256 2441 γε
3294 2373 3403 2444 μὴν
3437 2372 3537 2427 καὶ
3577 2372 3670 2442 τῆς
3699 2371 3846 2423 θεοσε-

2311 2467 2487 2532 ϐείας,
2521 2468 2706 2538 ἐκείνη
2759 2469 2858 2537 μὲν
2899 2469 3283 2538 κατηυνάσθηο
3322 2468 3554 2537 ὁμόνοια
3580 2463 3742 2518 δὲκαὶ
3770 2478 3848 2530 γα-

2311 2559 2449 2628 λήνη
2473 2562 2697 2631 κατέχει
2726 2562 2826 2624 τὰς
2870 2560 3018 2614 κατὰ
3063 2562 3166 2634 τὴν
3196 2561 3528 2630 οἰκουμένην
3572 2558 3846 2627 ἐκκλησίας.

2323 2653 2550 2721 Ἐπειδὴ
2594 2654 2651 2706 δὲ
2689 2670 2840 2717 τινες
2889 2654 2992 2724 τὴν
3045 2652 3434 2724 προσηγορίαν
3467 2652 3625 2723 μόνον
3654 2648 3737 2702 τοῦ
3768 2663 3849 2716 μα·

2312 2744 2507 2815 καρίου
2535 2743 2794 2797 Ἰωάννου
2848 2746 2969 2808 ταῖς
3025 2747 3319 2816 μυστικαῖς
3376 2746 3587 2809 δέλτοις
3614 2741 3848 2812 γραφῆναι

2314 2836 2616 2907 ἠθέλησαν·
2655 2836 2799 2890 ὥστε
2834 2839 2928 2891 καὶ
2960 2838 3053 2891 τὸν
3110 2838 3388 2909 μακάριον
3421 2839 3706 2891 ἐπίσκοπον
3734 2830 3853 2885 Ἀλέ-

2316 2929 2565 3000 ξανδρον,
2600 2929 2694 2982 τὸν
2725 2931 2827 3001 τῆς
2877 2930 3223 3001 Ἀντιοχείας
3286 2932 3456 3000 φημὶ,
3503 2927 3847 2989 ὲπιστάντατῇ

2315 3019 2724 3086 Μεγαλοπόλει,
2757 3019 2936 3074 πολλὰ
2984 3020 3467 3091 θρασυστομῆσαι,
3505 3017 3670 3073 πολλὰ
3710 3015 3758 3068 δὲ
3782 3010 3851 3064 καὶ

2316 3112 2443 3174 τοὺς
2472 3110 2632 3175 λαοὺς
2655 3113 2949 3183 ἐπεγεῖραι
2985 3111 3231 3183 θελῆσαι·
3267 3111 3414 3165 ὥστε
3458 3111 3551 3164 καὶ
3597 3109 3668 3180 μὴ
3701 3103 3854 3176 βουλο-

2319 3205 2503 3273 μένων
2529 3205 2687 3274 ἡμῶν
2719 3207 3036 3274 ἀναγκάσαι
3067 3206 3351 3276 γραφῆναι
3381 3206 3444 3259 τὸ
3466 3203 3560 3258 τοῦ
3590 3211 3852 3274 μνημονευ-

2318 3297 2505 3361 θέντος
2540 3297 2735 3369 ὄνομα.
2774 3299 2960 3370 Ἀπερ
2999 3300 3139 3369 μετὰ
3190 3296 3485 3367 ἀκριϐείας
3514 3296 3724 3362 ἁπάσης
3753 3287 3854 3354 έξη·

1037 3410 1052 3449 :
1098 3397 1574 3471 vehementerque
1630 3401 1878 3457 excitare
1939 3404 2208 3473 populum

2314 3391 2559 3459 γήσαντό
2596 3408 2701 3445 που
2750 3392 2972 3453 πάντως
3011 3393 3078 3462 τῇ
3125 3393 3190 3460 σῇ
3223 3390 3512 3461 θεοσεϐείᾳ
3558 3388 3604 3439 oi
3633 3382 3719 3438 τοῦ
3745 3374 3854 3433 Θεοῦ

621 3484 822 3552 voluit,
860 3496 920 3543 ut
962 3488 1046 3542 vel
1082 3490 1242 3547 nobis
1275 3492 1491 3559 invitis,
1536 3495 1855 3550 necessario
1892 3496 2015 3565 ejus
2043 3511 2209 3565 quem

2314 3484 2492 3539 δοῦλοι
2539 3484 2927 3541 εὐλαϐέστατοι
2959 3485 3199 3539 διάκονοι
3256 3485 3471 3554 Πέτρος
3500 3483 3594 3534 καὶ
3631 3476 3855 3532 Αίδέσιος-

620 3576 887 3642 diximus,
934 3597 1137 3639 nomen
1170 3585 1243 3638 ita
1282 3585 1705 3641 inscriberetur.
1744 3586 1918 3653 Quam
1966 3604 2082 3644 rem
2120 3605 2214 3643 ac-

623 3684 815 3730 curate
846 3692 1076 3745 prorsus
1114 3680 1306 3747 pietati
1341 3689 1469 3753 tuae,
1505 3679 1747 3734 ministri
1784 3681 1881 3735 Dei
1913 3682 2219 3753 religiosis-3

623 3767 750 3826 simi
819 3768 1066 3833 diaconi,
1131 3772 1329 3828 Petrus
1386 3752 1444 3826 et
1491 3771 1756 3829 Edesius
1810 3752 2210 3843 exposuerunt.

622 3861 899 3919 Praeteriit
960 3875 1180 3936 tempus
1224 3867 1474 3936 longum,
1522 3879 1578 3921 et
1611 3881 1715 3922 nos
1770 3868 2109 3924 necessitate
2149 3882 2215 3924 ea

625 3971 753 4025 qua;
798 3972 828 4010 a
867 3959 1131 4027 populari
1184 3974 1372 4013 rerum
1411 3960 1901 4016 administratione
1931 3963 2213 4031 provenit,

624 4048 806 4115 premi
880 4048 1331 4119 incipiebamus,
1396 4064 1580 4119 neque
1652 4059 1836 4105 tamen
1909 4052 2215 4123 quidquam

624 4140 947 4197 schismatis
977 4153 1035 4206 et
1073 4141 1293 4199 dissidii
1344 4141 1609 4211 reliquias
1644 4143 1980 4199 curabamus
2034 4164 2046 4198 :
2092 4160 2220 4200 cum

623 4234 695 4289 ad
724 4249 831 4290 nos
860 4249 929 4290 ex
959 4232 1193 4290 Oriente
1227 4234 1323 4289 Dei
1351 4235 1719 4291 amantissimi
1751 4237 2051 4308 episcopus
2077 4239 2218 4292 Aca-

623 4329 749 4385 cius
783 4328 1004 4384 litteras
1047 4326 1226 4393 dedit,
1255 4327 1741 4401 religiosissimum
1771 4330 2077 4386 antistitem
2110 4328 2222 4383 An-

2318 3578 2528 3646 Xpdvou
2560 3580 2618 3634 δὲ
2651 3579 2849 3633 πολλοῦ
2895 3578 3367 3651 παρεληλυθότος,
3406 3578 3500 3630 καὶ
3523 3573 3676 3646 ἡμῶν
3700 3573 3858 3645 βιαεξπ·

2322 3675 2501 3746 μένων
2537 3673 2637 3743 τὴν
2686 3676 2752 3727 ὲκ
2796 3673 2895 3744 τῆς
2922 3672 3302 3744 δημοκρατίας
3333 3671 3605 3738 ἀνάγκην,
3639 3665 3723 3719 καὶ
3746 3659 3858 3715 κατά

2323 3765 2493 3835 μηδὲν
2513 3764 2993 3834 ὲπιστρεφομένων
3027 3767 3164 3833 πρὸς
3182 3764 3243 3816 τὸ
3272 3763 3369 3815 τοῦ
3403 3762 3691 3833 σχίσματος
3708 3752 3852 3818 λείψα·

2321 3877 2434 3925 νον,
2482 3859 2766 3928 γέγραφεν
2812 3857 2948 3928 ἡμῖν
2987 3858 3051 3910 ἐκ
3081 3856 3180 3926 τῆς
3221 3853 3403 3925 Ἓῴας
3431 3858 3459 3908 ὁ
3488 3850 3858 3921 θεοφιλέστατος

2322 3955 2624 4016 ἐπίσκοπος
2678 3952 2967 4018 Ἀκάκιος,
3016 3951 3110 4005 τὸν
3156 3951 3553 4003 εὐλαϐέστατον
3601 3943 3859 3997 ἐπίσκοπον

2322 4048 2421 4113 τῆς
2467 4044 2800 4115 Ἀντιοχείας
2859 4044 3118 4097 Θεόδοτον
3172 4039 3684 4111 συναναγκασθῆναι
3735 4027 3861 4097 παρὰ

2323 4141 2435 4192 τῶν
2474 4139 2663 4207 δήμων
2691 4139 2791 4209 τὴν
2823 4137 3204 4211 προσηγορίαν
3246 4136 3501 4190 Ἰωάννου
3532 4132 3758 4205 γράψει’
3785 4122 3861 4174 καὶ

2324 4224 2509 4305 ᾐτεῖτο
2542 4235 2849 4303 συγγνώμη
2878 4234 3031 4301 ἡμᾶς
3070 4230 3377 4301 παρασχεῖν
3407 4227 3486 4298 τῷ
3524 4225 3625 4280 ὑπὸ
3654 4220 3860 4285 ἀνάγκης

2324 4328 2486 4382 τοῦτο
2518 4325 2909 4395 πεποιηκέναι’
2937 4324 3028 4378 ὅτε
3060 4323 3314 4391 γενναῖος
3341 4322 3555 4383 ἐκεῖνος
3586 4317 3690 4370 τῶν
3710 4323 3862 4379 γραμ-

627 4421 852 4479 tiochia:
885 4418 1238 4475 Theodotum
1265 4436 1294 4475 a
1324 4422 1552 4491 populo,
1585 4431 1645 4477 ut
1674 4436 1879 4476 nomen
1909 4421 2139 4481 Joannis
2164 4424 2212 4477 in

2328 4421 2519 4491 μάτων
2558 4419 2921 4488 διακομιστὴς
2952 4415 3329 4489 πρεσϐύτερος
3356 4412 3498 4484 ἔφθη
3532 4404 3860 4513 κατασπεῖραι

625 4530 818 4572 sacras
854 4514 1074 4574 tabulas
1122 4514 1378 4580 referret,
1428 4526 1687 4573 coactum
1723 4530 1869 4581 esse,
1908 4526 1970 4571 ut
2002 4516 2212 4572 veniam

2326 4515 2421 4567 τὶν
2451 4512 2610 4581 λόγον
2639 4511 2722 4582 τῷ
2764 4510 2966 4581 πλήθει
2994 4508 3094 4579 τῆς
3132 4506 3559 4594 Μεγαλοπόλεως
3579 4541 3594 4566 ,
3627 4506 3719 4594 της
3754 4506 3861 4594 03v-

627 4610 708 4664 rei
742 4608 797 4665 ei
823 4622 991 4680 quam
1021 4608 1355 4666 necessitate
1383 4608 1479 4664 ille
1496 4608 1770 4665 adductus
1783 4608 2026 4674 fecisset,
2055 4609 2212 4666 dare~

2328 4605 2534 4668 θέσεως
2570 4604 2735 4675 χάριν
2775 4599 2846 4673 ἦς
2898 4601 3160 4670 ἀφίκετο·
3202 4600 3295 4657 τόν
3340 4615 3400 4652 τε
3448 4593 3569 4652 νοῦν
3618 4589 3719 4644 τῶν
3752 4589 3861 4680 τρι

627 4719 776 4771 mus,
809 4713 1028 4774 petens.
1064 4703 1135 4759 Et
1170 4711 1283 4758 tum
1318 4704 1499 4758 bonus
1528 4702 1621 4757 ille
1648 4702 1743 4773 qui
1773 4702 1989 4759 litteras
2017 4705 2084 4760 ad
2122 4719 2224 4760 nos

627 4797 866 4865 pertulit
898 4796 1212 4868 presbyter,
1253 4809 1477 4853 causam
1511 4795 1784 4851 adventus
1814 4795 1902 4852 sui
1945 4797 2222 4863 indicans,

629 4902 750 4942 rem
801 4887 947 4942 hanc
999 4887 1055 4941 in
1096 4887 1294 4957 vulgus
1333 4900 1546 4956 magna:
1603 4884 1760 4940 urbis
1798 4886 2132 4956 propalavit,
2167 4896 2225 4942 et

632 4980 967 5035 sententiam
998 4980 1139 5035 datm
1169 4981 1238 5034 ad
1271 4994 1374 5033 uos
1410 4980 1658 5050 epistola:
1687 4980 1896 5051 populo
1928 4980 2171 5051 vulgavit
2207 4996 2221 5032 :

633 5074 775 5129 adeo
809 5085 868 5129 ut
902 5088 1097 5144 parum
1136 5072 1399 5133 abfuerit.
1437 5073 1571 5141 quin
1612 5075 1852 5128 tumultu
1892 5074 2072 5144 plebis
2104 5075 2228 5128 uni-

610 5183 810 5224 versae
848 5168 983 5223 urbs
1025 5167 1238 5237 repleta
1285 5167 1378 5222 sit.
1423 5168 1501 5223 lbi
1551 5184 1686 5223 vero
1718 5184 1843 5238 ego,
1888 5168 1965 5222 ibi
2001 5169 2222 5223 demum

632 5261 1022 5331 perturbatus,
1055 5272 1111 5315 et
1146 5261 1214 5315 de
1242 5261 1412 5316 rebus
1451 5261 1708 5317 maximis
1737 5260 2040 5316 discrimen
2070 5277 2223 5316 snm-

636 5370 788 5408 mum
818 5355 1055 5418 veritus,
1085 5354 1395 5423 piissimum
1423 5355 1817 5423 imperatorem
1847 5354 1979 5417 adii,
2016 5362 2074 5409 et
2099 5369 2225 5408 cum

635 5466 703 5504 co
741 5451 809 5502 de
854 5462 992 5517 pace
1043 5456 1099 5502 et
1134 5447 1440 5516 tranquillo
1472 5461 1657 5502 rerum
1695 5453 1839 5499 statu
1888 5445 1996 5514 egi.
2048 5446 2227 5514 Atque

636 5542 729 5597 ille
768 5540 904 5595 nihil
952 5555 1077 5597 esse
1118 5540 1350 5610 periculi
1406 5547 1501 5592 aut
1546 5538 1881 5592 incommodi
1915 5537 2227 5606 respondit,

638 5634 683 5688 si
738 5632 990 5688 defuncti
1036 5633 1143 5688 viri
1206 5646 1435 5694 nomen,
1491 5629 1931 5699 tranquillitatis,
1986 5628 2138 5698 pacis
2172 5638 2229 5683 et

641 5730 830 5799 populi
881 5726 1197 5784 concordia:
1235 5726 1412 5797 gratia
1445 5721 1870 5777 inscriberetur.
1904 5721 2096 5789 Itaque
2126 5736 2229 5790 ego

640 5836 703 5874 ea
742 5839 799 5877 re
842 5838 1159 5891 persuasus,
1194 5817 1496 5889 (quomodo
1535 5816 1684 5870 enim
1719 5813 2047 5869 necessitate
2093 5829 2231 5883 prie.

644 5919 842 5967 ventus
884 5911 940 5967 id
978 5927 1090 5966 non
1127 5908 1425 5978 facerem?)
1467 5924 1535 5962 ne
1571 5904 1857 5975 religionis
1898 5914 2099 5959 nostra;
2144 5919 2232 5958 res

2328 4698 2479 4767 ἡμᾶς
2527 4694 2882 4766 γραμμάτων
2930 4690 3339 4761 διεπόρθμευσε
3393 4689 3509 4751 τοῖς
3563 4684 3722 4746 λαοῖς,
3747 4676 3861 4767 ὥστε

2331 4766 2654 4857 συγχύσεως
2693 4783 2896 4858 μικροῦ
2945 4785 3058 4838 δεῖν
3108 4784 3201 4836 τὸν
3252 4782 3412 4853 δχλον
3451 4778 3624 4834 πάντα
3656 4766 3864 4832 άναπλιν

2331 4878 2546 4949 σθῆναι.
2573 4877 2711 4931 Τότε
2736 4877 2824 4949 δὴ,
2852 4876 2974 4929 τότε
3003 4873 3328 4946 θορυϐηθεὶς
3360 4871 3495 4941 ἐγὼ,
3521 4869 3616 4924 καὶ
3644 4865 3730 4918 τὸν
3746 4859 3863 4949 ὑπὲρ

2329 4948 2439 5026 τῶν
2478 4972 2756 5040 μεγίστων
2790 4948 3056 5024 κίνδυνον
3107 4965 3487 5029 ὑποπτεύσας.
3532 4962 3625 5017 καὶ
3653 4948 3862 5026 περίτδν

2330 5064 2733 5119 εὐσεὸέστατον
2763 5061 2995 5132 βασιλέα
3024 5060 3343 5130 γενόμενος,
3375 5057 3508 5128 περὶ
3549 5053 3645 5122 τῆς
3676 5045 3863 5132 εἰρήνηξ

2331 5158 2429 5211 καὶ
2483 5156 2585 5225 τῆς
2620 5128 2949 5217 εὐσταθείας
3001 5128 3308 5222 ἐποιοῦμτιν
3365 5150 3456 5204 τὸν
3513 5146 3683 5212 λόγον·
3725 5128 3863 5225 ’θ-δὲ

2332 5223 2671 5319 ἀπεκρίνατο
2729 5247 2898 5318 μηδὲν
2956 5241 3099 5300 εἶναι
3136 5243 3336 5315 βλάϐος
3373 5241 3608 5313 γράφειν
3631 5223 3865 5322 dimidii"

2333 5318 2493 5407 οότος
2516 5342 2711 5413 ἀνδρὸς
2745 5341 2923 5410 ὄνομα
2970 5337 3115 5406 ὑπὲρ
3168 5337 3267 5406 τῆς
3318 5329 3633 5390 εὐσταθείας
3674 5318 3863 5415 κιιῖ⁸

2332 5437 2444 5491 τῶν
2472 5410 2631 5489 λαῶν’
2655 5432 2915 5504 ὁμονοίας
2957 5448 3017 5483 τε
3046 5431 3143 5484 καὶ
3171 5430 3419 5500 είρήνης.
3453 5423 3561 5479 Kal
3589 5417 3753 5472 τοίνυν
3775 5410 3863 5469 ἐγὼ

2334 5531 2552 5591 τούτοις
2603 5524 2878 5589 πεισθεὶς,
2937 5523 3033 5576 καὶ
3090 5521 3209 5587 πῶς
3248 5522 3358 5591 γὰρ
3388 5518 3485 5572 οὐκ
3514 5510 3725 5603 ἔμελλον
3755 5510 3863 5603 πρξς

2334 5586 2548 5691 φθάσαξ
2582 5619 2684 5690 τὴν
2713 5586 3005 5685 Miranti:
3040 5586 3191 5668 ὥστε
3367 5608 3614 5681 γενέσθαι
3651 5586 3844 5697 rita-talo

2336 5687 2485 5786 ημᾶς
2516 5687 2846 5769 ἀκολουθίαν
2892 5710 2987 5764 τοῦ
3025 5709 3288 5781 πλήθους,
3322 5710 3460 5777 μήτε
3496 5700 3596 5772 μὴν
3624 5687 3862 5792 gagaten“:

2338 5816 2415 5873 εἰς
2442 5807 2827 5880 δημοκρατίαν
2860 5806 2958 5876 τὴν
2990 5804 3165 5858 πόλιν·
3202 5802 3481 5872 γραφῆναι
3513 5786 3859 5885 napaeas???

2337 5903 2437 5973 τὴν
2480 5900 2883 5972 προσηγορίαν·
2920 5898 3094 5962 οὐδὲν,
3128 5898 3204 5961 ὡς
3240 5893 3419 5967 οἶμαι,
3455 5888 3574 5943 οὔτε
3599 5883 3673 5945 είς
3700 5875 3860 5931 αυτους
