4092 6460
361 425 493 492 1'.“

1280 436 1872 498 ECCLESIASTlCdI
1915 437 2296 500 HISTORIA!
2338 440 2489 503 LIB.
2532 439 2688 500 XIV.

3472 436 3636 499 1H2“

357 549 486 610 τοὺς
513 549 744 611 κανόνας
784 551 1142 621 ἡμαρτηκὼς,
1181 553 1306 608 οὔτε
1352 556 1458 625 μὴν
1501 560 1567 627 τῇ
1598 557 1783 626 κρίσει
1818 558 1926 610 τῶν

2046 571 2094 611 ιι
2151 557 2524 612 multitudinis
2564 557 2816 623 arbitrio,
2873 555 3126 625 exemplo
3174 568 3282 608 uno
3319 554 3630 623 permisso,

363 638 623 705 Πατέρων
663 638 1166 712 διαλυμηνάμενος.
1200 643 1613 714 Μνημονεύεται
1649 649 1756 717 γὰρ
1793 649 1928 715 μετά

362 728 476 781 τῶν
500 729 919 799 ἀπεληλυθότων
966 735 1027 786 οὐ
1080 736 1243 802 μόνον
1279 740 1628 802 ἐπισκόπων,
1659 740 1794 793 ἀλλὰ
1834 742 1931 793 καὶ

364 822 779 892 πρεσϐυτέρων,
805 828 903 878 καὶ
923 826 1209 891 διακόνων,
1239 831 1333 882 καὶ
1357 830 1581 896 λαῖκῶν,
1607 834 1704 885 καὶ
1740 850 1930 900 γυναι-

363 914 497 964 κῶν·
541 915 679 985 πρὸς
727 916 820 978 οὒς
855 918 1100 984 ἅπαντας
1145 922 1245 974 οὐκ
1292 924 1444 976 ἐστιν
1493 928 1628 995 ἡμῖν
1673 928 1931 981 κοινωνία

368 1006 698 1075 ἱερωσύνης,
728 1009 850 1063 οὐδὲ
876 1012 1162 1077 μετάδοσις
1189 1014 1301 1066 τῶν
1347 1016 1442 1068 ἐπὶ
1482 1017 1577 1084 τῆς
1612 1019 1774 1084 ἀγίας
1798 1038 1932 1090 τραν

367 1098 543 1167 πέζης
589 1101 872 1169 μυστικῶς
918 1107 1280 1174 τελουμένων.
1315 1108 1456 1162 Πολὺ
1505 1110 1616 1180 γὰρ
1669 1112 1730 1164 τὸ
1766 1112 1932 1179 μέσον

366 1186 478 1240 τῶν
507 1189 849 1245 ὑπελθόντων
900 1196 963 1247 τὸ
1008 1197 1201 1267 πέρας,
1232 1199 1329 1252 καὶ
1366 1200 1476 1253 τῶν
1529 1201 1610 1254 ἔτι
1655 1203 1800 1274 ὑπὲρ
1828 1207 1933 1272 γῆς

366 1281 767 1348 τυγχανόντων,
801 1283 943 1339 ὥστε
998 1290 1093 1352 καὶ
1127 1290 1558 1361 συνδιαιρεῖσθαι
1586 1294 1685 1358 τὰς
1716 1294 1934 1365 βίϐλους

371 1370 506 1435 πρὸς
552 1369 651 1438 τήν
701 1374 814 1424 τῶν
848 1379 1344 1447 μνημονευομένων
1389 1382 1747 1438 κατάστασιν.
1795 1384 1935 1439 οὔτε

368 1462 479 1528 γάρ
503 1477 558 1512 τι
585 1461 678 1513 τὸν
711 1463 874 1516 Δαυτδ
900 1467 1135 1536 ἔϐλαψεν
1163 1470 1197 1538 ή
1232 1469 1450 1540 ἔντιμος
1496 1472 1592 1527 τοῦ
1622 1476 1796 1530 Σαοὺλ
1830 1495 1945 1548 κη-

370 1552 509 1617 δεία,
541 1553 665 1608 οὔτε
693 1558 820 1618 τοὺς
849 1559 1185 1622 ἀποστόλους
1220 1563 1248 1614 ό
1293 1564 1392 1633 τῆς
1436 1564 1530 1617 τοῦ
1554 1565 1766 1635 Ἀρείου
1810 1570 1938 1623 ἀσε-

371 1645 525 1709 ϐείας
554 1646 754 1710 ὀπαδὸς
790 1649 1067 1717 Εὑδόξιος,
1100 1653 1205 1705 ὑπὸ
1243 1654 1304 1707 τὸ
1356 1655 1489 1709 αὐτὸ
1543 1656 1938 1732 θυσιαστήριον

369 1737 648 1805 κείμενος·
696 1740 821 1791 οὔτε
859 1743 1125 1806 Παυλίώς
1161 1762 1222 1797 τε
1255 1746 1351 1799 καὶ
1383 1746 1674 1817 Εὐάγριος,
1702 1752 1751 1803 oi
1778 1754 1937 1819 γενό-

2029 651 2373 715 penderent,
2431 665 2571 705 neve
2612 650 2804 705 urbem
2852 650 3025 718 ipsam
3081 646 3327 717 populari
3377 645 3611 701 admini-

2033 738 2285 792 strationi
2329 739 2824 804 assuefaceremus,
2861 752 3057 792 nomen
3109 737 3162 791 id
3212 738 3265 791 in
3300 737 3488 791 album
3521 752 3611 789 re-

2032 829 2165 885 ferri
2218 831 2387 900 jussi.
2434 833 2636 897 Quare,
2689 843 2750 887 ut
2801 832 3062 903 equidem
3104 841 3269 900 puto,
3319 846 3496 898 neque
3555 829 3609 882 in

2034 935 2223 975 sacros
2278 937 2521 976 canones
2581 923 2868 985 commisi,
2920 937 3101 991 neque
3129 919 3340 991 judicio
3387 920 3608 973 Patrum

2032 1011 2283 1067 fraudem
2314 1011 2443 1068 feci.
2474 1000 2680 1066 Mentio
2698 1027 2937 1081 namque
2963 1006 3083 1082 ejtts
3119 1010 3317 1066 Meum
3339 1010 3614 1064 defunctis

2032 1120 2144 1158 non
2197 1106 2377 1159 solum
2419 1105 2721 1174 episcopis,
2752 1105 2854 1160 sed
2883 1114 2939 1160 et
2968 1098 3333 1173 presbyteris,
3366 1102 3613 1157 diaconis

2033 1206 2089 1251 et
2122 1197 2274 1251 laicis
2303 1197 2459 1266 ipsis,
2498 1197 2954 1265 mulieribusque,
2973 1211 3096 1251 cum
3128 1196 3331 1265 quibus
3352 1195 3614 1249 omnibus

2033 1288 2196 1345 nobis
2223 1288 2524 1344 sacerdOtii
2555 1289 2898 1352 communio,
2926 1297 3021 1342 aut
3055 1288 3249 1342 earnm
3280 1303 3463 1342 rerum
3493 1303 3614 1355 qua:

2037 1381 2093 1435 in
2139 1395 2294 1436 sacra
2333 1394 2523 1436 mensa
2560 1382 2788 1452 mystice
2822 1381 3231 1450 percipiuntur,
3263 1379 3611 1449 participatio

2036 1482 2147 1523 non
2178 1478 2286 1525 est.
2317 1470 2508 1540 Magna
2541 1470 2694 1525 enim
2731 1478 2812 1525 est
2843 1454 2990 1524 inter
3016 1469 3307 1524 defunctos
3335 1479 3392 1523 et
3424 1482 3617 1536 super-

2036 1558 2196 1613 stites
2213 1558 2549 1622 diﬂ’erentia,
2568 1560 2642 1612 ita
2663 1566 2726 1613 ιιι
2755 1559 2921 1612 etiam
2940 1557 3093 1621 libri,
3109 1566 3338 1626 prepter
3351 1554 3613 1610 differen-

2037 1658 2151 1703 tem
2187 1663 2382 1704 eorum
2417 1664 2654 1719 quorum
2688 1650 2955 1704 memoria
2985 1655 3351 1703 conservatur
3387 1655 3615 1710 statum,

2038 1740 2277 1796 discreti
2309 1741 2439 1797 sint.
2470 1740 2632 1813 ‘93
2671 1741 2819 1796 Nihil
2850 1742 3000 1796 enim
3019 1738 3407 1795 Davidiobfnit
3446 1741 3618 1792 bonu—

375 1843 527 1942 μενοι
558 1829 865 1898 ἀρχηγέται
903 1832 998 1884 τοῦ
1049 1833 1350 1904 σχίσματος
1383 1841 1481 1907 τῆς
1530 1841 1589 1891 ὲν
1633 1841 1938 1913 Ἀντιοχείᾳ

2046 1833 2195 1889 riﬁca
2227 1835 2379 1890 Sauli
2417 1836 2726 1905 sepultura,
2759 1850 2937 1905 neque
2968 1834 3233 1904 apostolis
3260 1832 3378 1886 Arii
3426 1834 3620 1901 impie-

371 1919 691 1990 ὲκκλησίας’
726 1925 811 1975 ὅτι
844 1926 982 1990 μετὰ
1013 1926 1266 1991 θάνατον,
1299 1931 1469 1993 πολὺς
1510 1931 1697 1994 ὲξότου
1723 1934 1931 2004 χρόνος,

371 2017 484 2076 τοῖς
520 2020 810 2082 μυστικοῖς
841 2018 1121 2089 διπτύχοις
1147 2021 1234 2074 διὰ
1269 2023 1368 2092 τὴν
1407 2024 1518 2075 τῶν
1545 2025 1690 2078 λαῶν
1715 2028 1940 2098 εἰρήνην

372 2121 435 2158 τε
484 2110 579 2159 καὶ
631 2108 890 2178 ὁμόνοιαν
926 2113 1330 2188 ἐνεγράφησαν.
1389 2116 1592 2187 Διόπερ
1628 2123 1726 2171 καὶ
1777 2119 1941 2179 αὐτὸς

375 2198 635 2256 κέλευσον
679 2203 1026 2271 ἐγγραφῆναι
1050 2204 1151 2274 τὴν
1179 2208 1560 2276 προσηγορίαν
1594 2207 1687 2262 τοῦ
1734 2210 1941 2279 ἀπελη-

375 2289 597 2352 λυθότος
626 2293 746 2353 ταῖς
790 2293 913 2344 κατ’
953 2294 1234 2360 Αἴγυπτον
1264 2295 1588 2362 ἐκκλησίαις
1625 2299 1724 2366 τῆς
1757 2297 1943 2350 οἰκου-

380 2384 608 2450 μενικῆς
637 2384 801 2453 χάριν
831 2384 1090 2454 εἰρήνης,
1127 2386 1269 2455 μήτε
1318 2387 1580 2456 Πατὲρων
1609 2387 1752 2441 λύων
1783 2388 1942 2442 κανό-

377 2487 493 2535 νας,
523 2475 617 2524 καὶ
641 2472 741 2537 τὴν
773 2472 1029 2540 ὁμόνοιαν
1075 2473 1269 2526 πασῶν
1319 2476 1459 2543 ὁμοῦ
1493 2477 1597 2528 τῶν
1632 2474 1951 2545 ἐκκλησιῶν

380 2562 508 2630 περὶ
542 2562 798 2614 πλείστου
849 2563 1199 2631 ποιούμενος.
1236 2565 1364 2619 Ὀτι
1408 2568 1465 2619 δὲ
1519 2569 1615 2620 καὶ
1646 2569 1778 2636 ἡμῖν
1805 2570 1944 2639 γρά-

376 2654 498 2721 ψεις
542 2656 612 2708 τὰ
660 2657 960 2724 πρέποντα,
998 2658 1527 2729 πεπληροφόρημαι,
1560 2662 1696 2730 πρός
1752 2676 1812 2713 τε
1843 2664 1944 2731 τὴν

376 2748 687 2817 όμοψυχίαν
719 2749 809 2801 καὶ
837 2750 899 2800 τὸ
944 2751 1120 2803 κοινὸν
1167 2752 1266 2821 τῆς
1303 2751 1665 2823 ἀδελφότητος
1705 2755 1944 2808 ἀποϐλέ-

376 2857 515 2892 πων.
561 2842 751 2894 Πᾶσαν
783 2842 886 2911 τὴν
917 2845 1017 2896 σὺν
1051 2844 1136 2896 σοὶ
1173 2845 1518 2914 ἀδελφότητα
1548 2846 1660 2913 ἐγώ
1693 2865 1751 2899 τε
1774 2850 1867 2900 καὶ
1896 2851 1944 2902 οἱ

378 2931 476 2982 σὺν
502 2932 630 3000 ἐμοὶ·
645 2932 1159 3003 προσαγορεύομεν.
1194 2953 1214 2983 ι
1247 2936 1361 2988 Καὶ
1386 2939 1521 3007 πρὸς
1550 2938 1652 3006 μὲν
1679 2940 1945 3008 Κύριλλον

376 3023 550 3075 ταῦτα
579 3023 843 3093 ἔγραψεν⁹
875 3024 961 3077 ἔτι
988 3025 1045 3077 δὲ
1072 3026 1391 3095 διερεθίζων
1428 3029 1620 3097 αὐτὴν,
1651 3031 1746 3083 καὶ
1776 3030 1945 3099 ἄλλην

378 3117 517 3184 πρὸς
552 3117 757 3185 Πέτρον
806 3119 900 3172 καὶ
933 3118 1180 3171 Δίδέσιον
1228 3120 1355 3181 τοὺς
1403 3120 1618 3173 ἐκείνου
1662 3121 1946 3185 διακόνους

2046 1925 2173 1980 tatis
2235 1934 2478 1980 sectator
2531 1924 2838 1987 Eudoxius,
2914 1926 3019 1980 sub
3084 1924 3280 1979 eadem
3342 1924 3617 1977 sanctiore

2041 2015 2301 2071 sacrificii
2331 2031 2426 2070 ara
2458 2016 2677 2084 positus
2704 2032 2720 2069 :
2753 2030 2937 2082 neque
2966 2015 3231 2069 Paulinus
3259 2021 3316 2066 et
3349 2013 3618 2082 Evagrius
3643 2056 3648 2063 .

2041 2107 2325 2172 Ecclesiae,
2365 2108 2811 2175 quischismatis
2855 2117 2913 2162 et
2952 2107 3165 2161 dissidii
3202 2107 3373 2160 duces
3423 2106 3474 2158 in
3514 2106 3617 2159 Ec-

2042 2198 2215 2253 clesia
2255 2196 2601 2252 Antiochena
2648 2196 2828 2261 fuere,
2881 2196 3031 2266 quod
3079 2205 3202 2265 post
3234 2195 3471 2260 obitum,
3506 2210 3639 2248 non,

2044 2289 2237 2359 paucis
2288 2288 2418 2345 hinc
2462 2289 2533 2342 ab
2573 2288 2754 2351 annis,
2802 2298 3028 2357 propter
3078 2287 3265 2356 populi
3323 2301 3512 2355 parun
3562 2299 3619 2339 et

2043 2381 2399 2438 concordiam
2433 2381 2681 2450 mysticis
2717 2381 2920 2435 tabulis
2949 2388 3079 2434 sunt
3124 2379 3398 2447 inscripti.
3442 2379 3616 2442 Quam

2044 2472 2367 2527 ob.causam
2394 2472 2513 2540 ipse
2540 2486 2765 2540 quoque
2802 2470 3021 2540 Egypti
3053 2470 3323 2532 ecclesiis,
3358 2469 3621 2523 ecclesia,

2047 2581 2169 2622 rum
2199 2565 2353 2621 orbis
2388 2566 2558 2619 tutius
2590 2564 3054 2633 paciﬁcandarum
3085 2563 3283 2632 gratia,
3329 2572 3389 2616 ut
3417 2562 3622 2617 mortui

2047 2660 2197 2714 illius
2243 2673 2443 2712 nomen
2484 2657 2811 2721 inscribant,
2868 2655 3126 2724 praecipe.
3178 2653 3258 2708 Ita
3300 2656 3449 2710 enim
3495 2671 3623 2709 cum

2046 2752 2269 2806 Patrum
2307 2766 2547 2806 canones
2587 2765 2700 2805 non
2749 2749 3179 2818 transgrediere,
3210 2759 3323 2803 tum
3359 2750 3625 2804 ecclesia,

2048 2859 2167 2895 rum
2225 2843 2390 2897 simul
2430 2841 2680 2896 omnium
2734 2839 3092 2896 concordiam
3149 2839 3372 2909 plurimi
3429 2838 3621 2894 facies.

2047 2933 2125 2990 Te
2182 2951 2313 2989 vero
2354 2950 2419 2989 ea
2464 2934 2649 3000 nobis,
2707 2948 2831 3002 quae
2887 2934 3168 2996 convenit,
3222 2933 3618 3000 rescripturum

2047 3041 2189 3090 esse,
2217 3026 2288 3080 ad
2331 3039 2683 3080 communem
2730 3038 3063 3079 consensum
3113 3033 3171 3077 ct
3219 3023 3620 3078 fraternitatem

2050 3118 2469 3187 respicientem,
2533 3132 2863 3187 persuasum
2918 3117 3119 3172 habeo.
3167 3114 3651 3181 Fraternitatein,_

375 3208 695 3275 ἀπέστελλε,
734 3211 861 3264 τάδε
904 3212 1227 3278 διεξιοῦσαψ
1264 3211 1667 3265 ιἘπέσταλται
1723 3214 1824 3281 μὲν
1872 3214 1941 3266 τὰ

2046 3227 2166 3281 qua:
2197 3221 2377 3266 tecum
2407 3220 2514 3276 est,
2551 3226 2797 3274 omnem,
2845 3224 2949 3279 ego
2977 3210 3187 3279 quique
3221 3223 3434 3263 mecum
3466 3219 3619 3273 sunt,

380 3300 569 3354 εἰκότα
598 3303 736 3371 πρὸς
760 3303 854 3356 τὸν
886 3304 1311 3374 θεοφιλέστατον
1338 3306 1638 3359 ἐπίσκοπον
1675 3307 1766 3358 τὸν
1792 3306 1945 3358 ἀδελ-

378 3395 480 3460 φὺν
528 3395 688 3463 ήμῶν
746 3395 1015 3465 Κύριλλον
1074 3398 1184 3451 τῶν
1238 3399 1549 3468 γενομένων
1599 3398 1792 3451 ἓνεκεν
1846 3399 1942 3465 τῆς

379 3485 757 3555 προσηγορίας
805 3486 1075 3551 Ἰωάννου,
1107 3488 1208 3554 τῆς
1257 3491 1315 3542 εν
1347 3492 1461 3553 τοῖς
1498 3489 1778 3560 διπτύχοις
1809 3507 1943 3561 γρα-

381 3577 581 3646 φείσης
625 3580 741 3640 τοῖς
785 3578 1283 3649 ὲκκλησιαστικοῖς.
1326 3582 1495 3636 Οὐδὲν
1542 3582 1600 3636 δὲ
1635 3576 1801 3654 ἦττον
1851 3582 1947 3636 καὶ

376 3670 445 3734 τῇ
484 3667 727 3740 ὑμετέρᾳ
766 3671 965 3739 γράφω
992 3671 1251 3744 εὐλαϐείᾳ
1283 3675 1445 3730 πλέον
1473 3674 1583 3728 τῶν
1622 3675 1800 3729 ἄλλων
1823 3676 1945 3728 ἑπι-

381 3761 625 3831 σταμένῃ
675 3763 743 3816 τὰ
795 3762 1053 3828 ἐνταῦθα,
1085 3766 1380 3837 εἰρηνικῶς
1436 3783 1498 3820 τε
1542 3766 1642 3836 τήν
1684 3767 1947 3821 ὑπόθεσιν

382 3854 677 3923 ἀποῦῆναι,
744 3854 824 3926 τῷ
886 3857 1128 3926 μάλιστα
1183 3858 1341 3915 τοῦτο
1388 3858 1563 3923 δόξαι,
1596 3860 1947 3930 προηγουμέ-

382 3963 489 4008 νως
529 3948 628 4015 μὲν
673 3951 790 4012 τοῖς
842 3949 1266 4025 εὐσεϐεστάτοις
1298 3951 1636 4020 βασιλεῦσιν,
1671 3951 1861 4005 ἔπειτα
1889 3953 1947 4005 δὲ

382 4040 476 4089 καὶ
523 4040 662 4092 πᾶσι
713 4043 827 4103 τοῖς
874 4043 1215 4106 ἀνατολικοίς
1253 4044 1596 4105 ἐπισκόποις.
1631 4045 1704 4098 Οὐ
1748 4045 1855 4113 μὴν
1890 4043 1948 4095 δὲ

381 4131 522 4187 ἀλλά
551 4135 646 4186 καὶ
698 4135 814 4196 τοῖς
841 4135 937 4203 τῆς
990 4136 1235 4205 ἑσπέρας
1268 4136 1460 4205 αὐτῆςο
1485 4137 1583 4206 οὐχ
1616 4139 1692 4199 ὼς
1723 4136 1949 4190 ἐπισκό-

382 4244 486 4279 που
517 4226 1055 4295 γραφομένου,.ἀλλ’
1089 4227 1164 4289 ὡς
1202 4226 1371 4280 πάλαι
1419 4228 1521 4296 μὲν
1575 4227 1766 4281 τούτου
1797 4244 1952 4296 γενο-

390 4324 578 4390 μένου,
612 4323 835 4392 μνήμης
885 4319 942 4372 δὲ
990 4320 1274 4384 ἀξιοῦσθαι
1309 4321 1396 4375 διὰ
1425 4320 1522 4391 τὴν
1566 4321 1950 4391 οἰκούμενικὴν

382 4417 609 4483 εἰρήνην
662 4414 988 4481 ὀφείλοντος.
1017 4412 1221 4483 Γράφω
1260 4412 1340 4476 δὲ,
1376 4409 1519 4473 ὥστε
1549 4411 1625 4482 μὴ
1674 4411 1798 4483 τῆς,
1824 4412 1954 4481 ὀμο-

387 4510 535 4570 vein;
580 4509 641 4560 τὸ
680 4509 790 4561 πᾶν
825 4508 900 4568 ὡς
944 4507 1119 4559 είπεῖν
1172 4505 1526 4575 νεμηθείσης,
1572 4505 1766 4575 μόνους
1804 4505 1949 4574 ὑμᾶς
1979 4539 2030 4599 D

389 4603 463 4673 μὴ
499 4600 882 4670 συνθεμένους,
935 4602 1030 4656 atat
1060 4602 1172 4662 τοῖς
1215 4598 1628 4662 εύσεὸεστάτοις
1667 4597 1951 4669 βασιλεῦσι

382 4697 563 4750 δοκεῖν
593 4696 922 4764 ἀντιλέγειν,
966 4696 1063 4749 καὶ
1108 4696 1224 4760 τοῖς
1273 4695 1736 4764 ἀναγκαιοτάτοις
1769 4694 1952 4767 πράγτ

385 4806 555 4859 μασιν
610 4789 809 4861 ήμῶν,
855 4788 1392 4855 ἀντιπνοίαςητινὸς
1429 4788 1763 4857 γενομένης,
1823 4788 1952 4858 βλάξ

386 4884 622 4940 πτεσθαι
644 4886 744 4949 τὰς
773 4883 1077 4949 ἐκκλησίας
1106 4880 1374 4951 Χριστοῦ.
1394 4880 1507 4934 Καὶ
1539 4880 1715 4934 ταῦτα
1739 4881 1840 4950 μὲν
1863 4881 1951 4935 οῦ-

383 4991 514 5037 τωςσ
540 4974 746 5043 σφόδρα
771 4971 1001 5043 suns;
1032 4970 1242 5041 ήγαγεν
1267 4971 1347 5034 είς
1369 4969 1724 5042 συναίσθησιν
1752 4972 1952 5041 ήάποτ

385 5068 556 5138 δημία
587 5067 766 5136 ὑμῶν,
801 5065 909 5118 τῶν
942 5063 1040 5117 νῦν
1071 5063 1344 5119 συνόντων
1402 5064 1536 5133 ήμῖν
1595 5063 1714 5117 ἀνθ’
1770 5064 1950 5133 ὑμῶν*

386 5163 483 5229 οὐχ
514 5157 688 5221 οὕτως
717 5159 851 5228 ἡμῖν
895 5154 1290 5226 συμϐιούντων,
1328 5153 1519 5225 ὥσπερ
1546 5154 1612 5226 δὴ
1640 5155 1738 5209 καὶ
1771 5157 1953 5226 ὑμεῖς,

387 5256 467 5318 ὼς
494 5255 575 5323 τῷ
611 5253 854 5322 ξενισμῷ
895 5250 1007 5305 τῶν
1059 5249 1280 5319 τρόπων
1332 5247 1541 5309 τούτων
1567 5264 1628 5302 τε
1660 5249 1758 5302 καὶ
1797 5249 1954 5318 ὑμῶν

389 5346 590 5419 μικροῦ
621 5347 729 5399 δεῖν
762 5345 906 5415 ὑμᾶς
940 5344 1218 5422 ἀνιᾶσθαι.
1255 5342 1456 5412 Διόπερ
1504 5340 1684 5401 πάντα
1717 5340 1951 5411 ὑπερθέ-

389 5460 582 5513 μενοι,
615 5441 956 5496 σπουδάσατε
985 5440 1082 5493 καὶ
1133 5441 1215 5501 είς
1259 5439 1321 5491 τὸ
1375 5438 1504 5508 ἑξῆς
1552 5437 1786 5508 δραμεῖν
1816 5436 1955 5507 πρὸς

392 5537 565 5603 ἡμᾶς,
586 5536 652 5586 ὲκ
679 5534 778 5603 τῆς
807 5533 1172 5602 συγκρίσεως,
1206 5531 1578 5599 σφοδροτέραν
1604 5524 1957 5600 εὑρίσκοντες

291 5668 302 5677 .
394 5627 426 5695 ἢ
477 5626 747 5695 πρότερον
807 5623 941 5694 παρ’
975 5625 1107 5693 ἡμῖν
1154 5621 1254 5693 τὴν
1301 5621 1546 5691 ἀγάπην.
1580 5639 1598 5671 ι
1639 5620 1723 5673 Τά
1774 5620 1955 5674 τοίνυν

388 5717 617 5772 τοιαῦτα
673 5718 975 5786 γράμματα
1027 5713 1322 5782 δεξάμενος
1379 5710 1650 5782 Κύριλλος
1703 5711 1954 5775 τοσοῦτον

393 5814 692 5891 παρῃτεῖτο
740 5808 838 5897 τὴν
894 5807 1117 5877 πρᾶξιν,
1141 5807 1217 5870 ὡς
1257 5809 1321 5860 ἐκ
1345 5805 1454 5861 τῶν
1482 5803 1832 5876 γραμμάτων
1860 5800 1955 5879 δῆτ

2045 3302 2256 3358 salvere
2282 3302 2564 3373 jubemus.
2608 3320 2643 3352 ια
2666 3302 2748 3356 Ad
2774 3300 3037 3372 Cyrillum
3071 3300 3286 3355 Atticus
3330 3300 3446 3353 haec
3480 3302 3622 3355 scri-

2046 3395 2175 3463 psit.
2209 3396 2342 3449 ltem
2377 3405 2564 3448 autem
2603 3395 2763 3450 istam
2790 3394 2966 3465 magis
3005 3393 3172 3447 etiam
3204 3407 3425 3461 urgens,
3457 3392 3622 3451 aliam
3667 3424 3675 3431 η

2046 3500 2266 3555 quoque
2295 3486 2586 3555 epistolam
2608 3485 2678 3540 ad
2703 3485 2926 3540 Petrum
2957 3494 3013 3539 et.
3042 3484 3325 3540 Aidesium
3358 3484 3625 3538 diaconos
3725 3486 3735 3502 ‘

2046 3579 2184 3648 ejus,
2224 3578 2376 3635 hisce
2410 3577 2599 3634 verbis
2633 3576 2787 3633 dedit
2829 3596 2843 3629 :
2879 3595 2897 3627 ι
2938 3577 3021 3631 Ad
3052 3576 3148 3631 Dei
3175 3577 3623 3636 amantissimum
3664 3634 3669 3637 κ

2047 3668 2391 3738 episcopum,
2427 3669 2655 3723 fratrem
2700 3676 2954 3724 nostrum
2988 3666 3386 3739 Cyrillum,ita
3423 3676 3483 3720 ut
3529 3666 3625 3725 dc~
3666 3711 3673 3715 .

2048 3760 2186 3824 cuit,
2242 3776 2342 3829 per
2393 3750 2684 3830 epistOlam
2732 3758 3062 3828 scripsimus
3105 3774 3171 3813 ea
3226 3772 3349 3827 qua
3401 3756 3624 3819 nomine

2048 3851 2278 3909 Joannis
2312 3852 2368 3908 in
2401 3852 2809 3910 ecclesiasticas
2860 3851 3079 3909 tabulas
3111 3850 3286 3906 relato
3316 3858 3436 3906 acta
3469 3859 3631 3910 sunt.

2050 3947 2239 4002 Nihilo
2274 3962 2409 4002 vero
2440 3947 2627 4003 minus
2663 3957 2722 4003 et
2755 3948 2824 4004 ad
2852 3947 3125 4017 pietatem
3153 3952 3402 4001 vestram
3432 3943 3626 4009 scribi:

2051 4052 2196 4101 mus,
2223 4052 2346 4105 quae
2387 4038 2586 4091 melius
2617 4053 2783 4107 quam
2819 4038 2916 4092 alii
2964 4052 3055 4092 res
3088 4045 3306 4091 nostras
3347 4034 3526 4101 novit,
3555 4034 3658 4093 ad.

2052 4143 2241 4196 pacem
2273 4128 2531 4183 videlicet
2554 4137 2611 4183 et
2638 4130 3100 4199 tranquillitatem
3133 4144 3230 4184 eas
3261 4130 3525 4192 evasisse,
3556 4127 3627 4191 de

2053 4221 2327 4276 sententia
2378 4221 2655 4291 praecipue
2715 4222 3095 4291 piissimorum
3155 4223 3512 4291 principum,
3570 4233 3629 4278 et

2053 4313 2301 4367 omnium
2339 4312 2541 4367 deinde
2587 4312 2954 4370 Orientalium
3011 4315 3423 4384 episcoporum,
3477 4315 3626 4383 ipso:

2055 4419 2293 4474 rumque
2328 4405 2468 4459 adeo
2514 4406 2955 4463 Occidentalium
3002 4422 3244 4479 quoque.
3296 4407 3363 4462 de
3411 4407 3627 4471 Joanne

2054 4502 2226 4553 sacris
2263 4498 2484 4565 tabulis,
2516 4516 2627 4555 non
2658 4511 2718 4554 ut
2745 4503 3033 4572 episeopo,
3061 4505 3158 4558 sed
3192 4502 3289 4575 qui
3323 4500 3629 4570 aliquandq

2054 4588 2349 4657 episcopus
2375 4588 2565 4657 fuerit,
2592 4590 2825 4656 inserto,
2851 4600 2911 4646 ut
2939 4592 3204 4647 memoria
3228 4594 3369 4663 eius.
3399 4603 3627 4665 propter

2055 4699 2404 4743 communem
2492 4683 2665 4741 orbis.
2718 4686 2963 4740 universi
3054 4700 3244 4755 pacem
3319 4686 3624 4741 coleretur.

2060 4776 2728 4847 Scribimus.autem,__ne,
2759 4779 3055 4835 concordia
3101 4780 3306 4849 ubique
3332 4793 3627 4849 prapemo-

2057 4872 2188 4926 dum
2226 4873 2541 4940 obtinente,
2565 4874 2698 4930 solis
2729 4873 2891 4928 nobis
2921 4875 2973 4928 ei
3017 4889 3145 4935 non
3174 4873 3623 4942 astipulantibus,

2056 4965 2221 5027 simul
2245 4974 2300 5019 et
2322 4965 2588 5034 piissimis
2614 4964 2963 5035 principibus
2988 4965 3270 5021 adversari
3313 4965 3625 5030 videamur,

2055 5069 2110 5119 et
2140 5072 2353 5113 summe
2385 5056 2714 5117 necessariis
2743 5057 2910 5113 rebus
2951 5058 3180 5124 nostris,
3215 5056 3399 5112 ventis
3426 5056 3629 5127 aliqui-

2056 5149 2160 5203 bus
2195 5148 2443 5207 adversis
2478 5149 2711 5212 obortis,
2757 5159 2815 5204 et
2861 5147 3381 5213 Ecclesiaeﬁbristi
3428 5164 3633 5213 noceat

2056 5258 2199 5299 mus.
2249 5243 2323 5299 De
2370 5243 2459 5298 bis
2508 5244 2800 5299 hactenus.
2832 5243 2894 5297 In
2946 5257 3202 5314 magnum
3237 5258 3383 5299 vero.
3410 5243 3633 5298 deside-t

2057 5337 2199 5398 rium
2259 5350 2357 5391 nos
2404 5335 2676 5405 profer-tio
2738 5345 2922 5393 vestra
2981 5335 3252 5403 adduxit,
3303 5334 3450 5405 quod
3514 5349 3632 5394 non.

2054 5429 2302 5485 eamdem
2338 5443 2405 5483 ex
2436 5444 2628 5489 eorum
2654 5429 2758 5498 .qui
2788 5444 2932 5484 nunc
2958 5429 3248 5484 nobiscum
3274 5438 3422 5492 sunt,
3453 5443 3629 5497 quam

2054 5537 2120 5575 ex
2152 5531 2337 5575 vestro
2362 5522 2619 5580 convictu
2644 5523 3019 5591 percipiamus
3036 5521 3461 5593 iucunditatem,
3482 5524 3637 5579 adeo.

2058 5624 2117 5669 ut
2151 5614 2392 5669 novitate
2425 5614 2814 5674 familiaritatis
2848 5629 3041 5670 eorum
3080 5633 3207 5686 quae
3255 5631 3286 5670 a
3330 5625 3629 5671 consuetu-

2057 5708 2185 5762 dine
2245 5721 2427 5762 vestra
2484 5708 2714 5771 multum
2769 5707 2993 5770 differt,
3041 5709 3154 5764 fere
3215 5710 3622 5778 perturbentur.

2057 5800 2221 5881 49E.
2253 5801 2598 5873 Quapropter
2634 5802 2803 5858 rebus
2829 5800 3088 5857 omnibus
3119 5804 3461 5873 postpositis,
3492 5818 3625 5881 ope.
