4092 6472
564 388 702 452 1H3

1784 408 2207 472 NICEPHORI
2243 410 2587 471 CALLlS’l’I

3664 426 3780 493 illi

556 519 675 556 ram
718 504 867 570 date,
919 522 977 563 ut
1011 509 1275 582 deinceps
1305 515 1372 568 ad
1410 530 1509 571 nos
1558 523 1879 590 recurratis,
1922 534 2096 594 proptt

2196 537 2218 592 ι
2253 524 2344 577 λον
2391 526 2670 592 γενέσθαι.
2715 528 2778 580 ’Δ
2813 526 2858 580 δ’
2912 528 3004 582 οῦν
3058 531 3391 599 ἀντέγραφε,
3429 532 3627 601 τούτοις
3671 538 3781 592 διεΓ

556 611 794 657 morum.
829 602 976 669 quod
1011 605 1223 673 experti
1252 621 1465 677 suntus,
1499 610 1821 674 discrimen,
1856 617 2003 684 apud
2030 632 2133 671 nos

2243 618 2419 685 ληπτο
2441 634 2457 650 ο

555 693 1025 751 vehementiorem
1084 713 1248 769 quam
1307 711 1468 759 antea
1490 709 2137 775 reperturicharitatem.
2175 729 2195 761 ι
2262 710 2487 766 Litteris
2534 713 2803 784 ejusmodi
2857 713 3095 784 Cyrillus
3152 718 3403 787 receptis,
3449 721 3779 789 maximopere

555 800 675 842 rem
708 805 829 845 eam
862 804 1148 852 aversatus
1184 809 1290 866 est,
1320 801 1483 857 sicuti
1520 819 1587 858 ex
1616 804 1823 861 litteris
1884 808 2011 879 ejus
2079 808 2215 865 satis
2252 809 2449 880 liquet.
2482 808 2618 865 Nam
2644 825 2768 881 qua
2796 809 2981 866 Attico
3010 811 3314 881 rescripsit,
3345 815 3426 870 sic
3457 816 3646 871 habent
3673 834 3687 871 :

979 996 989 1005 °
1095 987 1325 1048 CAPUT
1365 993 1460 1049 XX
1475 993 1582 1052 νη.

548 1090 795 1154 Epistula
845 1104 1121 1178 contraria
1143 1107 1318 1178 sancti
1338 1106 1532 1178 ϐυτ-ειιί
1560 1110 1634 1164 ad
1657 1110 1913 1175 Atticum,
1940 1128 2131 1167 nomen

855 1170 1087 1227 Joannis
1122 1170 1407 1232 admittere
1444 1181 1819 1238 detrectantis.

624 1370 644 1404 ι
680 1338 864 1409 Lectis
908 1370 1034 1427 quae
1071 1373 1104 1414 a
1139 1360 1348 1430 pietate
1379 1371 1473 1421 tua
1521 1364 1591 1421 ad
1630 1382 1719 1423 me
1760 1369 1944 1425 missae
1972 1379 2124 1435 sum,

2816 999 3066 1054 ΚΕΦΑΛ.
3106 999 3236 1057 KZ'.

2248 1111 2696 1183 ‘Ayrsxw'todh
2747 1113 2856 1167 τοῦ
2900 1113 3077 1178 ἁγίου
3132 1116 3441 1183 Κυρίλλου
3498 1115 3640 1181 πρὸς
3687 1117 3778 1170 τὸν

2303 1180 2604 1315 ὲΑτἜκὸν,
2637 1183 3110 1252 ἀπαγορεύουσα
3150 1180 3258 1239 τὸν
3309 1186 3582 1251 Ἰωάννην
3605 1180 3775 1240 εἰσδέ-

2342 1266 2426 1305 ασ
2463 1268 2547 1306 αι.

2307 1382 2329 1414 ‹
2380 1363 2506 1429 Τοῖς
2556 1366 2714 1437 παρὰ
2749 1366 2851 1435 τῆς
2902 1368 3004 1435 σῆς
3034 1346 3349 1437 θεοφιλειας
3381 1369 3776 1439 ἐπεσταλμένα

542 1443 776 1512 litteris,
807 1448 1042 1507 Joannis
1070 1468 1275 1511 nomen
1312 1459 1488 1521 sacris
1517 1460 1847 1531 inscriptum
1883 1477 2008 1519 esse
2043 1473 2096 1519 ta

2227 1454 2898 1528 ὲντυχὼν,ὶγγεγράιρθαι
2932 1461 3032 1528 μὲν
3076 1461 3179 1530 τὴν
3233 1462 3479 1517 Ἰωάννου
3528 1478 3774 1531 προσηγο-

550 1536 702 1594 bulis
734 1539 1008 1598 intellexi.
1061 1544 1164 1601 Ubi
1199 1563 1330 1604 vero
1370 1565 1470 1606 eos
1514 1553 1608 1622 qui
1640 1553 1772 1609 inde
1798 1555 1868 1610 ad
1896 1570 2001 1611 nos
2028 1570 2096 1611 ve

2229 1545 2357 1615 ρίαν
2383 1548 2442 1600 ὲν
2476 1550 2598 1610 ταῖς
2631 1549 2803 1620 ἱεραῖς
2837 1548 3144 1617 ἐμάνθανον
3167 1551 3374 1614 δέλτοις
3394 1564 3410 1580 ⁸
3447 1550 3773 1623 ἐρωτήσαςῶ

543 1643 706 1694 nere,
734 1631 1095 1705 interrogavi,
1132 1653 1242 1693 non
1277 1642 1335 1695 in
1365 1643 1659 1709 laicorum,
1698 1646 1799 1701 sed
1827 1649 2096 1719 episeopo

2228 1637 2359 1700 τοὺς
2408 1637 2622 1692 insist
2667 1640 2927 1710 ἥκοντας,
2981 1642 3266 1710 ἐπυθόμην
3313 1643 3415 1696 οὐκ
3449 1644 3508 1698 ὲν
3539 1646 3643 1707 τοίς
3680 1643 3775 1694 τῶν

543 1737 668 1810 rum
704 1726 953 1798 catalogo
982 1732 1281 1801 ascriptum
1316 1750 1439 1791 esse
1481 1739 1695 1794 audivi.
1724 1739 1902 1796 Porro
1940 1741 2119 1810 dispi-

540 1808 710 1865 cienti
746 1814 907 1880 mihi,
937 1824 1105 1886 atque
1127 1820 1182 1875 in
1216 1825 1400 1879 animo
1437 1830 1740 1897 reputanti,
1776 1847 1847 1886 an
1874 1834 1973 1903 qui
2004 1808 2114 1887 hoc

539 1899 747 1967 fecere,
774 1903 1124 1963 Nimenorum
1159 1912 1387 1969 Patrum
1418 1916 1645 1974 decreta
1673 1899 1979 1993 sequantur
2002 1966 2017 1989 ,
2058 1936 2115 1981 et

536 1996 940 2064 aliquantulum
990 2006 1191 2060 mentis
1225 2008 1533 2066 luminibus
1569 2014 1623 2070 in
1659 2031 1913 2087 magnam
1959 2020 2111 2075 illam

533 2088 806 2157 synodum
830 2091 1161 2163 intendenti,
1184 2103 1505 2163 tmiversum
1530 2117 1855 2164 sanctorum
1887 2112 2110 2167 illorum

536 2179 765 2238 Patrum
817 2187 1132 2260 collegium,
1178 2195 1510 2263 quibusdam
1565 2203 1740 2258 veluti
1796 2207 1977 2261 oculis
2024 2224 2113 2262 re-

532 2291 728 2343 nuere,
758 2289 815 2334 et
839 2280 1055 2339 viribus
1083 2290 1364 2356 omnibus,
1399 2296 1705 2363 quominus
1733 2299 1803 2353 ad
1837 2316 1954 2355 rem
1985 2318 2109 2357 eam

529 2372 998 2441 comprobandam
1082 2395 1417 2450 accurram,
1477 2390 1755 2447 obsistere
1823 2394 2109 2451 videntur.

526 2464 820 2532 Quomodo
847 2486 1088 2544 namque
1119 2476 1268 2532 inter
1291 2481 1614 2539 sacerdotes
1639 2486 1734 2540 Dei
1759 2490 2103 2551 censebitur.

523 2560 822 2621 illorumve
856 2566 996 2622 feret
1045 2580 1277 2634 sortem,
1311 2574 1401 2627 cui
1450 2576 1818 2632 sacerdotalis
1868 2582 2108 2651 dignitas

522 2656 787 2727 abrogata
820 2660 949 2715 est?
971 2663 1264 2728 Quomodo
1290 2681 1424 2722 vero
1457 2668 1512 2722 in
1538 2672 1793 2741 catalogo
1819 2688 2107 2730 sacrorum

521 2749 913 2809 ministrorum
948 2756 1078 2822 erit,
1111 2758 1207 2826 qui
1252 2761 1654 2818 ecclesiasticis
1680 2769 1961 2821 mmnibus
1989 2771 2106 2840 eje-

521 2856 650 2901 ctus
678 2846 802 2901 est?
844 2849 957 2903 Aut
994 2852 1141 2905 enim
1191 2840 1541 2921 professione
1591 2870 1779 2913 nostra
1817 2861 2104 2933 indignant

522 2950 631 3007 est,
664 2949 726 2995 ut
752 2943 1052 2998 sacerdotii
1090 2960 1295 3000 nomen
1324 2949 1462 3003 nihil
1501 2967 1646 3018 esse,
1685 2964 1741 3008 et
1777 2971 1894 3010 rem
1930 2958 2099 3027 ipsam

521 3049 876 3091 communem
905 3037 1169 3092 omnibus
1198 3054 1344 3104 esse,
1376 3058 1498 3111 quae
1523 3053 1705 3101 tamen
1732 3048 1816 3103 eis
1841 3050 1976 3105 solis
2003 3053 2099 3121 qui

521 3127 593 3185 ad
620 3143 744 3184 eam
788 3131 970 3186 vocati
1018 3141 1171 3193 sunt,
1206 3132 1488 3191 asservata
1524 3144 1641 3203 est,
1676 3140 1928 3198 dicamus
1958 3162 1970 3199 :
2004 3156 2101 3200 aut

518 3225 564 3280 si
588 3208 863 3297 magnum
893 3226 1162 3295 quiddam
1206 3237 1312 3289 est.
1346 3232 1492 3301 quod
1536 3236 1935 3292 sacerdotalem
1973 3239 2102 3292 fun-

517 3318 765 3374 ctionem
785 3333 814 3373 a
831 3319 1022 3388 populi
1048 3322 1406 3377 multitudine
1429 3325 1661 3393 dirimit,
1682 3343 1794 3383 non
1814 3332 2101 3387 tniscenda

512 3429 638 3485 quae
667 3414 891 3469 misceri
924 3428 1037 3468 non
1071 3427 1327 3484 possunt,
1356 3420 1453 3473 sed
1477 3434 1675 3475 eorum
1702 3437 1828 3486 quae
1854 3425 2102 3480 diximus

512 3507 754 3576 quodvis
809 3507 868 3561 in
915 3506 1111 3563 ordine
1155 3523 1258 3563 suo
1298 3515 1762 3582 conservandum,
1796 3527 1853 3571 et
1885 3517 2098 3573 honore

512 3603 706 3658 debito
732 3601 1215 3657 cohonestandum
1250 3604 1413 3659 nobis
1439 3607 1567 3661 erit.
1606 3606 1902 3674 Quomodo
1928 3611 2101 3679 igitur

513 3705 613 3750 aut
662 3698 813 3748 inter
841 3695 1136 3766 episcopos
1167 3697 1340 3753 laicus
1361 3740 1377 3762 ,
1409 3709 1509 3754 aut
1542 3701 1689 3754 inter
1718 3716 2017 3771 germanos
2042 3710 2098 3757 et

511 3789 817 3858 legitimus,
849 3788 945 3858 qui
980 3789 1107 3845 talis
1134 3805 1247 3845 non
1293 3792 1386 3855 sit,
1420 3794 1734 3848 consistet?
1761 3794 2007 3858 Honora,
2042 3805 2098 3849 te

511 3883 733 3944 hortor,
763 3896 861 3937 eos
897 3882 993 3951 qui
1022 3900 1346 3957 magnarum
1379 3894 1435 3940 et
1461 3886 1885 3954 splendidarum
1916 3898 2097 3944 recte-

509 3990 622 4046 que
666 3987 918 4032 actarum
963 3992 1153 4033 rerum
1191 3980 1369 4034 tulere
1415 3980 1822 4047 testimonium,
1850 3998 1921 4038 ne
1963 4000 2095 4038 con-

509 4067 743 4122 tumelia
786 4078 1039 4125 sanctum
1089 4071 1317 4127 Patrum
1349 4072 1583 4128 chorum
1627 4074 1855 4131 aibcias.
1901 4077 2095 4133 Consi-

509 4159 646 4215 dera
691 4175 789 4216 eos
837 4163 933 4233 qui
987 4167 1320 4234 superstites
1350 4164 1535 4222 adhuc
1582 4170 1636 4221 in
1682 4170 1791 4225 vita
1841 4181 2088 4239 manent,

507 4254 791 4323 quomodo
826 4272 944 4311 rem
972 4257 1118 4312 hanc
1141 4261 1483 4327 acceperint.
1517 4261 1600 4315 An
1634 4278 1747 4318 non
1781 4263 1857 4318 illi
1890 4267 2091 4322 dolore

507 4364 569 4406 se
600 4349 754 4404 omni
804 4351 1050 4422 repletos
1082 4367 1209 4408 esse
1260 4362 1414 4409 recte
1462 4354 1673 4421 dicant,
1717 4357 1880 4430 495
1926 4361 1973 4416 si
2032 4361 2087 4415 in

503 4442 770 4498 eumdem
804 4458 929 4498 cum
952 4445 1036 4500 eis
1060 4445 1339 4507 ordinem,
1366 4448 1413 4502 is
1445 4449 1536 4503 cui
1567 4451 1807 4522 dignitas
1831 4455 2088 4524 adempta

502 4545 589 4591 est
626 4537 946 4591 referatur?
981 4537 1185 4593 Verum
1230 4538 1285 4593 id
1318 4541 1507 4610 pietati
1539 4561 1763 4616 quoque
1802 4556 1911 4603 tute
1949 4563 2082 4618 per-
2115 4552 2160 4608 Ι)

500 4640 730 4682 suasum
777 4643 903 4683 esse
951 4637 1105 4697 puto.
1144 4628 1513 4695 Quamobrem
1560 4648 1616 4693 et
1669 4639 1779 4694 illis
1820 4654 1875 4695 et
1921 4641 2085 4697 nobis

498 4720 762 4775 maeroris
820 4719 981 4775 abole
1025 4736 1270 4778 causam.
1323 4724 1482 4785 Tolle
1536 4731 1789 4787 omnium
1834 4735 2083 4790 tristitiae

497 4815 881 4867 occasionem.
905 4811 1043 4867 Nam
1077 4813 1238 4872 facile
1261 4828 1318 4874 et
1336 4823 1593 4891 expedite
1628 4841 1692 4880 ea
1723 4841 1848 4895 qua:
1878 4837 2083 4895 praeter

501 4905 827 4972 opinionem
883 4906 1166 4971 accidunt.
1202 4911 1501 4982 disponere
1553 4929 1610 4973 et
1661 4918 2076 4987 administrare,

501 4997 637 5050 boni
665 5005 722 5051 et
752 4996 1023 5066 sapientis
1057 5017 1179 5058 esse
1215 5005 1449 5063 dixerim
1488 5028 1502 5064 :
1550 5010 1648 5065 sed
1681 5021 1797 5065 tum
1831 5015 2077 5080 demum,

498 5104 627 5142 cum
657 5089 798 5143 nihil
830 5091 1151 5151 detrimenti
1189 5098 1404 5156 aderat.
1450 5102 1573 5158 Non
1614 5106 1786 5171 enim,
1825 5107 2079 5175 quamvis

495 5196 721 5250 gregem
770 5182 978 5241 Christi
1012 5204 1336 5262 prepagare,
1368 5195 1923 5267 frequentioremque
1963 5185 2078 5253 eni-

496 5288 627 5328 cere
669 5277 1016 5345 studeamus,
1059 5286 1317 5339 examina
1364 5286 1681 5351 luere-simu,
1737 5291 1784 5345 si
1826 5306 2074 5345 errorem

494 5382 655 5421 suum
702 5385 810 5425 non
861 5377 1179 5442 repudient,
1221 5379 1543 5449 recipimus.
1579 5380 1644 5436 Et
1680 5384 1913 5452 proinde
1962 5400 2074 5442 non

494 5459 725 5514 cumino
772 5476 1028 5534 prompta
1082 5469 1325 5537 quadam
1383 5471 1800 5539 dispensatione
1853 5476 2071 5531 facilem

491 5566 617 5608 cum
644 5550 725 5611 eis
751 5561 1043 5630 complecti
1080 5578 1270 5631 pacem
1306 5563 1597 5629 debemus,
1634 5566 1906 5622 adversus
1931 5586 2073 5637 quos

490 5660 738 5714 pugnare
765 5661 1009 5721 praestet.
1039 5654 1481 5724 Dispensationis
1508 5674 1644 5714 sane
1667 5660 1906 5717 laudata:
1928 5678 2071 5733 opus

488 5737 678 5806 fuerit,
713 5744 757 5797 si
792 5746 1129 5817 quandoque
1150 5749 1226 5802 ita
1258 5765 1287 5803 a
1315 5750 1498 5806 debita
1527 5754 1742 5809 ratione
1770 5755 2069 5813 deﬂectere

492 5828 801 5898 videamur,
839 5847 900 5891 ut
940 5838 996 5892 in
1050 5840 1219 5894 rebus
1258 5842 1491 5898 utilibus
1520 5853 1577 5899 et
1625 5847 1933 5902 commodis
1975 5848 2072 5904 dc.

2224 1726 2434 1782 λαῖκῶν
2457 1729 2808 1797 καταλόγοις,
2828 1732 2889 1786 ὲν
2902 1732 2960 1785 δὲ
2979 1734 3095 1797 τοῖς
3116 1734 3223 1787 τῶν
3245 1726 3556 1789 ἔπισᾶιόπων
3582 1734 3774 1789 ὲντετᾶο

2220 1815 2351 1886 χθαι
2384 1819 2583 1890 αὐτήν.
2616 1822 3097 1893 Διασκοπούμενος
3145 1824 3202 1878 δὲ
3249 1826 3347 1879 καὶ
3392 1828 3512 1880 κατ’
3560 1825 3772 1893 ἐμαυτὸν

2217 1910 2437 1977 ὲννοῶν,
2466 1915 2514 1965 ει
2546 1916 2667 1976 ταῖς
2706 1914 2816 1967 τῶν
2853 1917 3118 1987 Πατέρων
3168 1918 3277 1970 τῶν
3325 1921 3385 1971 ἐν
3434 1918 3633 1987 Νικαίςι
3658 1921 3771 1972 ἀκο-

2217 2002 2474 2056 λουθοῦσι
2500 2006 2682 2072 δόξαις
2728 2009 2778 2061 οἱ
2805 2009 2961 2061 τοῦτο
2997 2013 3369 2081 πεπραχότες.
3416 2011 3511 2063 καὶ
3541 2009 3701 2080 βραχύ
3727 2027 3771 2062 τι

2215 2096 2307 2149 τὸν
2334 2098 2430 2163 τῆς
2457 2097 2701 2161 διανοίας
2722 2100 3001 2171 ὀφθαλμὸν
3026 2103 3162 2171 πρὸς
3188 2104 3287 2172 τὴν
3313 2104 3558 2173 μεγάλην
3580 2102 3770 2171 εκείνην

2215 2184 2504 2248 ἀνατείνας
2557 2186 2803 2252 σύνοδον,
2855 2188 2987 2258 ὅλην
3017 2190 3129 2260 ἐρῶ
3172 2192 3285 2243 τῶν
3315 2192 3488 2259 ἁγίων
3540 2192 3769 2262 Πατέρων

2213 2275 2442 2330 ἐκείνων
2462 2279 2572 2349 ,τὴν
2606 2281 2879 2352 ὁμήγυριν
2913 2280 3105 2351 ὥσπερ
3147 2284 3295 2336 τισὶν
3326 2283 3622 2354 ὀφθαλμοῖς
3660 2286 3771 2337 ἁνα-

2213 2367 2516 2435 νεύουσαν,
2574 2374 2670 2424 καὶ
2726 2373 2891 2425 παντὶ
2942 2373 3122 2427 σθένει
3185 2373 3595 2428 διακωλύουσαν
3640 2374 3769 2442 ἡμᾶς

2212 2464 2426 2531 τρέχειν
2454 2464 2538 2527 εἰς
2561 2465 2660 2535 τὴν
2687 2466 2783 2518 ἐπὶ
2808 2465 2988 2536 τούτῳ
3021 2466 3358 2522 συναίνεσιν.
3393 2468 3516 2529 Πῶς
3544 2466 3649 2537 γὰρ
3670 2468 3766 2528 τοῖς

2216 2554 2425 2623 ἱερεῦσι
2458 2557 2596 2609 Θεοῦ
2630 2559 3040 2624 συντετάξεται,
3064 2559 3273 2615 καὶτὸν
3303 2562 3529 2615 ἐκείνων
3558 2559 3765 2629 φυράσει

2210 2645 2436 2714 κλῆροιι,
2471 2647 2499 2698 ὁ
2545 2647 2646 2717 τῆς
2684 2650 2958 2720 ῐερατείας
2991 2651 3444 2720 ὲκϐεϐλημένος;
3482 2651 3601 2713 Πῶς
3631 2650 3683 2703 δὲ
3716 2650 3764 2700 ἐν

2211 2738 2537 2806 καταλόγοις
2569 2740 2725 2795 ἔσται
2752 2740 3089 2813 λειτουργῶν
3112 2745 3140 2797 ὁ
3170 2744 3281 2797 τῶν
3310 2741 3763 2812 ἐκκλησιαστικῶν

2208 2829 2517 2900 περιϐόλων
2549 2830 2655 2896 ἔξω
2688 2832 2903 2900 τεθείς;
2955 2833 3179 2907 ἀνάξιον
3226 2835 3338 2905 γὰρ
3373 2837 3519 2905 ἡμᾶς
3550 2834 3582 2905 ἦ
3621 2833 3762 2904 μηδὲν

2206 2916 2349 2976 εἶναι
2368 2922 2553 2992 λέγειν
2598 2924 2660 2978 τὸ
2708 2926 2807 2993 τῆς
2860 2927 3129 2995 ἱερατείας
3168 2928 3365 2999 ὄνομα.
3409 2931 3504 2982 καὶ
3553 2929 3761 2998 πρᾶγμα

2205 3014 2384 3067 κοινὸν
2417 3013 2561 3069 εἶναι
2613 3019 2751 3071 πᾶσι
2798 3020 2862 3072 τὸ
2905 3022 3092 3089 μόνοις
3124 3025 3504 3092 τετηρημένον
3538 3025 3646 3085 τοῖς
3692 3021 3761 3081 εἰς

2202 3105 2361 3160 τοῦτο
2413 3110 2814 3179 καλουμένοις·
2868 3113 2902 3183 ἢ
2957 3116 3006 3169 εἰ
3051 3114 3191 3168 πολύ
3245 3133 3299 3167 τι
3352 3116 3414 3169 τὸ
3464 3113 3760 3184 διατειχίζων

2129 3201 2174 3262 ρ
2206 3196 2352 3249 ἐστὶν
2382 3198 2688 3267 ἱερωσύνην
2718 3201 2811 3254 καὶ
2846 3202 2993 3265 λαὸν,
3032 3204 3107 3272 μὴ
3141 3205 3394 3275 μιγνύειν
3435 3206 3505 3260 τὰ
3534 3205 3757 3274 ἄμικτα,

2204 3291 2395 3359 τηρεῖν
2425 3288 2482 3342 δὲ
2537 3292 2594 3343 ὲν
2642 3295 2705 3363 τῇ
2758 3294 2938 3366 οἰκεία
2969 3295 3122 3360 τάξει
3155 3296 3267 3349 τῶν
3315 3298 3620 3368 εἰρημένων
3646 3295 3758 3348 ἕκα-

2204 3397 2366 3446 στον,
2399 3382 2496 3437 καὶ
2520 3384 2622 3454 τῆς
2656 3387 2810 3455 αὐτῷ
2846 3389 3165 3459 πρεπούσης
3214 3388 3387 3459 τιμῆς
3422 3388 3616 3455 ἀξιοῦν.
3654 3387 3758 3448 Πῶς
3835 3428 3839 3434 -

2201 3472 2299 3527 οὖν
2322 3476 2381 3527 ὲν
2405 3477 2735 3541 ἐπισκόποις
2765 3480 2794 3533 ὁ
2823 3480 3032 3540 λαῖκὸς.
3081 3481 3114 3551 ἢ
3166 3481 3281 3546 πῶς
3310 3484 3373 3535 ιν
3406 3485 3515 3545 τοῖς
3540 3479 3757 3551 γνησίοις

2200 3569 2229 3619 ὁ
2270 3567 2347 3639 μὴ
2380 3569 2624 3634 τοιοῦτος
2645 3573 2944 3641 ἀναφανεὶς
2969 3592 2981 3636 ;
3007 3575 3274 3646 Τίμησον,
3309 3574 3627 3646 παρακαλῶ,
3646 3571 3758 3635 τοὺς

2200 3659 2294 3709 ὲπ).
2323 3659 2598 3731 λαμπροῖς
2637 3663 2730 3716 καὶ
2769 3665 3031 3732 μεγάλοις
3060 3669 3172 3730 τοῖς
3208 3668 3602 3738 κατορθώμασι
3632 3679 3756 3734 μαρι

2197 3750 2557 3819 τυρηθέντας.
2590 3754 2683 3824 Μὴ
2734 3754 2965 3826 ὑϐρίσῃς
3016 3756 3107 3809 τὶν
3163 3757 3318 3824 ἅγιον
3378 3759 3487 3811 τῶν
3519 3755 3756 3822 Πατέρων

2197 3841 2381 3912 χορὸν.
2431 3844 2629 3896 Ἐννόει
2683 3847 2959 3915 παρόντας
3008 3849 3090 3902 ἔτι
3141 3850 3236 3904 καὶ
3269 3848 3754 3918 συνδιαιτωμένους.

2197 3936 2315 3996 πῶς
2347 3935 2413 3988 ἂν
2442 3939 2536 3991 ἐπὶ
2563 3938 2642 4006 τῷ
2680 3943 2927 4009 γεγονότι
2961 3943 3303 4012 διετέθησαν.
3340 3941 3467 4011 'Ap’
3493 3943 3609 4011 οὐχ).
3655 3937 3750 3990 πά-

2197 4042 2296 4095 σης
2319 4028 2744 4098 ἀναπεπλῆσθαι
2775 4032 2951 4101 λύπης
2984 4029 3142 4086 εἷπον
3177 4035 3241 4087 ἂν
3272 4035 3523 4099 εἰκότως,
3551 4034 3628 4094 εις
3664 4028 3751 4098 τὴν

2197 4116 2320 4186 ἴσην
2363 4119 2550 4181 αὐτοῖς
2584 4122 2739 4185 τάξιν
2770 4124 3167 4193 εἰσφερομένου
3204 4124 3297 4177 τοῦ
3347 4125 3749 4198 καθῃρημένους

2207 4211 2348 4265 Ἀλλ’
2400 4207 2555 4282 οἶμαι
2615 4216 2709 4269 καὶ
2759 4215 2932 4287 αὐτὴν
2967 4218 3128 4272 τοῦτο
3182 4219 3475 4272 πεπεῖσθαι
3523 4220 3618 4286 τὴν
3663 4215 3750 4283 σὴν

2193 4301 2530 4360 θεοσέϐειαν.
2581 4307 2672 4359 Διὸ
2726 4307 2791 4379 δὴ
2821 4309 3014 4362 σϐέσον
3046 4312 3231 4375 αὐτοῖς
3278 4329 3338 4363 τε
3371 4313 3467 4365 καὶ
3497 4312 3622 4382 ἡμῖν
3662 4308 3751 4376 τῆς

2190 4395 2386 4464 ἀηδίας
2409 4395 2508 4468 τὴν
2532 4402 2832 4468 πρόφασιν.
2859 4399 3036 4456 Λῦσον
3064 4403 3158 4472 τῆς
3183 4404 3440 4458 ἁπάντων
3466 4401 3749 4474 κατηφείας

2189 4483 2291 4555 τὴν
2345 4487 2624 4540 ὑπόθεσιν·
2678 4489 2751 4542 Τὸ
2816 4488 2920 4559 μὲν
2973 4492 3084 4560 γὰρ
3145 4493 3636 4565 εὐμεταχειρίστως
3686 4487 3745 4538 τὰ

2193 4578 2660 4646 παρεμπίπτοντα
2683 4579 2908 4634 διοικεῖν
2932 4582 3099 4635 καλὸν
3122 4583 3186 4636 ἂν
3214 4585 3426 4650 εἴποιμι
3458 4585 3549 4636 καὶ
3578 4580 3742 4648 σοφόν

2188 4669 2310 4719 τότε
2348 4666 2569 4721 δ’ἔσται
2602 4670 2790 4741 σοφὸν,
2823 4673 2889 4725 ἂν
2921 4674 2996 4745 μή
3029 4691 3082 4725 τι
3114 4673 3311 4742 βλάϐος
3342 4677 3569 4746 εἰσφέρῃ
3593 4691 3605 4704 ο
3636 4670 3745 4725 οὐδὲ

2188 4757 2297 4828 γὰρ
2331 4759 2633 4831 ἐπειδήπερ
2677 4760 2904 4831 μείζονα
2947 4764 3045 4833 τὴν
3079 4764 3318 4834 Χριστοῦ
3367 4770 3601 4836 ποίμνην
3625 4765 3747 4814 ἁπο-

2184 4848 2492 4920 τελοῦμεν,
2545 4853 2673 4914 τοὺς
2744 4854 2805 4907 ἐν
2859 4857 2982 4914 ταῖς
3043 4857 3291 4925 αἱρέσεσι
3359 4856 3744 4924 προσλαϐόντες

2184 4941 2410 5010 ἑσμοὺς,
2445 4944 2537 4996 καὶ
2591 4946 2641 4997 ει
2692 4942 2793 5015 τῆς
2823 4947 3032 5010 οἰκείας
3081 4948 3159 5017 μὴ
3198 4947 3488 5017 μεταθεῖεν
3524 4948 3742 5012 πλάνης,

2182 5029 2273 5084 διὰ
2296 5031 2458 5087 τοῦτο
2481 5034 2585 5105 χρὴ
2618 5035 2835 5099 πάντως
2861 5039 3214 5108 οἰκονομικήν
3238 5057 3360 5093 τινα
3387 5041 3478 5093 καὶ
3500 5040 3601 5093 ἀπε
3610 5036 3747 5107 ριέρο

2183 5140 2388 5191 γαστον
2418 5129 2641 5196 εἰρήνην
2674 5128 3043 5198 ἀσπάζεσθαι,
3070 5134 3204 5201 πρὸς
3228 5132 3322 5196 οὖς
3349 5137 3463 5186 ἐστι
3488 5132 3737 5204 κρείττων

2181 5218 2215 5285 ή
2255 5218 2427 5288 μάχη.
2463 5219 2664 5290 Ἔργον
2707 5221 2763 5273 δὲ
2804 5223 2972 5285 ὅντως
2999 5225 3313 5295 οἰκονορῐας
3343 5228 3455 5278 ἐστὶ
3488 5225 3545 5276 τὸ
3573 5224 3734 5275 δοκεῖν

2179 5309 2293 5361 ἐσθ’
2327 5312 2414 5363 ὅτε
2440 5309 2617 5381 βραχύ
2648 5329 2701 5364 τι
2738 5313 2842 5366 ποῦ
2875 5318 3178 5383 πρέποντος
3220 5317 3530 5381 ἐξίστασθαι
3561 5314 3729 5381 λόγου.

2182 5398 2321 5467 μετὰ
2362 5400 2458 5452 τοῦ
2488 5403 2589 5467 τὴν
2634 5403 2694 5454 ἐν
2739 5405 2853 5465 τοῖς
2889 5405 3188 5475 χρησίμοις
3239 5406 3618 5477 παραιτεῖσθαι
3645 5404 3735 5470 C11-

2178 5489 2333 5559 μίαν.
2369 5490 2528 5544 Οὕτω
2562 5494 2657 5545 καὶ
2684 5494 2712 5546 ὁ
2747 5496 3020 5565 μακάριος
3052 5496 3268 5561 Παῦλος
3294 5502 3407 5561 τοῖς
3440 5499 3605 5550 πᾶσιν
3630 5493 3735 5562 ὲγί-

2175 5599 2298 5634 νετο
2320 5582 2501 5635 πάντα
2521 5599 2539 5613 ο
2562 5586 2660 5655 οὐχ
2685 5585 2773 5639 ἵνα
2796 5588 3032 5662 κερδάνῃ
3067 5591 3167 5661 μέν
3193 5607 3245 5643 τι
3270 5591 3465 5661 βραχὺ,
3491 5587 3728 5658 ζημιωθῇ

2173 5670 2231 5722 δὲ
2261 5672 2447 5740 μέρος,
2483 5673 2602 5725 ἀλλ’
2638 5676 2724 5728 ἵνα
2756 5676 2966 5742 πάντας
2992 5680 3253 5753 κερδήσῃ.
3293 5682 3522 5749 Ἴδωμεν
3564 5679 3731 5731 τοίνυν

2172 5761 2262 5814 διὰ
2289 5763 2495 5832 ταύτης
2523 5764 2623 5833 τῆς
2652 5767 2881 5837 ἐρεύνης
2907 5770 3008 5840 τῆς
3038 5773 3097 5825 ὲν
3125 5776 3239 5836 τοῖς
3270 5776 3556 5840 πράγμασι
3590 5767 3728 5839 βαδί-

2172 5851 2381 5916 ζοντες,
2415 5856 2461 5906 εξ
2492 5854 2567 5925 μὴ
2600 5858 2783 5911 πλεῖον
2811 5860 2926 5929 ἔχει
2955 5863 3013 5915 τι
3050 5862 3244 5932 βλάϐος
3277 5867 3313 5936 ἡ
3338 5861 3592 5924 ὑπόθεσις
3626 5855 3725 5911 τῶν
