4092 6464
563 405 698 472 1147

1796 405 2226 468 NICEPHORI
2269 406 2614 468 CALLISTI

3683 407 3705 471 Ῑ
3719 408 3807 473 148

559 519 712 574 ilius
762 516 1265 572 constitutionibus
1317 517 1652 589 refragatur,
1701 533 1824 588 quae
1875 521 2154 590 ejusmodi

2265 521 2463 590 μεσθαι
2491 521 2623 589 παρ’
2652 519 2811 588 ἡμῶν
2839 518 2934 590 τὴν
2963 517 3224 587 φροντίδα
3245 535 3258 548 ·
3297 521 3323 572 ὁ
3353 518 3409 571 δὲ
3441 517 3704 590 δυσμενὴς
3728 523 3811 574 ita}.

563 610 810 665 hominis
841 620 930 666 est
955 611 1210 681 jactura?
1239 611 1318 664 An
1345 627 1457 666 non
1485 613 1600 681 ipse
1630 627 1855 683 quoque
1883 613 2149 668 Servator

559 719 686 767 nos,
723 703 960 773 i‘dipsum
993 705 1224 769 docens,
1260 712 1317 759 et
1356 705 1588 759 formam
1623 705 1683 760 in
1729 706 1993 761 omnibus
2021 721 2150 775 pro-

564 811 797 865 ponens,
843 796 1222 851 conducibilia
1252 797 1478 867 quidem
1509 798 1574 850 ad
1600 813 1696 852 eos
1747 799 1842 866 qui
1888 814 2016 852 eum
2051 813 2148 852 ac-

561 903 852 944 cesserunt
898 891 1121 944 locutus
1152 900 1260 952 est,
1293 890 1682 946 inobedientes
1719 901 1905 944 autem
1954 901 2013 944 et
2065 906 2150 944 re-

563 989 804 1034 nuentes
835 980 1128 1035 discedere
1160 982 1458 1051 permisit?
1507 981 1687 1050 Atque
1733 990 1948 1034 tantum
1991 980 2149 1035 abest

563 1081 626 1126 ut
658 1073 900 1143 aliquam
933 1075 1126 1129 talium
1159 1076 1448 1130 hominum
1479 1077 1748 1130 rationem
1776 1074 2053 1136 habuerit,
2090 1082 2148 1126 ut

561 1165 732 1219 etiam
765 1167 832 1220 ad
872 1166 1028 1236 ipsos
1066 1167 1274 1222 dixerit
1305 1167 1608 1237 discipulos
1642 1185 1656 1221 :
1689 1169 1773 1222 An
1801 1175 1852 1221 et
1887 1183 1976 1220 vos
2003 1165 2150 1219 abire

561 1259 724 1314 vultis
752 1261 814 1314 ’ἲ
864 1261 1326 1331 Οὴεειιυβηιὶὴιιε
1357 1277 1491 1316 sane
1535 1261 1764 1315 multam
1795 1275 1896 1314 nos
1929 1259 2146 1329 impen-

563 1351 698 1405 dere
761 1366 951 1406 curam
1009 1367 1231 1420 aequum
1283 1361 1389 1406 est.
1445 1350 1806 1405 Adversarius
1859 1359 2044 1403 autem
2093 1359 2149 1402 et

565 1440 900 1497 inobediens
933 1442 1382 1496 malevolentiam
1429 1442 1543 1511 ipse
1569 1457 1725 1496 suam
1757 1453 1998 1503 accuset,
2037 1457 2152 1494 nte-

563 1534 806 1588 dicinam
860 1535 992 1588 odio
1038 1535 1272 1591 habens.
1338 1535 1542 1590 Audiet
1607 1535 1700 1588 ille
1742 1551 1874 1589 vero
1935 1535 2146 1601 justum

558 1625 831 1694 judicem,
867 1626 1142 1683 dicentem
1175 1646 1188 1682 :
1221 1628 1663 1696 Quandoquidem
1697 1627 1900 1680 locutus
1931 1643 2072 1689 sum,
2101 1635 2150 1679 et

566 1735 672 1772 non
727 1720 1025 1775 obedivistis
1052 1735 1071 1773 :
1122 1729 1170 1774 et
1217 1723 1427 1776 extendi
1472 1737 1760 1786 sermones,
1816 1730 1865 1774 et
1910 1722 2151 1775 animum

565 1827 674 1865 non
716 1813 1086 1879 advertistis',
1137 1824 1194 1868 et
1245 1830 1371 1884 qua:
1425 1827 1757 1884 sequuntur.
1818 1816 1982 1886 497
2040 1815 2150 1869 Nos

568 1906 820 1975 quidem,
867 1908 968 1977 qui
1011 1883 1302 1972 docemus,
1353 1883 1690 1978 quibusnam
1737 1883 1909 1962 rebus
1945 1883 2154 1976 aliquis
2184 1883 2229 1942 Β

562 1997 786 2051 laudem
835 1997 943 2053 sibi
975 1999 1120 2068 apud
1155 2000 1326 2055 Deum
1362 2009 1540 2070 paret,
1570 1999 1821 2055 studiose
1851 1998 2151 2053 admodum

564 2089 622 2144 id
656 2090 841 2145 facere
875 2099 1042 2160 atque
1079 2093 1374 2148 instituere
1409 2094 1591 2159 decet,
1620 2103 1791 2164 atque
1830 2109 1956 2149 cum
1983 2093 2154 2148 Paulo

563 2181 960 2237 resistentibus
1002 2182 1192 2238 dicere
1227 2201 1256 2237 :-
1305 2184 1662 2239 Obsecramus
1713 2201 1807 2252 per
1861 2183 2151 2250 Christum,

565 2273 989 2330 reconciliamini
1038 2277 1146 2331 Deo
1179 2280 1220 2342 ³,
1266 2279 1660 2335 inobedientes
1705 2294 1835 2334 vero
1887 2278 2153 2349 potestati

565 2369 664 2422 Dei
710 2371 1129 2438 commendare,
1180 2372 1318 2428 illud
1377 2381 1768 2444 usurpantes:
1825 2370 2153 2427 Curavimus

562 2459 913 2530 Babylonem,
944 2464 1036 2516 sed
1080 2474 1274 2518 sanata
1309 2481 1415 2519 non
1447 2473 1567 2518 est:
1604 2464 1972 2534 relinquamus
2011 2479 2152 2528 eam,

563 2557 821 2627 quoniam
860 2558 1099 2627 pervenit
1128 2560 1184 2611 in
1218 2559 1405 2613 caelum
1439 2559 1705 2628 judicium
1733 2560 1848 2630 ejus
1876 2559 1920 2614 ⁵.
1945 2557 2156 2614 Conse-

547 2667 748 2719 .quens
799 2654 970 2725 igitur
1007 2669 1119 2710 non
1157 2664 1264 2722 est,
1302 2665 1531 2726 propter
1577 2655 1845 2711 adversos
1887 2668 2160 2725 quorum-

568 2748 697 2800 dam
760 2762 1075 2813 sermones,
1135 2748 1414 2818 siquidem
1478 2763 1708 2818 prorsus
1765 2749 1939 2818 aliqui
2000 2761 2154 2818 sunt,

566 2839 828 2893 funditus
889 2841 1210 2896 sanctiones
1283 2842 1695 2897 ecclesiasticas
1760 2842 2041 2906 convelli,
2099 2850 2157 2897 ut

567 2929 748 2987 laicus
780 2931 1119 2986 sacerdotali
1160 2932 1431 3003 dignitate
1465 2933 1813 2990 enitentibus
1864 2950 2161 2990 accensea-

567 3033 683 3090 tur,
745 3033 804 3081 et
861 3025 1133 3082 honorem
1187 3029 1447 3083 eumdem
1507 3037 1910 3100 consequatur.
1967 3028 2160 3099 Neque

567 3118 720 3171 enim
767 3116 876 3172 hoc
909 3132 1264 3174 communem
1311 3120 1465 3174 orbis
1510 3120 1756 3175 universi
1808 3135 2028 3188 pacem,
2061 3119 2157 3173 sed

2256 613 2494 683 ἀνήκοος
2541 613 2640 680 τὴν
2673 609 2841 664 αὐτοῦ
2878 612 3170 663 κακόνοιαν
3221 613 3553 674 αἰτιάσαιτο,
3599 615 3810 679 μισήσας

2256 704 2320 756 τὸ
2359 702 2790 768 θεραπεύεσθαι.
2835 704 3156 757 ’Δκούσεται
3188 705 3246 756 δὲ
3295 704 3449 772 παρὰ
3492 705 3586 756 τοῦ
3615 706 3808 760 δικαίου

2261 796 2477 868 κριτοῦ,
2520 797 2767 860 Ἐπειδὴ
2794 797 3088 863 ἐλάλουν,
3127 798 3228 851 καί
3261 800 3374 867 οὐχ
3406 800 3812 861 imminuatur:-

2257 891 2355 943 καί
2393 888 2668 953 ἐξέτεινα
2703 892 2951 957 λόγους,
2987 892 3086 944 καὶ
3119 893 3192 945 οὺ
3223 892 3608 960 προσείχετε,
3644 895 3730 946 καὶ
3757 897 3815 946 τὰ

2258 982 2469 1045 τούτοις
2499 981 2650 1050 ἑξῆς.
2694 983 2862 1052 Ἡμῖν
2895 983 2998 1054 μὲν
3027 983 3139 1051 γὰρ
3167 983 3282 1046 τοῖς
3307 984 3621 1038 διδάσκουσι
3657 985 3723 1038 τὰ
3742 987 3816 1054 ἐφ’

2257 1071 2340 1138 οἷς
2370 1075 2436 1129 ἄν
2470 1092 2552 1140 τις
2589 1076 2910 1147 εὐδοκιμοίη
2953 1077 3113 1146 παρὰ
3136 1075 3277 1145 Θεῷ,
3313 1078 3412 1129 καὶ
3438 1077 3561 1130 λίαν
3580 1079 3818 1132 ἐσπουδα-

2259 1169 2474 1236 σμένως
2525 1169 2873 1238 εἰσηγεῖσθαι
2920 1171 3164 1240 πρέπει-ο
3197 1171 3444 1233 καὶτοῖς
3485 1169 3819 1224 ἀντιτείνουσι

2259 1260 2445 1329 λέγειν
2479 1261 2620 1331 μετά
2647 1260 2743 1313 τοῦ
2776 1260 2992 1314 Παύλου
3015 1277 3028 1291 ·
3063 1262 3325 1330 Δεόμεθα
3367 1259 3526 1329 ὑπὲρ
3564 1261 3818 1329 Χριστοῦ,

2263 1353 2692 1422 καταλλάγητε
2720 1353 2802 1418 τῷ
2834 1352 2980 1419 Θεῷ,
3010 1353 3136 1414 τοὺς
3175 1352 3233 1405 δὲ
3263 1351 3628 1415 ἀπειθοῦντας
3654 1352 3818 1405 λοιπὸν

2259 1447 2581 1501 ἀνατιθέναι
2603 1450 2669 1517 τῇ
2693 1447 2788 1499 τοῦ
2819 1447 2957 1501 Θεοῦ
2981 1447 3213 1516 δυνάμει
3255 1445 3513 1514 λέγοντες
3533 1462 3548 1476 ·
3587 1447 3820 1513 Ἰατρεύ-

2261 1555 2460 1607 σιιμεν
2494 1539 2612 1606 τὴν
2642 1538 2996 1602 Βαϐυλῶνα,
3039 1537 3139 1591 καί
3168 1539 3280 1592 οὐκ
3303 1537 3465 1604 ἰάθη.
3511 1537 3817 1604 Ἐγκοτελί-

2261 1649 2458 1702 ποιων
2483 1632 2682 1700 αὐτὴν
2729 1633 2818 1685 ὅτι
2859 1631 3109 1700 ἤγγικεν
3153 1633 3240 1696 είς
3269 1632 3539 1699 οὐρανὸν
3568 1631 3633 1685 τὸ
3663 1630 3834 1698 κρῖμα-

2261 1723 2477 1792 αὺτῆς.
2513 1726 2629 1777 υὺκ
2669 1725 2968 1778 ἀκόλουθον
2995 1723 3300 1793 τοιγαροῦν,
3325 1723 3414 1777 διὰ
3440 1724 3540 1785 τάς
3567 1739 3722 1776 τινων
3740 1724 3820 1774 ev.

2261 1814 2512 1881 τιλογίας
2535 1815 2698 1884 εἰπερ
2738 1815 2884 1876 τινὲς
2929 1814 3068 1876 ὅλως
3097 1815 3261 1877 εἰσὶν,
3298 1815 3365 1866 ὲκ
3403 1813 3617 1883 βάθρων
3652 1814 3820 1884 ὥσπερ

2259 1906 2655 1960 κατασείεσθαι
2689 1907 2815 1970 τοὺς
2838 1905 2940 1973 τῆς
2988 1905 3317 1976 Ἐκκλησίας
3350 1906 3614 1974 θεσμοὺς,
3651 1904 3818 1957 λαῖκοῦ

2260 1999 2700 2067 συνταττομένου
2730 1999 2847 2059 τοῖς
2884 1999 2944 2049 ὲν
2977 1997 3224 2066 ίερατείᾳ
3270 1995 3625 2066 διαπρέψασι,
3653 1997 3738 2046 καὶ
3770 1995 3820 2044 ἔν

2258 2095 2360 2165 ῐσῳ
2411 2095 2599 2162 μέτρῳ
2639 2092 2806 2162 τιμῆς
2856 2091 3255 2154 είσϐαίνοντος.
3291 2090 3386 2160 Μὴ
3439 2089 3548 2159 γὰρ
3594 2089 3660 2158 δὴ
3682 2088 3819 2141 τοῦτο

2258 2187 2597 2242 καλείτωσαν
2637 2187 3028 2257 οίκουμενικήν
3058 2202 3203 2248 τινες
3243 2186 3501 2255 είρήνην,
3531 2183 3662 2237 ἀλλά
3699 2184 3817 2252 μᾶλ-

2257 2280 2351 2333 λον
2378 2283 2723 2351 κατατομήν.
2780 2280 2926 2348 Ἐγὼ
2957 2278 3068 2350 γὰρ
3119 2280 3243 2332 τότε
3287 2280 3436 2349 φημὶ
3477 2276 3819 2345 κρατύνεσθαι

2259 2375 2323 2425 τὸ
2351 2373 2456 2443 τῆς
2487 2374 2712 2444 εἰρήνης
2742 2372 2916 2444 ὄνομα
2968 2373 3063 2427 καὶ
3110 2374 3374 2442 πρᾶγμα,
3427 2372 3555 2425 ὅταν
3605 2369 3680 2438 μὴ
3719 2371 3818 2431 ταῖς

2258 2467 2368 2521 τῶν
2442 2467 2617 2535 ἁγίων
2673 2467 2926 2536 γνώμαις
2988 2465 3470 2534 ἁντιταττὼμεθα,
3533 2465 3666 2533 μήτε
3724 2463 3819 2522 τοῖς

2260 2558 2490 2614 ἐκείνων
2530 2560 2996 2630 ἀντιπράττωμεν
3025 2560 3196 2629 ὅροις.
3230 2558 3294 2611 El
3335 2557 3446 2627 γὰρ
3481 2557 3695 2616 εἴτινας
3728 2553 3818 2604 τῶν

2260 2655 2408 2708 κατὰ
2441 2653 2544 2722 τὴν
2599 2653 2743 2724 ἑῴαν
2783 2653 3209 2707 εύλαϐεστάτων
3257 2649 3511 2718 ἀδελφῶν
3563 2649 3656 2700 καὶ
3709 2661 3828 2697 σνν-.

2261 2747 2644 2801 επισκόπωνὸ
2697 2746 2974 2818 μακάριος
3039 2745 3417 2812 Ἀλέξανδρος,
3467 2741 3814 2811 θρασύστομος

2262 2839 2342 2896 ὢν
2371 2843 2562 2906 ὅντως,
2617 2840 2760 2894 κατὰ
2790 2842 2888 2911 τῆς
2933 2841 3035 2909 σῆς
3078 2838 3398 2900 θεοσεϐείας
3441 2836 3642 2904 φωνὴν,
3677 2847 3817 2898 πεφε-

2263 2939 2482 3002 νάκικε,
2527 2937 2623 2990 καὶ
2669 2935 3031 3003 συναρπάσας
3080 2929 3227 2987 εἶλεν
3275 2933 3356 2994 είς
3415 2931 3513 2999 τὴν
3553 2931 3638 2982 ἐπὶ
3669 2924 3815 2986 τούτῳ

2264 3029 2601 3093 συναίνεσιν,
2623 3028 2687 3082 οὐ
2712 3027 2801 3081 διὰ
2833 3027 2991 3080 τοῦτο
3015 3028 3238 3089 πάντως
3263 3027 3361 3078 καὶ
3391 3025 3612 3094 κρατεῖν
3641 3017 3816 3088 ὀφείλει

2262 3122 2324 3175 τὸ
2355 3121 2596 3190 νόσημα,
2645 3121 2741 3173 καὶ
2787 3123 2910 3182 ταῖς
2964 3119 3224 3173 ἁπάντων
3275 3109 3817 3177 καταϐόσκεσθαιψυ·

569 3209 946 3265 concisionem
994 3212 1180 3279 potius
1228 3213 1457 3283 quidam
1499 3223 1722 3268 vocent.
1774 3213 1888 3281 Ego
1930 3211 2155 3281 quidem

2264 3216 2409 3285 χαῖς,
2439 3215 2576 3268 ἀλλὰ
2611 3214 2815 3284 μᾶλλον
2845 3209 2936 3266 οἷά
2965 3229 3050 3275 τις
3080 3213 3232 3281 λήμη
3258 3209 3353 3262 τὸν
3380 3211 3480 3278 τῆς
3523 3201 3818 3270 Ἑκκλησίας

568 3309 689 3353 tum
741 3301 964 3356 demum
1019 3303 1274 3360 obtinere
1308 3305 1517 3361 debere
1567 3316 1623 3360 et
1670 3321 1874 3360 nomen
1931 3313 1989 3359 et
2040 3320 2156 3359 rem

568 3393 750 3462 ipsam
808 3394 960 3464 pacis
1019 3409 1244 3464 censeo,
1311 3413 1438 3454 cum
1491 3409 1813 3455 sanctorum
1859 3399 2158 3453 sententiis

569 3504 684 3543 non
717 3488 1107 3558 adversemur,
1141 3507 1324 3563 neque
1353 3494 1577 3549 illorum
1612 3495 1860 3551 decretis
1886 3510 2160 3565 repugne-

571 3599 718 3638 mus.
750 3584 908 3650 Quod
944 3589 988 3640 si
1021 3587 1171 3641 enim
1213 3588 1413 3644 beatus
1453 3589 1794 3655 Alexander,
1822 3589 2162 3644 conlidentis

572 3693 806 3748 prorsus
833 3680 946 3732 oris
979 3680 1085 3746 vir,
1113 3680 1270 3748 juxta
1308 3682 1534 3750 pictatis
1567 3691 1678 3737 tua:
1721 3683 1912 3748 verba,
1946 3682 2163 3751 aliquos

573 3785 642 3824 ex
701 3771 1138 3840 religiosissimis
1203 3772 1469 3828 fratribus
1532 3783 1589 3828 et
1661 3773 1888 3842 collegis
1952 3773 2162 3828 nostris

574 3861 955 3916 Orientalibus
985 3863 1267 3932 episcopis
1318 3864 1467 3918 inani
1523 3866 1803 3921 dictorum
1841 3867 1966 3922 fuco
2000 3868 2163 3922 dece—

575 3957 679 4024 pit.
710 3966 766 4009 ct
812 3957 879 4009 ad
929 3956 1096 4027 hujus
1144 3958 1225 4012 rei
1261 3959 1780 4026 comprobationem
1811 3972 1999 4030 raptos
2038 3977 2164 4031 per-

580 4048 772 4108 traxit.
799 4064 911 4102 non
946 4059 1238 4119 propterea
1266 4052 1490 4108 morbus
1516 4052 1610 4107 hic
1632 4069 1861 4122 prorsus
1886 4054 2161 4116 obtinere,

574 4149 633 4197 et
671 4143 890 4198 animas
928 4146 1178 4199 omnium
1228 4145 1554 4215 depascere,
1604 4147 1699 4201 sed
1743 4148 1932 4234 potius
1990 4147 2164 4201 veluti

577 4237 829 4304 quaulam
883 4236 1182 4306 lippitudo,
1214 4237 1477 4293 Ecclesia:
1529 4239 1750 4294 oculum
1800 4238 2094 4305 infestans,
2133 4256 2164 4293 a

576 4327 738 4382 vobis
775 4329 1063 4399 repurgari
1103 4330 1290 4385 debet.
1341 4330 1411 4386 Ut
1447 4329 1538 4383 illa
1571 4345 1795 4384 rursum
1846 4331 2060 4385 directe
2093 4331 2164 4385 ad

577 4419 803 4474 Patrum
838 4420 1061 4475 decreta
1110 4422 1434 4491 reSpiciens,
1477 4422 1676 4477 merito
1724 4437 1754 4476 a
1810 4422 2034 4478 Christo
2061 4439 2163 4478 au-

578 4511 694 4565 diat
742 4531 754 4566 :
811 4513 969 4567 Oculi
1023 4515 1103 4566 tui
1149 4513 1425 4568 columba.
1483 4516 1683 4584 Accepi
1731 4525 1787 4569 et
1827 4532 1930 4587 ego
1985 4532 2015 4570 a
2068 4517 2164 4571 Dei

581 4606 989 4670 amantissimo,
1029 4606 1124 4675 qui
1176 4608 1242 4660 ad
1285 4607 1881 4663 exlremam'feliciter
1912 4610 2167 4675 pervenit

579 4709 951 4763 senectutem,
991 4699 1198 4753 Acacio
1243 4700 1481 4765 litteras,
1517 4702 1574 4757 in
1615 4704 1824 4772 quibus
1863 4703 2169 4774 religiosis-

579 4791 786 4847 simum
838 4791 1156 4846 Antiochiae
1202 4794 1510 4850 autistitem
1554 4797 1607 4849 vi
1660 4803 1919 4850 coactum
1961 4811 1993 4849 a
2043 4797 2169 4866 qui—

583 4883 814 4937 busdam
866 4899 1012 4947 esse,
1043 4894 1105 4938 ut
1157 4886 1389 4942 Joannis
1442 4892 1766 4942 memoriam
1813 4888 2161 4951 celebraret,

581 4984 903 5030 asseverat:
933 4987 1100 5046 atque
1133 4978 1264 5032 illud
1303 4989 1571 5049 praeterea
1604 4991 1796 5049 aperte
1823 4996 2164 5035 commemo-

583 5081 692 5131 rat,
737 5071 897 5126 valde
938 5087 1065 5126 cum
1119 5074 1302 5128 virum
1349 5090 1412 5129 ea
1458 5074 1515 5127 in
1553 5089 1614 5129 re
1664 5075 1859 5130 dolore
1906 5076 2167 5132 allectum

583 5163 779 5226 fuisse,
813 5163 1072 5234 viamque
1103 5181 1211 5235 qua
1243 5182 1273 5220 a
1300 5175 1410 5220 tam
1443 5165 1732 5235 praefracta
1759 5168 1991 5223 audacia
2021 5169 2167 5223 libe-

583 5270 804 5309 raretur
855 5258 1143 5326 quaesiisse
1191 5276 1207 5314 :
1261 5268 1318 5313 et
1367 5257 1583 5312 litteras
1634 5260 1734 5313 hac
1792 5259 1863 5314 de
1917 5274 2085 5315 causa
2136 5276 2168 5314 a

582 5349 746 5403 nobis
774 5358 829 5403 et
859 5351 1064 5418 pietate
1097 5360 1211 5419 tua,
1256 5367 1325 5405 ne
1366 5350 1533 5404 simul
1575 5365 1702 5406 cum
1737 5352 2075 5421 quibusdam
2110 5352 2166 5406 in

585 5448 839 5500 cu'udem
905 5463 1155 5503 errorem
1215 5449 1538 5514 duceretur,
1609 5465 1749 5504 neve
1821 5450 2169 5520 ejuscemodi

583 5541 816 5594 cortsilia
865 5541 1213 5611 agit:.ntibus
1261 5542 1508 5608 cederet,
1559 5543 1861 5614 impetrare
1897 5545 2166 5600 voluisse.

582 5634 654 5686 At
707 5649 832 5698 nos,
887 5635 982 5702 qui
1032 5634 1100 5689 ad
1153 5650 1343 5690 curam
1383 5644 1438 5691 et
1472 5637 1807 5692 medicinam
1854 5637 2167 5693 faciendam

583 5727 766 5783 vocati
795 5741 988 5781 sumus
1013 5727 1104 5796 (da
1134 5729 1281 5784 enim
1310 5730 1415 5786 hoc
1443 5729 1602 5796 mihi,
1635 5740 1694 5785 ut
1727 5745 1829 5801 pro
1860 5731 2031 5785 animi
2059 5731 2163 5785 mei

666 5903 680 5931 ³
712 5899 868 5957 Joan.
899 5919 971 5970 vr,
994 5904 1081 5960 68.
1159 5911 1178 5938 ¹
1203 5907 1403 5962 Jcrcm.
1442 5923 1603 5972 xxxv,
1644 5910 1724 5963 ll.
1807 5910 1826 5940 ³
1856 5906 1896 5960 il
1931 5908 2058 5961 Cm‘.
2087 5925 2137 5972 ν,
2177 5910 2265 5963 90-

2199 4578 2244 4633 ι)

2263 3307 2549 3377 ὀφθαλμὸν
2587 3306 2971 3378 παραλύουσα,
3005 3305 3141 3375 παρ’
3171 3303 3328 3374 ὑμῶν
3382 3299 3815 3367 ἑκκαθαίρεσθαν

2263 3401 2353 3454 ἴνα
2377 3401 2443 3470 δὴ
2485 3401 2649 3454 πάλιν
2680 3400 2858 3470 ὀρθῶς
2896 3401 3034 3470 πρὸς
3067 3397 3197 3461 τοὺς
3251 3397 3357 3449 τῶν
3392 3395 3645 3462 Πατέρων
3686 3389 3817 3455 ὂρῡυς

2262 3496 2656 3551 ἀποϐλέπουσα
2709 3493 2937 3556 δικαίως
3006 3491 3183 3563 ἀκούῃ
3248 3491 3382 3560 περὶ
3453 3481 3711 3558 Χριστοῦο
3767 3478 3818 3528 Ol

2265 3588 2566 3656 ὀφθαλμοί
2607 3602 2727 3642 σου
2757 3585 3127 3655 περιστεραί.
3170 3582 3445 3650 Δέδεγμαι
3480 3577 3572 3632 οὖν
3610 3573 3825 3644 γράμμα

2264 3683 2425 3751 κάγὼ
2472 3681 2627 3752 παρὰ
2693 3681 2788 3736 τοῦ
2841 3679 3218 3748 εύγηροτάτου
3274 3677 3375 3728 atat
3429 3663 3818 3741 θεοφιλεστάτου

2276 3777 2572 3831 Ἀκακίουο
2607 3775 2739 3827 ἔνθα
2790 3773 2881 3827 τὸν
2934 3771 3337 3825 εύλαϐἐστατον
3381 3768 3482 3837 τῆς
3522 3755 3818 3827 Ἀντιοχείας

2265 3869 2569 3921 ἐπίσκοπον
2619 3865 2972 3936 ἠναγκάσθαι
3031 3863 3184 3932 παρά
3235 3877 3400 3914 τινων
3459 3851 3820 3924 διισχυρίξεται

2265 3960 2366 4028 τὴν
2423 3957 2678 4012 Ἰωάννου
2720 3958 2947 4028 μνήμην
3008 3952 3361 4008 ἐπιτελέσαι·
3420 3953 3512 4004 καὶ
3556 3939 3818 4000 δάκνεσθαι

2269 4054 2372 4123 μὲν
2409 4054 2503 4105 ἐπὶ
2545 4052 2722 4122 τούτῳ
2774 4052 3006 4121 σφόδρα,
3035 4051 3189 4102 λύσιν
3227 4048 3284 4098 δέ
3315 4065 3440 4102 τινα
3473 4044 3579 4101 τῶν
3615 4042 3675 4092 ἐκ
3707 4048 3821 4102 προ-

2269 4149 2495 4210 πετείας
2534 4147 2801 4217 εὕρασθαι
2856 4145 3164 4217 ζητοῦντα’
3207 4144 3304 4196 καὶ⁹
3360 4143 3665 4211 γράμματα
3710 4142 3821 4194 περι

2267 4238 2460 4290 τούτου
2497 4237 2836 4308 κομίσασθαι
2892 4235 3221 4305 βουλόμενον
3272 4233 3424 4302 παρά
3454 4248 3511 4283 τε
3564 4226 3709 4298 ἡμῶν
3739 4221 3820 4272 καὶ

2269 4331 2369 4400 τῆς
2405 4333 2506 4399 σῆς
2542 4328 2882 4393 θεοσεϐείας,
2916 4327 3107 4396 σαφῶς
3139 4325 3552 4394 διαγορεύοντα»
3592 4318 3665 4386 μὴ
3706 4326 3819 4363 συν’

2269 4424 2586 4492 απὰγεσθαί
2614 4440 2748 4488 τισι,
2787 4422 2924 4492 μηδὲ
2973 4420 3144 4473 εἴκειν
3193 4421 3307 4480 τοῖς
3344 4417 3570 4470 τοιαῦτα
3612 4403 3822 4476 συμϐου-

2271 4517 2546 4569 λεύουσιν.
2595 4515 2742 4569 Ἀλλ’
2784 4516 2836 4568 οἱ
2868 4516 3005 4585 πρὸς
3048 4513 3348 4583 θεραπείαν
3394 4505 3712 4576 κεκλημένοι
3742 4495 3822 4565 (δί-

2274 4607 2367 4658 δου
2435 4607 2542 4676 γάρ
2597 4623 2690 4676 μοι
2729 4606 2912 4674 λέγειν
2981 4606 3119 4674 μετᾶ
3188 4604 3504 4672 παρρησίας
3564 4595 3820 4648 πονέσαντι

2274 4697 2373 4766 τὴν
2420 4698 2649 4770 ψυχὴν),
2698 4697 3036 4768 τραυμάτων
3075 4696 3368 4765 προσθήκη
3409 4694 3483 4762 μὴ
3538 4677 3818 4758 γενώμεθα,

2273 4789 2363 4841 ἶνα
2394 4791 2487 4843 καὶ
2515 4790 2578 4842 τὸ
2605 4787 2748 4843 εἶναι
2778 4789 3256 4860 παρακολούθημα
3283 4787 3382 4854 τῆς
3411 4784 3612 4854 ἑτέρων
3641 4783 3821 4844 MM"

2273 4882 2430 4946 τείας
2458 4883 2864 4953 ἀποφύγωμεν.
2897 4883 3176 4951 Θαυμάζω
3229 4881 3286 4934 δὲ
3335 4880 3570 4935 κάκεῖνο,
3606 4872 3688 4933 εἰ,
3718 4877 3823 4916 τος-

2273 4977 2431 5040 οῧτος
2477 4977 2553 5030 ὢν
2588 4981 2668 5040 είς
2717 4977 3050 5046 πολυλογίαν
3080 4980 3109 5030 ὁ
3159 4970 3557 5047 μνημονευθεὶς
3596 4959 3820 5025 Ἀλέξων

2275 5069 2423 5140 δρος,
2459 5072 2555 5125 καὶ
2605 5073 2798 5141 χρόνον
2829 5072 2893 5124 οὐ
2937 5073 3139 5142 μικρὸν
3172 5068 3459 5139 διατρίψας
3508 5062 3698 5117 ἐκεῖσε.
3739 5048 3821 5114 οὒκ

2273 5162 2426 5227 ὅπως
2455 5164 2682 5234 ἰσχύσας
2709 5163 3007 5218 ἀναπεῖσαί
3038 5181 3194 5226 τινας
3223 5163 3364 5234 πρὸς
3384 5159 3541 5212 τοῦτο
3573 5151 3821 5223 φαίνεται⁶

2274 5253 2357 5318 εἷς
2406 5257 2465 5309 δὲ
2500 5259 2856 5327 γραμμάτων
2893 5253 3553 5328 διακομιστὴς.τοσοῦτον
3607 5247 3818 5328 ἴσχυσεν,

2275 5353 2353 5416 ὡς
2393 5352 2779 5423 τεθρύλληται,
2829 5352 2975 5406 ὥστε
3009 5353 3184 5422 δῆμον
3210 5327 3414 5420 ἀνάψαι
3444 5342 3714 5400 τοσοῦτον,
3741 5327 3819 5383 κειὶ

2279 5450 2740 5518 κατηυνασμένην
2781 5447 3046 5500 ’ὑπόθεσιν
3101 5446 3280 5516 χρόνῳ
3340 5439 3534 5511 μακρῷ
3581 5431 3818 5498 διεγεεῖῖκιι

2280 5543 2465 5606 πάλιν,
2512 5544 2653 5612 ὅπερ
2707 5542 2824 5594 ἐστὶ
2861 5539 3148 5602 παντελῶς
3187 5538 3470 5592 ἀπίθανον.
3521 5526 3654 5583 Ἀλλ’
3697 5522 3816 5612 ἔξω

2281 5635 2569 5689 καὶτοῦτο
2623 5606 2719 5687 καὶ
2781 5633 3126 5686 πιστευέσθω
3174 5631 3488 5701 γενόμενον.
3540 5617 3673 5676 Ἀλλ’
3716 5606 3814 5662 οἶδα

2278 5730 2376 5800 τὴν
2406 5729 2504 5800 σὴν
2534 5728 2850 5782 θεοσέϐειαν
2877 5725 3276 5797 ἀριστεύουσαν
3299 5727 3356 5775 ἐν
3383 5723 3577 5788 λόγοις.
3604 5703 3812 5768 Διὸάξειί

2352 5911 2368 5941 '*
2398 5910 2599 5974 .Icrem,
2659 5909 2805 5971 ῐ.1,9.
