  <div class='ocr_page' id='page_1' title='image "/cluster/home/n/w/nwhite01/storage/ocr_20150623/146:no.2/coo.31924054870518/582.png"; bbox 0 0 4092 6458; ppageno 0'>
   <div class='ocr_carea' id='block_1_1' title="bbox 368 439 503 501">
    <p class='ocr_par' dir='ltr' id='par_1_1' title="bbox 368 439 503 501">
     <span class='ocr_line' id='line_1_1' title="bbox 368 439 503 501; baseline -0.022 0"><span class='ocrx_word' id='word_1_1' title='bbox 368 439 503 501; x_wconf 66' lang='lat' dir='ltr'><strong>lli)</strong></span> 
     </span>
    </p>
   </div>
   <div class='ocr_carea' id='block_1_2' title="bbox 1292 442 2700 510">
    <p class='ocr_par' dir='ltr' id='par_1_2' title="bbox 1292 442 2700 510">
     <span class='ocr_line' id='line_1_2' title="bbox 1292 442 2700 510; baseline 0.007 -10"><span class='ocrx_word' id='word_1_2' title='bbox 1292 442 1896 504; x_wconf 64' lang='lat' dir='ltr'><strong>ECCLESIASTICJE</strong></span> <span class='ocrx_word' id='word_1_3' title='bbox 1932 446 2322 507; x_wconf 60' lang='lat' dir='ltr'><strong>HISTORIAZ</strong></span> <span class='ocrx_word' id='word_1_4' title='bbox 2365 449 2507 510; x_wconf 84' lang='lat' dir='ltr'><strong>LIB.</strong></span> <span class='ocrx_word' id='word_1_5' title='bbox 2546 450 2700 510; x_wconf 69' lang='lat' dir='ltr'><strong>XIV.</strong></span> 
     </span>
    </p>
   </div>
   <div class='ocr_carea' id='block_1_3' title="bbox 3494 444 3633 509">
    <p class='ocr_par' dir='ltr' id='par_1_3' title="bbox 3494 444 3633 509">
     <span class='ocr_line' id='line_1_3' title="bbox 3494 444 3633 509; baseline -0.029 0"><span class='ocrx_word' id='word_1_6' title='bbox 3494 444 3633 509; x_wconf 76' lang='lat'><strong>1159</strong></span> 
     </span>
    </p>
   </div>
   <div class='ocr_carea' id='block_1_4' title="bbox 365 556 1964 635">
    <p class='ocr_par' dir='ltr' id='par_1_4' title="bbox 365 556 1951 631">
     <span class='ocr_line' id='line_1_4' title="bbox 365 556 1951 631; baseline 0.005 -25"><span class='ocrx_word' id='word_1_7' title='bbox 365 556 588 617; x_wconf 80' lang='grc' dir='ltr'>πάντως</span> <span class='ocrx_word' id='word_1_8' title='bbox 617 556 685 609; x_wconf 73' lang='grc' dir='ltr'>τὰ</span> <span class='ocrx_word' id='word_1_9' title='bbox 712 556 902 611; x_wconf 79' lang='grc' dir='ltr'><strong>δέοντα</strong></span> <span class='ocrx_word' id='word_1_10' title='bbox 936 560 1062 622; x_wconf 82' lang='grc' dir='ltr'>τοὺς</span> <span class='ocrx_word' id='word_1_11' title='bbox 1108 559 1605 630; x_wconf 80' lang='grc' dir='ltr'>τεθορυϐημένους.</span> <span class='ocrx_word' id='word_1_12' title='bbox 1637 562 1823 629; x_wconf 80' lang='grc' dir='ltr'><strong>Ἔχεις</strong></span> <span class='ocrx_word' id='word_1_13' title='bbox 1855 561 1951 631; x_wconf 82' lang='grc' dir='ltr'><strong>ἁρ-</strong></span> 
     </span>
    </p>
   </div>
   <div class='ocr_carea' id='block_1_5' title="bbox 2068 556 3631 635">
    <p class='ocr_par' dir='ltr' id='par_1_5' title="bbox 2068 560 3631 635">
     <span class='ocr_line' id='line_1_5' title="bbox 2068 560 3631 635; baseline -0.001 -20"><span class='ocrx_word' id='word_1_14' title='bbox 2068 563 2270 629; x_wconf 79' lang='lat' dir='ltr'><strong>iolore,</strong></span> <span class='ocrx_word' id='word_1_15' title='bbox 2305 565 2480 620; x_wconf 75' lang='lat' dir='ltr'><strong>libere</strong></span> <span class='ocrx_word' id='word_1_16' title='bbox 2515 567 2703 621; x_wconf 80' lang='lat' dir='ltr'><strong>dicere</strong></span> <span class='ocrx_word' id='word_1_17' title='bbox 2737 563 2993 635; x_wconf 87' lang='lat' dir='ltr'><strong>possim),</strong></span> <span class='ocrx_word' id='word_1_18' title='bbox 3035 578 3104 619; x_wconf 90' lang='lat' dir='ltr'><strong>ne</strong></span> <span class='ocrx_word' id='word_1_19' title='bbox 3154 560 3402 617; x_wconf 80' lang='lat' dir='ltr'><strong>accessio</strong></span> <span class='ocrx_word' id='word_1_20' title='bbox 3434 560 3631 613; x_wconf 82' lang='lat' dir='ltr'><strong>vulne-</strong></span> 
     </span>
    </p>
   </div>
   <div class='ocr_carea' id='block_1_6' title="bbox 367 648 1945 723">
    <p class='ocr_par' dir='ltr' id='par_1_6' title="bbox 367 648 1945 723">
     <span class='ocr_line' id='line_1_6' title="bbox 367 648 1945 723; baseline 0.002 -20"><span class='ocrx_word' id='word_1_21' title='bbox 367 648 572 703; x_wconf 82' lang='grc' dir='ltr'>κοῦσαν</span> <span class='ocrx_word' id='word_1_22' title='bbox 605 649 717 702; x_wconf 89' lang='grc' dir='ltr'><strong>τῶν</strong></span> <span class='ocrx_word' id='word_1_23' title='bbox 755 650 918 720; x_wconf 79' lang='grc' dir='ltr'>ἱερῶν</span> <span class='ocrx_word' id='word_1_24' title='bbox 950 653 1330 722; x_wconf 79' lang='grc' dir='ltr'><strong>κηρυγμάτων</strong></span> <span class='ocrx_word' id='word_1_25' title='bbox 1356 660 1455 721; x_wconf 83' lang='grc' dir='ltr'>τὴν</span> <span class='ocrx_word' id='word_1_26' title='bbox 1482 655 1665 723; x_wconf 84' lang='grc' dir='ltr'>χάριν.</span> <span class='ocrx_word' id='word_1_27' title='bbox 1699 656 1945 719; x_wconf 71' lang='grc' dir='ltr'>Πείσεις,</span> 
     </span>
    </p>
   </div>
   <div class='ocr_carea' id='block_1_7' title="bbox 367 739 1948 817">
    <p class='ocr_par' dir='ltr' id='par_1_7' title="bbox 367 739 1948 817">
     <span class='ocr_line' id='line_1_7' title="bbox 367 739 1948 817; baseline 0.001 -22"><span class='ocrx_word' id='word_1_28' title='bbox 367 739 525 801; x_wconf 72' lang='grc' dir='ltr'>οῖδα,</span> <span class='ocrx_word' id='word_1_29' title='bbox 585 742 681 795; x_wconf 82' lang='grc' dir='ltr'>καὶ</span> <span class='ocrx_word' id='word_1_30' title='bbox 730 743 859 804; x_wconf 82' lang='grc' dir='ltr'>τοὺς</span> <span class='ocrx_word' id='word_1_31' title='bbox 923 742 1352 807; x_wconf 77' lang='grc' dir='ltr'>εύσεϐεστάτους</span> <span class='ocrx_word' id='word_1_32' title='bbox 1408 745 1671 813; x_wconf 80' lang='grc' dir='ltr'>βασιλεῖς.</span> <span class='ocrx_word' id='word_1_33' title='bbox 1724 747 1948 817; x_wconf 79' lang='grc' dir='ltr'><strong>ἀγαπᾷν</strong></span> 
     </span>
    </p>
   </div>
   <div class='ocr_carea' id='block_1_8' title="bbox 369 835 1948 911">
    <p class='ocr_par' dir='ltr' id='par_1_8' title="bbox 369 835 1948 911">
     <span class='ocr_line' id='line_1_8' title="bbox 369 835 1948 911; baseline 0.003 -25"><span class='ocrx_word' id='word_1_34' title='bbox 369 835 621 904; x_wconf 75' lang='grc' dir='ltr'><strong>συνήθως</strong></span> <span class='ocrx_word' id='word_1_35' title='bbox 662 835 723 888; x_wconf 77' lang='grc' dir='ltr'>τὸ</span> <span class='ocrx_word' id='word_1_36' title='bbox 753 838 866 898; x_wconf 82' lang='grc' dir='ltr'>τοῖς</span> <span class='ocrx_word' id='word_1_37' title='bbox 894 837 1087 889; x_wconf 80' lang='grc' dir='ltr'>κανόσι</span> <span class='ocrx_word' id='word_1_38' title='bbox 1111 836 1326 891; x_wconf 79' lang='grc' dir='ltr'><strong>δοκοῦν.</strong></span> <span class='ocrx_word' id='word_1_39' title='bbox 1355 839 1617 903; x_wconf 79' lang='grc' dir='ltr'>Εὐσεϐεῖς</span> <span class='ocrx_word' id='word_1_40' title='bbox 1652 839 1761 911; x_wconf 86' lang='grc' dir='ltr'>γὰρ</span> <span class='ocrx_word' id='word_1_41' title='bbox 1794 838 1948 902; x_wconf 80' lang='grc' dir='ltr'>ὅντες</span> 
     </span>
    </p>
   </div>
   <div class='ocr_carea' id='block_1_9' title="bbox 367 927 1950 1002">
    <p class='ocr_par' dir='ltr' id='par_1_9' title="bbox 367 927 1950 1002">
     <span class='ocr_line' id='line_1_9' title="bbox 367 927 1950 1002; baseline 0.003 -22"><span class='ocrx_word' id='word_1_42' title='bbox 367 928 465 980; x_wconf 67' lang='grc' dir='ltr'>καὶ</span> <span class='ocrx_word' id='word_1_43' title='bbox 495 927 856 998; x_wconf 84' lang='grc' dir='ltr'>φιλόχριστοι,</span> <span class='ocrx_word' id='word_1_44' title='bbox 889 929 1116 999; x_wconf 81' lang='grc' dir='ltr'>θεσμοῖς</span> <span class='ocrx_word' id='word_1_45' title='bbox 1149 931 1303 994; x_wconf 77' lang='grc' dir='ltr'><strong>ἰδίοις</strong></span> <span class='ocrx_word' id='word_1_46' title='bbox 1341 930 1699 1002; x_wconf 80' lang='grc' dir='ltr'>ἐπιτρέψουσι</span> <span class='ocrx_word' id='word_1_47' title='bbox 1729 931 1950 984; x_wconf 88' lang='grc' dir='ltr'>διοικεῖ-</span> 
     </span>
    </p>
   </div>
   <div class='ocr_carea' id='block_1_10' title="bbox 371 1019 1952 1095">
    <p class='ocr_par' dir='ltr' id='par_1_10' title="bbox 371 1019 1952 1095">
     <span class='ocr_line' id='line_1_10' title="bbox 371 1019 1952 1095; baseline 0.003 -23"><span class='ocrx_word' id='word_1_48' title='bbox 371 1020 496 1073; x_wconf 84' lang='grc' dir='ltr'>σθαι</span> <span class='ocrx_word' id='word_1_49' title='bbox 519 1019 618 1082; x_wconf 74' lang='grc' dir='ltr'>τὰς</span> <span class='ocrx_word' id='word_1_50' title='bbox 643 1020 965 1089; x_wconf 90' lang='grc' dir='ltr'>ἐκκλησίας,</span> <span class='ocrx_word' id='word_1_51' title='bbox 999 1022 1096 1075; x_wconf 71' lang='grc' dir='ltr'><strong>καὶ</strong></span> <span class='ocrx_word' id='word_1_52' title='bbox 1120 1022 1222 1093; x_wconf 83' lang='grc' dir='ltr'>τῆς</span> <span class='ocrx_word' id='word_1_53' title='bbox 1254 1023 1519 1094; x_wconf 80' lang='grc' dir='ltr'>πατρῴας</span> <span class='ocrx_word' id='word_1_54' title='bbox 1546 1024 1747 1093; x_wconf 78' lang='grc' dir='ltr'>ἀρετῆς</span> <span class='ocrx_word' id='word_1_55' title='bbox 1776 1025 1952 1095; x_wconf 80' lang='grc' dir='ltr'>ύπάρ-</span> 
     </span>
    </p>
   </div>
   <div class='ocr_carea' id='block_1_11' title="bbox 371 1108 1952 1185">
    <p class='ocr_par' dir='ltr' id='par_1_11' title="bbox 371 1108 1952 1185">
     <span class='ocr_line' id='line_1_11' title="bbox 371 1108 1952 1185; baseline 0.004 -24"><span class='ocrx_word' id='word_1_56' title='bbox 371 1125 562 1179; x_wconf 85' lang='grc' dir='ltr'>χοντες</span> <span class='ocrx_word' id='word_1_57' title='bbox 595 1108 861 1179; x_wconf 76' lang='grc' dir='ltr'>ζηλωταὶ,</span> <span class='ocrx_word' id='word_1_58' title='bbox 901 1111 969 1164; x_wconf 82' lang='grc' dir='ltr'>τὰ</span> <span class='ocrx_word' id='word_1_59' title='bbox 1018 1114 1246 1166; x_wconf 78' lang='grc' dir='ltr'>ἐκείνων</span> <span class='ocrx_word' id='word_1_60' title='bbox 1300 1115 1658 1184; x_wconf 83' lang='grc' dir='ltr'><strong>μιμήσονται.</strong></span> <span class='ocrx_word' id='word_1_61' title='bbox 1692 1115 1788 1185; x_wconf 81' lang='grc' dir='ltr'><strong>Μὴ</strong></span> <span class='ocrx_word' id='word_1_62' title='bbox 1823 1132 1952 1168; x_wconf 87' lang='grc' dir='ltr'>τατ-</span> 
     </span>
    </p>
   </div>
   <div class='ocr_carea' id='block_1_12' title="bbox 368 1201 1952 1276">
    <p class='ocr_par' dir='ltr' id='par_1_12' title="bbox 368 1201 1952 1276">
     <span class='ocr_line' id='line_1_12' title="bbox 368 1201 1952 1276; baseline 0.005 -24"><span class='ocrx_word' id='word_1_63' title='bbox 368 1201 548 1254; x_wconf 82' lang='grc' dir='ltr'>τέσθω</span> <span class='ocrx_word' id='word_1_64' title='bbox 603 1201 896 1272; x_wconf 82' lang='grc' dir='ltr'>τοιγαροῦν</span> <span class='ocrx_word' id='word_1_65' title='bbox 949 1206 976 1258; x_wconf 85' lang='grc' dir='ltr'><strong>ό</strong></span> <span class='ocrx_word' id='word_1_66' title='bbox 1029 1204 1432 1276; x_wconf 75' lang='grc' dir='ltr'>ἐκϐεϐλημένος</span> <span class='ocrx_word' id='word_1_67' title='bbox 1496 1204 1753 1276; x_wconf 81' lang='grc' dir='ltr'>Ἰεχονίας</span> <span class='ocrx_word' id='word_1_68' title='bbox 1813 1207 1952 1276; x_wconf 83' lang='grc' dir='ltr'>μετὰ</span> 
     </span>
    </p>
   </div>
   <div class='ocr_carea' id='block_1_13' title="bbox 370 1295 1953 1370">
    <p class='ocr_par' dir='ltr' id='par_1_13' title="bbox 370 1295 1953 1370">
     <span class='ocr_line' id='line_1_13' title="bbox 370 1295 1953 1370; baseline 0.004 -23"><span class='ocrx_word' id='word_1_69' title='bbox 370 1295 538 1348; x_wconf 80' lang='grc' dir='ltr'>Δαυῒδ</span> <span class='ocrx_word' id='word_1_70' title='bbox 561 1311 622 1348; x_wconf 89' lang='grc' dir='ltr'><strong>τε</strong></span> <span class='ocrx_word' id='word_1_71' title='bbox 654 1296 749 1348; x_wconf 74' lang='grc' dir='ltr'><strong>καὶ</strong></span> <span class='ocrx_word' id='word_1_72' title='bbox 777 1296 1036 1367; x_wconf 79' lang='grc' dir='ltr'>Σαμουὴλ</span> <span class='ocrx_word' id='word_1_73' title='bbox 1059 1298 1170 1351; x_wconf 90' lang='grc' dir='ltr'><strong>τῶν</strong></span> <span class='ocrx_word' id='word_1_74' title='bbox 1195 1299 1496 1370; x_wconf 75' lang='grc' dir='ltr'>προφητῶν</span> <span class='ocrx_word' id='word_1_75' title='bbox 1514 1313 1531 1331; x_wconf 75' lang='grc'><strong><em>⁸</em></strong></span> <span class='ocrx_word' id='word_1_76' title='bbox 1560 1298 1698 1370; x_wconf 87' lang='grc' dir='ltr'><strong>μηδέ</strong></span> <span class='ocrx_word' id='word_1_77' title='bbox 1723 1298 1776 1353; x_wconf 85' lang='grc' dir='ltr'><strong>εῐ</strong></span> <span class='ocrx_word' id='word_1_78' title='bbox 1809 1317 1953 1354; x_wconf 86' lang='grc' dir='ltr'>τισιν</span> 
     </span>
    </p>
   </div>
   <div class='ocr_carea' id='block_1_14' title="bbox 370 1385 1956 1460">
    <p class='ocr_par' dir='ltr' id='par_1_14' title="bbox 370 1385 1956 1460">
     <span class='ocr_line' id='line_1_14' title="bbox 370 1385 1956 1460; baseline 0.003 -21"><span class='ocrx_word' id='word_1_79' title='bbox 370 1386 575 1450; x_wconf 84' lang='grc' dir='ltr'>ἀδίκως</span> <span class='ocrx_word' id='word_1_80' title='bbox 608 1385 754 1455; x_wconf 74' lang='grc' dir='ltr'>ἔδοξε</span> <span class='ocrx_word' id='word_1_81' title='bbox 787 1389 850 1441; x_wconf 79' lang='grc' dir='ltr'>τὸ</span> <span class='ocrx_word' id='word_1_82' title='bbox 881 1389 1132 1456; x_wconf 78' lang='grc' dir='ltr'>Εύδοξίου</span> <span class='ocrx_word' id='word_1_83' title='bbox 1162 1389 1417 1460; x_wconf 79' lang='grc' dir='ltr'>λείψανον</span> <span class='ocrx_word' id='word_1_84' title='bbox 1455 1391 1513 1445; x_wconf 80' lang='grc' dir='ltr'><strong>ἐν</strong></span> <span class='ocrx_word' id='word_1_85' title='bbox 1540 1393 1725 1456; x_wconf 85' lang='grc' dir='ltr'>αὐτοῖς</span> <span class='ocrx_word' id='word_1_86' title='bbox 1753 1393 1956 1446; x_wconf 85' lang='grc' dir='ltr'>ἀποτε-</span> 
     </span>
    </p>
   </div>
   <div class='ocr_carea' id='block_1_15' title="bbox 375 1479 1954 1556">
    <p class='ocr_par' dir='ltr' id='par_1_15' title="bbox 375 1479 1954 1556">
     <span class='ocr_line' id='line_1_15' title="bbox 375 1479 1954 1556; baseline 0.005 -26"><span class='ocrx_word' id='word_1_87' title='bbox 375 1479 592 1533; x_wconf 77' lang='grc' dir='ltr'>θεῖσθαι</span> <span class='ocrx_word' id='word_1_88' title='bbox 626 1481 841 1545; x_wconf 80' lang='grc' dir='ltr'>τόποις,</span> <span class='ocrx_word' id='word_1_89' title='bbox 866 1480 954 1537; x_wconf 80' lang='grc' dir='ltr'>διὰ</span> <span class='ocrx_word' id='word_1_90' title='bbox 985 1481 1148 1536; x_wconf 88' lang='grc' dir='ltr'>τοῦτο</span> <span class='ocrx_word' id='word_1_91' title='bbox 1186 1485 1285 1538; x_wconf 75' lang='grc' dir='ltr'>καὶ</span> <span class='ocrx_word' id='word_1_92' title='bbox 1324 1485 1488 1555; x_wconf 76' lang='grc' dir='ltr'>ἡμεῖς</span> <span class='ocrx_word' id='word_1_93' title='bbox 1515 1485 1607 1538; x_wconf 76' lang='grc' dir='ltr'>τὸν</span> <span class='ocrx_word' id='word_1_94' title='bbox 1636 1483 1851 1556; x_wconf 81' lang='grc' dir='ltr'>ἀνίερον</span> <span class='ocrx_word' id='word_1_95' title='bbox 1880 1483 1954 1547; x_wconf 86' lang='grc' dir='ltr'><strong>ῶς</strong></span> 
     </span>
    </p>
   </div>
   <div class='ocr_carea' id='block_1_16' title="bbox 375 1572 1958 1646">
    <p class='ocr_par' dir='ltr' id='par_1_16' title="bbox 375 1572 1958 1646">
     <span class='ocr_line' id='line_1_16' title="bbox 375 1572 1958 1646; baseline 0.005 -23"><span class='ocrx_word' id='word_1_96' title='bbox 375 1572 523 1643; x_wconf 74' lang='grc' dir='ltr'>ἱερὸν</span> <span class='ocrx_word' id='word_1_97' title='bbox 567 1573 937 1643; x_wconf 77' lang='grc' dir='ltr'>εἰσφέρωμεν.</span> <span class='ocrx_word' id='word_1_98' title='bbox 995 1575 1197 1645; x_wconf 83' lang='grc' dir='ltr'>Ἐχρῆν</span> <span class='ocrx_word' id='word_1_99' title='bbox 1244 1575 1354 1646; x_wconf 83' lang='grc' dir='ltr'>γὰρ</span> <span class='ocrx_word' id='word_1_100' title='bbox 1405 1577 1579 1646; x_wconf 85' lang='grc' dir='ltr'>δήπου</span> <span class='ocrx_word' id='word_1_101' title='bbox 1627 1576 1827 1646; x_wconf 79' lang='grc' dir='ltr'>μᾶλλον</span> <span class='ocrx_word' id='word_1_102' title='bbox 1856 1579 1958 1631; x_wconf 85' lang='grc' dir='ltr'><strong>κὰ-</strong></span> 
     </span>
    </p>
   </div>
   <div class='ocr_carea' id='block_1_17' title="bbox 373 1665 1956 1739">
    <p class='ocr_par' dir='ltr' id='par_1_17' title="bbox 373 1665 1956 1739">
     <span class='ocr_line' id='line_1_17' title="bbox 373 1665 1956 1739; baseline 0 -17"><span class='ocrx_word' id='word_1_103' title='bbox 373 1666 521 1722; x_wconf 82' lang='grc' dir='ltr'>κείνο</span> <span class='ocrx_word' id='word_1_104' title='bbox 548 1665 841 1736; x_wconf 82' lang='grc' dir='ltr'>διόρθωσιν</span> <span class='ocrx_word' id='word_1_105' title='bbox 872 1666 1258 1736; x_wconf 77' lang='grc' dir='ltr'>ἐπιζητεϊσθαι</span> <span class='ocrx_word' id='word_1_106' title='bbox 1288 1669 1421 1737; x_wconf 81' lang='grc' dir='ltr'>παρ’</span> <span class='ocrx_word' id='word_1_107' title='bbox 1452 1668 1635 1739; x_wconf 81' lang='grc' dir='ltr'>ἡμῶν,</span> <span class='ocrx_word' id='word_1_108' title='bbox 1665 1669 1769 1723; x_wconf 81' lang='grc' dir='ltr'><strong>οὐκ</strong></span> <span class='ocrx_word' id='word_1_109' title='bbox 1792 1668 1956 1725; x_wconf 80' lang='grc' dir='ltr'>αὐτὸν</span> 
     </span>
    </p>
   </div>
   <div class='ocr_carea' id='block_1_18' title="bbox 383 1755 1959 1841">
    <p class='ocr_par' dir='ltr' id='par_1_18' title="bbox 383 1755 1959 1841">
     <span class='ocr_line' id='line_1_18' title="bbox 383 1755 1959 1841; baseline 0.004 -35"><span class='ocrx_word' id='word_1_110' title='bbox 383 1755 724 1826; x_wconf 69' lang='grc' dir='ltr'>μορφοῦσθαι</span> <span class='ocrx_word' id='word_1_111' title='bbox 773 1758 842 1841; x_wconf 80' lang='grc' dir='ltr'>τὰ</span> <span class='ocrx_word' id='word_1_112' title='bbox 877 1756 1132 1829; x_wconf 82' lang='grc' dir='ltr'>δεύτερα.</span> <span class='ocrx_word' id='word_1_113' title='bbox 1186 1758 1299 1812; x_wconf 83' lang='grc' dir='ltr'><strong>Καὶ</strong></span> <span class='ocrx_word' id='word_1_114' title='bbox 1325 1759 1505 1814; x_wconf 85' lang='grc' dir='ltr'>ταῦτά</span> <span class='ocrx_word' id='word_1_115' title='bbox 1539 1777 1720 1832; x_wconf 83' lang='grc' dir='ltr'>φαμεν</span> <span class='ocrx_word' id='word_1_116' title='bbox 1756 1761 1854 1831; x_wconf 85' lang='grc' dir='ltr'><strong>οὐχ</strong></span> <span class='ocrx_word' id='word_1_117' title='bbox 1881 1759 1959 1824; x_wconf 84' lang='grc' dir='ltr'><strong>ὡς</strong></span> 
     </span>
    </p>
   </div>
   <div class='ocr_carea' id='block_1_19' title="bbox 376 1848 1957 1925">
    <p class='ocr_par' dir='ltr' id='par_1_19' title="bbox 376 1848 1957 1925">
     <span class='ocr_line' id='line_1_19' title="bbox 376 1848 1957 1925; baseline 0.004 -26"><span class='ocrx_word' id='word_1_118' title='bbox 376 1849 811 1916; x_wconf 76' lang='grc' dir='ltr'>ἐπεμϐαίνοντες</span> <span class='ocrx_word' id='word_1_119' title='bbox 834 1848 914 1919; x_wconf 88' lang='grc' dir='ltr'>τῷ</span> <span class='ocrx_word' id='word_1_120' title='bbox 944 1851 1187 1922; x_wconf 79' lang='grc' dir='ltr'>κειμένῳ</span> <span class='ocrx_word' id='word_1_121' title='bbox 1204 1866 1220 1884; x_wconf 89' lang='grc'><strong>·</strong></span> <span class='ocrx_word' id='word_1_122' title='bbox 1255 1853 1331 1922; x_wconf 77' lang='grc' dir='ltr'>μὴ</span> <span class='ocrx_word' id='word_1_123' title='bbox 1358 1853 1469 1923; x_wconf 82' lang='grc' dir='ltr'><strong>γὰρ</strong></span> <span class='ocrx_word' id='word_1_124' title='bbox 1490 1853 1608 1925; x_wconf 85' lang='grc' dir='ltr'>δοίη</span> <span class='ocrx_word' id='word_1_125' title='bbox 1632 1853 1764 1917; x_wconf 79' lang='grc' dir='ltr'>Θεός</span> <span class='ocrx_word' id='word_1_126' title='bbox 1787 1871 1801 1886; x_wconf 88' lang='grc'><strong>·</strong></span> <span class='ocrx_word' id='word_1_127' title='bbox 1833 1851 1957 1908; x_wconf 77' lang='grc' dir='ltr'>οὐδὲ</span> 
     </span>
    </p>
   </div>
   <div class='ocr_carea' id='block_1_20' title="bbox 377 1942 1952 2016">
    <p class='ocr_par' dir='ltr' id='par_1_20' title="bbox 377 1942 1952 2016">
     <span class='ocr_line' id='line_1_20' title="bbox 377 1942 1952 2016; baseline 0.003 -21"><span class='ocrx_word' id='word_1_128' title='bbox 377 1944 762 2013; x_wconf 80' lang='grc' dir='ltr'>ἐπιχαίροντες</span> <span class='ocrx_word' id='word_1_129' title='bbox 790 1942 867 2007; x_wconf 85' lang='grc' dir='ltr'>ὡς</span> <span class='ocrx_word' id='word_1_130' title='bbox 908 1945 1223 2015; x_wconf 82' lang='grc' dir='ltr'>γέγραπται</span> <span class='ocrx_word' id='word_1_131' title='bbox 1249 1947 1365 2010; x_wconf 82' lang='grc' dir='ltr'>τοῖς</span> <span class='ocrx_word' id='word_1_132' title='bbox 1400 1946 1706 2016; x_wconf 81' lang='grc' dir='ltr'>ἀλλοτρίοις</span> <span class='ocrx_word' id='word_1_133' title='bbox 1735 1951 1952 2013; x_wconf 81' lang='grc' dir='ltr'>κακοῖς·</span> 
     </span>
    </p>
   </div>
   <div class='ocr_carea' id='block_1_21' title="bbox 376 2030 1961 2112">
    <p class='ocr_par' dir='ltr' id='par_1_21' title="bbox 376 2030 1961 2112">
     <span class='ocr_line' id='line_1_21' title="bbox 376 2030 1961 2112; baseline 0.004 -23"><span class='ocrx_word' id='word_1_134' title='bbox 376 2039 438 2090; x_wconf 79' lang='grc' dir='ltr'><strong>οὐ</strong></span> <span class='ocrx_word' id='word_1_135' title='bbox 469 2038 577 2109; x_wconf 81' lang='grc' dir='ltr'>γὰρ</span> <span class='ocrx_word' id='word_1_136' title='bbox 608 2030 766 2102; x_wconf 77' lang='grc' dir='ltr'>οὗτος</span> <span class='ocrx_word' id='word_1_137' title='bbox 817 2036 1168 2110; x_wconf 81' lang='grc' dir='ltr'>Χριστιανῶν</span> <span class='ocrx_word' id='word_1_138' title='bbox 1215 2039 1418 2104; x_wconf 82' lang='grc' dir='ltr'>σκοπός</span> <span class='ocrx_word' id='word_1_139' title='bbox 1440 2056 1456 2073; x_wconf 78' lang='grc' dir='ltr'><strong>ο</strong></span> <span class='ocrx_word' id='word_1_140' title='bbox 1515 2039 1653 2095; x_wconf 82' lang='grc' dir='ltr'>ἀλλὰ</span> <span class='ocrx_word' id='word_1_141' title='bbox 1688 2042 1789 2111; x_wconf 80' lang='grc' dir='ltr'>τῆς</span> <span class='ocrx_word' id='word_1_142' title='bbox 1818 2042 1961 2112; x_wconf 75' lang='grc' dir='ltr'>πρὸς</span> 
     </span>
    </p>
   </div>
   <div class='ocr_carea' id='block_1_22' title="bbox 378 2132 1960 2207">
    <p class='ocr_par' dir='ltr' id='par_1_22' title="bbox 378 2132 1960 2207">
     <span class='ocr_line' id='line_1_22' title="bbox 378 2132 1960 2207; baseline 0.002 -20"><span class='ocrx_word' id='word_1_143' title='bbox 378 2132 665 2203; x_wconf 80' lang='grc' dir='ltr'>ἄνθρωπον</span> <span class='ocrx_word' id='word_1_144' title='bbox 715 2132 1089 2202; x_wconf 80' lang='grc' dir='ltr'>συμπαθείας,</span> <span class='ocrx_word' id='word_1_145' title='bbox 1120 2133 1181 2186; x_wconf 88' lang='grc' dir='ltr'><strong>τὸ</strong></span> <span class='ocrx_word' id='word_1_146' title='bbox 1218 2137 1287 2205; x_wconf 82' lang='grc' dir='ltr'>τῇ</span> <span class='ocrx_word' id='word_1_147' title='bbox 1323 2134 1627 2205; x_wconf 75' lang='grc' dir='ltr'>Ἐκκλησία</span> <span class='ocrx_word' id='word_1_148' title='bbox 1676 2136 1960 2207; x_wconf 82' lang='grc' dir='ltr'>συμφέρον</span> 
     </span>
    </p>
   </div>
   <div class='ocr_carea' id='block_1_23' title="bbox 378 2226 1960 2300">
    <p class='ocr_par' dir='ltr' id='par_1_23' title="bbox 378 2226 1960 2300">
     <span class='ocr_line' id='line_1_23' title="bbox 378 2226 1960 2300; baseline 0.004 -23"><span class='ocrx_word' id='word_1_149' title='bbox 378 2227 737 2295; x_wconf 82' lang='grc' dir='ltr'>πράττοντες,</span> <span class='ocrx_word' id='word_1_150' title='bbox 785 2227 879 2281; x_wconf 72' lang='grc' dir='ltr'><strong>καὶ</strong></span> <span class='ocrx_word' id='word_1_151' title='bbox 909 2226 1018 2280; x_wconf 87' lang='grc' dir='ltr'><strong>τῶν</strong></span> <span class='ocrx_word' id='word_1_152' title='bbox 1066 2227 1278 2298; x_wconf 82' lang='grc' dir='ltr'>ταύτης</span> <span class='ocrx_word' id='word_1_153' title='bbox 1311 2229 1553 2284; x_wconf 85' lang='grc' dir='ltr'>κανόνων</span> <span class='ocrx_word' id='word_1_154' title='bbox 1585 2230 1741 2284; x_wconf 82' lang='grc' dir='ltr'>οὐδὲν</span> <span class='ocrx_word' id='word_1_155' title='bbox 1791 2230 1960 2300; x_wconf 77' lang='grc' dir='ltr'>ἡγού-</span> 
     </span>
    </p>
   </div>
   <div class='ocr_carea' id='block_1_24' title="bbox 382 2320 1963 2391">
    <p class='ocr_par' dir='ltr' id='par_1_24' title="bbox 382 2320 1963 2391">
     <span class='ocr_line' id='line_1_24' title="bbox 382 2320 1963 2391; baseline 0.004 -21"><span class='ocrx_word' id='word_1_156' title='bbox 382 2336 537 2387; x_wconf 88' lang='grc' dir='ltr'>μενοι</span> <span class='ocrx_word' id='word_1_157' title='bbox 578 2320 1001 2390; x_wconf 84' lang='grc' dir='ltr'>προτιμότερον.</span> <span class='ocrx_word' id='word_1_158' title='bbox 1034 2321 1095 2374; x_wconf 84' lang='grc' dir='ltr'>Εί</span> <span class='ocrx_word' id='word_1_159' title='bbox 1132 2321 1233 2391; x_wconf 78' lang='grc' dir='ltr'><strong>μὲν</strong></span> <span class='ocrx_word' id='word_1_160' title='bbox 1268 2320 1397 2389; x_wconf 80' lang='grc' dir='ltr'>ἐξῆν</span> <span class='ocrx_word' id='word_1_161' title='bbox 1425 2321 1579 2376; x_wconf 80' lang='grc' dir='ltr'>οὐδὲν</span> <span class='ocrx_word' id='word_1_162' title='bbox 1610 2321 1712 2391; x_wconf 79' lang='grc' dir='ltr'>μὲν</span> <span class='ocrx_word' id='word_1_163' title='bbox 1746 2321 1963 2384; x_wconf 87' lang='grc' dir='ltr'>τούτοις</span> 
     </span>
    </p>
   </div>
   <div class='ocr_carea' id='block_1_25' title="bbox 378 2410 1964 2484">
    <p class='ocr_par' dir='ltr' id='par_1_25' title="bbox 378 2410 1964 2484">
     <span class='ocr_line' id='line_1_25' title="bbox 378 2410 1964 2484; baseline 0.004 -23"><span class='ocrx_word' id='word_1_164' title='bbox 378 2410 746 2480; x_wconf 78' lang='grc' dir='ltr'>λυμήνασθαι,</span> <span class='ocrx_word' id='word_1_165' title='bbox 781 2412 1150 2465; x_wconf 86' lang='grc' dir='ltr'>κατατάττειν</span> <span class='ocrx_word' id='word_1_166' title='bbox 1170 2412 1303 2466; x_wconf 84' lang='grc' dir='ltr'><strong>δὲέν</strong></span> <span class='ocrx_word' id='word_1_167' title='bbox 1330 2413 1653 2477; x_wconf 69' lang='grc' dir='ltr'>ἐπισκόποις</span> <span class='ocrx_word' id='word_1_168' title='bbox 1675 2413 1770 2467; x_wconf 85' lang='grc' dir='ltr'><strong>τδν</strong></span> <span class='ocrx_word' id='word_1_169' title='bbox 1791 2415 1964 2484; x_wconf 78' lang='grc' dir='ltr'>καθῃ-</span> 
     </span>
    </p>
   </div>
   <div class='ocr_carea' id='block_1_26' title="bbox 389 2499 1962 2574">
    <p class='ocr_par' dir='ltr' id='par_1_26' title="bbox 389 2499 1962 2574">
     <span class='ocr_line' id='line_1_26' title="bbox 389 2499 1962 2574; baseline 0.003 -18"><span class='ocrx_word' id='word_1_170' title='bbox 389 2504 627 2573; x_wconf 84' lang='grc' dir='ltr'>ρημένον</span> <span class='ocrx_word' id='word_1_171' title='bbox 651 2520 666 2535; x_wconf 92' lang='grc'><strong>·</strong></span> <span class='ocrx_word' id='word_1_172' title='bbox 705 2499 774 2574; x_wconf 83' lang='grc' dir='ltr'>ἦν</span> <span class='ocrx_word' id='word_1_173' title='bbox 818 2503 885 2558; x_wconf 86' lang='grc' dir='ltr'>ἂν</span> <span class='ocrx_word' id='word_1_174' title='bbox 916 2505 1142 2567; x_wconf 79' lang='grc' dir='ltr'>εἰκότως</span> <span class='ocrx_word' id='word_1_175' title='bbox 1170 2508 1368 2571; x_wconf 81' lang='grc' dir='ltr'>εἰπεῖν,</span> <span class='ocrx_word' id='word_1_176' title='bbox 1413 2507 1644 2574; x_wconf 86' lang='grc' dir='ltr'>ἀγρίους</span> <span class='ocrx_word' id='word_1_177' title='bbox 1676 2506 1834 2567; x_wconf 79' lang='grc' dir='ltr'>τινὰς</span> <span class='ocrx_word' id='word_1_178' title='bbox 1868 2508 1962 2560; x_wconf 78' lang='grc' dir='ltr'><strong>καὶ</strong></span> 
     </span>
    </p>
   </div>
   <div class='ocr_carea' id='block_1_27' title="bbox 385 2595 1963 2669">
    <p class='ocr_par' dir='ltr' id='par_1_27' title="bbox 385 2595 1963 2669">
     <span class='ocr_line' id='line_1_27' title="bbox 385 2595 1963 2669; baseline 0.003 -21"><span class='ocrx_word' id='word_1_179' title='bbox 385 2595 561 2666; x_wconf 84' lang='grc' dir='ltr'>ἀνημέ</span> <span class='ocrx_word' id='word_1_180' title='bbox 571 2614 697 2665; x_wconf 87' lang='grc' dir='ltr'>ρους</span> <span class='ocrx_word' id='word_1_181' title='bbox 718 2597 842 2659; x_wconf 82' lang='grc' dir='ltr'>τοὺς</span> <span class='ocrx_word' id='word_1_182' title='bbox 859 2595 1016 2651; x_wconf 88' lang='grc' dir='ltr'>τοῦτο</span> <span class='ocrx_word' id='word_1_183' title='bbox 1036 2597 1292 2666; x_wconf 82' lang='grc' dir='ltr'>γενέσθαι</span> <span class='ocrx_word' id='word_1_184' title='bbox 1316 2599 1720 2662; x_wconf 84' lang='grc' dir='ltr'>διακωλύοντας</span> <span class='ocrx_word' id='word_1_185' title='bbox 1734 2616 1749 2630; x_wconf 86' lang='grc'>⁶</span> <span class='ocrx_word' id='word_1_186' title='bbox 1771 2598 1963 2669; x_wconf 82' lang='grc' dir='ltr'>ἐπειδὴ</span> 
     </span>
    </p>
   </div>
   <div class='ocr_carea' id='block_1_28' title="bbox 380 2689 1965 2765">
    <p class='ocr_par' dir='ltr' id='par_1_28' title="bbox 380 2689 1965 2765">
     <span class='ocr_line' id='line_1_28' title="bbox 380 2689 1965 2765; baseline 0.005 -25"><span class='ocrx_word' id='word_1_187' title='bbox 380 2689 437 2740; x_wconf 83' lang='grc' dir='ltr'><strong>δέ</strong></span> <span class='ocrx_word' id='word_1_188' title='bbox 464 2690 682 2760; x_wconf 78' lang='grc' dir='ltr'>ἀνάγκη</span> <span class='ocrx_word' id='word_1_189' title='bbox 718 2691 1048 2759; x_wconf 80' lang='grc' dir='ltr'>κρατοῦντος</span> <span class='ocrx_word' id='word_1_190' title='bbox 1106 2691 1223 2754; x_wconf 75' lang='grc' dir='ltr'>ἐνὸς</span> <span class='ocrx_word' id='word_1_191' title='bbox 1274 2691 1373 2760; x_wconf 74' lang='grc' dir='ltr'>τὴν</span> <span class='ocrx_word' id='word_1_192' title='bbox 1420 2691 1515 2745; x_wconf 85' lang='grc' dir='ltr'><strong>τοῦ</strong></span> <span class='ocrx_word' id='word_1_193' title='bbox 1562 2693 1753 2762; x_wconf 81' lang='grc' dir='ltr'>ἐτέρου</span> <span class='ocrx_word' id='word_1_194' title='bbox 1786 2711 1965 2765; x_wconf 86' lang='grc' dir='ltr'>παρα-</span> 
     </span>
    </p>
   </div>
   <div class='ocr_carea' id='block_1_29' title="bbox 377 2780 1965 2852">
    <p class='ocr_par' dir='ltr' id='par_1_29' title="bbox 377 2780 1965 2852">
     <span class='ocr_line' id='line_1_29' title="bbox 377 2780 1965 2852; baseline 0.004 -20"><span class='ocrx_word' id='word_1_195' title='bbox 377 2780 603 2834; x_wconf 65' lang='grc' dir='ltr'>λύεσθαι</span> <span class='ocrx_word' id='word_1_196' title='bbox 652 2781 926 2852; x_wconf 86' lang='grc' dir='ltr'>δύναμιν,</span> <span class='ocrx_word' id='word_1_197' title='bbox 997 2783 1311 2840; x_wconf 83' lang='grc' dir='ltr'>νικάτωσαν</span> <span class='ocrx_word' id='word_1_198' title='bbox 1363 2784 1414 2836; x_wconf 81' lang='grc' dir='ltr'><strong>οἱ</strong></span> <span class='ocrx_word' id='word_1_199' title='bbox 1470 2784 1571 2852; x_wconf 83' lang='grc' dir='ltr'>τῆς</span> <span class='ocrx_word' id='word_1_200' title='bbox 1632 2783 1965 2852; x_wconf 82' lang='grc' dir='ltr'>Ἐκκλησίας</span> 
     </span>
    </p>
   </div>
   <div class='ocr_carea' id='block_1_30' title="bbox 380 2877 1964 2948">
    <p class='ocr_par' dir='ltr' id='par_1_30' title="bbox 380 2877 1964 2948">
     <span class='ocr_line' id='line_1_30' title="bbox 380 2877 1964 2948; baseline 0.002 -20"><span class='ocrx_word' id='word_1_201' title='bbox 380 2877 599 2946; x_wconf 77' lang='grc' dir='ltr'>θεσμοὶ,</span> <span class='ocrx_word' id='word_1_202' title='bbox 630 2877 724 2929; x_wconf 76' lang='grc' dir='ltr'>καὶ</span> <span class='ocrx_word' id='word_1_203' title='bbox 754 2878 1117 2948; x_wconf 79' lang='grc' dir='ltr'>ἀποχωρείτω</span> <span class='ocrx_word' id='word_1_204' title='bbox 1147 2877 1256 2930; x_wconf 89' lang='grc' dir='ltr'><strong>τῶν</strong></span> <span class='ocrx_word' id='word_1_205' title='bbox 1294 2878 1590 2948; x_wconf 84' lang='grc' dir='ltr'>ίερατικῶν</span> <span class='ocrx_word' id='word_1_206' title='bbox 1641 2878 1964 2946; x_wconf 79' lang='grc' dir='ltr'>καταλόγων</span> 
     </span>
    </p>
   </div>
   <div class='ocr_carea' id='block_1_31' title="bbox 379 2968 1963 3040">
    <p class='ocr_par' dir='ltr' id='par_1_31' title="bbox 379 2968 1963 3040">
     <span class='ocr_line' id='line_1_31' title="bbox 379 2968 1963 3040; baseline -0.001 -18"><span class='ocrx_word' id='word_1_207' title='bbox 379 2973 408 3023; x_wconf 89' lang='grc' dir='ltr'>ὁ</span> <span class='ocrx_word' id='word_1_208' title='bbox 434 2969 509 3040; x_wconf 79' lang='grc' dir='ltr'>μὴ</span> <span class='ocrx_word' id='word_1_209' title='bbox 542 2970 883 3039; x_wconf 77' lang='grc' dir='ltr'>λειτουργὸς.</span> <span class='ocrx_word' id='word_1_210' title='bbox 910 2968 1082 3023; x_wconf 87' lang='grc' dir='ltr'>Τοῦτο</span> <span class='ocrx_word' id='word_1_211' title='bbox 1114 2972 1221 3040; x_wconf 84' lang='grc' dir='ltr'>γὰρ</span> <span class='ocrx_word' id='word_1_212' title='bbox 1254 2970 1521 3026; x_wconf 74' lang='grc' dir='ltr'>συνάπτει</span> <span class='ocrx_word' id='word_1_213' title='bbox 1561 2971 1699 3039; x_wconf 73' lang='grc' dir='ltr'>πρὸς</span> <span class='ocrx_word' id='word_1_214' title='bbox 1736 2970 1963 3040; x_wconf 84' lang='grc' dir='ltr'>εἰρήνην</span> 
     </span>
    </p>
   </div>
   <div class='ocr_carea' id='block_1_32' title="bbox 381 3062 1964 3133">
    <p class='ocr_par' dir='ltr' id='par_1_32' title="bbox 381 3062 1964 3133">
     <span class='ocr_line' id='line_1_32' title="bbox 381 3062 1964 3133; baseline -0.001 -18"><span class='ocrx_word' id='word_1_215' title='bbox 381 3065 482 3125; x_wconf 80' lang='grc' dir='ltr'>τὰς</span> <span class='ocrx_word' id='word_1_216' title='bbox 513 3062 811 3133; x_wconf 82' lang='grc' dir='ltr'>ἐκκλησίας</span> <span class='ocrx_word' id='word_1_217' title='bbox 832 3078 845 3092; x_wconf 85' lang='grc'><strong>’</strong></span> <span class='ocrx_word' id='word_1_218' title='bbox 880 3063 1040 3117; x_wconf 86' lang='grc' dir='ltr'>τοῦτο</span> <span class='ocrx_word' id='word_1_219' title='bbox 1070 3064 1254 3116; x_wconf 83' lang='grc' dir='ltr'>πᾶσαν</span> <span class='ocrx_word' id='word_1_220' title='bbox 1291 3064 1426 3133; x_wconf 79' lang='grc' dir='ltr'>ἡμῖν</span> <span class='ocrx_word' id='word_1_221' title='bbox 1465 3063 1772 3132; x_wconf 71' lang='grc' dir='ltr'>ὁμοψυχίαν</span> <span class='ocrx_word' id='word_1_222' title='bbox 1801 3063 1964 3131; x_wconf 83' lang='grc' dir='ltr'><strong>ἁνερ⁶</strong></span> 
     </span>
    </p>
   </div>
   <div class='ocr_carea' id='block_1_33' title="bbox 382 3153 1965 3235">
    <p class='ocr_par' dir='ltr' id='par_1_33' title="bbox 382 3153 1965 3235">
     <span class='ocr_line' id='line_1_33' title="bbox 382 3153 1965 3235; baseline -0.001 -28"><span class='ocrx_word' id='word_1_223' title='bbox 382 3155 636 3235; x_wconf 77' lang='grc' dir='ltr'>γάσαιτο.</span> <span class='ocrx_word' id='word_1_224' title='bbox 666 3155 822 3208; x_wconf 88' lang='grc' dir='ltr'>Δίδου</span> <span class='ocrx_word' id='word_1_225' title='bbox 848 3153 1142 3227; x_wconf 77' lang='grc' dir='ltr'>τοιγαροῦν</span> <span class='ocrx_word' id='word_1_226' title='bbox 1174 3155 1305 3224; x_wconf 77' lang='grc' dir='ltr'>ἡμῖν</span> <span class='ocrx_word' id='word_1_227' title='bbox 1332 3156 1391 3207; x_wconf 86' lang='grc' dir='ltr'><strong>τὸ</strong></span> <span class='ocrx_word' id='word_1_228' title='bbox 1427 3154 1762 3223; x_wconf 79' lang='grc' dir='ltr'>συνάγεσθαι</span> <span class='ocrx_word' id='word_1_229' title='bbox 1796 3153 1965 3206; x_wconf 83' lang='grc' dir='ltr'>καθα-</span> 
     </span>
    </p>
   </div>
   <div class='ocr_carea' id='block_1_34' title="bbox 2055 656 3637 727">
    <p class='ocr_par' dir='ltr' id='par_1_34' title="bbox 2055 656 3637 727">
     <span class='ocr_line' id='line_1_34' title="bbox 2055 656 3637 727; baseline -0.003 -17"><span class='ocrx_word' id='word_1_230' title='bbox 2055 673 2176 711; x_wconf 91' lang='lat' dir='ltr'><strong>rum</strong></span> <span class='ocrx_word' id='word_1_231' title='bbox 2214 656 2436 723; x_wconf 84' lang='lat' dir='ltr'><strong>ﬁamus,</strong></span> <span class='ocrx_word' id='word_1_232' title='bbox 2473 659 2571 714; x_wconf 90' lang='lat' dir='ltr'><strong>sed</strong></span> <span class='ocrx_word' id='word_1_233' title='bbox 2620 657 2807 727; x_wconf 79' lang='lat' dir='ltr'><strong>potius</strong></span> <span class='ocrx_word' id='word_1_234' title='bbox 2857 656 3178 725; x_wconf 89' lang='lat' dir='ltr'><strong>opinionem</strong></span> <span class='ocrx_word' id='word_1_235' title='bbox 3228 668 3373 715; x_wconf 88' lang='lat' dir='ltr'><strong>eam,</strong></span> <span class='ocrx_word' id='word_1_236' title='bbox 3410 667 3517 721; x_wconf 89' lang='lat' dir='ltr'><strong>qua</strong></span> <span class='ocrx_word' id='word_1_237' title='bbox 3557 661 3637 707; x_wconf 82' lang='lat' dir='ltr'><strong>tc-</strong></span> 
     </span>
    </p>
   </div>
   <div class='ocr_carea' id='block_1_35' title="bbox 2053 746 3630 815">
    <p class='ocr_par' dir='ltr' id='par_1_35' title="bbox 2053 746 3630 815">
     <span class='ocr_line' id='line_1_35' title="bbox 2053 746 3630 815; baseline -0.006 -10"><span class='ocrx_word' id='word_1_238' title='bbox 2053 751 2363 807; x_wconf 85' lang='lat' dir='ltr'><strong>meritatem</strong></span> <span class='ocrx_word' id='word_1_239' title='bbox 2406 753 2645 806; x_wconf 91' lang='lat' dir='ltr'><strong>aliorum</strong></span> <span class='ocrx_word' id='word_1_240' title='bbox 2692 751 2873 806; x_wconf 86' lang='lat' dir='ltr'><strong>secuti</strong></span> <span class='ocrx_word' id='word_1_241' title='bbox 2924 764 3049 803; x_wconf 86' lang='lat' dir='ltr'><strong>esse</strong></span> <span class='ocrx_word' id='word_1_242' title='bbox 3103 746 3279 801; x_wconf 88' lang='lat' dir='ltr'><strong>videri</strong></span> <span class='ocrx_word' id='word_1_243' title='bbox 3330 746 3630 815; x_wconf 86' lang='lat' dir='ltr'><strong>possimus,</strong></span> 
     </span>
    </p>
   </div>
   <div class='ocr_carea' id='block_1_36' title="bbox 2052 837 3632 915">
    <p class='ocr_par' dir='ltr' id='par_1_36' title="bbox 2052 837 3632 915">
     <span class='ocr_line' id='line_1_36' title="bbox 2052 837 3632 915; baseline -0.006 -17"><span class='ocrx_word' id='word_1_244' title='bbox 2052 846 2352 915; x_wconf 77' lang='lat' dir='ltr'><strong>fugiamus.</strong></span> <span class='ocrx_word' id='word_1_245' title='bbox 2408 844 2580 915; x_wconf 66' lang='grc'><strong>498</strong></span> <span class='ocrx_word' id='word_1_246' title='bbox 2634 845 2885 899; x_wconf 84' lang='lat' dir='ltr'><strong>Demiror</strong></span> <span class='ocrx_word' id='word_1_247' title='bbox 2937 856 3071 896; x_wconf 71' lang='lat' dir='ltr'><strong>vero</strong></span> <span class='ocrx_word' id='word_1_248' title='bbox 3118 841 3225 895; x_wconf 89' lang='lat' dir='ltr'><strong>hoc</strong></span> <span class='ocrx_word' id='word_1_249' title='bbox 3282 853 3527 909; x_wconf 88' lang='lat' dir='ltr'><strong>quoque,</strong></span> <span class='ocrx_word' id='word_1_250' title='bbox 3585 837 3632 891; x_wconf 88' lang='lat' dir='ltr'><strong>si</strong></span> 
     </span>
    </p>
   </div>
   <div class='ocr_carea' id='block_1_37' title="bbox 2053 928 3635 1004">
    <p class='ocr_par' dir='ltr' id='par_1_37' title="bbox 2053 928 3635 1004">
     <span class='ocr_line' id='line_1_37' title="bbox 2053 928 3635 1004; baseline -0.005 -17"><span class='ocrx_word' id='word_1_251' title='bbox 2053 935 2388 998; x_wconf 82' lang='lat' dir='ltr'><strong>Alexander,</strong></span> <span class='ocrx_word' id='word_1_252' title='bbox 2443 950 2607 1004; x_wconf 84' lang='lat' dir='ltr'><strong>quem</strong></span> <span class='ocrx_word' id='word_1_253' title='bbox 2669 933 2953 997; x_wconf 82' lang='lat' dir='ltr'><strong>diximus,</strong></span> <span class='ocrx_word' id='word_1_254' title='bbox 3027 941 3141 986; x_wconf 88' lang='lat' dir='ltr'><strong>tam</strong></span> <span class='ocrx_word' id='word_1_255' title='bbox 3200 929 3265 984; x_wconf 89' lang='lat' dir='ltr'><strong>ad</strong></span> <span class='ocrx_word' id='word_1_256' title='bbox 3332 928 3635 983; x_wconf 84' lang='lat' dir='ltr'><strong>dicendum</strong></span> 
     </span>
    </p>
   </div>
   <div class='ocr_carea' id='block_1_38' title="bbox 2053 1024 3637 1100">
    <p class='ocr_par' dir='ltr' id='par_1_38' title="bbox 2053 1024 3637 1100">
     <span class='ocr_line' id='line_1_38' title="bbox 2053 1024 3637 1100; baseline -0.008 -17"><span class='ocrx_word' id='word_1_257' title='bbox 2053 1038 2348 1100; x_wconf 88' lang='lat' dir='ltr'><strong>promptus</strong></span> <span class='ocrx_word' id='word_1_258' title='bbox 2382 1038 2438 1082; x_wconf 91' lang='lat' dir='ltr'><strong>et</strong></span> <span class='ocrx_word' id='word_1_259' title='bbox 2477 1027 2754 1096; x_wconf 87' lang='lat' dir='ltr'><strong>copiosus,</strong></span> <span class='ocrx_word' id='word_1_260' title='bbox 2789 1035 2844 1081; x_wconf 90' lang='lat' dir='ltr'><strong>et</strong></span> <span class='ocrx_word' id='word_1_261' title='bbox 2898 1024 2992 1094; x_wconf 79' lang='lat' dir='ltr'><strong>qui</strong></span> <span class='ocrx_word' id='word_1_262' title='bbox 3024 1037 3135 1077; x_wconf 91' lang='lat' dir='ltr'><strong>non</strong></span> <span class='ocrx_word' id='word_1_263' title='bbox 3178 1034 3351 1092; x_wconf 84' lang='lat' dir='ltr'><strong>parvo</strong></span> <span class='ocrx_word' id='word_1_264' title='bbox 3384 1030 3637 1088; x_wconf 85' lang='lat' dir='ltr'><strong>tempore</strong></span> 
     </span>
    </p>
   </div>
   <div class='ocr_carea' id='block_1_39' title="bbox 2054 1111 3633 1184">
    <p class='ocr_par' dir='ltr' id='par_1_39' title="bbox 2054 1111 3633 1184">
     <span class='ocr_line' id='line_1_39' title="bbox 2054 1111 3633 1184; baseline -0.008 -9"><span class='ocrx_word' id='word_1_265' title='bbox 2054 1120 2346 1176; x_wconf 85' lang='lat' dir='ltr'><strong>vobiscum</strong></span> <span class='ocrx_word' id='word_1_266' title='bbox 2379 1118 2545 1173; x_wconf 89' lang='lat' dir='ltr'><strong>isthic</strong></span> <span class='ocrx_word' id='word_1_267' title='bbox 2577 1126 2830 1172; x_wconf 90' lang='lat' dir='ltr'><strong>versatus</strong></span> <span class='ocrx_word' id='word_1_268' title='bbox 2875 1116 2969 1179; x_wconf 90' lang='lat' dir='ltr'><strong>sit,</strong></span> <span class='ocrx_word' id='word_1_269' title='bbox 2995 1114 3217 1184; x_wconf 83' lang='lat' dir='ltr'><strong>aliquos</strong></span> <span class='ocrx_word' id='word_1_270' title='bbox 3239 1113 3310 1167; x_wconf 84' lang='lat' dir='ltr'><strong>ad</strong></span> <span class='ocrx_word' id='word_1_271' title='bbox 3343 1111 3487 1167; x_wconf 91' lang='lat' dir='ltr'><strong>hanc</strong></span> <span class='ocrx_word' id='word_1_272' title='bbox 3517 1124 3633 1163; x_wconf 89' lang='lat' dir='ltr'><strong>rem</strong></span> 
     </span>
    </p>
   </div>
   <div class='ocr_carea' id='block_1_40' title="bbox 2056 1203 3633 1276">
    <p class='ocr_par' dir='ltr' id='par_1_40' title="bbox 2056 1203 3633 1276">
     <span class='ocr_line' id='line_1_40' title="bbox 2056 1203 3633 1276; baseline -0.01 -8"><span class='ocrx_word' id='word_1_273' title='bbox 2056 1212 2319 1268; x_wconf 83' lang='lat' dir='ltr'><strong>suasione</strong></span> <span class='ocrx_word' id='word_1_274' title='bbox 2381 1227 2480 1268; x_wconf 90' lang='lat' dir='ltr'><strong>sua</strong></span> <span class='ocrx_word' id='word_1_275' title='bbox 2531 1211 2812 1266; x_wconf 88' lang='lat' dir='ltr'><strong>adducere</strong></span> <span class='ocrx_word' id='word_1_276' title='bbox 2873 1223 2985 1262; x_wconf 91' lang='lat' dir='ltr'><strong>non</strong></span> <span class='ocrx_word' id='word_1_277' title='bbox 3041 1204 3288 1276; x_wconf 88' lang='lat' dir='ltr'><strong>potuisse</strong></span> <span class='ocrx_word' id='word_1_278' title='bbox 3336 1203 3492 1256; x_wconf 90' lang='lat' dir='ltr'><strong>visus</strong></span> <span class='ocrx_word' id='word_1_279' title='bbox 3525 1208 3633 1264; x_wconf 86' lang='lat' dir='ltr'><strong>est,</strong></span> 
     </span>
    </p>
   </div>
   <div class='ocr_carea' id='block_1_41' title="bbox 2057 1295 3638 1375">
    <p class='ocr_par' dir='ltr' id='par_1_41' title="bbox 2057 1295 3638 1375">
     <span class='ocr_line' id='line_1_41' title="bbox 2057 1295 3638 1375; baseline -0.009 -17"><span class='ocrx_word' id='word_1_280' title='bbox 2057 1320 2222 1375; x_wconf 89' lang='lat' dir='ltr'><strong>quam</strong></span> <span class='ocrx_word' id='word_1_281' title='bbox 2264 1304 2590 1359; x_wconf 83' lang='lat' dir='ltr'><strong>tabellarius</strong></span> <span class='ocrx_word' id='word_1_282' title='bbox 2645 1316 2788 1356; x_wconf 90' lang='lat' dir='ltr'><strong>unus</strong></span> <span class='ocrx_word' id='word_1_283' title='bbox 2821 1299 3039 1353; x_wconf 74' lang='lat' dir='ltr'><strong>edicere</strong></span> <span class='ocrx_word' id='word_1_284' title='bbox 3072 1305 3313 1361; x_wconf 89' lang='lat' dir='ltr'><strong>tantum,</strong></span> <span class='ocrx_word' id='word_1_285' title='bbox 3342 1295 3506 1349; x_wconf 88' lang='lat' dir='ltr'><strong>sicuti</strong></span> <span class='ocrx_word' id='word_1_286' title='bbox 3541 1308 3638 1345; x_wconf 88' lang='lat' dir='ltr'><strong>ru-</strong></span> 
     </span>
    </p>
   </div>
   <div class='ocr_carea' id='block_1_42' title="bbox 2057 1376 3636 1464">
    <p class='ocr_par' dir='ltr' id='par_1_42' title="bbox 2057 1376 3636 1464">
     <span class='ocr_line' id='line_1_42' title="bbox 2057 1376 3636 1464; baseline -0.009 -14"><span class='ocrx_word' id='word_1_287' title='bbox 2057 1397 2310 1452; x_wconf 85' lang='lat' dir='ltr'><strong>moribus</strong></span> <span class='ocrx_word' id='word_1_288' title='bbox 2346 1397 2547 1461; x_wconf 80' lang='lat' dir='ltr'><strong>Iertur,</strong></span> <span class='ocrx_word' id='word_1_289' title='bbox 2600 1376 2806 1464; x_wconf 86' lang='lat' dir='ltr'><strong>potuit,</strong></span> <span class='ocrx_word' id='word_1_290' title='bbox 2840 1399 2900 1444; x_wconf 90' lang='lat' dir='ltr'><strong>ut</strong></span> <span class='ocrx_word' id='word_1_291' title='bbox 2952 1390 3213 1458; x_wconf 81' lang='lat' dir='ltr'><strong>populum</strong></span> <span class='ocrx_word' id='word_1_292' title='bbox 3247 1383 3636 1446; x_wconf 85' lang='lat' dir='ltr'><strong>commoverit,</strong></span> 
     </span>
    </p>
   </div>
   <div class='ocr_carea' id='block_1_43' title="bbox 2057 1477 3640 1558">
    <p class='ocr_par' dir='ltr' id='par_1_43' title="bbox 2057 1477 3640 1558">
     <span class='ocr_line' id='line_1_43' title="bbox 2057 1477 3640 1558; baseline -0.013 -11"><span class='ocrx_word' id='word_1_293' title='bbox 2057 1505 2399 1558; x_wconf 86' lang='lat' dir='ltr'><strong>causamque</strong></span> <span class='ocrx_word' id='word_1_294' title='bbox 2453 1496 2707 1556; x_wconf 87' lang='lat' dir='ltr'><strong>tempore</strong></span> <span class='ocrx_word' id='word_1_295' title='bbox 2752 1483 3002 1553; x_wconf 76' lang='lat' dir='ltr'><strong>longiore</strong></span> <span class='ocrx_word' id='word_1_296' title='bbox 3040 1478 3275 1549; x_wconf 83' lang='lat' dir='ltr'><strong>sopitaln</strong></span> <span class='ocrx_word' id='word_1_297' title='bbox 3305 1477 3490 1530; x_wconf 86' lang='lat' dir='ltr'><strong>denuo</strong></span> <span class='ocrx_word' id='word_1_298' title='bbox 3541 1490 3640 1529; x_wconf 78' lang='lat' dir='ltr'><strong>ex-</strong></span> 
     </span>
    </p>
   </div>
   <div class='ocr_carea' id='block_1_44' title="bbox 2057 1565 3644 1649">
    <p class='ocr_par' dir='ltr' id='par_1_44' title="bbox 2057 1565 3644 1649">
     <span class='ocr_line' id='line_1_44' title="bbox 2057 1565 3644 1649; baseline -0.014 -9"><span class='ocrx_word' id='word_1_299' title='bbox 2057 1584 2270 1640; x_wconf 85' lang='lat' dir='ltr'><strong>citarit.</strong></span> <span class='ocrx_word' id='word_1_300' title='bbox 2309 1580 2467 1649; x_wconf 86' lang='lat' dir='ltr'><strong>Quod</strong></span> <span class='ocrx_word' id='word_1_301' title='bbox 2525 1578 2759 1633; x_wconf 87' lang='lat' dir='ltr'><strong>omnino</strong></span> <span class='ocrx_word' id='word_1_302' title='bbox 2806 1584 2893 1631; x_wconf 85' lang='lat' dir='ltr'><strong>est</strong></span> <span class='ocrx_word' id='word_1_303' title='bbox 2937 1570 3295 1628; x_wconf 75' lang='lat' dir='ltr'><strong>incredibiie.</strong></span> <span class='ocrx_word' id='word_1_304' title='bbox 3324 1568 3529 1624; x_wconf 79' lang='lat' dir='ltr'><strong>Verum</strong></span> <span class='ocrx_word' id='word_1_305' title='bbox 3569 1565 3644 1619; x_wconf 87' lang='lat' dir='ltr'><strong>sit</strong></span> 
     </span>
    </p>
   </div>
   <div class='ocr_carea' id='block_1_45' title="bbox 2060 1653 3643 1743">
    <p class='ocr_par' dir='ltr' id='par_1_45' title="bbox 2060 1653 3643 1743">
     <span class='ocr_line' id='line_1_45' title="bbox 2060 1653 3643 1743; baseline -0.013 -15"><span class='ocrx_word' id='word_1_306' title='bbox 2060 1674 2170 1729; x_wconf 89' lang='lat' dir='ltr'><strong>hoc</strong></span> <span class='ocrx_word' id='word_1_307' title='bbox 2199 1685 2446 1743; x_wconf 88' lang='lat' dir='ltr'><strong>quoque,</strong></span> <span class='ocrx_word' id='word_1_308' title='bbox 2476 1679 2531 1725; x_wconf 90' lang='lat' dir='ltr'><strong>et</strong></span> <span class='ocrx_word' id='word_1_309' title='bbox 2559 1668 2636 1723; x_wconf 90' lang='lat' dir='ltr'><strong>ita</strong></span> <span class='ocrx_word' id='word_1_310' title='bbox 2664 1666 2873 1721; x_wconf 78' lang='lat' dir='ltr'><strong>factum</strong></span> <span class='ocrx_word' id='word_1_311' title='bbox 2900 1676 3025 1719; x_wconf 80' lang='lat' dir='ltr'><strong>esse</strong></span> <span class='ocrx_word' id='word_1_312' title='bbox 3057 1660 3348 1716; x_wconf 72' lang='lat' dir='ltr'><strong>credatur.</strong></span> <span class='ocrx_word' id='word_1_313' title='bbox 3382 1655 3488 1711; x_wconf 86' lang='lat' dir='ltr'><strong>Sed</strong></span> <span class='ocrx_word' id='word_1_314' title='bbox 3511 1653 3643 1709; x_wconf 87' lang='lat' dir='ltr'><strong>novi</strong></span> 
     </span>
    </p>
   </div>
   <div class='ocr_carea' id='block_1_46' title="bbox 2062 1748 3643 1836">
    <p class='ocr_par' dir='ltr' id='par_1_46' title="bbox 2062 1748 3643 1836">
     <span class='ocr_line' id='line_1_46' title="bbox 2062 1748 3643 1836; baseline -0.014 -15"><span class='ocrx_word' id='word_1_315' title='bbox 2062 1766 2328 1836; x_wconf 81' lang='lat' dir='ltr'><strong>pietatem</strong></span> <span class='ocrx_word' id='word_1_316' title='bbox 2394 1773 2545 1818; x_wconf 90' lang='lat' dir='ltr'><strong>tuam</strong></span> <span class='ocrx_word' id='word_1_317' title='bbox 2607 1758 2934 1829; x_wconf 83' lang='lat' dir='ltr'><strong>praeclaram</strong></span> <span class='ocrx_word' id='word_1_318' title='bbox 3001 1753 3058 1807; x_wconf 92' lang='lat' dir='ltr'><strong>in</strong></span> <span class='ocrx_word' id='word_1_319' title='bbox 3120 1748 3442 1821; x_wconf 88' lang='lat' dir='ltr'><strong>eloquentia</strong></span> <span class='ocrx_word' id='word_1_320' title='bbox 3497 1760 3643 1802; x_wconf 89' lang='lat' dir='ltr'><strong>esse.</strong></span> 
     </span>
    </p>
   </div>
   <div class='ocr_carea' id='block_1_47' title="bbox 2062 1835 3643 1923">
    <p class='ocr_par' dir='ltr' id='par_1_47' title="bbox 2062 1835 3643 1923">
     <span class='ocr_line' id='line_1_47' title="bbox 2062 1835 3643 1923; baseline -0.013 -14"><span class='ocrx_word' id='word_1_321' title='bbox 2062 1856 2296 1911; x_wconf 87' lang='lat' dir='ltr'><strong>Docebit</strong></span> <span class='ocrx_word' id='word_1_322' title='bbox 2343 1869 2408 1909; x_wconf 89' lang='lat' dir='ltr'><strong>ea</strong></span> <span class='ocrx_word' id='word_1_323' title='bbox 2463 1866 2714 1923; x_wconf 86' lang='lat' dir='ltr'><strong>prorsus,</strong></span> <span class='ocrx_word' id='word_1_324' title='bbox 2747 1864 2872 1918; x_wconf 75' lang='lat' dir='ltr'><strong>qua:</strong></span> <span class='ocrx_word' id='word_1_325' title='bbox 2919 1861 3061 1916; x_wconf 84' lang='lat' dir='ltr'><strong>opus</strong></span> <span class='ocrx_word' id='word_1_326' title='bbox 3110 1851 3217 1909; x_wconf 90' lang='lat' dir='ltr'><strong>est,</strong></span> <span class='ocrx_word' id='word_1_327' title='bbox 3264 1840 3522 1895; x_wconf 87' lang='lat' dir='ltr'><strong>homines</strong></span> <span class='ocrx_word' id='word_1_328' title='bbox 3574 1835 3643 1889; x_wconf 87' lang='lat' dir='ltr'><strong>ad</strong></span> 
     </span>
    </p>
   </div>
   <div class='ocr_carea' id='block_1_48' title="bbox 2063 1929 3646 2004">
    <p class='ocr_par' dir='ltr' id='par_1_48' title="bbox 2063 1929 3646 2004">
     <span class='ocr_line' id='line_1_48' title="bbox 2063 1929 3646 2004; baseline -0.015 0"><span class='ocrx_word' id='word_1_329' title='bbox 2063 1947 2365 2004; x_wconf 88' lang='lat' dir='ltr'><strong>tumultum</strong></span> <span class='ocrx_word' id='word_1_330' title='bbox 2394 1943 2686 2000; x_wconf 77' lang='lat' dir='ltr'><strong>excitatos.</strong></span> <span class='ocrx_word' id='word_1_331' title='bbox 2722 1940 2964 1998; x_wconf 87' lang='lat' dir='ltr'><strong>Uberem</strong></span> <span class='ocrx_word' id='word_1_332' title='bbox 2997 1935 3171 1991; x_wconf 88' lang='lat' dir='ltr'><strong>habes</strong></span> <span class='ocrx_word' id='word_1_333' title='bbox 3213 1946 3501 1987; x_wconf 84' lang='lat' dir='ltr'><strong>sacrarum</strong></span> <span class='ocrx_word' id='word_1_334' title='bbox 3538 1929 3646 1983; x_wconf 77' lang='lat' dir='ltr'><strong>do-</strong></span> 
     </span>
    </p>
   </div>
   <div class='ocr_carea' id='block_1_49' title="bbox 2062 2022 3648 2107">
    <p class='ocr_par' dir='ltr' id='par_1_49' title="bbox 2062 2022 3648 2107">
     <span class='ocr_line' id='line_1_49' title="bbox 2062 2022 3648 2107; baseline -0.014 -11"><span class='ocrx_word' id='word_1_335' title='bbox 2062 2041 2375 2098; x_wconf 87' lang='lat' dir='ltr'><strong>ctrinarum</strong></span> <span class='ocrx_word' id='word_1_336' title='bbox 2427 2035 2688 2107; x_wconf 80' lang='lat' dir='ltr'><strong>gratiam.</strong></span> <span class='ocrx_word' id='word_1_337' title='bbox 2741 2029 3133 2093; x_wconf 87' lang='lat' dir='ltr'><strong>Persuadebis,</strong></span> <span class='ocrx_word' id='word_1_338' title='bbox 3186 2027 3326 2090; x_wconf 87' lang='lat' dir='ltr'><strong>scio,</strong></span> <span class='ocrx_word' id='word_1_339' title='bbox 3381 2022 3648 2094; x_wconf 88' lang='lat' dir='ltr'><strong>piissimis</strong></span> 
     </span>
    </p>
   </div>
   <div class='ocr_carea' id='block_1_50' title="bbox 2061 2116 3649 2206">
    <p class='ocr_par' dir='ltr' id='par_1_50' title="bbox 2061 2116 3649 2206">
     <span class='ocr_line' id='line_1_50' title="bbox 2061 2116 3649 2206; baseline -0.016 -12"><span class='ocrx_word' id='word_1_340' title='bbox 2061 2139 2229 2193; x_wconf 89' lang='lat' dir='ltr'><strong>etiam</strong></span> <span class='ocrx_word' id='word_1_341' title='bbox 2268 2132 2639 2206; x_wconf 85' lang='lat' dir='ltr'><strong>principibus,</strong></span> <span class='ocrx_word' id='word_1_342' title='bbox 2688 2141 2750 2184; x_wconf 92' lang='lat' dir='ltr'><strong>ut</strong></span> <span class='ocrx_word' id='word_1_343' title='bbox 2793 2141 2950 2183; x_wconf 87' lang='lat' dir='ltr'><strong>more</strong></span> <span class='ocrx_word' id='word_1_344' title='bbox 2983 2139 3087 2181; x_wconf 89' lang='lat' dir='ltr'><strong>suo</strong></span> <span class='ocrx_word' id='word_1_345' title='bbox 3124 2124 3180 2178; x_wconf 92' lang='lat' dir='ltr'><strong>in</strong></span> <span class='ocrx_word' id='word_1_346' title='bbox 3226 2134 3505 2178; x_wconf 87' lang='lat' dir='ltr'><strong>canonum</strong></span> <span class='ocrx_word' id='word_1_347' title='bbox 3551 2116 3649 2170; x_wconf 89' lang='lat' dir='ltr'><strong>de-</strong></span> 
     </span>
    </p>
   </div>
   <div class='ocr_carea' id='block_1_51' title="bbox 2065 2211 3648 2297">
    <p class='ocr_par' dir='ltr' id='par_1_51' title="bbox 2065 2211 3648 2297">
     <span class='ocr_line' id='line_1_51' title="bbox 2065 2211 3648 2297; baseline -0.016 -11"><span class='ocrx_word' id='word_1_348' title='bbox 2065 2230 2236 2286; x_wconf 86' lang='lat' dir='ltr'><strong>cretis</strong></span> <span class='ocrx_word' id='word_1_349' title='bbox 2265 2227 2648 2297; x_wconf 83' lang='lat' dir='ltr'><strong>acquiescant.</strong></span> <span class='ocrx_word' id='word_1_350' title='bbox 2682 2219 2843 2290; x_wconf 84' lang='lat' dir='ltr'><strong>Quod</strong></span> <span class='ocrx_word' id='word_1_351' title='bbox 2884 2218 3036 2274; x_wconf 90' lang='lat' dir='ltr'><strong>enim</strong></span> <span class='ocrx_word' id='word_1_352' title='bbox 3071 2230 3218 2271; x_wconf 73' lang='lat' dir='ltr'><strong>verae</strong></span> <span class='ocrx_word' id='word_1_353' title='bbox 3260 2211 3484 2281; x_wconf 84' lang='lat' dir='ltr'><strong>pietatis</strong></span> <span class='ocrx_word' id='word_1_354' title='bbox 3529 2219 3648 2262; x_wconf 87' lang='lat' dir='ltr'><strong>stu-</strong></span> 
     </span>
    </p>
   </div>
   <div class='ocr_carea' id='block_1_52' title="bbox 2065 2298 3650 2375">
    <p class='ocr_par' dir='ltr' id='par_1_52' title="bbox 2065 2298 3650 2375">
     <span class='ocr_line' id='line_1_52' title="bbox 2065 2298 3650 2375; baseline -0.015 1"><span class='ocrx_word' id='word_1_355' title='bbox 2065 2320 2209 2375; x_wconf 85' lang='lat' dir='ltr'><strong>diosi</strong></span> <span class='ocrx_word' id='word_1_356' title='bbox 2258 2327 2317 2374; x_wconf 93' lang='lat' dir='ltr'><strong>et</strong></span> <span class='ocrx_word' id='word_1_357' title='bbox 2361 2314 2567 2372; x_wconf 84' lang='lat' dir='ltr'><strong>Christi</strong></span> <span class='ocrx_word' id='word_1_358' title='bbox 2619 2320 2871 2367; x_wconf 86' lang='lat' dir='ltr'><strong>amantes</strong></span> <span class='ocrx_word' id='word_1_359' title='bbox 2925 2317 3093 2370; x_wconf 84' lang='lat' dir='ltr'><strong>sunt,</strong></span> <span class='ocrx_word' id='word_1_360' title='bbox 3145 2298 3650 2360; x_wconf 85' lang='lat' dir='ltr'><strong>constitutionibus</strong></span> 
     </span>
    </p>
   </div>
   <div class='ocr_carea' id='block_1_53' title="bbox 2066 2399 3650 2472">
    <p class='ocr_par' dir='ltr' id='par_1_53' title="bbox 2066 2399 3650 2472">
     <span class='ocr_line' id='line_1_53' title="bbox 2066 2399 3650 2472; baseline -0.018 -1"><span class='ocrx_word' id='word_1_361' title='bbox 2066 2416 2186 2471; x_wconf 91' lang='lat' dir='ltr'><strong>suis</strong></span> <span class='ocrx_word' id='word_1_362' title='bbox 2211 2411 2479 2468; x_wconf 87' lang='lat' dir='ltr'><strong>ecclesias</strong></span> <span class='ocrx_word' id='word_1_363' title='bbox 2503 2399 2889 2463; x_wconf 84' lang='lat' dir='ltr'><strong>administrari</strong></span> <span class='ocrx_word' id='word_1_364' title='bbox 2922 2400 3269 2472; x_wconf 87' lang='lat' dir='ltr'><strong>permittent.</strong></span> <span class='ocrx_word' id='word_1_365' title='bbox 3296 2404 3650 2466; x_wconf 66' lang='lat' dir='ltr'><strong>paternaeque</strong></span> 
     </span>
    </p>
   </div>
   <div class='ocr_carea' id='block_1_54' title="bbox 2065 2484 3649 2566">
    <p class='ocr_par' dir='ltr' id='par_1_54' title="bbox 2065 2484 3649 2566">
     <span class='ocr_line' id='line_1_54' title="bbox 2065 2484 3649 2566; baseline -0.016 -5"><span class='ocrx_word' id='word_1_366' title='bbox 2065 2505 2294 2561; x_wconf 83' lang='lat' dir='ltr'><strong>virtutis</strong></span> <span class='ocrx_word' id='word_1_367' title='bbox 2334 2502 2691 2557; x_wconf 64' lang='lat' dir='ltr'><strong>aemulatores</strong></span> <span class='ocrx_word' id='word_1_368' title='bbox 2731 2497 3004 2566; x_wconf 85' lang='lat' dir='ltr'><strong>majorum</strong></span> <span class='ocrx_word' id='word_1_369' title='bbox 3039 2490 3296 2560; x_wconf 84' lang='lat' dir='ltr'><strong>exempla</strong></span> <span class='ocrx_word' id='word_1_370' title='bbox 3343 2484 3649 2541; x_wconf 80' lang='lat' dir='ltr'><strong>iinitabun-</strong></span> 
     </span>
    </p>
   </div>
   <div class='ocr_carea' id='block_1_55' title="bbox 2067 2576 3653 2665">
    <p class='ocr_par' dir='ltr' id='par_1_55' title="bbox 2067 2576 3653 2665">
     <span class='ocr_line' id='line_1_55' title="bbox 2067 2576 3653 2665; baseline -0.016 -11"><span class='ocrx_word' id='word_1_371' title='bbox 2067 2610 2182 2655; x_wconf 92' lang='lat' dir='ltr'><strong>tur.</strong></span> <span class='ocrx_word' id='word_1_372' title='bbox 2217 2598 2296 2652; x_wconf 82' lang='lat' dir='ltr'><strong>Ne</strong></span> <span class='ocrx_word' id='word_1_373' title='bbox 2339 2595 2511 2665; x_wconf 74' lang='lat' dir='ltr'><strong>igitur</strong></span> <span class='ocrx_word' id='word_1_374' title='bbox 2556 2590 2857 2647; x_wconf 84' lang='lat' dir='ltr'><strong>Jechonias</strong></span> <span class='ocrx_word' id='word_1_375' title='bbox 2907 2588 3152 2657; x_wconf 72' lang='lat' dir='ltr'><strong>reiectus</strong></span> <span class='ocrx_word' id='word_1_376' title='bbox 3197 2596 3325 2636; x_wconf 90' lang='lat' dir='ltr'><strong>cum</strong></span> <span class='ocrx_word' id='word_1_377' title='bbox 3360 2576 3568 2633; x_wconf 85' lang='lat' dir='ltr'><strong>Davide</strong></span> <span class='ocrx_word' id='word_1_378' title='bbox 3595 2582 3653 2629; x_wconf 88' lang='lat' dir='ltr'><strong>ct</strong></span> 
     </span>
    </p>
   </div>
   <div class='ocr_carea' id='block_1_56' title="bbox 2069 2666 3649 2757">
    <p class='ocr_par' dir='ltr' id='par_1_56' title="bbox 2069 2666 3649 2757">
     <span class='ocr_line' id='line_1_56' title="bbox 2069 2666 3649 2757; baseline -0.018 -10"><span class='ocrx_word' id='word_1_379' title='bbox 2069 2690 2328 2749; x_wconf 86' lang='lat' dir='ltr'><strong>Samuele</strong></span> <span class='ocrx_word' id='word_1_380' title='bbox 2355 2686 2643 2757; x_wconf 86' lang='lat' dir='ltr'><strong>prophetis</strong></span> <span class='ocrx_word' id='word_1_381' title='bbox 2666 2689 2964 2738; x_wconf 87' lang='lat' dir='ltr'><strong>censeatur</strong></span> <span class='ocrx_word' id='word_1_382' title='bbox 2991 2696 3007 2733; x_wconf 92' lang='lat'><strong>:</strong></span> <span class='ocrx_word' id='word_1_383' title='bbox 3038 2688 3220 2745; x_wconf 89' lang='lat' dir='ltr'><strong>neque</strong></span> <span class='ocrx_word' id='word_1_384' title='bbox 3243 2673 3290 2726; x_wconf 90' lang='lat' dir='ltr'><strong>si</strong></span> <span class='ocrx_word' id='word_1_385' title='bbox 3314 2666 3649 2740; x_wconf 83' lang='lat' dir='ltr'><strong>quibusdam</strong></span> 
     </span>
    </p>
   </div>
   <div class='ocr_carea' id='block_1_57' title="bbox 2067 2765 3652 2856">
    <p class='ocr_par' dir='ltr' id='par_1_57' title="bbox 2067 2765 3652 2856">
     <span class='ocr_line' id='line_1_57' title="bbox 2067 2765 3652 2856; baseline -0.019 -14"><span class='ocrx_word' id='word_1_386' title='bbox 2067 2786 2261 2856; x_wconf 87' lang='lat' dir='ltr'><strong>inique</strong></span> <span class='ocrx_word' id='word_1_387' title='bbox 2306 2781 2570 2854; x_wconf 90' lang='lat' dir='ltr'><strong>placitum</strong></span> <span class='ocrx_word' id='word_1_388' title='bbox 2618 2787 2725 2839; x_wconf 90' lang='lat' dir='ltr'><strong>est,</strong></span> <span class='ocrx_word' id='word_1_389' title='bbox 2773 2785 2836 2829; x_wconf 90' lang='lat' dir='ltr'><strong>ut</strong></span> <span class='ocrx_word' id='word_1_390' title='bbox 2863 2769 3104 2828; x_wconf 77' lang='lat' dir='ltr'><strong>Eudoxii</strong></span> <span class='ocrx_word' id='word_1_391' title='bbox 3146 2765 3412 2836; x_wconf 86' lang='lat' dir='ltr'><strong>reliquias</strong></span> <span class='ocrx_word' id='word_1_392' title='bbox 3445 2777 3512 2816; x_wconf 90' lang='lat' dir='ltr'><strong>eo</strong></span> <span class='ocrx_word' id='word_1_393' title='bbox 3543 2774 3652 2828; x_wconf 91' lang='lat' dir='ltr'><strong>quo</strong></span> 
     </span>
    </p>
   </div>
   <div class='ocr_carea' id='block_1_58' title="bbox 2065 2866 3651 2948">
    <p class='ocr_par' dir='ltr' id='par_1_58' title="bbox 2065 2866 3651 2948">
     <span class='ocr_line' id='line_1_58' title="bbox 2065 2866 3651 2948; baseline -0.02 -14"><span class='ocrx_word' id='word_1_394' title='bbox 2065 2876 2371 2948; x_wconf 83' lang='lat' dir='ltr'><strong>seripsistis</strong></span> <span class='ocrx_word' id='word_1_395' title='bbox 2401 2877 2746 2942; x_wconf 86' lang='lat' dir='ltr'><strong>reponerent</strong></span> <span class='ocrx_word' id='word_1_396' title='bbox 2781 2867 2929 2928; x_wconf 90' lang='lat' dir='ltr'><strong>loco,</strong></span> <span class='ocrx_word' id='word_1_397' title='bbox 2968 2869 3263 2934; x_wconf 87' lang='lat' dir='ltr'><strong>propterea</strong></span> <span class='ocrx_word' id='word_1_398' title='bbox 3290 2871 3393 2911; x_wconf 90' lang='lat' dir='ltr'><strong>nos</strong></span> <span class='ocrx_word' id='word_1_399' title='bbox 3427 2866 3651 2924; x_wconf 90' lang='lat' dir='ltr'><strong>quoque</strong></span> 
     </span>
    </p>
   </div>
   <div class='ocr_carea' id='block_1_59' title="bbox 2069 2945 3655 3042">
    <p class='ocr_par' dir='ltr' id='par_1_59' title="bbox 2069 2945 3655 3042">
     <span class='ocr_line' id='line_1_59' title="bbox 2069 2945 3655 3042; baseline -0.018 -16"><span class='ocrx_word' id='word_1_400' title='bbox 2069 2970 2366 3042; x_wconf 78' lang='lat' dir='ltr'><strong>profanum</strong></span> <span class='ocrx_word' id='word_1_401' title='bbox 2420 2974 2481 3021; x_wconf 89' lang='lat' dir='ltr'><strong>ut</strong></span> <span class='ocrx_word' id='word_1_402' title='bbox 2529 2978 2750 3019; x_wconf 89' lang='lat' dir='ltr'><strong>sacrum</strong></span> <span class='ocrx_word' id='word_1_403' title='bbox 2782 2961 2839 3014; x_wconf 91' lang='lat' dir='ltr'><strong>in</strong></span> <span class='ocrx_word' id='word_1_404' title='bbox 2879 2958 3067 3012; x_wconf 88' lang='lat' dir='ltr'><strong>album</strong></span> <span class='ocrx_word' id='word_1_405' title='bbox 3108 2955 3440 3009; x_wconf 74' lang='lat' dir='ltr'><strong>referamus.</strong></span> <span class='ocrx_word' id='word_1_406' title='bbox 3475 2945 3655 3015; x_wconf 82' lang='lat' dir='ltr'><strong>Opor-</strong></span> 
     </span>
    </p>
   </div>
   <div class='ocr_carea' id='block_1_60' title="bbox 2070 3037 3649 3129">
    <p class='ocr_par' dir='ltr' id='par_1_60' title="bbox 2070 3037 3649 3129">
     <span class='ocr_line' id='line_1_60' title="bbox 2070 3037 3649 3129; baseline -0.02 -11"><span class='ocrx_word' id='word_1_407' title='bbox 2070 3064 2178 3118; x_wconf 91' lang='lat' dir='ltr'><strong>tuit</strong></span> <span class='ocrx_word' id='word_1_408' title='bbox 2225 3075 2464 3129; x_wconf 86' lang='lat' dir='ltr'><strong>namque</strong></span> <span class='ocrx_word' id='word_1_409' title='bbox 2491 3073 2521 3112; x_wconf 93' lang='lat' dir='ltr'><strong>a</strong></span> <span class='ocrx_word' id='word_1_410' title='bbox 2558 3044 2725 3110; x_wconf 87' lang='lat' dir='ltr'><strong>nobis</strong></span> <span class='ocrx_word' id='word_1_411' title='bbox 2764 3068 2852 3106; x_wconf 86' lang='lat' dir='ltr'><strong>res</strong></span> <span class='ocrx_word' id='word_1_412' title='bbox 2881 3049 3030 3104; x_wconf 89' lang='lat' dir='ltr'><strong>illius</strong></span> <span class='ocrx_word' id='word_1_413' title='bbox 3078 3043 3304 3114; x_wconf 78' lang='lat' dir='ltr'><strong>corrigi,</strong></span> <span class='ocrx_word' id='word_1_414' title='bbox 3356 3055 3464 3121; x_wconf 76' lang='lat' dir='ltr'><strong>non</strong></span> <span class='ocrx_word' id='word_1_415' title='bbox 3495 3037 3649 3091; x_wconf 84' lang='lat' dir='ltr'><strong>illum</strong></span> 
     </span>
    </p>
   </div>
   <div class='ocr_carea' id='block_1_61' title="bbox 2069 3134 3652 3223">
    <p class='ocr_par' dir='ltr' id='par_1_61' title="bbox 2069 3134 3652 3223">
     <span class='ocr_line' id='line_1_61' title="bbox 2069 3134 3652 3223; baseline -0.021 -13"><span class='ocrx_word' id='word_1_416' title='bbox 2069 3155 2237 3210; x_wconf 84' lang='lat' dir='ltr'><strong>nobis</strong></span> <span class='ocrx_word' id='word_1_417' title='bbox 2286 3150 2672 3223; x_wconf 63' lang='lat' dir='ltr'><strong>praescribere,</strong></span> <span class='ocrx_word' id='word_1_418' title='bbox 2727 3156 2786 3200; x_wconf 88' lang='lat' dir='ltr'><strong>et</strong></span> <span class='ocrx_word' id='word_1_419' title='bbox 2833 3159 2955 3211; x_wconf 66' lang='lat' dir='ltr'><strong>qua:</strong></span> <span class='ocrx_word' id='word_1_420' title='bbox 3001 3148 3126 3209; x_wconf 90' lang='lat' dir='ltr'><strong>post</strong></span> <span class='ocrx_word' id='word_1_421' title='bbox 3169 3152 3293 3190; x_wconf 88' lang='lat' dir='ltr'><strong>eum</strong></span> <span class='ocrx_word' id='word_1_422' title='bbox 3345 3140 3467 3186; x_wconf 87' lang='lat' dir='ltr'><strong>acta</strong></span> <span class='ocrx_word' id='word_1_423' title='bbox 3519 3134 3652 3181; x_wconf 84' lang='lat' dir='ltr'><strong>sunt</strong></span> 
     </span>
    </p>
   </div>
   <div class='ocr_carea' id='block_1_62' title="bbox 385 3219 1964 3319">
    <p class='ocr_par' dir='ltr' id='par_1_62' title="bbox 385 3219 1963 3319">
     <span class='ocr_line' id='line_1_62' title="bbox 385 3219 1963 3319; baseline -0.001 -19"><span class='ocrx_word' id='word_1_424' title='bbox 385 3219 497 3319; x_wconf 71' lang='grc' dir='ltr'><strong>ρῶς</strong></span> <span class='ocrx_word' id='word_1_425' title='bbox 555 3247 692 3318; x_wconf 70' lang='grc' dir='ltr'>μετὰ</span> <span class='ocrx_word' id='word_1_426' title='bbox 749 3247 851 3317; x_wconf 80' lang='grc' dir='ltr'>τῆς</span> <span class='ocrx_word' id='word_1_427' title='bbox 902 3219 1026 3318; x_wconf 42' lang='grc' dir='ltr'>σῆς.</span> <span class='ocrx_word' id='word_1_428' title='bbox 1059 3219 1391 3310; x_wconf 64' lang='grc' dir='ltr'>θεοσεύείας,</span> <span class='ocrx_word' id='word_1_429' title='bbox 1443 3219 1588 3309; x_wconf 22' lang='grc' dir='ltr'>ἐνὸς*</span> <span class='ocrx_word' id='word_1_430' title='bbox 1622 3245 1719 3298; x_wconf 82' lang='grc' dir='ltr'><strong>καὶ</strong></span> <span class='ocrx_word' id='word_1_431' title='bbox 1772 3245 1963 3300; x_wconf 90' lang='grc' dir='ltr'>τούτου</span> 
     </span>
    </p>
   </div>
   <div class='ocr_carea' id='block_1_63' title="bbox 2068 3219 3651 3319">
    <p class='ocr_par' dir='ltr' id='par_1_63' title="bbox 2069 3219 3651 3312">
     <span class='ocr_line' id='line_1_63' title="bbox 2069 3219 3651 3312; baseline -0.021 -7"><span class='ocrx_word' id='word_1_432' title='bbox 2069 3247 2440 3304; x_wconf 86' lang='lat' dir='ltr'><strong>constituere.</strong></span> <span class='ocrx_word' id='word_1_433' title='bbox 2469 3248 2645 3312; x_wconf 78' lang='lat' dir='ltr'><strong>Atque</strong></span> <span class='ocrx_word' id='word_1_434' title='bbox 2685 3241 2801 3295; x_wconf 65' lang='lat' dir='ltr'><strong>haec</strong></span> <span class='ocrx_word' id='word_1_435' title='bbox 2829 3236 3092 3299; x_wconf 88' lang='lat' dir='ltr'><strong>dicimus,</strong></span> <span class='ocrx_word' id='word_1_436' title='bbox 3124 3246 3234 3285; x_wconf 89' lang='lat' dir='ltr'><strong>non</strong></span> <span class='ocrx_word' id='word_1_437' title='bbox 3269 3226 3416 3298; x_wconf 88' lang='lat' dir='ltr'><strong>quod</strong></span> <span class='ocrx_word' id='word_1_438' title='bbox 3439 3219 3651 3293; x_wconf 81' lang='lat' dir='ltr'><strong>jacenti.</strong></span> 
     </span>
    </p>
   </div>
   <div class='ocr_carea' id='block_1_64' title="bbox 383 3339 1962 3413">
    <p class='ocr_par' dir='ltr' id='par_1_64' title="bbox 383 3339 1962 3413">
     <span class='ocr_line' id='line_1_64' title="bbox 383 3339 1962 3413; baseline -0.002 -19"><span class='ocrx_word' id='word_1_439' title='bbox 383 3344 832 3413; x_wconf 74' lang='grc' dir='ltr'>τελευτήσαντος,</span> <span class='ocrx_word' id='word_1_440' title='bbox 888 3343 1099 3413; x_wconf 85' lang='grc' dir='ltr'>ἀμείνω</span> <span class='ocrx_word' id='word_1_441' title='bbox 1134 3342 1456 3411; x_wconf 86' lang='grc' dir='ltr'>ποιούμενος</span> <span class='ocrx_word' id='word_1_442' title='bbox 1502 3340 1603 3407; x_wconf 79' lang='grc' dir='ltr'>τὴν</span> <span class='ocrx_word' id='word_1_443' title='bbox 1651 3339 1786 3410; x_wconf 83' lang='grc' dir='ltr'>πρὸς</span> <span class='ocrx_word' id='word_1_444' title='bbox 1834 3341 1962 3401; x_wconf 81' lang='grc' dir='ltr'>τοὺς</span> 
     </span>
    </p>
   </div>
   <div class='ocr_carea' id='block_1_65' title="bbox 385 3432 1965 3505">
    <p class='ocr_par' dir='ltr' id='par_1_65' title="bbox 385 3432 1965 3505">
     <span class='ocr_line' id='line_1_65' title="bbox 385 3432 1965 3505; baseline -0.004 -16"><span class='ocrx_word' id='word_1_445' title='bbox 385 3436 467 3489; x_wconf 74' lang='grc' dir='ltr'>ἔτι</span> <span class='ocrx_word' id='word_1_446' title='bbox 498 3437 709 3501; x_wconf 78' lang='grc' dir='ltr'>ζῶντας</span> <span class='ocrx_word' id='word_1_447' title='bbox 734 3435 1037 3505; x_wconf 79' lang='grc' dir='ltr'>ἀγάπησιν,</span> <span class='ocrx_word' id='word_1_448' title='bbox 1088 3434 1289 3505; x_wconf 84' lang='grc' dir='ltr'>μᾶλλον</span> <span class='ocrx_word' id='word_1_449' title='bbox 1330 3434 1386 3487; x_wconf 78' lang='grc' dir='ltr'><strong>δὲ</strong></span> <span class='ocrx_word' id='word_1_450' title='bbox 1420 3432 1550 3495; x_wconf 80' lang='grc' dir='ltr'>τοὺς</span> <span class='ocrx_word' id='word_1_451' title='bbox 1595 3432 1695 3501; x_wconf 76' lang='grc' dir='ltr'>τῆς</span> <span class='ocrx_word' id='word_1_452' title='bbox 1731 3433 1965 3500; x_wconf 69' lang='grc' dir='ltr'>Ἐκκληο</span> 
     </span>
    </p>
   </div>
   <div class='ocr_carea' id='block_1_66' title="bbox 385 3529 864 3598">
    <p class='ocr_par' dir='ltr' id='par_1_66' title="bbox 385 3529 864 3598">
     <span class='ocr_line' id='line_1_66' title="bbox 385 3529 864 3598; baseline -0.006 -15"><span class='ocrx_word' id='word_1_453' title='bbox 385 3530 507 3593; x_wconf 86' lang='grc' dir='ltr'>σίας</span> <span class='ocrx_word' id='word_1_454' title='bbox 534 3529 794 3598; x_wconf 83' lang='grc' dir='ltr'>θεσμούς.</span> <span class='ocrx_word' id='word_1_455' title='bbox 845 3546 864 3580; x_wconf 79' lang='grc' dir='ltr'><strong>ι</strong></span> 
     </span>
    </p>
   </div>
   <div class='ocr_carea' id='block_1_67' title="bbox 384 3625 1266 3689">
    <p class='ocr_par' dir='ltr' id='par_1_67' title="bbox 384 3625 1266 3689">
     <span class='ocr_line' id='line_1_67' title="bbox 384 3625 1266 3689; baseline -0.001 -10"><span class='ocrx_word' id='word_1_456' title='bbox 384 3625 686 3680; x_wconf 88' lang='lat' dir='ltr'><strong>consilium</strong></span> <span class='ocrx_word' id='word_1_457' title='bbox 781 3635 838 3681; x_wconf 92' lang='lat' dir='ltr'><strong>et</strong></span> <span class='ocrx_word' id='word_1_458' title='bbox 910 3626 1266 3689; x_wconf 88' lang='lat' dir='ltr'><strong>institutum;</strong></span> 
     </span>
    </p>
   </div>
   <div class='ocr_carea' id='block_1_68' title="bbox 2072 3310 3650 3396">
    <p class='ocr_par' dir='ltr' id='par_1_68' title="bbox 2072 3310 3650 3396">
     <span class='ocr_line' id='line_1_68' title="bbox 2072 3310 3650 3396; baseline -0.023 0"><span class='ocrx_word' id='word_1_459' title='bbox 2072 3348 2129 3396; x_wconf 92' lang='lat' dir='ltr'><strong>et</strong></span> <span class='ocrx_word' id='word_1_460' title='bbox 2178 3347 2402 3392; x_wconf 87' lang='lat' dir='ltr'><strong>mortuo</strong></span> <span class='ocrx_word' id='word_1_461' title='bbox 2458 3334 2538 3389; x_wconf 88' lang='lat' dir='ltr'><strong>illi</strong></span> <span class='ocrx_word' id='word_1_462' title='bbox 2597 3330 2933 3385; x_wconf 85' lang='lat' dir='ltr'><strong>insultemus</strong></span> <span class='ocrx_word' id='word_1_463' title='bbox 2978 3341 2992 3378; x_wconf 91' lang='lat'><strong>:</strong></span> <span class='ocrx_word' id='word_1_464' title='bbox 3047 3337 3158 3375; x_wconf 90' lang='lat' dir='ltr'><strong>non</strong></span> <span class='ocrx_word' id='word_1_465' title='bbox 3199 3318 3347 3372; x_wconf 90' lang='lat' dir='ltr'><strong>enim</strong></span> <span class='ocrx_word' id='word_1_466' title='bbox 3400 3314 3505 3367; x_wconf 88' lang='lat' dir='ltr'><strong>hoc</strong></span> <span class='ocrx_word' id='word_1_467' title='bbox 3557 3310 3650 3362; x_wconf 83' lang='lat' dir='ltr'><strong>det</strong></span> 
     </span>
    </p>
   </div>
   <div class='ocr_carea' id='block_1_69' title="bbox 2072 3410 3649 3496">
    <p class='ocr_par' dir='ltr' id='par_1_69' title="bbox 2072 3410 3649 3496">
     <span class='ocr_line' id='line_1_69' title="bbox 2072 3410 3649 3496; baseline -0.022 -9"><span class='ocrx_word' id='word_1_468' title='bbox 2072 3433 2267 3487; x_wconf 87' lang='lat' dir='ltr'><strong>Deus:</strong></span> <span class='ocrx_word' id='word_1_469' title='bbox 2312 3442 2496 3496; x_wconf 86' lang='lat' dir='ltr'><strong>neque</strong></span> <span class='ocrx_word' id='word_1_470' title='bbox 2535 3422 2683 3494; x_wconf 91' lang='lat' dir='ltr'><strong>quod</strong></span> <span class='ocrx_word' id='word_1_471' title='bbox 2740 3420 2961 3482; x_wconf 88' lang='lat' dir='ltr'><strong>alienis,</strong></span> <span class='ocrx_word' id='word_1_472' title='bbox 3014 3413 3178 3469; x_wconf 85' lang='lat' dir='ltr'><strong>sicuti</strong></span> <span class='ocrx_word' id='word_1_473' title='bbox 3217 3410 3487 3478; x_wconf 86' lang='lat' dir='ltr'><strong>scriptum</strong></span> <span class='ocrx_word' id='word_1_474' title='bbox 3542 3410 3649 3463; x_wconf 85' lang='lat' dir='ltr'><strong>cst,</strong></span> 
     </span>
    </p>
   </div>
   <div class='ocr_carea' id='block_1_70' title="bbox 2076 3501 3653 3580">
    <p class='ocr_par' dir='ltr' id='par_1_70' title="bbox 2076 3501 3653 3580">
     <span class='ocr_line' id='line_1_70' title="bbox 2076 3501 3653 3580; baseline -0.02 -2"><span class='ocrx_word' id='word_1_475' title='bbox 2076 3532 2329 3580; x_wconf 58' lang='lat' dir='ltr'><strong>laetemur</strong></span> <span class='ocrx_word' id='word_1_476' title='bbox 2380 3518 2544 3573; x_wconf 90' lang='lat' dir='ltr'><strong>malis</strong></span> <span class='ocrx_word' id='word_1_477' title='bbox 2576 3534 2589 3571; x_wconf 88' lang='lat'><strong>:</strong></span> <span class='ocrx_word' id='word_1_478' title='bbox 2621 3530 2734 3569; x_wconf 86' lang='lat' dir='ltr'><strong>non</strong></span> <span class='ocrx_word' id='word_1_479' title='bbox 2769 3511 2921 3568; x_wconf 89' lang='lat' dir='ltr'><strong>enim</strong></span> <span class='ocrx_word' id='word_1_480' title='bbox 2956 3509 3062 3563; x_wconf 88' lang='lat' dir='ltr'><strong>hoc</strong></span> <span class='ocrx_word' id='word_1_481' title='bbox 3087 3501 3535 3560; x_wconf 80' lang='lat' dir='ltr'><strong>Christianorum</strong></span> <span class='ocrx_word' id='word_1_482' title='bbox 3567 3502 3653 3549; x_wconf 86' lang='lat' dir='ltr'><strong>cst</strong></span> 
     </span>
    </p>
   </div>
   <div class='ocr_carea' id='block_1_71' title="bbox 383 3699 3656 3793">
    <p class='ocr_par' dir='ltr' id='par_1_71' title="bbox 383 3699 3656 3793">
     <span class='ocr_line' id='line_1_71' title="bbox 383 3699 3656 3793; baseline -0.011 -16"><span class='ocrx_word' id='word_1_483' title='bbox 383 3723 696 3783; x_wconf 80' lang='lat' dir='ltr'><strong>canonibus</strong></span> <span class='ocrx_word' id='word_1_484' title='bbox 727 3723 879 3779; x_wconf 88' lang='lat' dir='ltr'><strong>illius</strong></span> <span class='ocrx_word' id='word_1_485' title='bbox 916 3723 1058 3782; x_wconf 84' lang='lat' dir='ltr'><strong>nihil</strong></span> <span class='ocrx_word' id='word_1_486' title='bbox 1091 3719 1464 3793; x_wconf 71' lang='lat' dir='ltr'><strong>praestabilius</strong></span> <span class='ocrx_word' id='word_1_487' title='bbox 1507 3732 1634 3774; x_wconf 86' lang='lat' dir='ltr'><strong>esse</strong></span> <span class='ocrx_word' id='word_1_488' title='bbox 1705 3717 1995 3773; x_wconf 83' lang='lat' dir='ltr'><strong>ducentes.</strong></span> <span class='ocrx_word' id='word_1_489' title='bbox 2037 3717 2096 3772; x_wconf 88' lang='lat' dir='ltr'><strong>Si</strong></span> <span class='ocrx_word' id='word_1_490' title='bbox 2146 3728 2386 3784; x_wconf 89' lang='lat' dir='ltr'><strong>namque</strong></span> <span class='ocrx_word' id='word_1_491' title='bbox 2439 3711 2565 3765; x_wconf 87' lang='lat' dir='ltr'><strong>illos</strong></span> <span class='ocrx_word' id='word_1_492' title='bbox 2604 3716 2785 3764; x_wconf 87' lang='lat' dir='ltr'><strong>sartos</strong></span> <span class='ocrx_word' id='word_1_493' title='bbox 2869 3709 3047 3757; x_wconf 84' lang='lat' dir='ltr'><strong>tectos</strong></span> <span class='ocrx_word' id='word_1_494' title='bbox 3091 3708 3448 3757; x_wconf 85' lang='lat' dir='ltr'><strong>conservare,</strong></span> <span class='ocrx_word' id='word_1_495' title='bbox 3489 3699 3656 3757; x_wconf 86' lang='lat' dir='ltr'><strong>atque</strong></span> 
     </span>
    </p>
   </div>
   <div class='ocr_carea' id='block_1_72' title="bbox 385 3785 3570 3885">
    <p class='ocr_par' dir='ltr' id='par_1_72' title="bbox 385 3785 3570 3885">
     <span class='ocr_line' id='line_1_72' title="bbox 385 3785 3570 3885; baseline -0.011 -15"><span class='ocrx_word' id='word_1_496' title='bbox 385 3828 806 3873; x_wconf 84' lang='lat' dir='ltr'><strong>exauctoratum</strong></span> <span class='ocrx_word' id='word_1_497' title='bbox 878 3817 1024 3873; x_wconf 91' lang='lat' dir='ltr'><strong>inter</strong></span> <span class='ocrx_word' id='word_1_498' title='bbox 1095 3815 1387 3885; x_wconf 83' lang='lat' dir='ltr'><strong>episcopos</strong></span> <span class='ocrx_word' id='word_1_499' title='bbox 1451 3827 1683 3867; x_wconf 91' lang='lat' dir='ltr'><strong>censere</strong></span> <span class='ocrx_word' id='word_1_500' title='bbox 1741 3811 1961 3876; x_wconf 87' lang='lat' dir='ltr'><strong>liceret,</strong></span> <span class='ocrx_word' id='word_1_501' title='bbox 2000 3818 2153 3866; x_wconf 89' lang='lat' dir='ltr'><strong>recte</strong></span> <span class='ocrx_word' id='word_1_502' title='bbox 2221 3805 2497 3878; x_wconf 80' lang='lat' dir='ltr'><strong>proiecto,</strong></span> <span class='ocrx_word' id='word_1_503' title='bbox 2573 3802 2671 3871; x_wconf 86' lang='lat' dir='ltr'><strong>qui</strong></span> <span class='ocrx_word' id='word_1_504' title='bbox 2717 3798 2773 3852; x_wconf 89' lang='lat' dir='ltr'><strong>id</strong></span> <span class='ocrx_word' id='word_1_505' title='bbox 2835 3795 3137 3867; x_wconf 85' lang='lat' dir='ltr'><strong>quominus</strong></span> <span class='ocrx_word' id='word_1_506' title='bbox 3209 3790 3365 3843; x_wconf 84' lang='lat' dir='ltr'><strong>ileret</strong></span> <span class='ocrx_word' id='word_1_507' title='bbox 3426 3785 3570 3852; x_wconf 87' lang='lat' dir='ltr'><strong>impe</strong></span> 
     </span>
    </p>
   </div>
   <div class='ocr_carea' id='block_1_73' title="bbox 3575 3781 3659 3834">
    <p class='ocr_par' dir='ltr' id='par_1_73' title="bbox 3575 3781 3659 3834">
     <span class='ocr_line' id='line_1_73' title="bbox 3575 3781 3659 3834; baseline -0.036 0"><span class='ocrx_word' id='word_1_508' title='bbox 3575 3781 3659 3834; x_wconf 85' lang='lat' dir='ltr'><strong>di-</strong></span> 
     </span>
    </p>
   </div>
   <div class='ocr_carea' id='block_1_74' title="bbox 386 3873 3656 3981">
    <p class='ocr_par' dir='ltr' id='par_1_74' title="bbox 386 3873 3656 3981">
     <span class='ocr_line' id='line_1_74' title="bbox 386 3873 3656 3981; baseline -0.012 -15"><span class='ocrx_word' id='word_1_509' title='bbox 386 3921 532 3976; x_wconf 89' lang='lat' dir='ltr'><strong>rent,</strong></span> <span class='ocrx_word' id='word_1_510' title='bbox 587 3913 691 3967; x_wconf 82' lang='lat' dir='ltr'><strong>feri</strong></span> <span class='ocrx_word' id='word_1_511' title='bbox 732 3920 900 3981; x_wconf 83' lang='lat' dir='ltr'><strong>atque</strong></span> <span class='ocrx_word' id='word_1_512' title='bbox 948 3912 1190 3967; x_wconf 88' lang='lat' dir='ltr'><strong>immites</strong></span> <span class='ocrx_word' id='word_1_513' title='bbox 1231 3912 1573 3965; x_wconf 87' lang='lat' dir='ltr'><strong>dicerentur.</strong></span> <span class='ocrx_word' id='word_1_514' title='bbox 1632 3905 2094 3976; x_wconf 86' lang='lat' dir='ltr'><strong>Quandoquidem</strong></span> <span class='ocrx_word' id='word_1_515' title='bbox 2162 3920 2298 3964; x_wconf 86' lang='lat' dir='ltr'><strong>vero</strong></span> <span class='ocrx_word' id='word_1_516' title='bbox 2361 3903 2539 3957; x_wconf 88' lang='lat' dir='ltr'><strong>altero</strong></span> <span class='ocrx_word' id='word_1_517' title='bbox 2598 3898 2911 3961; x_wconf 86' lang='lat' dir='ltr'><strong>obtinente,</strong></span> <span class='ocrx_word' id='word_1_518' title='bbox 2943 3894 3180 3948; x_wconf 86' lang='lat' dir='ltr'><strong>alterum</strong></span> <span class='ocrx_word' id='word_1_519' title='bbox 3214 3873 3518 3943; x_wconf 86' lang='lat' dir='ltr'><strong>consistere</strong></span> <span class='ocrx_word' id='word_1_520' title='bbox 3545 3892 3656 3930; x_wconf 88' lang='lat' dir='ltr'><strong>non</strong></span> 
     </span>
    </p>
   </div>
   <div class='ocr_carea' id='block_1_75' title="bbox 389 3980 3653 4075">
    <p class='ocr_par' dir='ltr' id='par_1_75' title="bbox 389 3980 3653 4075">
     <span class='ocr_line' id='line_1_75' title="bbox 389 3980 3653 4075; baseline -0.011 -14"><span class='ocrx_word' id='word_1_521' title='bbox 389 4022 549 4075; x_wconf 85' lang='lat' dir='ltr'><strong>posse</strong></span> <span class='ocrx_word' id='word_1_522' title='bbox 583 4022 811 4062; x_wconf 87' lang='lat' dir='ltr'><strong>necesse</strong></span> <span class='ocrx_word' id='word_1_523' title='bbox 840 4008 934 4069; x_wconf 88' lang='lat' dir='ltr'><strong>sit,</strong></span> <span class='ocrx_word' id='word_1_524' title='bbox 962 4006 1279 4061; x_wconf 88' lang='lat' dir='ltr'><strong>sanctiones</strong></span> <span class='ocrx_word' id='word_1_525' title='bbox 1307 4003 1569 4058; x_wconf 74' lang='lat' dir='ltr'><strong>Ecclesiae</strong></span> <span class='ocrx_word' id='word_1_526' title='bbox 1606 4001 1834 4056; x_wconf 85' lang='lat' dir='ltr'><strong>vincant</strong></span> <span class='ocrx_word' id='word_1_527' title='bbox 1869 4016 1883 4053; x_wconf 88' lang='lat'><strong>:</strong></span> <span class='ocrx_word' id='word_1_528' title='bbox 1912 4008 1970 4054; x_wconf 93' lang='lat' dir='ltr'><strong>et</strong></span> <span class='ocrx_word' id='word_1_529' title='bbox 2006 4013 2073 4053; x_wconf 78' lang='lat' dir='ltr'><strong>ex</strong></span> <span class='ocrx_word' id='word_1_530' title='bbox 2147 4013 2307 4055; x_wconf 90' lang='lat' dir='ltr'><strong>sacro</strong></span> <span class='ocrx_word' id='word_1_531' title='bbox 2373 3994 2647 4062; x_wconf 77' lang='lat' dir='ltr'><strong>catalogo,</strong></span> <span class='ocrx_word' id='word_1_532' title='bbox 2675 3992 2770 4061; x_wconf 90' lang='lat' dir='ltr'><strong>qui</strong></span> <span class='ocrx_word' id='word_1_533' title='bbox 2800 4003 3083 4047; x_wconf 87' lang='lat' dir='ltr'><strong>sacrorum</strong></span> <span class='ocrx_word' id='word_1_534' title='bbox 3117 3983 3375 4038; x_wconf 90' lang='lat' dir='ltr'><strong>minister</strong></span> <span class='ocrx_word' id='word_1_535' title='bbox 3403 3991 3513 4031; x_wconf 89' lang='lat' dir='ltr'><strong>non</strong></span> <span class='ocrx_word' id='word_1_536' title='bbox 3544 3980 3653 4035; x_wconf 88' lang='lat' dir='ltr'><strong>est,</strong></span> 
     </span>
    </p>
   </div>
   <div class='ocr_carea' id='block_1_76' title="bbox 384 4081 3655 4166">
    <p class='ocr_par' dir='ltr' id='par_1_76' title="bbox 384 4081 3655 4166">
     <span class='ocr_line' id='line_1_76' title="bbox 384 4081 3655 4166; baseline -0.01 -13"><span class='ocrx_word' id='word_1_537' title='bbox 384 4110 696 4155; x_wconf 82' lang='lat' dir='ltr'><strong>moveatur.</strong></span> <span class='ocrx_word' id='word_1_538' title='bbox 738 4099 855 4153; x_wconf 83' lang='lat' dir='ltr'><strong>Hoc</strong></span> <span class='ocrx_word' id='word_1_539' title='bbox 892 4099 1042 4154; x_wconf 90' lang='lat' dir='ltr'><strong>enim</strong></span> <span class='ocrx_word' id='word_1_540' title='bbox 1094 4099 1357 4154; x_wconf 86' lang='lat' dir='ltr'><strong>ecclesias</strong></span> <span class='ocrx_word' id='word_1_541' title='bbox 1420 4097 1491 4153; x_wconf 90' lang='lat' dir='ltr'><strong>ad</strong></span> <span class='ocrx_word' id='word_1_542' title='bbox 1533 4110 1726 4166; x_wconf 89' lang='lat' dir='ltr'><strong>pacem</strong></span> <span class='ocrx_word' id='word_1_543' title='bbox 1771 4092 2098 4147; x_wconf 86' lang='lat' dir='ltr'><strong>servandam</strong></span> <span class='ocrx_word' id='word_1_544' title='bbox 2159 4089 2486 4160; x_wconf 72' lang='lat' dir='ltr'><strong>coniungit:</strong></span> <span class='ocrx_word' id='word_1_545' title='bbox 2550 4086 2657 4140; x_wconf 91' lang='lat' dir='ltr'><strong>hoc</strong></span> <span class='ocrx_word' id='word_1_546' title='bbox 2721 4083 3032 4138; x_wconf 89' lang='lat' dir='ltr'><strong>animorum</strong></span> <span class='ocrx_word' id='word_1_547' title='bbox 3063 4088 3398 4134; x_wconf 88' lang='lat' dir='ltr'><strong>consensum</strong></span> <span class='ocrx_word' id='word_1_548' title='bbox 3434 4081 3655 4125; x_wconf 90' lang='lat' dir='ltr'><strong>omnem</strong></span> 
     </span>
    </p>
   </div>
   <div class='ocr_carea' id='block_1_77' title="bbox 386 4167 3659 4266">
    <p class='ocr_par' dir='ltr' id='par_1_77' title="bbox 386 4167 3659 4266">
     <span class='ocr_line' id='line_1_77' title="bbox 386 4167 3659 4266; baseline -0.012 -16"><span class='ocrx_word' id='word_1_549' title='bbox 386 4197 620 4266; x_wconf 80' lang='lat' dir='ltr'><strong>perlicit.</strong></span> <span class='ocrx_word' id='word_1_550' title='bbox 659 4196 851 4264; x_wconf 86' lang='lat' dir='ltr'><strong>Itaque</strong></span> <span class='ocrx_word' id='word_1_551' title='bbox 891 4195 1026 4249; x_wconf 91' lang='lat' dir='ltr'><strong>illud</strong></span> <span class='ocrx_word' id='word_1_552' title='bbox 1068 4194 1233 4248; x_wconf 87' lang='lat' dir='ltr'><strong>nobis</strong></span> <span class='ocrx_word' id='word_1_553' title='bbox 1259 4192 1416 4255; x_wconf 83' lang='lat' dir='ltr'><strong>dato.</strong></span> <span class='ocrx_word' id='word_1_554' title='bbox 1483 4200 1546 4244; x_wconf 90' lang='lat' dir='ltr'><strong>ut</strong></span> <span class='ocrx_word' id='word_1_555' title='bbox 1603 4204 1745 4259; x_wconf 91' lang='lat' dir='ltr'><strong>pure</strong></span> <span class='ocrx_word' id='word_1_556' title='bbox 1804 4202 1908 4242; x_wconf 89' lang='lat' dir='ltr'><strong>nos</strong></span> <span class='ocrx_word' id='word_1_557' title='bbox 1973 4192 2282 4241; x_wconf 86' lang='lat' dir='ltr'><strong>conventus</strong></span> <span class='ocrx_word' id='word_1_558' title='bbox 2326 4196 2510 4252; x_wconf 84' lang='lat' dir='ltr'><strong>agere,</strong></span> <span class='ocrx_word' id='word_1_559' title='bbox 2567 4189 2624 4234; x_wconf 91' lang='lat' dir='ltr'><strong>et</strong></span> <span class='ocrx_word' id='word_1_560' title='bbox 2672 4175 3087 4233; x_wconf 85' lang='lat' dir='ltr'><strong>communicare</strong></span> <span class='ocrx_word' id='word_1_561' title='bbox 3130 4184 3257 4225; x_wconf 90' lang='lat' dir='ltr'><strong>cum</strong></span> <span class='ocrx_word' id='word_1_562' title='bbox 3308 4167 3516 4236; x_wconf 85' lang='lat' dir='ltr'><strong>pietate</strong></span> <span class='ocrx_word' id='word_1_563' title='bbox 3566 4171 3659 4213; x_wconf 90' lang='lat' dir='ltr'><strong>tua</strong></span> 
     </span>
    </p>
   </div>
   <div class='ocr_carea' id='block_1_78' title="bbox 385 4256 3656 4365">
    <p class='ocr_par' dir='ltr' id='par_1_78' title="bbox 385 4256 3656 4365">
     <span class='ocr_line' id='line_1_78' title="bbox 385 4256 3656 4365; baseline -0.013 -17"><span class='ocrx_word' id='word_1_564' title='bbox 385 4293 708 4361; x_wconf 78' lang='lat' dir='ltr'><strong>possimus:</strong></span> <span class='ocrx_word' id='word_1_565' title='bbox 741 4289 909 4365; x_wconf 64' lang='lat'><strong>499</strong></span> <span class='ocrx_word' id='word_1_566' title='bbox 951 4296 1120 4357; x_wconf 90' lang='lat' dir='ltr'><strong>atque</strong></span> <span class='ocrx_word' id='word_1_567' title='bbox 1171 4297 1229 4341; x_wconf 91' lang='lat' dir='ltr'><strong>tu</strong></span> <span class='ocrx_word' id='word_1_568' title='bbox 1306 4286 1494 4347; x_wconf 89' lang='lat' dir='ltr'><strong>unius,</strong></span> <span class='ocrx_word' id='word_1_569' title='bbox 1565 4256 1800 4355; x_wconf 61' lang='lat' dir='ltr'><strong>eiusque</strong></span> <span class='ocrx_word' id='word_1_570' title='bbox 1871 4280 2146 4345; x_wconf 84' lang='lat' dir='ltr'><strong>defuncti,</strong></span> <span class='ocrx_word' id='word_1_571' title='bbox 2193 4291 2463 4335; x_wconf 88' lang='lat' dir='ltr'><strong>amorem,</strong></span> <span class='ocrx_word' id='word_1_572' title='bbox 2511 4280 2634 4343; x_wconf 87' lang='lat' dir='ltr'><strong>post</strong></span> <span class='ocrx_word' id='word_1_573' title='bbox 2675 4285 2868 4326; x_wconf 85' lang='lat' dir='ltr'><strong>eorum</strong></span> <span class='ocrx_word' id='word_1_574' title='bbox 2925 4266 3019 4337; x_wconf 85' lang='lat' dir='ltr'><strong>qui</strong></span> <span class='ocrx_word' id='word_1_575' title='bbox 3066 4263 3250 4318; x_wconf 87' lang='lat' dir='ltr'><strong>adhuc</strong></span> <span class='ocrx_word' id='word_1_576' title='bbox 3327 4258 3527 4313; x_wconf 89' lang='lat' dir='ltr'><strong>vivunt</strong></span> <span class='ocrx_word' id='word_1_577' title='bbox 3570 4256 3656 4307; x_wconf 83' lang='lat' dir='ltr'><strong>di-</strong></span> 
     </span>
    </p>
   </div>
   <div class='ocr_carea' id='block_1_79' title="bbox 384 4373 2284 4454">
    <p class='ocr_par' dir='ltr' id='par_1_79' title="bbox 384 4373 2284 4454">
     <span class='ocr_line' id='line_1_79' title="bbox 384 4373 2284 4454; baseline -0.011 -11"><span class='ocrx_word' id='word_1_578' title='bbox 384 4386 709 4454; x_wconf 87' lang='lat' dir='ltr'><strong>lectionem,</strong></span> <span class='ocrx_word' id='word_1_579' title='bbox 757 4399 824 4440; x_wconf 90' lang='lat' dir='ltr'><strong>ac</strong></span> <span class='ocrx_word' id='word_1_580' title='bbox 873 4383 1060 4454; x_wconf 88' lang='lat' dir='ltr'><strong>potius</strong></span> <span class='ocrx_word' id='word_1_581' title='bbox 1115 4389 1239 4451; x_wconf 85' lang='lat' dir='ltr'><strong>post</strong></span> <span class='ocrx_word' id='word_1_582' title='bbox 1292 4378 1548 4434; x_wconf 69' lang='lat' dir='ltr'><strong>Ecclesia)</strong></span> <span class='ocrx_word' id='word_1_583' title='bbox 1598 4375 1917 4435; x_wconf 85' lang='lat' dir='ltr'><strong>sanctiones</strong></span> <span class='ocrx_word' id='word_1_584' title='bbox 1945 4412 1963 4439; x_wconf 86' lang='lat'><strong>,</strong></span> <span class='ocrx_word' id='word_1_585' title='bbox 2000 4373 2232 4428; x_wconf 87' lang='lat' dir='ltr'><strong>habeas.</strong></span> <span class='ocrx_word' id='word_1_586' title='bbox 2267 4389 2284 4421; x_wconf 73' lang='grc' dir='ltr'><strong>ο</strong></span> 
     </span>
    </p>
   </div>
   <div class='ocr_carea' id='block_1_80' title="bbox 954 4524 1393 4583">
    <p class='ocr_par' dir='ltr' id='par_1_80' title="bbox 954 4524 1393 4583">
     <span class='ocr_line' id='line_1_80' title="bbox 954 4524 1393 4583; baseline -0.011 0"><span class='ocrx_word' id='word_1_587' title='bbox 954 4526 1202 4583; x_wconf 71' lang='grc' dir='ltr'><strong>ΚΕΦΑΛ.</strong></span> <span class='ocrx_word' id='word_1_588' title='bbox 1258 4524 1393 4579; x_wconf 71' lang='grc' dir='ltr'>κη’.</span> 
     </span>
    </p>
   </div>
   <div class='ocr_carea' id='block_1_81' title="bbox 2603 4503 3119 4567">
    <p class='ocr_par' dir='ltr' id='par_1_81' title="bbox 2603 4503 3119 4567">
     <span class='ocr_line' id='line_1_81' title="bbox 2603 4503 3119 4567; baseline -0.016 0"><span class='ocrx_word' id='word_1_589' title='bbox 2603 4508 2830 4567; x_wconf 84' lang='lat' dir='ltr'><strong>CAPUT</strong></span> <span class='ocrx_word' id='word_1_590' title='bbox 2877 4503 3119 4562; x_wconf 78' lang='lat' dir='ltr'><strong>XXVIII.</strong></span> 
     </span>
    </p>
   </div>
   <div class='ocr_carea' id='block_1_82' title="bbox 397 4610 1964 4715">
    <p class='ocr_par' dir='ltr' id='par_1_82' title="bbox 397 4631 1964 4715">
     <span class='ocr_line' id='line_1_82' title="bbox 397 4631 1964 4715; baseline -0.017 -6"><span class='ocrx_word' id='word_1_591' title='bbox 397 4652 498 4715; x_wconf 84' lang='grc' dir='ltr'>Ὠς</span> <span class='ocrx_word' id='word_1_592' title='bbox 552 4652 585 4704; x_wconf 87' lang='grc' dir='ltr'><em>ὀ</em></span> <span class='ocrx_word' id='word_1_593' title='bbox 638 4645 798 4710; x_wconf 83' lang='grc' dir='ltr'>θεῖος</span> <span class='ocrx_word' id='word_1_594' title='bbox 852 4642 1153 4715; x_wconf 74' lang='grc' dir='ltr'>Κύριλλος</span> <span class='ocrx_word' id='word_1_595' title='bbox 1209 4635 1478 4715; x_wconf 50' lang='grc' dir='ltr'>ὀπτασίᾳ</span> <span class='ocrx_word' id='word_1_596' title='bbox 1537 4633 1809 4715; x_wconf 72' lang='grc' dir='ltr'>θειοτέρα,</span> <span class='ocrx_word' id='word_1_597' title='bbox 1858 4631 1964 4715; x_wconf 43' lang='lat' dir='ltr'><strong>{ira</strong></span> 
     </span>
    </p>
   </div>
   <div class='ocr_carea' id='block_1_83' title="bbox 2068 4610 3660 4715">
    <p class='ocr_par' dir='ltr' id='par_1_83' title="bbox 2077 4610 3660 4715">
     <span class='ocr_line' id='line_1_83' title="bbox 2077 4610 3660 4715; baseline -0.018 -25"><span class='ocrx_word' id='word_1_598' title='bbox 2077 4636 2143 4693; x_wconf 85' lang='lat' dir='ltr'><strong>Ut</strong></span> <span class='ocrx_word' id='word_1_599' title='bbox 2176 4632 2328 4715; x_wconf 67' lang='lat' dir='ltr'><strong>divus</strong></span> <span class='ocrx_word' id='word_1_600' title='bbox 2361 4626 2600 4715; x_wconf 63' lang='lat' dir='ltr'><strong>Cyrilius</strong></span> <span class='ocrx_word' id='word_1_601' title='bbox 2624 4640 2719 4695; x_wconf 85' lang='lat' dir='ltr'><strong>per</strong></span> <span class='ocrx_word' id='word_1_602' title='bbox 2742 4623 2998 4715; x_wconf 53' lang='lat' dir='ltr'><strong>visio‘nem</strong></span> <span class='ocrx_word' id='word_1_603' title='bbox 3018 4618 3256 4715; x_wconf 50' lang='lat' dir='ltr'><strong>divina&#39;m</strong></span> <span class='ocrx_word' id='word_1_604' title='bbox 3281 4628 3472 4715; x_wconf 44' lang='lat' dir='ltr'><strong>nomen</strong></span> <span class='ocrx_word' id='word_1_605' title='bbox 3487 4610 3660 4715; x_wconf 56' lang='grc' dir='ltr'>Ιοιπιτ</span> 
     </span>
    </p>
   </div>
   <div class='ocr_carea' id='block_1_84' title="bbox 459 4701 1973 4795">
    <p class='ocr_par' dir='ltr' id='par_1_84' title="bbox 459 4701 1973 4795">
     <span class='ocr_line' id='line_1_84' title="bbox 459 4701 1973 4795; baseline -0.015 -20"><span class='ocrx_word' id='word_1_606' title='bbox 459 4701 751 4795; x_wconf 45' lang='lat' dir='ltr'><strong>mods-[op</strong></span> <span class='ocrx_word' id='word_1_607' title='bbox 774 4701 1198 4795; x_wconf 54' lang='grc' dir='ltr'>ἓτροοίητορίὰν</span> <span class='ocrx_word' id='word_1_608' title='bbox 1241 4701 1493 4795; x_wconf 59' lang='grc' dir='ltr'>ἐδέξατο</span> <span class='ocrx_word' id='word_1_609' title='bbox 1519 4721 1555 4795; x_wconf 45' lang='lat' dir='ltr'><strong><em>&#39;r</em></strong></span> <span class='ocrx_word' id='word_1_610' title='bbox 1568 4704 1669 4793; x_wconf 60' lang='grc' dir='ltr'>καὶ</span> <span class='ocrx_word' id='word_1_611' title='bbox 1720 4705 1802 4795; x_wconf 50' lang='grc' dir='ltr'>ὡς</span> <span class='ocrx_word' id='word_1_612' title='bbox 1853 4701 1973 4754; x_wconf 77' lang='grc' dir='ltr'>διέ-</span> 
     </span>
    </p>
   </div>
   <div class='ocr_carea' id='block_1_85' title="bbox 458 4773 1976 4873">
    <p class='ocr_par' dir='ltr' id='par_1_85' title="bbox 458 4773 1976 4873">
     <span class='ocr_line' id='line_1_85' title="bbox 458 4773 1976 4873; baseline -0.013 -27"><span class='ocrx_word' id='word_1_613' title='bbox 458 4773 620 4873; x_wconf 12' lang='grc' dir='ltr'>λργσε</span> <span class='ocrx_word' id='word_1_614' title='bbox 646 4786 747 4840; x_wconf 82' lang='grc' dir='ltr'>διὰ</span> <span class='ocrx_word' id='word_1_615' title='bbox 774 4773 887 4853; x_wconf 70' lang='grc' dir='ltr'>τῆς</span> <span class='ocrx_word' id='word_1_616' title='bbox 917 4773 1214 4837; x_wconf 52' lang='lat' dir='ltr'><strong>eam;de</strong></span> <span class='ocrx_word' id='word_1_617' title='bbox 1264 4779 1333 4833; x_wconf 82' lang='grc' dir='ltr'>τὸ</span> <span class='ocrx_word' id='word_1_618' title='bbox 1360 4773 1596 4847; x_wconf 73' lang='grc' dir='ltr'>μεταξὺ</span> <span class='ocrx_word' id='word_1_619' title='bbox 1647 4775 1976 4844; x_wconf 73' lang='grc' dir='ltr'>γενόμενον</span> 
     </span>
    </p>
   </div>
   <div class='ocr_carea' id='block_1_86' title="bbox 457 4874 663 4932">
    <p class='ocr_par' dir='ltr' id='par_1_86' title="bbox 457 4874 663 4932">
     <span class='ocr_line' id='line_1_86' title="bbox 457 4874 663 4932; baseline -0.015 -16"><span class='ocrx_word' id='word_1_620' title='bbox 457 4874 663 4932; x_wconf 73' lang='grc' dir='ltr'>μίσος.</span> 
     </span>
    </p>
   </div>
   <div class='ocr_carea' id='block_1_87' title="bbox 473 4955 1977 5045">
    <p class='ocr_par' dir='ltr' id='par_1_87' title="bbox 473 4955 1977 5045">
     <span class='ocr_line' id='line_1_87' title="bbox 473 4955 1977 5045; baseline -0.014 -15"><span class='ocrx_word' id='word_1_621' title='bbox 473 4978 533 5030; x_wconf 78' lang='grc'><strong>’0</strong></span> <span class='ocrx_word' id='word_1_622' title='bbox 566 4974 668 5045; x_wconf 75' lang='grc' dir='ltr'>μὲν</span> <span class='ocrx_word' id='word_1_623' title='bbox 719 4970 815 5026; x_wconf 77' lang='grc' dir='ltr'><strong>οὖν</strong></span> <span class='ocrx_word' id='word_1_624' title='bbox 872 4965 1146 5039; x_wconf 77' lang='grc' dir='ltr'>Κύριλλος</span> <span class='ocrx_word' id='word_1_625' title='bbox 1204 4961 1437 5025; x_wconf 78' lang='grc' dir='ltr'>τοιαῦτα</span> <span class='ocrx_word' id='word_1_626' title='bbox 1489 4960 1636 5014; x_wconf 76' lang='grc' dir='ltr'>κατὰ</span> <span class='ocrx_word' id='word_1_627' title='bbox 1667 4958 1761 5013; x_wconf 84' lang='grc' dir='ltr'><strong>τοῦ</strong></span> <span class='ocrx_word' id='word_1_628' title='bbox 1826 4955 1977 5027; x_wconf 83' lang='grc' dir='ltr'>ίεροῦ</span> 
     </span>
    </p>
   </div>
   <div class='ocr_carea' id='block_1_88' title="bbox 391 5047 1980 5139">
    <p class='ocr_par' dir='ltr' id='par_1_88' title="bbox 391 5047 1980 5139">
     <span class='ocr_line' id='line_1_88' title="bbox 391 5047 1980 5139; baseline -0.015 -16"><span class='ocrx_word' id='word_1_629' title='bbox 391 5064 787 5139; x_wconf 86' lang='grc' dir='ltr'>Χρυσοστόμου</span> <span class='ocrx_word' id='word_1_630' title='bbox 836 5061 1049 5130; x_wconf 68' lang='grc' dir='ltr'>ἔγραφε</span> <span class='ocrx_word' id='word_1_631' title='bbox 1099 5056 1198 5111; x_wconf 75' lang='grc' dir='ltr'>καὶ</span> <span class='ocrx_word' id='word_1_632' title='bbox 1233 5053 1493 5123; x_wconf 76' lang='grc' dir='ltr'>ἐφρόνει,</span> <span class='ocrx_word' id='word_1_633' title='bbox 1528 5049 1802 5120; x_wconf 79' lang='grc' dir='ltr'>προλήψει</span> <span class='ocrx_word' id='word_1_634' title='bbox 1855 5047 1980 5101; x_wconf 85' lang='grc' dir='ltr'>δου-</span> 
     </span>
    </p>
   </div>
   <div class='ocr_carea' id='block_1_89' title="bbox 392 5140 1980 5231">
    <p class='ocr_par' dir='ltr' id='par_1_89' title="bbox 392 5140 1980 5231">
     <span class='ocr_line' id='line_1_89' title="bbox 392 5140 1980 5231; baseline -0.018 -12"><span class='ocrx_word' id='word_1_635' title='bbox 392 5163 591 5227; x_wconf 83' lang='grc' dir='ltr'>λεύων,</span> <span class='ocrx_word' id='word_1_636' title='bbox 628 5160 695 5231; x_wconf 76' lang='grc' dir='ltr'>ἢν</span> <span class='ocrx_word' id='word_1_637' title='bbox 725 5161 793 5213; x_wconf 83' lang='grc' dir='ltr'><strong>ἐκ</strong></span> <span class='ocrx_word' id='word_1_638' title='bbox 844 5152 1043 5210; x_wconf 90' lang='grc' dir='ltr'>πολλοῦ</span> <span class='ocrx_word' id='word_1_639' title='bbox 1079 5150 1209 5220; x_wconf 70' lang='grc' dir='ltr'>ἔσχε</span> <span class='ocrx_word' id='word_1_640' title='bbox 1236 5147 1316 5218; x_wconf 83' lang='grc' dir='ltr'>τῷ</span> <span class='ocrx_word' id='word_1_641' title='bbox 1373 5145 1506 5216; x_wconf 83' lang='grc' dir='ltr'>θείῳ</span> <span class='ocrx_word' id='word_1_642' title='bbox 1536 5141 1705 5198; x_wconf 84' lang='grc' dir='ltr'>αὐτοῦ</span> <span class='ocrx_word' id='word_1_643' title='bbox 1728 5140 1980 5212; x_wconf 80' lang='grc' dir='ltr'>Θεοφίλῳ</span> 
     </span>
    </p>
   </div>
   <div class='ocr_carea' id='block_1_90' title="bbox 393 5235 1982 5328">
    <p class='ocr_par' dir='ltr' id='par_1_90' title="bbox 393 5235 1982 5328">
     <span class='ocr_line' id='line_1_90' title="bbox 393 5235 1982 5328; baseline -0.017 -15"><span class='ocrx_word' id='word_1_644' title='bbox 393 5259 670 5328; x_wconf 72' lang='grc' dir='ltr'>ἑπόμενος</span> <span class='ocrx_word' id='word_1_645' title='bbox 694 5268 710 5284; x_wconf 76' lang='grc' dir='ltr'><strong>ο</strong></span> <span class='ocrx_word' id='word_1_646' title='bbox 754 5250 877 5305; x_wconf 73' lang='grc' dir='ltr'>ἐπεὶ</span> <span class='ocrx_word' id='word_1_647' title='bbox 906 5248 965 5303; x_wconf 87' lang='grc' dir='ltr'><strong>δέ</strong></span> <span class='ocrx_word' id='word_1_648' title='bbox 989 5245 1153 5318; x_wconf 79' lang='grc' dir='ltr'>ζῆλος</span> <span class='ocrx_word' id='word_1_649' title='bbox 1172 5238 1241 5314; x_wconf 80' lang='grc' dir='ltr'>ἦν</span> <span class='ocrx_word' id='word_1_650' title='bbox 1264 5241 1328 5301; x_wconf 80' lang='grc' dir='ltr'>τὸ</span> <span class='ocrx_word' id='word_1_651' title='bbox 1362 5237 1768 5312; x_wconf 83' lang='grc' dir='ltr'>πραττόμενον,</span> <span class='ocrx_word' id='word_1_652' title='bbox 1799 5236 1849 5289; x_wconf 78' lang='grc' dir='ltr'><strong>εί</strong></span> <span class='ocrx_word' id='word_1_653' title='bbox 1881 5235 1982 5288; x_wconf 78' lang='grc' dir='ltr'><strong>καὶ</strong></span> 
     </span>
    </p>
   </div>
   <div class='ocr_carea' id='block_1_91' title="bbox 401 5329 1981 5424">
    <p class='ocr_par' dir='ltr' id='par_1_91' title="bbox 401 5329 1981 5424">
     <span class='ocr_line' id='line_1_91' title="bbox 401 5329 1981 5424; baseline -0.018 -17"><span class='ocrx_word' id='word_1_654' title='bbox 401 5352 478 5424; x_wconf 83' lang='grc' dir='ltr'>μὴ</span> <span class='ocrx_word' id='word_1_655' title='bbox 506 5347 629 5424; x_wconf 50' lang='grc' dir='ltr'>κατ’</span> <span class='ocrx_word' id='word_1_656' title='bbox 674 5345 973 5414; x_wconf 79' lang='grc' dir='ltr'>ἐπίγνωσιν</span> <span class='ocrx_word' id='word_1_657' title='bbox 1008 5338 1168 5403; x_wconf 83' lang='grc' dir='ltr'>τέως,</span> <span class='ocrx_word' id='word_1_658' title='bbox 1203 5336 1264 5389; x_wconf 81' lang='grc' dir='ltr'><strong>οὐ</strong></span> <span class='ocrx_word' id='word_1_659' title='bbox 1318 5333 1516 5402; x_wconf 82' lang='grc' dir='ltr'>φθόνος</span> <span class='ocrx_word' id='word_1_660' title='bbox 1552 5330 1663 5384; x_wconf 83' lang='grc' dir='ltr'>οὐδ’</span> <span class='ocrx_word' id='word_1_661' title='bbox 1724 5329 1981 5390; x_wconf 72' lang='grc' dir='ltr'>ἔνστασις</span> 
     </span>
    </p>
   </div>
   <div class='ocr_carea' id='block_1_92' title="bbox 395 5421 1985 5511">
    <p class='ocr_par' dir='ltr' id='par_1_92' title="bbox 395 5421 1985 5511">
     <span class='ocr_line' id='line_1_92' title="bbox 395 5421 1985 5511; baseline -0.018 -11"><span class='ocrx_word' id='word_1_662' title='bbox 395 5421 681 5511; x_wconf 73' lang='grc' dir='ltr'>διαϐόλικὴ</span> <span class='ocrx_word' id='word_1_663' title='bbox 711 5440 774 5495; x_wconf 78' lang='grc' dir='ltr'>τὸ</span> <span class='ocrx_word' id='word_1_664' title='bbox 824 5435 1161 5506; x_wconf 78' lang='grc' dir='ltr'>μαχόμενον,</span> <span class='ocrx_word' id='word_1_665' title='bbox 1192 5430 1253 5485; x_wconf 87' lang='grc' dir='ltr'><strong>ού</strong></span> <span class='ocrx_word' id='word_1_666' title='bbox 1286 5427 1399 5481; x_wconf 84' lang='grc' dir='ltr'>δεῖν</span> <span class='ocrx_word' id='word_1_667' title='bbox 1431 5424 1630 5496; x_wconf 84' lang='grc' dir='ltr'>ἐκρίθη</span> <span class='ocrx_word' id='word_1_668' title='bbox 1679 5421 1841 5487; x_wconf 79' lang='grc' dir='ltr'>Θεοῦ,</span> <span class='ocrx_word' id='word_1_669' title='bbox 1895 5437 1985 5475; x_wconf 85' lang='grc' dir='ltr'>το-</span> 
     </span>
    </p>
   </div>
   <div class='ocr_carea' id='block_1_93' title="bbox 402 5509 1985 5601">
    <p class='ocr_par' dir='ltr' id='par_1_93' title="bbox 402 5509 1985 5601">
     <span class='ocr_line' id='line_1_93' title="bbox 402 5509 1985 5601; baseline -0.016 -11"><span class='ocrx_word' id='word_1_670' title='bbox 402 5535 595 5589; x_wconf 85' lang='grc' dir='ltr'>σοῦτον</span> <span class='ocrx_word' id='word_1_671' title='bbox 625 5509 774 5601; x_wconf 84' lang='grc' dir='ltr'>λόγῳ</span> <span class='ocrx_word' id='word_1_672' title='bbox 798 5526 895 5581; x_wconf 77' lang='grc' dir='ltr'>καὶ</span> <span class='ocrx_word' id='word_1_673' title='bbox 919 5525 1091 5595; x_wconf 74' lang='grc' dir='ltr'>ἀρετῇ</span> <span class='ocrx_word' id='word_1_674' title='bbox 1119 5519 1453 5589; x_wconf 78' lang='grc' dir='ltr'>διαφέροντα</span> <span class='ocrx_word' id='word_1_675' title='bbox 1493 5516 1551 5568; x_wconf 85' lang='grc' dir='ltr'><strong>ἐν</strong></span> <span class='ocrx_word' id='word_1_676' title='bbox 1578 5514 1759 5583; x_wconf 84' lang='grc' dir='ltr'>τούτῳ</span> <span class='ocrx_word' id='word_1_677' title='bbox 1787 5513 1852 5582; x_wconf 82' lang='grc' dir='ltr'>δὴ</span> <span class='ocrx_word' id='word_1_678' title='bbox 1886 5509 1985 5580; x_wconf 85' lang='grc' dir='ltr'>μό-</span> 
     </span>
    </p>
   </div>
   <div class='ocr_carea' id='block_1_94' title="bbox 400 5605 1983 5691">
    <p class='ocr_par' dir='ltr' id='par_1_94' title="bbox 400 5605 1983 5691">
     <span class='ocr_line' id='line_1_94' title="bbox 400 5605 1983 5691; baseline -0.016 -8"><span class='ocrx_word' id='word_1_679' title='bbox 400 5648 490 5683; x_wconf 88' lang='grc' dir='ltr'><strong>νον</strong></span> <span class='ocrx_word' id='word_1_680' title='bbox 523 5626 771 5691; x_wconf 77' lang='grc' dir='ltr'>σκάζειν,</span> <span class='ocrx_word' id='word_1_681' title='bbox 816 5620 913 5675; x_wconf 70' lang='grc' dir='ltr'>καὶ</span> <span class='ocrx_word' id='word_1_682' title='bbox 955 5619 1032 5689; x_wconf 83' lang='grc' dir='ltr'>μὴ</span> <span class='ocrx_word' id='word_1_683' title='bbox 1079 5618 1142 5671; x_wconf 82' lang='grc' dir='ltr'><strong>τὸ</strong></span> <span class='ocrx_word' id='word_1_684' title='bbox 1175 5617 1351 5685; x_wconf 78' lang='grc' dir='ltr'>ἄκρον</span> <span class='ocrx_word' id='word_1_685' title='bbox 1380 5610 1610 5683; x_wconf 80' lang='grc' dir='ltr'>φθάνειν</span> <span class='ocrx_word' id='word_1_686' title='bbox 1637 5610 1737 5677; x_wconf 68' lang='grc' dir='ltr'>τῆς</span> <span class='ocrx_word' id='word_1_687' title='bbox 1773 5605 1983 5667; x_wconf 85' lang='grc' dir='ltr'>τελειό-</span> 
     </span>
    </p>
   </div>
   <div class='ocr_carea' id='block_1_95' title="bbox 399 5698 1987 5792">
    <p class='ocr_par' dir='ltr' id='par_1_95' title="bbox 399 5698 1987 5792">
     <span class='ocr_line' id='line_1_95' title="bbox 399 5698 1987 5792; baseline -0.016 -17"><span class='ocrx_word' id='word_1_688' title='bbox 399 5736 590 5792; x_wconf 77' lang='grc' dir='ltr'>τητοςο</span> <span class='ocrx_word' id='word_1_689' title='bbox 622 5719 905 5789; x_wconf 78' lang='grc' dir='ltr'>ἄνθρωποι</span> <span class='ocrx_word' id='word_1_690' title='bbox 955 5712 1065 5781; x_wconf 81' lang='grc' dir='ltr'>γὰρ</span> <span class='ocrx_word' id='word_1_691' title='bbox 1097 5705 1265 5780; x_wconf 79' lang='grc' dir='ltr'>ἦσαν,</span> <span class='ocrx_word' id='word_1_692' title='bbox 1295 5705 1393 5760; x_wconf 78' lang='grc' dir='ltr'>καὶ</span> <span class='ocrx_word' id='word_1_693' title='bbox 1444 5700 1815 5773; x_wconf 85' lang='grc' dir='ltr'>ἀνθρωπίνοις</span> <span class='ocrx_word' id='word_1_694' title='bbox 1851 5698 1987 5751; x_wconf 43' lang='grc' dir='ltr'><strong>ύπὲε</strong></span> 
     </span>
    </p>
   </div>
   <div class='ocr_carea' id='block_1_96' title="bbox 405 5791 1984 5867">
    <p class='ocr_par' dir='ltr' id='par_1_96' title="bbox 405 5791 1984 5867">
     <span class='ocr_line' id='line_1_96' title="bbox 405 5791 1984 5867; baseline -0.016 0"><span class='ocrx_word' id='word_1_695' title='bbox 405 5829 585 5867; x_wconf 85' lang='grc' dir='ltr'>κειντο</span> <span class='ocrx_word' id='word_1_696' title='bbox 622 5809 843 5863; x_wconf 80' lang='grc' dir='ltr'>πάθεσι.</span> <span class='ocrx_word' id='word_1_697' title='bbox 873 5804 974 5858; x_wconf 80' lang='grc' dir='ltr'><strong>Διά</strong></span> <span class='ocrx_word' id='word_1_698' title='bbox 1007 5819 1091 5856; x_wconf 86' lang='grc' dir='ltr'><strong>τοι</strong></span> <span class='ocrx_word' id='word_1_699' title='bbox 1144 5799 1306 5853; x_wconf 88' lang='grc' dir='ltr'>τοῦτο</span> <span class='ocrx_word' id='word_1_700' title='bbox 1355 5798 1451 5849; x_wconf 74' lang='grc' dir='ltr'>καὶ</span> <span class='ocrx_word' id='word_1_701' title='bbox 1497 5793 1678 5865; x_wconf 85' lang='grc' dir='ltr'>χρόνῳ</span> <span class='ocrx_word' id='word_1_702' title='bbox 1735 5791 1984 5861; x_wconf 70' lang='grc' dir='ltr'>ὕστερον,</span> 
     </span>
    </p>
   </div>
   <div class='ocr_carea' id='block_1_97' title="bbox 404 5881 1987 5961">
    <p class='ocr_par' dir='ltr' id='par_1_97' title="bbox 404 5881 1987 5961">
     <span class='ocr_line' id='line_1_97' title="bbox 404 5881 1987 5961; baseline -0.019 0"><span class='ocrx_word' id='word_1_703' title='bbox 404 5906 618 5961; x_wconf 86' lang='grc' dir='ltr'>πολλῶν</span> <span class='ocrx_word' id='word_1_704' title='bbox 639 5902 734 5959; x_wconf 80' lang='grc' dir='ltr'>καὶ</span> <span class='ocrx_word' id='word_1_705' title='bbox 758 5900 935 5957; x_wconf 76' lang='grc' dir='ltr'>ἄλλων</span> <span class='ocrx_word' id='word_1_706' title='bbox 962 5891 1419 5954; x_wconf 74' lang='grc' dir='ltr'>συνελαυνόντων,</span> <span class='ocrx_word' id='word_1_707' title='bbox 1440 5887 1515 5942; x_wconf 89' lang='grc' dir='ltr'><strong>τῶ</strong></span> <span class='ocrx_word' id='word_1_708' title='bbox 1544 5884 1765 5953; x_wconf 78' lang='grc' dir='ltr'>μεγάλῳ</span> <span class='ocrx_word' id='word_1_709' title='bbox 1790 5881 1987 5949; x_wconf 78' lang='grc' dir='ltr'>ἐκείνῳ</span> 
     </span>
    </p>
   </div>
   <div class='ocr_carea' id='block_1_98' title="bbox 2151 4680 3661 4768">
    <p class='ocr_par' dir='ltr' id='par_1_98' title="bbox 2151 4680 3661 4768">
     <span class='ocr_line' id='line_1_98' title="bbox 2151 4680 3661 4768; baseline -0.017 -11"><span class='ocrx_word' id='word_1_710' title='bbox 2151 4705 2233 4758; x_wconf 75' lang='lat' dir='ltr'><strong>nis</strong></span> <span class='ocrx_word' id='word_1_711' title='bbox 2277 4680 2564 4768; x_wconf 47' lang='lat' dir='ltr'><strong>susceperit</strong></span> <span class='ocrx_word' id='word_1_712' title='bbox 2604 4680 2634 4748; x_wconf 69' lang='grc' dir='ltr'>ε’</span> <span class='ocrx_word' id='word_1_713' title='bbox 2669 4694 3280 4768; x_wconf 44' lang='grc' dir='ltr'>σοηοερτκηιᾳιιι-αηξοιι</span> <span class='ocrx_word' id='word_1_714' title='bbox 3319 4684 3521 4747; x_wconf 81' lang='lat' dir='ltr'><strong>odium,</strong></span> <span class='ocrx_word' id='word_1_715' title='bbox 3563 4680 3661 4734; x_wconf 84' lang='lat' dir='ltr'><strong>Dei</strong></span> 
     </span>
    </p>
   </div>
   <div class='ocr_carea' id='block_1_99' title="bbox 2153 4758 3262 4830">
    <p class='ocr_par' dir='ltr' id='par_1_99' title="bbox 2153 4758 3262 4830">
     <span class='ocr_line' id='line_1_99' title="bbox 2153 4758 3262 4830; baseline -0.019 0"><span class='ocrx_word' id='word_1_716' title='bbox 2153 4758 2437 4830; x_wconf 61' lang='lat' dir='ltr'><strong>Genitricis&#39;</strong></span> <span class='ocrx_word' id='word_1_717' title='bbox 2466 4758 2861 4827; x_wconf 72' lang='lat' dir='ltr'><strong>intercessione,</strong></span> <span class='ocrx_word' id='word_1_718' title='bbox 2901 4762 2948 4814; x_wconf 81' lang='lat' dir='ltr'><strong>ei</strong></span> <span class='ocrx_word' id='word_1_719' title='bbox 2973 4758 3262 4813; x_wconf 71' lang='lat' dir='ltr'><strong>remiserit.</strong></span> 
     </span>
    </p>
   </div>
   <div class='ocr_carea' id='block_1_100' title="bbox 2153 4939 3666 5022">
    <p class='ocr_par' dir='ltr' id='par_1_100' title="bbox 2153 4939 3666 5022">
     <span class='ocr_line' id='line_1_100' title="bbox 2153 4939 3666 5022; baseline -0.013 -12"><span class='ocrx_word' id='word_1_720' title='bbox 2153 4953 2282 5011; x_wconf 64' lang='lat' dir='ltr'><strong>Haec</strong></span> <span class='ocrx_word' id='word_1_721' title='bbox 2320 4949 2548 5022; x_wconf 89' lang='lat' dir='ltr'><strong>quidem</strong></span> <span class='ocrx_word' id='word_1_722' title='bbox 2597 4945 2842 5018; x_wconf 82' lang='lat' dir='ltr'><strong>Cyrillus</strong></span> <span class='ocrx_word' id='word_1_723' title='bbox 2876 4942 2945 4998; x_wconf 89' lang='lat' dir='ltr'><strong>de</strong></span> <span class='ocrx_word' id='word_1_724' title='bbox 2987 4955 3151 4997; x_wconf 88' lang='lat' dir='ltr'><strong>sacro</strong></span> <span class='ocrx_word' id='word_1_725' title='bbox 3181 4939 3582 5010; x_wconf 83' lang='lat' dir='ltr'><strong>Chrysostomo</strong></span> <span class='ocrx_word' id='word_1_726' title='bbox 3610 4944 3666 4990; x_wconf 89' lang='lat' dir='ltr'><strong>et</strong></span> 
     </span>
    </p>
   </div>
   <div class='ocr_carea' id='block_1_101' title="bbox 2081 5028 3665 5116">
    <p class='ocr_par' dir='ltr' id='par_1_101' title="bbox 2081 5028 3665 5116">
     <span class='ocr_line' id='line_1_101' title="bbox 2081 5028 3665 5116; baseline -0.013 -14"><span class='ocrx_word' id='word_1_727' title='bbox 2081 5043 2310 5116; x_wconf 87' lang='lat' dir='ltr'><strong>scripsit</strong></span> <span class='ocrx_word' id='word_1_728' title='bbox 2339 5052 2399 5098; x_wconf 91' lang='lat' dir='ltr'><strong>et</strong></span> <span class='ocrx_word' id='word_1_729' title='bbox 2425 5039 2627 5105; x_wconf 89' lang='lat' dir='ltr'><strong>sensit,</strong></span> <span class='ocrx_word' id='word_1_730' title='bbox 2660 5042 3010 5106; x_wconf 68' lang='lat' dir='ltr'><strong>praesumpta:</strong></span> <span class='ocrx_word' id='word_1_731' title='bbox 3044 5031 3297 5103; x_wconf 89' lang='lat' dir='ltr'><strong>opinioni</strong></span> <span class='ocrx_word' id='word_1_732' title='bbox 3329 5028 3665 5090; x_wconf 88' lang='lat' dir='ltr'><strong>inserviens.</strong></span> 
     </span>
    </p>
   </div>
   <div class='ocr_carea' id='block_1_102' title="bbox 2084 5122 3668 5211">
    <p class='ocr_par' dir='ltr' id='par_1_102' title="bbox 2084 5122 3668 5211">
     <span class='ocr_line' id='line_1_102' title="bbox 2084 5122 3668 5211; baseline -0.014 -16"><span class='ocrx_word' id='word_1_733' title='bbox 2084 5152 2249 5211; x_wconf 89' lang='lat' dir='ltr'><strong>quam</strong></span> <span class='ocrx_word' id='word_1_734' title='bbox 2277 5134 2489 5192; x_wconf 88' lang='lat' dir='ltr'><strong>dudum</strong></span> <span class='ocrx_word' id='word_1_735' title='bbox 2519 5141 2782 5203; x_wconf 86' lang='lat' dir='ltr'><strong>patruum</strong></span> <span class='ocrx_word' id='word_1_736' title='bbox 2812 5141 2975 5182; x_wconf 89' lang='lat' dir='ltr'><strong>suum</strong></span> <span class='ocrx_word' id='word_1_737' title='bbox 3018 5122 3395 5194; x_wconf 86' lang='lat' dir='ltr'><strong>Theophilum</strong></span> <span class='ocrx_word' id='word_1_738' title='bbox 3439 5128 3668 5176; x_wconf 86' lang='lat' dir='ltr'><strong>secutus</strong></span> 
     </span>
    </p>
   </div>
   <div class='ocr_carea' id='block_1_103' title="bbox 2083 5212 3662 5301">
    <p class='ocr_par' dir='ltr' id='par_1_103' title="bbox 2083 5212 3662 5301">
     <span class='ocr_line' id='line_1_103' title="bbox 2083 5212 3662 5301; baseline -0.015 -13"><span class='ocrx_word' id='word_1_739' title='bbox 2083 5237 2439 5301; x_wconf 88' lang='lat' dir='ltr'><strong>conceperat.</strong></span> <span class='ocrx_word' id='word_1_740' title='bbox 2485 5223 2761 5292; x_wconf 86' lang='lat' dir='ltr'><strong>Quoniam</strong></span> <span class='ocrx_word' id='word_1_741' title='bbox 2807 5234 2942 5276; x_wconf 88' lang='lat' dir='ltr'><strong>vero</strong></span> <span class='ocrx_word' id='word_1_742' title='bbox 2974 5216 3268 5273; x_wconf 87' lang='lat' dir='ltr'><strong>dissidium</strong></span> <span class='ocrx_word' id='word_1_743' title='bbox 3296 5214 3403 5273; x_wconf 80' lang='lat' dir='ltr'><strong>hoc</strong></span> <span class='ocrx_word' id='word_1_744' title='bbox 3434 5212 3662 5283; x_wconf 84' lang='lat' dir='ltr'><strong>quidem</strong></span> 
     </span>
    </p>
   </div>
   <div class='ocr_carea' id='block_1_104' title="bbox 2082 5303 3667 5388">
    <p class='ocr_par' dir='ltr' id='par_1_104' title="bbox 2082 5303 3667 5388">
     <span class='ocr_line' id='line_1_104' title="bbox 2082 5303 3667 5388; baseline -0.016 -6"><span class='ocrx_word' id='word_1_745' title='bbox 2082 5341 2155 5382; x_wconf 77' lang='lat' dir='ltr'><strong>ex</strong></span> <span class='ocrx_word' id='word_1_746' title='bbox 2176 5321 2554 5385; x_wconf 66' lang='lat' dir='ltr'><strong>aemulatione,</strong></span> <span class='ocrx_word' id='word_1_747' title='bbox 2582 5314 2838 5388; x_wconf 89' lang='lat' dir='ltr'><strong>quamvis</strong></span> <span class='ocrx_word' id='word_1_748' title='bbox 2863 5327 2979 5383; x_wconf 85' lang='lat' dir='ltr'><strong>non</strong></span> <span class='ocrx_word' id='word_1_749' title='bbox 3009 5309 3318 5366; x_wconf 87' lang='lat' dir='ltr'><strong>secundum</strong></span> <span class='ocrx_word' id='word_1_750' title='bbox 3351 5303 3667 5370; x_wconf 85' lang='lat' dir='ltr'><strong>scientiam,</strong></span> 
     </span>
    </p>
   </div>
   <div class='ocr_carea' id='block_1_105' title="bbox 2085 5399 3673 5474">
    <p class='ocr_par' dir='ltr' id='par_1_105' title="bbox 2085 5399 3673 5474">
     <span class='ocr_line' id='line_1_105' title="bbox 2085 5399 3673 5474; baseline -0.016 -1"><span class='ocrx_word' id='word_1_751' title='bbox 2085 5432 2201 5473; x_wconf 89' lang='lat' dir='ltr'><strong>non</strong></span> <span class='ocrx_word' id='word_1_752' title='bbox 2253 5422 2442 5470; x_wconf 88' lang='lat' dir='ltr'><strong>autem</strong></span> <span class='ocrx_word' id='word_1_753' title='bbox 2488 5426 2557 5466; x_wconf 81' lang='lat' dir='ltr'><strong>ex</strong></span> <span class='ocrx_word' id='word_1_754' title='bbox 2603 5407 2838 5473; x_wconf 88' lang='lat' dir='ltr'><strong>invidia,</strong></span> <span class='ocrx_word' id='word_1_755' title='bbox 2885 5418 3071 5474; x_wconf 88' lang='lat' dir='ltr'><strong>neque</strong></span> <span class='ocrx_word' id='word_1_756' title='bbox 3105 5399 3386 5455; x_wconf 86' lang='lat' dir='ltr'><strong>diabolica</strong></span> <span class='ocrx_word' id='word_1_757' title='bbox 3438 5404 3673 5450; x_wconf 84' lang='lat' dir='ltr'><strong>conten-</strong></span> 
     </span>
    </p>
   </div>
   <div class='ocr_carea' id='block_1_106' title="bbox 2087 5488 3671 5571">
    <p class='ocr_par' dir='ltr' id='par_1_106' title="bbox 2087 5488 3671 5571">
     <span class='ocr_line' id='line_1_106' title="bbox 2087 5488 3671 5571; baseline -0.016 -5"><span class='ocrx_word' id='word_1_758' title='bbox 2087 5512 2239 5566; x_wconf 84' lang='lat' dir='ltr'><strong>tione</strong></span> <span class='ocrx_word' id='word_1_759' title='bbox 2269 5505 2540 5571; x_wconf 88' lang='lat' dir='ltr'><strong>manavit,</strong></span> <span class='ocrx_word' id='word_1_760' title='bbox 2568 5517 2684 5558; x_wconf 88' lang='lat' dir='ltr'><strong>non</strong></span> <span class='ocrx_word' id='word_1_761' title='bbox 2719 5506 2985 5571; x_wconf 87' lang='lat' dir='ltr'><strong>oportere</strong></span> <span class='ocrx_word' id='word_1_762' title='bbox 3017 5496 3198 5550; x_wconf 89' lang='lat' dir='ltr'><strong>virum</strong></span> <span class='ocrx_word' id='word_1_763' title='bbox 3239 5501 3299 5546; x_wconf 88' lang='lat' dir='ltr'><strong>et</strong></span> <span class='ocrx_word' id='word_1_764' title='bbox 3324 5488 3579 5545; x_wconf 89' lang='lat' dir='ltr'><strong>doctrina</strong></span> <span class='ocrx_word' id='word_1_765' title='bbox 3613 5496 3671 5542; x_wconf 92' lang='lat' dir='ltr'><strong>et</strong></span> 
     </span>
    </p>
   </div>
   <div class='ocr_carea' id='block_1_107' title="bbox 2088 5583 3675 5671">
    <p class='ocr_par' dir='ltr' id='par_1_107' title="bbox 2088 5583 3675 5671">
     <span class='ocr_line' id='line_1_107' title="bbox 2088 5583 3675 5671; baseline -0.017 -13"><span class='ocrx_word' id='word_1_766' title='bbox 2088 5602 2300 5658; x_wconf 89' lang='lat' dir='ltr'><strong>virtute</strong></span> <span class='ocrx_word' id='word_1_767' title='bbox 2321 5605 2704 5671; x_wconf 64' lang='lat' dir='ltr'><strong>prastantem,</strong></span> <span class='ocrx_word' id='word_1_768' title='bbox 2732 5593 2837 5648; x_wconf 90' lang='lat' dir='ltr'><strong>hac</strong></span> <span class='ocrx_word' id='word_1_769' title='bbox 2860 5605 2969 5646; x_wconf 89' lang='lat' dir='ltr'><strong>una</strong></span> <span class='ocrx_word' id='word_1_770' title='bbox 2995 5589 3054 5643; x_wconf 88' lang='lat' dir='ltr'><strong>in</strong></span> <span class='ocrx_word' id='word_1_771' title='bbox 3083 5601 3145 5642; x_wconf 90' lang='lat' dir='ltr'><strong>re</strong></span> <span class='ocrx_word' id='word_1_772' title='bbox 3168 5583 3509 5647; x_wconf 89' lang='lat' dir='ltr'><strong>claudicare,</strong></span> <span class='ocrx_word' id='word_1_773' title='bbox 3533 5595 3675 5649; x_wconf 85' lang='lat' dir='ltr'><strong>quo-</strong></span> 
     </span>
    </p>
   </div>
   <div class='ocr_carea' id='block_1_108' title="bbox 2091 5673 3671 5757">
    <p class='ocr_par' dir='ltr' id='par_1_108' title="bbox 2091 5673 3671 5757">
     <span class='ocr_line' id='line_1_108' title="bbox 2091 5673 3671 5757; baseline -0.015 -7"><span class='ocrx_word' id='word_1_774' title='bbox 2091 5695 2277 5750; x_wconf 89' lang='lat' dir='ltr'><strong>minus</strong></span> <span class='ocrx_word' id='word_1_775' title='bbox 2308 5691 2379 5747; x_wconf 90' lang='lat' dir='ltr'><strong>ad</strong></span> <span class='ocrx_word' id='word_1_776' title='bbox 2410 5703 2683 5746; x_wconf 89' lang='lat' dir='ltr'><strong>summam</strong></span> <span class='ocrx_word' id='word_1_777' title='bbox 2732 5682 3133 5757; x_wconf 70' lang='lat' dir='ltr'><strong>perfectionem</strong></span> <span class='ocrx_word' id='word_1_778' title='bbox 3182 5675 3524 5748; x_wconf 90' lang='lat' dir='ltr'><strong>perveniret,</strong></span> <span class='ocrx_word' id='word_1_779' title='bbox 3556 5673 3671 5728; x_wconf 87' lang='lat' dir='ltr'><strong>Deo</strong></span> 
     </span>
    </p>
   </div>
   <div class='ocr_carea' id='block_1_109' title="bbox 2090 5764 3673 5842">
    <p class='ocr_par' dir='ltr' id='par_1_109' title="bbox 2090 5764 3673 5842">
     <span class='ocr_line' id='line_1_109' title="bbox 2090 5764 3673 5842; baseline -0.017 0"><span class='ocrx_word' id='word_1_780' title='bbox 2090 5788 2272 5842; x_wconf 89' lang='lat' dir='ltr'><strong>visum</strong></span> <span class='ocrx_word' id='word_1_781' title='bbox 2309 5793 2415 5839; x_wconf 88' lang='lat' dir='ltr'><strong>cst.</strong></span> <span class='ocrx_word' id='word_1_782' title='bbox 2466 5782 2731 5837; x_wconf 79' lang='lat' dir='ltr'><strong>Homines</strong></span> <span class='ocrx_word' id='word_1_783' title='bbox 2779 5774 2932 5831; x_wconf 88' lang='lat' dir='ltr'><strong>enim</strong></span> <span class='ocrx_word' id='word_1_784' title='bbox 2975 5773 3051 5827; x_wconf 91' lang='lat' dir='ltr'><strong>illi</strong></span> <span class='ocrx_word' id='word_1_785' title='bbox 3100 5778 3283 5834; x_wconf 90' lang='lat' dir='ltr'><strong>erant,</strong></span> <span class='ocrx_word' id='word_1_786' title='bbox 3316 5775 3374 5821; x_wconf 89' lang='lat' dir='ltr'><strong>et</strong></span> <span class='ocrx_word' id='word_1_787' title='bbox 3411 5764 3673 5820; x_wconf 85' lang='lat' dir='ltr'><strong>humanis</strong></span> 
     </span>
    </p>
   </div>
   <div class='ocr_carea' id='block_1_110' title="bbox 2094 5858 3666 5936">
    <p class='ocr_par' dir='ltr' id='par_1_110' title="bbox 2094 5858 3666 5936">
     <span class='ocr_line' id='line_1_110' title="bbox 2094 5858 3666 5936; baseline -0.018 -2"><span class='ocrx_word' id='word_1_788' title='bbox 2094 5875 2484 5934; x_wconf 78' lang='lat' dir='ltr'><strong>alicctionibus</strong></span> <span class='ocrx_word' id='word_1_789' title='bbox 2525 5869 2772 5927; x_wconf 77' lang='lat' dir='ltr'><strong>obnoxii.</strong></span> <span class='ocrx_word' id='word_1_790' title='bbox 2813 5866 3163 5936; x_wconf 86' lang='lat' dir='ltr'><strong>Quapropter</strong></span> <span class='ocrx_word' id='word_1_791' title='bbox 3206 5858 3490 5929; x_wconf 76' lang='lat' dir='ltr'><strong>aliquanto</strong></span> <span class='ocrx_word' id='word_1_792' title='bbox 3525 5865 3666 5925; x_wconf 86' lang='lat' dir='ltr'><strong>post,</strong></span> 
     </span>
    </p>
   </div>
  </div>
