4092 6466
518 371 651 440 1151

1712 372 2170 439 'NICEPHORI
2209 331 2556 436 CALLts'rt

3635 384 3755 451 1152

510 483 756 556 Cyrillus
802 498 930 541 cum
984 499 1186 557 magno
1230 485 1326 541 illo
1379 486 1524 549 viro,
1571 487 1738 543 etiam
1799 498 1928 558 post
1982 490 2099 560 ejus

2209 489 2303 541 καὶ
2330 488 2473 555 μετὰ
2496 485 2735 539 θάνατον
2766 486 3091 544 σπένδει-αι’
3120 489 3213 544 καὶ
3241 490 3477 563 μάλιστα
3513 493 3763 567 Ἰσιδώρου

511 583 782 641 mortem,
813 576 869 630 in
897 578 1133 648 gratiam
1169 578 1357 645 rediit,
1384 595 1752 649 erroremque
1784 595 1949 635 suum
1974 595 2101 636 cum

512 668 708 725 multis
755 668 880 725 aliis
931 670 1373 734 concitantibus,
1427 681 1543 727 tum
1598 673 1840 728 maxime
1888 672 2104 729 lsidoro

510 761 794 817 Pelusiota
848 777 999 817 nunc
1049 764 1489 833 reprehensione
1526 780 1676 821 nunc
1718 766 2103 823 admonitione

512 867 641 907 eum
668 854 1019 920 cohortante,
1048 855 1237 910 divina
1257 856 1424 911 etiam
1454 870 1511 912 et
1535 858 1832 914 arcaniore
1861 859 2099 929 quadam

512 945 857 1000 revelatione
916 947 1255 1010 accedente,
1307 950 1573 1004 correxit.
1606 951 1811 1006 Videre
1859 967 2101 1020 namque

511 1037 665 1094 visus
696 1048 802 1105 est,
829 1041 1073 1109 seipsum
1113 1042 1292 1096 sacris
1322 1042 1541 1098 :edibus
1570 1045 1865 1113 expulsum
1900 1061 2022 1101 esse
2070 1063 2102 1102 a

510 1129 751 1194 Joanne,
787 1131 1057 1185 comitatu
1097 1141 1154 1185 et
1203 1132 1426 1199 divino,
1468 1135 1562 1203 qui
1611 1135 1758 1190 circa
1798 1151 1925 1190 eum
1958 1144 2099 1202 erat,

510 1220 776 1276 satellitio
818 1223 1060 1277 maxime
1111 1222 1255 1278 freto
1290 1244 1304 1280 :
1337 1235 1395 1281 et
1445 1235 1680 1281 matrem
1728 1228 1951 1283 Domini
1999 1244 2101 1299 pro

508 1314 633 1381 ipso
697 1320 1093 1385 deprecantem
1152 1317 1452 1383 Joannem,
1508 1329 1677 1391 atque
1741 1336 1866 1374 cum
1923 1323 2099 1376 multa

504 1407 679 1460 etiam
734 1408 841 1461 alia
878 1417 996 1461 tum
1056 1408 1192 1462 illud
1246 1411 1526 1478 praecipue
1574 1411 1719 1480 quod
1771 1426 1872 1480 pro
1923 1412 2100 1482 ipsius

510 1499 688 1567 gloria
719 1500 1027 1570 plurimum
1066 1501 1158 1555 ille
1188 1501 1510 1565 decertarit,
1544 1503 1710 1558 sicuti
1737 1503 1974 1569 dicetur,
2014 1520 2100 1559 re-

509 1591 805 1653 ferentem,
859 1601 920 1647 ut
967 1593 1024 1647 in
1066 1609 1223 1649 sacra
1256 1597 1461 1666 templa
1496 1597 1866 1668 reciperetur,
1910 1612 2095 1652 orare.

510 1683 667 1740 lianc
694 1686 967 1741 visionem
999 1703 1127 1743 cum
1152 1689 1316 1745 divus
1342 1689 1583 1761 Cyrillus
1609 1690 2016 1762 cogitabundus
2041 1692 2098 1747 in

509 1780 702 1834 animo
724 1796 914 1835 secum
940 1782 1215 1850 volveret,
1258 1799 1319 1839 se
1350 1784 1530 1854 ipsum
1563 1786 1713 1856 quod
1749 1788 1804 1840 in
1836 1796 2093 1842 sanctum

505 1874 693 1951 virum
740 1874 995 1931 invectus
1026 1885 1194 1941 esset,
1248 1878 1536 1934 damnavit
1578 1898 1590 1933 :
1637 1890 1695 1935 et
1736 1880 1941 1935 deinde
1975 1881 2095 1950 ipse

505 1983 731 2038 quoque
764 1984 826 2023 re
860 1970 1109 2041 cognita,
1132 1969 1397 2027 Ecclesia:
1412 1970 1793 2044 Chrysostomi
1819 1971 2097 2036 addictus,

504 2061 687 2116 virum
720 2078 848 2118 eum
899 2064 1211 2120 admiratus
1260 2074 1369 2132 est,
1418 2064 1689 2136 valdeque
1741 2081 1895 2129 eum,
1946 2065 2096 2135 quod

506 2163 705 2209 contra
757 2155 912 2209 illum
968 2157 1305 2227 imprudens
1340 2171 1571 2229 prorsus
1620 2158 1872 2213 irritatus
1906 2158 2095 2221 fuerit,

503 2247 789 2317 pmnituit.
830 2248 1072 2303 Proinde
1101 2251 1382 2306 diversum
1426 2250 1658 2306 omnino
1688 2266 1717 2305 τι
1750 2250 1937 2320 priore
1965 2266 2098 2306 eon-

504 2340 634 2394 silio
686 2341 921 2407 faciens,
975 2344 1251 2408 synodum
1307 2345 1709 2414 provincialem
1771 2344 1984 2413 coegit,
2039 2353 2098 2398 et

501 2433 737 2490 Joannis
769 2450 971 2490 nomen
998 2436 1163 2491 simul
1202 2447 1255 2492 et
1287 2439 1406 2508 ipse
1441 2447 1499 2493 et
1535 2439 1737 2508 reliqui
1771 2451 2093 2509 magnarum

505 2528 724 2582 sedium
758 2530 1060 2593 antistites,
1084 2531 1137 2584 in
1178 2547 1339 2585 sacro
1360 2531 1487 2586 albo
1540 2542 1977 2602 proposuerunt.
2012 2532 2097 2588 llli

503 2634 643 2676 vero
697 2621 884 2675 minus
933 2637 1064 2676 vere
1115 2623 1304 2677 dicere
1356 2623 1646 2689 videntur,
1694 2625 1787 2694 qui
1826 2622 2097 2695 Cyrillum

503 2713 685 2770 libros
738 2713 878 2769 alios
934 2715 1120 2785 magni
1177 2716 1361 2773 Patris
1408 2717 1720 2773 abolevisse
1770 2718 2096 2788 perhibent.

500 2807 642 2864 Nam
673 2807 718 2863 si
749 2823 858 2878 qua
891 2810 1102 2880 scripta
1134 2810 1255 2881 ejus
1284 2809 1555 2865 abolenda
1598 2819 1781 2875 erant,
1821 2811 1939 2865 haac
1974 2826 2097 2880 quae

501 2900 686 2956 adhuc
716 2911 961 2964 exstant,
1001 2903 1150 2972 quod
1189 2903 1485 2959 consilium
1517 2903 1949 2974 institutumque
1972 2905 2096 2977 ejus

500 2990 563 3077 in
587 2992 668 3047 eis
703 2992 941 3047 maxime
973 3009 1303 3065 expressum
1337 3002 1447 3059 est,
1475 2994 1685 3050 abolita
1714 2996 2092 3066 oportuisset:

500 3085 609 3140 nisi
661 3085 811 3141 Deus
866 3087 1127 3142 utilitatis
1176 3088 1467 3142 hominum
1519 3105 1710 3145 curam
1753 3104 1977 3160 gerens,
2027 3103 2094 3144 ea

2205 577 2301 632 τοῦ
2339 578 2752 647 Πηλουσιὼτου,
2791 581 2862 650 πῆ
2918 582 3018 650 μὲν
3049 583 3279 654 ἐλέγχῳ,
3314 588 3389 657 πῆ
3422 586 3479 641 δὲ
3509 592 3599 642 καὶ
3627 609 3760 662 παρ.

2205 670 2414 724 αινέσει
2465 672 2779 743 χρωμένου,
2829 672 3174 745 διορθώσεως
3217 675 3467 741 ἀξιοῦται
3508 679 3623 753 θείᾳ
3666 684 3762 735 τινι

2206 765 2301 819 καὶ
2355 765 2748 838 μυστικωτέρᾳ
2796 767 3167 839 ἀποκαλύψει.
3219 769 3430 825 Ἐδόκει
3484 773 3592 842 γὰρ
3646 775 3761 846 όρᾷν

2206 857 2401 910 ἑαυτὸν
2440 856 2544 928 μὲν
2576 856 2685 909 τῶν
2748 857 2913 927 ἱερῶν
2941 858 3317 928 ἐξωθούμενον
3370 862 3476 916 ὑπὸ
3510 864 3758 930 Ἰωάννου,

2208 948 2529 1021 παρρησίας
2594 949 2864 1020 μεγίστης
2934 951 3241 1021 ἠξιωμένου
3301 955 3368 1025 τῇ
3429 956 3558 1026 περὶ
3616 956 3761 1012 αὐτὸν

2205 1042 2400 1110 πομπῇ
2450 1040 2546 1093 καὶ
2579 1039 2701 1111 θείᾳ
2728 1040 3055 1112 δορυφορίᾳ,
3084 1043 3184 1111 τὴν
3211 1042 3268 1095 δὲ
3295 1043 3390 1097 τοῦ
3442 1044 3643 1115 Κυρίου
3670 1064 3762 1117 μη-

2203 1131 2338 1202 τέρα
2369 1132 2509 1202 ὑπὲρ
2559 1133 2730 1186 αὐτοῦ
2779 1132 2870 1185 τὸν
2911 1132 3168 1204 Ἰωάννην
3227 1134 3629 1202 ἀντιϐολοῦσαν,
3684 1137 3763 1191 καὶ

2203 1224 2468 1288 ἀξιοῦσαν
2517 1227 2633 1287 τοῖς
2664 1227 2831 1296 ἱεροῖς
2861 1226 3190 1295 ἀνακτόροις
3243 1226 3651 1298 παραδεχθῆναι
3681 1228 3766 1283 αὐ-

2201 1316 2321 1384 τὸν,
2349 1316 2525 1371 πολλὰ
2563 1318 2665 1387 μὲν
2699 1317 2797 1371 καὶ
2843 1317 2978 1372 ἄλλα
3032 1318 3510 1388 προϐαλλομένην,
3554 1321 3681 1390 πρὸς
3715 1320 3763 1374 δὲ

2202 1411 2300 1463 καὶ
2333 1411 2411 1475 ὡς
2449 1411 2682 1465 πλεῖστα
2711 1411 2853 1480 ὑπὲρ
2884 1413 2986 1478 τῆς
3029 1412 3201 1481 αὐτῆς
3231 1412 3392 1480 δόξης
3442 1411 3764 1482 ἀγωνισάμε-

2203 1521 2313 1570 νον,
2362 1504 2440 1566 ὡς
2472 1502 2780 1567 λελέξεται.
2812 1497 2917 1557 *Ων
2949 1506 3007 1556 ὲν
3032 1504 3269 1574 ιμεθέξει
3309 1503 3599 1574 γενόμενος
3625 1506 3650 1557 ό
3685 1504 3763 1556 ιε.
3796 1568 3807 1585 1

2204 1600 2431 1660 σπὲσιος
2481 1596 2778 1668 Κύριλλος,
2835 1597 2931 1652 καὶ
2974 1597 3328 1668 ἁναπολήσας
3357 1596 3532 1651 ταῦτα
3561 1598 3666 1659 τοῖς
3690 1598 3766 1650 λο-

2201 1691 2449 1760 γισμοῖς,
2492 1690 2743 1758 κατέγνω
2777 1690 2881 1763 μὲν
2913 1689 3114 1744 ἑαυτοῦ
3142 1690 3243 1758 τῆς
3271 1690 3368 1742 ἐπὶ
3404 1689 3482 1760 τῷ
3507 1688 3643 1761 ἁγίῳ
3680 1707 3765 1742 κα-

2200 1783 2485 1854 ταδρομῆς
2506 1801 2522 1816 ’
2551 1782 2647 1837 καὶ
2677 1783 2969 1837 τουλοιποῦ
2999 1785 3179 1847 συνεὶς
3210 1783 3306 1836 καὶ
3336 1784 3523 1846 αὐτὸς,
3555 1785 3616 1852 τῇ
3640 1785 3762 1835 κατὰ

2198 1876 2293 1930 τὸν
2345 1874 2741 1947 Χρυσόστομον
2783 1876 3089 1946 Ἐκκλησία
3144 1875 3501 1945 προσέκειτο,
3549 1874 3641 1927 καὶ
3684 1873 3761 1926 διὰ
3820 1922 3839 1950 ε

2202 1969 2485 2041 θαύματος
2516 1970 2756 2024 ἐποιεῖτο
2782 1969 2876 2023 τὸν
2903 1969 3095 2041 ἄνδρα,
3144 1967 3326 2039 πολλῷ
3357 1969 3639 2040 χρώμενος
3677 1982 3762 2035 με·

2200 2062 2465 2133 ταμέλῳ.
2525 2055 2608 2124 οἷς
2679 2061 2803 2114 κατ’
2864 2059 3080 2113 ἐκείνου
3140 2058 3477 2129 τοπαράπαν
3534 2056 3765 2129 ὴρέθιστο

2200 2154 2437 2222 ἀγνοῶν.
2471 2152 2641 2207 Ὅθεν
2692 2153 3009 2225 ἀντίρῤοπα
3062 2151 3231 2223 δρῶν,
3293 2150 3519 2204 σύνοδον
3563 2149 3765 2220 ἡθροιζε

2199 2249 2468 2318 τοπικήν·
2502 2248 2600 2300 καὶ
2632 2248 2748 2310 τοῖς
2781 2249 2948 2316 ἱεροῖς
2981 2244 3189 2307 δέλτοις
3238 2243 3340 2314 τὴν
3385 2243 3625 2299 Ἰωάννου
3649 2242 3767 2308 κλῆ-

2202 2359 2288 2396 σιν
2314 2342 2414 2395 καὶ
2472 2339 2631 2404 οὗτος
2658 2342 2757 2393 καὶ
2816 2341 2865 2392 oi
2907 2338 3090 2391 λοιποὶ
3119 2337 3232 2390 τῶν
3278 2322 3535 2405 μεγάλων
3580 2333 3763 2405 θρόνων

2199 2436 2527 2505 ἐνέγραφον.
2552 2431 2630 2485 Ού
2668 2451 2763 2502 μοι
2792 2431 2851 2484 δὲ
2878 2429 3134 2484 δοκοῦσιν
3163 2430 3343 2500 ἁληθῆ
3371 2429 3554 2498 λέγειν
3575 2428 3626 2481 οί
3644 2444 3764 2496 φασι

2199 2529 2299 2583 καὶ
2333 2528 2553 2598 βίϐλους
2579 2527 2751 2589 ἄλλοις
2783 2525 3062 2594 Κύριλλον
3107 2525 3377 2594 ἀφανίσαι
3421 2522 3515 2578 τοῦ
3545 2521 3762 2595 μεγάλου

2199 2620 2440 2691 Πατρός.
2470 2620 2532 2673 El
2567 2620 2677 2690 γὰρ
2709 2618 3005 2688 ἀφανίζειν
3036 2616 3145 2671 ἔδει
3177 2620 3277 2679 τὰς
3311 2617 3435 2671 νυνὶ
3466 2615 3765 2682 σωζομένας.

2202 2715 2342 2787 πρὸς
2376 2714 2437 2768 τὺ
2475 2713 2905 2785 σκοπιμώτατον
2948 2712 3146 2782 ἐκείνῳ
3186 2712 3395 2783 ἐχρῆν·
3451 2711 3501 2763 εί
3553 2708 3623 2780 μή
3673 2722 3764 2760 που

2198 2808 2333 2873 Θεὸς
2358 2808 2457 2877 τῆς
2481 2807 2592 2862 τῶν
2617 2805 2929 2878 ἀνθρώπων
2966 2804 3241 2875 ὠφελείας
3270 2803 3588 2874 κηδόμενος,
3613 2799 3761 2861 αὐτὰς

2197 2900 2522 2957 διεσώσατο.
2582 2899 2756 2954 Τοῦτο
2814 2901 2914 2971 μὲν
2977 2893 3073 2953 οὖν
3119 2900 3176 2952 ὲν
3214 2898 3526 2968 ἀποκρύφῳ
3573 2891 3758 2962 ἱστορίᾳ

2198 2994 2379 3067 εὑρὼν
2410 2995 2629 3065 Νικήτα
2665 2994 2965 3062 φιλοσόφου
2999 2989 3098 3046 τοῦ
3130 2988 3227 3045 καὶ
3255 2988 3444 3055 Δαυῒδ,
3472 2989 3563 3042 καὶ
3584 2986 3759 3047 ἄλλων,

2198 3092 2294 3143 καὶ
2323 3089 2487 3152 αὐτὸς
2509 3088 2621 3143 δεῖν
2653 3088 2829 3158 ἔγνων
2879 3089 2946 3158 τῇ
2978 3085 3230 3157 παρούσῃ
3277 3086 3499 3155 ἱστορίᾳ
3525 3078 3755 3144 ἐντάξαι·

394 5302 400 5308 .
506 5259 772 5314 idoneum
833 5259 1072 5315 maxime
1122 5271 1487 5317 censuerunt.
1535 5259 1641 5326 Qui
1699 5260 1823 5329 ipse
1872 5274 2101 5331 quoque

502 3179 668 3250 500
717 3189 1131 3235 conservasset.
1197 3181 1313 3236 Hoc
1364 3196 1491 3236 cum
1539 3182 1599 3236 in
1633 3197 1835 3237 arcana
1885 3182 2095 3237 Niceta:

2201 3183 2277 3247 ὡς
2314 3183 2381 3239 ἂν
2413 3184 2489 3256 μή
2528 3201 2638 3238 τινι
2686 3181 3058 3252 ἀμφιϐάλλειν
3086 3179 3320 3250 γένοιτο,
3355 3178 3477 3241 πῶς
3505 3177 3554 3230 οἱ
3591 3171 3760 3228 τοσού-

500 3270 847 3342 phiIOSOphi,
881 3273 975 3341 qui
1021 3282 1077 3327 et
1125 3274 1301 3327 David
1359 3273 1546 3329 dictus
1593 3283 1696 3339 est,
1746 3274 2001 3340 historia,
2038 3283 2098 3330 et

2201 3295 2287 3331 τοι
2318 3277 2613 3346 φωστῆρες
2646 3277 2714 3331 δι’
2757 3276 2961 3347 ἔχθρας
2988 3274 3246 3344 ἀλλήλοις
3301 3274 3497 3336 ἰόντες,
3544 3265 3759 3336 ἁγιωσύ-

502 3363 649 3430 apml
689 3362 826 3415 alios
861 3363 995 3417 item
1028 3365 1362 3431 invenerim,
1397 3369 1552 3437 operi
1597 3367 1730 3423 huic
1784 3382 1910 3422 meo
1953 3370 2099 3422 inse-

2201 3385 2299 3437 νης
2323 3369 2420 3421 καὶ
2465 3367 2634 3437 ἄμφω
2669 3368 2749 3430 εἰς
2794 3366 2966 3437 ἄκρον
2996 3360 3156 3437 ¹ἧκον,
3188 3366 3286 3419 καὶ
3313 3364 3415 3433 τῆς
3459 3355 3759 3428 Ἐκκλησίας

502 3457 744 3510 rendum
792 3472 917 3512 esse
966 3472 1189 3528 quoque
1240 3459 1419 3516 duxi:
1463 3478 1534 3517 ne
1573 3463 1666 3517 cui
1710 3461 1996 3532 ambigere
2039 3461 2096 3515 in

2202 3459 2446 3531 θεμέλιοι
2476 3461 2884 3531 ἐχρημάτισαν,
2921 3458 3188 3529 μηδαμῶς
3210 3457 3273 3511 τὺ
3297 3458 3398 3527 τῆς
3422 3455 3614 3529 ἔχθρας
3635 3454 3759 3522 μέγα

503 3560 745 3605 mentem
777 3553 987 3619 veniat,
1022 3555 1304 3623 quomodo
1345 3564 1495 3610 tanta
1548 3555 1873 3619 luminaria,
1909 3554 2099 3609 inimi-

2201 3554 2300 3624 τὴν
2331 3555 2647 3625 κρατοῦσαν
2679 3554 2839 3620 δόξαν
2872 3552 3226 3626 λυμήνασθαι
3257 3542 3762 3621 δυνηθείσης.’Δλλα

502 3640 662 3703 οἱίἱαε
694 3657 920 3703 mutuas
950 3649 1294 3712 exercentia,
1324 3649 1490 3703 ambo
1524 3649 1595 3704 ad
1650 3663 1924 3704 summam
1963 3664 2095 3703 san-

2201 3650 2335 3718 περὶ
2364 3649 2464 3709 μὲν
2498 3651 2717 3702 τούτων
2748 3649 2946 3713 οὕτως.

507 3742 759 3796 ctitatem
822 3744 1206 3813 pervenerint,
1279 3753 1337 3798 et
1406 3742 1674 3799 Ecclesia:
1735 3744 2009 3800 columnae
2075 3745 2432 3813 exStitei-int,
2506 3744 2820 3801 inimicitiis
2888 3745 3213 3818 hujusmodi
3283 3744 3499 3801 nullum
3566 3740 3763 3797 illorum

505 3839 701 3910 gloria:
774 3838 1172 3894 detrimentum
1243 3841 1633 3897 aﬂerentibus.
1696 3841 1777 3897 De
1842 3842 1932 3897 his
1995 3844 2290 3899 hactenus.

2796 4001 3050 4056 ΚΕΦΑΛ.
3090 4000 3222 4056 KG'.

2214 4114 2316 4179 ,Ως
2337 4115 2489 4182 μετὰ
2524 4114 2799 4170 Ἀττικὸν
2854 4116 3127 4181 Σισίνιος
3169 4118 3253 4182 εἷς
3297 4115 3411 4169 τόν
3438 4115 3647 4183 θρόνον
3669 4110 3760 4183 ἀντ

2275 4179 2469 4255 dion:
2508 4185 2798 4255 παρώφθη
2854 4186 2926 4239 δὲ
2979 4179 3338 4248 «mimice
3387 4179 3641 4253 Σιδίτης,
3667 4179 3756 4233 καί

2277 4253 2404 4318 οἶος
2430 4252 2531 4325 ἦν.
2563 4252 2691 4311 Ἓτὶ
2724 4255 2795 4308 δὲ
2829 4256 2924 4309 καὶ
2950 4256 3030 4322 ὡς
3062 4257 3335 4323 Πρόκλος
3379 4257 3625 4325 Κυζίκου
3649 4268 3755 4318 χει-

2270 4323 2627 4396 ροτονηθεὶς
2661 4328 2759 4379 καὶ
2784 4326 2873 4395 μὴ
2898 4326 3161 4396 δεχθεὶς,
3196 4326 3493 4395 σχολαῖος
3522 4323 3592 4394 τῇ
3619 4325 3758 4378 Κων-

2273 4398 2606 4451 σταντίνου
2628 4398 2864 4465 διῆγεν.

1075 3997 1302 4057 CAPUT
1337 3999 1530 4057 XXIX.

506 4112 637 4172 Poat
685 4114 1044 4188 AtticumJad
1089 4115 1266 4188 sedem
1315 4119 1667 4188 episcopalem
1721 4114 1954 4173 Sisinius
2019 4128 2097 4172 est

578 4198 808 4259 evectus.
839 4184 1352 4259 PhilippushSidites‘
1374 4191 1423 4243 ei
1453 4184 1794 4259 postpositus.
1829 4188 2016 4254 Qualis
2049 4192 2094 4243 is

581 4254 864 4331 Philippus
895 4254 1078 4325 mem.
1118 4256 1189 4312 Ut
1222 4254 1462 4331 Proclus'
1485 4254 1866 4331 Cysicenorunt
1898 4262 2096 4326 episco-

578 4343 677 4400 pus
700 4330 1002 4400 ordinatus,
1039 4338 1087 4381 et
1129 4329 1344 4382 tandem
1395 4346 1501 4382 non
1537 4329 1810 4397 receptus,
1852 4331 2095 4400 privatus

576 4399 883 4468 otiosusque
910 4397 1381 4468 Constantinopoli
1409 4402 1596 4469 egerit.

576 4511 767 4568 Attico
793 4522 1005 4577 autem,
1024 4513 1495 4583 quemadmodum
1519 4513 1790 4580 diximus,
1809 4514 2095 4578 defuncto,
2131 4470 2175 4526 υ

508 4605 718 4675 ingens
745 4605 817 4661 de
842 4606 1083 4676 legendo
1113 4618 1282 4676 atque
1315 4606 1629 4661 ordinando
1661 4608 1926 4677 episcopo
1965 4623 2102 4662 con-

508 4700 690 4754 tentio
738 4700 998 4754 exstitit:
1052 4701 1202 4769 quod
1273 4701 1661 4770 unusquisque
1708 4708 1878 4770 prout
1928 4700 2097 4756 alicui

506 4794 741 4857 faveret,
778 4794 831 4849 ei
873 4794 1137 4847 thronum
1192 4794 1468 4849 committi
1511 4796 1796 4865 cupiebat.
1850 4795 2099 4850 Proinde

506 4885 844 4956 quihusdam
886 4885 1181 4955 Philippus
1232 4886 1524 4958 presbyter
1563 4886 1631 4940 ad
1661 4901 1879 4942 sacram
1910 4887 2097 4940 sedem

507 4978 834 5034 evehendus
887 4992 1013 5032 esse
1051 4977 1394 5034 videbatur:
1433 4979 1687 5033 nonnulli
1728 4977 1989 5034 Proclum
2020 4978 2097 5043 ei,

506 5073 895 5135 Cbrysostomi
931 5071 1297 5142 discipulum,
1323 5074 1717 5144 praferebant.
1749 5074 1884 5129 Erat
1908 5083 2097 5128 autem

506 5175 564 5219 et
592 5167 640 5219 is
673 5166 987 5237 presbyter.
1015 5165 1403 5223 Communiter
1425 5183 1560 5222 vero
1594 5181 1790 5222 omnes
1824 5165 2101 5221 Sisiniurn

2287 4513 2544 4567 ’Δττικοῦ
2573 4515 2619 4568 δ’
2646 4514 2721 4578 ὡς
2758 4513 2979 4585 εἴρηται
3013 4517 3075 4570 τὸ
3106 4515 3260 4587 βιοῦν
3314 4514 3755 4586 ὲκμετρήσαντος,

2205 4609 2376 4679 πολλή
2430 4627 2516 4674 τις
2568 4609 2855 4680 ἐρεσχελία
2915 4610 3049 4680 περὶ
3103 4608 3446 4681 χειροτονίας
3480 4602 3755 4661 ἐπισκόπου

2202 4702 2454 4769 ἐγένετο·
2492 4702 2723 4765 ἕκαιτνθθς
2761 4702 2871 4773 γὰρ
2899 4695 2945 4770 ᾧ
2975 4701 3318 4771 προσπαθῶν
3342 4698 3432 4775 ἦν,
3470 4700 3559 4755 τὸν
3587 4694 3757 4765 θρόνον

2203 4796 2599 4866 ἀπεχαρίξετο.
2633 4794 2763 4859 Τοῖς
2797 4797 2900 4865 μὲν
2926 4796 3039 4867 γὰρ
3064 4796 3337 4850 Φίλιππον
3360 4796 3455 4850 τὸν
3481 4787 3757 4863 πρεσόύτε·

2205 4905 2299 4959 ρον
2333 4889 2512 4943 ἐδόκει
2539 4890 2636 4944 ἐπὶ
2661 4890 2762 4960 τὴν
2798 4890 2953 4961 ἱερὰν
2981 4889 3261 4960 καθέδραν
3308 4890 3553 4958 ἀνάγειν,
3579 4883 3681 4936 τισὶ
3706 4877 3757 4930 δὲ

2203 4981 2449 5052 Πρόκλος
2499 4985 2528 5036 ό
2557 4982 2636 5053 τῷ
2666 4984 3048 5054 Χρυσοστόμῳ
3114 4981 3478 5053 μαθητευθεὶς
3533 4975 3756 5047 ἐκρίνετο

2201 5075 2626 5146 προτιμότερος.
2660 5075 3049 5147 Πρεσϐύτερος
3076 5076 3136 5129 δὲ
3170 5078 3267 5131 καὶ
3295 5070 3454 5140 οὗτος
3485 5071 3755 5138 ἐτύγχανεν

2200 5168 2297 5224 ὢν.
2335 5172 2506 5241 Κοινῇ
2535 5172 2594 5226 δὲ
2623 5173 2790 5225 πᾶσιν
2806 5171 2992 5225 ἐδόκει
3019 5171 3256 5235 Σισίνιος
3281 5166 3425 5224 εἶναι
3449 5162 3756 5238 ἁρμοδιώτε-

2202 5281 2315 5334 ρος.
2346 5265 2731 5337 Πρεσσυτέρου
2762 5267 2821 5320 δὲ
2853 5267 2947 5319 καὶ
2978 5259 3137 5328 οὗτος
3169 5265 3300 5339 ἀξίᾳ
3322 5264 3631 5333 διέπρεπεν,
3664 5251 3753 5306 οὐκ

2198 5359 2259 5411 ὲν
2287 5362 2355 5429 τῇ
2388 5359 2835 5421 Κωνσταντίνου,
2873 5359 2994 5411 ἀλλ’
3046 5358 3107 5413 ιν
3132 5378 3242 5414 τινι
3270 5363 3382 5414 τῶν
3411 5357 3574 5425 αὐτῆς
3602 5359 3754 5417 προαί

2202 5451 2424 5514 στείων.
2482 5446 2527 5520 ᾧ
2563 5450 2754 5504 Ἐλαία
2799 5445 2870 5522 ἦν
2894 5451 3099 5522 ὄνομα,
3144 5450 3598 5523 κεκληρωμένος⁶
3630 5441 3753 5501 ὅπερ

2196 5541 2433 5613 ἀντικρὺ
2472 5541 2575 5612 μὲν
2632 5545 2811 5596 κεῖται
2861 5544 2964 5613 τῆς
2992 5542 3246 5607 πόλεως’
3285 5534 3643 5612 πάνδημον,δδ
3681 5524 3751 5594 τῷ

2198 5631 2363 5703 χώρῳ
2411 5634 2611 5705 ἑορτὴν
2668 5634 2854 5687 ἐκεῖσε
2900 5635 2935 5703 ἡ
2987 5634 3145 5699 πόλις
3193 5634 3274 5706 τῷ
3330 5632 3546 5702 Σωτῆρι
3596 5620 3749 5687 ἀνῆτε

2197 5726 2427 5799 Χριστῷ
2447 5744 2465 5761 ο
2500 5727 2747 5798 ὁπηνίκα
2777 5728 3139 5801 ἀναληφθεὶς,
3171 5728 3539 5799 παλίνδρομος
3556 5718 3627 5790 τῷ
3653 5710 3749 5768 Πα-

504 5350 815 5422 presbyteri
864 5351 1135 5423 dignitate
1179 5352 1451 5416 enitebat,
1486 5365 1596 5404 non
1631 5351 1895 5420 equidem
1943 5351 2094 5407 Con-

506 5444 892 5514 stantinOpoli,
935 5443 1033 5500 sed
1076 5445 1131 5498 in
1166 5443 1492 5498 suburbano
1522 5442 1647 5511 ejus
1677 5445 1822 5509 vico,
1853 5444 1944 5499 eui
1993 5458 2100 5499 no-

505 5548 633 5588 men
683 5545 771 5590 est
809 5534 939 5592 Olea
971 5537 1078 5607 (ι),
1114 5537 1211 5606 qui
1240 5550 1310 5591 ex
1341 5536 1579 5592 adverso
1613 5537 1739 5593 urbi
1761 5538 1907 5593 situs
1955 5547 2042 5593 est
2075 5554 2091 5591 :

504 5645 617 5698 quo
645 5630 698 5683 in
734 5631 861 5686 loco
889 5632 1023 5686 urbs
1050 5631 1169 5700 ipsa
1186 5645 1312 5686 cum
1345 5629 1560 5687 civibus
1591 5631 1855 5688 omnibus
1885 5631 2090 5687 festum

506 5721 655 5777 diem
687 5723 973 5778 Servatori
1003 5722 1251 5789 Christo,
1289 5737 1403 5793 quo
1441 5722 1497 5777 in
1534 5723 1741 5780 casiam
1768 5735 2091 5797 assumptus

586 5861 672 5927 (1)
725 5861 957 5927 Ἐλαία,
1011 5859 1183 5928 Olea,
1232 5862 1556 5922 suburbana
1609 5864 2121 5937 Constantinopolis
2161 5865 2334 5939 regio.
