4092 6500
431 403 568 467 1153

1350 400 1956 462 ΕΕΟΕΕΞΙΑὸΤῐοεΕ
1970 370 2383 461 ΙΠῘΞΤΟΗῙἉΕ
2424 403 2572 464 LIB.
2611 404 2769 463 XIV.

3557 403 3694 469 1154

418 532 507 583 τρι
536 509 661 586 ἧκε.
690 511 781 581 Τῷ
811 511 865 565 δὲ
894 510 1075 578 πολλῷ
1106 510 1306 581 πλήθει
1335 511 1430 564 καὶ
1448 510 1824 581 ’διαφερόντως
1861 510 1990 580 μάλα

2110 510 2175 562 ad
2238 510 2455 565 Patrem
2527 510 2780 573 revertit,
2837 510 3103 565 celebrat.
3165 510 3375 581 Populo
3429 511 3694 566 universo

416 604 821 675 κεχαρισμένος
852 598 920 673 ἦν
953 605 981 656 ό
1025 601 1264 665 Σισίνιος
1285 617 1300 633 ⁸
1347 603 1542 671 ὅτιπερ
1574 600 1693 670 ἅμα
1721 617 1782 652 τε
1836 616 1998 669 περι-

417 698 611 765 ϐόητος
660 699 717 749 ὲν
763 697 933 764 ἀρετῇ
970 689 1060 764 ἦν,
1092 694 1188 746 καὶ
1241 692 1448 766 πολλὴν
1474 695 1556 746 δτι
1598 694 1711 745 τῶν
1763 694 2000 762 πτωχῶν

415 791 677 860 πρόνοιαν
706 789 801 842 καὶ
831 788 973 857 ὑπὲρ
1004 787 1239 855 δύναμιν
1263 789 1522 840 ἐποιεῖτο.
1556 786 1751 840 Ἔνθεν
1772 803 1858 839 τοι
1902 787 2000 839 καὶ

413 883 508 934 toi
544 880 679 935 λαοῦ
737 881 1072 951 βιασαμένου
1129 881 1229 934 καὶ
1281 880 1700 948 ἑκνικήσαντος,
1763 879 2000 942 Σισίνιος

415 973 508 1025 ἐπὶ
542 975 630 1024 τὸν
659 972 849 1040 θρόνον
875 971 1163 1024 ἀνέϐαινεν
1188 986 1204 1004 ο
1236 971 1325 1039 ἐφ’
1361 965 1404 1038 ᾧ
1432 971 1751 1040 χαλεπήνας
1779 972 1807 1023 ὁ
1832 987 2000 1040 πρεσ-

415 1066 646 1136 ϐύτερος
685 1064 955 1127 Φίλιππος
988 1065 1069 1117 ὅτι
1101 1063 1270 1117 αὐτοῦ
1308 1063 1639 1134 προεκρίθη,
1694 1063 1870 1116 πολλὰ
1898 1062 1998 1128 τῆς

416 1158 754 1228 χειροτονίας
802 1157 1014 1210 ἐκείνου
1061 1156 1379 1225 καθήπτετο
1429 1159 1487 1208 ἐν
1532 1160 1597 1225 τῇ
1637 1156 1774 1227 παρ’
1826 1157 1995 1210 αὑτοῦ

416 1249 806 1320 συγγραφείσῃ
863 1250 1233 1318 Χριστιανικῇ
1294 1248 1529 1317 ἱστορίᾳ.
1566 1248 1640 1301 Οὐ
1681 1249 1848 1319 μόνον
1882 1250 1997 1319 γὰρ

414 1344 625 1395 ἐκεῖνον
673 1341 956 1403 διέϐαλεν,
1005 1342 1143 1395 ἀλλὰ
1186 1341 1286 1395 καὶ
1336 1343 1463 1404 τοὺς
1504 1345 1998 1413 χειροτονήσαντας

413 1436 511 1487 καὶ
571 1435 663 1487 τὸν
693 1435 907 1503 δῆμον·
966 1436 1065 1486 καὶ
1110 1433 1277 1486 οὕτω·
1306 1435 1682 1504 κατέδραμεν,
1732 1436 1810 1497 ὡς
1868 1435 1994 1503 μηδ’

414 1522 638 1579 ἑλέσθαι
697 1522 820 1577 τινὰ
877 1522 949 1575 τὰ
1002 1523 1273 1593 είρημένα
1324 1510 1664 1595 ’συγγραφῆς
1714 1525 1991 1591 ἀξιῶσαι·

412 1614 536 1666 ἐπεί
571 1615 651 1666 τοί
685 1630 749 1679 γε
803 1614 912 1667 οὐδ’
967 1615 1167 1686 ἐκείνῳ
1202 1634 1286 1679 τις
1323 1618 1587 1686 συγγνοίη
1628 1619 1731 1686 τῆς
1789 1635 1995 1686 προπε-

411 1708 589 1767 τείας,
615 1707 843 1759 τοιαῦτα
878 1706 1089 1777 γράψαι
1119 1710 1499 1777 ἀνασχομένῳ.
1536 1710 1690 1763 Ἐπεὶ
1716 1709 1776 1763 δὲ
1804 1711 1993 1763 τούτου

411 1796 928 1866 ὲμνήσθην,’μικρὰ
959 1798 1055 1850 καὶ
1092 1800 1220 1870 περὶ
1254 1799 1423 1853 αὑτοῦ
1454 1801 1733 1854 διαλαϐεῖν
1756 1802 1988 1855 δίκαιον.

2108 603 2308 655 charos
2342 606 2615 672 praecipue
2645 603 2885 658 Sisinius
2919 603 3041 669 fuit,
3085 618 3210 658 cum
3255 613 3484 673 propter
3517 607 3677 659 virtu.

2108 694 2180 746 tis
2209 695 2539 760 claritatem,
2581 705 2694 749 tum
2729 696 2802 749 ob
2839 696 3099 750 eximiam
3120 697 3173 750 in
3206 712 3501 766 pauperes,
3521 712 3688 767 supra

2107 788 2257 840 vires
2291 787 2456 840 etiam
2491 789 2632 858 ejus,
2664 802 2882 841 curam.
2919 786 3273 858 Quapropter
3317 788 3476 858 plebs
3520 790 3569 840 vi
3609 787 3690 842 ei-

2104 880 2237 933 fecit
2273 889 2436 948 atquu.
2466 882 2657 946 evicit,
2713 889 2774 937 ut
2807 880 2853 936 is
2889 881 2947 935 in
2989 881 3254 936 thronum
3307 882 3380 934 sit
3413 882 3686 935 sublatus.

2103 971 2222 1037 Qua
2274 987 2331 1024 re
2387 970 2634 1053 oil‘ensus
2693 971 2984 1041 Philippus
3032 972 3342 1043 presbyter,
3395 973 3540 1042 quod
3592 973 3687 1027 iile

2104 1065 2323 1119 scilicet
2364 1065 2468 1118 sibi
2522 1066 2778 1132 praelatus
2811 1076 2979 1121 esset.
3009 1065 3342 1119 electionem
3374 1072 3431 1118 et
3463 1065 3689 1117 ordina-

2104 1156 2313 1210 tionem
2354 1158 2473 1225 ejus
2520 1156 2820 1224 plurimum
2863 1156 3241 1223 reprehendit,
3277 1157 3330 1210 iu
3364 1172 3429 1210 ea
3469 1170 3592 1223 quae
3617 1155 3688 1209 ab

2104 1249 2223 1316 ipso
2257 1248 2575 1316 conscripta
2630 1256 2720 1301 est
2747 1246 3073 1303 Christiana
3105 1247 3362 1303 historia.
3390 1248 3511 1303 Non
3551 1248 3688 1303 Sisi—

2101 1341 2263 1395 nium
2313 1356 2446 1393 vero
2484 1348 2725 1403 tantum,
2759 1341 2856 1394 sed
2898 1350 2959 1394 et
3000 1349 3421 1397 consecratores
3452 1341 3605 1409 ipsus
3631 1350 3687 1394 et

2102 1433 2367 1499 populum
2405 1432 2753 1489 calumniose
2788 1432 3118 1501 perstrinxit
3153 1451 3168 1488 :
3202 1433 3450 1501 atquein
3482 1449 3579 1487 eos
3608 1433 3712 1487 ita.

2100 1521 2356 1577 invectus
2406 1532 2515 1582 est.
2548 1531 2608 1577 ut
2651 1538 2774 1591 quae
2826 1523 2919 1579 ille
2967 1524 3195 1586 dixerit,
3236 1538 3401 1578 nemo
3452 1525 3685 1578 historia

2099 1614 2266 1684 digna
2296 1614 2508 1685 judicet
2542 1633 2555 1667 :
2595 1632 2775 1684 neque
2826 1616 3103 1685 quispiam
3132 1615 3185 1670 ei
3234 1627 3345 1671 tam
3378 1617 3684 1670 temerariae

2098 1708 2368 1768 audaciae,
2420 1708 2514 1777 qui
2577 1709 2823 1764 scribere
2877 1710 3007 1764 talia
3062 1710 3417 1770 sustinuerit,
3464 1711 3682 1764 veniam

2097 1803 2384 1856 concedat.
2420 1800 2578 1875 501
2630 1803 2696 1855 Et
2731 1803 2860 1872 quia
2896 1803 3020 1872 ejus
3052 1804 3392 1859 mentionem
3425 1805 3681 1869 fecimus,

408 1890 679 1952 Φίλιππος
727 1886 881 1951 οὗτο;
918 1892 984 1945 ὲκ
1029 1891 1191 1960 Σίδης
1231 1892 1332 1960 μὲν
1376 1893 1474 1962 τῆς
1512 1893 1839 1962 Παμφυλίας
1885 1895 1990 1964 ὼρ.

2095 1909 2316 1962 equum
2350 1904 2437 1947 est
2486 1891 2547 1948 nt
2592 1909 2764 1963 pauca
2814 1897 2882 1949 de
2946 1911 3012 1948 eo
3070 1895 3342 1950 dicamus.
3392 1895 3683 1966 Philippus

414 1983 578 2052 μᾶτο,
613 1982 743 2033 ὅθεν
772 1982 871 2034 καὶ
893 1983 920 2034 ὁ
947 1981 1212 2052 σοφιστὴς
1242 1984 1487 2054 Τρωὶλος
1518 1978 1607 2055 ἦν,
1639 1979 1704 2039 οὗ
1738 1984 1835 2037 καὶ
1861 2002 1993 2051 συγ-

407 2075 544 2142 γενῆ
575 2073 773 2127 ἑαυτὸν
805 2071 953 2125 εἶναι
995 2073 1152 2140 ἔλεγε
1173 2090 1188 2103 ·
1222 2075 1481 2138 διάκονος
1523 2075 1580 2128 δὲ
1613 2072 1713 2141 ὢν,
1745 2076 1995 2129 ταπολλὰ

406 2168 488 2239 τῷ
518 2168 742 2238 μεγάλῳ
784 2167 1008 2239 Ἰωάννη
1068 2170 1232 2238 συνῆν
1262 2169 1365 2238 τὴν
1409 2171 1831 2224 Κωνσταντίνου
1866 2174 1994 2223 ἐπι-

412 2262 760 2330 τροπεύοντι.
792 2261 927 2331 Περὶ
956 2261 1012 2313 δὲ
1061 2260 1258 2328 λόγους
1292 2262 1492 2325 πονῶν,
1531 2261 1706 2316 πολλὰ
1728 2264 1826 2316 καὶ
1857 2279 1993 2316 πανσ

411 2356 534 2407 τοῖα
580 2353 768 2422 βιϐλία
821 2354 953 2422 περὶ
1007 2354 1173 2407 αὑτὸν
1204 2355 1451 2425 ἡθροιζε.
1484 2355 1590 2408 Τὸν
1645 2355 1688 2407 δ’
1740 2355 1993 2409 Ἀσιανὴν

395 2447 746 2519 ,χαρακτῆρα
770 2447 1043 2516 ζηλώσας,
1077 2445 1253 2499 πολλὰ
1286 2449 1622 2516 συνέγραφε.
1656 2446 1729 2500 Τὸ
1764 2447 1818 2500 δὲ
1858 2448 1992 2499 ἰου-

412 2540 598 2595 λιανοῦ
631 2544 774 2595 κατὰ
817 2542 928 2595 τῶν
965 2540 1131 2611 ἱερῶν
1162 2540 1388 2610 βιϐλίων
1430 2538 1828 2603 άνασκευάζων
1853 2544 1992 2603 σύγ-

412 2648 669 2703 γραμμα,
728 2632 982 2703 λαμπρὸν
1034 2632 1291 2696 ἐξεδίδου.
1348 2634 1459 2685 Καὶ
1495 2631 1626 2683 ἄλλο
1661 2631 1718 2683 δὲ
1761 2632 1992 2683 πυκτίον

404 2724 782 2794 -συντεταχὼς,
834 2725 1275 2794 Χριστιανικὴν
1331 2726 1612 2790 ἱστορίαν
1660 2723 1986 2791 ὠνόμασεν·

404 2817 478 2887 ἢν
509 2818 590 2879 είς
621 2815 685 2881 ἓξ
729 2818 823 2870 καὶ
855 2816 1155 2884 τριάκοντα
1201 2816 1367 2870 διεῖλε
1396 2815 1603 2886 βιϐλία,
1652 2808 1726 2867 ὧν
1759 2817 1993 2867 ἕκαστον

406 2910 612 2978 τόμους
648 2912 895 2979 περιεῖχε
935 2907 1168 2971 πολλούς
1190 2924 1205 2939 ·
1243 2908 1319 2971 ὡς
1367 2907 1513 2962 εἶναι
1544 2908 1756 2969 πάντας
1787 2906 1993 2975 χιλίους

410 3001 625 3071 σχεδόν.
648 3001 737 3071 Τῷ
770 3003 826 3053 δὲ
854 3002 1010 3071 τόμῳ
1038 3001 1214 3063 ἰσάζει
1241 3001 1477 3054 ἑκάστου
1504 3000 1674 3066 τόμου
1708 3000 1990 3066 ὑπόθεσις.

409 3094 621 3155 Πολλὰς
652 3094 708 3144 δὲ
740 3092 850 3144 τῶν
898 3092 1041 3144 ὑλῶν
1080 3091 1156 3161 τῷ
1194 3092 1597 3161 συγγράμματι
1644 3090 1987 3158 ἐπεισφέρει,

405 3186 475 3239 δι’
500 3180 575 3239 ὧν
614 3185 887 3238 δεικνύειν
917 3184 1172 3254 βούλεται
1207 3186 1472 3254 ἔμπειρον
1518 3184 1709 3237 ἑαυτὸν
1734 3186 1844 3237 τῶν
1872 3185 1991 3237 Ἐλ-

400 3278 646 3348 ληνικῶν
705 3277 1089 3347 μαθημάτων⁹
1145 3273 1368 3338 πυκνῶς
1415 3274 1526 3343 γὰρ
1560 3274 1983 3345 γεωμετρικῶν,

409 3367 691 3432 μουσικῶν
734 3382 794 3416 τε
847 3368 943 3417 καὶ
1012 3365 1433 3432 ἀστρονομικῶν
1491 3364 1874 3434 θεωρημάτων
1928 3366 1986 3415 ὲν

400 3461 568 3530 μνείᾳ
594 3459 809 3525 γίνεται
834 3473 847 3486 ο
875 3458 1059 3527 νήσων
1081 3472 1141 3507 τε
1168 3456 1348 3518 θέσεις
1381 3456 1675 3526 ὲκερράζει,
1705 3460 1796 3508 καὶ
1810 3456 1986 3526 ὀρέων

402 3556 498 3605 καὶ
532 3552 789 3620 δένδρων,
830 3549 928 3603 καὶ
961 3547 1165 3612 ἄλλων,
1202 3548 1278 3617 μὴ
1314 3549 1710 3617 προσηκόντων
1735 3547 1813 3619 τῷ
1844 3564 1985 3617 προ-

404 3644 646 3715 κειμένῳ
671 3660 686 3675 ·
725 3641 785 3695 οὗ
817 3643 976 3711 χάριν
1003 3639 1228 3702 ἔκλυτος
1262 3639 1413 3710 αὑτῷ
1447 3640 1541 3691 καὶ
1584 3638 1764 3708 χαύνη
1796 3639 1985 3709 πρόει-

405 3756 493 3792 σ.ν
541 3739 574 3807 ἡ
607 3734 989 3807 πραγματεία.
1034 3734 1125 3786 Διὸ
1164 3735 1259 3786 καὶ
1307 3732 1546 3795 ἰδιώταις
1583 3732 1683 3785 καὶ
1732 3732 1985 3795 παιδείας

406 3828 806 3901 μετεσχηκόσιν
828 3829 1050 3897 ἀχρεῖον
1068 3825 1308 3879 καθίστα
1324 3826 1386 3878 τὸ
1407 3826 1775 3896 σύγγραμμα.
1801 3827 1864 3879 Ol
1885 3826 1986 3895 μὲν

402 3926 515 3993 γὰρ
554 3924 765 3975 ἰδιῶται
810 3922 872 3974 τὸ
903 3920 1118 3991 κομψὸν
1143 3920 1205 3972 οὐ
1256 3919 1528 3990 συνορῶσι
1561 3921 1659 3989 τῆς
1689 3921 1943 3989 φράσεως
1968 3935 1982 3949 ⁸

400 4019 453 4070 οἱ
494 4017 551 4069 δὲ
597 4014 848 4077 παιδείας
930 4014 1335 4085 μετεσχηκότες
1394 4016 1456 4066 τὸ
1501 4014 1855 4081 ταυτολογείν
1892 4012 1989 4066 καὶ

403 4114 615 4178 ἄκαιρα
651 4107 996 4177 συγγράφειν
1030 4109 1086 4160 ὲν
1111 4108 1322 4177 μέμψει
1346 4105 1615 4158 τίθενται.
1662 4105 1827 4158 Ἀλλὰ
1854 4106 1988 4175 περὶ

408 4205 509 4272 μὲν
544 4202 770 4256 ἐκείνων
821 4203 897 4263 ὡς
951 4201 1172 4269 ἑκάστῳ
1223 4200 1489 4270 βούλησις
1536 4200 1719 4264 ἔσται,
1765 4202 1982 4269 κρινεῖ*

405 4297 627 4365 συγχέει
679 4294 733 4346 δὲ
795 4293 924 4354 τοὺς
976 4292 1203 4363 χρόνους
1255 4292 1355 4362 τῆς
1400 4293 1687 4360 ἱστορίαςο
1724 4292 1821 4360 τῆς
1875 4291 1984 4360 γὰρ

402 4386 687 4440 Θεοδοσίου
726 4382 1009 4454 βασιλείας
1063 4385 1143 4444 εἰς
1184 4383 1412 4452 μνήμην
1448 4382 1769 4451 γενόμενος,
1827 4380 1986 4446 αὖθις

401 4479 476 4532 τὰ
504 4478 646 4529 κατὰ
669 4475 757 4526 τὸν
788 4473 956 4525 πολὺν
978 4471 1299 4526 ’Λθανάσιον
1333 4473 1514 4524 ὀπίσω
1542 4471 1842 4539 γενόμενος
1872 4471 1988 4540 διη-

2097 1983 2202 2037 istc
2232 1981 2376 2038 Sida:
2409 1985 2464 2037 in
2507 1985 2830 2056 Pamphylia
2860 1997 3024 2041 ortus
3056 1996 3165 2052 est,
3198 1988 3346 2042 unde
3392 1987 3560 2042 etiam
3588 2002 3682 2041 so—

2098 2076 2278 2144 phista
2308 2075 2535 2130 Troilus
2569 2094 2744 2147 genus
2789 2078 2968 2142 duxit,
3021 2081 3253 2149 ejusque
3286 2079 3428 2134 adeo
3468 2095 3677 2147 cogna-

2099 2177 2214 2223 tum
2243 2184 2302 2222 se
2334 2169 2625 2239 Philippus
2664 2186 2786 2225 esse
2832 2171 2992 2225 dixit.
3033 2172 3309 2227 Diaeonus
3342 2187 3468 2226 cum
3504 2181 3678 2228 esset.

2094 2262 2451 2332 cummagna
2495 2263 2708 2318 Joanne
2758 2264 3141 2333 cpiscoiiatum
3189 2266 3679 2335 (Ζοηειοηιὶιισιρυιί

2095 2364 2358 2422 gerente,
2419 2355 2653 2409 multum
2703 2355 2828 2411 fuit.
2877 2357 3036 2423 Quod
3096 2373 3233 2413 vero
3278 2359 3335 2412 in
3377 2358 3679 2414 scribendo

2095 2444 2428 2511 elaboraret,
2462 2447 2671 2501 multos
2699 2458 2760 2502 et
2787 2450 2975 2503 varios
3017 2450 3243 2520 collegit
3275 2451 3473 2506 libros.
3510 2451 3677 2505 Multa

2094 2538 2284 2601 etiam,
2316 2537 2582 2593 Asianum
2612 2540 2881 2596 affectans
2916 2542 3137 2598 dicendi
3162 2559 3354 2613 genus,
3390 2545 3679 2612 conscrip-

2097 2628 2190 2683 sit.
2240 2629 2393 2698 Opus
2422 2647 2557 2685 vero
2594 2633 2974 2703 magniﬁcum,
3008 2636 3062 2689 in
3096 2651 3209 2704 quo
3241 2636 3446 2690 Juliaui
3482 2645 3678 2691 contra

2096 2736 2251 2775 saera
2277 2721 2454 2775 Biblia
2485 2722 2759 2792 scriptum
2796 2727 3022 2791 evertit,
3057 2727 3302 2796 reliquit.
3345 2728 3506 2783 Aliud
3536 2744 3679 2795 quo-

2095 2827 2203 2880 que
2229 2812 2489 2867 volumen
2538 2816 2871 2882 composuit,
2916 2818 3065 2884 quod
3100 2816 3459 2872 Christianam
3497 2819 3680 2874 Histo-

2095 2905 2237 2959 riam
2282 2905 2613 2959 nominavit.
2655 2905 2714 2960 lu
2760 2921 2829 2962 eo
2879 2908 3097 2978 triginta
3133 2919 3193 2964 et
3227 2924 3325 2964 sex
3360 2911 3485 2965 libri
3520 2918 3676 2972 sunt,

2093 3010 2331 3064 quorum
2383 2998 2620 3066 quisque
2671 3006 2851 3053 tomos
2899 3000 3089 3068 plures
3142 3001 3308 3056 habet
3350 3021 3365 3057 :
3422 3002 3558 3056 adeo
3614 3012 3676 3058 ut

2093 3102 2287 3141 omnes
2314 3087 2383 3141 ad
2416 3089 2790 3144 millenariuru
2838 3091 2955 3147 lere
3004 3109 3298 3148 numerum
3336 3098 3676 3167 pertingant,

2092 3191 2151 3232 et
2180 3179 2347 3234 habet
2392 3195 2559 3234 suum
2593 3193 2776 3261 tonius
2805 3185 3045 3255 quisque
3074 3199 3487 3257 argumentum.
3530 3190 3675 3245 Mul-

2094 3283 2204 3327 tam
2243 3289 2374 3328 t'ero
2400 3275 2454 3328 iu
2483 3291 2623 3344 opus
2657 3277 2712 3329 id
2739 3280 3028 3333 materiam
3060 3268 3360 3350 congessit,
3393 3284 3675 3341 declarare

2091 3363 2309 3429 volens,
2346 3380 2455 3418 non
2507 3365 2830 3434 imperitum
2884 3384 2944 3423 se
2985 3368 3300 3426 Graecarum
3348 3374 3674 3444 disciplina-

2096 3468 2214 3506 rum
2282 3469 2426 3508 esse.
2491 3454 2837 3525 Frequenter
2900 3475 3143 3531 namque
3188 3466 3672 3533 geometriearum,

2091 3545 2609 3612 arithmeticarum,
2666 3552 3006 3607 musicarum
3065 3564 3121 3609 et
3169 3560 3675 3614 astronomicarum

2090 3640 2621 3694 conuuentationum
2677 3643 3016 3698 mentionem
3079 3646 3236 3701 facit.
3306 3646 3676 3717 Prosequitur

2090 3746 2313 3801 quoque
2346 3733 2657 3789 insularum
2685 3736 2849 3800 situs,
2886 3747 2944 3790 et
2979 3740 3272 3793 montium.
3306 3741 3548 3796 Arbores
3569 3743 3675 3799 de-

2090 3825 2307 3890 scribit,
2350 3835 2406 3881 et
2446 3827 2554 3882 alia
2599 3828 2875 3898 quadam,
2912 3828 2981 3884 ad
3031 3843 3418 3901 argumentum
3453 3837 3677 3893 institu-

2092 3927 2210 3974 tum
2246 3919 2384 3974 nihil
2423 3921 2779 3990 pertinentia.
2818 3922 3056 3979 Proinde
3104 3926 3421 3982 lucubratio
3453 3945 3539 3992 ea,
3579 3941 3675 3986 ut-

2092 4022 2220 4083 pote
2270 4012 2338 4066 ad
2390 4014 2820 4069 ostentationem
2871 4019 3203 4085 composita,
3248 4019 3369 4074 laxa
3404 4030 3462 4074 et
3491 4022 3675 4078 soluta

2090 4115 2177 4159 est
2207 4121 2221 4156 :
2260 4111 2317 4157 et
2347 4116 2644 4172 propterea
2677 4105 2925 4160 indoctis
2959 4108 3125 4161 simul
3162 4117 3220 4162 ct
3247 4110 3426 4165 doctis
3460 4114 3677 4169 inutilis

2093 4208 2216 4248 esse
2267 4192 2505 4246 videtur.
2547 4193 2758 4249 lndocti
2797 4196 2946 4248 enim
2994 4197 3122 4267 styli
3173 4199 3503 4267 elegantiam
3558 4217 3675 4263 non

2092 4284 2437 4355 perspiciunt
2491 4302 2505 4336 :
2559 4287 2763 4339 eruditi
2811 4296 3024 4350 autem,
3071 4288 3325 4342 eamdem
3378 4306 3493 4344 rem
3546 4292 3675 4347 aliis

2090 4377 2276 4431 verbis
2307 4378 2499 4445 repeti,
2528 4387 2585 4433 et
2625 4379 2798 4433 multa
2834 4380 3228 4448 intempestive
3262 4382 3451 4450 scribi,
3482 4399 3676 4455 repre-
3766 4411 3780 4420 -

2092 4470 2363 4524 bendunt.
2397 4470 2596 4524 Verum
2622 4470 2691 4526 de
2716 4471 2940 4541 scriptis
2971 4473 3116 4542 ejus.
3148 4482 3207 4527 ut
3238 4474 3478 4544 quisque
3501 4477 3673 4544 volet,
3766 4502 3769 4507 ·

402 4573 583 4639 γεῖται
607 4584 621 4598 ο
653 4572 747 4620 καί
780 4568 841 4619 τὸ
884 4563 1018 4636 ἦθος
1070 4566 1249 4628 τοῦτο,
1285 4565 1387 4617 οὐκ
1424 4565 1512 4616 ἐπ’
1546 4562 1758 4617 ἐκείνου
1792 4564 1981 4633 μόνου,

2095 4564 2380 4635 iudicabit.
2418 4562 2675 4619 Historia:
2725 4579 2855 4618 vero
2894 4576 3143 4634 tempora
3188 4566 3498 4623 confundit.
3536 4569 3673 4627 Nam

403 4661 539 4712 ἀλλὰ
571 4661 668 4711 καὶ
722 4659 815 4709 ἐπὶ
864 4655 1077 4709 πολλῶν
1105 4655 1309 4724 ὲτέρων
1356 4656 1522 4708 ποιεῖ.
1556 4656 1670 4708 Καὶ
1716 4656 1850 4724 περὶ
1885 4654 1988 4722 μὲν

404 4754 682 4805 Φιλίππου
737 4749 1000 4802 τοσαῦτα.
1064 4750 1300 4809 Σισίνιος
1353 4747 1452 4810 δὲ,
1507 4748 1599 4802 τοῦ
1658 4748 1988 4815 Κυζικηνῶν

404 4844 675 4913 προέδρου
710 4841 992 4901 Θανόντος,
1026 4840 1118 4891 τὸν
1156 4839 1299 4891 θεῖον
1361 4839 1606 4910 Πρόκλον
1655 4842 1723 4909 τῇ
1760 4839 1988 4912 Κυζίκῳ

403 4935 759 5005 ἐχειροτόνει.
821 4934 926 4983 Καὶ
979 4932 1044 5001 δὴ
1093 4931 1321 5001 Πρόκλῳ
1371 4932 1429 4982 ὲν
1481 4935 1814 5003 παρασκευῇ
1870 4933 1986 4986 δντι

404 5032 534 5096 περὶ
563 5028 737 5095 αὐτὴν
769 5027 991 5096 χωρεῖν,
1024 5023 1325 5093 φθάνουσιν
1372 5024 1580 5075 ἐκεῖνοι
1612 5026 1708 5076 καὶ
1736 5040 1982 5095 χειροτ)⁹

402 5120 586 5174 νοῦςιν
614 5118 785 5188 ἄνδρα
819 5117 1020 5186 σεμνόν
1047 5133 1190 5182 τινα,
1221 5116 1529 5184 Δαλμάτιον
1577 5114 1772 5185 δνομα,
1806 5118 1985 5185 ἀσκη-

403 5215 577 5276 τικοῖς
619 5212 803 5274 πόνοις
843 5210 1393 5279 ὲγγεγυμνασμένον.
1446 5208 1555 5261 Καὶ
1602 5208 1763 5260 τοῦτο
1790 5209 1982 5279 ἔδρων,

405 5303 462 5354 ὲν
496 5302 733 5373 δευτέρ;›
782 5302 875 5353 τὸν
931 5298 1096 5365 νόμον
1145 5298 1400 5368 θέμενον
1443 5298 1502 5362 ὃς
1550 5299 1776 5352 ἐκέλευε
1833 5303 1987 5369 παρὰ

406 5392 635 5466 γνώμην
667 5394 758 5445 τοῦ
791 5392 1096 5445 ἐπισκόπου
1136 5395 1234 5460 τῆς
1280 5392 1700 5445 Κωνσταντίνου
1737 5410 1989 5464 χειροτο-

407 5488 528 5540 νίαν
563 5485 637 5555 μὴ
672 5484 939 5554 γίνεσθαι.
982 5485 1045 5537 '0
1085 5484 1186 5556 μὲν
1225 5481 1321 5537 οὖν
1354 5484 1623 5554 Πρόκλος,
1656 5485 1848 5537 τούτου
1894 5503 1989 5553 γε-

407 5580 659 5650 νομένου,
708 5576 830 5632 καθ’
863 5574 1056 5630 ἑαυτὸν
1105 5578 1516 5641 συνεστέλλετο,
1549 5578 1850 5648 ἐκκλησίας
1889 5582 1988 5648 μὲν

414 5669 686 5739 μηδεμιᾶς
720 5668 1152 5740 προϊστάμενος,
1194 5672 1317 5731 ταῖς
1344 5668 1400 5721 δὲ
1439 5664 1539 5739 τῆς
1572 5671 1985 5724 Κωνσταντίνου

2094 4656 2315 4726 imperii
2379 4654 2672 4711 Theodosii
2738 4658 3060 4711 memoriam
3116 4658 3360 4720 faciens,
3424 4663 3676 4718 actiones

2094 4749 2275 4818 magni
2332 4746 2618 4801 Athanasii
2673 4758 2826 4802 tanto
2871 4758 2994 4817 post
3027 4760 3275 4817 tempore
3314 4754 3518 4820 repetit
3556 4772 3569 4807 :
3610 4765 3676 4809 et

2092 4840 2558 4895 consuetudinem
2592 4841 2737 4894 hanc
2785 4857 2893 4894 ttott
2947 4841 3001 4894 in
3058 4843 3153 4896 illo
3195 4851 3430 4910 tantum,
3481 4861 3675 4913 verum

2090 4935 2256 4987 etiam
2314 4934 2367 4985 in
2426 4934 2616 4986 multis
2659 4933 2786 4986 aliis
2836 4942 3044 4988 servat.
3106 4935 3231 4990 lla'c
3277 4935 3344 4990 de
3393 4936 3672 5009 Philippo.

2089 5027 2262 5079 Porro
2308 5023 2583 5095 Cyziceno
2635 5028 2900 5095 episcopo
2939 5039 3180 5091 mortuo,
3237 5028 3479 5084 Sisinius
3531 5033 3677 5086 divi-

2093 5134 2225 5170 num
2278 5116 2531 5172 Proclum
2601 5120 2851 5174 ecclesia:
2906 5118 3089 5186 Cyzici
3144 5122 3465 5191 episcopum
3518 5125 3676 5179 ordi-

2095 5220 2189 5262 nat
2222 5212 2325 5281 (2).
2372 5210 2630 5264 Sedenint
2661 5228 2787 5266 cum
2821 5213 3068 5275 Proclus,
3120 5223 3178 5266 ut
3202 5230 3271 5269 eo
3300 5217 3581 5283 transiret,
3618 5219 3676 5273 in

2096 5303 2386 5371 procinctu
2441 5314 2610 5367 esset,
2662 5305 2916 5359 homines
2962 5306 3038 5361 ibi
3090 5306 3412 5376 episc0pum
3467 5325 3678 5377 praeve-

2093 5396 2310 5449 uientes
2365 5396 2693 5450 ordinarunt
2750 5398 3083 5452 Dalmatium
3125 5402 3443 5467 quemdam,
3497 5403 3675 5457 virum

2092 5490 2472 5540 venerandum
2528 5499 2586 5541 et
2618 5491 2672 5544 in
2713 5492 3038 5546 monasticis
3083 5492 3373 5546 laboribus
3400 5497 3678 5549 exercita-

2097 5587 2233 5631 tum.
2283 5579 2340 5632 Id
2397 5580 2473 5633 illi
2532 5582 2806 5649 fecerunt,
2845 5588 3131 5640 sanctione
3184 5586 3277 5639 illa
3325 5598 3672 5658 contempta,

2094 5687 2216 5740 quae
2271 5683 2468 5740 praeter
2500 5681 2833 5732 sententiam
2889 5680 3131 5749 episcopi
3164 5678 3677 5749 Constantinopoli-

478 5853 554 5927 (ἓ)
595 5854 848 5910 Socrates
890 5852 1048 5919 dicit,
1100 5852 1276 5921 legem
1327 5852 1467 5909 lianc
1515 5855 1581 5911 de
1629 5859 1790 5911 unius
1821 5861 1984 5915 Attici
2030 5874 2262 5929 persona
2295 5860 2660 5916 constitutam
2696 5860 2884 5918 fuisse.
2918 5862 3039 5918 Lib.
3079 5881 3174 5929 vn,
3208 5880 3332 5933 cap.
3362 5863 3455 5919 28.
