4092 6508
486 343 625 410 1155
1712 352 2138 414 NICEPHORI
2177 353 2530 418 CALLISTI
3665 365 3791 429 “56

485 464 597 518 lani
656 463 1067 521 ordinationem
1139 465 1258 521 ﬁeri
1324 475 1492 522 vetat.
1552 466 1666 524 Hoc
1719 472 1811 526 ubi
1870 472 1943 525 ita
1992 478 2074 525 est

2192 472 2548 546 Ἐκκλησίαις
2568 476 2647 547 τῷ
2676 476 2956 533 διδάσκειν
2980 477 3179 536 ἀνθῶν.
3204 477 3351 550 Περὶ
3388 478 3495 552 μὲν
3517 478 3585 552 δὴ
3606 482 3791 537 τούτου

482 556 714 621 factum,
776 558 1009 613 Proclus
1072 574 1182 614 nou
1245 562 1650 630 oppugnavit:
1712 573 1769 618 et
1827 562 2074 617 ecclesiae

2189 567 2332 622 κατὰ
2371 567 2560 640 χώραν
2587 572 2683 626 καὶ
2717 569 2874 634 αὖθις
2909 572 3045 642 ἐρῶ.

483 652 707 722 quidem
736 654 875 709 nulli
899 656 1142 726 praefuit,
1173 655 1337 729 502
1374 657 1429 712 in
1453 657 2076 730 Coustantinopolitana
2114 671 2300 718 autem
2338 666 2594 739 Ecclesia
2654 669 2913 725 docendo
2947 669 3158 726 ﬂoruit.
3198 670 3278 726 Dc
3310 686 3430 742 quo
3462 681 3657 741 postea
3679 672 3795 728 loco

480 762 584 803 suo
615 751 817 806 dicam.

1088 890 1320 950 CAPUT
1370 893 1542 951 XXX.

2798 897 3053 954 ΚΕΦΑΛ.
3100 899 3182 953 Δ⁹.

490 1001 566 1056 De
603 1003 993 1086 “maximarum
1054 1006 1438 1086 episcopalittm
1501 1006 1708 1067 sodium
1775 1017 2075 1086 praefectis.

557 1073 784 1150 udisque
803 1075 1000 1128 virtute
1026 1073 1189 1146 atcue
1211 1079 1462 1136 doctrina
1480 1073 1860 1150 prmtantifrus
1881 1073 2078 1143 divinis

555 1160 685 1201 υινισ
693 1184 708 1198 .

556 1260 799 1318 Sisinius
826 1271 1121 1335 postquam
1159 1266 1217 1320 in
1240 1267 1572 1337 episcopatu
1620 1285 1732 1325 non
1760 1271 1902 1327 duos
1932 1273 2080 1330 inte-

484 1370 614 1426 gros
636 1356 1040 1424 exegitannos.
1080 1358 1343 1427 decessit,
1379 1361 1639 1418 castitate
1668 1362 1796 1418 vite
1844 1374 1903 1419 et
1948 1380 2082 1435 pau-

485 1463 682 1519 perum
732 1466 891 1518 cura,
937 1452 1409 1523 quemadmodum
1488 1454 1756 1518 diximus.
1817 1457 2078 1514 celebris.

487 1541 734 1596 Moribus
758 1542 999 1599 affabilis
1027 1554 1083 1599 et
1113 1543 1349 1614 simplex
1380 1544 1506 1611 fuit,
1543 1561 1572 1600 a
1621 1547 1860 1617 negotiis
1891 1557 1950 1603 et
1999 1565 2082 1604 re-

2188 1012 2330 1087 Περί
2380 1006 2502 1087 τῶι⁸
2562 1013 2633 1065 ἐν
2688 1011 2814 1087 τοῖς
2843 1011 3181 1087 μεγίστοις
3218 1011 3344 1087 τῶν
3382 1015 3633 1087 ’θρόνων
3659 1032 3794 1087 προ-

2259 1084 2658 1157 εδρευόντων,
2694 1083 3043 1157 ambigitur
3068 1083 3252 1152 ἀρετῇ
3304 1084 3532 1152 λόγοις
3562 1083 3795 1157 Grasbe-

2257 1159 2502 1209 πόντων
2521 1154 2699 1207 θείων
2717 1151 2982 1222 ἀνδρῶν.

2255 1267 2493 1331 Σισίνιος
2523 1267 2604 1334 δὲ,
2640 1269 2765 1322 οὐδὲ
2811 1269 2969 1333 ὅλους
3000 1268 3098 1323 δύο
3118 1269 3428 1342 διαρκέσας
3482 1272 3790 1342 ἐνιαυτοὺς,

2183 1360 2467 1426 ἐτελεύτα,
2499 1359 2759 1430 ὀρθότητι
2793 1360 2913 1431 βίου
2949 1360 3233 1431 σώφρονος
3258 1362 3363 1417 καὶ
3415 1362 3787 1437 φιλοπτωχίᾳ,

2181 1451 2260 1515 ὡς
2291 1451 2538 1522 εἴρηται,
2570 1452 2929 1525 περιώνυμος
2948 1468 2964 1484 ο
2994 1452 3057 1506 τὸ
3088 1454 3147 1508 δὲ
3167 1446 3304 1524 ἦθος
3335 1453 3679 1528 εὐπρόσιτος
3701 1456 3791 1508 καὶ

2184 1544 2416 1611 ἁπλοῦς,
2464 1547 2565 1601 καὶ.
2608 1546 3021 1620 ἀπραγμοσύνῃ
3085 1547 3303 1613 συζῶν·
3342 1548 3479 1603 ὅθεν
3526 1548 3627 1602 καὶ
3681 1552 3788 1612 τοῖς

488 1651 612 1690 rum
660 1634 978 1692 actionibus
1006 1637 1336 1702 abhorrens,
1393 1654 1559 1709 quam
1611 1640 1686 1694 ob
1736 1655 1959 1695 causam
2020 1641 2074 1697 in

2185 1636 2603 1708 φιλοπράγμοσι
2650 1639 2902 1709 λυπηρὸς
2947 1635 3040 1710 ἦν,
3086 1639 3159 1695 δι’
3212 1640 3242 1694 δ
3288 1642 3393 1696 καὶ
3428 1644 3567 1713 παρ’
3610 1641 3787 1704 αὐτοῖς

485 1745 583 1785 eos
609 1732 705 1800 qui
747 1732 966 1787 curiose
1029 1747 1089 1787 se
1148 1732 1389 1803 negotiis
1431 1734 1767 1802 immiscent,
1826 1737 2074 1792 acerbior

2182 1729 2344 1794 δόξαν
2375 1725 2528 1801 εἶχεν
2581 1733 2684 1785 οὐκ
2750 1733 3028 1804 εὐπρεπῆ.
3070 1733 3431 1790 Ἰννοκέντιον
3471 1734 3533 1788 δὲ
3583 1735 3785 1789 ἐκεῖνον

485 1833 630 1890 erat,
658 1825 803 1894 apud
838 1840 980 1894 quos
998 1837 1191 1882 contra
1237 1835 1295 1881 et
1320 1827 1439 1896 ipse
1492 1842 1604 1883 non
1656 1829 1951 1884 admodum
1985 1831 2074 1885 de-

2183 1823 2275 1875 τὸν
2305 1824 2532 1894 ἄριστον
2561 1826 2661 1895 τῆς
2691 1825 2917 1897 Ῥώμης
2965 1827 3267 1882 ἐπίσκοπον
3313 1829 3652 1898 Βονιφάτιος
3684 1829 3786 1880 διε-

485 1925 701 1973 centem
734 1918 963 1989 gloriam
990 1928 1080 1974 est
1102 1930 1460 1975 consecutus.
1492 1920 1843 1983 Innocentio,
1864 1926 2074 1993 optimo

2186 1916 2405 1986 δέχετο·
2442 1918 2535 1969 τὸν
2600 1919 2657 1971 δὲ
2693 1917 2944 1989 Ζώσιμος
2972 1935 2988 1951 ·
3031 1922 3122 1974 τὸν
3155 1922 3211 1975 δὲ
3259 1921 3530 1992 Ζώσιμον
3564 1920 3718 1981 αὖθις
3758 1924 3782 1973 ό

487 2008 644 2063 urbis
681 2009 870 2064 Romae
900 2011 1190 2081 episcopo,
1220 2011 1542 2065 Bonifacius
1566 2002 1837 2093 successit
1869 2031 1883 2068 :
1914 2024 2074 2083 atque

2186 2007 2477 2069 θεσπέσιος
2540 2008 2889 2072 Κελεστῖνος.
2933 2010 3089 2062 Κατὰ
3144 2010 3202 2063 δὲ
3251 2012 3359 2082 τὴν
3420 2011 3778 2077 Ἀλεξάνδρου

486 2101 616 2156 huic
639 2101 915 2170 Zosimus,
942 2104 1167 2158 Zosimo
1199 2120 1421 2160 rursum
1455 2105 1823 2162 admirandus
1851 2106 2074 2163 Celesti‘

2189 2098 2458 2168 Κύριλλος
2494 2098 2577 2152 ἔτι
2606 2100 2930 2171 διέπρεπεν.
2965 2102 3059 2156 Ἐν
3087 2102 3132 2155 δ’
3163 2102 3487 2175 ’Δντιοχείᾳ
3523 2106 3666 2175 μετὰ
3694 2109 3780 2157 τίν

485 2211 612 2249 nus.
643 2195 995 2252 Alexandria:
1020 2197 1260 2268 Cyrillus
1291 2197 1474 2253 adhuc
1513 2198 1738 2254 enituit.
1769 2199 2074 2253 Antiorhim

2186 2191 2332 2244 θεῖον
2368 2190 2726 2263 Ἀλέξανδρον
2760 2194 3020 2258 Θεόδοτος
3055 2197 3371 2266 ίεράτευσε,
3410 2197 3517 2267 τῆς
3575 2213 3781 2266 σωφροι

481 2302 639 2352 vero,
664 2288 1193 2345 divinoAlexaudro
1249 2290 1580 2346 Theodotus
1636 2292 1693 2345 in
1749 2292 2074 2363 episcopatu

2187 2285 2353 2354 σύνης
2384 2287 2412 2338 ό
2443 2288 2819 2358 μαργαρίτης,
2851 2291 3024 2358 πρᾶος
3054 2292 3215 2360 είπερ
3243 2307 3329 2354 τις
3388 2288 3469 2344 ὣν
3501 2292 3600 2344 καὶ
3630 2290 3780 2359 ἀκρι-

483 2385 821 2455 subrogatus
862 2396 969 2448 cst,
1013 2385 1294 2442 castitatis
1324 2383 1499 2439 decus
1547 2393 1605 2439 et
1661 2394 2074 2446 ornamentum,

2185 2376 2308 2450 ϐείᾳ
2338 2378 2457 2447 βίου
2493 2380 2643 2450 μάλα
2680 2384 3065 2453 κοσμούμενος
3090 2399 3106 2412 ’
3140 2383 3198 2446 ὃς
3232 2384 3300 2455 δὴ
3336 2385 3443 2438 καὶ
3473 2385 3536 2437 τὸ
3560 2384 3780 2455 διερρω-

484 2493 701 2532 morum
742 2479 830 2532 vir
859 2479 1288 2535 mansuetudine
1333 2479 1402 2549 (si
1437 2479 1565 2548 quis
1605 2476 1768 2546 alius)
1794 2486 1850 2531 et
1886 2476 2002 2545 ipse
2025 2485 2074 2530 et

2183 2471 2279 2538 γὸς
2308 2473 2408 2541 τῆς
2446 2474 2864 2545 Ἀπολλιναρίου
2899 2477 3160 2547 φατρίας,
3196 2481 3260 2550 τῇ
3293 2481 3468 2550 λοιπῇ
3496 2478 3611 2534 τῶν
3630 2480 3777 2548 ὀρθο-

483 2579 750 2639 prreterea
780 2580 972 2627 exacta
1015 2571 1242 2627 vivendi
1308 2571 1522 2627 ratione
1553 2571 1793 2625 maxime
1824 2578 2077 2624 ornatus.

482 2664 582 2718 llic
610 2665 961 2721 sodalitatem
1007 2665 1348 2736 Apollinaris
1380 2666 1607 2721 scissam
1637 2664 1855 2731 reliquo
1889 2664 2081 2718 ortho-

481 2758 751 2812 doxorum
776 2767 833 2812 et
864 2767 1017 2813 recte
1042 2757 1407 2814 sentientium
1440 2758 1613 2828 gregi,
1648 2758 1906 2827 precibus
1930 2758 2077 2826 apud

480 2851 653 2905 Deum
695 2851 1064 2918 interpositis,
1124 2850 1451 2914 immiscuit,
1484 2867 1592 2906 una
1625 2849 1875 2906 Ecclesia
1912 2849 2076 2907 facta.

480 2943 685 2998 Verum
715 2944 795 3000 sic
822 2959 1046 3015 quoque
1081 2945 1241 3000 multi
1278 2946 1333 3019 in
1366 2946 1623 3002 instituto
1665 2959 1768 2999 suo
1813 2958 2080 3013 perman-

479 3046 695 3100 serunt,
735 3039 919 3093 labem
954 3039 1249 3110 pristinam
1312 3039 1483 3095 veluti
1543 3038 1875 3108 praeclarum
1911 3035 2078 3106 quid-

478 3131 606 3185 dam
637 3133 965 3189 retinentes.
1008 3131 1406 3205 Hierosolymis
1428 3131 1635 3204 Cyrillo
1663 3130 1889 3185 divinus
1907 3130 2078 3185 Joan-

2182 2563 2351 2629 δόξων
2379 2568 2588 2640 ποίμνῃ
2615 2569 2970 2641 λιπαρηθεὶς,
2998 2571 3250 2640 ἀνέμιξε,
3283 2575 3424 2643 μίαν
3451 2572 3773 2642 Ἐκκλησίαν

2185 2658 2444 2729 ποιήσας.
2480 2660 2674 2713 Πολλοὶ
2707 2662 2766 2715 δὲ
2802 2663 2898 2716 καὶ
2950 2662 3096 2716 οὕτω
3127 2663 3417 2735 διέμειναν
3446 2666 3553 2736 τὴν
3584 2663 3773 2735 προτέ-

2188 2769 2288 2820 ραν
2348 2752 2535 2824 λώϐην
2591 2750 2684 2809 οἷά
2717 2772 2771 2808 τι
2827 2757 3107 2828 ἐπίσημον
3162 2758 3407 2828 ἔχοντες.
3451 2758 3546 2812 Ἐν
3580 2758 3638 2811 δὲ
3672 2758 3773 2818 τοῖς

2194 2844 2597 2916 Ἱεροσολύμοις
2625 2849 2719 2901 τὸν
2748 2848 3045 2903 θεσπέσιον
3073 2851 3360 2922 Ἰωάννην,
3386 2852 3450 2917 ὃς
3481 2852 3623 2923 μετὰ
3665 2851 3769 2905 K6-

2188 2938 2373 3008 ριλλον
2398 2935 2489 3008 ἦν,
2526 2940 2832 3011 ΙΙραῢλλιος
2892 2945 3032 3013 μετὰ
3062 2946 3304 2999 Νέπωτα
3343 2948 3475 3011 τοὺς
3524 2948 3624 3017 τῆς
3654 2946 3768 2999 Ἐκ-

2184 3033 2416 3105 κλησίας
2449 3035 2647 3098 οἴακας
2683 3039 3002 3099 πιστευθεὶς
3026 3038 3318 3109 διεδέχετο,
3358 3038 3500 3111 ἀνὴρ
3531 3038 3609 3110 τῷ
3661 3037 3766 3091 ὄντι

2180 3127 2552 3198 φερώνυμος⁹
2610 3129 2671 3183 οὗ
2733 3131 3192 3202 τελευτήσαντος,
3256 3133 3622 3196 ἰουὸενάλιος
3680 3131 3765 3184 τὸν

480 3238 579 3279 nes
619 3232 985 3280 successerat.
1024 3226 1233 3280 Deinde
1267 3235 1454 3281 autem
1486 3223 1926 3295 postNepotem,
1972 3226 2074 3279 Ec-

2186 3221 2354 3274 τόπον
2383 3225 2482 3293 τῆς
2513 3222 2727 3278 ἐκείνου
2753 3226 3009 3295 διαδοχῆς
3043 3227 3268 3297 ἀπεπλή
3283 3242 3405 3296 ρου.
3447 3228 3575 3290 Τοῖς
3596 3226 3642 3280 δ’
3674 3225 3766 3277 αὐ-

478 3317 663 3372 σιεείω
698 3318 772 3372 ibi
825 3319 1070 3373 habenas
1126 3319 1231 3375 sibi
1282 3320 1610 3385 commissas
1667 3318 2076 3389 gubernaverat

478 3411 774 3482 Prayllius.
820 3428 878 3466 re
933 3413 1051 3482 ipsa
1107 3427 1210 3466 suo
1261 3410 1478 3465 nomini
1528 3409 1876 3480 respondens
1913 3428 1926 3465 :
1962 3425 2074 3479 quo

479 3512 726 3568 mortuo,
760 3504 944 3559 locum
1001 3506 1123 3575 ejus
1172 3518 1271 3574 per
1323 3502 1737 3557 successionem
1788 3502 2074 3557 Juvenalis

476 3597 745 3652 obtinuit.
786 3597 879 3652 Eis
939 3598 1073 3668 ipsis
1121 3595 1283 3651 anuis
1329 3596 1620 3651 ecclesiam
1672 3594 1797 3665 Cyri
1851 3611 2074 3666 quoque

475 3690 809 3761 gubernavit
834 3690 1109 3761 sapientia
1150 3698 1212 3743 ct
1254 3689 1525 3746 doctrinis
1558 3705 1792 3760 magnus
1817 3689 2074 3744 Theodo-

478 3794 654 3850 retus,
686 3786 772 3839 vir
804 3785 861 3840 in
891 3783 1104 3840 Graecis
1127 3785 1282 3854 juxta
1308 3791 1365 3839 et
1391 3781 1726 3838 Christianis
1758 3782 2074 3853 disciplinis

473 3880 798 3952 praeclarus.
837 3879 935 3949 qui
969 3878 1144 3933 libros
1182 3878 1388 3933 multos
1432 3868 1699 3934 Ecclesiae
1724 3878 1889 3933 utiles
1938 3879 2070 3933 reli-

473 3975 615 4042 quit.
656 3973 844 4044 Viguit
896 3982 1012 4027 tum
1066 3973 1235 4026 etiam
1283 3970 1615 4028 Theodorus
1662 3972 1759 4027 ille
1814 3972 2073 4044 Mopsue-

473 4066 702 4122 stiensis
740 4065 1003 4120 Ecclesia!
1067 4065 1322 4129 antistes,
1376 4066 1472 4136 qui
1517 4072 1645 4121 cum
1702 4066 2071 4123 ecclesiarum

472 4158 725 4213 omnium
756 4156 953 4211 doctor
995 4156 1120 4220 fuit,
1183 4167 1299 4211 tum
1364 4159 1631 4215 adversus
1672 4159 2069 4216 hereticorum

474 4251 778 4321 phalanges
801 4248 1041 4312 fortiter,
1073 4259 1131 4303 ut
1166 4251 1493 4321 primarium
1521 4251 1703 4307 virum
1732 4252 1914 4317 decet,
1949 4265 2066 4309 rem

471 4344 691 4415 gessit:
747 4342 959 4413 quique
998 4358 1124 4398 cum
1185 4344 1431 4399 Diodoro
1465 4359 1666 4415 magno
1723 4344 2072 4402 familiariter

471 4438 689 4500 vivens,
720 4435 952 4492 doctore
975 4451 1044 4492 eo
1075 4451 1208 4492 usus
1238 4448 1365 4493 est:
1410 4447 1468 4493 et
1497 4437 1708 4493 sodalis
1738 4449 1907 4509 atque
1936 4455 2072 4495 con-

471 4528 784 4598 discipulus
811 4527 922 4583 divi
958 4527 1207 4592 Jonnnis,
1241 4527 1402 4600 503
1432 4530 1642 4598 pariter
1672 4546 1797 4586 cum
1841 4546 1909 4587 eo
1940 4532 2072 4587 Dio-
2106 4563 2150 4622 ι,

476 4624 676 4678 dorum
715 4621 956 4677 audivit.
1012 4621 1118 4677 Sex
1157 4623 1204 4677 is
1247 4631 1304 4675 ct
1371 4622 1592 4693 triginta
1654 4640 1830 4679 annos
1879 4635 2071 4680 contra

473 4718 735 4772 Arianam
770 4716 1067 4772 factionem
1118 4726 1314 4787 aperto
1350 4715 1520 4772 Marte
1551 4720 1837 4789 pugnavit,
1876 4729 1934 4773 et
1971 4720 2071 4773 ad-

475 4825 670 4865 versus
731 4811 1069 4876 Apollinaris
1112 4809 1437 4880 praedonum
1475 4827 1628 4868 more
1658 4821 1899 4867 structas
1934 4810 2073 4866 insi-

470 4901 594 4954 dias
628 4910 950 4955 constanter
1000 4899 1357 4957 decertavit:
1409 4903 1823 4958 hmreditarium
1886 4913 2070 4958 autem

473 4994 683 5049 Christi
730 4995 1007 5064 ‘populum
1071 4993 1341 5052 doctrinis
1380 4996 1609 5067 optimis
1663 5007 1719 5051 et
1778 4999 2070 5066 praeceptis

473 5086 631 5140 furit.
670 5085 801 5139 Erat
860 5086 990 5140 huic
1025 5087 1191 5140 etiam
1255 5086 1427 5144 frater
1481 5089 1905 5160 Polychronius,
1971 5091 2071 5160 qui

470 5182 684 5249 optime
720 5180 877 5240 vixit.
905 5191 960 5235 et
988 5181 1175 5235 itidem
1210 5183 1420 5252 optime
1449 5181 1662 5247 docuit,
1700 5182 1828 5236 vitae
1853 5183 2071 5237 scilicet

470 5290 536 5328 ex
561 5289 719 5343 aequo
748 5273 1000 5328 doctrina
1069 5276 1464 5344 respondente.
1524 5273 1934 5343 Apamenorum
1976 5278 2068 5330 hic

470 5368 720 5422 ecclesiae
782 5371 1055 5437 pastorale
1108 5386 1311 5423 munus
1355 5368 1588 5422 sortitus
1638 5381 1742 5423 cst.
1798 5369 2064 5424 Ecclesiae

470 5475 602 5516 vero
635 5462 928 5517 Edessenaa
950 5463 1175 5517 divinus
1201 5463 1293 5516 ille
1321 5461 1540 5530 przefuit
1574 5461 1788 5525 Nouus,
1816 5464 1911 5531 qui
1948 5465 2065 5530 pri-

468 5555 699 5608 mariam
737 5556 791 5608 in
826 5556 965 5610 urbe
990 5555 1338 5609 Antiuchcua
1390 5555 1521 5607 lusu
1558 5556 1830 5624 perditam
1868 5556 2062 5608 Mena-

467 5628 617 5713 dem,
653 5649 953 5704 verborum
988 5650 1351 5718 persuasione
1384 5649 1705 5713 adductam,
1733 5659 1791 5702 et
1858 5659 2059 5719 praeter

466 5740 784 5809 opinionem
816 5757 1037 5797 omnem
1074 5743 1186 5796 Deo
1222 5755 1620 5804 consecratam,
1668 5743 1968 5813 nympham
2008 5752 2063 5797 et

464 5845 721 5902 sponsam
759 5836 1108 5906 purissimam
1145 5838 1218 5890 illi
1272 5837 1708 5906 “epl‘mscntttt'il,
1758 5852 1856 5904 pm
1920 5834 2064 5889 Mar-

2180 3315 2297 3376 τοῖς
2324 3312 2476 3367 ἔτεσι
2508 3315 2606 3367 καὶ
2628 3316 2657 3366 ὁ
2688 3316 2856 3379 πολὺς
2896 3321 2952 3369 ὲν
3000 3319 3165 3387 σοφία
3216 3320 3313 3371 καὶ
3344 3319 3533 3388 λόγοις
3571 3316 3766 3372 Θεοδὼι

2183 3423 2348 3475 ρητος
2382 3408 2485 3477 τὴν
2516 3407 2819 3480 Κυρεστῶν
2849 3410 3224 3480 ἐπετρόπευεν
3282 3414 3611 3483 ἐκκλησίαν,
3637 3397 3765 3480 ἀθὴρ

2180 3501 2274 3551 καὶ
2305 3501 2429 3553 κατ’
2461 3501 2631 3570 ἄμφω
2672 3502 2770 3561 τὰς
2831 3502 3087 3565 παιδείας
3141 3506 3206 3573 τῇ
3251 3500 3300 3556 θ’
3343 3503 3620 3574 Ἐλλήνων
3675 3504 3761 3552 καὶ

2179 3591 2530 3659 Χριστιανῶν
2561 3592 2855 3662 ἐπίσημος,
2898 3595 2991 3646 καὶ
3026 3594 3227 3658 πολλὰς
3247 3596 3313 3664 τῇ
3357 3593 3656 3665 Ἐκκλησία
3686 3592 3764 3662 βί-

2179 3681 2340 3745 ϐλους
2376 3682 2514 3734 πολὺ
2562 3684 2623 3735 τὸ
2655 3682 2937 3751 ὠφέλιμον
2982 3684 3215 3753 ἐχούσας
3247 3687 3594 3740 καταλιπών.
3631 3684 3761 3737 Ἧκ-

2182 3773 2321 3843 μαζε
2382 3775 2440 3828 δὲ
2492 3776 2591 3828 καὶ
2624 3775 2905 3845 Θεόδωρος
2956 3779 3172 3840 ἐκεῖνος
3228 3778 3613 3847 Μοψουεστίας
3670 3776 3762 3841 τὴν

2179 3868 2481 3937 ἐκκλησίαν
2502 3868 2725 3933 διέπων,
2749 3868 3073 3934 διδάσκαλος
3101 3870 3203 3940 μὲν
3227 3872 3412 3943 πάσης
3435 3871 3756 3941 Ἐκκλησίας

2178 3957 2276 4022 ὢν,
2304 3960 2448 4014 κατὰ
2475 3960 2532 4014 δὲ
2554 3961 2737 4032 πάσης
2763 3960 3061 4032 αίρετικῶν
3093 3963 3381 4033 φάλαγγος
3415 3962 3716 4034 ἀριστεύων
3737 3973 3751 3988 ’

2176 4052 2235 4115 ὃς
2269 4053 2525 4122 Διοδώρῳ
2561 4054 2665 4123 μὲν
2712 4055 2791 4126 τῷ
2821 4055 2967 4110 πάνυ
3005 4057 3433 4126 συγγενόμενος,
3487 4058 3585 4127 τῆς
3620 4055 3753 4108 διδα-

2178 4147 2406 4210 σκαλίας
2431 4148 2742 4217 ἀπήλαυσε,
2762 4148 3132 4219 συγκοινωνὸς
3164 4149 3225 4203 δὲ
3257 4151 3353 4203 καὶ
3389 4145 3756 4222 συμφοιτητὴς

2175 4238 2273 4293 τοῦ
2325 4240 2623 4294 Θεσπεσίου
2651 4238 2906 4296 Ἰωάννου
2963 4241 3189 4310 ἐγένετο
3212 4257 3229 4276 ο
3268 4242 3472 4313 δπίσης
3512 4243 3615 4313 γὰρ
3666 4238 3754 4293 καὶ

2177 4335 2347 4404 ἄμφω
2379 4335 2479 4404 τῆς
2512 4335 2790 4410 Διοδώρου
2823 4334 3085 4405 γλώσσης
3114 4335 3426 4408 ἀπήλαυον.
3478 4329 3599 4388 Ἐπὶ
3626 4330 3684 4395 ἐξ
3703 4329 3755 4380 δὲ

2176 4429 2272 4482 καὶ
2299 4427 2606 4498 τριάκοντα
2639 4427 2739 4499 ἔτη
2775 4424 2930 4492 οὗτος
2959 4427 3190 4484 διετέλει
3245 4431 3386 4483 κατὰ
3427 4428 3527 4498 τῆς
3547 4425 3754 4493 Ἀρεια·

2177 4521 2335 4591 νικῆς
2388 4522 2708 4593 συμμορίας
2766 4526 3300 4593 παραταττόμενος’
3353 4522 3452 4574 καὶ
3484 4519 3622 4574 κατὰ
3646 4515 3747 4568 τῶν

2180 4617 2358 4687 λόχων
2428 4615 2851 4690 Ἀπολλιναρίου
2913 4619 3229 4689 λῃστρικῶς
3299 4616 3750 4674 ἐπιϐουλευόντων

2181 4705 2430 4777 στερρῶς
2479 4706 2822 4775 ἠγωνίζετο·
2881 4708 2973 4761 τὸν
3008 4709 3249 4780 Χριστοῦ
3295 4710 3352 4763 δὲ
3384 4710 3589 4781 κλῆρον
3636 4707 3748 4765 ταῖς

2177 4801 2434 4871 ἀρίσταις
2459 4800 2841 4867 διδασκαλίαις
2866 4803 3176 4874 διέτρεφεν.
3206 4801 3319 4858 Ἦν
3375 4806 3433 4860 δὲ
3462 4802 3632 4873 τούτῳ
3664 4799 3749 4853 καὶ

2177 4897 2411 4966 ἁδελφὸς
2440 4898 2809 4969 ῐίολυχρόνιος
2853 4900 3065 4970 ὄνομα,
3085 4900 3299 4972 ἀρίστῳ
3350 4900 3451 4970 μὲν
3478 4898 3748 4970 χρώμενος

2177 4991 2302 5060 βίῳ,
2336 4992 2432 5045 καὶ
2457 4993 2548 5043 τὸν
2575 4992 2734 5060 λόγον
2772 4993 3073 5062 σύμφωνον
3121 4994 3201 5062 τῷ
3238 4993 3341 5064 βίῳ
3367 4991 3631 5050 πλουτῶν,
3656 4985 3744 5051 τῆς

2174 5083 2232 5135 δὲ
2269 5082 2573 5154 Ἀπαμέων
2625 5087 2930 5158 ἐκκλησίας
2968 5088 3068 5156 τὴν
3128 5085 3502 5159 ποιμαντικὴν
3548 5081 3746 5147 κληρω-

2178 5177 2438 5242 σάμενος.
2477 5177 2590 5247 Τῆς
2625 5176 2670 5229 δ’
2715 5178 2772 5230 ὲν
2814 5178 3042 5252 Ἰσῖδέσσῃ
3073 5179 3376 5250 ἐκκλησίας
3405 5177 3575 5237 Νόνος
3604 5169 3743 5224 iacio

2173 5284 2262 5330 νος
2314 5271 2679 5339 προειστήκει
2730 5276 2758 5325 ὁ
2795 5271 3097 5341 θεοφόρος·
3139 5272 3196 5336 ὃς
3232 5275 3334 5345 τὴν
3371 5272 3595 5339 πρώτην
3648 5262 3744 5311 τῶν

2174 5364 2230 5415 ἐν
2259 5363 2571 5436 Ἀντιοχείᾳ
2607 5367 2890 5435 μαινάδων
2914 5368 3097 5434 λόγοις
3132 5364 3461 5436 ὑπαγαγὼν,
3489 5361 3582 5417 καὶ
3601 5360 3742 5423 ἀφιε“

2176 5455 2357 5526 ρώσας
2393 5460 2551 5529 ’πίλιιθὰ
2586 5461 2746 5526 δόξαν
2782 5461 2925 5530 Θεῷ,
2959 5462 3516 5533 νύμφην,ἁγνοτάτην
3544 5446 3737 5521 προσῆ’

2171 5566 2266 5618 γεν
2299 5552 2471 5619 αὐτῷ,
2506 5555 2627 5608 ἀντὶ
2650 5555 3001 5626 Μαργαριτὼ
3033 5556 3317 5626 Πελαγίαν
3345 5548 3728 5619 κατονομὰσας⁶

2169 5647 2237 5698 δι’
2263 5640 2329 5717 ἧς
2362 5647 2423 5699 τδ
2450 5647 2560 5700 τῶν
2592 5648 2756 5703 θείων
2789 5651 3082 5720 κριμάτων
3135 5652 3270 5707 Θεοῦ
3308 5652 3541 5716 πέλαγος
3570 5641 3630 5695 ἄν
3658 5649 3734 5694 τις

2173 5740 2804 5813 οαυμάσειεν.”ηκμαζε
2837 5744 2892 5797 δὲ
2923 5745 3154 5814 μάλιστα
3189 5746 3550 5815 διαφερόντως
3576 5735 3735 5793 ἀσκη-

2172 5835 2299 5902 {uti}
2336 5834 2652 5906 παλαίστρα
2681 5838 2780 5892 καὶ
2806 5838 2911 5909 βίῳ
2950 5839 3214 5907 διαφανεῖ
3250 5840 3519 5908 Εὐθύμιος
3546 5824 3733 5881 ἐκεῖ,ι.ς
