4092 6458
344 354 478 418 1.δῖ
1264 356 1869 416 ECCI.ESlASTlC.E
1910 362 2297 423 illS'l‘ORLE
2334 367 2478 429 LIB.
2524 367 2678 431 Χιν.
3459 374 3593 438 1158

336 475 363 524 ὁ
397 471 572 538 μέγας
601 471 629 519 ὁ
655 470 753 538 τὴν
777 471 986 542 ἔρημον
1015 473 1093 534 είς
1117 472 1276 525 πόλιν
1305 475 1727 541 μετασκευάσας
1749 493 1761 505 ο
1797 478 1904 529 Συ-

2016 485 2183 551 garita
2234 486 2504 556 Pelagiani
2552 499 2674 540 eam
2731 489 3142 556 cognominans,
3204 493 3258 545 in
3285 505 3390 562 qua
3442 507 3593 550 certe

342 561 487 631 pedm
520 578 576 612 τε
608 562 636 612 ὁ
671 560 768 631 τῆν
793 563 885 615 ἐπὶ
915 562 1109 617 στύλου
1161 564 1380 632 πρῶτος
1416 567 1745 632 κατοίκησιν
1775 568 1909 620 ὑπο-

2019 575 2218 629 merito
2248 576 2448 645 aliquis
2501 577 2677 632 divini
2723 578 2915 647 iudicii
2969 581 3198 651 pelagus
3261 560 3591 640 admiretur.

335 654 517 716 δείξας
539 668 553 682 ο
597 653 790 716 Νεῖλός
824 672 883 706 τε
938 658 967 708 ὁ
998 655 1290 718 θεσπέσιος
1312 657 1560 728 ἀσκητής
1584 674 1599 690 ⁸
1645 660 1672 711 δ
1700 676 1762 712 τε
1813 659 1909 712 τοῦ

2019 669 2203 737 Viguit
2231 685 2362 723 vero
2391 679 2504 723 tum
2549 670 2787 723 maxime
2816 686 3036 740 quoque
3071 673 3123 725 in
3159 676 3391 729 ascetiea
3425 678 3593 745 palae-

342 747 640 815 Πηλουσίου
673 749 964 819 Ἰσίδωρος,
997 753 1091 803 καὶ
1126 754 1156 805 ὁ
1193 752 1635 824 πολυθρύλλητος
1663 756 1912 826 ἀσκητὴς

2016 766 2125 811 stra
2163 759 2500 826 praecipuus,
2537 769 2595 814 et
2625 760 2733 813 vita
2771 762 3077 815 monastica
3135 763 3390 828 illustris,
3446 783 3595 835 mag-

335 842 586 910 Μὰρκος,
613 843 834 914 Ἰωὰννῃ
859 845 935 912 τῷ
966 847 1108 898 πάνυ
1144 848 1586 915 μαθητευθέντες
1606 864 1621 880 ’
1651 850 1746 902 καὶ
1770 851 1912 917 Πρό-

2016 865 2120 904 nus
2148 850 2239 903 ille
2263 851 2613 920 Euthymius,
2646 852 2742 921 qui
2767 853 3123 908 solitudinem
3178 855 3234 909 in
3265 858 3421 911 urbis
3480 857 3592 910 for-

334 933 459 994 κλος
486 933 513 983 ὀ
543 933 882 1000 θαυμαστὸς,
914 930 1159 1004 σχολαῖος
1182 937 1386 1005 διάγων
1407 956 1421 970 ’
1444 940 1539 993 καὶ
1566 938 1717 992 ἄλλοι
1757 939 1909 991 πλεῖ-

2016 953 2156 990 mam
2183 939 2413 1008 redegit.
2446 939 2512 994 Et
2549 938 2784 1010 Symeon
2840 943 2935 1011 qui
2996 943 3208 1011 primus
3251 926 3588 1001 domicilium

336 1043 473 1087 στοι.
508 1027 637 1096 περὶ
667 1016 742 1081 ὧν
772 1029 828 1089 ἐς
854 1027 1083 1097 ὕστερον
1114 1030 1469 1100 διαλήψομαι.

2016 1029 2066 1082 in
2096 1029 2352 1084 columna
2380 1031 2585 1085 habere
2614 1032 2852 1087 instituit
2885 1049 2901 1089 :
2935 1034 3165 1102 insuper
3196 1035 3374 1096 Nilus,
3419 1036 3592 1090 Asce-

336 1130 420 1173 tes
449 1118 793 1173 venerandus
831 1141 838 1148 -
880 1119 1120 1175 Isidorus
1151 1121 1451 1188 Pelusiota,
1481 1134 1538 1178 et
1588 1124 1914 1181 decantatus
1953 1122 2258 1177 monachus
2298 1120 2533 1185 Marcus,
2592 1123 2822 1178 Joannis
2890 1126 3072 1195 magni
3127 1126 3408 1196 discipuli.
3456 1129 3594 1182 Pro-

326 1218 453 1273 clus
473 1226 737 1286 praeterea
780 1214 872 1268 ille
914 1213 1297 1283 admirandus,
1325 1220 1566 1289 quietam
1619 1222 1823 1289 degens
1884 1219 2074 1283 vitam,
2108 1227 2165 1272 et
2216 1217 2311 1272 alii
2339 1217 2766 1288 quamplurimi’,
2794 1220 2862 1275 de
2895 1220 3102 1291 quibus
3162 1234 3356 1294 postea
3414 1235 3472 1281 et
3507 1226 3592 1280 di-

334 1328 476 1369 carm

900 1451 1152 1507 ΚΕΦΑΔ.
1179 1455 1296 1508 AA’.

349 1543 443 1605 Ὡς
469 1546 619 1609 μετὰ
654 1545 925 1596 Σισίνιον
951 1546 1276 1613 Νεστόριος
1313 1548 1346 1598 o'
1373 1546 1668 1612 αἱρετικὸς
1718 1561 1906 1613 χειρο-

408 1612 659 1665 τονεῖται
683 1614 1019 1683 ἐπίσκοπος
1039 1632 1053 1645 ·
1095 1615 1193 1666 καί
1229 1612 1311 1678 ὡς
1362 1616 1617 1683 συγχεῖν
1647 1612 1725 1677 ἐξ
1755 1616 1906 1669 ἀλαπ-

406 1682 638 1746 ζυνειας
676 1682 793 1747 τίμ-
824 1683 1200 1749 Ἐκκλησίαν
1225 1682 1543 1739 ἐπέϐαλεκ.

2575 1456 2800 1513 CAPUT
2832 1455 3024 1511 XXXI.

2020 1545 2084 1606 Ut
2119 1562 2233 1620 past
2281 1550 2536 1604 Sisinium
2567 1550 2843 1604 Nestorius
2877 1551 3160 1622 lim-otism
3202 1551 3472 1622 episwpus
3505 1573 3590 1607 or-

2090 1618 2331 1682 dinatns,
2388 1637 2480 1688 per
2527 1622 2897 1689 arrogantiam
2950 1618 3116 1671 turbis
3168 1618 3238 1670 δι’
3281 1618 3587 1678 tumultibus

2090 1692 2351 1761 complere
2383 1690 2677 1744 Ecclesium
2706 1691 3019 1743 instituerit.

407 1796 513 1847 ’1ὀῦ
541 1796 599 1847 δὲ
636 1799 979 1865 πατριάρχου
1010 1795 1269 1861 Σισινίου,
1296 1798 1371 1858 ὡς
1395 1797 1639 1866 εἴρηται,
1665 1796 1727 1851 τδ
1748 1796 1902 1868 βιοῦν

2077 1806 2287 1863 Sisiuio
2345 1802 2657 1874 patriarcha
2692 1803 2975 1871 defuncto,
3006 1806 3166 1861 sicuti
3228 1807 3438 1863 dictum
3478 1819 3582 1874 est,

339 1887 795 1959 μεταλλάξαντος.
828 1889 940 1939 δεῖν
998 1889 1172 1940 ὲδόκει
1210 1891 1326 1950 τοῖς
1357 1891 1413 1941 ὲν
1448 1891 1745 1959 ὑπεροχαῖς
1799 1907 1906 1959 μη-

326 1983 459 2035 δένα
494 1982 604 2034 τῶν
632 1981 736 2048 τῆς
768 1981 1098 2047 Ἐκκλησίας
1143 1983 1225 2042 είς
1261 1982 1363 2051 τὴν
1393 1984 1701 2051 ἐπισκοπὴν
1731 1983 1904 2052 προά-

336 2095 480 2144 γειν,
527 2076 614 2129 διὰ
658 2076 786 2137 τοὺς
836 2075 913 2132 ὼς
962 2075 1120 2144 ἔτυχε
1171 2074 1567 2145 χαριζομένους
1620 2073 1902 2144 ἔπικενῆς.

334 2167 522 2224 Ἦσαν
550 2170 660 2238 γὰρ
688 2170 782 2221 καὶ
814 2164 972 2232 αὖθις
995 2169 1044 2221 οί
1080 2167 1179 2237 μὶν
1207 2166 1487 2237 Φιλίππῳ,
1514 2168 1565 2220 oi
1590 2166 1648 2221 δὲ
1671 2166 1904 2238 Πρόκλῳ

328 2261 763 2326 σπουδάζοντεςο
801 2259 861 2324 ἐξ
911 2259 1220 2329 ἀλλοδαπῆς
1262 2259 1321 2311 δέ
1377 2275 1503 2312 τινα
1550 2258 1902 2329 προχειρίζεο

338 2356 462 2409 σθαι
508 2355 719 2426 ἤθελον.
750 2350 858 2406 Ἦν
913 2353 970 2406 δέ
1020 2370 1104 2417 τις
1158 2351 1279 2405 κατ’
1339 2352 1514 2406 ἐκεῖνο
1559 2350 1780 2419 καιροῦ,
1846 2351 1904 2402 ἒν

349 2446 652 2517 Ἀντιοχείᾳ
688 2444 1011 2514 ποιούμενος
1036 2444 1133 2507 τὰς
1158 2443 1468 2512 διατριϐὰς,
1495 2442 1555 2495 τὸ
1588 2442 1746 2510 γένος
1772 2442 1907 2511 Γερ-

344 2540 628 2608 μανικεὺς,
662 2535 903 2604 εὔφωνός
933 2552 991 2587 τε
1027 2537 1122 2589 καὶ
1153 2534 1398 2598 εὑλαλος,
1437 2534 1535 2605 τὴν
1564 2534 1761 2603 κλῆσιν
1795 2535 1903 2586 Νε-

338 2631 583 2700 στόριοςο
616 2629 676 2681 δν
706 2629 779 2691 ὡς
814 2630 942 2697 περὶ
973 2629 1035 2681 τὸ
1071 2627 1345 2681 διδάσκειν
1368 2627 1561 2692 δεξιῶς
1592 2629 1807 2696 ἔχοντα,
1843 2629 1906 2679 ἐκ

338 2722 437 2792 τῆς
456 2722 739 2790 Ἀντιόχου
774 2718 1238 2789 μεταστέλλεσθαι
1269 2718 1538 2787 ἔγνωσαν.
1574 2717 1907 2788 Περιϐόητος

333 2815 396 2866 δι
426 2815 521 2866 καὶ
553 2816 610 2865 ἐν
643 2811 967 2881 σωφροσύνῃ
1005 2812 1245 2881 μάλιστα
1274 2807 1363 2880 ῆν.
1395 2810 1578 2880 Τριῶν
1601 2810 1657 2863 δὲ
1690 2811 1909 2881 παραρ-

339 2908 575 2975 ρυέντων
634 2904 844 2974 μηνῶν,
892 2904 1090 2972 ἄγεται
1145 2904 1239 2956 καὶ
1286 2903 1485 2956 αὐτίκα
1535 2906 1615 2966 είς
1660 2903 1760 2972 τὴν
1808 2902 1909 2970 τῆς

334 2996 759 3050 Κωνσταντίνου
820 2996 1127 3067 ἐπισκοπὴν
1183 2995 1618 3064 προχειρίζεται.
1695 2993 1909 3056 Ὀποῖος

2005 1901 2086 1954 eis
2112 1900 2203 1967 qui
2236 1900 2477 1951 honores
2508 1901 2570 1948 et
2601 1895 2960 1963 magistratus
3007 1899 3294 1975 gerebant,
3351 1901 3584 1969 placuit,

2005 1993 2284 2046 neminem
2314 2003 2378 2043 ex
2403 1988 2523 2057 ejus
2548 1986 2810 2041 Ecclesia
2838 1988 2987 2041 clero
3029 1990 3350 2058 episcopum
3375 2006 3587 2055 creare,

2004 2092 2234 2154 propter
2263 2095 2461 2133 vanam
2493 2092 2707 2140 eorum,
2741 2077 2836 2146 qui
2872 2078 3138 2132 honorem
3165 2081 3326 2133 talem
3354 2090 3586 2145 temere,

2006 2172 2208 2242 quibus
2233 2170 2336 2239 ipsi
2373 2169 2640 2226 faverent.
2670 2168 2986 2222 mandatum
3019 2170 3297 2231 volebant.
3327 2175 3587 2240 gratiam.

2006 2262 2221 2317 Rursus
2258 2261 2406 2316 enim
2431 2260 2523 2314 alii
2559 2259 2834 2328 Philippo,
2870 2259 2965 2313 alii
3001 2275 3136 2315 vero
3167 2261 3362 2316 Proclo
3393 2263 3588 2331 cupie-

2007 2355 2162 2418 bant,
2189 2352 2285 2407 scd
2326 2350 2548 2406 aliunde
2577 2352 2889 2420 quempiam
2950 2351 3240 2419 designare
3268 2352 3445 2406 visum
3480 2364 3585 2407 est.

2007 2445 2139 2499 Erat
2164 2451 2283 2496 tum
2303 2442 2627 2506 Antiochiae,
2655 2440 3120 2496 Germaniciensis
3143 2443 3344 2511 patria,
3379 2445 3586 2498 vocalis

2006 2547 2063 2588 et
2105 2533 2379 2588 facundus
2415 2532 2718 2588 Nestorius
2770 2551 2785 2587 :
2837 2533 2986 2586 hune
3035 2533 3181 2601 quod
3240 2533 3295 2587 in
3352 2535 3588 2589 dicendo

2009 2635 2298 2693 promptus
2329 2632 2385 2676 et
2426 2622 2604 2678 facilis
2632 2633 2804 2688 esset,
2854 2624 3148 2679 Antiochia
3192 2627 3589 2682 accersendum

2011 2717 2477 2784 statuerunt,'qui
2531 2716 2752 2770 laudem
2805 2716 2970 2770 etiam
2997 2718 3274 2772 castitatis
3303 2732 3591 2775 meruerat

2012 2810 2325 2861 maximam.
2367 2807 2753 2861 Prteterierant
2788 2821 3010 2862 menses
3034 2816 3168 2873 tres,
3209 2817 3266 2862 et
3298 2810 3389 2865 ille
3416 2812 3591 2865 addu-

2011 2901 2179 2964 citur,
2206 2908 2263 2953 et
2315 2899 2612 2967 episcopus
2637 2898 3289 2966 Constantinoliolitanus
3339 2912 3587 2957 creatur.

2010 2993 2200 3059 Qualis
2245 3008 2376 3046 vero
2412 2990 2458 3045 is
2491 2993 2575 3044 vir
2607 2991 2792 3053 fuerit,
2828 2993 3001 3060 prima
3033 2994 3215 3047 statim
3244 2994 3364 3062 ejus
3393 2999 3590 3050 concio

335 3089 396 3141 δὲ
423 3089 482 3141 τὸ
507 3084 640 3158 ἦθος
687 3082 778 3158 ῆν,
829 3090 894 3140 ἐκ
945 3088 1047 3154 τῆς
1077 3085 1301 3157 πρώτης
1341 3086 1510 3139 αὑτοῦ
1553 3085 1907 3148 διδασκαλίας

2016 3084 2297 3138 indicavit.
2349 3082 2501 3136 lllieo
2564 3097 2804 3149 namque
2870 3093 2992 3153 post
3071 3088 3587 3154 consecrationem,

342 3179 747 3246 κατεμηνὺετο.
780 3177 939 3233 Μετὰ
975 3178 1083 3247 γὰρ
1112 3177 1211 3247 τὴν
1251 3176 1589 3248 χειροτονίαν
1620 3175 1718 3246 τὴν
1754 3193 1911 3245 περι-

339 3270 534 3337 ϐόητον
585 3270 806 3336 ἐκείνην
859 3268 1042 3337 ἀφῆκε
1104 3267 1292 3338 φωνὴν
1354 3269 1446 3321 ἐπὶ
1487 3268 1776 3339 παρρησίᾳ
1814 3264 1909 3320 τοῦ

341 3360 604 3432 πλήθους,
642 3360 780 3430 πρὸς
811 3359 903 3412 τὸν
953 3359 1177 3429 βασιλέα
1206 3360 1299 3411 τὸν
1350 3359 1512 3425 λόγον
1544 3356 1906 3419 ποιούμενος⁶

349 3472 369 3504 ι
405 3454 504 3517 Δός
540 3470 649 3522 μοι.
682 3452 881 3520 λέγων,
914 3469 959 3506 ω
988 3452 1234 3522 βασιλεῦ,
1262 3451 1513 3520 καθαρὰν
1534 3451 1635 3521 τὴν
1669 3450 1775 3520 γῆν
1800 3449 1910 3502 τῶν

340 3545 676 3617 αίρετικῶνο
710 3544 868 3611 κάγώ
903 3561 986 3597 σοι
1044 3543 1135 3598 τὸν
1188 3543 1420 3613 οὐρανὸν
1471 3541 1774 3598 ἀντιδώσω.
1828 3540 1901 3593 Σὺ

338 3654 437 3706 μοι
462 3636 591 3695 τοὺς
646 3636 962 3702 αἱρετικοὺς
994 3632 1191 3687 κάθελε
1215 3650 1231 3667 ο
1263 3633 1422 3702 κάγὼ
1452 3632 1776 3701 συγκαθελῶ
1826 3647 1912 3684 σοι

342 3735 469 3793 τοὺς
510 3731 750 3797 Πέρσας.
800 3746 819 3777 ι
856 3720 958 3778 Ὧν
988 3728 1323 3796 εἰρημένων,
1371 3727 1421 3780 ot
1465 3726 1567 3796 μὲν
1600 3724 1790 3778 πολλοὶ
1815 3725 1912 3777 καὶ

340 3821 616 3891 ἀποδοχῆς
651 3819 839 3890 ἠξίουν
868 3833 881 3848 ³
917 3818 1045 3880 τοὺς
1070 3820 1118 3870 δ’
1142 3817 1391 3889 ἀκριϐῶς
1420 3818 1635 3880 είδότας
1683 3816 1914 3886 γνώμην

339 3916 404 3966 ὲκ
434 3913 594 3978 λόγου
619 3911 828 3981 κρίνειν
848 3910 907 3962 οὑ
944 3909 1317 3979 διεδίδρασκεν
1347 3906 1475 3961 οὔτε
1504 3908 1567 3960 τὸ
1594 3907 1799 3976 κοῦφον
1815 3908 1914 3978 τῆς

337 4007 602 4069 διανοίας,
638 4002 762 4056 οὔτε
796 4002 841 4055 δ’
869 4000 937 4055 αὖ
969 4002 1032 4053 τὸ
1061 4001 1298 4070 θυμικὸν
1324 4003 1383 4053 ὲν
1426 3998 1611 4068 ταυτῷ
1638 4000 1734 4051 καὶ
1759 3997 1914 4050 κενό-

336 4098 529 4163 δοξονο
563 4097 646 4150 ὅτι
703 4095 837 4164 μηδὲ
870 4093 1055 4155 καλῶς
1104 4095 1214 4146 τῶν
1262 4091 1499 4145 ἐνταῦθα
1550 4091 1909 4159 γευσάμενος,

339 4193 424 4253 εἰς
456 4190 585 4251 τοὺς
620 4187 762 4256 ὑπὲρ
785 4185 895 4237 τῶν
922 4184 1184 4238 τοιούτων
1214 4185 1470 4254 προήχθη
1502 4183 1716 4249 λόγους.
1743 4183 1913 4253 Ζῆλον

335 4282 389 4335 δ’
417 4281 562 4348 ὑπὲρ
589 4280 690 4348 τῆς
713 4276 1044 4345 Ἐκκλησίας
1067 4275 1230 4344 δῆθεν
1253 4275 1459 4344 αὐχῶν,
1488 4274 1583 4327 τὸν
1612 4275 1720 4329 τῶν
1738 4275 1916 4345 Ἀρει-

340 4376 491 4429 ανῶν
525 4373 816 4441 εὑκτήριον
864 4365 1013 4421 οἷκον
1043 4369 1316 4420 κατέσπα.
1361 4368 1425 4419 Oi.
1470 4365 1516 4417 δ’
1552 4365 1696 4419 οὑτω
1743 4383 1915 4419 κατα-

2015 3177 2363 3230 decantalam
2400 3173 2561 3243 504.
2609 3174 2760 3228 illam
2794 3174 3076 3243 propalam
3106 3178 3251 3244 apud
3301 3181 3587 3248 populum,

2014 3270 2083 3324 ad
2112 3268 2497 3337 imperatorem
2515 3266 2679 3319 verba
2709 3265 2972 3333 dirigens,
2993 3268 3177 3321 emisit
3202 3284 3387 3323 vocem
3418 3288 3431 3323 :
3468 3290 3488 3321 ι
3516 3272 3590 3324 Da

2014 3361 2173 3422 mihi,
2215 3361 2491 3430 inquiens,
2533 3374 2566 3413 ο
2604 3360 2908 3427 imperator
2932 3400 2946 3420 ,
2984 3367 3185 3413 terram
3219 3365 3284 3412 ab
3316 3361 3590 3417 haereticis

2013 3451 2245 3505 liberam
2273 3458 2328 3503 et
2363 3464 2576 3519 puram,
2605 3460 2663 3504 et
2683 3465 2784 3520 ego
2824 3452 2920 3504 tibi
2971 3452 3170 3506 caelum
3200 3452 3438 3506 vicissim
3465 3455 3593 3505 red-

2014 3544 2159 3597 dam.
2194 3543 2278 3596 Tu
2306 3541 2440 3596 mihi
2473 3543 2764 3599 haereticos
2786 3543 3051 3613 exstirpa,
3071 3554 3126 3598 et
3154 3561 3256 3615 ego
3282 3547 3378 3600 tibi
3408 3547 3590 3601 Persis

2015 3634 2265 3689 dclendis
2288 3635 2476 3690 adero.
2532 3653 2552 3688 ι
2593 3636 2719 3690 Haec
2763 3637 2884 3707 ejus
2946 3635 3095 3690 dicta
3143 3637 3303 3691 multi
3357 3632 3584 3708 quidem

2015 3728 2463 3796 comprobarunt.
2491 3726 2595 3792 Qui
2632 3742 2766 3781 vero
2798 3737 2953 3781 certo
2986 3731 3171 3783 sciunt
3227 3728 3472 3782 animum
3521 3744 3593 3782 ex

2016 3821 2204 3876 verbis
2239 3819 2659 3888 diiudicandum
2687 3834 2832 3882 esse,
2860 3819 2940 3874 illi
2981 3822 3182 3875 mentis
3230 3823 3353 3893 ejus
3400 3823 3594 3875 levita-

2019 3923 2146 3979 tem,
2176 3913 2421 3968 animum
2449 3922 2819 3984 arrogantem,
2864 3923 2922 3968 et
2948 3929 3144 3968 vanam
3168 3915 3398 3985 gloriam
3430 3914 3600 3969 απου-

2020 4017 2245 4071 tantem,
2295 4006 2785 4075 deprehenderunt
2835 4023 2850 4060 :
2907 4017 3198 4076 propterea
3249 4009 3421 4075 quod,
3471 4023 3593 4061 cum

2017 4099 2259 4153 nondum
2290 4097 2592 4167 quidquam
2643 4096 2720 4151 ibi
2764 4097 2897 4151 satis
2924 4098 3291 4167 degustasset,
3344 4100 3410 4153 ad
3447 4101 3596 4169 ejus-

2017 4189 2234 4246 cemodi
2269 4188 2572 4257 productus
2601 4189 2670 4242 sit
2699 4189 2886 4242 verba.
2917 4188 3106 4244 Zetum
3129 4205 3264 4244 vero
3298 4201 3352 4244 et
3374 4193 3597 4245 aemula-

2017 4281 2221 4335 tionem
2266 4279 2468 4335 deinde
2503 4295 2602 4348 pro
2623 4280 2871 4334 Ecclesia
2923 4280 3162 4348 spirans,
3195 4281 3370 4335 atdem
3403 4297 3597 4348 preca-

2019 4374 2214 4427 toriam
2249 4373 2578 4426 Arianorum
2626 4372 2923 4427 demolitus
2973 4382 3076 4427 est.
3111 4374 3291 4442 Atque
3350 4374 3424 4427 illi
3460 4384 3597 4428 tem-

343 4463 638 4534 σπώμενον
667 4461 902 4530 δρῶντες
924 4458 1107 4521 αὑτὸν,
1143 4456 1255 4526 πῦρ
1287 4456 1638 4527 ἐμϐαλόντες,
1664 4460 1723 4510 οὑ
1757 4459 1912 4525 μόνον

2025 4466 2174 4534 plum
2208 4479 2366 4519 suum
2393 4462 2638 4519 dirutum
2680 4472 2996 4525 cernentes,
3027 4463 3151 4532 igne
3197 4465 3426 4533 insuper
3460 4479 3597 4517 con-

339 4559 575 4619 ἐκεῖνον,
605 4554 742 4608 ἀλλὰ
763 4554 860 4606 καὶ
887 4550 1022 4605 πολὺ
1055 4565 1109 4601 τι
1140 4548 1308 4621 μέρος
1342 4549 1450 4600 τῶν
1486 4550 1916 4619 παρακειμένων

338 4649 423 4717 τῷ
452 4649 604 4716 τόπῳ
635 4643 948 4714 ἀνήλισκον.
1004 4640 1147 4710 (Iph;
1185 4639 1241 4692 δὲ
1273 4639 1368 4693 καὶ
1414 4638 1784 4702 Ναυατιανοὺς
1824 4655 1919 4691 τα-

345 4744 570 4813 ράττειν
594 4739 888 4793 ἂπέϐαλεν.
926 4737 1000 4790 Οὑ
1037 4738 1197 4805 μόνον
1248 4734 1306 4785 δὲ
1353 4732 1600 4795 τούτους,
1655 4731 1791 4784 ἀλλὰ
1824 4731 1921 4783 καὶ

339 4836 463 4887 ὅσοι
496 4833 626 4901 περὶ
656 4829 849 4883 Ἀσίαν
872 4826 966 4881 καὶ
995 4824 1199 4879 Λυδίαν
1229 4823 1327 4878 καὶ
1358 4823 1575 4887 Καρίαν
1604 4822 1921 4891 Τεσσαρεσ-

344 4925 728 4981 καιδεκατῑται
775 4917 939 4991 ἦσαν,
991 4921 1074 4972 ἔτι
1129 4917 1187 4971 δι
1238 4916 1338 4968 καὶ
1381 4916 1512 4985 περὶ
1541 4913 1784 4984 Μίλητον
1827 4915 1921 4965 καὶ

342 5017 600 5088 Σάρδεις.
626 5009 700 5068 ὧν
732 5012 933 5078 πολλοὶ,
966 5011 1062 5064 καὶ
1097 5008 1347 5071 στάσεως
1389 5006 1461 5061 δι’
1494 5006 1659 5061 αὑτὸν
1687 5004 1922 5073 γενομὲ-

345 5127 466 5176 νης,
497 5108 589 5159 τὸν
624 5105 739 5173 βίον
782 5102 1068 5155 ἀπέλιπον.
1118 5097 1456 5169 Προφάσεως
1488 5096 1533 5148 δ’
1564 5096 1918 5166 εἰλημμένος,

344 5198 540 5262 ὅτιπερ
566 5195 615 5245 οἱ
645 5190 983 5246 Μακεδονίου
1016 5188 1307 5240 Ἀντώνιον
1329 5188 1422 5239 τὸν
1449 5184 1667 5255 Γὲρμης
1699 5186 1924 5237 ἐπίσκο-

350 5306 478 5349 πον,
506 5285 710 5354 σφόδρα
738 5264 986 5345 ἐκείνους
1004 5277 1571 5348 κελεύσειΝεστορίου
1604 5276 1920 5343 ἐλαύνοντα,

346 5381 727 5450 διεχρήσαντο,
767 5373 1130 5434 ὑποϐαλόντες
1160 5372 1334 5436 τινὰς,
1374 5373 1431 5423 ὲν
1463 5369 1703 5441 δευτέρῳ
1751 5372 1925 5435 τάγα-

352 5477 447 5526 θὸν
477 5473 567 5526 τοῦ
603 5472 757 5541 ἡδέος
788 5470 1171 5541 ποιουμένους,
1196 5469 1293 5521 καὶ
1327 5469 1425 5530 τὰς
1461 5467 1689 5521 ὶκείνων
1712 5466 1925 5536 ἐκκλη-

350 5568 474 5627 σίας
516 5563 767 5632 ὑφείλετο
795 5579 809 5595 ο
872 5561 967 5624 τάς
995 5578 1054 5614 τε
1106 5564 1166 5615 ὲν
1207 5561 1788 5613 Κωνσταντινουπόλει
1826 5565 1923 5614 καὶ

348 5658 412 5708 ἐν
464 5656 727 5725 Κυζίκῳ,
782 5656 879 5707 καὶ
922 5655 1036 5716 τοῖς
1071 5653 1512 5723 Ἑλλησποντίοις
1561 5656 1787 5723 ἀγροῖς·
1844 5647 1921 5706 ὧν

346 5760 495 5807 τινες
529 5742 844 5814 βιαζόμενοι
876 5743 970 5807 καὶ
1000 5745 1066 5814 τῇ
1096 5742 1192 5795 τοῦ
1217 5742 1509 5812 ὁμοουσίου
1541 5744 1722 5796 πίστει
1759 5744 1915 5796 συνέ-

2023 4557 2188 4625 iecto,
2248 4570 2355 4609 non
2386 4555 2439 4608 id
2485 4553 2672 4619 modo,
2728 4555 2820 4608 sed
2868 4560 2925 4607 et
2977 4568 3227 4623 magnam
3282 4555 3595 4609 vicinorum

2020 4647 2378 4703 aediﬁciorum
2407 4657 2618 4716 partem
2673 4655 3122 4701 concremarunt.
3154 4646 3363 4701 Deinde
3412 4645 3596 4702 Nova-

2024 4739 2203 4793 tianos
2232 4751 2451 4807 quoque
2476 4736 2698 4791 turbare
2723 4750 3013 4807 aggressus
3047 4745 3152 4791 est.
3189 4737 3308 4792 Non
3344 4753 3440 4793 eos
3463 4755 3597 4793 vero

2023 4831 2223 4892 solum,
2252 4843 2447 4885 verum
2470 4828 2635 4883 etiam
2680 4828 2774 4897 qui
2838 4843 2939 4898 per
2990 4828 3193 4892 Asiam,
3255 4829 3483 4900 Libyam
3541 4841 3597 4885 et

2022 4917 2263 4983 Cariam,
2295 4928 2351 4972 et
2384 4918 2482 4987 qui
2533 4925 2801 4987 praeterea
2851 4917 3021 4971 Mileti
3067 4929 3123 4972 et
3171 4916 3360 4973 Sardis
3418 4929 3593 4978 erant.

2022 5011 2614 5076 Quatuordecimanos.
2676 5027 2911 5080 quorum
2987 5011 3146 5066 multi
3211 5012 3484 5067 seditione
3543 5023 3599 5067 et

2025 5101 2263 5155 tumultu
2299 5110 2523 5172 propter
2549 5104 2725 5172 ipsum
2757 5103 3034 5157 concitato
3065 5104 3346 5159 interiere.
3383 5106 3598 5160 Etcum

2026 5193 2404 5247 Macedoniam
2456 5192 2757 5247 Antonium
2818 5194 3138 5264 episcopum
3217 5195 3596 5262 Germensem,

2022 5286 2115 5356 qui
2155 5299 2253 5340 eos
2278 5285 2519 5340 Nestorii
2538 5284 2695 5355 jussu
2724 5286 3019 5340 admodum
3044 5287 3335 5357 allligebat,
3369 5302 3601 5358 percus-

2024 5375 2246 5430 soribus
2272 5376 2608 5445 quibusdam
2644 5378 2958 5440 submissis,
2982 5380 3077 5447 qui
3128 5378 3468 5447 voluptatem
3502 5380 3602 5432 hu-

2024 5477 2181 5522 nesto
2216 5467 2539 5536 praeferunt,
2562 5468 2933 5537 jugulassent,
2988 5469 3336 5523 occasionem
3390 5484 3513 5522 eam
3545 5478 3603 5522 et

2026 5577 2246 5614 causam
2295 5560 2552 5629 arripuit,
2590 5569 2644 5613 et
2676 5561 2943 5614 ecclesias
2975 5560 3059 5614 eis
3095 5558 3600 5628 Constantinopoli,

2025 5653 2229 5725 Cyzici,
2266 5663 2322 5708 et
2364 5655 2416 5706 iu
2463 5652 2818 5720 Hellesponto
2846 5647 3076 5706 ademit.
3105 5649 3181 5704 Ex
3214 5650 3419 5720 quibus
3458 5666 3602 5705 nou-

2026 5748 2160 5800 nulli
2187 5746 2235 5798 vi
2256 5760 2317 5800 ca
2342 5745 2541 5811 adacti,
2569 5760 2626 5800 se
2655 5743 2721 5797 ad
2746 5740 3059 5811 ὁμοουσίου,
3088 5739 3602 5806 consubstantialis,
