4092 6464
303 460 433 524 lltil

1187 462 1796 523 EfICl.ESlASTiC.'E
1838 462 2222 521 ILS’l‘ORLE
2265 464 2411 521 LVD.
2458 463 2616 524 ΚΝ.

3427 449 3561 509 1163

295 583 394 647 τὴν
420 574 976 642 Ἑκκίησιυιστικὶιν
1018 574 1321 643 Ἰστοράν
1351 574 1715 643 συντεταχὼς,
1747 574 1872 626 τάδε

1995 579 2180 631 sensim
2214 579 2490 631 inducere.
2545 578 2600 630 lu
2630 584 2837 628 tantum
2866 585 2999 624 sane
3023 564 3251 637 qua'stiu
3282 562 3399 616 haec
3447 563 3560 629 agi—
3596 636 3603 642 .

296 670 425 737 περὶ
458 668 557 736 τῆς
588 668 748 735 δόξης
780 668 1082 737 Νεςτορξου
1114 668 1369 731 διέξεισιν
1393 684 1408 698 ·
1448 687 1466 718 t
1516 667 1684 735 Ἐγὼ,
1715 668 1872 736 φησὶ,

294 768 406 824 τοῖς
448 754 931 829 παρὰΝεστοβίου
966 762 1231 814 ἐκδοθεῖσι
1273 761 1452 830 λόγοις
1486 760 1750 829 ἐντυχὼν,
1780 761 1879 829 ἀγ-

295 853 520 906 νοοῦντα
549 853 641 904 τὸν
680 852 848 919 ἄνδρα
902 851 1249 922 ἐφεύρισκον,
1282 854 1377 906 καὶ
1424 850 1565 920 μετὰ
1606 852 1876 921 ,ἀληθείας

297 949 429 1013 ἐρῶ.
463 945 599 997 Οὐδὲ
636 944 744 1013 γὰρ
769 943 893 996 οὔτε
931 944 1373 1014 ἀπεχθανόμενος
1407 944 1545 1014 πρὸς
1575 946 1759 1012 αὐτὸν,
1802 941 1877 999 ὧν

296 1036 442 1108 εἶχεν
502 1036 912 1105 ἐλαττωμάτων
976 1037 1287 1107 ἐμνήσθην,
1342 1035 1469 1090 οὔτε
1518 1036 1877 1107 χαριζόμενος

296 1147 462 1193 τισιν,
488 1129 523 1183 ἃ
554 1127 877 1181 ἐλαττοῦνται
906 1128 1143 1198 ἐφεῦρον
1173 1129 1506 1196 ἐκθήσομαι.
1546 1128 1621 1181 Οὔ
1656 1147 1747 1196 μοι
1789 1129 1878 1181 δο-

298 1222 382 1271 κεῖ
413 1220 441 1271 ὁ
466 1218 789 1285 Νεστόριος,
817 1216 944 1269 οὔτε
976 1216 1090 1269 ,τὸν
1119 1218 1444 1284 Σαμοσατέα
1493 1216 1729 1282 Παῦλον,
1754 1218 1878 1270 οὔτε

303 1310 406 1378 μὴν
436 1308 704 1359 Φωτεινὸν
757 1305 1121 1375 μιμούμενος,
1152 1305 1309 1373 ψιλὸν
1355 1304 1644 1373 ἄνθρωπον
1695 1303 1879 1368 λέγειν

299 1404 391 1451 τὸν
424 1398 628 1469 Κύριον
649 1415 663 1428 ο
693 1398 829 1450 ἀλλὰ
854 1398 951 1468 τὴν
976 1397 1121 1462 λέξιν
1156 1398 1327 1466 μόνην
1376 1397 1452 1459 ὼς
1494 1400 1563 1449 τὰ
1597 1396 1878 1466 μορμολύ-

300 1510 423 1545 κεια
470 1490 800 1561 πειρίὸηται.
833 1491 944 1542 Καὶ
985 1488 1147 1543 τοῦτο
1178 1489 1453 1543 πέπονθεν
1493 1488 1599 1542 ὑπὸ
1639 1487 1879 1558 ἀμαθίας

304 1584 538 1653 πολλῆςδ
590 1583 835 1651 φυσικῶς
889 1584 999 1651 γὰρ
1057 1581 1283 1645 εὔλαλος
1326 1583 1421 1647 ὣν,
1477 1582 1879 1635 πεπαιδεῦσθαι

305 1673 405 1743 μὲν
456 1672 739 1741 ἐνομίζετο
766 1714 780 1738 ,
818 1674 885 1742 τῇ
932 1672 990 1724 δὲ
1045 1671 1272 1741 ἀληθείᾳ
1314 1672 1600 1739 ἀνάγωγος
1649 1665 1757 1741 ἦν,
1788 1672 1880 1723 καὶ

194 1812 201 1819 ι
300 1767 397 1829 τὰς
425 1766 533 1819 τῶν
566 1764 813 1819 παλαιῶν
841 1764 1162 1835 ἑρμηνεύων
1199 1764 1439 1832 βίὸλους,
1480 1764 1713 1834 ἀπηξίου
1746 1781 1879 1834 μαν-

303 1858 506 1914 θάνειν,
539 1858 858 1926 Τυφόμενος
918 1858 1025 1926 γὰρ
1076 1856 1180 1909 ὑπὸ
1232 1857 1330 1925 τῆς
1379 1856 1737 1923 εὐγλωττίας,
1777 1856 1877 1909 οὐκ

1978 680 2087 723 tata
2112 678 2217 732 est,
2253 680 2311 721 ut
2347 667 2645 722 universali
2696 666 2865 721 etiam
2922 675 3062 731 opus
3108 666 3257 713 esset
3308 652 3559 726 'syuodo.

1977 759 2149 814 Porro
2176 760 2450 822 Socrates,
2487 760 2579 828 qui
2613 757 3038 811 Ecclesiasticam
3077 751 3361 807 historiam
3423 762 3561 801 con-

1980 848 2227 917 scripsit,
2280 848 2347 902 de
2400 846 2638 902 Nestorii
2696 846 2959 914 opinione
2999 842 3115 896 haec
3139 846 3558 894 commemorat.

1990 960 2007 992 ι
2059 942 2194 1010 Ego.
2227 939 2428 1010 inquit,
2482 956 2604 995 cum
2634 940 2783 993 edita
2821 953 2850 990 a
2882 935 3138 990 Nestorio
3169 935 3373 1002 scripta
3411 931 3557 999 lege-

1986 1046 2101 1084 rem
2134 1030 2449 1099 imperitum
2475 1030 2754 1083 hominem
2793 1042 2914 1080 esse
2941 1024 3120 1094 reperi
3147 1041 3163 1075 :
3202 1032 3366 1091 atque
3398 1021 3452 1075 id
3485 1021 3558 1073 ita

1987 1137 2113 1175 vere
2143 1120 2325 1176 dicere
2361 1134 2605 1188 possum.
2635 1118 2823 1185 Neque
2875 1114 3021 1169 enim
3053 1114 3179 1166 odio
3214 1113 3438 1175 ductus,
3476 1118 3556 1163 te-

1985 1213 2211 1267 nuitatis
2237 1214 2353 1283 ejus
2387 1227 2489 1280 qua
2514 1210 2636 1264 aliis
2669 1209 2896 1264 inferior
2929 1206 3052 1270 fuit,
3086 1206 3388 1259 meminero
3421 1222 3435 1266 ;
3464 1216 3562 1256 ne-

1982 1317 2087 1367 que
2135 1301 2392 1369 cuiquam
2426 1299 2787 1370 gratiﬁeatus,
2828 1299 3033 1366 quibus
3093 1298 3231 1351 alios
3278 1294 3562 1365 superavit

1982 1396 2138 1448 dotes
2167 1408 2462 1463 exponam.
2512 1392 2631 1448 Non
2676 1392 2807 1445 mihi
2872 1391 3092 1444 videtur
3150 1389 3437 1444 NeSIorius
3472 1388 3560 1441 vel

1981 1484 2208 1539 Paulum
2269 1484 2705 1545 Samosatenum,
2774 1484 2859 1537 vel
2937 1482 3232 1536 Photinum
3296 1480 3561 1543 imitatus,

1983 1593 2192 1632 merum
2225 1578 2502 1632 hominem
2533 1578 2821 1632 Dominum
2856 1575 3068 1641 dicere,
3108 1574 3205 1629 sed
3233 1573 3562 1628 vocabulum

1982 1671 2159 1739 ipsum
2224 1678 2433 1724 tantum
2515 1670 2677 1725 sicuti
2744 1673 2945 1723 larvam
3008 1665 3347 1730 reformidat,
3397 1664 3566 1734 idque

1983 1774 2207 1831 propter
2237 1762 2462 1816 multam
2491 1761 2821 1831 imperitiam
2855 1760 3162 1817 facit.Cum
3194 1774 3431 1829 namque
3469 1775 3567 1813 ua-

1987 1856 2144 1909 turali
2175 1854 2412 1923 quadam
2449 1855 2707 1909 facundia
2733 1855 3001 1924 pra'ditus
3030 1864 3198 1919 esset,
3232 1853 3406 1923 probe
3440 1854 3565 1921 qui-

303 1950 547 2020 ἀκριϐὦς
603 1952 860 2019 προσεῖχε
917 1950 1029 2011 τοῖς
1099 1947 1386 2013 παλαιοῖς,
1450 1946 1589 2000 ἀλλὰ
1658 1947 1878 2000 πάντων

1995 1945 2104 1997 lem
2136 1945 2389 1999 eruditus
2447 1960 2569 1999 esse
2622 1946 2919 2014 putabatur
2955 1963 2969 1999 :
3006 1961 3063 2000 re
3110 1954 3294 2000 autem
3330 1945 3447 2014 ipsa
3476 1944 3565 1998 in-

303 2041 593 2110 κρείττονα
641 2038 894 2105 ἐνόμιζεν
934 2036 1151 2092 ἑαυτόν.
1198 2036 1409 2089 Αὐτίκα
1448 2036 1579 2103 γοῦν
1608 2036 1877 2107 ἠγνόησεν

303 2135 386 2186 ὅτι
425 2134 480 2184 ὲν
507 2135 572 2202 τῇ
606 2130 886 2201 Καθολικῇ
908 2128 1157 2183 Ἰωάννου
1191 2130 1502 2198 γέγραπται
1545 2129 1602 2182 ἐν
1632 2130 1747 2192 τοῖς
1777 2146 1881 2182 πα-

303 2225 474 2285 λαιοῖς
512 2222 888 2291 ἀντιγράφοις,
939 2221 1022 2274 ὅτι
1061 2220 1191 2275 Πᾶν
1234 2221 1474 2290 πνεῦμα
1523 2220 1555 2274 ὃ
1605 2223 1741 2275 λύει
1774 2223 1881 2276 τύν

317 2315 586 2383 Ἰησοῦν,
640 2314 760 2368 ἀπὸ
826 2313 933 2367 τοῦ
991 2313 1140 2367 Θεοῦ
1172 2316 1283 2368 οὐκ
1320 2314 1473 2368 ἔστι.
1518 2313 1740 2384 Ταύτην
1772 2314 1882 2385 γὰρ

306 2410 405 2482 τὴν
431 2409 673 2464 διάνοιαν
705 2410 770 2461 ἐκ
808 2407 915 2461 τῶν
952 2407 1198 2461 παλαιῶν
1223 2408 1579 2478 ἀντιγράφων
1608 2407 1883 2479 περιεῖλον

310 2505 360 2556 οἱ
394 2502 645 2573 χωρίζειν
674 2500 780 2554 ἀπὸ
809 2499 902 2553 τοῦ
931 2501 1032 2568 τῆς
1062 2501 1382 2571 οἰκονομίας
1428 2500 1722 2571 ἀνθρώπου
1760 2500 1883 2570 βου-

312 2594 525 2663 λὸμενοι
557 2596 655 2663 τὴν
713 2592 968 2662 θεότητα,
1018 2593 1108 2646 Διὸ
1162 2593 1257 2647 καὶ⁵
1301 2596 1349 2647 οί
1378 2595 1600 2647 παλαιοὶ
1628 2596 1885 2663 ἑρμηνεῖς

314 2687 443 2738 αὐτὸ
473 2686 633 2738 τοῦτο
676 2686 1123 2753 ἐπεσημήναντο,
1176 2684 1252 2748 ὥς
1302 2703 1449 2749 τινες
1487 2682 1598 2738 εἷεν
1632 2687 1886 2757 ῥᾳδιουρο

314 2777 584 2844 γήταντες
639 2775 737 2843 τὴν
780 2774 1094 2837 ἐπιστολὴν,
1140 2773 1286 2826 λύειν
1326 2776 1433 2827 ἀπὸ
1468 2775 1559 2827 τοῦ
1612 2776 1746 2828 Θεοῦ
1798 2778 1889 2828 τὶν

312 2864 600 2934 ἄνθρωπον
631 2863 896 2925 θέλοντες.
924 2861 1364 2932 Συνανείληπται
1388 2862 1497 2934 δὲὴ
1528 2864 1885 2933 ἀνθρωπότης

312 2959 379 3025 τῇ
414 2957 665 3025 θεότητι,
715 2956 813 3009 καὶ
861 2955 1047 3007 οὐκέτι
1093 2955 1200 3007 είσὶ
1244 2954 1358 3022 δύο,
1403 2956 1541 3008 ἀλλὰ
1569 2944 1680 3008 ’ἔν’
1731 2956 1891 3009 τοῦτο

318 3050 653 3121 θαρροῦντες
685 3050 735 3102 οἱ
763 3048 1294 3109 παλαιο“ι.Θεοτόκον
1326 3048 1509 3115 λέγειν
1540 3049 1640 3120 τὴν
1669 3050 1889 3120 Μαρίαν

313 3147 414 3198 οὐκ
445 3143 720 3214 ὤκνησαν.
772 3141 931 3195 Οὕτω
964 3143 1073 3212 γὰρ
1106 3146 1201 3196 καὶ
1235 3143 1264 3195 ὁ
1299 3142 1588 3211 Παμφίλου
1629 3142 1890 3206 Εὐσέϐιος

316 3238 376 3288 ἐν
406 3234 483 3304 τῷ
539 3234 710 3305 τρίτῳ
760 3234 905 3305 λόγῳ
938 3232 1017 3303 τῷ
1055 3234 1136 3296 είς
1176 3233 1267 3285 τὸν
1303 3232 1426 3286 Βίον
1472 3232 1887 3287 Κωνσταντίνου
1914 3270 1959 3334 c

318 3327 461 3381 κατά
487 3326 633 3393 λέξιν
665 3326 839 3380 ταῦτά
864 3345 937 3396 φη
950 3344 1000 3379 σι
1026 3341 1041 3357 ο
1078 3328 1188 3379 Καὶ
1215 3326 1324 3398 γὰρ
1348 3327 1441 3380 καὶ
1474 3327 1728 3397 γέννησιν
1757 3328 1890 3380 ὑπο-

323 3419 506 3488 μένειν
534 3419 563 3470 ὁ
614 3418 734 3489 μεθ’
760 3419 913 3488 ἡμᾶς
969 3417 1102 3481 Θεὸς
1150 3418 1217 3472 δι’
1269 3418 1420 3489 ἡμᾶς
1469 3417 1764 3488 ἠνέσχετο·
1796 3422 1892 3474 καὶ

318 3512 484 3573 τόπος
517 3510 683 3563 αὐτοῦ
713 3510 812 3580 τῆς
840 3512 1111 3580 ινσάρκου
1137 3511 1446 3581 γεννήσεως
1476 3511 1738 3576 ὀνομαστὶ
1762 3515 1891 3583 παρ’

331 3604 606 3673 Ἑϐραίοις
636 3605 671 3674 ή
705 3603 954 3673 Βηθλεὲμ
1000 3603 1353 3672 ὲκηρύττετο.
1391 3605 1483 3657 Διὸ
1504 3605 1569 3675 δὴ
1599 3606 1697 3658 καὶ
1734 3606 1769 3676 ἡ
1799 3606 1893 3675 βα-

322 3697 539 3749 σίλισσα
574 3696 764 3767 Ἑλένη
822 3698 854 3766 ή
910 3696 1303 3767 θεοφιλεστάτη
1343 3699 1442 3767 τῆς
1494 3698 1763 3753 Θεοτόκου
1793 3699 1894 3770 τὴν

323 3788 521 3858 κύησιν
582 3791 833 3857 μνήμασι
873 3787 1199 3855 Θαυμασίοις
1231 3790 1480 3859 ἐκόσμει,
1518 3792 1787 3855 παντοίως
1834 3792 1894 3844 τὸ

321 3881 446 3951 τῇδε
478 3881 624 3950 ἱερὸν
646 3879 842 3951 ἄντρον
865 3879 1256 3951 φαιδρύνουσα.
1288 3884 1392 3937 Καὶ
1434 3884 1717 3954 Ὦριγένης
1741 3885 1804 3939 δὲ
1838 3887 1897 3938 ἐν

322 3975 400 4044 τῷ
434 3975 604 4046 τρίτῳ
636 3975 787 4045 τόμῳ
817 3976 927 4028 τῶν
987 3979 1068 4040 είς
1102 3976 1201 4045 τὴν
1254 3978 1391 4047 πρὸς
1434 3976 1746 4048 Ῥωμαίους
1801 3979 1897 4032 τοῦ

337 4067 666 4121 Ἀποστόλου
715 4066 1060 4135 Ἐπιστολὴν,
1110 4067 1435 4138 ἑρμηνεύων
1466 4069 1584 4133 πῶς
1640 4069 1899 4132 Θεοτόκος

325 4161 547 4228 λέγεται
578 4157 827 4221 πλατέως
856 4159 1110 4229 ἐξήτασε.
1137 4161 1394 4214 Φαίνεται
1422 4162 1606 4216 τοίνυν
1636 4164 1664 4215 ὀ
1694 4162 1901 4216 Νεστό-

328 4271 445 4322 ριος
472 4257 745 4327 ἀγνοήσας
777 4255 874 4316 τὰς
910 4254 1302 4322 πραγματείας
1326 4256 1438 4307 τῶν
1464 4255 1746 4308 παλαιῶνο
1796 4256 1899 4323 διὸ,

328 4348 513 4412 καθὼς
543 4350 700 4419 ἔφην,
727 4349 827 4421 τὴν
855 4346 1003 4411 λέξιν
1031 4347 1199 4417 μόνην
1225 4347 1596 4417 περιίσταται.
1626 4347 1705 4403 Οὐ
1739 4350 1902 4419 μόνον

329 4443 389 4495 δὲ
420 4444 519 4501 τὴν
575 4432 740 4506 λέξιν,
792 4440 930 4495 ἀλλὰ
983 4439 1075 4492 καὶ
1112 4440 1393 4503 παντελῶς
1441 4441 1576 4494 Θεὸν
1619 4439 1764 4495 εἶναι
1812 4443 1905 4496 τὸν

326 4533 663 4602 γεννηθέντα
713 4533 1015 4602 ἠρνήσατο.
1071 4531 1132 4583 '0
1191 4531 1299 4601 γὰρ
1354 4531 1643 4603 γεννηθεὶς
1693 4535 1757 4588 ἐκ
1805 4535 1905 4603 τῆς

1981 2038 2198 2102 doctus,
2233 2046 2287 2091 et
2313 2047 2558 2092 veterum
2592 2039 2956 2108 interpretum
3007 2038 3177 2093 libros
3211 2053 3433 2093 versare
3467 2053 3567 2091 no-

1981 2133 2083 2185 luit
2115 2150 2127 2185 :
2156 2131 2426 2199 siquidem
2477 2130 2716 2200 expetita
2752 2131 2948 2200 lingure
2979 2130 3332 2185 volubilitate
3359 2130 3561 2187 elatus.

1983 2224 2228 2277 animum
2264 2222 2331 2275 ad
2363 2222 2582 2276 illorqu
2608 2221 2809 2290 scripta
2841 2237 2949 2274 non
2980 2229 3237 2276 accurate
3299 2221 3564 2282 intendit,

1984 2316 2078 2370 sed
2111 2316 2352 2384 seipsum
2401 2314 2662 2369 omnibus
2718 2315 3159 2382 praestantiorem
3210 2327 3335 2367 esse
3384 2312 3563 2366 duxit.

1984 2408 2171 2475 Itaque
2204 2406 2345 2460 illud
2386 2408 2570 2460 statim
2603 2421 2673 2460 ex
2710 2405 2981 2459 Catholica
3036 2405 3267 2460 Joannis
3294 2404 3565 2473 Epistola.

1986 2500 2131 2569 quod
2156 2499 2207 2552 in
2233 2499 2466 2553 vetustis
2485 2497 2903 2566 exemplaribus
2935 2497 3203 2561 scriptum
3229 2505 3316 2549 est
3348 2498 3568 2566 ignora-

1986 2593 2067 2646 vit
2107 2591 2296 2656 :Quod
2327 2591 2549 2660 spiritus
2578 2592 2769 2655 cumis,
2810 2589 2900 2657 qui
2936 2588 3117 2641 Jesum
3150 2586 3330 2652 solvit,
3367 2604 3431 2641 ea:
3464 2588 3570 2640 Deo

1990 2684 2278 2738 nonest‘.
2315 2684 2451 2738 Nam
2493 2682 2823 2736 sententiam
2890 2681 3052 2745 hanc,
3105 2680 3198 2750 qui
3253 2681 3322 2734 ab
3395 2680 3573 2735 admi-

1988 2776 2315 2831 nistratione
2365 2775 2608 2829 hominis
2641 2775 2694 2829 in
2719 2774 2941 2829 Christo
2986 2774 3335 2836 divinitatem
3388 2790 3571 2845 segre-

1990 2885 2119 2939 gare
2150 2869 2465 2934 voluerunt,
2499 2883 2566 2922 ex
2607 2860 2853 2937 antiquis
2881 2868 3289 2937 exemplaribus
3330 2869 3570 2922 sustule—

1991 2971 2142 3018 runt.
2181 2961 2531 3040 Quapropter
2563 2971 2620 3017 et
2658 2962 2826 3031 prisci
2863 2963 3199 3030 interpretes
3227 2965 3329 3016 hoc
3382 2964 3564 3032 ipsum

1992 3054 2327 3120 indicarunt,
2353 3053 2527 3109 fuisse
2553 3054 2816 3108 nimirum
2847 3054 3142 3124 quosdam,
3199 3056 3296 3124 qui
3350 3057 3573 3125 Episto-

1991 3144 2101 3199 lam
2135 3160 2258 3200 eam
2314 3146 2692 3217 depravarint,
2754 3146 3034 3202 hominem
3099 3163 3129 3203 a
3199 3148 3312 3203 Deo
3359 3150 3576 3204 solvere

1990 3241 2264 3296 volentes.
2304 3242 2595 3311 Assumpta
2626 3250 2811 3296 autem
2854 3250 2940 3297 est
2973 3257 3005 3296 a
3058 3241 3345 3316 divinitate
3378 3242 3578 3298 huma-

1992 3333 2161 3397 nitas,
2191 3342 2246 3388 et
2264 3334 2378 3405 jam
2407 3349 2515 3388 non
2552 3333 2662 3388 duo
2686 3343 2856 3396 sunt,
2886 3335 2981 3389 sed
3020 3350 3189 3389 unum
3232 3352 3246 3390 :
3279 3350 3391 3405 quo
3426 3346 3576 3391 vete-

1994 3440 2084 3481 res
2128 3425 2277 3489 freti,
2326 3425 2549 3479 Mariam
2607 3425 2891 3491 Θεοτόκον,
2933 3427 3040 3482 hoc
3065 3436 3170 3493 est,
3213 3427 3304 3482 Dei
3333 3427 3576 3483 Genitri-

1993 3533 2114 3573 cem
2135 3517 2325 3572 dicere
2357 3532 2465 3571 non
2496 3515 2840 3572 dubitarunt.
2899 3518 2991 3572 Sic
3027 3520 3175 3573 enim
3206 3528 3263 3574 et
3304 3519 3576 3575 Eusebius

1994 3610 2263 3679 Pamphili
2296 3609 2351 3664 in
2386 3609 2662 3680 tertioLde
2697 3608 2819 3664 Vita
2847 3609 3199 3665 Constantini
3260 3612 3430 3677 libro,
3477 3614 3580 3669 hac

1996 3705 2064 3758 de
2090 3718 2150 3757 re
2175 3703 2245 3757 ad
2268 3702 2494 3758 verbum
2528 3702 2707 3772 inquit
2738 3718 2752 3755 :
2778 3702 2914 3757 Nam
2932 3714 2989 3758 et
3010 3704 3349 3760 nativitatem
3368 3706 3462 3775 qui
3492 3716 3581 3761 est

1998 3796 2287 3852 nobiseum
2338 3797 2506 3861 Deus,
2542 3806 2728 3853 nostra
2763 3810 2927 3851 causa
2971 3796 3159 3852 subire
3192 3799 3475 3864 sustinuit,
3524 3808 3582 3854 et

1998 3890 2152 3946 locus
2209 3889 2514 3944 nativitatis
2575 3888 2694 3960 ejus
2756 3889 2810 3944 in
2839 3904 3006 3944 carne
3062 3890 3388 3946 nominatim
3435 3890 3580 3960 apud

2001 3981 2554 4037 llebrzeosBethleem
2577 3982 2872 4050 praedictus
2889 3992 2995 4037 est.
3018 3982 3384 4049 Quamobrem
3410 3983 3578 4038 etiam

2002 4073 2099 4127 Dei
2148 4073 2525 4127 amantissima
2581 4073 2785 4127 Helena
2860 4074 3134 4141 Augusta,
3211 4075 3578 4143 gestationem

2004 4164 2145 4219 uteri
2182 4164 2273 4217 Dei
2296 4163 2591 4220 Genitricis
2620 4164 2962 4218 admirandis
3010 4166 3383 4220 monumentis
3416 4167 3587 4220 coho-

2003 4257 2263 4322 nestavit,
2295 4266 2353 4311 et
2386 4272 2602 4312 sacrum
2636 4257 2770 4311 illud
2802 4267 3024 4311 antrum
3061 4256 3422 4311 multifariam
3485 4273 3586 4312 ex-

2004 4348 2244 4402 ornavit.
2273 4347 2434 4418 507
2470 4347 2730 4417 Origenes
2759 4363 2888 4401 vero
2908 4355 2967 4401 et
3005 4347 3122 4416 ipse
3157 4347 3212 4401 in
3245 4347 3405 4401 tertio
3426 4348 3588 4404 Com»

2007 4440 2443 4505 mentariorum,
2510 4440 2564 4493 in
2612 4438 2854 4509 Epistola
2906 4439 2972 4492 ad
3032 4437 3313 4495 Romanos
3344 4481 3358 4506 ,
3412 4449 3586 4506 tomo,

2006 4534 2285 4603 quomodo
2315 4534 2409 4588 Dei
2472 4532 2722 4588 Genitrix
2759 4531 2977 4601 dicatur
3002 4547 3303 4602 exponens,
3365 4535 3588 4602 copiose

333 4623 495 4690 ἁγίας
527 4621 803 4691 Παρθένου
833 4624 979 4674 ἐστὶν
1011 4622 1455 4692 ἐσταυρωμένος,
1498 4622 1648 4685 ὅστις
1697 4622 1893 4693 Κύριός

2013 4628 2068 4681 id
2099 4627 2358 4697 explicat.
2394 4630 2637 4696 Apparet
2667 4626 2854 4697 igitur,
2886 4626 3201 4680 Nestorium
3237 4627 3589 4681 lucubratio-

331 4718 451 4769 ἐστι
496 4714 596 4785 τῆς
650 4713 831 4783 δόξης,
895 4714 971 4776 ὣς
998 4729 1165 4783 φησιν
1202 4716 1229 4766 ὁ
1271 4714 1602 4777 ’Λπόστολος
1628 4730 1643 4745 ο
1673 4717 1744 4768 Et
1795 4716 1906 4783 γὰρ

331 4809 630 4876 ἔγνωσαν,
680 4809 792 4861 οὐκ
825 4807 902 4860 ἂν
938 4807 1043 4860 τὸν
1073 4805 1294 4875 Κύριον
1332 4802 1442 4874 τῆς
1481 4804 1668 4873 δόξης
1690 4805 1909 4860 ἐσταύ-

328 4920 559 4972 ρωσαν.
583 4902 877 4969 Νεστόριος
907 4900 963 4952 δὲ
982 4899 1133 4968 λέγει
1159 4913 1173 4929 ⁸
1208 4918 1227 4951 ‹
1270 4898 1361 4969 Μὴ
1401 4900 1617 4968 καυχῶ,
1645 4898 1870 4953 Ἰουδαῖε
1890 4912 1904 4927 ·

337 4994 471 5048 Θεὸν
493 4994 595 5045 οὐκ
614 4993 1015 5060 ἑσταύρωσας,ι
1048 4992 1125 5055 ὠς
1156 4992 1249 5046 τοῦ
1282 4993 1490 5057 Κυρίου
1516 4992 1612 5061 τῆς
1627 4991 1785 5060 δόξης
1810 4992 1913 5044 οὐκ

335 5084 782 5155 ὲσταυρωμένου.
820 5083 977 5136 Ἐπεὶ
1006 5084 1089 5136 ὅτι
1132 5084 1290 5152 ψιλὸν
1318 5084 1381 5136 οὑ
1426 5084 1576 5152 λέγει
1623 5083 1913 5152 ἄνθρωπον

335 5177 429 5230 τὸν
456 5174 716 5245 Χριστὸν,
740 5174 814 5237 ὡς
840 5175 1110 5237 Φωτεινὸς
1144 5176 1177 5241 ἢ
1239 5176 1449 5238 Παῦλος
1477 5178 1504 5229 ό
1537 5176 1912 5245 Σαμοσατεὺς,

336 5270 436 5323 καὶ
486 5268 544 5320 al.
577 5266 887 5321 ὲκδοθεῖσαι
918 5267 1084 5321 αὑτοῦ
1121 5268 1479 5339 προσομιλίαι
1527 5267 1911 5322 διδάσκουσιν

335 5363 417 5423 ὡς
446 5359 682 5429 οὐδαμοῦ
709 5362 808 5428 τὴν
840 5360 932 5412 τοῦ
963 5359 1103 5413 Θεοῦ
1137 5361 1313 5429 Λόγου
1352 5360 1654 5414 ὑπόστασιν
1678 5360 1915 5430 ἀναιρεῖ,

340 5450 480 5505 ἀλλά
540 5450 819 5522 πανταχοῦ
871 5452 1239 5506 ἐννπόστατον
1300 5453 1464 5506 αὐτὸν
1510 5453 1785 5521 ὁμολογεῖ,
1820 5453 1918 5506 καὶ

342 5543 611 5597 ὲνούσιον.
655 5545 728 5597 Οὐ
760 5545 892 5614 μὴν,
921 5543 995 5606 ὡς
1024 5545 1290 5609 Φωτεινὸς
1332 5545 1428 5598 καὶ
1469 5545 1496 5596 ὁ
1538 5545 1916 5613 Σαμοσατεὺς,

343 5639 559 5707 ἀναιρεῖ
601 5637 767 5690 αὐτοῦ
812 5637 907 5708 τὴν
939 5637 1210 5708 ὓπαρξιν·
1258 5638 1417 5691 τοῦτο
1453 5638 1565 5708 γὰρ
1612 5637 1705 5691 καὶ
1747 5637 1920 5690 Μανι-

345 5734 487 5800 χαῖοι
515 5728 611 5783 καὶ
644 5730 691 5781 οἱ
724 5731 833 5782 ἀπὸ
866 5730 1152 5783 Μοντανοῦ
1190 5730 1543 5800 δογματίζειν
1578 5731 1914 5801 ἐτόλμησαν.

417 5913 619 5972 'Joau.
668 5930 744 5981 Iv,
776 5915 829 5970 5.
907 5914 927 5945 ¹
969 5913 1138 5970 lCor.
1179 5927 1242 5975 ιι,
1271 5913 1325 5966 8.

670 6014 947 6075 PATth
991 6015 1033 6071 (1
1050 6032 1087 6072 tt
1159 6010 1379 6072 CXLVI

2015 4733 2114 4774 nes
2143 4727 2393 4772 veterum
2425 4720 2729 4789 ignorasse.
2760 4715 3020 4782 Proinde,
3056 4716 3221 4771 siculi
3272 4717 3409 4776 dixi.
3437 4717 3591 4772 loeu-

2016 4812 2220 4867 tionem
2251 4813 2420 4866 solam
2456 4819 2759 4880 Oppugnat.
2786 4809 2950 4879 (Quin
2977 4798 3071 4865 ille
3109 4824 3219 4863 non
3258 4809 3587 4865 vocabulum

2016 4896 2197 4966 ipsum
2251 4896 2437 4961 modo,
2495 4897 2589 4950 sed
2616 4912 2843 4966 prorsus
2879 4897 3045 4951 etiam
3082 4898 3254 4952 Deum
3286 4914 3429 4964 esse,
3495 4903 3589 4970 qui

2014 4991 2232 5060 genitus
2252 4997 2357 5052 est,
2390 4990 2632 5060 negavit.
2690 4989 2795 5056 Qui
2835 4990 2981 5043 enim
3015 5006 3082 5044 ex
3136 4989 3362 5062 Virgine
3407 5003 3594 5047 saneta

2014 5091 2175 5136 natus
2256 5091 2363 5149 est,
2443 5082 2587 5138 idem
2669 5082 2967 5138 cruciﬁxus
3044 5098 3262 5155 quoque
3340 5096 3444 5151 est,
3500 5088 3593 5155 qui

2014 5173 2238 5243 quidem
2310 5175 2575 5229 Dominus
2665 5185 2750 5231 est
2824 5177 3048 5245 glorire,
3128 5177 3594 5247 quemalmodum

2015 5266 2315 5334 Apostolus
2385 5266 2461 5320 ait
2519 5280 2534 5319 :
2599 5265 2659 5320 Si
2736 5269 2875 5321 enim
2949 5270 3328 5338 cognovissent,
3413 5267 3598 5321 Domi-

2016 5375 2144 5413 num
2194 5357 2376 5430 utique
2416 5357 2600 5429 gloria:
2648 5375 2751 5412 non
2794 5358 3173 5427 cruci/ixissent
3223 5361 3265 5411 ’.
3312 5358 3598 5413 Nestorius

2017 5461 2202 5506 autem
2274 5451 2456 5518 inquit
2488 5467 2500 5502 :
2545 5469 2561 5501 ‹
2597 5450 2676 5504 Ne
2706 5450 2987 5519 glorieris,
3027 5450 3235 5514 Judaee,
3279 5449 3449 5503 Deum
3486 5465 3597 5503 non

2018 5541 2343 5599 erucifixisti
2372 5560 2385 5594 :
2415 5560 2435 5594 δ
2470 5542 2702 5610 perinde
2728 5553 2891 5611 atque
2922 5541 3183 5595 Dominus
3207 5541 3396 5611 gloriae
3421 5542 3599 5595 cruci-

2019 5638 2162 5691 fixus
2214 5650 2325 5688 non
2365 5642 2532 5689 esset.
2577 5634 3034 5702 Quandoquidem
3100 5634 3244 5703 quod
3292 5632 3598 5695 Christum,

2022 5744 2132 5783 non
2170 5742 2369 5798 purum
2403 5725 2687 5781 hominem
2749 5725 2918 5794 dicat,
2951 5728 3096 5780 sicut
3166 5726 3463 5789 Photinus,
3505 5733 3600 5779 aut

3051 5998 3122 6057 37
