4092 6494
371 452 525 516 ’1165

1301 457 1897 518 ΕεειΕδιΑδΤιεΛι
1937 458 2328 518 HISTORIA:
2364 456 2509 517 LIB.
2548 456 2701 517 XIV.

3495 444 3631 509 llGii

384 567 765 639 πρεσόυτέρας
819 568 1040 639 Ῥώμης
1104 569 1388 641 ὲπισκόπῳ
1457 572 1768 644 Κελεστίνῳ
1833 575 1952 628 ἀνέ-

2066 589 2185 643 pum
2234 571 2597 628 leestinum
2650 567 2823 624 misit.
2885 567 2966 621 Ad
3032 563 3348 621 Nestorium
3405 562 3632 630 insuper

385 675 595 726 πεμπε.
626 656 832 730 Τρίτην
875 659 919 713 δ’
960 658 1127 730 ἀλλην
1159 661 1450 732 ἐπιστολὴν
1494 663 1782 734 Νεστορίῳ
1826 664 1954 716 ἑπέ-

387 753 643 805 στελλενο
670 753 731 804 ὲν
832 752 926 807 καὶ
979 752 1049 805 τὰ
1090 752 1504 824 πολυθρύλλητα
1558 756 1625 824 ιβ’
1680 755 1954 825 κεφάλαια

388 844 507 915 μετ’
545 843 1005 913 ἀναθεματισμῶν
1036 846 1506 915 συμπαρέζευξεν.
1547 848 1617 900 ’Λ
1666 847 1731 912 δὴ
1757 850 1854 901 καὶ
1876 848 1955 917 τῷ

387 936 615 1006 παρόντι
671 936 909 989 ἐκθεῖναι
938 936 1150 990 δίκαιον
1199 937 1309 1008 ἤγη
1323 955 1441 1006 μαι,
1470 937 1616 992 οὕτω
1644 939 1915 1006 διεξιόντα
1935 957 1952 976 ο

392 1049 413 1082 ι
447 1029 515 1081 Εἴ
533 1046 615 1091 τις
637 1027 743 1098 οὐχ
769 1028 1025 1098 ὁμολογεῖ
1052 1028 1188 1081 Θεὸν
1222 1025 1365 1083 εἶναι
1398 1032 1544 1085 κατὰ
1574 1032 1833 1102 ἀλήθειαν
1863 1035 1954 1088 τὸν

397 1118 764 1191 Ἐμμανουήλ,
791 1119 884 1173 καὶ
909 1120 998 1175 διὰ
1026 1118 1183 1173 τοῦτο
1209 1119 1470 1175 Θεοτόκον
1497 1123 1598 1192 τὴν
1618 1124 1783 1190 ἁγίαν
1813 1126 1956 1195 Παρ-

384 1211 536 1263 θένον
591 1210 914 1280 (γεγέννηκε
972 1212 1079 1281 γὰρ
1145 1213 1428 1285 σαρκικῶς
1475 1214 1654 1284 σάρκα
1693 1217 1958 1283 γεγονότα

383 1303 474 1355 τὸν
504 1302 569 1354 ὲκ
590 1300 730 1354 Θεοῦ
758 1301 891 1355 Θεὸν
929 1304 1151 1370 Λόγον),
1189 1288 1443 1374 ἀνάθεμα
1466 1304 1632 1365 ἔστω.
1665 1307 1730 1359 Εἰ
1749 1323 1831 1368 τις
1858 1308 1957 1381 οὐχ

383 1394 637 1462 ὁμολογεῖ
662 1395 829 1465 σαρκὶ
860 1394 983 1447 καθ’
1011 1396 1313 1449 ὑπόστασιν
1336 1396 1579 1465 ἡνῶσθαι
1601 1398 1694 1450 τὸν
1728 1400 1791 1451 ἐκ
1821 1399 1956 1452 Θεοῦ

389 1486 602 1557 Πατρὸς
647 1488 844 1554 Λόγον,
876 1486 974 1541 ἕνα
1002 1503 1060 1540 τε
1090 1484 1234 1547 εἶναι
1267 1488 1504 1558 Χριστὸν
1534 1491 1673 1560 μετά
1694 1490 1794 1560 τῆς
1822 1491 1959 1556 ἰδίας

388 1575 611 1644 σαρκὸς,
640 1574 731 1627 τὸν
759 1573 924 1633 αὑτὸν
953 1572 1198 1642 δηλονότι
1219 1574 1354 1627 Θεὸν
1376 1574 1512 1643 ὁμοῦ
1535 1592 1595 1628 τε
1624 1577 1720 1630 καὶ
1741 1576 1954 1646 ἄνθρω-

387 1685 510 1733 πον,
569 1666 821 1735 ἀνάθεμα
851 1665 1013 1719 ἔστω.
1061 1665 1131 1718 Εἴ
1159 1683 1243 1731 τις
1278 1668 1371 1720 ἐπὶ
1422 1666 1517 1722 τοῦ
1567 1668 1687 1732 ἑνὸς
1719 1669 1959 1739 Χριστοῦ

385 1760 585 1828 διαιρεῖ
611 1758 708 1821 τὰς
740 1758 1064 1820 ὑποστάσεις
1093 1760 1235 1828 μετὰ
1268 1757 1371 1828 τὴν
1415 1759 1631 1825 ἕνωσιν,
1659 1760 1795 1834 μόνῃ
1830 1780 1956 1815 συν-

386 1854 576 1908 άπτων
606 1851 778 1914 αὑτὰς
826 1866 1093 1922 συναφειᾳ
1144 1853 1212 1922 τῇ
1249 1853 1390 1905 κατά
1433 1851 1533 1922 τὴν
1564 1853 1745 1921 ἀξίαν,
1789 1855 1959 1924 ἡγουν

387 1945 675 2001 αὑθεντίαν
716 1943 751 2017 ἢ
782 1917 1102 1998 δυναστεία-ν
1129 1982 1144 2008 ,
1182 1917 1278 1997 οιαὶ
1307 1944 1429 2015 οὐχὶ
1464 1917 1665 2012 μᾶλλον
1693 1917 1957 2001 συνειδότι
1987 1917 2035 1977 Β

388 2038 510 2094 καθ’
543 2038 738 2093 ἕνωσιν
773 2036 1029 2108 φυσικὴν,
1061 2036 1312 2107 ἀνάθεμα
1344 2036 1505 2091 ἔστω.
1535 2036 1605 2092 El
1627 2053 1712 2100 τις
1739 2037 1959 2109 προσώ-

389 2146 510 2194 ποις
535 2130 707 2195 δυσὶν,
731 2128 900 2201 ἤγουν
939 2128 1289 2193 ὑποστάσεσι,
1318 2128 1417 2192 τάς
1464 2145 1526 2181 τε
1558 2130 1618 2182 ὲν
1643 2130 1756 2192 τοῖς
1789 2128 1960 2197 εὐαγ-

387 2224 625 2293 γελικοτς
679 2222 777 2277 καὶ
828 2222 1208 2285 ἀποστολικοτς
1255 2224 1659 2293 συγγράμμασι
1708 2223 1960 2294 διανέμει

390 2318 573 2389 φωνὰς
619 2319 712 2370 ἐπὶ
738 2315 966 2389 Χριστῷ
1020 2316 1169 2384 παρὰ
1199 2315 1308 2370 τῶν
1352 2317 1528 2386 ἀγίων
1569 2318 1890 2388 λεγομένας,
1925 2318 1959 2389 ἢ

393 2414 526 2484 παρ’
559 2412 741 2473 αὐτοῖς
765 2413 898 2483 περὶ
931 2410 1125 2464 ἑαυτοῦ
1152 2427 1166 2443 ο
1200 2412 1297 2466 καὶ
1329 2412 1427 2475 τὰς
1462 2411 1560 2481 μὶν
1590 2412 1666 2475 ὡς
1687 2411 1962 2482 ἀνθρώπῳ

391 2508 545 2578 παρά
567 2505 662 2558 τὸν
697 2507 761 2558 ἐκ
797 2501 936 2557 Θεοῦ
982 2505 1197 2576 [ἰατρὸς
1227 2505 1404 2574 Λόγον
1438 2505 1623 2570 ῐδικῶς
1666 2506 1961 2576 νοουμῶας

327 2636 343 2651 .
391 2600 721 2669 προσάπτει,
748 2598 848 2662 τάς
880 2598 937 2652 δὲ
985 2597 1059 2659 ὡς
1090 2597 1415 2669 θεοπρεπεϊς
1448 2594 1598 2671 μόνῳ
1629 2600 1710 2670 τῷ
1734 2603 1796 2654 ὲκ
1823 2597 1961 2654 Θεοῦ

392 2694 604 2760 [ἰατρὸς
636 2691 812 2761 Λόγῳ,
845 2690 1095 2761 ἀνάθεμα
1144 2690 1310 2745 ἔστω.
1347 2693 1415 2745 Εἴ
1456 2706 1540 2756 τις
1567 2693 1743 2765 τολμᾷ
1780 2693 1963 2761 λέγειν

391 2779 652 2848 θεοφόρον
693 2778 980 2849 ἄνθρωπον
1032 2779 1123 2832 τὸν
1150 2779 1410 2850 Χριστὸν,
1452 2782 1549 2835 καὶ
1581 2783 1702 2853 οὐχὶ
1728 2782 1792 2853 δὴ
1824 2782 1965 2852 μᾶλ-

389 2873 481 2927 λον
522 2873 654 2925 Θεὸν
684 2869 823 2925 εἶναι
855 2873 995 2927 κατά
1029 2871 1309 2942 ἀλήθειαν,
1348 2873 1425 2936 ὡς
1451 2872 1583 2931 Υιὸν
1612 2875 1708 2929 ἕνα
1737 2878 1830 2929 καὶ
1858 2876 1965 2947 φύ-

394 2982 477 3020 σει
510 2965 631 3019 καθ’
681 2963 711 3018 δ
764 2964 954 3033 γέγονε
994 2963 1130 3034 σὰρξ
1180 2966 1209 3018 ὀ
1241 2963 1436 3033 Λόγος.
1468 2967 1565 3020 καὶ
1595 2966 1966 3039 κεκοινώνηκε

394 3055 793 3126 παραπλησίως
825 3056 958 3126 ἡμῖν
1015 3056 1251 3124 αἵματος
1305 3058 1400 3111 καὶ
1434 3058 1659 3129 σαρκὸς,
1716 3060 1965 3131 ἀνάθεμα

392 3152 554 3204 ἔστω.
585 3148 656 3204 Et
678 3164 760 3212 τις
793 3148 942 3216 λέγει
978 3147 1109 3201 Θεὸν
1137 3147 1171 3220 ἢ
1202 3150 1481 3220 Δεσπότην
1520 3146 1660 3205 εἶναι
1706 3151 1802 3207 τοῦ
1830 3154 1968 3223 Χρι·

2057 665 2276 738 tertiam
2307 664 2458 720 dedit
2481 661 2792 732 epistolam,
2824 660 2911 714 cui
2945 658 3180 713 multum
3215 655 3495 710 celebrata
3541 652 3632 703 illa

2053 755 2343 812 duodecim
2365 755 2567 824 capita,
2591 767 2699 808 una
2719 765 2844 808 cum
2860 744 3336 804 anathematismis
3359 742 3630 811 adiunxit:

2055 863 2179 919 quae
2202 856 2262 902 ut
2293 847 2385 902 hie
2418 849 2746 910 inserercm,
2793 858 3007 912 aequum
3055 855 3177 895 esse
3207 837 3365 892 duxi.
3417 834 3491 888 Ea
3549 835 3631 887 sic

2057 941 2259 996 habent
2290 956 2305 994 :
2343 957 2361 991 ι
2400 938 2455 994 Si
2484 936 2607 1008 quis
2636 951 2745 991 non
2778 932 3070 1004 profitetur
3094 944 3285 984 verum
3318 928 3484 981 Deum
3509 941 3631 978 esse

2056 1030 2493 1097 Emmanuelem,
2541 1026 2882 1099 proindeque
2937 1023 3207 1093 virginem
3257 1019 3481 1074 Mariam
3530 1017 3630 1071 ι)ιεὶ

2055 1125 2391 1181 Genitricem
2430 1122 2649 1193 (genuit
2679 1118 2824 1175 enim
2857 1117 2949 1173 illa
3005 1114 3303 1172 carnaliter
3355 1127 3480 1165 eum
3535 1108 3630 1177 qui

2057 1232 2187 1273 raro
2230 1218 2410 1271 factus
2438 1213 2552 1282 est],
2603 1212 2774 1266 Deum
2821 1209 3033 1265 scilicet
3076 1222 3145 1261 ex
3189 1207 3300 1261 Deo
3349 1201 3635 1267 Verbum)

2059 1310 2354 1366 anathema
2386 1308 2479 1363 sit.
2514 1305 2571 1361 Si
2612 1303 2739 1373 quis
2768 1316 2877 1356 non
2904 1302 3196 1371 proﬁtetur
3224 1297 3378 1352 carni
3427 1310 3623 1349 secun-

2058 1404 2188 1458 dum
2211 1398 2617 1457 subsistentiam
2650 1396 2861 1450 unitum
2892 1407 3012 1448 esse
3040 1392 3094 1448 id
3124 1391 3270 1461 quod
3302 1400 3386 1445 est
3422 1404 3487 1442 ex
3521 1388 3632 1440 Deo

2058 1502 2214 1564 patre
2242 1491 2508 1557 Verbum,
2544 1500 2826 1556 unumque
2859 1499 2983 1540 esse
3004 1481 3291 1541 Christum
3326 1493 3452 1532 cum
3500 1492 3630 1545 pro-

2059 1585 2180 1656 pria
2249 1599 2448 1650 carne,
2508 1579 2766 1637 eumdem
2831 1578 3045 1633 scilicet
3109 1576 3280 1629 Deum
3339 1569 3502 1627 simul
3577 1580 3633 1621 ct

2060 1677 2360 1742 hominem,
2402 1673 2697 1728 anathema
2727 1670 2820 1726 sit.
2856 1668 2916 1723 Si
2951 1667 3076 1738 quis
3124 1665 3182 1720 in
3245 1676 3356 1717 uno
3412 1659 3632 1713 Christo

2060 1764 2446 1826 subsistentias
2477 1763 2670 1819 dividit
2696 1770 2819 1833 post
2850 1760 3130 1821 unionem,
3159 1756 3274 1815 sola
3306 1769 3402 1809 eas
3430 1767 3635 1807 conne-

2061 1870 2216 1916 ctens
2238 1855 2653 1929 conjunctione,
2680 1866 2801 1922 quae
2827 1847 3130 1906 secundum
3156 1846 3481 1916 dignitatem
3511 1842 3634 1895 sive

2059 1951 2448 2013 auctoritatem
2501 1958 2597 2004 aut
2639 1955 2971 2018 potestatem
3024 1951 3133 2005 est,
3190 1949 3246 1996 et
3288 1954 3397 1993 non
3445 1935 3631 2006 potius

2060 2046 2266 2102 unione
2308 2041 2572 2105 naturali,
2622 2039 2912 2093 anathema
2971 2036 3065 2089 sit.
3117 2032 3175 2087 Si
3236 2029 3361 2101 quis
3418 2026 3634 2081 duabus

2061 2137 2316 2211 personis
2361 2135 2481 2190 sine
2529 2129 2907 2188 subsistentiis
2955 2127 3014 2182 in
3069 2125 3314 2189 Christo,
3368 2136 3532 2181 voces
3575 2123 3633 2173 in

2061 2227 2395 2299 evangelieis
2431 2234 2487 2281 et
2514 2223 2832 2295 apostolicis
2865 2219 3111 2289 scriptis,
3143 2217 3228 2272 vel
3265 2232 3296 2271 a
3336 2215 3468 2269 viris
3507 2229 3636 2268 san,

2062 2314 2186 2387 c‘tis,
2221 2321 2308 2374 vel
2338 2320 2408 2374 ab
2435 2318 2556 2388 ipso
2587 2315 2654 2371 de
2680 2315 2863 2385 seipso
2890 2312 3126 2367 tributas
3170 2307 3389 2371 dividit,
3408 2314 3473 2366 et
3498 2305 3636 2360 alias

2062 2414 2284 2486 quidem
2335 2421 2397 2473 ut
2444 2410 2683 2474 homini,
2725 2417 2883 2464 extra
2928 2406 2983 2460 id
3015 2405 3164 2475 quod
3212 2418 3281 2457 ex
3323 2400 3435 2456 Deo
3474 2401 3636 2453 Patro

2062 2520 2150 2564 est
2170 2506 2431 2568 Verbum,
2460 2502 2680 2575 praprie
2703 2499 3118 2575 convenientes,
3142 2496 3278 2569 alias
3309 2510 3441 2549 vero
3465 2491 3634 2547 veluti

2065 2600 2178 2654 Deo
2212 2573 2581 2667 congruentes
2612 2593 2665 2649 ei
2724 2573 2827 2648 soli
2881 2590 3029 2660 quod
3059 2604 3125 2641 ex
3180 2589 3291 2641 Deo
3330 2589 3490 2642 Pa're
3551 2596 3639 2640 est

2066 2690 2246 2746 Verbo
2273 2684 2673 2751 accommodat,
2716 2684 3009 2739 anathema
3054 2683 3145 2736 sit.
3188 2679 3246 2733 Si
3289 2679 3416 2749 quis
3456 2677 3640 2741 dicere

2067 2783 2232 2839 audet
2254 2783 2532 2837 hominem
2559 2774 2834 2834 Deiierunt
2868 2774 3174 2839 Christum,
3218 2780 3274 2827 et
3313 2786 3423 2825 non
3452 2770 3644 2847 potius

2066 2890 2260 2931 verum
2297 2874 2470 2929 Deum
2497 2882 2639 2935 esse,
2681 2875 2870 2939 utpote
2895 2879 3066 2923 unum
3105 2873 3162 2918 et
3186 2862 3413 2934 quidem
3446 2874 3644 2919 natura

2067 2972 2294 3034 Filium,
2323 2978 2597 3038 quatenus
2610 2960 2851 3019 Verbum
2878 2976 3007 3016 caro
3024 2960 3229 3016 factum
3254 2967 3359 3023 est,
3388 2964 3445 3014 et
3462 2957 3652 3017 nobis-

2065 3078 2192 3121 cum
2223 3061 2507 3133 a'qualiter
2549 3059 2615 3113 de
2645 3056 2914 3126 sanguine
2942 3063 2998 3109 et
3034 3068 3201 3109 carne
3239 3052 3415 3125 (extra
3446 3066 3644 3123 pecca.

2069 3157 2205 3228 tum)
2230 3152 2597 3226 participavit,
2624 3150 2915 3206 anathema
2940 3147 3032 3203 sit.
3057 3146 3115 3202 Si
3146 3147 3273 3216 quis
3292 3144 3437 3207 dicit
3469 3144 3642 3200 Deum

396 3241 524 3299 ατοῦ
549 3241 642 3295 τὸν
668 3244 734 3297 ἐκ
762 3240 898 3293 Θεοῦ
934 3240 1146 3311 Πατρὸς
1181 3242 1377 3309 Λόγον,
1397 3246 1491 3296 καὶ
1521 3244 1731 3316 οὐχὶδὴ
1759 3245 1964 3315 μᾶλλον

2067 3256 2162 3307 aut
2199 3248 2499 3305 Dominum
2525 3243 2729 3301 Christi
2762 3257 2912 3307 esse,
2943 3239 3090 3312 quod
3125 3254 3194 3294 ex
3229 3237 3345 3294 Deo
3378 3238 3537 3294 Patre
3558 3247 3650 3292 est

392 3336 484 3390 τὸν
515 3334 702 3399 αὐτὸν,
737 3333 874 3389 Θεὸν
910 3333 1168 3404 ὁμολογεῖ
1193 3335 1290 3390 καὶ
1322 3335 1632 3406 ἄνθρωπον,
1683 3339 1762 3401 ὡς·
1802 3354 1967 3408 γιγο-

392 3429 546 3492 νότος
575 3428 773 3499 σαρκὸς
802 3426 898 3482 τοῦ
927 3429 1103 3497 Λόγου
1147 3429 1290 3483 κατὰ
1319 3431 1418 3493 τὰς
1448 3429 1693 3502 Γραφδές,
1715 3432 1967 3502 ἀνάθεμα

390 3522 553 3577 εστω.
596 3520 658 3572 Et
681 3534 766 3583 τις
807 3521 972 3588 φησὶν
999 3519 1072 3583 ὡς
1096 3519 1388 3590 ἄνθρωπον
1425 3521 1769 3597 ἐνηργῆσθαι
1811 3522 1967 3592 παρὰ

395 3612 487 3673 τοῦ
528 3614 663 3668 Θεοῦ
699 3615 874 3683 Λόγου
905 3613 998 3667 τὸν
1044 3611 1276 3680 Ἰησοῦν,
1324 3612 1421 3667 καὶ
1452 3613 1555 3684 τὴν
1581 3610 1678 3666 τοῦ
1724 3608 1968 3681 Moven-

393 3710 520 3772 νοῦς
548 3708 794 3773 εὐδοξίαν
820 3706 1122 3778 περιῆφθαι
1157 3705 1235 3770 ὡς
1258 3706 1436 3778 ἑτέρῳ
1464 3706 1594 3776 παρ’
1619 3705 1769 3777 αὑτῷ
1792 3704 1971 3773 ὑπάρ-

391 3819 564 3876 χοντι,
599 3801 849 3871 ἀνάθεμα
876 3800 1039 3854 ἔστω.
1085 3801 1152 3853 Εἴ
1175 3816 1263 3864 τις
1292 3800 1471 3873 τολμᾷ
1501 3799 1684 3868 λέγειν
1708 3798 1801 3852 τὸν
1836 3800 1969 3853 ἀναν

284 3958 293 3963 _
358 3912 361 3915 λ
394 3892 670 3963 ληφθέντα
705 3886 993 3960 ἄνθρωπον
1029 3891 1571 3961 συμπροσκυνεϊσθαι
1599 3891 1712 3945 δεῖν
1746 3888 1824 3964 τῷ
1846 3892 1970 3963 ,Θεῷ

394 3984 553 4055 Λόγῳ
582 3984 676 4037 καὶ
701 3981 1145 4047 συνδοξάζεσθαι,
1171 3984 1268 4038 καὶ
1311 3983 1779 4054 συγχρηματίζειν
1810 3984 1967 4048 Θεὸν,

358 4098 365 4101 ·
390 4078 469 4140 ὡς
496 4076 689 4145 ἓτερον
711 4074 883 4143 ἑτέρῳ
907 4073 989 4145 (τὸ
1008 4075 1118 4145 γὰρ
1141 4074 1266 4129 σὺν
1293 4075 1381 4130 ἀεὶ
1402 4076 1829 4149 προστιθέμενον
1846 4076 1972 4130 τοῦ-

388 4187 459 4230 το
486 4170 630 4227 νοεῖν
661 4165 1011 4236 ἀναγκάσει),
1051 4168 1149 4219 καὶ
1184 4167 1309 4238 οὐχὶ
1327 4166 1394 4238 δὴ
1426 4167 1631 4238 μᾶλλον
1663 4169 1768 4239 μιᾷ
1798 4180 1971 4239 προσ-

397 4261 621 4331 κυνήσει
665 4259 830 4331 τιμᾷν
873 4258 963 4313 τὸν
1004 4258 1379 4330 Ἐμμανουήλ,
1403 4261 1499 4314 καὶ
1532 4259 1660 4328 μίαν
1691 4262 1844 4330 αὺτῷ
1868 4259 1969 4330 τὴν

395 4350 708 4419 ὃοξολογιαν
732 4351 991 4405 ἀνάπτειν
1015 4347 1152 4402 καθὸ
1184 4350 1377 4419 γέγονε
1406 4351 1547 4421 σάρξ
1572 4350 1601 4404 ό
1619 4348 1815 4419 Λόγος,
1839 4348 1971 4406 ἀνά-

390 4444 557 4514 θεμα.
578 4443 741 4496 ἔστω.
766 4441 833 4495 Εἰ
853 4454 939 4503 τις
965 4442 1101 4509 φησὶ
1121 4439 1215 4495 τὸν
1236 4436 1333 4493 Eva.
1356 4439 1565 4512 Κύριον
1613 4441 1823 4511 Ἰησοῦν
1841 4443 1972 4513 Χρι-

398 4537 527 4588 στὸν
555 4532 874 4601 δεδοξάσθαι
902 4532 1051 4604 παρά
1081 4530 1175 4584 τοῦ
1202 4530 1550 4602 Ιινεύματος,
1591 4531 1667 4595 ὡς
1713 4532 1971 4604 ἅλλοτρέᾳ

2071 3341 2336 3406 Verbum,
2362 3352 2430 3395 ac
2462 3348 2572 3395 non
2623 3336 2813 3409 potius
2841 3334 3098 3390 eumdem
3132 3333 3307 3389 Deum
3352 3330 3647 3402 proﬁtetur

2068 3446 2125 3491 et
2159 3435 2462 3498 hominem,
2494 3442 2620 3487 cum
2654 3429 3048 3487 Verhnmcaro
3075 3426 3282 3485 factum
3315 3425 3408 3486 sit,
3441 3439 3642 3487 secuit»
3720 3428 3725 3449 '

2071 3530 2198 3581 dum
2229 3526 2570 3595 Scriptores,
2602 3521 2905 3578 anathema
2929 3521 3031 3575 sit.
3064 3517 3120 3573 Si
3153 3518 3279 3588 quis
3304 3516 3439 3572 dicit
3466 3516 3644 3573 arcluti

2071 3621 2351 3675 hominem
2370 3618 2559 3674 Jesurn
2589 3631 2619 3670 a
2654 3614 2767 3670 Deo
2798 3612 2977 3671 Verbo
2998 3610 3287 3683 agitatum,
3323 3610 3486 3681 eique
3509 3626 3650 3680 pro,

2071 3714 2279 3769 claram
2310 3709 2591 3780 Unigeniti
2640 3709 2870 3779 gloriam
2922 3705 3322 3773 ekena'tdatam
3382 3716 3526 3771 esse,
3591 3714 3652 3758 ut

2071 3806 2167 3877 qui
2199 3806 2342 3860 alius
2364 3804 2434 3862 ab
2464 3803 2588 3874 ipso
2622 3801 2950 3866 exsisteret,
2992 3798 3287 3855 attathema
3316 3798 3411 3853 sit.
3442 3796 3498 3853 Si
3527 3797 3651 3866 quis

2074 3901 2260 3956 dicere
2291 3897 2478 3962 audet,
2513 3895 2797 3952 hominem
2831 3900 3174 3962 assomptunt
3228 3906 3336 3945 una
3361 3902 3489 3945 cum
3534 3889 3651 3944 Deo

2084 3991 2274 4049 Verbo
2314 3989 2537 4045 adorari
2584 3995 2640 4042 et
2686 3984 2985 4057 βιοῖ-ἰθεπὶ
3031 3991 3090 4038 et
3136 3981 3384 4045 laudari,
3429 3980 3653 4048 dicique

2073 4086 2245 4140 Deum
2278 4082 2506 4146 debere,
2567 4079 2737 4134 sicuti
2786 4078 3022 4134 alterum
3071 4090 3199 4133 eum
3245 4077 3423 4134 altero
3490 4073 3654 4144 διο

2072 4175 2363 4248 (particula
2396 4173 2544 4227 enim
2577 4171 2693 4226 Con
2724 4170 2960 4240 adjecta,
3017 4183 3238 4239 semper
3294 4168 3350 4222 id
3402 4169 3651 4238 cogitare

2071 4277 2237 4339 atque
2265 4265 2572 4335 intelligere
2598 4262 2791 4333 cogit),
2823 4275 2888 4316 ac
2916 4276 3029 4316 non
3077 4261 3264 4331 potius
3313 4260 3652 4317 Emmanue-

2072 4362 2183 4415 lem
2205 4356 2526 4414 attentione
2552 4371 2660 4411 una
2689 4352 3102 4417 henorandum,
3131 4362 3188 4408 et
3224 4368 3389 4407 unam
3427 4352 3480 4407 ei
3529 4351 3652 4422 alo-

2072 4446 2431 4506 rillcatioltem
2486 4445 2837 4502 tribuendam
2884 4457 3028 4506 esse,
3081 4451 3358 4512 quatenus
3407 4440 3651 4499 Verbum

2074 4554 2205 4597 earo
2234 4541 2437 4596 factum
2472 4549 2577 4602 est,
2602 4537 2895 4591 anathema
2925 4533 3019 4589 sit.
3054 4531 3111 4588 Si
3158 4532 3286 4602 quis
3308 4532 3444 4587 dicit
3476 4547 3650 4588 unum
3722 4566 3745 4583 .

392 4628 628 4696 δυνάμει
672 4627 739 4699 τῇ
773 4625 839 4677 δι’
862 4624 1031 4679 αὑτοῦ
1061 4621 1370 4694 χρώμενον,
1395 4624 1490 4680 καὶ
1517 4621 1650 4694 παρ’
1680 4625 1845 4678 αὐτοῦ
1875 4624 1966 4677 λα-

2076 4634 2367 4689 Deminum
2395 4628 2583 4687 Jesum
2615 4628 2898 4684 Christum
2921 4625 3288 4696 glorificatum
3320 4639 3441 4680 esse
3469 4641 3502 4680 a
3526 4624 3650 4693 Spj,

354 4750 359 4753 τ
398 4722 564 4777 δόντα
603 4720 663 4774 τὸ
694 4720 941 4788 ἐνεργεῖν
990 4717 1252 4772 δύνασθαι
1285 4717 1429 4775 κατὰ
1461 4718 1790 4787 ἀνενμάτων
1832 4718 1972 4773 άπα-

401 4811 634 4882 θάρτων,
672 4811 767 4866 καὶ
795 4809 855 4863 τὸ
886 4807 1131 4878 πληροῦν
1174 4808 1256 4871 εις
1286 4807 1606 4878 ἀνθρώπους
1631 4809 1731 4871 τὰς
1774 4807 1970 4880 θεοση-

402 4906 555 4977 μίας,
597 4904 694 4957 καὶ
748 4902 872 4972 οὐχὶ
907 4900 972 4971 δὴ
1005 4900 1209 4971 μᾶλλον
1268 4899 1403 4954 ἴδιον
1452 4900 1620 4954 αὑτοῦ
1655 4904 1717 4955 τὸ
1747 4901 1974 4974 Πνεῦμα

398 4996 556 5066 φησι,
577 4994 657 5048 δι’
687 4991 748 5046 οὗ
798 4992 892 5046 καὶ
920 4992 1193 5061 ὲνήργηκε
1231 4994 1329 5053 τάς
1371 4989 1693 5061 θεοσημὶας,
1721 4989 1974 5061 ἀνάθεμα

397 5088 657 5145 tetuli
679 5102 765 5149 τις
798 5085 1059 5157 ἀρχιερέα
1091 5084 1189 5139 καὶ
1219 5083 1520 5139 ἀπόστολον
1547 5084 1649 5152 τῆς
1672 5084 1976 5155 ὁμολογίας

398 5180 559 5253 ἡμῶν
600 5178 931 5250 γεγενῆσθαι
960 5177 1222 5249 Χριστὸν.
1253 5175 1327 5241 ὡς
1369 5178 1404 5248 ἡ
1450 5176 1571 5230 θεία
1598 5175 1750 5244 λέγει
1779 5176 1974 5251 Γραφὴ

399 5269 828 5342 (προσκεκόμικε
857 5267 965 5337 γὰρ
1021 5263 1212 5320 ἑαυτὸν
1272 5264 1411 5336 ὑπὲρ
1458 5263 1616 5335 ἡμῶν
1672 5265 1752 5326 εἰς
1797 5264 1975 5337 ὀσμὴν

398 5359 632 5422 εὐωδίας
685 5357 764 5429 τῷ
813 5357 934 5427 Θεῷ
986 5358 1080 5409 καὶ
1140 5352 1375 5428 Πατρι)’
1429 5358 1482 5409 εἰ
1529 5374 1613 5420 τις
1648 5358 1830 5412 τοίνυν
1878 5361 1975 5429 ἀρ-

399 5454 587 5526 χιερέα
665 5449 763 5505 καὶ
825 5447 1128 5504 ἀπόστολον
1197 5448 1355 5518 ἡμῶν
1420 5446 1676 5516 γενέσθαι
1729 5451 1831 5505 οὐκ
1878 5453 1976 5504 αὐ-

397 5547 488 5599 τὸν
538 5545 630 5598 τὸν
687 5542 784 5596 τοῦ
841 5540 979 5594 Θεοῦ
1044 5541 1237 5609 Λόγον,
1288 5542 1377 5595 ὅτε
1428 5542 1624 5611 γέγονε
1680 5532 1819 5613 σάρξ
1883 5546 1977 5598 καὶ

399 5637 521 5692 καθ’
571 5626 717 5708 ἡμᾶς
774 5630 1083 5704 ἄνθρωπος,
1134 5633 1354 5697 ἀλλ’ὡς
1412 5634 1602 5706 ἕτερον
1644 5630 1830 5700 ιδικῶς
1886 5637 1976 5690 ἀν-

399 5731 618 5801 θρωπον
669 5728 798 5799 παρ’
849 5726 1011 5782 αὑτὸν
1054 5728 1119 5780 ἐκ
1150 5727 1442 5795 γυναικός·
1487 5726 1539 5781 ετ
1568 5744 1651 5791 τις
1702 5728 1976 5796 λέγεικαὶ

400 5821 540 5892 ὑπὲρ
573 5821 767 5876 ἑαυτοῦ
819 5821 1210 5891 προσενεγκεῖν
1267 5819 1433 5874 αὐτὸν
1488 5820 1588 5891 τὴν
1632 5823 1972 5892 προσφορὰν,

399 5917 491 5971 αἰ
540 5914 662 5986 οὐχὶ
696 5912 791 5986 ’δὴ
847 5913 1048 5985 μᾶλλον
1105 5913 1245 5984 ὑπὲρ
1287 5914 1463 5984 μόνων
1518 5913 1678 5988 ἡμῶν
1732 5914 1814 5984 (οὐ
1864 5915 1974 5984 γὰρ

2050 4728 2214 4788 ιὶιυ,
2240 4724 2468 4796 perinde
2503 4732 2670 4793 atque
2697 4721 2889 4785 aliena
2926 4719 3132 4776 virtute
3173 4734 3307 4775 usus
3332 4719 3440 4785 sit,
3489 4727 3546 4774 et
3576 4719 3649 4773 ab

2048 4821 2170 4874 'illo
2195 4817 2497 4887 acceperit,
2529 4823 2588 4869 ut
2634 4808 2823 4870 enicas
2868 4821 3062 4867 contra
3115 4811 3364 4880 impuros
3414 4811 3650 4880 spiritus

2074 4916 2241 4969 esset,
2276 4910 2329 4957 et
2353 4902 2540 4956 divina
2575 4900 2836 4955 miracula
2871 4901 3017 4955 inter
3043 4901 3298 4955 homines
3325 4899 3492 4955 edere
3523 4914 3650 4970 pos-

2076 5007 2179 5061 set,
2217 5010 2282 5051 ac
2314 5007 2422 5050 non
2440 4994 2625 5066 potius
2646 4993 2932 5064 proprium
2963 4991 3140 5063 ipsius
3172 4990 3442 5062 Spiritum
3475 4994 3648 5060 protl—

2077 5102 2247 5155 tctur,
2283 5100 2380 5160 per
2424 5102 2588 5158 quem
2618 5085 2807 5141 divina
2833 5084 2969 5140 fecit
3019 5082 3313 5148 miracula,
3352 5083 3646 5139 anathema

2073 5185 2168 5239 sit.
2210 5181 2266 5245 Si
2317 5179 2443 5250 quis
2475 5176 2791 5249 pontiﬁcem
2832 5183 2889 5230 et
2924 5175 3235 5245 apostolum
3283 5172 3652 5229 confessionis

2077 5281 2279 5328 nostra:
2309 5271 2515 5327 factum
2541 5283 2664 5325 esse
2692 5268 3000 5332 Christum,
3035 5266 3199 5323 sicuti
3249 5265 3436 5320 divina
3482 5264 3653 5321 refert

2075 5362 2361 5432 Scriptura
2393 5358 2616 5431 (obtulit
2645 5359 2793 5413 enim
2819 5356 3065 5426 seipsum
3096 5370 3200 5424 pro
3236 5353 3397 5409 nobis
3426 5352 3481 5408 in
3517 5353 3656 5407 odo-

2079 5465 2191 5510 rem
2220 5448 2511 5510 suavitatis
2536 5451 2647 5506 Deo
2670 5448 2864 5519 Patri),
2900 5448 2945 5504 si
2974 5447 3125 5518 quis,
3162 5446 3406 5518 inquam,
3434 5444 3655 5514 pontifi—

2077 5562 2195 5602 cem
2222 5556 2277 5600 et
2299 5544 2609 5615 apostolum
2640 5554 2892 5598 nostrum
2922 5541 3126 5597 factum
3160 5554 3302 5604 esse,
3340 5556 3448 5594 non
3474 5539 3654 5608 ipsum
3678 5518 3692 5529 ’

2088 5640 2183 5694 Dei
2212 5630 2475 5705 Verbum,
2507 5653 2632 5694 cum
2665 5652 2793 5692 caro
2821 5645 2883 5691 et
2907 5635 3052 5691 sicut
3102 5648 3205 5691 nos
3249 5648 3440 5688 sumus
3493 5632 3660 5688 homo

2080 5731 2283 5792 factum
2306 5742 2412 5797 est,
2436 5726 2533 5785 sed
2560 5739 2820 5800 tanquam
2853 5725 3022 5781 alium
3054 5722 3276 5795 propria
3302 5731 3358 5779 et
3391 5723 3659 5793 peculiari

2079 5820 2314 5892 quadam
2348 5820 2563 5876 ratione
2592 5810 2663 5874 ab
2694 5833 2761 5873 eo
2815 5817 2910 5887 qui
2939 5832 3007 5871 ex
3044 5815 3274 5870 muliere
3316 5821 3422 5880 est,
3476 5812 3658 5870 homi-

2083 5931 2204 5967 ιωηι
2244 5930 2255 5967 :
2288 5922 2556 5985 praterea
2602 5911 2648 5967 si
2690 5909 2814 5983 quis
2843 5923 2971 5967 cum
3001 5906 3168 5967 etiam
3224 5921 3323 5979 pro
3357 5904 3562 5980 seipso,
3598 5913 3655 5965 et
