4092 6476
468 436 488 495 1
511 438 606 502 ι’ὓτ

1696 436 2125 500 NICEPllORI
2167 438 2518 501 CALLISTI

3627 430 3760 497 1108

464 566 577 602 non
614 548 799 618 potius
835 554 1045 602 tantum
1086 560 1183 616 pro
1226 545 1386 600 nobis
1412 544 1754 602 oblationem
1786 547 2056 602 obtulisse

2168 549 2229 604 ἂν
2260 549 2457 620 ἐδεήθη
2485 549 2806 619 προσφορᾶς
2828 549 2858 602 ό
2882 547 2958 618 μὴ
2976 545 3129 610 εἰδὼς
3158 545 3480 617 ἁμαρτίαν),
3509 546 3758 618 ἀνάθεμα

463 642 600 696 dicit
627 641 828 710 (neque
857 638 1006 692 enim
1040 637 1325 694 oblatione
1351 653 1494 708 opus
1532 638 1751 705 habuit,
1783 639 1878 708 qui
1931 654 2058 708 pec-

463 742 646 787 catum
679 746 786 784 non
820 729 1020 798 novit),
1062 729 1355 785 anathema
1385 732 1480 784 sit.
1515 729 1716 800 Siquis
1741 746 1849 784 non
1886 732 2057 800 proli-

465 836 613 881 tetur
638 839 861 880 carnem
897 823 1106 879 Christi
1145 823 1419 879 viviticam
1454 835 1511 879 et
1541 824 1818 893 propriam
1854 823 2056 894 ipsius,

463 920 612 992 quod
646 937 712 976 ex
748 921 860 975 Deo
884 920 1047 976 Patre
1082 928 1189 982 est,
1225 919 1416 982 Verbi,
1455 917 1550 973 sed
1590 918 1823 973 alterius
1867 918 2058 988 cujus-

464 1017 586 1071 dam
625 1013 694 1067 ah
727 1014 842 1084 ipsa
874 1027 1015 1075 esse,
1053 1012 1223 1066 veluti
1253 1011 1304 1066 ei
1366 1012 1523 1081 juxta
1554 1010 1879 1080 dignitatem
1930 1025 2061 1065 con-

461 1105 659 1179 juncti,
688 1107 808 1161 sive
856 1104 1013 1176 quasi
1067 1104 1240 1159 solam
1291 1104 1532 1157 divinam
1568 1103 1968 1160 habitationem
2000 1102 2059 1156 in

462 1216 524 1255 ca
547 1199 829 1261 habuerit,
859 1206 1046 1252 etnon
1073 1199 1259 1267 potius
1281 1194 1773 1266 (quemadmodum
1795 1194 2057 1265 diximus)

466 1290 762 1352 rivilicam,
793 1304 916 1356 (tua:
954 1287 1124 1343 Verbi
1153 1287 1374 1357 propria
1405 1285 1544 1340 facta
1575 1286 1668 1352 sit,
1700 1287 1887 1340 omnia
1919 1284 2058 1339 vivi-

468 1384 634 1437 licarc
662 1381 922 1443 valentis,
950 1381 1246 1434 anathema
1270 1382 1361 1443 sit,
1395 1377 1451 1434 Si
1476 1378 1599 1448 quis
1631 1393 1739 1431 non
1765 1376 2057 1447 profitetur

463 1475 562 1529 Dei
589 1474 834 1531 Verbum
869 1486 1035 1527 carne
1080 1487 1301 1540 passum
1336 1486 1483 1536 esse,
1519 1479 1575 1525 et
1610 1485 1778 1525 carne
1838 1467 2062 1524 cruciﬁ-

464 1582 619 1629 xum,
648 1574 704 1620 ct
735 1581 902 1620 carne
935 1574 1169 1619 mortem
1203 1573 1481 1634 gustasse,
1519 1572 1689 1633 atque
1717 1563 2061 1634 primogeni-

468 1673 580 1716 tunt
614 1675 680 1715 ex
713 1659 947 1733 mortuis
981 1657 1187 1712 factum
1216 1673 1359 1721 esse,
1388 1667 1665 1726 quatenus
1696 1656 1805 1712 vita
1836 1644 1890 1713 ei
1926 1657 2069 1712 vivi-5

2164 641 2327 694 ἔστω.
2348 640 2418 694 Εἴ
2435 659 2519 705 τις
2547 641 2645 711 οὐχ
2675 640 2930 710 ὁμολογεί
2959 641 3057 710 τὴν
3076 638 3170 693 τοῦ
3198 642 3404 706 Κυρίου
3429 642 3607 712 σάρκα
3624 641 3761 706 Cmo-

2167 733 2319 787 ποιὸν
2354 729 2516 798 εἶναι,
2543 733 2638 786 καὶ
2676 732 2812 788 ίδίαν
2839 731 3007 786 αὐτοῦ
3035 731 3129 785 τοῦ
3153 733 3218 785 ἐκ
3240 733 3378 785 Θεοῦ
3411 733 3623 804 Πατρὶς
3655 734 3758 788 Λό-

2164 841 2286 894 γου,
2320 825 2438 879 ἀλλ’
2464 824 2540 888 ὡς
2569 824 2759 896 ἐτέρου
2801 824 2951 888 τινὸς
2980 824 3112 894 παρ’
3148 823 3342 877 αὐτόν·
3400 826 3753 895 συνημμένου

2168 917 2270 988 μὲν
2300 917 2452 989 αῦτῷ
2482 917 2626 972 κατὰ
2653 919 2749 989 τὴν
2795 918 2979 984 ἀξίαν,
3041 917 3213 988 ἦγουν
3261 918 3336 982 ὡς
3391 919 3562 989 μόνην
3606 918 3755 974 θείαν

2164 1011 2449 1083 ἐνοίκησιν
2485 1011 2808 1081 ἐσχηκότος,
2840 1011 2936 1064 καὶ
2967 1012 3087 1082 οὑχί
3116 1013 3180 1081 δὴ
3220 1011 3422 1081 μᾶλλον
3469 1012 3756 1079 ζωοποιδν,

2163 1105 2237 1168 ὡς
2268 1105 2503 1174 ἔφημεν,
2541 1105 2624 1157 ὅτι
2675 1105 2895 1173 γεγόνει
2953 1103 3048 1159 τοῦ
3098 1105 3276 1174 Λόγου
3328 1103 3427 1158 τοῦ
3483 1106 3553 1159 τὰ
3583 1105 3759 1161 πάντα

2164 1197 2453 1266 ζωογονεῖν
2486 1197 2783 1269 ἰσχύοντος,
2810 1197 3058 1268 ἀνάθεμα
3088 1197 3251 1252 ἔστω.
3278 1197 3345 1250 Ei
3378 1214 3463 1261 τις
3497 1197 3596 1267 οὐχ
3627 1201 3759 1267 δμο-

2163 1290 2317 1358 λογεῖ
2338 1291 2429 1344 τὸν
2466 1290 2560 1344 τοῦ
2584 1289 2722 1345 Θεοῦ
2742 1292 2917 1356 Λόγον
2948 1292 3191 1345 παθόντα
3214 1290 3416 1360 σαρκὶ,
3446 1291 3540 1345 καὶ
3569 1293 3762 1345 ἐσταυ-

2168 1386 2416 1457 ρωμένον
2453 1387 2645 1457 σαρκὶ,
2682 1386 2778 1439 καὶ
2805 1383 3043 1438 θανάτου
3077 1385 3420 1452 γευσάμενον
3445 1384 3631 1455 σαρκὶ,
3661 1399 3758 1451 γεο

2165 1478 2365 1548 γονότα
2392 1496 2452 1532 τε
2481 1480 2835 1549 πρωτότοκον
2872 1480 2939 1532 ἐκ
2962 1476 3073 1530 τῶν
3103 1476 3338 1548 νεκρῶν,
3370 1477 3507 1529 καθὸ
3551 1477 3664 1545 ζωή
3691 1476 3755 1531 τέ

2165 1572 2282 1625 ἐστι
2310 1572 2403 1625 καὶ
2435 1571 2702 1635 ζωοποιδς
2728 1570 2804 1635 ὡς
2838 1570 2992 1633 Θεὸς,
3025 1570 3277 1639 ἀνάθεμα
3330 1569 3492 1623 ἔστω.
3534 1588 3552 1621 ι
3590 1569 3759 1623 Κελε-

2166 1667 2344 1729 στῗνος
2371 1664 2417 1718 δ’
2453 1666 2602 1735 ὁτῆς
2651 1663 2873 1733 Ῥώμης
2901 1663 3203 1725 ἐπίσκοπος
3236 1661 3306 1716 τὰ
3330 1663 3423 1716 τοῦ
3466 1660 3610 1715 θείου
3643 1662 3759 1715 Κυ-

372 2442 377 2445 ‹
461 2405 814 2462 eximendum

467 1755 638 1810 licans
665 1762 771 1817 cst,
797 1761 988 1821 utpote
1017 1752 1183 1815 Deus,
1217 1751 1516 1807 anathema
1544 1751 1638 1815 sit,
1678 1769 1697 1803 ι
1723 1749 2059 1806 (ὶιυιεειίιιιιε

2169 1757 2351 1827 ρίλλου
2393 1757 2690 1826 δεξάμενος
2729 1756 3059 1827 γράμματα,
3086 1754 3168 1809 ἐτι
3203 1754 3259 1808 δέ
3285 1756 3383 1809 καὶ
3412 1754 3511 1815 τὰς
3554 1754 3760 1823 δυσφη-

465 1859 650 1903 autem
704 1846 989 1900 Romanus
1040 1844 1365 1913 episcopus,
1419 1842 1596 1898 divini
1625 1843 1815 1913 Cyrilli
1854 1844 2060 1899 litteris

2170 1850 2298 1919 μίας
2329 1849 2655 1919 Νεστορίου,
2691 1849 2900 1917 γράφει
2933 1845 3216 1918 Νεστορίῳ
3254 1846 3394 1916 μετὰ
3421 1844 3554 1898 δέκα
3587 1860 3760 1914 παρα-

465 1939 730 2010 acceptis,
781 1947 837 1993 et
870 1938 1096 1992 sinistra
1132 1946 1400 2006 praetcrea
1459 1934 1530 1991 de
1586 1935 1851 1992 Nestorio
1910 1935 2057 1991 fama

2168 1908 2375 2015 δρομὴν
2409 1908 2657 2013 ἡμερῶν,
2686 1908 2849 1996 εί-ἐτι
2898 1944 2963 2013 τῇ
2997 1941 3087 2013 ἴση
3115 1908 3431 2011 ’δυσσεϐείᾳ
3484 1908 3759 2010 ἐπιμένοι,

463 2033 674 2096 audita,
705 2031 772 2086 ad
805 2045 934 2086 eum
969 2029 1194 2098 scripsit
1227 2046 1242 2082 :
1271 2028 1465 2085 decem
1496 2029 1711 2085 exactis
1756 2030 1977 2094 diebus,
2013 2034 2059 2086 si

2170 2037 2370 2109 μηκέτι
2406 2030 2548 2091 εἶναι
2578 2036 2919 2101 κοινωνικὸν,
2953 2035 2985 2105 ἦ
3013 2034 3150 2098 ὅλως
3187 2034 3276 2088 τοῦ
3305 2033 3614 2101 καταλόγου
3647 2032 3757 2086 τῶν

463 2127 647 2181 adhuc
676 2126 728 2178 in
756 2124 949 2179 eadem
980 2123 1266 2192 impietate
1300 2131 1718 2191 perseveraret,
1765 2140 1876 2178 non
1938 2140 2058 2179 am-

2168 2130 2362 2198 ἱερέων
2390 2128 2631 2200 Χριστοῦ
2655 2145 2670 2161 ⁸
2706 2129 2954 2192 ἐκείνους
2989 2128 3046 2181 δέ
3078 2127 3284 2197 μᾶλλον
3334 2122 3476 2180 εἴναι
3522 2125 3762 2195 παραδε-

465 2221 610 2289 plius
660 2232 792 2273 eum
842 2216 911 2271 ad
966 2215 1420 2270 communionem
1471 2214 1905 2282 admittendum,
1961 2218 2059 2274 sed

2168 2223 2359 2286 κτέους
2388 2223 2468 2286 είς
2485 2222 2796 2288 κοινωνίαν,
2817 2222 2867 2275 οἳ
2890 2220 2968 2289 τῷ
3002 2222 3100 2291 τῆς
3126 2220 3293 2292 ὀρθῆς
3322 2219 3562 2283 πίστεως
3591 2220 3758 2290 ὑπερ-

462 2314 649 2383 potius
737 2312 967 2367 omnino
1047 2309 1401 2364 sacerdotum
1492 2307 1708 2365 Christi
1803 2311 2059 2382 catalogo

2170 2315 2444 2379 ίστασθαι,
2481 2314 2838 2383 ἀκοινώνητοι
2890 2313 2986 2367 ὑπ’
3038 2314 3251 2367 ἐκείνου
3283 2315 3647 2380 κατέστησαν.
3679 2314 3759 2368 Οὐ

876 2422 891 2460 :
941 2405 1179 2473 illosque
1249 2405 1392 2459 aleo
1449 2405 1517 2458 ad
1575 2405 2037 2462 communionem

2170 2404 2334 2472 μόνον
2381 2404 2438 2457 δέ
2492 2402 2779 2473 Νεστορίῳ
2842 2400 3114 2472 Κύριλλός
3173 2420 3233 2456 τε
3293 2402 3389 2456 καὶ
3440 2402 3761 2463 Κελεστί-ιος

462 2501 814 2571 recipiendos
843 2513 993 2563 esse,
1032 2498 1128 2567 qui
1163 2507 1459 2568 propterea
1510 2498 1580 2553 ab
1616 2513 1706 2557 eo.
1751 2499 1901 2568 quod
1957 2515 2060 2569 pro

464 2595 570 2648 (ide
630 2602 778 2646 recta
858 2590 1169 2653 stetissent,
1254 2591 1729 2646 excommunicati
1814 2590 2067 2657 fuerant.

462 2686 635 2739 Porro
662 2698 772 2737 non
818 2681 1075 2737 Nestorio
1127 2680 1292 2735 modo
1327 2681 1570 2752 Cyrillus
1604 2692 1660 2736 et
1700 2680 2060 2749 Caelestinus,

461 2777 556 2834 sed
589 2777 756 2832 etiam
782 2775 986 2831 Joanni
1014 2776 1387 2837 Antiocheno,
1410 2774 1688 2830 Theodoti
1722 2775 2060 2839 successori,

461 2881 521 2926 et
573 2869 829 2926 Juvenali
900 2867 1438 2939 Hierosolymitano,
1489 2867 1742 2922 haeresim
1818 2866 2061 2923 Nestorii

460 2971 828 3035 exponentes,
867 2962 1233 3031 scripserunt.
1270 2958 1430 3030 511
1468 2959 1590 3029 Ipse
1622 2974 1848 3030 quoque
1893 2958 2067 3015 Joan-

461 3077 561 3118 nes
580 3060 648 3115 ad
676 3058 993 3114 Nestorium
1016 3057 1309 3127 epistolam
1340 3057 1517 3120 dedit,
1544 3055 1856 3112 admonens
1882 3056 2063 3114 homi-

459 3168 609 3219 nem,
645 3142 716 3208 ne
754 3169 784 3206 a
824 3152 1001 3222 patria
1033 3150 1158 3207 tidei
1197 3149 1546 3220 professione
1596 3148 1885 3213 deﬁceret,
1945 3148 2058 3204 sed

2168 2496 2442 2567 ἔγραψαν,
2476 2495 2614 2551 ἀλλὰ
2648 2498 2742 2550 καὶ
2786 2496 3010 2567 Ἰωάννῃ
3044 2497 3125 2566 τῷ
3169 2497 3523 2567 Ἀντιοχείας,
3550 2496 3607 2561 ὃς
3630 2494 3761 2549 Θεό-

2166 2589 2319 2644 δοτον
2370 2589 2667 2655 διεδέξατο,
2701 2591 2794 2642 καὶ
2835 2588 3183 2659 Ἰουϐεναλίῳ
3215 2588 3294 2658 τῷ
3338 2586 3751 2658 Ἱεροσολύμων,

2166 2685 2237 2738 τὰ
2289 2685 2388 2752 τῆς
2442 2684 2713 2753 αἱρέσεως
2776 2683 3081 2751 Νεστορίου
3129 2682 3542 2752 παραδιδόντες.
3594 2679 3753 2734 Ἀλλὰ

2172 2773 2281 2846 μὴν
2317 2776 2413 2828 καὶ
2459 2775 2714 2844 Ἰωάννης
2745 2775 2840 2827 καὶ
2897 2775 3065 2836 αὐτὸς
3120 2774 3411 2846 Νεστορίῳ
3468 2770 3757 2841 ἐπιστολὴν

2167 2869 2426 2938 ἔπεμπε,
2489 2866 2801 2937 παραινῶν,
2862 2867 2939 2937 μὴ
2975 2869 3086 2921 τῶν
3145 2867 3392 2938 πατρίων
3422 2866 3760 2933 ἐξίστασθαι,

2166 2964 2345 3036 ὀρθῶς
2377 2965 2423 3018 δ’
2461 2965 2752 3036 ὁμολογεῖν
2775 2965 2869 3019 τόν
2912 2964 3042 3017 Υἱδν
3077 2961 3175 3015 τοῦ
3203 2961 3341 3015 Θεοῦ
3370 2962 3437 3014 ἐκ
3469 2961 3567 3030 τῆς
3593 2958 3758 3027 ἁγίας

2165 3055 2501 3128 γεννηθῆναι
2524 3056 2793 3112 Θεοτόκου
2826 3055 3071 3127 Μαρίας,
3114 3054 3210 3107 καὶ
3237 3055 3339 3108 οὐκ
3372 3055 3451 3116 είς
3473 3052 3567 3106 δύο
3594 3052 3756 3105 αὑτὸν

2172 3150 2546 3221 μερισθῆναι,
2600 3149 2718 3205 ἀλλ’
2773 3149 2898 3204 οὐδὲ
2956 3149 3099 3203 κατὰ
3148 3147 3437 3218 προκοπὴν
3491 3145 3758 3214 θεωθῆναι

461 3255 611 3302 recte
660 3245 860 3303 Filium
899 3244 996 3299 Dei
1038 3258 1106 3297 ex
1161 3251 1364 3299 sancta
1414 3240 1509 3298 Dei
1551 3240 1837 3301 Geuitrice
1885 3238 2058 3297 Maria

2168 3240 2490 3296 ὐποδόιλλων
2537 3242 2634 3294 καὶ
2678 3240 2779 3308 τὴν
2837 3239 3212 3307 ἀποστολικὴν
3262 3240 3423 3309 ῥῆσιν
3569 3252 3753 3305 φησιν,

459 3338 708 3409 genitum
741 3333 1272 3406 esse,proliteretur,
1306 3348 1490 3405 neque
1530 3335 1589 3390 in
1624 3333 1736 3389 duo
1773 3349 1900 3391 eum
1930 3350 2060 3405 par-

463 3433 681 3497 tiretur,
714 3444 895 3500 neque
918 3429 1087 3484 etiam
1112 3427 1272 3498 juxta
1306 3443 1660 3500 progressum
1711 3444 1811 3484 seu
1868 3429 2060 3497 profe-

463 3532 613 3579 ctum
699 3520 1022 3578 deiﬁcatum
1085 3535 1209 3577 esse
1273 3521 1512 3587 diceret,
1584 3520 1947 3591 apostolicam
1981 3520 2062 3576 illi

459 3614 631 3671 etiam
682 3628 877 3670 vocem
937 3611 1285 3684 subiiciens,
1337 3627 1461 3683 qua:
1516 3619 1606 3666 est
1657 3630 1675 3668 :
1727 3611 1874 3667 Misit
1922 3611 2061 3668 Deus

462 3707 671 3763 Filium
693 3724 853 3763 suum
884 3709 1089 3778 factum
1117 3721 1182 3760 ea:
1208 3706 1431 3762 muliere
1456 3707 1496 3761 ί.
1525 3706 1603 3762 Et
1631 3707 1798 3763 simul
1824 3706 1902 3762 illi
1938 3722 2067 3763 sua-

463 3803 558 3866 sit,
587 3817 658 3858 ne
696 3800 1037 3857 sententiam
1075 3799 1197 3871 ipse
1249 3814 1409 3855 suam
1440 3808 1503 3854 ut
1529 3809 1737 3856 rectam
1763 3809 1821 3856 et
1848 3812 2061 3857 certam

467 3894 759 3959 retineret,
792 3891 888 3948 sed
939 3890 1132 3962 potius
1170 3890 1322 3962 quod
1358 3890 1417 3947 in
1453 3906 1757 3948 commune
1808 3907 2063 3947 commo-

464 3990 598 4041 dum
630 3996 798 4058 atque
830 3984 968 4041 utile
1018 3993 1189 4049 esset,
1227 3994 1583 4054 sequeretur.
1626 3984 1777 4040 Misit
1831 3984 2063 4055 insuper

462 4078 535 4132 ad
578 4093 708 4133 cum
737 4094 902 4149 .quas
941 4074 1282 4134 leestinus
1331 4088 1388 4131 et
1433 4076 1674 4148 Cyrillns
1722 4077 2065 4146 scripserant

464 4175 703 4230 litteras.
764 4173 1056 4230 Nestorius
1122 4173 1230 4231 sibi
1291 4172 1397 4243 ipsi
1459 4172 1768 4228 obsecutus
1826 4183 1938 4228 est.
1994 4171 2064 4226 Et

464 4268 728 4337 quoniam
779 4269 994 4325 sciebat
1047 4267 1417 4327 ecclesiarum
1486 4267 1758 4338 praesules
1813 4264 2063 4322 Ecclesia

469 4362 545 4417 ita
598 4362 824 4417 turbata
871 4361 1301 4432 haudquaquam
1354 4359 1648 4428 tacituros,
1679 4358 2062 4416 Theodosium

467 4456 767 4526 permovit,
800 4465 862 4511 ut
901 4471 1117 4512 sacram
1155 4456 1223 4511 ad
1250 4455 1517 4526 Cyrillum
1548 4455 1821 4516 mitteret,
1858 4452 1917 4507 in
1950 4468 2061 4524 qua

364 4580 379 4599 ›
465 4551 641 4606 multa
677 4549 753 4604 illi
787 4550 1109 4620 objiciebat,
1139 4560 1196 4605 et
1232 4550 1406 4604 multa
1453 4546 1790 4610 minabatur,
1844 4546 1958 4600 nisi
2003 4547 2057 4601 in

2178 3334 2653 3400 Ἐξαπέοντειλεν
2687 3335 2719 3388 ὀ
2748 3333 2896 3399 Θεὸς
2928 3330 3036 3385 τὸν
3056 3331 3192 3386 Υίὸν
3216 3328 3406 3385 αὐτοῦ
3434 3329 3760 3398 γενόμενον

2165 3428 2237 3481 ἐκ
2265 3426 2579 3498 γυναικός.
2615 3424 2904 3494 Είσηγεῖτό
2930 3441 2989 3478 τε
3017 3426 3155 3494 ἅμα,
3186 3422 3263 3494 μὴ
3295 3424 3356 3475 τὸ
3386 3422 3546 3489 δόξαν
3566 3419 3759 3491 ἐκείνῳ

2166 3521 2243 3584 ὼς
2284 3520 2536 3589 ἀσφαλὲς
2568 3521 2845 3590 κατέχειν,
2878 3518 3013 3572 ἀλλὰ
3040 3519 3101 3572 τὸ
3133 3521 3285 3590 κοινῇ
3321 3517 3602 3589 συμφέρον
3627 3516 3761 3585 μᾶλ-

2167 3615 2259 3669 λον
2287 3613 2585 3686 αἱρεῖσθαι.
2609 3613 3047 3669 Συναποστέλλει
3070 3611 3258 3683 μέντοι
3277 3611 3473 3683 ἐκείνῳ
3497 3610 3591 3664 καὶ
3610 3611 3757 3677 ἅπερ

2168 3707 2495 3772 Κελεστῖνός
2545 3725 2604 3761 τε
2638 3707 2741 3760 καὶ
2770 3706 3057 3778 Κύριλλος
3087 3704 3467 3775 διεπέμψαντο
3498 3705 3758 3775 γράμμα-

2167 3819 2256 3858 τα.
2285 3802 2380 3865 Εἰς
2409 3800 2605 3856 ἐαυτὸν
2644 3800 2701 3855 δὲ
2728 3800 3026 3870 γενόμενος
3062 3802 3088 3852 ὁ
3120 3798 3443 3870 Νεστόριος,
3469 3798 3566 3853 καὶ
3595 3798 3758 3867 γνοὺς

2168 3897 2243 3959 ὡς
2278 3896 2326 3948 oi
2362 3895 2476 3950 τῶν
2511 3893 2827 3965 ἐκκλησιῶν
2859 3894 3132 3965 ἡγεμόνες
3165 3894 3268 3947 οὐκ
3299 3894 3592 3963 ἀνέχονται
3630 3908 3757 3945 σιω-

2169 3990 2278 4060 πᾷν
2304 3987 2448 4042 οὕτω
2464 3988 2565 4058 τῆς
2580 3987 2918 4057 Ἐκκλησίας
2948 3986 3384 4057 ταραττομένης,
3413 3984 3763 4056 παρεσκεύα-

2144 4081 2230 4146 εζε
2259 4080 2566 4147 Θεοδόσιον,
2613 4081 2720 4134 σάκ
2733 4096 2834 4150 ραν
2871 4080 3114 4151 πέμπειν
3152 4079 3429 4151 Κυρίλλῳ,
3451 4083 3510 4134 ἐν
3538 4074 3576 4155 ᾖ
3606 4081 3759 4132 πλεῖο

2170 4189 2274 4227 στα
2308 4172 2592 4243 ἐμέμφετο
2635 4173 2732 4226 καὶ
2763 4172 3038 4243 διηπείλει
3063 4212 3079 4239 ,
3112 4173 3160 4225 εἰ
3194 4172 3273 4242 μὴ
3303 4174 3417 4235 τοῖς
3465 4172 3613 4243 ὅροις
3651 4169 3760 4224 Νε-

2170 4239 2388 4337 στορίου
2419 4239 2678 4335 ἐμμένοι.
2708 4266 2821 4320 Καὶ
2841 4239 3534 4321 ’κατακτυπείνῂἐντεῦθεν
3559 4265 3759 4333 δοκῶν,

2168 4358 2377 4411 ἐκεῖνον
2401 4358 2606 4428 μᾶλλον
2624 4358 2892 4429 ἐρεθίζων
2915 4359 3160 4431 διήγειρε
3179 4375 3195 4391 ⁸
3233 4357 3458 4429 Πνεῦμα
3482 4358 3592 4431 γὰρ
3619 4359 3761 4412 θεῖον

2167 4446 2458 4502 ἀναλαϐὼν
2498 4448 2793 4521 Κύριλλος,
2816 4449 2969 4521 αὐτῷ
2998 4467 3059 4502 τε
3091 4450 3304 4521 βασιλεῖ
3341 4451 3439 4503 καὶ
3467 4452 3587 4513 ταῖς
3607 4448 3760 4517 βασι-

2168 4540 2389 4607 λίσσαις
2415 4541 2702 4611 γενναίους
2758 4542 2913 4615 μάλα,
2942 4544 3138 4612 λόγους
3174 4542 3547 4615 συντεταχὼς,
3584 4542 3761 4613 ἐπεμ-

465 4642 709 4700 Nestorii
737 4611 978 4697 decretis
1005 4611 1380 4712 aquiesceret.
1417 4639 1489 4694 Et
1518 4654 1645 4694 cum
1678 4638 1889 4694 talibus
1916 4638 2061 4696 litte-

2175 4652 2303 4703 πεν,
2335 4639 2392 4697 ἐν
2423 4631 2504 4701 οἷς
2533 4639 2595 4692 τό
2644 4655 2705 4694 τε
2741 4611 2840 4710 τῆς
2870 4639 3041 4711 ὀρθῆς
3076 4639 3319 4702 πίστεως
3361 4611 3593 4708 ἀκ-ριᾶὲς
3622 4611 3760 4691 ὑπο-

467 4736 548 4792 ris
601 4751 661 4791 se
712 4734 870 4790 illum
925 4734 1413 4804 pessumdaturum
1461 4729 1849 4798 existimaret,
1889 4731 2066 4803 magis

465 4829 638 4884 etiam
673 4836 1013 4883 commotum
1050 4825 1339 4880 excitavit.
1370 4820 1619 4894 Accepto
1669 4838 1913 4892 namque
1939 4824 2066 4896 Spi-

468 4925 582 4977 ritu
627 4922 821 4977 divino
870 4919 1132 4991 Cyrilius,
1185 4916 1254 4972 ad
1308 4918 1494 4988 ipsum
1560 4917 1959 4989 imperatorem
2007 4926 2066 4975 et

465 5015 744 5086 Augustas
781 5014 1003 5068 lihellos
1049 5011 1213 5066 docte
1245 5016 1589 5082 compesitos
1632 5010 1807 5078 misit,
1855 5011 2065 5083 quibus

2176 4732 2442 4800 δείκνυσι,
2468 4732 2647 4787 καὶτὸ
2678 4733 2779 4803 τῆς
2802 4732 3106 4803 Νεστορίου
3137 4732 3566 4803 φρενοϐλαῶίας
3597 4733 3760 4787 xand-

2177 4824 2331 4891 δοξον
2363 4842 2376 4857 ·
2438 4825 2556 4896 ἅμα
2618 4825 2677 4880 δέ
2743 4827 2839 4880 καὶ
2904 4826 3128 4879 σύνοδον
3188 4826 3580 4897 οἰκουμενικὴν
3640 4825 3760 4896 ﬁrst

2179 4919 2681 4992 συνγκροτηθῆναι,
2706 4919 2781 4984 ὡς
2807 4918 2875 4974 ἂν
2901 4920 2970 4975 τὰ
3000 4919 3143 4974 κατὰ
3174 4920 3472 4991 Νεστόριον
3505 4918 3760 4989 ἀσφαλῶς

2176 5011 2544 5083 γυμνασθείη.

465 5117 634 5173 simul
660 5126 870 5170 certam
913 5120 1077 5165 rectae
1143 5109 1271 5166 ﬁdei
1316 5109 1753 5181 professionem,
1816 5121 1876 5166 et
1951 5125 2273 5181 perversam
2320 5110 2575 5166 Nestorii'
2612 5108 2889 5167 vecordiae
2921 5108 3245 5180 opinionem
3307 5105 3596 5164 ostendit:
3646 5114 3758 5160 tum

467 5224 678 5277 autem,
714 5218 776 5265 ut
802 5206 1054 5280 synodus
1091 5208 1423 5263 universalis
1464 5217 1829 5278 coget-eretur
1869 5208 2056 5278 petiit,
2099 5216 2160 5264 ut
2192 5206 2434 5264 Nestor-ii
2464 5221 2557 5264 res
2587 5206 2827 5264 certoin
2865 5213 3119 5277 apertum
3154 5203 3560 5276 proferrentur.

1005 5331 1232 5388 CAPUT
1284 5330 1506 5386 XXXIV

474 5432 550 5486 De
585 5430 740 5485 tertio
771 5436 955 5481 sancto
986 5424 1276 5480 universali
1320 5425 1547 5492 Ephesio
1579 5422 1830 5491 concilio,
1860 5425 1919 5478 in
1958 5440 2063 5495 quo

724 5498 978 5553 Nestorio
1007 5499 1343 5569 episcopatus
1381 5506 1457 5550 est
1493 5496 1813 5567 abrogatas.

543 5613 893 5669 Theodosius
919 5611 1307 5682 imperialibus
1330 5610 1535 5666 litteris
1578 5611 1696 5666 suis
1746 5610 1802 5664 in
1854 5618 2063 5664 metro-

472 5710 578 5779 poli
610 5707 830 5777 Epheso
861 5706 1114 5760 locorum
1144 5704 1395 5759 omnium
1432 5704 1728 5774 episcopos
1760 5703 2062 5759 convenire

466 5801 651 5869 jussit,
682 5814 897 5854 sacram
930 5798 1289 5872 Pentecoste:
1326 5798 1499 5866 diem,
1528 5812 1638 5868 qua
1664 5797 2059 5861 convenirent,

1812 5883 1838 5906 κ

546 5942 564 5974 ⁸
600 5942 774 5998 Galat.
812 5957 888 6007 tv,
932 5942 984 5997 4.

2772 5329 3027 5384 ΚΕΦᾹΛ.
3060 5330 3182 5384 AA'.

2179 5426 2322 5494 Περὶ
2355 5424 2460 5492 τῆς
2492 5424 2563 5478 ἐν
2613 5423 2854 5493 Ἐφέσῳ
2889 5422 3065 5489 ἁγίας
3104 5422 3309 5494 τρίτης
3347 5420 3443 5494 καί
3494 5422 3759 5494 οίκουμεο

2246 5491 2426 5566 ἠκῆςέ
2454 5491 2728 5550 συνόδοὺ
2748 5509 2763 5523 °
2789 5495 2889 5548 καὶ
2915 5494 2997 5560 ὡς
3017 5491 3320 5561 καθῃρέθη
3344 5492 3691 5559 Νεστόριος.

2248 5613 2360 5665 Καὶ
2388 5611 2454 5683 δὴ
2498 5611 2808 5681 βασιλικοῖς
2867 5612 3200 5683 γράμμασιν
3230 5610 3331 5664 ἀνὰ
3358 5608 3456 5680 τὴν
3501 5606 3759 5675 Ἐφεσίων

2178 5703 2518 5775 μητρόπολιν
2542 5704 2835 5774 ἁλισθῆναι
2866 5705 2993 5768 τοὺς
3016 5701 3336 5773 ἁπανταχοῦ
3356 5701 3535 5770 ἱερέας
3555 5700 3758 5769 ἔγραφε

2174 5799 2480 5866 Θεοδόσιος,
2519 5799 2815 5872 ἀποφήνας
2851 5800 2947 5852 καὶ
2973 5799 3072 5870 τῆς
3104 5797 3470 5861 συνελεύσεως
3496 5794 3594 5867 τὴν
3620 5794 3756 5865 ὴμέ-

2308 6083 2312 6086 .
2348 6080 2391 6087 _..
