4092 6456
346 354 488 423 nso
559 312 575 316 ⁷

1261 374 1868 440 ECCLESIASTICAI
1906 383 2299 445 IIlSTORlJi
2337 389 2481 449 ΗΒ.
2529 391 2678 452 Χιν.

346 488 447 543 ραν
471 466 613 529 εἶναι
647 476 749 549 τὴν
784 478 947 547 ἁγίαν
971 483 1373 558 Πεντηκοστὴν,
1412 484 1525 564 ὲνῇ
1567 491 1628 545 τὸ
1660 491 1918 556 ζωοποιὺν

2028 495 2393 556 constituens.
2430 501 2488 554 ln
2522 519 2584 556 ea
2618 505 2822 575 quippe
2869 505 2955 561 (lie
3003 506 3244 578 Spiritus
3300 511 3608 568 viviﬁcator

340 567 457 630 τοῖς
511 570 677 640 ἱεροῖς
738 573 1059 641 ἀποστόλοις
1111 580 1446 651 ἐπεφοίτησε
1506 583 1766 655 Πνεῦμα·
1827 588 1924 640 καὶ

341 658 516 712 ταῦτα
544 663 661 725 τοῖς
706 664 1002 736 γράμμασι
1057 671 1413 740 προστιθείςο
1471 694 1491 726 ι
1532 675 1629 740 Ὠς
1658 677 1922 748 οὐδεμίαν

342 749 455 816 ἕξει
491 757 631 824 πρὸς
660 756 816 823 Θεὸν,
862 760 985 813 οὐδὲ
1022 762 1163 831 πρὸς
1214 765 1365 833 ἡμᾶς
1421 767 1742 836 ἀπολογίαν,
1779 773 1808 823 ό
1846 770 1925 842 μὴ

342 848 688 917 παραχρῆμα
710 849 832 905 κατ’
854 854 1025 924 αὐτὴν
1045 855 1143 926 τὴν
1175 858 1391 927 ἡμέραν
1413 862 1513 930 τῆς
1538 860 1702 930 ἁγίας
1719 864 1925 932 Πεντη-

343 937 543 1006 κοστῆς
575 939 968 1011 εὑρισκόμενος
989 961 1003 974 ·
1036 946 1065 1000 ὀ
1094 946 1433 1018 καλούμενος
1466 952 1597 1022 γὰρ,
1630 954 1818 1022 φησὶν,
1844 956 1924 1018 είς

344 1026 630 1100 ἱερατικὴν
682 1031 900 1087 σύνοδον
954 1042 1049 1093 καὶ
1111 1039 1185 1110 μὴ
1233 1042 1531 1112 προθύμως
1590 1047 1922 1118 συντρέχων,

342 1121 442 1176 οὐκ
474 1122 642 1194 ὀρθῆς
685 1125 962 1183 δείκνυται
995 1134 1379 1204 συνειδήσεως.
1414 1154 1433 1187 ι
1488 1136 1547 1191 Ὀ
1573 1138 1674 1204 μὲν
1698 1139 1790 1193 οὖν
1813 1141 1922 1194 Νε-

343 1213 559 1284 στόριος
589 1216 687 1271 ἅτε
722 1219 785 1290 δὴ
815 1221 874 1273 οὐ
913 1224 1106 1293 πόρρω
1135 1225 1238 1294 τῆς
1272 1228 1543 1296 Ἐφεσίων
1567 1231 1921 1301 ἀφεστηκὼς,
1958 1236 1959 1239 “

346 1307 445 1360 σὺν
468 1307 613 1379 δχλῳ
656 1311 838 1382 πολλῷ
865 1315 1028 1378 εὐθὺς
1048 1319 1197 1386 ,μετὰ
1237 1318 1334 1390 τὴν
1374 1321 1569 1391 ἑορτὴν
1599 1321 1694 1376 τοῦ
1732 1325 1923 1395 Πάσχα

341 1399 444 1453 ἀνά
468 1400 569 1471 τὴν
599 1402 834 1471 Ἔφεσον
861 1405 1118 1474 ἔφθανεν,
1155 1410 1388 1475 πολλοὺς
1419 1415 1605 1466 ὲκεῖσε
1638 1416 1923 1481 συνιόντας

339 1492 451 1544 τῶν
473 1495 793 1549 ἐπισκόπων
816 1497 1014 1569 εὑρών.
1051 1502 1297 1573 ’Λπήντα
1326 1505 1383 1557 δὲ
1410 1507 1504 1559 καὶ
1529 1505 1801 1577 Κύριλλος
1823 1509 1943 1569 σὺν

340 1585 454 1647 τοῖς
486 1587 604 1655 μετ’
633 1588 802 1642 αὐτοῦ
834 1594 943 1661 πρὸ
977 1592 1076 1662 τῆς
1114 1595 1480 1668 ἀγγελθείσης
1511 1599 1745 1670 ἡμέρας.
1788 1602 1923 1655 Ἰου-

340 1675 590 1742 ϐενάλιος
613 1680 671 1734 δὲ
704 1684 845 1751 μετὰ
871 1685 1134 1757 πέμπτην
1160 1691 1380 1760 ἡμέραν
1405 1694 1502 1761 τῆς
1534 1694 1922 1765 Πεντηκοστῆς

340 1766 543 1837 ἔφθανε
598 1772 821 1843 σύναμα
858 1780 970 1842 τοῖς
1008 1779 1397 1845 Παλαιστινοῖς
1450 1784 1806 1849 ἐπισκόποις’
1837 1780 1920 1850 οἷς

339 1861 749 1933 ἀθροιζομένοις
783 1870 811 1921 ὁ
864 1871 1196 1942 περιϐόητος
1250 1875 1347 1928 καὶ
1411 1876 1589 1944 μέγας
1642 1878 1918 1948 Εὑθύμιος

339 1950 535 2026 Πέτρῳ
565 1955 644 2027 τῷ
673 1958 782 2011 τῶν
805 1961 1140 2033 Σαρακηνῶν
1171 1965 1461 2037 ἐπισκόπῳ
1487 1968 1706 2022 ἀπιόντι
1731 1971 1917 2024 ἐνεκε-

339 2044 547 2114 λεύετο,
579 2049 834 2122 Κυρίλλῳ
866 2052 944 2124 τῷ
987 2054 1088 2124 τῆς
1134 2055 1494 2124 Ἀλεξάνδρου
1527 2059 1776 2131 προέδρῳ
1824 2062 1918 2116 καὶ

352 2135 592 2207 Ἀκακίῳ
620 2137 699 2209 τῷ
726 2140 1021 2213 Μελιτινῆς
1059 2144 1345 2216 ὲπισκόπῳ
1373 2145 1632 2212 καθάπαξ
1661 2149 1914 2218 ἕπεσθαι,

338 2228 607 2296 ἐπειπὼν,
664 2230 983 2299 δτι,στύλοι
1026 2236 1123 2289 καὶ
1168 2235 1358 2307 ϐροφοι
1419 2238 1520 2309 τῆς
1551 2239 1722 2313 ὀρθῆς
1768 2241 1916 2296 οὗτοι

337 2320 647 2393 ὑπάρχουσι
702 2323 960 2389 πίστεως.
1018 2327 1343 2394 Κελεστῖνος
1392 2330 1440 2383 δ’
1487 2334 1516 2386 ό
1557 2334 1656 2405 τῆς
1693 2333 1918 2406 Ῥώμης

337 2415 636 2480 ἐπίσκοπος
685 2416 775 2470 διὰ
829 2420 900 2474 τά
960 2421 1104 2477 κατὰ
1164 2422 1441 2479 θάλατταν
1490 2427 1917 2499 προσδοκώμενα

338 2509 638 2578 παρῃτεῖτο
667 2507 735 2562 δι’
756 2509 952 2564 ἑαυτοῦ
978 2513 1043 2583 τῇ
1073 2514 1277 2582 συνόδῳ
1304 2516 1665 2586 παραϐαλεῖν.
1704 2520 1916 2592 Ἔγρα-

338 2616 407 2669 «ps
434 2600 491 2653 δὲ
522 2602 795 2670 Κυρίλλῳ,
845 2605 1175 2675 προτρέπων
1225 2610 1322 2663 καὶ
1371 2609 1465 2663 τὸν
1513 2609 1723 2665 ἐκείνου
1754 2613 1923 2667 τόπον

336 2692 583 2761 ἐπέχειν·
616 2694 677 2760 ἐξ
704 2686 767 2746 οὗ
797 2695 954 2763 λόγος
980 2698 1075 2750 καὶ
1101 2698 1163 2751 τὸ
1190 2699 1292 2769 τῆς
1345 2699 1544 2772 μίτρας
1571 2702 1812 2774 ἐπίθεμα
1841 2704 1920 2758 εί-

336 2782 586 2853 ληφέναι,
650 2785 747 2841 καὶ
785 2786 886 2858 τὴν
917 2787 1014 2842 τοῦ
1047 2790 1252 2844 πάππα
1294 2795 1677 2865 προσηγορίαν
1706 2795 1917 2867 λαϐεῖν,

338 2876 431 2928 καὶ
469 2877 564 2947 τῆς
612 2879 940 2949 οἰκουμένης
966 2882 1161 2952 κριτὴν
1187 2883 1555 2955 ὀνομάζεσθαι
1593 2903 1607 2919 ·
1660 2889 1920 2946 κάκεῖθεν

337 2968 428 3021 ἐπὶ
453 2968 706 3041 διαδοχὴν
738 2973 1027 3040 προελθεῖν
1054 2975 1250 3041 ταῦτα,
1277 2979 1374 3031 καὶ
1402 2979 1518 3044 τοῖς
1543 2981 1690 3035 κατὰ
1718 2982 1922 3054 κλῆρον

339 3061 583 3130 είληχόσι
614 3063 707 3117 τὸν
736 3065 835 3132 τῆς
879 3064 1235 3138 Ἀλεξάνδρου
1268 3069 1462 3140 θρόνον
1502 3073 1667 3142 ίεροῖς
1698 3075 1921 3128 ἐπισκό-

337 3168 481 3215 ποις.
518 3153 697 3217 Μόνος
746 3154 792 3207 δ’
835 3155 1092 3227 Ἰωάννης
1120 3161 1147 3211 ὁ
1192 3157 1287 3228 τῆς
1327 3161 1603 3232 Ἀντιόχου
1655 3164 1917 3234 πρόεδρος

340 3243 521 3313 πολλῷ
567 3247 666 3315 τῆς
703 3246 1045 3317 προθεσμίας
1064 3249 1354 3321 ὑστέρησε,
1389 3253 1485 3306 καὶ
1512 3255 1559 3308 οξ
1584 3255 1725 3325 ἀμφ’
1751 3256 1916 3310 αὐτὸν

336 3336 464 3408 ἑῷοι
492 3337 817 3391 ἐπίσκοποι⁸
853 3338 974 3392 οὔτι
1017 3341 1182 3408 ἑκὼν,
1227 3341 1302 3405 ὡς
1358 3344 1577 3408 πολλοῖς
1610 3346 1913 3415 ἀπολογού-

340 3445 499 3499 μενος
528 3429 714 3499 ἒλεγεν
736 3447 751 3462 ο
788 3432 901 3484 ἀλλ’
929 3435 1011 3486 ὅτι
1042 3435 1116 3506 μὴ
1147 3436 1312 3505 τάχος
1343 3435 1598 3508 ἀθροῖσαι
1629 3438 1758 3502 τοὺς
1788 3440 1912 3510 περὶ

335 3522 502 3576 αὐτὸν
530 3525 863 3590 ἐπισκόπους
911 3528 1062 3595 αὐτῷ
1094 3528 1376 3594 ἐξεγένετο
1398 3545 1413 3562 ο
1447 3529 1627 3602 πολλῷ
1675 3533 1782 3602 γὰρ
1814 3533 1915 3586 διί-

338 3630 567 3668 στανται
616 3616 949 3688 διαστήματι
980 3620 1034 3672 ai
1072 3621 1166 3672 ὑπ’
1201 3621 1368 3674 αὐτὸν
1399 3623 1588 3687 πόλεις
1616 3624 1713 3694 τῆς
1747 3625 1914 3680 πάλαι

341 3702 442 3773 μὲν
482 3704 839 3776 Ἀντιοχείας,
885 3710 1003 3763 νυνὶ⁸
1048 3710 1105 3762 δὲ
1149 3709 1534 3776 Θεουπόλεως·
1569 3714 1647 3777 ὼς
1688 3709 1914 3769 εἶναιτὸ

335 3792 617 3864 διάστημα
672 3797 897 3867 ἡμερῶν
946 3798 1099 3868 ἀνδρὶ
1152 3798 1372 3871 εὐζώνῳ
1436 3802 1766 3858 δυοκαίδεκα
1818 3807 1913 3860 καὶ

340 3887 542 3957 μικρόν
577 3905 632 3941 τι
675 3891 812 3958 πρός
835 3907 848 3922 ·
882 3890 1089 3961 διέχειν
1121 3890 1181 3944 at
1226 3894 1322 3947 καὶ
1351 3894 1452 3964 τὴν
1488 3896 1759 3967 Ἀντιόχου
1809 3899 1910 3969 τῆς

348 3980 616 4050 Ἐφεσίων
646 3984 1036 4053 μητροπόλεως
1059 3985 1178 4038 ὁδὸν
1205 3985 1432 4057 ἡμερῶν
1462 3988 1761 4057 τριάκοντα
1807 3991 1914 4061 μά-

336 4073 528 4128 λισταο
563 4075 659 4128 καί
714 4092 779 4143 γε
807 4077 1213 4148 διισχυρίζετο,
1268 4081 1343 4150 μή
1377 4097 1506 4134 ποτε
1556 4081 1763 4148 φθάσαι
1814 4085 1915 4149 τὴν

337 4167 672 4238 ὡρισμένην,
725 4168 774 4220 εί
830 4168 929 4240 τὴν
978 4171 1104 4224 νέαν
1156 4173 1501 4243 καλουμένην
1532 4176 1822 4245 Κυριακὴν
1863 4177 1913 4229 οί

340 4258 472 4323 περὶ
524 4256 687 4310 αὑτὸν
721 4257 825 4310 ἀνά
867 4259 993 4320 τοὺς
1030 4261 1271 4325 οίκείους
1303 4263 1613 4316 διετέλεσαν
1664 4264 1909 4335 θρόνους.

347 4341 437 4406 Ὣς
462 4343 517 4397 δὲ
559 4346 700 4414 μετὰ
741 4346 840 4416 τὴν
871 4347 1214 4416 προθεσμίαν
1242 4350 1334 4402 καὶ
1357 4351 1562 4421 ἡμέραι
1587 4351 1914 4408 διίππευσαν

338 4436 756 4503 πεντεκαίδεκα,
791 4438 885 4491 καὶ
906 4439 956 4491 oi
978 4440 1108 4509 περὶ
1133 4440 1226 4493 τόν
1270 4441 1601 4512 Ἀντιοχείας
1621 4448 1721 4497 οὐκ
1748 4445 1914 4517 ἔφθη-

2026 586 2092 642 ad
2128 599 2347 645 sanctos
2377 592 2671 661 Apostolos
2704 597 2976 657 pervenit.
3001 597 3232 656 Litteris
3283 602 3422 672 ipsis
3469 604 3602 659 illml

2026 691 2241 748 quoque
2270 681 2495 749 adjecit,
2535 686 2812 741 neminem
2859 704 2919 744 se
2983 691 3067 745 vel
3122 695 3268 760 apud
3308 693 3481 750 Deum
3520 700 3603 752 vel

2025 769 2172 838 apud
2221 770 2474 828 homines
2499 790 2891 833 rxeusaturum
2929 797 3076 849 esse,
3110 787 3204 853 qui
3256 802 3367 841 non
3419 789 3605 843 statim

2024 860 2091 915 ad
2115 862 2450 933 designatam
2484 880 2689 925 sanet-1e
2718 873 3079 931 Pentecostes
3113 877 3259 932 diem
3288 891 3493 949 praesto
3530 882 3605 937 ibi

2023 962 2190 1008 esset.
2224 952 2385 1024 512
2424 974 2442 1007 ι
2475 958 2576 1024 Qui
2620 977 2872 1031 namque,
2907 965 3106 1035 inquit,
3139 969 3207 1020 ad
3241 971 3604 1040 episcopalem

2023 1057 2241 1099 sacrum
2267 1061 2598 1105 conventum
2640 1064 2868 1111 vocatus
2901 1072 3011 1111 non
3030 1056 3288 1115 alacriter
3338 1048 3601 1124 accurrit,

2023 1149 2135 1190 non
2168 1137 2326 1194 bona:
2356 1140 2401 1195 is
2429 1145 2783 1201 conscientiae
2804 1162 2927 1203 esse
2949 1160 3196 1220 apparet.
3232 1171 3249 1204 ι
3286 1151 3600 1215 Nestorius.

2024 1228 2118 1298 qui
2143 1222 2256 1284 non
2277 1232 2439 1303 longe
2472 1235 2540 1289 ab
2574 1238 2790 1307 Epheso
2817 1238 3054 1307 abesset,
3084 1258 3208 1298 cum
3240 1245 3402 1299 turba
3431 1248 3601 1301 multa
3664 1252 3670 1257 '

2022 1322 2206 1376 statim
2236 1335 2361 1392 post
2419 1326 2621 1383 festum
2675 1329 2902 1386 Pascha:
2933 1332 3078 1389 diem
3116 1335 3391 1405 Ephesum
3429 1341 3599 1401 venit,

2027 1413 2232 1468 multos
2262 1414 2337 1470 ibi
2381 1416 2495 1488 jam
2539 1433 2907 1493 congregatos
2940 1425 3236 1495 episcopos
3293 1429 3598 1498 reperiens.

2024 1501 2263 1573 Cyrillus
2299 1521 2521 1577 quoque
2572 1527 2704 1566 vero
2750 1529 2873 1568 cum
2912 1517 3031 1571 suis
3070 1528 3200 1572 ante
3266 1518 3600 1574 destinatum

2021 1593 2170 1650 diem
2199 1596 2379 1654 aﬁ‘uit.
2416 1600 2620 1668 Quinta
2661 1615 2786 1674 post
2825 1607 3190 1664 Pentecosten
3228 1609 3342 1676 die,
3368 1608 3605 1665 Juvena-

2020 1683 2091 1740 lis
2141 1702 2266 1742 cum
2327 1689 2638 1747 Palaestinis
2681 1696 2960 1766 episcopis
3031 1698 3202 1753 venit.
3263 1701 3475 1766 Quibus
3530 1701 3603 1755 ita

2022 1779 2513 1846 convenientibus,
2569 1785 2811 1843 celebris
2844 1797 2902 1843 et
2950 1804 3184 1859 magnus
3242 1791 3333 1846 ille
3398 1791 3639 1864 Euthy-'

2026 1869 2172 1924 mius
2198 1870 2363 1927 Petro
2390 1872 2795 1931 Saracenorum
2823 1878 3088 1950 episcopo
3116 1881 3348 1937 abeunti
3396 1899 3573 1953 praeco
3591 1915 3603 1923 ν

2021 1961 2122 2031 pit,
2154 1970 2215 2017 ut
2246 1963 2437 2035 Cyrilli
2489 1968 2850 2025 Alexandrini
2900 1980 2954 2026 et
3007 1972 3193 2029 Acacii
3230 1975 3593 2033 Melitinensis

2019 2053 2246 2110 omnino
2271 2060 2603 2114 sententiam
2631 2074 2985 2132 sequeretur.
3015 2066 3308 2122 columnas
3360 2078 3416 2124 et
3449 2068 3602 2124 fasti-

2019 2146 2106 2214 gia
2142 2154 2306 2203 rectae
2338 2148 2464 2204 ﬁdei
2495 2166 2593 2207 eos
2617 2166 2742 2208 esse
2775 2163 3027 2211 testatus.
3058 2156 3393 2214 leestinus
3416 2171 3598 2216 autem

2020 2235 2217 2292 Romae
2264 2238 2580 2309 episcopus,
2627 2253 2856 2313 propter
2908 2246 3277 2318 navigationis
3315 2251 3557 2320 pericula
3584 2291 3598 2309 .

2020 2331 2138 2401 ipse
2165 2334 2378 2404 synodo
2401 2333 2594 2390 adesse
2619 2335 2987 2419 detrectavit:
3013 2339 3080 2394 ad
3102 2339 3365 2412 Cyrillum
3390 2351 3595 2404 tamen.

2022 2432 2082 2478 ut
2126 2423 2311 2479 locum
2368 2424 2445 2480 ibi
2497 2441 2660 2481 suum
2717 2429 3016 2495 obtineret,
3065 2432 3308 2503 scripsit.
3356 2433 3435 2488 Ex
3490 2451 3601 2504 quo

2022 2525 2292 2586 tempore,
2325 2519 2465 2573 fama
2494 2529 2603 2587 est,
2639 2522 2858 2577 mitram
2887 2525 3039 2577 illum
3067 2533 3123 2580 et
3156 2542 3308 2595 papa:
3359 2527 3601 2597 appella-

2023 2607 2253 2674 tionem,
2284 2620 2452 2679 atque
2481 2621 2543 2665 ut
2590 2614 2743 2668 orbis
2793 2615 3040 2671 universi
3066 2617 3236 2687 iudex
3293 2620 3601 2689 appellare-

2021 2707 2135 2765 tur,
2177 2702 2491 2772 accepisse;
2536 2719 2657 2771 qua:
2683 2704 2884 2761 deinde
2913 2708 3097 2761 omnia
3150 2724 3247 2777 per
3290 2712 3600 2765 successio-

2020 2806 2147 2846 nem
2202 2793 2269 2847 ad
2331 2809 2428 2849 eos
2497 2795 2665 2849 etiam
2722 2798 3122 2866 pervenerint,
3189 2797 3396 2867 quibus
3447 2809 3600 2854 sorte

2020 2882 2410 2941 Alexandrina:
2472 2887 2719 2941 ecclesiae
2767 2888 3002 2942 thronus
3054 2889 3296 2959 legitime
3341 2890 3601 2946 obvenis-

2020 2984 2127 3039 set,
2157 2992 2347 3033 sacros
2395 2979 2706 3048 episcopos.
2747 2980 2909 3036 Solus
2938 2981 3179 3038 Joannes
3219 2984 3601 3039 Antiochenus

2025 3065 2264 3120 antistes
2313 3081 2438 3121 cum
2482 3066 2856 3125 Orientalibus
2900 3070 3017 3126 suis
3079 3073 3390 3143 episcopis,
3437 3075 3598 3145 longe

1941 3191 1985 3254 Ο
2016 3158 2182 3212 etiam
2209 3169 2333 3228 post
2355 3161 2497 3214 diem
2530 3163 2925 3231 constitutum,
2956 3166 3169 3221 tardius
3221 3165 3378 3221 aﬂ'uit
3419 3185 3432 3221 :
3487 3183 3595 3222 non

2017 3249 2199 3303 dedita
2230 3250 2320 3304 ille
2351 3267 2518 3320 opera
2553 3268 2820 3316 moratus,
2863 3258 3026 3311 sicuti
3071 3273 3129 3310 se
3167 3259 3421 3327 pluribus
3458 3276 3582 3313 ver-

2016 3341 2102 3396 bis
2135 3343 2418 3396 excusavit
2449 3359 2463 3394 :
2492 3344 2586 3397 sed
2640 3346 2791 3413 quod
2847 3354 2956 3400 tam
3005 3348 3266 3402 celeriter
3307 3351 3600 3418 episcopos

2016 3432 2109 3501 qui
2145 3433 2248 3486 sub
2277 3449 2345 3487 eo
2375 3444 2583 3498 essent,
2616 3451 2815 3506 cogere
2846 3454 2953 3490 non
3002 3439 3200 3507 potuit.
3240 3440 3409 3505 Magis
3434 3442 3595 3493 enim

2016 3523 2263 3577 locorum
2299 3525 2608 3580 intervallis
2634 3526 2867 3582 ditionis
2896 3529 3017 3598 ejus
3050 3529 3218 3584 urbes
3259 3529 3487 3592 distant,
3524 3530 3596 3584 ab

2015 3628 2081 3668 ea
2109 3630 2230 3683 quae
2259 3616 2391 3669 olim
2446 3617 2669 3687 quidem
2726 3619 3017 3675 Antiochia
3064 3622 3163 3690 (1),
3216 3638 3363 3677 nunc
3410 3634 3594 3677 autem

2015 3707 2319 3777 'l‘heopolis
2348 3710 2493 3764 dicta
2526 3719 2634 3767 est.
2668 3711 2967 3767 Duodecim
2995 3728 3233 3784 namque
3265 3716 3480 3769 dierum
3514 3715 3602 3769 iti-

2016 3815 2169 3864 nere,
2205 3810 2261 3855 et
2286 3801 2472 3870 aliquo
2517 3814 2784 3871 praeterea
2817 3805 3039 3875 exiguo,
3079 3807 3288 3860 homini
3340 3809 3599 3877 expedito

2016 3901 2073 3945 et
2125 3892 2407 3947 succiucm
2456 3893 2673 3949 absunt.
2723 3895 2861 3949 Tum
2908 3907 3089 3951 autem
3132 3897 3425 3953 Antiochia
3482 3901 3598 3968 ipsa

2018 3983 2236 4053 Epheso
2271 3986 2495 4056 triginta
2528 3986 2741 4042 dierum
2780 3990 2866 4042 via
2893 3992 3131 4045 maxime
3160 3992 3345 4045 distat.
3382 3991 3600 4047 Conﬁr-

2020 4077 2191 4129 mavit
2223 4077 2314 4131 ille
2343 4079 2532 4145 etiam,
2573 4081 2637 4133 ad
2671 4081 3022 4149 designatum
3055 4099 3113 4137 se
3148 4099 3260 4138 non
3301 4095 3598 4138 venturum

2019 4167 2190 4222 fuisse
2242 4169 2412 4235 diem,
2468 4171 2515 4224 si
2575 4187 2716 4225 novo
2763 4173 2857 4241 qui
2916 4174 3123 4228 dicitur
3166 4175 3455 4230 Dominico
3510 4177 3599 4230 die

2016 4259 2237 4329 collega:
2286 4260 2368 4313 sui
2413 4261 2467 4315 in
2516 4264 2741 4318 sedibus
2780 4265 2898 4318 suis
2947 4279 3594 4335 csseperseverassenl.

2017 4351 2118 4407 Ubi
2150 4367 2281 4406 vero
2327 4362 2452 4422 post
2500 4353 2649 4409 diem
2693 4357 3059 4411 constitutum
3111 4358 3229 4411 dies
3274 4359 3594 4428 quindecim

2015 4445 2355 4512 praeteriere,
2409 4455 2467 4499 et
2506 4444 2887 4502 Antiochenus
2935 4449 3137 4519 prmsul
3193 4464 3302 4503 non
3350 4451 3595 4513 advenit,

339 4543 463 4587 σαν,
519 4527 732 4580 πολλῶν
774 4529 1092 4582 ἐπισκόπων
1137 4533 1312 4597 νόσοις
1351 4536 1448 4589 καὶ
1496 4535 1678 4599 ἄλλοις
1707 4538 1770 4608 δή
1803 4556 1912 4592 τισι

2020 4534 2289 4605 multique
2318 4537 2563 4606 episcopi
2602 4539 2812 4593 morbis
2843 4548 2898 4592 et
2947 4539 3212 4593 aerumnis
3247 4540 3372 4595 aliis
3421 4545 3596 4610 pressi

336 4619 681 4688 πιεζομένων
726 4621 937 4687 δεινοῖς,
971 4622 1246 4687 ἀλίζονται
1273 4629 1425 4699 κοινῇ
1447 4627 1614 4701 ψήφῳ
1647 4633 1788 4685 κατὰ
1818 4631 1914 4702 τὴν

336 4714 594 4781 εἰκοστὴν
622 4712 720 4766 τοῦ
763 4715 985 4767 Ἰουνίου
1033 4715 1205 4786 μηνὸς
1252 4719 1547 4788 τριάκοντα
1595 4722 1688 4774 καὶ
1720 4724 1914 4777 ἑκατὸν

337 4807 652 4872 ἐπίσκοποι,
686 4806 797 4859 ἔτει
843 4808 941 4876 μὲν
973 4809 1083 4861 ἀπὸ
1115 4812 1347 4874 κτίσεως
1380 4813 1591 4882 κόσμου
1623 4832 1914 4869 πεντακισ-

337 4898 600 4969 χιλιοστῷ
625 4899 1028 4969 ἐννακοσιοστῷ
1061 4903 1566 4975 πεντεκαιδεκάτῳ,
1597 4905 1703 4958 ἀπὸ
1732 4906 1789 4958 δὲ
1816 4907 1916 4975 τῆς

336 4992 603 5061 δευτέρας
660 4994 880 5047 συνόδου
933 4993 1053 5057 ἑνὸς
1105 4994 1259 5059 ἔτους
1311 4997 1408 5049 καὶ
1466 4998 1913 5065 τεσσαρακοστοῦ

338 5083 661 5146 διελθόντοςο
733 5083 1098 5138 ’1ου6εναλίου
1156 5086 1425 5158 παρόντος
1476 5088 1571 5140 καὶ
1619 5089 1712 5143 τοῦ
1767 5089 1914 5143 θείου

345 5171 645 5241 Κυρίλλου,
676 5172 775 5225 καὶ
797 5174 890 5225 τὸν
917 5173 1076 5225 τόκον
1103 5174 1391 5244 ἐπέχοντος
1412 5192 1426 5205 ·
1462 5174 1786 5229 Κελεστίνιυ
1822 5177 1916 5232 τοῦ

340 5264 442 5333 τῆς
473 5263 852 5335 πρεσϐυτέρας
893 5265 1112 5337 Ῥώμης
1161 5267 1253 5320 τὸν
1302 5267 1510 5336 θρόνον,
1540 5267 1616 5330 ὼς
1673 5269 1914 5339 είρηται,

346 5355 804 5426 πρυτανεύοντος.
855 5357 966 5412 Καὶ
1022 5358 1163 5411 κατὰ
1213 5359 1312 5430 μὲν
1342 5360 1440 5429 τὴν
1472 5359 1698 5429 πρώτην
1734 5361 1917 5431 παρῆν

346 5448 444 5501 καὶ
474 5446 790 5516 Νεστόριος.
843 5449 977 5503 Ka‘t‘
1003 5451 1125 5502 ἐπεὶ
1165 5451 1466 5504 ἁνεκινείτο
1499 5452 1558 5503 τὸ
1597 5450 1719 5505 κατ’
1755 5453 1918 5506 αὑτὸν

343 5538 588 5611 ζήτημα,
631 5539 896 5611 Κύριλλος
930 5541 959 5594 ὁ
997 5542 1094 5612 τῆς
1121 5541 1472 5614 Ἀλεξάνδρου
1498 5544 1763 5612 γενναίως
1790 5544 1919 5615 βάλ-

418 5675 496 5742 (ll
534 5675 880 5731 Justinianus
937 5676 1287 5731 Antiochiam
1348 5686 1471 5746 post
1538 5687 1913 5734 terratmotum

350 5748 713 5816 auspicaliore
751 5747 971 5801 neruine
1006 5747 1329 5816 Theopolitn
1365 5749 1602 5803 vocavit.

419 5816 494 5885 (:2)
530 5814 844 5871 Secundum
895 5814 1203 5873 neotericos
1251 5818 1389 5872 4412
1412 5861 1424 5884 ,
1476 5820 1567 5885 qui
1604 5821 1659 5875 in
1691 5835 1916 5884 compu-

2019 4633 2168 4689 sunt,
2201 4625 2267 4680 de
2294 4629 2576 4682 communi
2600 4630 2876 4684 sententia
2908 4630 3176 4700 vigesimo
3212 4632 3417 4687 mensis
3442 4634 3597 4688 Junii

2018 4715 2109 4771 die
2160 4717 2406 4786 episcOpi
2455 4721 2772 4791 congregati
2823 4735 2953 4776 sunt
3002 4723 3229 4778 circiter
3279 4737 3503 4779 centum
3540 4737 3599 4779 et

2022 4808 2276 4880 triginta,
2324 4826 2352 4863 a
2415 4811 2639 4866 condito
2701 4815 2909 4869 mundo
2959 4817 3255 4885 quinquies
3300 4818 3595 4872 millesimo

2019 4897 2497 4969 noningentesimo
2519 4902 2734 4957 decimo
2761 4905 2954 4973 quinto
2982 4906 3080 4977 (2),
3103 4907 3269 4978 513
3291 4923 3319 4961 a
3351 4911 3595 4964 secunda

2019 4999 2200 5045 autem
2229 4994 2439 5063 synodo
2467 4996 2892 5067 quadragesimo
2914 5007 2971 5053 et
2994 5015 3106 5054 uno
3132 5017 3299 5066 anno,
3324 5011 3596 5071 praesente

2016 5082 2268 5138 Juvenali
2303 5094 2358 5139 et
2391 5086 2590 5153 divino
2641 5086 2871 5159 Cyrillo,
2907 5091 3001 5160 qui
3065 5092 3352 5150 (Zmlestini
3412 5078 3595 5150 locum

2021 5177 2493 5241 tenuit,seniores
2525 5180 2712 5236 Roma:
2757 5181 3132 5256 (utdiximus)
3178 5188 3446 5257 episcopi.
3497 5174 3596 5243 D’ie

2020 5266 2202 5335 primo
2238 5267 2527 5347 Nestorius
2554 5272 2721 5325 etiam
2759 5284 2959 5342 praesto
2991 5274 3118 5329 fuit.
3168 5277 3348 5346 Atque
3398 5277 3489 5331 ubi
3526 5277 3595 5330 de

2018 5359 2326 5431 quaestione
2354 5363 2476 5431 ejus
2497 5364 2580 5433 agi
2614 5375 2854 5433 cmptum
2882 5378 2985 5430 est,
3018 5366 3252 5439 Cyrillus
3274 5368 3594 5422 Alexandri-

2021 5465 2125 5504 nus
2172 5451 2226 5504 in
2280 5454 2457 5520 prima
2498 5455 2822 5510 velitatione
2865 5457 3048 5526 jacula
3091 5458 3314 5513 fortiter
3355 5459 3594 5528 jaciens,

2017 5541 2334 5597 Nestorium
2388 5544 2686 5600 admodum
2743 5547 3093 5616 perstrinxit.
3168 5548 3368 5603 Hostili
3446 5552 3595 5605 enim

2022 5686 2230 5763 latione
2270 5702 2534 5741 annorum
2554 5688 2829 5763 secundae
2859 5698 2915 5743 et
2951 5691 3125 5763 tertia:
3170 5690 3382 5763 synodo
3420 5692 3599 5747 inter-

2018 5756 2329 5836 cedentium
2379 5774 2502 5814 cum
2553 5759 2655 5814 hac
2702 5775 2925 5830 quoque
2980 5756 3343 5817 ratione'nou
3395 5779 3599 5818 conve-

2018 5837 2198 5880 ιιιιιιιι.

3471 395 3609 465 11m
3683 406 3687 409 '
