4092 6464
477 316 606 390 1171

1708 328 2135 406 NICEPHOBI
2171 335 2538 409 CALLISTI‘

3616 351 3750 417 1172

473 435 799 510 jamdudum
830 461 961 520 erga
995 466 1121 508 eum
1154 461 1272 508 erat
1299 453 1507 510 animo.
1543 455 1611 512 Et
1656 475 1784 514 cum
1836 459 2063 516 Christo

2171 463 2281 518 λων
2320 467 2436 526 τοῖς
2471 465 2918 536 ἀκροϐολισμοῖς,
2953 466 3165 520 ἐκείνου
3221 465 3368 544 μάλα
3395 466 3710 537 ,καθήπτετο
3731 487 3747 503 ο

474 543 763 630 sententiis
787 545 906 602 suis
933 547 1281 608 divinitatem
1311 549 1467 605 multi
1494 551 1827 618 tribuerent,
1864 565 2064 606 unum-

475 647 584 700 que
617 643 674 688 et
702 637 958 692 eumdem
985 655 1106 694 esse
1137 640 1358 707 Filium,
1392 658 1455 696 cx
1487 643 1649 698 Patre
1678 643 1904 713 quidem
1936 653 2065 697 ante

477 726 677 780 srecula
732 729 1002 798 genitum,
1055 733 1326 786 citremis
1376 745 1559 792 autem
1613 737 1957 806 temporibus
1996 751 2064 790 cx

482 827 749 886 perpetua
782 821 1009 893 Virgine
1069 825 1346 880 hominem
1392 827 1620 892 factum,
1672 843 1848 899 neque
1894 828 2062 884 aliu’m

476 920 642 981 atque
665 911 854 978 alium,
884 915 978 970 sed
1009 932 1178 971 unum
1207 929 1373 988 atque
1401 921 1686 986 eumdem,
1711 931 1767 976 et
1795 917 2065 991 virginem

477 1005 704 1060 Mariam
744 1009 968 1080 pr0prie
1011 1021 1067 1066 et
1094 1029 1219 1068 vere
1256 1013 1525 1069 Θεοτόκον
1575 1016 1672 1071 Dei
1723 1017 2063 1074 Genitricem

476 1098 768 1155 dicendam
818 1108 940 1158 esse
991 1115 1330 1174 asScrerent,
1363 1124 1657 1179 assurgens
1707 1111 2000 1168 Nestorius
2047 1129 2062 1168 :

481 1210 499 1242 ι
565 1187 700 1262 Ego,
731 1193 952 1262 flnquit,
988 1197 1307 1256 bimostrem
1347 1201 1588 1271 aliquem
1636 1213 1692 1257 et
1729 1204 2064 1259 trimestrem

475 1281 646 1338 Deum
679 1300 788 1339 non
825 1288 1083 1342 dixerim.
1115 1289 1351 1345 Proinde
1387 1307 1558 1362 purus
1581 1307 1701 1349 sum
1733 1307 1764 1348 ο
1797 1295 2064 1366 sanguine

473 1385 682 1439 vestro,
713 1389 769 1433 et
791 1380 1030 1450 amplius
1057 1383 1123 1435 ad
1155 1398 1256 1437 vos
1290 1397 1397 1438 non
1423 1385 1662 1440 veniam.
1706 1404 1724 1438 ι
1753 1385 1849 1442 His
1874 1386 2062 1442 verbis

477 1467 662 1528 dictis.
688 1485 813 1524 cum
845 1487 940 1527 sex
967 1473 1245 1545 episc0pis
1278 1489 1672 1546 egressusest,
1716 1487 1770 1534 et
1797 1479 2066 1550 deinceps

478 1575 601 1616 cum
657 1563 766 1619 illis
822 1568 1120 1622 convenire
1170 1571 1369 1626 soiitus
1421 1571 1528 1628 fuit
1586 1589 1602 1627 :
1656 1574 1778 1630 aliis
1842 1591 2066 1645 quoque

477 1659 798 1727 assumptis,
847 1659 942 1728 qui
991 1677 1215 1731 pravam
1273 1663 1397 1732 ejus
1449 1665 1610 1720 ﬁdem
1661 1668 2061 1736 sequebantur.

477 1739 557 1804 ita
595 1753 837 1821 synodus
884 1754 1151 1826 deinceps
1206 1756 1262 1811 in
1321 1760 1696 1827 partesvduas
1735 1761 1912 1822 divisa
1955 1774 2060 1816 est.

477 1844 738 1913 Cyrillus,
784 1855 840 1901 et
881 1849 977 1918 qui
1011 1865 1137 1904 cum
1174 1866 1239 1906 eo
1275 1860 1454 1917 erant,
1509 1853 1776 1921 postridie
1824 1856 2064 1910 concilio

476 1943 691 2003 eoacto,
715 1948 773 1994 ut
803 1956 922 1998 mos
951 1954 1052 2002 εει,
1085 1942 1263 1998 tribus
1285 1945 1561 2016 episcopis
1596 1945 1802 2013 missis,
1857 1946 2062 2003 Nesto‘

479 2031 622 2086 tium
669 2045 731 2088 ut
785 2032 841 2089 in
891 2044 1227 2096 conventum
1280 2037 1496 2095 veniret
1548 2038 1812 2096 citarunt.
1854 2037 1951 2096 Ille
2009 2039 2063 2094 id

477 2125 814 2196 contempsit
846 2135 902 2182 et
945 2127 1372 2201 haudquaquam
1420 2133 1758 2202 comparuit,
1791 2133 2062 2204 synodum

477 2215 533 2269 in
571 2217 901 2274 Antiocheni
972 2223 1219 2294 episcopi
1309 2224 1606 2280 adventum
1649 2225 1944 2284 diﬂ'erens.
1994 2226 2065 2284 Ut

477 2319 664 2364 autem
696 2311 791 2366 ille
826 2311 1027 2368 iterum
1058 2325 1225 2384 atque
1259 2319 1425 2374 tertio
1457 2328 1703 2384 vocatus,
1736 2335 2063 2388 responsum

478 2399 720 2464 nullum,
777 2415 889 2469 quo
936 2418 995 2462 se
1053 2404 1401 2472 defenderet,
1460 2407 1631 2472 dedit,
1684 2419 1741 2464 et
1797 2411 2065 2466 conviciis

477 2502 644 2560 atque
681 2495 1036 2550 ctmtumcliis
1068 2512 1165 2551 eos
1194 2499 1288 2567 qui
1317 2501 1383 2554 ad
1415 2516 1473 2554 sc
1512 2502 1662 2556 missi
1703 2511 1864 2558 erant
1900 2504 2066 2558 remi-

478 2585 552 2637 sit
585 2599 600 2636 :
643 2585 886 2653 synodus
917 2595 1104 2642 sancta
1139 2599 1512 2646 trecentorum
1545 2595 1762 2648 illorum
1787 2605 1840 2650 ct
1873 2598 2061 2652 decem

481 2685 609 2729 octo
641 2675 955 2732 divinorum
992 2679 1218 2734 Patrum
1252 2681 1562 2752 symbolum
1607 2685 1662 2740 in
1706 2686 1971 2750 medium,
2007 2698 2063 2744 et

479 2766 669 2837 Gvrilli
714 2777 881 2838 atque
938 2771 1206 2839 Nestorii,
1263 2789 1402 2846 quas
1464 2776 1620 2832 ultro
1687 2777 1940 2848 citroque
1995 2781 2064 2835 de

477 2861 736 2928 dogmate
761 2859 1027 2917 dederant
1053 2864 1286 2932 litteras,
1317 2883 1529 2922 sacram
1558 2868 1686 2922 item
1715 2869 1860 2924 illam
1886 2871 2066 2928 Cade-

478 2951 611 3006 Stini
647 2953 714 3007 ad
749 2953 929 3022 ipsum
963 2955 1280 3012 Nestorium
1314 2959 1577 3028 scriptam
1611 2961 1902 3031 epistolam
1937 2979 2067 3032 pro-

478 3047 623 3102 tulit.
658 3049 836 3118 Atque
873 3050 965 3103 ubi
1009 3049 1333 3107 Theodotus
1386 3053 1710 3124 Ancyranus
1757 3063 1813 3108 et
1859 3053 2064 3109 Meliti-

479 3139 670 3192 nensis
723 3138 960 3194 Aeacius
1016 3141 1334 3210 blasphema
1388 3142 1509 3212 ejus
1568 3143 1732 3198 verba
1769 3185 1784 3210 ,
1857 3145 2064 3214 quibus

479 3242 671 3300 aperte
713 3233 916 3302 Ephesi
985 3235 1177 3291 multis
1234 3236 1605 3304 praesentibus
1657 3252 1794 3292 usus
1855 3236 2059 3301 fuerat,

481 3325 829 3388 indicavere,
878 3334 935 3381 et
998 3329 1183 3382 multa:
1238 3329 1569 3384 eximiorum
1622 3339 1679 3385 et
1741 3339 2060 3386 sanctorum

478 3417 733 3472 virorum
793 3431 956 3472 voces
997 3419 1221 3484 auditae,
1273 3420 1614 3491 insupcrque
1665 3422 1772 3476 alia
1820 3421 2063 3477 Nestorii

479 3510 648 3578 impie
678 3509 819 3565 dicta
848 3521 1108 3580 congesta
1142 3520 1292 3576 sunt,
1337 3513 1568 3584 impium
1611 3514 1767 3568 illum
1800 3527 2067 3570 exaucto-

477 3603 640 3666 ravit,
679 3602 949 3657 sententia
979 3603 1131 3658 hisce
1162 3604 1348 3659 verbis
1374 3615 1673 3676 concepta:
1709 3605 1872 3678 515.
1898 3602 2063 3662 «thm

480 3703 682 3762 praeter
731 3693 837 3747 alia
907 3694 1414 3749 reverendissimus
1487 3695 1818 3759 Nestorius.
1881 3712 2064 3766 neque

478 3783 756 3838 vocationi
802 3794 1006 3839 nostrae
1037 3785 1272 3839 audiens
1317 3801 1442 3840 esse
1482 3788 1744 3851 voluerit,
1794 3802 1978 3856 neque
2033 3803 2065 3841 a

480 3875 644 3931 nobis
681 3875 884 3932 missos
929 3876 1310 3932 sanctissimos
1340 3886 1396 3932 ct
1449 3878 1728 3946 piissimus
1767 3880 2065 3948 episcopos

481 3967 794 4033 admiserit,
827 3968 1142 4023 necessario
1168 3983 1232 4024 eo
1257 3969 1666 4036 descendimus,
1697 3975 1755 4023 ut
1781 3971 1850 4026 de
1873 3970 2068 4040 impie-

479 4069 594 4115 tate
626 4061 745 4132 ejus
777 4061 1210 4130 inquireremus.
1265 4062 1328 4116 Et
1363 4062 1622 4128 quoniam
1654 4078 1779 4117 cum
1819 4078 1888 4118 ex
1945 4062 2065 4132 epi-

479 4156 636 4210 stolis
665 4163 720 4211 et
750 4155 976 4225 scriptis
1009 4160 1149 4224 ejus,
1185 4171 1306 4224 qua:
1333 4155 1472 4210 lecta
1498 4156 1660 4209 etiam
1687 4165 1816 4210 sunt
1848 4173 1862 4210 :
1897 4166 2064 4226 atque

480 4249 611 4302 item
647 4262 714 4301 ex
737 4247 944 4310 verbis,
977 4247 1182 4316 quibus
1208 4247 1264 4301 in
1291 4248 1716 4315 metropolitana
1777 4248 1882 4304 hac
1929 4249 2065 4304 urbe

481 4345 614 4397 usus
642 4347 726 4394 est
753 4358 766 4395 :
797 4349 912 4394 tum
945 4351 1010 4394 ex
1043 4340 1267 4394 testium
1300 4339 1487 4404 dictis,
1518 4340 1685 4410 impie
1708 4355 1834 4395 eum
1855 4351 1910 4395 et
1936 4354 2065 4396 sen-

479 4434 584 4488 tire
623 4441 681 4488 et
714 4433 916 4488 docere
954 4430 1428 4503 deprehendimus
1466 4449 1480 4485 :
1531 4433 1862 4487 necessitate
1899 4433 2062 4487 nobis

2171 559 2264 612 καὶ
2286 559 2394 627 γὰρ
2419 559 2674 630 ἀπεχθῶς
2701 558 2836 629 πρὸς
2858 561 3022 614 αὐτὸν
3049 563 3112 613 ἐκ
3144 559 3341 614 πολλοῦ
3371 555 3504 630 εἶχε.
3535 561 3753 616 Πολλῶν

2169 649 2225 704 δὲ
2256 649 2346 703 τὸν
2372 651 2611 720 Χριστὸν
2641 649 3063 719 θεολογούντων,
3100 653 3198 706 καὶ
3228 651 3325 705 ἕνα
3353 652 3444 704 καὶ
3471 652 3564 706 τὸν
3591 652 3754 704 αὑτὸν

2169 739 2312 796 εἶναι
2349 743 2498 804 Υίδν,
2531 743 2623 796 τὸν
2659 746 2723 796 ἐκ
2748 726 2962 814 Πατρὸς
2986 745 3088 814 μὲν
3113 745 3219 816 πρὸ
3245 745 3460 798 αἰώνων
3486 743 3750 814 πρότερον

2169 833 2524 904 γεννηθέντα,
2552 835 2649 887 καὶ
2680 833 2769 887 ἐπ’
2799 835 3048 904 ἐσχάτων
3077 835 3131 888 δὲ
3165 835 3272 888 τῶν
3300 836 3532 905 χρόνων,
3563 837 3626 888 ὲκ
3649 835 3747 904 τῆς

2181 925 2577 996 Ἀειπαρθένου
2618 925 2914 994 γενόμενον
2966 925 3286 996 ἄνθρωπον,
3334 927 3428 980 καὶ
3458 928 3557 979 οὐκ
3587 926 3746 980 ἄλλον

2169 1019 2266 1071 καὶ
2293 1017 2473 1084 ἄλλον,
2518 1018 2610 1070 καὶ
2669 1017 2940 1072 Θεοτόκον
2987 1018 3198 1089 κυρίως
3241 1019 3337 1072 καὶ
3390 1018 3603 1088 άληθῶς
3651 1018 3748 1088 τὴν

2170 1108 2444 1180 παρθένον
2489 1106 2714 1178 Μαρίαν
2751 1111 3219 1180 ἀποφηναμένων,
3263 1108 3455 1180 παρὼν
3492 1111 3520 1162 ό
3547 1110 3750 1163 Νεστό-

2171 1217 2312 1270 ριος,
2359 1220 2380 1252 r
2422 1199 2585 1269 Ἐγὼ,
2623 1202 2781 1271 φησὶ,
2835 1201 2926 1256 τὸν
2967 1202 3265 1272 γενόμενον
3297 1203 3606 1272 διμηνιαῖον
3649 1202 3746 1255 καὶ

2167 1296 2516 1365 τριμηνιαίον
2553 1294 2654 1348 οὐκ
2683 1295 2748 1349 ἂν
2777 1295 2911 1346 Θεὸν
2947 1294 3312 1365 όνομάσαιμι·
3346 1296 3446 1349 καὶ
3473 1295 3558 1348 διὰ
3588 1295 3746 1347 τοῦτο

2170 1384 2412 1456 καθαρός
2443 1387 2561 1454 εἰμι
2613 1386 2722 1438 ἀπδ
2752 1385 2847 1439 τοῦ
2878 1385 3112 1456 αἵματος
3151 1387 3341 1456 ὑμῶν’
3378 1389 3473 1441 καὶ
3507 1388 3611 1440 ἀπὸ
3647 1384 3740 1439 τοῦ

2170 1475 2266 1530 νῦν
2305 1478 2442 1550 πρὸς
2476 1479 2623 1548 ὑμᾶς
2654 1478 2754 1530 οὐκ
2785 1479 3099 1548 ἐλεύσομαι.
3141 1498 3159 1531 t
3198 1479 3362 1532 Ταῦτ’
3389 1479 3577 1542 εἰπὼν,
3609 1481 3744 1548 μετὰ.

2170 1572 2227 1639 ἓξ
2267 1573 2586 1625 ἐπισκόπων
2642 1571 2861 1640 ἐξῆλθε,
2905 1574 3001 1625 καὶ
3041 1571 3134 1626 τοῦ
3187 1571 3377 1626 λοιποῦ
3415 1573 3531 1642 μετ’
3564 1572 3742 1626 αὐτῶν

2170 1665 2581 1736 συνηθροίζετο,
2615 1667 2710 1720 καὶ
2748 1665 2944 1728 ἄλλους
2997 1665 3385 1734 προσειληφὼς
3426 1667 3491 1736 τῇ
3535 1665 3740 1718 ἐκείνου

2170 1759 2505 1830 κακοπιστξᾳ
2563 1759 2960 1828 ἔφεπομὲνους.
3030 1759 3140 1814 Καὶ
3205 1759 3332 1827 διχῆ
3371 1757 3431 1810 τὸ
3481 1757 3665 1812 λοιπὸν
3708 1757 3741 1827 ἡ

2097 1838 2135 1892 Β
2169 1851 2386 1915 σύνοδος
2418 1838 2674 1922 διῃρεῖτο.
2711 1853 2773 1904 Οί
2802 1851 2860 1904 δὲ
2888 1853 3015 1920 περὶ
3050 1850 3321 1921 Κύριλλον
3362 1851 3428 1920 τῇ
3459 1849 3585 1917 ἑξῆς
3617 1866 3741 1902 συν-

2170 1946 2351 2016 έδριον
2404 1943 2792 2014 ποιησάμενοι,
2825 1941 2898 2005 ὡς
2927 1942 3070 2007 ἔθος,
3109 1944 3257 2013 τρεῖς
3291 1942 3406 1998 τῶν
3429 1941 3742 1998 ἐπισκόπων

2165 2035 2630 2106 διαπεμψάμενοι,
2689 2035 3105 2105 μετεστέλλοντο
3157 2033 3452 2102 Νεστόριον
3499 2034 3580 2096 εἰς
3642 2032 3738 2100 τήν

2169 2130 2389 2184 σύνοδον
2439 2128 2712 2198 ἀπαντᾷν.
2749 2128 2818 2180 Ὀ
2847 2127 2903 2181 δὲ
2937 2124 3313 2196 κατωλιγώρει
3359 2126 3452 2179 καὶ
3492 2124 3739 2194 οὐδαμῶς

2168 2221 2522 2292 παρεγίνετο,
2579 2219 2929 2290 μετεωρίζων
2971 2217 3071 2288 τὴν
3120 2217 3340 2271 σύνοδον
3394 2219 3474 2280 είς
3519 2217 3736 2288 τὴντοῦ

2179 2314 2513 2386 Ἀντιοχείας
2543 2313 2702 2383 δῆθεν
2727 2302 3032 2368 ἐστέλευσιν.
3071 2311 3154 2374 Ὠς
3191 2311 3370 2366 δὲκαὶ
3397 2311 3475 2374 δὶς
3507 2312 3597 2364 καὶ
3622 2311 3740 2381 τρὶς

2167 2406 2414 2477 κληθεὶς,
2446 2406 2603 2460 οὐδὲν
2657 2406 2755 2474 μὲν
2789 2407 2928 2475 πρὸς
2975 2403 3274 2471 ἀπολογίαν
3322 2402 3514 2468 ἐδίδου,
3551 2402 3737 2472 σκώμ-

2171 2507 2309 2572 μασί
2347 2496 2524 2554 δὲκαὶ
2559 2501 2808 2571 ἀτιμίαις
2842 2500 2937 2553 καὶ
2966 2502 3092 2562 τοὺς
3121 2499 3522 2560 ἀποσταλέντας
3566 2497 3738 2550 ὀπίσω

2167 2595 2521 2663 ἀνέπεμπεν
2551 2597 2584 2665 ή
2635 2595 2769 2663 ἁγία
2816 2593 3035 2658 σύνοδος
3067 2594 3126 2645 τὸ
3157 2591 3266 2647 τῶν
3296 2590 3623 2659 τριακοσίων
3653 2589 3738 2641 δε-

2167 2685 2390 2740 καοκτὼ
2413 2685 2692 2756 θεοφόρων
2749 2683 3009 2754 Πατέρων
3061 2683 3329 2753 σύμϐολον
3380 2681 3620 2751 προῆγεν
3651 2682 3736 2742 εἰς

2169 2779 2358 2850 μέσον,
2389 2778 2484 2832 καὶ
2509 2778 2609 2840 τὰς
2633 2775 2920 2856 ἐπιστολάς
2939 2778 3212 2847 Κυρίλλου
3239 2778 3331 2830 καὶ
3360 2775 3650 2846 Νεστορίου
3673 2774 3736 2834 ἃς

2169 2869 2421 2942 ἀλλήλοις
2447 2868 2577 2938 περὶ⁵
2603 2866 2696 2919 τοῦ
2721 2867 2994 2936 δόγματος
3029 2867 3396 2937 διεπέμποντο
3415 2881 3429 2896 ο
3463 2866 3541 2918 ἔτι
3564 2864 3618 2916 δὲ
3645 2863 3737 2914 καὶ

2166 2963 2268 3034 τὴν
2317 2961 2468 3032 ἱεράν
2521 2962 2740 3030 ἐκείνην
2767 2961 2862 3014 τοῦ
2901 2959 3228 3014 Κελεστίνου
3283 2957 3572 3028 ἐπιστολὴν
3605 2956 3735 3027 πρὸς

2169 3055 2333 3118 αὑτὸν
2368 3056 2690 3127 Νεστόριον.
2738 3054 3109 3108 Ἐπειπόντων
3156 3054 3213 3107 δὲ
3263 3051 3356 3105 τοῦ
3399 3069 3457 3105 τε
3488 3050 3735 3103 Θεοδότου

2182 3143 2455 3216 Ἀγκύρας
2479 3145 2574 3198 καὶ
2607 3144 2700 3196 τοῦ
2727 3147 2824 3211 τῆς
2853 3144 3147 3212 Μελιτινῆς
3189 3143 3445 3197 Ἀκακίου
3475 3144 3566 3194 καί
3597 3142 3738 3210 ἅπερ

2172 3235 2459 3306 παρρησίᾳ.
2515 3235 2728 3290 πολλῶν
2776 3238 2870 3290 ἐπὶ
2901 3237 2997 3306 τῆς
3049 3236 3316 3306 Ἐφεσίων
3348 3235 3737 3304 ἐϐλασφήμησε

2171 3328 2584 3399 μητροπόλεως,
2619 3331 2714 3382 καὶ
2744 3331 2949 3401 ἐτέρων
2979 3329 3036 3382 δὲ
3073 3330 3285 3384 πολλῶν
3312 3331 3521 3399 ῥήσεων
3553 3327 3740 3396 ἐκκρί-

2165 3437 2276 3474 των
2315 3421 2490 3487 ἁγίων
2518 3422 2885 3492 ὗφανθεισῶν,
2922 3426 3010 3477 ναὶ
3041 3424 3150 3494 μὴν
3204 3427 3298 3477 καὶ
3332 3413 3506 3477 ἄλλων
3538 3424 3601 3478 ὲκ
3634 3423 3738 3476 τῶν

2166 3514 2469 3585 Νεστορίου
2506 3514 2876 3584 βλασφημιῶν
2935 3517 3421 3586 ἔπισωρευθέντων
3456 3513 3735 3584 ῥημάτων,

2167 3605 2200 3675 ή
2234 3604 2355 3658 θεία
2406 3605 2627 3667 σύνοδος
2667 3605 2887 3659 καθεῖλε
2923 3605 3016 3658 τὸν
3073 3604 3332 3674 δυσσεϐῆ,
3377 3602 3502 3657 τάδε
3531 3601 3738 3665 λέξεσιν

2169 3698 2360 3760 αὐταῖς
2389 3698 2512 3751 κατ’
2547 3695 2714 3750 αὑτοῦ
2773 3696 3130 3767 ἀποφήνασα*
3177 3714 3194 3747 ι
3227 3695 3370 3764 ιίρδς
3413 3696 3524 3756 τοῖς
3563 3692 3738 3753 ἄλλοις

2170 3793 2311 3864 μήτε
2345 3790 2657 3846 ὑπακοῦσαι
2691 3789 3046 3860 βουληθέντος
3067 3787 3163 3842 τοῦ
3189 3787 3520 3857 τιμιωτάτου
3543 3785 3742 3838 Νεστο·

2169 3886 2288 3955 ρίου
2335 3884 2404 3952 τῇ
2435 3881 2594 3951 ήμῶν
2645 3881 2861 3950 κλήσει,
2897 3881 3034 3950 μήτε
3089 3879 3198 3949 μὴν
3238 3880 3365 3941 τοὺς
3420 3876 3552 3948 παρ’
3585 3875 3738 3946 ήμῶν

2167 3970 2576 4033 ἀποσταλέντας
2623 3970 2968 4037 ἁγιωτάτους
3003 3968 3097 4023 καὶ
3132 3968 3580 4030 θεοσεὸεστάτους
3618 3967 3739 4018 ἐπι·-

2168 4061 2406 4123 σκόπους
2435 4058 2902 4131 προσδεξαμένου,
2920 4059 3238 4127 ἀναγκαίως
3265 4059 3624 4128 ἐχωρήσαμεν
3649 4055 3739 4108 ἐπὶ

2164 4153 2264 4226 τὴν
2296 4153 2547 4219 ἐξέτασιν
2581 4153 2692 4207 τῶν
2721 4153 3168 4224 δυσσεϐηθέντων
3218 4153 3369 4223 αύτῷ
3391 4168 3404 4183 ·
3431 4151 3524 4204 καὶ
3559 4148 3742 4218 φωρά-

2167 4264 2361 4322 σαντες
2401 4248 2567 4301 αὑτὸν
2601 4247 2666 4301 ἐκ
2717 4264 2778 4301 τε
2804 4247 2913 4299 τῶν
2971 4245 3272 4300 ἐπιστολῶν
3300 4243 3465 4300 αὐτοῦ
3515 4241 3740 4296 καὶτῶν

2168 4339 2628 4412 συγγραμμάτιον
2684 4339 2796 4392 τῶν
2852 4337 2946 4392 καὶ
2999 4337 3480 4408 ἀναγνωσθέντων,
3541 4334 3740 4388 ἐκτῶν

2165 4433 2369 4502 ἀρτίως
2399 4433 2531 4503 παρ’
2553 4429 2721 4485 αὐτοῦ
2752 4430 3030 4502 ῥηθέντων
3061 4432 3202 4485 κατὰ
3236 4430 3394 4501 τήνδε
3415 4429 3513 4496 τὴν
3544 4429 3742 4498 μητρό-

477 4543 506 4579 a
545 4526 899 4592 canonibus,
960 4535 1016 4581 et
1073 4526 1413 4583 sanetissimi
1480 4525 1659 4580 Patris
1724 4526 2061 4595 collegaeque

2168 4525 2344 4591 πολιν,
2373 4525 2466 4579 καὶ
2495 4526 2635 4596 πρὸς
2688 4525 3152 4596 μαρτυρηθέντων
3181 4521 3457 4586 δυσσεϐῶς
3490 4519 3744 4590 φρονοῦν-

475 4618 650 4674 ndstri
691 4618 925 4674 Romani
961 4619 1224 4674 Ecclesia:
1262 4617 1510 4688 episcopi
1565 4616 1823 4687 epistola,
1881 4618 2062 4688 impo-

478 4711 605 4779 sita,
637 4712 731 4768 diu
754 4711 1104 4782 multumque
1137 4711 1526 4783 lacrymantes,
1554 4710 1622 4765 ad
1657 4712 1870 4766 tristem
1912 4711 2055 4766 hanc

478 4805 836 4874 pervenimus
871 4805 1222 4862 sententiam.
1253 4805 1356 4870 Qui
1401 4805 1570 4876 igitur
1597 4803 1667 4858 ab
1697 4818 1764 4858 eo
1798 4802 2056 4870 blasphe-

479 4898 605 4952 miis
637 4899 913 4968 expetitus
939 4908 1044 4962 est,
1074 4899 1344 4953 Dominus
1372 4905 1565 4952 noster
1590 4896 1750 4953 Iesus
1779 4894 2058 4960 Christus,

476 5004 576 5058 per
606 4999 935 5060 praesentem
962 5003 1210 5049 sanctam
1245 4993 1514 5064 synodum
1547 4991 1818 5058 decrevit,
1853 4988 2058 5044 Nesto-

476 5083 621 5137 rium
649 5098 680 5138 a
707 5083 973 5155 dignitate
1004 5085 1332 5157 episcopali,
1352 5095 1410 5142 et
1432 5083 1763 5142 sacerdotali
1783 5090 2061 5141 conventu

476 5177 626 5232 omni
658 5165 780 5234 esse
811 5178 1073 5236 alienum.
1111 5199 1129 5232 ι

2167 4636 2238 4674 τα
2267 4619 2364 4673 καὶ
2411 4619 2782 4689 κηρύττοντα,
2815 4619 3136 4688 ἀναγκαίως
3160 4632 3293 4670 κατε
3305 4615 3612 4684 πιιχθέντες
3636 4611 3742 4664 ἀπό

2167 4731 2227 4768 τε
2257 4713 2367 4767 τῶν
2394 4713 2662 4778 κανόνων,
2693 4713 2789 4767 καὶ
2814 4712 2915 4781 τῆς
2962 4710 3258 4780 ἐπιστολῆς
3305 4707 3402 4762 τοῦ
3433 4706 3738 4775 ἁγιωτάτου

2167 4806 2384 4878 Πατρὺς
2414 4807 2576 4878 ήμῶν
2608 4807 2703 4861 καὶ
2736 4805 3156 4874 συλλειτουργοῦ
3188 4803 3283 4858 τοῦ
3314 4803 3614 4856 ἐπισκόπου
3639 4801 3742 4867 τῆς

2183 4895 2476 4970 Ῥωμαίων
2513 4899 2867 4970 Ἐκκλησίας,
2918 4897 3291 4968 δακρύσαντες
3339 4895 3620 4956 πολλάκις,
3649 4891 3742 4944 ἐπὶ

2169 4997 2378 5064 ταύτην
2403 4995 2502 5067 τὴν
2536 4993 2872 5065 σκυθρωπὴν
2919 4993 3288 5064 ἐχωρήσαμεν
3341 4991 3636 5058 ἀπόφασιν.
3681 4985 3741 5039 Ὀ

2173 5086 2597 5158 βλασφημηθεὶς
2625 5088 2807 5140 τοίνυν
2840 5087 2968 5156 παρ’
3011 5085 3176 5140 αὑτοῦ
3219 5083 3422 5155 Κύριος
3450 5081 3605 5152 ἡμῶν
3643 5079 3744 5147 Ἰη-

2175 5175 2305 5240 σοῦς
2335 5177 2570 5247 Χριστὸς
2597 5176 2769 5249 ὥρισε
2813 5176 2902 5230 διὰ
2927 5177 3025 5247 τῆς
3065 5175 3354 5247 παρούσης
3396 5173 3557 5242 ἁγίας
3587 5169 3741 5223 συνό-

475 5277 568 5329 δου
603 5277 887 5351 ἀλλότριον
914 5274 1172 5336 εἷναιτὸν
1212 5279 1377 5333 αὐτὸν
1405 5277 1702 5348 Νεστόριον
1730 5275 1823 5332 τοῦ
1889 5288 1952 5331 τε
2019 5274 2387 5329 ὲπισκοπικοῦ
2447 5274 2767 5347 ἀξιώματος
2839 5273 2935 5328 καὶ
2964 5272 3166 5336 παντὸς
3211 5271 3470 5341 συλλόγου
3537 5271 3740 5344 ἱερατι-

476 5369 594 5425 κοῦ.
631 5386 651 5423 ι

2073 5569 2142 5592 ιδ.-
