4092 6504
470 311 609 380 1175

1708 329 1758 391 Ν
1770 329 2132 392 lCEPlIOBl
2165 276 2509 395 CALlJSTI

3596 330 3731 397 Ῑῐτϐ

466 428 676 494 tirent,
724 439 837 486 tum
896 441 1129 504 uterque
1184 434 1351 490 latam
1405 437 1678 519 adversus
1734 440 2055 498 Nestorium

2167 447 2215 500 δὲ
2247 449 2410 515 γνοὺς
2459 447 2561 519 τὴν
2607 445 2897 501 κοινωνίαν
2937 446 3019 509 είς
3056 444 3392 516 φιλονεικίαν
3425 446 3729 514 προσᾶσαν,

462 526 938 582 exauctorationis
976 529 1307 584 sententiam
1334 512 1710 597 conﬁrmaret.
1741 542 1798 588 et
1819 534 2052 589 dissidio

462 614 615 670 omni
647 616 910 673 ecclesias
959 618 1055 674 Dei
1099 614 1386 678 liberaret.
1421 622 1594 679 Porro
1628 625 1922 682 Nestorius
1958 628 2047 682 ubi

419 772 427 779 .
463 709 912 766 communionem
936 755 951 779 ,
1000 729 1124 782 quae
1149 714 1253 769 sibi
1291 731 1417 770 cum
1455 714 1670 773 Joanne
1702 719 2053 775 Antiocheno

464 801 883 865 intercesserat.
933 805 989 860 in
1047 809 1468 864 contentionem
1499 818 1554 865 et
1599 811 1891 867 dissidium
1923 828 2053 868 eva-

460 896 599 950 sisse
624 892 906 966 cognovit,
929 900 1251 969 paenitentia
1276 900 1498 969 ductus,
1518 901 1744 959 Mariam
1764 903 2051 972 Θεοτόκον,

462 986 559 1041 Dei
601 988 941 1047 Genitriccm
978 994 1239 1049 vocavit:
1286 996 1528 1060 Dicatur,
1568 998 1847 1067 inquiens,
1880 1000 2049 1054 etiam

434 1078 561 1135 'Dei
601 1081 852 1139 Genitrix
901 1086 1067 1141 Maria
1089 1129 1103 1154 ,
1137 1101 1189 1143 et
1220 1091 1608 1147 contentiones
1654 1093 1840 1147 tristes
1873 1094 2052 1148 faces-

463 1179 608 1227 sant.
663 1174 861 1228 Verum
897 1192 1059 1231 nemo
1091 1194 1319 1248 prorsus
1366 1181 1418 1235 id
1468 1197 1596 1237 eum
1646 1200 1743 1254 per
1781 1184 2055 1251 poeniten-

464 1262 599 1316 tiam
637 1264 844 1321 dixisse
889 1268 1199 1325 arbitratus
1238 1281 1342 1327 est.
1389 1273 1635 1331 Joannes
1667 1276 2053 1332 Antiochenus

461 1356 756 1427 episcopus
790 1360 1062 1443 imperiali
1094 1363 1335 1432 jussioni
1367 1366 1589 1451 cedeps,
1626 1367 1855 1422 Paulum
1894 1368 2055 1423 Eme-

463 1464 661 1503 scnum
698 1452 1018 1523 episcopum
1062 1455 1456 1513 Alexandriam
1492 1459 1562 1513 ad
1609 1460 1874 1531 Cyrillum
1924 1475 2051 1514 cum

463 1541 657 1597 libello
692 1545 865 1612 misit,
902 1547 958 1600 in
992 1562 1104 1617 quo
1133 1564 1395 1619 germana
1435 1559 1491 1605 et
1517 1551 1734 1606 sincera
1768 1552 1895 1607 ﬁdei
1926 1568 2055 1623 pro-

463 1630 653 1700 fessio,
680 1652 899 1693 necnon
927 1640 1181 1695 amicitia:
1211 1644 1546 1711 conciliatio,
1577 1653 1633 1699 et
1659 1646 2051 1701 scandalorum

467 1742 564 1782 seu
613 1728 1072 1786 oﬁ‘endiculorum
1121 1735 1371 1790 amolitio
1415 1752 1681 1807 expressa
1720 1747 1825 1793 est.
1869 1737 2053 1793 Vene-

470 1822 680 1876 randus
717 1832 902 1881 autem
950 1824 1040 1880 ille
1086 1825 1325 1899 Cyrillus
1366 1829 1559 1884 libello
1602 1842 1852 1900 accepto,
1886 1842 2055 1902 atque

472 1915 818 1981 professione
848 1916 973 1972 ﬁdei
1010 1919 1062 1973 ei
1102 1919 1311 1975 inserta
1346 1924 1725 1992 comprobata,
1758 1935 1814 1979 et
1839 1934 2057 1982 veteres

465 2019 687 2063 sanctos
708 2007 920 2076 Patres,
950 2021 1007 2067 et
1030 2015 1273 2081 seipsum
1297 2013 1372 2069 ita
1396 2014 1633 2071 sensisse
1660 2018 2010 2072 conﬁrmavit
2038 2037 2051 2085 ;

464 2112 629 2171 atque
656 2102 890 2171 cpistola
925 2119 990 2160 ea
1036 2105 1403 2162 vehementer
1427 2107 1676 2175 laudata,
1707 2107 1877 2180 516
1905 2109 2057 2164 hisce

465 2194 653 2251 verbis
670 2195 869 2253 Joanni
902 2199 1196 2270 rescripsit
1227 2219 1241 2257 :
1290 2220 1308 2253 ι
1332 2201 1609 2257 Laetentur
1637 2204 1784 2268 cmli,
1804 2203 2059 2258 etexsul-

466 2296 546 2343 tet
576 2296 744 2344 terra.
777 2288 1031 2345 Dirutum
1067 2293 1218 2347 enim
1254 2303 1340 2349 est
1375 2294 1738 2350 interstitium
1766 2296 2053 2351 maceriae:

463 2389 524 2436 et
564 2383 710 2452 quod
756 2397 1049 2439 maerorem
1102 2386 1265 2453 fecit,
1319 2387 1687 2458 conquievit:
1744 2389 2057 2459 modusque

466 2476 761 2532 discordiae
801 2479 981 2533 omnis
1041 2479 1295 2535 sublatus
1334 2490 1452 2548 est,
1493 2496 1561 2537 eo
1594 2481 1743 2552 quod
1792 2481 2056 2538 Servator

466 2568 717 2623 omnium
770 2578 1024 2624 nostrum
1068 2570 1360 2635 Christus,
1408 2573 1659 2629 ecclesiis
1694 2574 1814 2629 suis
1862 2588 2051 2643 pacem

465 2662 811 2727 conciliavit,
844 2671 899 2718 et
928 2666 996 2719 ad
1032 2679 1156 2718 eam
1186 2681 1288 2720 nos
1316 2666 1552 2735 piissimi
1580 2676 1636 2721 et
1667 2667 1760 2721 Dei
1790 2667 2058 2722 amantis-

466 2756 597 2811 simi
651 2755 934 2826 principes
994 2766 1283 2813 vocarunt.
1346 2758 1450 2826 Qui
1508 2761 1779 2831 majorum
1830 2760 2055 2831 pietatis

465 2847 816 2905 aemulatores
862 2850 1265 2928 Optimitcum
1293 2851 1398 2922 ipsi
1436 2851 1493 2906 in
1530 2860 1674 2907 statu
1714 2866 1817 2908 suo
1848 2861 2056 2908 certam

468 2948 638 3012 atque
686 2941 970 2998 immotam
1033 2954 1365 2998 conservant
1414 2943 1580 2999 ﬁdam
1636 2954 1884 3013 rectam,
1937 2956 2056 3000 tum

465 3036 803 3106 praecipuam
846 3036 915 3091 de
955 3037 1166 3092 sanctis
1193 3038 1446 3094 ecclesiis
1494 3047 1696 3107 gerunt
1738 3055 1960 3105 curam,
1998 3048 2059 3095 ut

2086 1792 2129 1846 Β

2159 540 2452 610 μεταμέλῳ
2509 539 2792 611 χρώμενος
2840 539 3105 592 Θεοτόκον
3143 539 3243 610 τὴν
3274 540 3493 610 Μαρίαν
3526 540 3732 601 ἐκάλει,

2156 633 2436 700 Λεγέσθω,
2470 631 2665 697 λέγων,
2688 632 2786 685 καὶ
2814 631 3078 695 Θεοτόκος
3105 633 3138 701 ἡ
3167 630 3379 701 Μαρία,
3408 632 3502 684 καὶ¹
3528 634 3735 685 παυσα-

2142 722 2271 777 σθω
2315 724 2383 776 τά
2411 721 2655 794 λυπηρά.
2701 721 2846 776 Ἀλλ’
2885 722 3064 784 οὐδεὶς
3099 721 3265 775 αὐτὸν
3309 720 3513 774 τοιαῦτ’
3546 723 3609 774 ὲκ
3641 737 3736 789 με·

2154 818 2376 877 τανοίας
2402 815 2634 883 λέγοντα
2656 814 2819 885 δῆθεν
2839 814 2901 868 τὸ
2938 814 3205 884 παράπαν
3244 813 3525 885 προσίετο.
3555 814 3737 866 Ἰωάν-

2155 925 2253 977 νης
2302 907 2359 961 δὲ
2406 909 2434 961 ό
2488 907 2590 975 τῆς
2653 907 2934 976 Ἀντιόχου
2965 905 3043 978 τῷ
3105 893 3373 976 βασιλικῷ
3407 904 3734 973 κελεύσματι

2156 1002 2339 1066 εἴκων,
2383 998 2593 1053 Παῦλον
2620 1000 2712 1053 τὸν
2752 1000 2990 1070 Ἐμέσης
3025 999 3328 1053 ἐπίσκοπον
3359 999 3441 1061 είς
3485 998 3734 1064 Ἀλεξάνο

2153 1094 2338 1160 δρειαν
2366 1090 2501 1161 πρὸς
2537 1090 2811 1162 Κύριλλον
2861 1091 3080 1161 ἔπεμπε
3120 1093 3328 1161 χάρτην
3363 1091 3599 1161 φέροντα
3625 1109 3637 1122 ·
3678 1092 3737 1142 ἐν

2152 1179 2197 1253 ᾧ
2225 1186 2260 1256 ἥ
2294 1202 2352 1238 τε
2388 1187 2487 1255 τῆς
2528 1184 2771 1247 πίστεως
2807 1184 3072 1254 ὁμολογία
3107 1185 3396 1247 ἁνόθευτος
3429 1185 3735 1252 ὲγκεχάρα·

2128 1271 2271 1338 \xro,
2305 1276 2399 1330 καὶ
2426 1273 2575 1341 λόγοι
2611 1274 2797 1343 φιλίας
2854 1275 2950 1328 καὶ
3001 1275 3315 1334 σκανδάλων
3356 1273 3636 1334 ἀπόθεσις.
3679 1274 3736 1325 ’0

2154 1370 2209 1423 δὲ
2241 1369 2530 1430 θεσπέσιος
2558 1368 2833 1436 Κύριλλος
2857 1368 2950 1421 τὸν
2973 1358 3186 1439 χάρτην
3211 1370 3292 1430 είς
3317 1371 3504 1438 χεῖρας
3536 1366 3735 1427 λαϐὼν,

2154 1460 2248 1513 καὶ
2282 1463 2347 1529 τῇ
2379 1460 2677 1531 ἐγκειμένη
2708 1461 2808 1526 τῆς
2843 1456 3083 1521 πίστεως
3126 1457 3390 1527 ὁμολογία
3420 1457 3733 1527 στοιχήσας,

2155 1555 2535 1611 διεϐεϐαιοῦτο
2585 1556 2784 1623 ἐπίσης
2838 1553 3042 1625 ταύτῃ,
3093 1555 3188 1607 καὶ⁴
3255 1552 3382 1615 τούς
3441 1552 3504 1605 ὲκ
3569 1551 3737 1604 πάλαι

2157 1648 2349 1716 άγίους
2378 1647 2631 1718 Πατέρας
2668 1647 3079 1717 πεφρονηκέναι
3128 1645 3221 1700 καὶ
3277 1645 3489 1699 ἑαυτόν.
3525 1645 3737 1713 Σφόδρα

2157 1741 2202 1795 δ’
2233 1742 2531 1804 ἐπαινέσας
2561 1742 2662 1812 τὴν
2700 1741 3020 1812 ἐπιστολὴν,
3061 1742 3155 1795 ἐπὶ
3181 1740 3429 1810 ῥήματος
3451 1741 3545 1792 καὶ
3578 1737 3738 1798 αὐτὸς

2157 1830 2237 1902 τῷ
2280 1832 2513 1907 Ἰωάννῃ
2572 1832 2785 1903 ἔγραφε
2846 1832 3027 1885 τοιάδε
3051 1846 3066 1862 ο
3104 1850 3124 1884 ι
3153 1829 3650 1900 Εὐφραινέσθωσαν
3687 1829 3735 1879 oi

2158 1924 2380 1995 οὐρανοὶ
2429 1924 2524 1978 καὶ
2555 1922 2912 1992 ἀγαλλιάσθω
2943 1922 2972 1993 ἦ
3004 1922 3078 1992 γῆ
3102 1940 3117 1954 ο
3153 1923 3371 1976 λέλυται
3420 1920 3525 1990 γὰρ
3551 1918 3611 1973 τδ
3644 1936 3738 1988 μευ

2161 2020 2408 2090 σότοιχον
2462 2019 2557 2072 τοῦ
2617 2018 2900 2088 φραγμοῦ,
2952 2018 3048 2071 καλ⁵
3102 2015 3379 2070 πέπαυται
3426 2014 3485 2067 τὸ
3515 2012 3735 2075 λυποῦν,

2158 2112 2251 2163 καὶ
2287 2110 2559 2180 διχονοίας
2615 2110 2820 2180 τρόπος
2855 2108 3124 2180 ἀνῄρηται
3154 2106 3357 2179 πάσης,
3396 2103 3489 2157 τοῦ
3525 2105 3739 2157 πάντων

2160 2205 2315 2275 ἡμῶν
2344 2203 2606 2273 Σωτῆρος
2633 2200 2877 2273 Χριστοῦ
2904 2203 3026 2263 ταῖς
3066 2198 3262 2254 ἑαυτοῦ
3294 2196 3612 2269 ἐκκλησίαις
3642 2195 3739 2266 τὴν

2160 2299 2384 2369 εἰρήνην
2417 2296 2825 2367 βραϐεύσαντος
2860 2312 2875 2329 ο
2928 2293 3280 2365 κεκληκότων
3331 2291 3386 2344 δὲ
3416 2291 3551 2362 πρδς
3585 2289 3740 2343 τοῦτο

2160 2391 2309 2462 ἡμᾶς
2337 2391 2431 2451 καὶ
2460 2390 2569 2444 τῶν
2593 2388 3006 2443 εὐσεϐεστάτων
3036 2387 3131 2440 καὶ
3167 2384 3607 2455 θεοφιλεστάτων
3641 2382 3739 2453 βα-

2160 2484 2379 2549 σιλέων,
2439 2483 2491 2537 οἳ
2546 2484 2884 2552 προγονικῆς
2929 2479 3215 2542 εὐσεϐείας
3251 2477 3462 2548 ἄριστοι
3508 2473 3742 2546 ζηλωταὶ

2161 2578 2471 2647 γεγονότες,
2508 2575 2727 2647 ἀπφαλῆ
2792 2575 2889 2646 μὲν
2923 2575 3021 2629 καὶ
3050 2572 3452 2643 ἀκατάσειστον
3498 2570 3552 2621 ὲν
3586 2569 3739 2631 ἰδίαις

2160 2670 2358 2741 τύχαις
2399 2670 2499 2741 τὴν
2530 2669 2699 2739 ὀρθὴν
2742 2666 3093 2737 ,φυλάττουσι
3121 2663 3330 2727 πίστιν,
3381 2660 3661 2730 ἐξαίρετον
3685 2658 3740 2710 δὲ

2163 2762 2452 2816 ποιοῦνται
2482 2761 2744 2832 φροντίδα
2773 2759 2872 2831 τὴν
2900 2757 3045 2830 ὑπὲρ
3079 2757 3185 2810 τῶν
3218 2754 3389 2825 άγίων
3413 2747 3739 2821 ἐκκλησιῶν,

2165 2853 2253 2906 ἵνα
2285 2854 2380 2907 καὶ
2413 2852 2702 2923 διαϐόητον
2731 2849 2929 2921 ἔχωσιν
2987 2848 3070 2912 είς
3102 2845 3280 2900 αἰῶνα
3312 2844 3410 2915 τὴν
3439 2841 3623 2907 δόξαν,
3649 2838 3744 2895 καὶ

2163 2947 2565 3017 εὐκλεεστάτην
2596 2944 2943 3015 ἀποφαίνωσι
2974 2941 3072 3013 τὴν
3094 2930 3627 3009 ἑαυτῶιίβασιλείαν.
3648 2929 3742 2997 Οἷς

2164 3043 2260 3096 καὶ
2288 3041 2453 3103 αὐτὸς
2505 3040 2532 3092 ὁ
2562 3037 2671 3091 τῶν
2721 3035 3010 3104 δυνάμεων
3060 3032 3266 3103 Κύριος
3328 3026 3562 3096 πλουσίᾳ
3604 3020 3746 3094 χειρὶ

468 3126 636 3181 simul
678 3135 735 3181 et
763 3128 1085 3197 prmclaram
1129 3129 1184 3183 in
1220 3143 1397 3183 aevum
1436 3129 1666 3199 gloriam
1700 3129 1961 3195 habeant,
2003 3142 2059 3185 et

2167 3136 2411 3204 διανέμει
2443 3134 2511 3186 τά
2568 3130 2752 3199 ἀγαθά
2779 3145 2792 3160 ·
2829 3129 3018 3183 δίδωσι
3062 3126 3161 3197 μὲν
3202 3123 3426 3193 κρατεῖν
3459 3119 3563 3173 τῶν
3594 3116 3747 3170 ἀνθε-

470 3234 635 3290 quam
673 3220 1096 3275 celeberrimam
1139 3221 1359 3292 imperii
1392 3226 1476 3279 sui
1515 3224 2056 3279 administrationem

468 3314 731 3370 reddant.
789 3314 1007 3381 Quibus
1069 3317 1235 3371 etiam
1290 3317 1407 3387 ipse
1466 3319 1735 3373 virtutum
1796 3322 2060 3379 Dominus

472 3421 644 3460 manu
695 3406 914 3461 liberali
957 3406 1101 3461 bona
1156 3408 1392 3463 tribuit:
1430 3410 1710 3480 simulque
1746 3411 1867 3474 dat,
1917 3418 2062 3465 utet

473 3500 812 3556 adversariis
864 3501 1177 3571 imperent,
1209 3513 1263 3557 et
1303 3502 1593 3557 victoriam
1628 3502 1700 3556 ab
1739 3504 1822 3557 eis
1864 3518 2062 3572 repor-

472 3601 616 3648 tent.
659 3592 779 3648 Non
810 3592 958 3648 enim
997 3593 1139 3649 fallit
1183 3594 1230 3648 is
1267 3595 1363 3663 qui
1396 3593 1575 3648 dicit:
1617 3593 1740 3647 Viuo
1782 3609 1896 3662 ego,
1930 3594 2065 3648 dicit

469 3685 743 3741 Dominus
789 3687 830 3752 ί,
889 3688 1145 3758 quoniam
1196 3686 1558 3757 gloriﬁcantes
1618 3701 1700 3739 me
1732 3685 2060 3757 gloriﬁcabo.

471 3775 612 3830 Cum
662 3776 832 3845 igitur
857 3776 1249 3832 Alexandriam
1298 3779 1544 3832 venisset
1587 3777 1849 3832 dominus
1884 3793 2061 3845 meus,

474 3868 763 3940 piissimus
793 3867 967 3925 frater
996 3876 1053 3924 et
1081 3869 1290 3939 collega
1324 3870 1548 3933 Paulus,
1581 3869 1752 3924 animi
1783 3871 2065 3934 voluptate

473 3974 533 4019 et
559 3963 761 4034 gaudio
798 3963 996 4032 repleti
1033 3978 1270 4019 sumus:
1304 3978 1368 4017 ac
1401 3963 1605 4017 merito
1641 3962 1888 4032 quidem,
1917 3964 2065 4033 quod

475 4064 666 4111 tantus
695 4055 910 4110 scilicet
955 4055 1039 4110 vir
1071 4063 1256 4125 partes
1296 4070 1427 4110 suas
1468 4064 1528 4110 ut
1583 4055 1854 4110 mediator
1900 4062 2071 4111 inter-

475 4159 733 4220 poneret,
768 4157 824 4204 et
854 4164 1022 4218 supra
1051 4149 1200 4205 vires
1232 4158 1447 4204 tantum
1480 4149 1731 4205 laborem
1765 4150 1967 4213 adiret,
2009 4161 2070 4206 ut

478 4242 687 4299 diaboli
736 4241 1001 4298 invidiam
1046 4251 1374 4310 superaret,
1412 4259 1476 4299 ea
1523 4258 1646 4314 quae
1694 4245 1874 4299 divisa
1908 4253 2071 4299 erant

478 4338 863 4409 eoujuugerct,
931 4345 989 4392 et
1022 4335 1254 4393 sublatis
1296 4353 1328 4393 e
1360 4337 1545 4392 medio
1592 4338 1870 4395 scandalis
1901 4347 2070 4409 atque

478 4430 871 4495 oﬁendiculis.
922 4431 1239 4487 concordiae
1283 4439 1341 4488 et
1393 4432 1549 4502 pacis
1596 4447 1801 4488 corona
1858 4441 2072 4488 vestras

2172 3227 2475 3299 στηκὸτων,
2532 3225 2823 3297 χαρίζεται
2852 3222 2909 3276 δὲ
2964 3220 3025 3273 τὸ
3076 3219 3255 3289 νικᾷν.
3286 3216 3360 3268 Οὐ
3389 3212 3497 3282 γὰρ
3537 3211 3600 3265 ἂν
3629 3209 3745 3261 δια-

2168 3322 2431 3392 ψεύσαιτο
2458 3322 2486 3375 ό
2512 3321 2719 3390 λέγων’
2755 3318 2846 3372 Ζῶ
2878 3316 3012 3388 ἐγὼ,
3047 3315 3211 3383 ,λέγει
3249 3311 3484 3377 Κύριος,
3506 3308 3591 3360 ὅτι
3610 3303 3748 3368 τοὺς

2171 3412 2535 3481 δοξάζοντάς
2552 3431 2629 3483 με
2657 3411 2924 3477 δοξάσω.
2954 3407 3321 3477 Ἀφικομένου
3350 3403 3525 3455 τοίνυν
3555 3399 3630 3454 είς
3654 3397 3749 3463 τὴν

2185 3509 2600 3579 Ἀλεξάνδρειαν
2655 3505 2751 3559 τοῦ
2799 3503 2995 3573 κυρίου
3031 3519 3136 3570 μου
3175 3497 3270 3552 τοῦ
3329 3492 3748 3549 θεοσεὸεστάτου

2175 3601 2406 3669 ἀδελφοῦ
2431 3601 2526 3655 καὶ
2562 3594 2986 3668 συλλειτουργοῦ
3020 3591 3259 3652 Παύλου,
3290 3586 3553 3657 θυμηδίας
3582 3585 3751 3653 ἐμπε-

2176 3695 2469 3766 πλήσμεθα
2497 3710 2511 3726 ο
2555 3693 2649 3746 καὶ
2671 3691 2874 3760 σφόδρα
2902 3690 3151 3749 εἰκότως,
3185 3684 3258 3747 ὡς
3290 3682 3478 3751 ἀνδρὸς
3512 3677 3750 3766 τοιούτιυ

2180 3764 2698 3857 μεσιτεύοντος,καὶ
2719 3782 2836 3843 τοῖς
2868 3779 3008 3847 ὑπὲρ
3034 3776 3267 3843 δύναμιν
3298 3764 3752 3857 πόνοιςιῗεομὲνου

2177 3848 2537 3949 προσομιλεῖν
2556 3848 2577 3908 ον
2600 3874 2690 3928 ἵνα
2740 3873 2833 3927 τὸν
2881 3870 2976 3924 τοῦ
3008 3868 3261 3923 διαϐόλου
3299 3848 3751 3934 νικῇσῃ”φθόνο·ι.

2180 3973 2275 4026 καὶ
2313 3970 2530 4041 συνάψῃ
2564 3967 2632 4021 τά
2666 3963 2999 4038 διῃρημένα,
3028 3964 3124 4015 καὶ
3153 3960 3220 4013 τὰ
3250 3956 3455 4028 μετοιξύ
3490 3950 3755 4005 σκάνδαλα

2181 4061 2473 4133 περιελὼν.
2495 4061 2721 4132 ὁμονοίᾳ
2747 4060 2842 4112 καὶ
2866 4058 3062 4128 εἰρήνῃ
3087 4052 3405 4122 στεφανώσῃ
3428 4049 3523 4111 τάς
3554 4064 3612 4099 τε
3630 4043 3756 4114 παρ’

2179 4159 2314 4228 ἡμῖν
2341 4156 2434 4211 καὶ
2464 4154 2597 4226 παρ’
2631 4154 2759 4224 ὑμῖν
2812 4149 3132 4220 ἐκκλησίας.
3166 4166 3184 4199 ι
3247 4146 3357 4199 Καὶ
3390 4142 3508 4212 μεθ’
3555 4139 3716 4208 ἔτερα
3739 4153 3753 4167 ν

2187 4270 2206 4303 ί
2251 4250 2379 4307 ’Ότι
2406 4249 2463 4302 δὲ
2494 4245 2729 4319 περιττὴ
2782 4242 3104 4308 παντελῶς,
3166 4239 3263 4292 καὶ
3294 4237 3395 4290 οὐκ
3447 4234 3757 4302 εὖάφορμος

2179 4347 2278 4415 τῆς
2317 4341 2648 4412 Ἐκκλησίας
2682 4342 2716 4409 ἠ
2765 4335 3083 4407 διχοστασίαι
3116 4333 3328 4415 γέγονε,
3378 4326 3495 4380 νυνὶ
3528 4326 3756 4415 μάλιστα

2182 4412 2752 4508 πεπληροφορὴμεθα,
2787 4428 2885 4482 τοῦ
2922 4428 3117 4499 κυρίου
3155 4412 3378 4496 μου’τοῦ
3411 4414 3756 4472 θεοσεϐεστά-

480 4525 646 4581 simul
686 4533 742 4580 et
784 4534 1007 4580 nostras
1038 4525 1434 4580 cohonestaret
1461 4523 1749 4579 ecclesias.
1791 4544 1809 4578 ι
1850 4525 1917 4579 Ει
1947 4535 2061 4595 p081

2182 4548 2274 4584 του
2318 4527 2532 4583 Παύλου
2563 4522 2658 4577 τοῦ
2699 4520 3005 4576 ἐπισκόπου
3055 4516 3270 4586 χάρτην
3324 4509 3757 4582 προκομίσαντος

481 4617 611 4672 alia.
656 4635 674 4668 ι
711 4614 872 4682 Quod
906 4630 1041 4671 vero
1087 4613 1369 4684 superﬂua
1401 4630 1628 4685 prorsus
1655 4624 1713 4669 et
1757 4616 2076 4685 importuna

478 4712 781 4775 Ecclesiae,
831 4719 1144 4780 praeterque
1195 4724 1419 4764 causam
1473 4720 1731 4780 suscepta
1791 4708 2077 4764 discordia

478 4806 691 4869 fuerit,
749 4819 903 4859 nunc
955 4803 1196 4857 maxime
1246 4802 1514 4873 certiores
1567 4804 1699 4858 facti
1749 4818 1975 4867 sumus,
2006 4818 2074 4857 ex

484 4913 598 4970 quo
653 4898 939 4969 piissimus
990 4896 1250 4952 dominus
1306 4912 1463 4953 meus
1519 4895 1726 4952 Paulus
1779 4897 2077 4967 episcopus

480 4988 731 5045 libellum
782 4994 938 5044 extra
991 4987 1287 5043 calumniae
1331 4989 1508 5043 aleam
1563 4987 1808 5057 positum
1860 4986 2072 5052 attulit,

481 5082 611 5137 ﬁdei
638 5080 1039 5152 professionem
1075 5083 1537 5151 complectentem
1565 5096 1579 5133 :
1607 5093 1771 5149 quem
1801 5094 1831 5133 a
1860 5077 2075 5133 sancti-

482 5185 599 5231 tate
645 5182 738 5230 tua
777 5184 833 5230 et
863 5173 1133 5245 piissimis
1173 5174 1341 5230 isthic
1386 5171 1666 5243 episcopis
1703 5172 2072 5241 compositum

483 5287 606 5329 esse
628 5270 1006 5328 conlirmavit.
1041 5291 1060 5324 ι
1104 5269 1354 5325 Libellus
1398 5269 1446 5324 is
1477 5268 1683 5340 quibus
1724 5270 2078 5339 conscriptus

483 5379 607 5425 crat
636 5368 858 5433 verbis,
886 5368 1138 5440 epistola!
1170 5366 1467 5437 adjunctus
1509 5366 1635 5421 fuit.
1674 5366 1847 5420 Porro
1883 5365 1950 5420 de
1983 5365 2078 5421 Dei

483 5460 787 5526 Genitrice,
821 5471 877 5516 et
908 5476 1031 5531 qua:
1060 5467 1371 5529 sequuntur
1399 5476 1411 5513 :
1448 5475 1465 5509 ι
1498 5456 1716 5513 Sanctis
1739 5458 1890 5511 hisce
1923 5458 2080 5510 voci-

487 5554 593 5609 bus
645 5554 847 5609 vestris
888 5554 1085 5616 lectis,
1125 5554 1200 5605 ita
1246 5566 1347 5606 nos
1396 5566 1620 5620 quoque
1673 5549 1823 5619 ipsos
1870 5548 2078 5604 Sentire

489 5648 826 5702 invenimus.
874 5646 1028 5702 Unus
1078 5647 1227 5699 enim
1282 5653 1368 5700 est
1416 5644 1716 5708 Dominus,
1757 5658 1867 5697 una
1918 5641 2073 5706 ﬁdes,

566 5844 577 5869 '
615 5843 630 5893 l
663 5841 793 5898 ὶὶιιςι.
832 5857 889 5897 ιι.
926 5841 1012 5894 30.

2182 4620 2531 4689 ἀδιάϐλητον,
2565 4615 2762 4687 ἔχοντα
2786 4613 2883 4682 τῆς
2919 4610 3158 4670 πίστεως
3190 4604 3288 4675 τὴν
3308 4601 3636 4672 όμολογίλνο
3668 4594 3758 4689 καὶ

2179 4686 2412 4782 ταύτην*
2433 4686 2799 4778 συντετάχθαι
2833 4695 3377 4767 διαϐεϐαιωσαμένου
3409 4690 3561 4761 παρά
3578 4705 3634 4741 τε
3664 4686 3757 4755 τῆς

2182 4808 2281 4875 σῆς
2313 4804 2617 4873 ὁσιότητος,
2667 4799 2763 4854 καὶ
2790 4796 2902 4850 τῶν
2938 4792 3131 4847 αὐτόθι
3167 4783 3757 4875 θεοσεδεστάτωνᾼὲπι-

2184 4873 2425 4951 σκόπων.
2468 4893 2623 4964 Ἔχει
2696 4890 2752 4944 δὲ
2789 4886 3029 4957 οῦτωςή
3083 4878 3398 4952 συγγραφὴ,
3448 4877 3542 4930 καὶ
3576 4873 3759 4933 αὐταῖς

2182 4989 2393 5055 λέξεσιν
2441 4986 2744 5040 ἐντέθειται
2777 4982 2904 5053 τῇδε
2961 4981 3027 5050 τῇ
3066 4975 3345 5043 ἐπιστολῇ.
3405 4972 3539 5041 Περὶ
3568 4967 3626 5018 δὲ
3664 4967 3758 5033 τῆς

2183 5082 2446 5137 Θεοτόκου
2501 5080 2595 5134 καὶ
2624 5079 2692 5131 τὶς
2726 5075 2851 5146 ἑξῆς
2877 5090 2890 5104 ·
2927 5092 2945 5124 ι
2981 5072 3220 5133 Ταύταις
3253 5066 3405 5137 ὑμῶν
3452 5064 3760 5131 ἐντυχόντες

2183 5178 2303 5240 ταῖς
2334 5176 2502 5246 ἱεραῖς
2536 5174 2762 5242 φωναῖς,
2795 5168 2940 5223 οὕτω
2969 5183 3025 5220 τε
3054 5167 3149 5219 καὶ
3180 5162 3408 5222 ἑαυτοὺς
3437 5154 3760 5229 φρονοῦντας

2184 5271 2564 5339 εῢρίσκοντες·
2626 5258 2708 5328 εἷς
2761 5263 2868 5333 γάρ
2906 5260 3135 5331 Κύριος,
3194 5258 3294 5328 μία
3324 5255 3527 5317 πίστις,
3583 5249 3639 5303 ἓν
3671 5246 3761 5317 βά-

2184 5378 2396 5431 πτιτμα
2422 5377 2436 5391 ⁸
2472 5357 2805 5427 ἓδοξάσςιμεν
2863 5355 2954 5408 τὸν
3013 5355 3120 5406 τῶν
3150 5352 3288 5406 ὅλων
3335 5345 3565 5417 Σωτῆρα
3604 5341 3755 5397 Θεὸν.

2183 5455 2432 5524 ἀλληλοις
2468 5452 2881 5527 συγχαίροντες,
2931 5451 3015 5502 δτι
3050 5449 3171 5511 ταῖς
3218 5441 3595 5502 θεοπνεύστοις
3628 5438 3758 5508 Γρα-

2184 5548 2310 5613 φαῖς
2369 5544 2461 5597 καὶ
2524 5543 2827 5615 παραδόσει
2881 5541 2991 5595 τῶν
3050 5540 3221 5592 ἁγίων
3281 5535 3542 5604 Πατέρων
3602 5529 3759 5599 ἡμῶν

2186 5638 2486 5709 συμϐαίνοι)
2500 5654 2593 5692 σαν
2618 5634 2803 5707 ἔχουσι
2837 5635 3020 5688 πίστιν
3068 5633 3206 5686 αἵτε
3240 5629 3369 5700 παρ’
3405 5629 3533 5699 ἡμῖν
3579 5626 3668 5676 καὶ
3700 5621 3761 5673 αἱ
