4092 6462
376 355 508 420 1177

1297 365 1906 428 ECCLESIIASTIC£
1949 368 2335 431 ΗΙδΤΟΒΙέΕ
2369 368 2519 431 LIB.
2558 364 2715 429 XIV.

3496 366 3632 431 1173

3303 444 3315 463 δ

372 472 503 537 παρ’
537 472 669 539 ὑμῖν
700 473 1043 544 ἐκκλησίαι.»
1094 477 1253 531 Ἀλλὰ
1286 478 1458 532 ταῦτα
1494 481 1593 549 μὲν
1642 479 1936 547 φιλοπόνως

2052 495 2220 534 unum
2274 479 2567 549 baptisma.
2603 480 2951 548 Quapropter
3005 490 3189 532 rerum
3246 475 3627 531 universarum

371 565 552 633 εὑρεῖν
584 563 704 617 ἐστι
754 565 833 633 τῷ
865 567 1199 638 βουλομένῳ,
1242 573 1354 632 τοῖς
1394 571 1696 637 τηνικαῦτα
1728 587 1942 641 πεπρα-

370 659 593 723 γμένοις
622 658 914 727 ἔπιστῆσαι
941 660 1256 730 θελήσαντι.

2051 572 2398 628 Servatorem
2454 573 2626 628 Deum
2689 571 3168 642 gloriﬁcavitnus,
3227 579 3421 623 mutuo
3470 571 3631 625 nobis

2045 664 2516 733 congratulantes,
2563 663 2711 733 quod
2750 672 3157 733 congruentem
3192 676 3318 715 cum
3364 662 3631 716 divinitus

369 748 654 819 inspiratis
699 753 1001 823 Scripturis
1060 765 1116 809 et
1164 755 1457 808 traditione
1504 765 1822 810 sanctorum
1886 755 2108 809 Patrum
2175 766 2493 812 nostrorum
2538 767 2741 812 nostrae
2806 759 2968 811 simul
3014 766 3072 811 et
3131 766 3328 812 vestrae
3382 754 3631 811 ecclesia:

370 844 605 902 habeant
639 846 857 902 ﬁdem.»
889 848 1049 919 517
1088 848 1283 904 Verum
1316 849 1430 902 haec
1460 849 1552 920 qui
1581 849 1862 919 inquirere
1898 850 2044 906 volet
2074 850 2407 919 studiosius,
2436 852 2491 907 in
2516 852 2707 924 synodi
2741 853 2864 923 ejus
2893 852 3031 907 actis
3060 852 3326 921 reperiet.

538 1048 559 1079 κ
949 1056 1196 1110 nam.
1227 1056 1367 1124 Λρτ.

366 1134 474 1197 Οἴα
527 1148 896 1216 πεπονθέναι
946 1148 1270 1215 Νεστόριος
1319 1148 1505 1213 αὐτὸς
1564 1147 1697 1216 περὶ
1724 1146 1941 1202 ἑαυτοῦ

441 1215 652 1287 γράφει
677 1231 691 1245 ·
728 1218 828 1287 καί
859 1216 940 1280 ὡς
966 1221 1054 1282 είς
1089 1220 1310 1271 Ὄασιν
1327 1220 1512 1287 μυρία
1536 1215 1691 1272 κακὰ
1714 1217 1940 1287 παθὼν,

442 1284 619 1408 téoxoc
682 1286 956 1353 σκώληξι
985 1287 1100 1356 τὴν
1165 1284 1438 1359 γλῶτταν·
1497 1288 1774 1357 βρωθεὶς,
1832 1286 1944 1341 διε-

443 1370 485 1422 φ
526 1371 662 1423 αρηο

454 1534 540 1597 Ὦς
568 1533 623 1588 δὲ
662 1532 957 1606 Νεστόριος
991 1536 1335 1604 ἐξελήλαται,
1367 1535 1422 1590 τί
1442 1555 1501 1591 τε
1534 1537 1819 1592 είσέπειτα
1844 1536 1943 1591 a6-

369 1623 448 1695 τῷ
483 1625 748 1693 ἐγεγόνει,
800 1627 947 1691 ὅπως
982 1645 1041 1680 τε
1080 1628 1175 1681 τὸν
1220 1627 1348 1698 τῇδε
1408 1627 1524 1697 βίον
1577 1625 1940 1695 κατέστρεψε,

370 1717 467 1771 καὶ
490 1717 559 1771 τά
592 1718 791 1782 ἐπάξια
819 1716 930 1771 τῶν
959 1718 1327 1790 βλασφημιῶν
1354 1718 1389 1775 ἀ
1407 1719 1936 1791 κεκλήρωταιγέρα,

369 1809 481 1871 τοῖς
515 1808 867 1879 ἱστορήσασιν
898 1812 956 1863 ὲν
984 1810 1187 1882 ἀδήλῳ·
1221 1812 1314 1865 καί
1352 1828 1416 1879 γε
1454 1811 1520 1864 ἀν
1547 1811 1576 1863 6
1620 1810 1808 1880 χρόνος
1847 1808 1943 1880 λή-

371 1895 472 1965 θης
499 1895 680 1966 βυθοίς
706 1899 1043 1969 συνεκάλυψε
1070 1899 1263 1959 ταῦτα.
1294 1903 1341 1954 εί
1373 1901 1447 1972 μὴ
1499 1900 1669 1970 βίϐλῳ
1724 1902 1940 1954 ἐκείνου

371 1991 687 2057 περιτυχεῖν
718 1989 940 2060 συνέϐη·
970 1989 1049 2059 ἐξ,
1072 1985 1141 2062 ἦς
1169 1991 1269 2061 τὴν
1310 1992 1440 2063 περὶ
1470 1991 1675 2045 τούτων
1700 1991 1943 2060 ἱστορίαν

368 2076 732 2149 ἀνελεξάμην.
759 2082 870 2134 Καὶ
902 2083 1086 2136 τοίνυν
1133 2084 1296 2148 αὐτὸς
1354 2085 1382 2137 6
1428 2084 1530 2153 τῆς
1587 2083 1942 2155 βλασφημίας

369 2169 577 2239 πατὴρ,
611 2172 640 2223 6
677 2170 753 2241 μὴ
779 2173 874 2224 ἐπὶ
896 2173 997 2243 τῆς
1032 2174 1262 2243 πέτρας,
1296 2174 1413 2229 ἀλλ’
1441 2177 1533 2227 ἐπὶ
1566 2177 1667 2246 τῆς
1704 2177 1940 2247 ψάμμου

368 2262 460 2314 τὸν
484 2263 580 2331 τῆς
602 2262 812 2317 ἐκείνου
848 2265 1084 2329 πίστεως
1104 2268 1356 2337 θεμέλιον
1381 2269 1596 2333 κτίσας,
1626 2269 1764 2337 πρός
1788 2286 1942 2331 τινας

366 2350 791 2420 διεγκαλοῦντας
836 2356 1089 2428 μὴκατὰ
1140 2360 1201 2411 τὸ
1237 2359 1356 2413 δέον
1414 2376 1467 2413 τι
1516 2360 1939 2431 καινουργῆσαι,

369 2444 495 2515 μηδ’
515 2445 608 2499 ἐπὶ
633 2449 976 2519 συμφέροντι
1008 2449 1108 2521 τὴν
1134 2451 1194 2504 ὲν
1242 2451 1455 2523 Ἐφέσῳ
1509 2452 1733 2520 αίτῆσαι
1785 2451 1941 2505 σύνο-

365 2534 477 2601 δον,
503 2537 709 2605 γράφει
737 2538 880 2611 ὑπὲρ
903 2541 1006 2606 τῆς
1031 2541 1167 2605 ἰδίας
1231 2541 1586 2612 βλασφημίας
1637 2541 1941 2609 ἀπολογού-

368 2643 554 2699 μενος,
587 2632 664 2694 ὡς
688 2631 753 2686 δι’
775 2632 1021 2703 ἀνάγκης
1053 2634 1134 2698 είς
1162 2634 1311 2687 τοῦθ’
1332 2652 1456 2706 ηκε,
1488 2636 1586 2705 τῆς
1618 2636 1777 2703 ἁγίας
1811 2636 1940 2689 Ἐκ-

366 2720 597 2793 κλησίας
630 2724 710 2787 είς
734 2723 830 2778 δύο
855 2725 1246 2795 διαιρεθείσης·
1300 2730 1395 2781 καὶ
1443 2728 1552 2781 τῶν
1582 2726 1681 2798 μὲν
1732 2727 1942 2798 ἀνθρω-

365 2814 596 2869 ποτόκον
633 2816 745 2869 δεῖν
769 2816 1031 2884 λέγεσθαι
1058 2817 1158 2888 τὴν
1188 2819 1433 2887 Μαρίαν,
1481 2818 1589 2871 τῶν
1642 2817 1699 2871 δὲ
1752 2816 1943 2871 Θεοτόο

364 2920 481 2962 κον·
506 2907 670 2961 αὐτὸν
702 2909 1192 2981 μέσην.ὲπινοῆσαι
1221 2910 1367 2978 λέξιν
1399 2912 1495 2974 τὴν
1510 2912 1937 2981 Χριστοτόκον.

365 2993 736 3064 Διαλαμϐἀνει
765 2995 821 3048 δὲ
859 2998 924 3067 τῇ
984 2997 1280 3068 ἀπολογίᾳ,
1328 2998 1403 3059 ὡς
1436 2999 1505 3051 τά
1579 2998 1681 3067 μὲν
1744 2998 1938 3069 πρῶτα

2580 1054 2810 1112 CAPUT
2848 1055 3090 1110 XXXVI.

2051 1146 2248 1213 Qualia
2279 1164 2334 1202 se
2367 1164 2583 1217 passum
2620 1164 2729 1202 esse
2770 1148 3047 1202 [Vestorius
3076 1149 3188 1217 ipse
3214 1148 3277 1201 de
3307 1163 3361 1200 se
3384 1148 3579 1201 scribat
3606 1166 3627 1215 ;

2126 1227 2257 1273 etut
2295 1220 2364 1272 ad
2390 1217 2570 1273 Oasim
2587 1218 3065 1272 innumerabilibus
3086 1218 3329 1272 toleratis
3351 1220 3625 1283 (eruentis,

2094 1298 2386 1365 Χροιςιηξηιο
2417 1303 2632 1365 cei-rosa
2663 1296 2715 1341 et
2760 1298 3077 1358 consumpta
3128 1305 3160 1342 a
3208 1289 3469 1342 vermibus
3522 1289 3625 1342 lin-

2120 1374 2248 1428 gua,
2276 1356 2561 1413 interierit.

2115 1533 2412 1603 Postquam
2450 1531 2739 1589 Nestorius
2772 1534 2984 1604 ejectus
3023 1538 3143 1600 est,
3184 1532 3318 1604 quid
3352 1542 3542 1604 postea
3573 1533 3627 1587 ei

2043 1625 2371 1695 contigerit,
2409 1633 2469 1680 ut
2501 1627 2669 1681 vitam
2711 1640 3040 1696 praesentem
3084 1626 3326 1693 ﬁnierit,
3370 1636 3427 1680 et
3464 1625 3629 1695 digna

2046 1716 2522 1786 blasphemiarum
2560 1716 2786 1786 praemia
2820 1716 3033 1781 tulerit,
3070 1716 3321 1771 historici
3359 1732 3468 1770 non
3502 1732 3630 1786 pro-

2042 1807 2329 1863 diderunt.
2365 1806 2433 1864 Et
2473 1808 2724 1879 profecto
2754 1809 2837 1864 vis
2871 1810 3136 1877 temporis
3168 1808 3470 1862 oblivionis
3501 1824 3629 1877 pro-

2042 1895 2213 1951 fundo
2245 1898 2361 1953 haec
2404 1898 2791 1961 immersisset,
2826 1897 2929 1952 nisi
2978 1898 3038 1952 in
3077 1897 3281 1952 librant
3313 1897 3439 1965 ejus
3483 1896 3625 1950 inci-

2042 1987 2278 2052 dissem,
2328 2003 2395 2043 ex
2438 2003 2548 2058 quo
2598 1988 2885 2043 historiam
2937 1988 3055 2059 ejus
3106 1987 3378 2057 decerpsi.
3435 1986 3626 2057 Itaque
3737 2002 3741 2007 ‘

2044 2079 2161 2149 ipse
2196 2079 2555 2150 blasphemiae
2603 2089 2781 2149 pater,
2808 2080 2921 2155 ’qui
2965 2096 3075 2135 non
3111 2092 3280 2149 super
3314 2088 3491 2148 petra,
3523 2078 3621 2132 sed

2044 2171 2099 2225 in
2139 2187 2307 2226 arena
2353 2171 2707 2228 fundamenta
2741 2171 2864 2226 ﬁdei
2902 2188 3015 2226 sua!
3044 2172 3305 2243 jecisset,
3341 2171 3407 2224 ad
3442 2185 3627 2240 quos-

2042 2262 2164 2319 dam
2199 2266 2292 2333 qui
2324 2263 2373 2318 ei
2404 2264 2732 2334 objecerant
2755 2306 2769 2331 ,
2810 2280 2921 2318 non
2958 2273 3110 2318 recte
3144 2264 3293 2317 illum
3330 2278 3419 2318 res
3453 2278 3622 2318 novas

2041 2355 2293 2411 molitum
2345 2370 2504 2423 esse,
2549 2371 2726 2426 neque
2769 2370 2839 2411 ex
2881 2356 3200 2426 reipublicae
3251 2356 3522 2421 utilitate,
3562 2368 3625 2411 ut

2040 2445 2242 2517 Ephesi
2299 2447 2543 2518 synodus
2597 2456 2889 2519 ageretur,
2939 2449 3200 2516 petiisse,
3237 2449 3620 2504 defensionem

2041 2539 2394 2609 blasphemiae
2438 2554 2555 2595 suae
2582 2540 2831 2609 scripsit,
2868 2538 2936 2593 ad
2967 2554 3089 2593 eam
3139 2540 3352 2595 scilicet
3381 2541 3625 2593 necessi-

2043 2641 2212 2687 tatem
2265 2646 2326 2688 se
2375 2634 2729 2703 pervenisse,
2785 2632 3032 2688 Ecclesia
3087 2641 3278 2687 sancta
3325 2633 3380 2686 in
3440 2644 3623 2704 partes

2041 2725 2180 2781 duas
2235 2725 2437 2792 scissa,
2491 2725 2772 2781 dictitans.
2823 2726 2888 2779 Et
2927 2741 3052 2781 cum
3101 2725 3192 2779 alii
3235 2725 3459 2796 quidem
3514 2727 3623 2781 tia-

2040 2817 2179 2872 riam
2216 2816 2696 2889 ⁹Δνθρωποτόκον,
2739 2816 2794 2872 id
2827 2826 2932 2883 est,
2971 2819 3214 2872 Hominis
3267 2817 3624 2873 Genitricem:

2040 2910 2131 2965 alii
2166 2918 2348 2966 autem
2391 2910 2675 2976 Θεοτόκον,
2725 2909 2830 2964 hoc
2863 2919 2977 2975 est,
3004 2909 3101 2962 Dei
3141 2908 3485 2972 Gcnitricem,
3533 2908 3623 2962 di-

2041 3003 2271 3058 cendam
2305 3010 2635 3067 assererem,
2686 3016 2747 3056 se
2782 3001 3021 3055 mediam
3052 3002 3394 3071 excogitasse
3430 3015 3623 3054 vocem

365 3084 649 3150 Θεοδόσιος
681 3088 1022 3158 προσπαθῶν
1077 3088 1248 3158 αὐτῷ,
1313 3090 1413 3159 τὴν
1465 3088 1675 3142 ἐκείνου
1730 3088 1935 3143 ἀποϐο-

2039 3092 2440 3161 Χριστοτόκον,
2471 3091 2523 3145 id
2556 3100 2673 3157 est,
2713 3091 2911 3146 Christi
2941 3092 3279 3150 Genitricem.
3327 3092 3386 3145 lu
3431 3106 3495 3145 ea
3530 3092 3626 3144 dc-

363 3177 463 3247 λὴν
511 3179 615 3233 οὐκ
655 3180 970 3251 ἐκύρωσεν,
1006 3180 1326 3235 ἐπισκόπων
1379 3181 1433 3234 δέ
1487 3198 1648 3234 τινων
1726 3180 1937 3234 ἐκεῖθεν

364 3267 667 3334 ἐλθόντων,
737 3270 819 3333 είς
884 3271 947 3324 τδ
1004 3272 1208 3325 οἰκεῖον
1281 3270 1601 3324 ἐπανελθεῖν
1667 3273 1937 3342 μοναστή-

366 3375 479 3427 ριον
542 3362 829 3432 ἐπετράπη
880 3362 908 3415 δ
973 3363 1080 3432 πρὸ
1159 3365 1259 3432 τῆς
1329 3362 1682 3427 Θεουπόλεως
1734 3365 1934 3418 ἔκειτο·

362 3452 500 3524 ὅπερ
519 3453 781 3523 ὀνομαστὶ
804 3453 1055 3525 οὐδαμῶς
1087 3456 1487 3526 ἐμνημόνευσε·
1520 3456 1589 3510 τὰ
1619 3457 1935 3526 Εὖπρεπίου

361 3543 440 3608 δὲ,
469 3543 544 3625 ᾡς
572 3545 768 3613 ἔγνων,
799 3545 1139 3618 ὠνόμασται·
1176 3548 1299 3601 δυσὶ
1354 3549 1595 3612 σταδίοις
1632 3549 1810 3619 διέχον
1837 3550 1937 3619 τῆς

363 3635 593 3700 πόλεως·
618 3638 754 3691 ὅπου
775 3638 841 3709 δὴ
872 3641 966 3692 καὶ⁵
998 3639 1267 3710 τετραετῆ
1302 3641 1462 3703 αὐτός
1510 3657 1643 3709 φησι
1687 3638 1936 3695 διανῦσαι

362 3728 456 3782 τὸν
484 3728 680 3800 χρόνον
704 3730 886 3801 πάσης
918 3733 1213 3787 ἀπολαύων
1240 3731 1442 3804 τιμῆς.
1468 3732 1705 3787 Ἔπειτα
1734 3733 1940 3802 διηγεί⁸

361 3837 475 3888 ται,
513 3821 589 3884 ὡς
617 3822 903 3877 Θεοδοσίου
947 3823 1289 3893 θεσπίσματι
1367 3824 1550 3893 φυγὰς
1595 3826 1678 3887 είς
1743 3825 1938 3877 Ὄασιν

362 3915 591 3982 γίνεται.
622 3916 695 3969 Τὸ
722 3914 780 3969 δὲ
812 3916 1028 3989 καίριον
1055 3916 1431 3987 ἀπεκρύψατο·
1457 3919 1653 3987 ὅτιπερ
1695 3917 1809 3970 οὐδ’
1844 3916 1939 3969 οὖ-

361 4024 471 4069 τως
502 4005 640 4075 ἔχων
669 4011 772 4078 τῆς
800 4007 1120 4080 βλσφημίας
1149 4010 1371 4080 ἠρέμει.
1403 4009 1512 4064 Καί
1536 4026 1661 4063 τινα
1690 4008 1736 4062 δ’
1750 4008 1939 4077 ἕτερον

360 4095 521 4165 λόγον
546 4097 902 4167 διαλογικώτε
915 4115 1007 4168 ρον
1040 4098 1180 4169 πρός
1207 4112 1334 4153 τινα
1357 4098 1657 4166 Αίγύπτιον
1708 4098 1936 4169 γράφει,

363 4190 421 4243 ὲν
443 4181 486 4257 ᾧ
508 4189 579 4243 τὰ
635 4207 701 4242 πε
713 4192 766 4260 ρὶ
790 4190 889 4252 τῆς
915 4189 997 4252 είς
1019 4189 1220 4242 Ὄασιν
1276 4190 1578 4257 φυγαδείας
1603 4188 1939 4256 πλατύτερον

360 4281 714 4352 διεξέρχεται.
749 4280 859 4335 Ναὶ
886 4280 996 4350 μὴν
1024 4281 1120 4333 καὶ
1149 4281 1208 4346 ἐξ
1232 4279 1407 4334 ἄλλων
1428 4281 1775 4351 γραμμάτων
1796 4281 1939 4333 ἑλεῖν

361 4378 507 4430 ἔστιν
538 4369 611 4427 ὧν
634 4374 723 4427 διὰ
751 4374 848 4436 τὰς
902 4372 1256 4442 βλασφημίας
1309 4372 1617 4443 ἀπήλαυσε,
1678 4372 1771 4425 τὸν
1801 4374 1940 4426 πάν-

2039 3184 2284 3239 l'ensione
2326 3182 2531 3258 refert,
2570 3183 2972 3249 Theodosium,
3006 3193 3232 3253 pmpter
3260 3184 3625 3237 commisera-

2041 3278 2273 3339 tionem,
2320 3275 2557 3344 primum
2592 3275 2952 3347 rejectionem
2998 3276 3120 3345 ejus
3160 3276 3490 3329 auctoritate
3521 3290 3620 3329 sua

2037 3385 2149 3424 non
2176 3367 2570 3434 conﬁrmasse;
2616 3368 2713 3423 ubi
2753 3368 3167 3439 verO'episcOpi
3205 3367 3431 3438 quidam
3467 3365 3620 3422 Cott-

2038 3459 2397 3527 stantinupoli
2446 3459 2768 3522 venissent,
2815 3471 2875 3513 ut
2907 3460 2962 3514 iu
3012 3459 3413 3513 monasterium
3451 3473 3615 3511 suum

2038 3560 2428 3616 reverteretur,
2454 3550 2788 3620 permissmn
2814 3552 2862 3605 ei
2898 3566 3043 3613 esse.
3074 3550 3223 3620 quod
3250 3560 3406 3604 extra
3435 3549 3620 3603 Theo-

2036 3641 2204 3712 poiim
2239 3642 2404 3696 situm
2436 3651 2541 3696 est.
2575 3642 2788 3696 Nomen
2823 3642 3046 3712 quidem
3074 3641 3222 3695 illius
3247 3657 3353 3694 non
3391 3654 3622 3708 expres-

2041 3736 2154 3789 sit:
2198 3734 2266 3788 ab
2312 3732 2597 3803 Euprepio
2635 3743 2818 3788 tamen
2866 3733 3296 3804 appellationem
3342 3732 3622 3800 accepisse

2039 3828 2166 3896 legi.
2203 3826 2409 3882 Stadiis
2447 3826 2501 3881 id
2534 3827 2752 3881 duobus
2800 3828 2870 3880 ab
2903 3826 3039 3880 urbe
3072 3840 3136 3879 ea
3169 3826 3356 3885 distat,
3396 3823 3488 3876 ubi
3522 3839 3624 3875 an-

2039 3935 2144 3973 nos
2163 3931 2401 3987 quatuor
2428 3934 2485 3974 se
2513 3920 2566 3972 in
2596 3919 2808 3973 honore
2833 3918 2983 3974 omni
3008 3918 3260 3985 exegisse
3285 3918 3380 3969 ait.
3413 3916 3620 3968 Deinde

2040 4018 2461 4071 commemorat.
2507 4019 2566 4064 ut
2600 4009 2904 4064 Theodosii
2944 4008 3232 4062 sanctione
3261 4006 3403 4076 apud
3437 4005 3620 4060 Oasim

2040 4103 2294 4157 exsulare
2325 4102 2512 4171 jussus
2545 4101 2639 4160 sit,
2673 4099 2769 4153 sed
2808 4114 3030 4153 causam
3068 4098 3247 4152 exsilii
3301 4097 3620 4166 primariam

2040 4196 2227 4250 celat:
2280 4193 2427 4261 quod
2477 4191 2735 4246 videlicet
2789 4190 2883 4243 tali
2932 4191 3100 4243 etiam
3152 4204 3334 4241 rerum
3390 4203 3616 4241 suarum

2041 4296 2188 4343 statu
2227 4301 2256 4340 a
2301 4284 2643 4354 blasphemia
2680 4297 2790 4337 non
2825 4282 3127 4336 deatiterit.
3166 4280 3349 4333 Alium
3396 4294 3620 4347 quoque

2042 4379 2252 4433 librum
2287 4376 2356 4431 ad
2388 4374 2702 4445 [Egyptium
2739 4372 3034 4442 quemdam
3076 4371 3340 4426 disertius
3373 4372 3616 4438 scripsit,

358 4480 466 4521 των
502 4465 700 4535 ἔφορον
730 4464 1012 4534 ὀφθαλμὸν
1051 4466 1127 4532 μὴ
1163 4463 1365 4518 λαθών·
1400 4462 1439 4519 ἃ
1468 4465 1602 4535 πρὸς
1658 4463 1750 4517 τὸν
1782 4480 1934 4534 την.-

2042 4471 2097 4524 in
2134 4484 2247 4540 quo
2290 4468 2360 4523 de
2403 4468 2597 4522 exsilio
2641 4467 2708 4521 ad
2743 4464 2931 4520 Oasim
2965 4463 3144 4518 fusius
3192 4463 3324 4531 agit.
3377 4463 3451 4515 Ex
3492 4463 3620 4515 aliis

360 4558 539 4614 καῢτα
596 4559 706 4610 τῶν
742 4557 998 4628 Θηϐαίων
1048 4555 1356 4628 ἡγούμενον
1390 4556 1602 4627 ἐδήλου·
1636 4555 1711 4617 ὡς
1738 4556 1928 4625 ἐπειδὴ

361 4651 439 4724 μὴ
491 4651 591 4720 τῆς
648 4649 958 4720 ἀνηκούσης
1012 4647 1411 4715 ἐπεξελεύσεως
1468 4648 1601 4717 παρ’
1626 4647 1932 4719 ἀνθρώπων

358 4741 538 4811 ἔτυχε,
568 4741 692 4810 δίκη
721 4738 857 4793 Θεοῦ
910 4736 1105 4790 τοῦτον
1151 4736 1319 4803 ἀξίως
1383 4736 1635 4806 piceum
1669 4740 1933 4807 συμφορᾷ

296 4870 308 4885 .
357 4835 454 4888 καὶ
482 4832 830 4904 αἰχμαλωσίᾳ
887 4830 1234 4902 ἐλεεινοτάτῃ
1283 4828 1679 4899 περιϐαλοῦσα·
1741 4829 1817 4892 ὡς
1869 4829 1931 4882 δὲ

358 4927 453 4981 καὶ
519 4926 780 4997 μειζόνων
846 4926 1019 4995 ἱχρῆν
1051 4926 1257 4979 ἐκεῖνον
1320 4922 1641 4977 ἀπολαῦσαι
1706 4922 1930 4985 ποινῶν,

357 5019 455 5089 τῆς
487 5018 588 5087 μὲν
609 5019 673 5069 ὲκ
694 5017 803 5070 τῶν
827 5015 1133 5085 Βλεμμύων
1172 5014 1369 5086 πείρας
1413 5015 1626 5084 ἀφίετο·
1701 5014 1934 5076 ἐκείνοις

357 5110 466 5178 γὰρ
498 5107 658 5178 ἔτυχε
692 5108 984 5179 γενόμενος
1008 5107 1372 5175 δορυάλωτος·
1397 5108 1684 5160 Θεοδοσίου
1704 5106 1751 5160 δ’
1767 5108 1936 5176 ἐγνω-

357 5200 517 5264 κότος
572 5197 743 5254 αὐτοῦ
796 5199 898 5267 τὴν
952 5192 1235 5262 ἐπάνοδον,
1290 5197 1668 5268 θεσπίσμασιν
1712 5199 1931 5250 ἐκείνου

355 5293 478 5351 ταῖς
531 5289 785 5359 Θηϐαίων
816 5290 1098 5360 ἐσχατιαῖς
1119 5289 1226 5359 γῆν
1258 5292 1325 5343 ἐκ
1379 5290 1485 5360 γῆς
1518 5288 1768 5359 ἀμείϐων
1820 5289 1930 5361 ᾔει·

356 5385 415 5436 ιν
440 5377 522 5446 οἷς
550 5384 618 5453 τῇ
645 5384 715 5453 γῇ
747 5382 1261 5453 προσρηγνύμενος,
1286 5382 1382 5435 καὶ
1411 5383 1733 5437 καταπατού
1744 5400 1929 5452 μενος,

356 5472 527 5538 ἀξίως
549 5474 646 5543 τῆς
674 5471 1028 5543 βλασφημίας
1062 5473 1157 5526 τὸν
1205 5473 1329 5544 τῇδε
1366 5473 1479 5543 βίον
1536 5472 1930 5543 κατέστρεψεν·

356 5565 517 5627 ἄλλος
548 5582 632 5629 τις
658 5566 879 5635 ’Ἄρειος
907 5568 973 5636 τῇ
1005 5565 1101 5618 τοῦ
1155 5565 1271 5638 βίου
1331 5568 1689 5636 καταστροφῇ
1794 5583 1931 5637 χρη-

361 5659 618 5728 ματίσας,
643 5653 731 5713 οἷα
758 5657 1055 5730 τάπίχειρα
1079 5660 1178 5727 τῆς
1243 5661 1323 5723 εἰς
1387 5659 1522 5713 Θεὸν
1574 5659 1927 5731 βλασφημίας

360 5750 808 5821 ἐκδιηγούμενος.
872 5751 979 5807 Καὶ
1011 5752 1118 5822 γὰρ
1150 5755 1241 5809 καὶ
1278 5755 1445 5825 ἄμφω
1464 5754 1662 5823 ἐπίσης
1688 5753 1925 5823 Χριστὸν

2033 4575 2256 4632 quoque
2317 4558 2519 4614 litteris
2567 4557 2829 4626 colligere
2876 4563 2981 4618 est,
3031 4569 3154 4623 quae
3200 4553 3341 4606 mala
3393 4561 3620 4620 propter

2035 4652 2407 4721 blasphemias
2439 4650 2664 4714 tulerit,
2694 4663 2821 4704 cum
2853 4647 3228 4716 inspectorem
3274 4659 3458 4699 rerum
3497 4660 3620 4697 om-

2033 4747 2187 4801 nium
2233 4744 2456 4799 oculum
2504 4740 2700 4796 iallere
2744 4754 2859 4793 non
2901 4738 3185 4808 potuerit,
3230 4751 3368 4805 quas
3400 4735 3620 4791 litteras

2032 4838 2101 4891 ad
2173 4835 2489 4892 Thebarum
2550 4843 2664 4889 tum
2730 4834 3055 4902 praelectum
3112 4830 3298 4894 dedit,
3364 4828 3619 4882 indicans

2033 4928 2480 4999 quandoquidem
2531 4925 2854 4980 hominibus
2905 4924 3207 4994 condignas
3261 4936 3453 4991 pmnas
3505 4936 3616 4974 tton

2036 5022 2270 5085 dederit,
2299 5020 2566 5075 divinitus
2598 5032 2658 5072 se
2678 5018 2825 5089 justa
2850 5016 3100 5071 vindicta
3126 5014 3438 5085 expetitum
3466 5027 3613 5077 esse,

2035 5125 2201 5186 atque
2247 5114 2303 5167 in
2350 5126 2656 5168 aerumnam
2706 5118 2763 5167 et
2817 5109 3198 5180 captivitatem
3241 5105 3615 5162 miserandam

2035 5206 2270 5262 maxime
2318 5203 2599 5259 incidisse.
2634 5202 2799 5274 518
2844 5201 2982 5257 Cum
3028 5216 3161 5256 vero
3205 5214 3335 5255 eum
3377 5198 3615 5267 majores

2034 5299 2377 5355 calamitates
2397 5288 2971 5366 experiri‘oporteret,
3000 5310 3065 5349 ex
3091 5302 3361 5363 potestate
3387 5290 3612 5359 quidem

2035 5391 2436 5460 Blemmyarum
2460 5388 2551 5442 ille
2574 5387 2838 5442 dimissus
2862 5397 2948 5441 est
3008 5387 3223 5471 Qeorum
3248 5383 3395 5436 enim
3432 5380 3613 5447 capti-

2035 5495 2134 5535 vus
2186 5478 2410 5547 fuerat),
2457 5476 2753 5532 Theodosii
2801 5485 3022 5536 autem,
3053 5474 3148 5543 qui
3202 5471 3433 5528 rediisse
3481 5483 3611 5523 eum

2036 5568 2401 5632 intellexerat,
2427 5566 2789 5638 jussionibus,
2825 5567 2879 5620 in
2911 5565 3179 5620 extremis
3204 5562 3604 5618 Thebanorum

2034 5662 2166 5727 oris,
2192 5660 2373 5716 locum
2401 5676 2467 5716 ex
2495 5660 2615 5714 loco
2647 5667 2886 5725 mutans,
2916 5667 3162 5715 versatus
3188 5663 3293 5713 est.
3323 5654 3424 5709 Ubi
3459 5662 3609 5708 terra

2035 5763 2199 5821 rupta
2241 5760 2531 5823 coopertus
2560 5762 2721 5821 atque
2757 5764 3078 5820 oppressus,
3123 5748 3292 5804 vitam
3329 5745 3473 5802 banc
3501 5759 3601 5814 pro
