4092 6462
336 337 466 414 1181

1247 344 1848 423 ECCLESIASTICE
1889 350 2281 424 HISTORIA!
2321 355 2469 425 Lm.
2515 349 2679 424 XIV.

3466 361 3609 422 1112

331 471 642 542 ὑπόμνησιν
676 470 831 543 παρὰ
858 473 1063 544 πατρὶς
1101 475 1238 545 πρὸς
1281 478 1398 530 υἱὸν
1429 477 1489 530 te
1547 464 1727 547 παρὸν
1755 478 1916 532 τοῦτο

2024 481 2290 553 deinceps
2331 482 2786 551 generationibus
2830 489 2886 535 et
2917 477 3179 534 aetatibus
3224 476 3428 544 tragica
3460 479 3607 532 voci‘

331 562 717 632 λογισάμενος,
773 564 1042 635 ἀνάσχου,
1082 567 1413 636 παρακαλῶ,
1471 571 1574 639 τῆς
1641 570 1700 622 ὲν
1763 569 1910 639 αὐτῷ

330 655 640 725 διηγήσεως
667 657 796 727 περὶ
817 658 1050 720 πολλῶν,
1087 658 1211 712 καθ’
1243 661 1369 713 ὅσον
1398 662 1527 731 ἐνῆν
1583 661 1913 732 γεγραμμέ-

328 764 429 815 νης
469 747 789 832 παρ’ήμῶν
839 749 1209 819 βραχυλογίας
1267 751 1457 822 οὔσης·
1517 753 1758 818 Ὀἀσεως
1813 759 1912 824 τῆς

329 840 425 892 καὶ
454 838 670 904 ΓΊσεως
745 843 810 894 ἐκ
858 843 1071 895 πολλῶν
1127 844 1322 914 πρώην
1372 846 1766 916 ἀφανισθείσης
1816 847 1912 900 τοῦ

328 933 436 986 τῶν
462 931 729 1002 Νομάδων
763 935 1004 1004 πλήθους
1056 937 1145 990 ἐπ’
1200 938 1374 1006 αὐτὴν
1426 938 1894 1009 ἀναδραμόντος.»

332 1025 438 1076 Καὶ
468 1023 588 1094 μεθ’
618 1024 802 1096 ἕτερα·
840 1043 858 1076 ‹
889 1026 1108 1081 Τούτων
1159 1027 1216 1080 δὲ
1269 1027 1443 1092 οὕτως
1479 1030 1910 1098 συμϐαινόντων,

329 1115 430 1166 οὐκ
459 1110 556 1196 οἶδέ
581 1116 645 1168 ἐκ
683 1117 846 1173 ποίας
872 1117 1132 1186 ἀφορμῆς
1163 1117 1193 1187 ἢ
1225 1118 1387 1170 ποίαν
1414 1119 1670 1188 ἀφορμὴν
1709 1118 1912 1172 λαϐού-

336 1224 438 1276 σης
492 1201 596 1277 τῆς
653 1209 754 1278 σῆς
809 1207 1512 1282 μεγαλοπρεπείας,’πρδς
1564 1211 1916 1282 ἐλεφαντίνην

331 1299 456 1352 τινὰ
481 1299 578 1368 τῆς
610 1301 866 1372 Θηϐαίων
898 1304 1174 1374 ἐπαρχίας
1218 1305 1399 1374 πέρας
1427 1304 1596 1360 οὖσαν
1643 1305 1914 1376 βαρϐαρι-

335 1393 448 1446 κῶν
473 1393 562 1447 διὰ
611 1397 964 1464 στρατιωτῶν
1001 1397 1065 1448 ὲκ
1121 1399 1223 1467 τῆς
1289 1397 1467 1460 Πανὸς
1525 1396 1914 1466 ὲπεμπόμεθα,

338 1488 628 1557 συρόμενοι
655 1488 794 1557 πρὸς
817 1488 989 1559 αὐτὴν
1027 1489 1114 1542 διὰ
1139 1490 1241 1560 τῆς
1288 1489 1701 1561 προῤῥηθείσης
1751 1507 1918 1560 στραο

333 1581 593 1648 τιωτικῆς
617 1579 893 1650 βοηθείας·
924 1581 1020 1633 καὶ
1044 1581 1123 1650 τῷ
1156 1581 1366 1634 πλείονι
1403 1581 1499 1652 τῆς
1528 1579 1650 1634 ὁδοῦ
1687 1599 1914 1650 συντρι-

336 1673 550 1737 ϐέντες,
587 1674 752 1727 πάλιν
787 1675 1038 1744 ἄγραφον
1065 1675 1166 1742 τῆς
1214 1665 1314 1744 σῆς
1343 1675 1571 1745 ἀνδρίας
1629 1674 1918 1744 καταλαμο

335 1767 572 1838 σάνομεν
591 1769 872 1839 κέλευσμα
891 1769 970 1830 είς
987 1767 1083 1836 τὴν
1108 1768 1282 1830 Πανὸς
1307 1767 1668 1838 ὑποστρέψειν
1688 1745 1919 1834 ,Συγκο-

2023 574 2219 629 feratio
2247 590 2345 630 seu
2383 575 2671 644 quiritatio
2707 572 3028 636 inva‘lescat,
3068 572 3263 625 melius
3299 587 3418 624 esse
3453 582 3512 623 ut
3546 573 3598 622 in

2022 667 2392 721 Barbarorum
2442 663 2642 737 aliquis
2689 674 2962 734 potestate
3007 665 3260 733 captivus
3293 663 3400 725 sit,
3441 680 3606 732 quam

2021 760 2087 814 ad
2134 761 2503 815 Romanorum
2561 758 2852 828 imperium
2879 758 3106 826 supplex
3133 755 3435 823 confugiat.
3477 774 3497 808 ι
3543 756 3609 808 Ει

2015 852 2330 923 juramento
2361 851 2707 922 interposito,
2739 851 3062 920 petitionem
3094 849 3255 902 talem
3284 848 3594 917 suhjnnxit:

2041 941 2267 998 «Patere
2297 958 2398 996 nos
2429 943 2520 998 hic
2554 958 2621 997 ex
2649 942 2775 997 Oasi
2809 956 3066 995 reversos
3095 955 3334 1003 manere,
3355 939 3518 994 sicuti
3553 937 3605 992 id

2024 1035 2184 1090 nobis
2237 1036 2460 1089 Barbari
2510 1035 2854 1104 permisere:
2909 1044 2968 1088 ut
3016 1047 3166 1086 nunc
3209 1033 3400 1093 etiam,
3455 1029 3605 1100 quod

2027 1127 2137 1182 Deo
2165 1127 2340 1182 visum
2361 1136 2465 1194 est,
2497 1127 2564 1180 de
2581 1128 2738 1181 nobis
2759 1125 3185 1180 constituatur.»
3237 1124 3298 1175 ln
3334 1122 3440 1175 alia
3474 1137 3604 1174 rur-

2024 1236 2145 1275 sum
2164 1221 2395 1290 epistola
2419 1219 2881 1274 adenmdemhaec
2895 1219 3123 1272 scribit:
3153 1231 3171 1266 ι
3189 1214 3315 1269 Sive
3335 1214 3600 1280 scriptum

2026 1312 2157 1375 hoc,
2187 1320 2247 1366 ut
2275 1311 2461 1375 amici,
2493 1310 2560 1365 ad
2587 1308 3049 1380 magnificentiam
3082 1315 3252 1369 tuam,
3280 1303 3604 1373 epistolam,

2025 1417 2122 1457 seu
2155 1412 2214 1456 ut
2257 1403 2430 1471 patris
2469 1401 2537 1455 ad
2587 1402 2760 1455 tilium
2797 1398 3292 1454 commonitionem
3341 1393 3602 1463 accipias,

2025 1507 2135 1546 non
2173 1492 2373 1561 rejice,
2424 1499 2475 1545 te
2524 1505 2740 1560 Quaeso,
2775 1505 2897 1559 quae
2943 1489 3000 1542 in
3041 1503 3108 1542 eo
3136 1494 3243 1551 est,
3281 1499 3440 1554 quam
3487 1482 3606 1536 ﬁeri

2027 1584 2204 1653 potuit
2232 1583 2615 1638 brevissimam
2650 1581 2718 1636 de
2756 1581 2923 1635 rebus
2959 1580 3146 1633 multis
3186 1577 3604 1632 narrationem:

2026 1691 2152 1730 cum
2187 1674 2364 1739 Oasis,
2395 1691 2514 1744 qua:
2543 1675 2709 1728 etiam
2740 1675 2846 1729 lbis
2877 1674 3022 1727 dicta
3053 1680 3160 1732 est,
3193 1668 3404 1724 dudum
3435 1684 3464 1722 a
3500 1666 3610 1721 Νο-

2029 1767 2250 1821 madum
2276 1767 2648 1829 multitudine,
2669 1768 2763 1838 qui
2792 1767 2846 1821 in
2865 1781 2985 1820 eam
3011 1771 3399 1824 excurrerunt,
3421 1772 3606 1841 vastas

337 1861 530 1922 πέντες
558 1859 615 1912 δὲ
642 1862 753 1924 τοῖς
783 1861 882 1932 τῆς
915 1863 1012 1929 σῆς
1046 1860 1358 1930 ὁδοιπορίας
1418 1859 1822 1928 συμπτώμασιν
1852 1859 1911 1911 ὲν

2024 1865 2067 1912 ta
2095 1859 2219 1912 sit.»
2256 1858 2320 1912 Et
2343 1869 2564 1928 postea:
2615 1878 2632 1910 ι
2667 1859 2790 1913 llaec
2814 1873 2937 1911 eum
2965 1857 3045 1911 sic
3069 1856 3392 1919 acciderint,
3417 1853 3609 1906 nescio

332 1951 574 2004 νοσοῦντι
596 1953 690 2004 καὶ
720 1951 1027 2020 γηράσαντι
1070 1950 1307 2021 σώματι,
1343 1952 1437 2004 καὶ
1467 1951 1566 2021 τὴν
1607 1952 1789 2021 χεῖρα,
1820 1951 1916 2003 καὶ

2024 1967 2130 2022 qua
2163 1951 2230 2006 de
2264 1965 2450 2014 causa,
2488 1961 2582 2005 aut
2615 1968 2720 2021 qua
2754 1958 2971 2020 arrepta
3005 1948 3319 2012 occasione,
3355 1944 3604 2015 magnifi-

333 2045 433 2116 τὴν
460 2044 703 2114 πλευρὰν
755 2044 1153 2116 συντριϐέντες,
1185 2044 1511 2114 ἀφικόμεθα
1534 2044 1696 2098 πάλιν
1718 2045 1796 2105 είς
1819 2043 1917 2114 τὴν

2024 2045 2202 2099 centia
2228 2054 2320 2098 tua
2346 2057 2448 2098 nos
2473 2058 2571 2113 per
2595 2043 2866 2096 Barbaros
2891 2041 3095 2095 milites
3117 2056 3180 2094 ex
3206 2038 3368 2092 Panis
3396 2035 3606 2106 Oppido

337 2138 519 2201 Πανὸς
542 2139 746 2208 τρόπον
799 2137 920 2191 τινὰ
950 2137 1430 2209 ψυχορραγοῦντες
1489 2140 1604 2200 τοῖς
1662 2131 1917 2206 συμπτὼ-

2024 2138 2088 2192 ad
2123 2136 2419 2206 quamdam
2465 2135 2829 2204 Elephantina
2862 2134 3123 2203 (1-),‘qua:
3157 2131 3434 2185 Thebana:
3471 2140 3602 2198 pro:

340 2248 527 2301 μασιν,
564 2231 646 2284 ἔτι
673 2233 787 2294 τοῖς
819 2232 928 2283 τῶν
954 2231 1267 2299 ἀλγηδόνων
1325 2230 1761 2301 μαστιγούμενοι
1812 2247 1917 2283 κα-

2024 2229 2214 2283 vinciae
2250 2229 2373 2283 finis
2418 2223 2533 2292 est’,
2568 2226 2848 2295 deportari
2894 2221 3318 2304 curaverit.,Et
3362 2235 3486 2277 cum
3532 2211 3600 2272 ad

337 2326 477 2386 κοῖς.
510 2325 733 2394 Μετῆγε
764 2323 821 2376 δὲ
879 2323 1045 2376 πάλιν
1079 2325 1228 2394 ἡμᾶς
1279 2325 1341 2376 ἐκ
1402 2323 1504 2392 τῆς
1541 2324 1719 2386 Πανὸς
1779 2321 1919 2390 πρὸς

335 2419 434 2488 τὴν
469 2419 750 2487 ὑπἀὐτὴν
775 2413 990 2489 ἐνορίαν
1026 2415 1218 2488 ἓτερον
1259 2417 1361 2486 τῆς
1421 2418 1521 2483 σῆς
1554 2417 1776 2485 ἀνδρίας
1824 2413 1918 2482 ἔγ-

336 2528 552 2582 γραφον
596 2509 896 2582 ίπτόιμενον
954 2512 1305 2581 πρόσταγμα.
1363 2510 1556 2564 Ταῦτα
1618 2508 1916 2578 στήσεσθαι

338 2606 462 2660 καθ’
492 2605 653 2678 ἡμῶν
707 2605 1098 2676 λογιζομένων,
1153 2605 1249 2657 καὶ
1295 2604 1357 2657 τὸ
1407 2605 1522 2664 τοῖς
1576 2601 1918 2664 καλλινίκοις

337 2698 620 2770 βασιλεῦσι
658 2698 789 2768 περὶ
843 2698 1005 2768 ἡμῶν
1063 2696 1256 2750 δοκοῦν
1300 2695 1708 2757 ἀναμενόντων,
1771 2693 1919 2758 ἐξαί-

335 2811 478 2864 φνης
514 2791 652 2862 πρὸς
686 2791 857 2862 ἄλλην
889 2789 1106 2860 ὲξορίαν
1137 2789 1260 2844 καθ’
1296 2789 1455 2860 ήμῶν
1507 2789 1777 2856 τετάρτην
1807 2786 1916 2840 πά-

339 2890 420 2938 λιν
437 2883 672 2952 ἀφειδῶς
701 2881 828 2937 ἄλλο
847 2881 1178 2936 συνετίθετο.
1196 2901 1214 2935 ι
1249 2882 1356 2936 Καὶ
1385 2880 1506 2952 μετ’
1523 2880 1703 2947 ὀλίγα·
1731 2897 1751 2930 r
1775 2877 1921 2931 Ἀλλ’

338 2973 642 3045 ἅρκέσθητι
670 2977 786 3037 τοῖς
815 2973 1260 3043 πεπραγμένοις,
1291 2973 1628 3043 παρακαλῶ,
1684 2972 1780 3024 καὶ
1828 2986 1919 3022 το-

337 3067 548 3127 σαύτας
569 3065 692 3118 καθ’
729 3065 850 3127 ἐνὸς
879 3065 1137 3134 σώματος
1167 3065 1384 3133 ἐξορίις
1415 3063 1644 3134 ὁρίζειν,
1691 3063 1788 3116 καὶ
1817 3064 1917 3132 τῆς

339 3159 431 3212 ἐπὶ
471 3161 582 3222 τοῖς
610 3158 896 3230 ἀναχθεῖσι
921 3157 1074 3228 παρὰ
1122 3160 1222 3226 τῆς
1272 3159 1374 3226 σῆς
1407 3156 1914 3226 μεγαλοπρεπείας·

337 3255 431 3307 καὶ
468 3253 784 3324 παρ’ήμῶν
827 3253 884 3306 δὲ
915 3252 984 3306 δι’
1017 3247 1092 3306 ὧν
1138 3253 1308 3322 ἐχρῆν
1367 3250 1746 3321 γνωρισθῆναι
1802 3250 1918 3313 τοῖς

337 3342 680 3404 καλλινίκοις
718 3343 881 3412 ἡμῶν
932 3339 1220 3410 βασιλεῦσι
1266 3341 1596 3410 δοκιμασίας
1634 3337 1914 3404 ἐπιεικῶς,

337 3436 669 3508 παρακαλῶ,
709 3433 1140 3506 παραχώρησον.
1187 3434 1227 3488 Τ
1233 3433 1376 3486 αῦτα
1409 3431 1541 3501 παρ’
1577 3431 1732 3502 ἡμῶν
1766 3431 1919 3502 παρὰ

339 3530 549 3597 πατρὶς
587 3528 662 3590 ὡς
703 3528 842 3598 πρὸς
871 3527 986 3580 υἱὸν
1019 3525 1507 3595 συμϐουλεύματα.
1544 3525 1607 3578 El
1628 3524 1684 3577 δὲ
1717 3525 1920 3590 ἀγανα-

340 3619 626 3688 κτήσειας,
663 3618 758 3669 καὶ
787 3615 881 3668 νῦν
905 3615 979 3678 ὡς
1010 3615 1298 3684 πρότερον,
1342 3614 1554 3683 πρᾶττε
1601 3613 1662 3665 τὸ
1706 3611 1916 3665 δοκοῦν·

344 3711 404 3764 ετ
436 3724 501 3778 γε
560 3709 655 3763 τοῦ
687 3707 973 3770 δοκοῦντος
999 3706 1155 3774 λόγος
1215 3705 1393 3768 οὐδεὶς
1456 3703 1850 3774 δυνατώτερος.
1895 3721 1912 3755 ι

338 3801 629 3874 Νεστόριος
664 3803 763 3871 μὲν
791 3800 883 3854 οὖν
904 3799 1051 3853 οὓτω
1075 3801 1178 3852 κάν
1219 3800 1335 3861 τοῖς
1362 3798 1658 3868 γράμμασι
1683 3795 1789 3862 πὺξ
1819 3796 1920 3862 λὰξ

337 3897 515 3960 παίει,
551 3895 746 3966 βαίνει·
799 3895 896 3948 καὶ
949 3891 1120 3963 αὐτὴν
1181 3891 1458 3961 βασίλειον
1511 3889 1787 3956 ἐξουσίαν,
1844 3888 1920 3950 ὡς

336 3991 492 4062 ὁρᾷς,
537 3986 902 4058 βλασφημῶν,
937 3985 1167 4056 μηδέπω
1196 3985 1580 4056 σωφρονήσας,
1623 3983 1920 4036 καὶταῦτα

335 4080 648 4152 τηλικαῦτα
671 4078 884 4134 παθών.
928 4079 1334 4148 Συγγράμματι
1379 4078 1436 4130 δέ
1465 4094 1608 4140 τινος
1665 4075 1920 4146 ἐντυχὸνο

336 4177 455 4241 τες,
497 4182 596 4231 καὶ
645 4179 744 4244 τὴν
799 4173 1062 4242 τελευτὴν
1118 4173 1335 4224 ἐκείνου
1388 4171 1770 4240 διηγουμένου,
1825 4169 1922 4222 καὶ

337 4266 546 4331 ταύτην
571 4269 638 4336 τῇ
685 4265 980 4333 συγγραφῇ
1010 4259 1438 4332 παραδώσομεν·
1494 4259 1648 4328 ἔλεγε
1683 4259 1792 4327 γὰρ
1845 4259 1922 4322 ὡς

337 4359 437 4430 τὴν
467 4359 720 4427 γλῶτταν
742 4353 1070 4426 διαϐρωθεὶς
1123 4353 1420 4422 σκώληξιν,
1475 4353 1568 4405 ἐπὶ
1618 4352 1690 4406 τὰ
1741 4352 1919 4422 μείζω

341 4453 436 4506 καὶ
464 4449 709 4505 ἀθάνατα
739 4447 1100 4515 κολαστήρια,
1126 4445 1226 4506 τὰς
1276 4443 1590 4512 ἀνηκούσας
1641 4442 1920 4498 ἀποτίσων

2017 2322 2162 2376 illam
2198 2337 2295 2390 per
2329 2336 2392 2374 ca
2427 2334 2549 2390 qum
2577 2319 2819 2374 diximus
2846 2318 3111 2371 militaria
3140 2315 3345 2370 auxilia
3378 2326 3601 2380 rapere-

2020 2431 2168 2480 mur,
2214 2422 2271 2470 et
2321 2414 2528 2484 majore
2565 2411 2782 2467 itineris
2831 2418 2986 2480 parte
3049 2407 3297 2465 contecta
3333 2407 3604 2475 aﬂligcre-
3695 2399 3699 2403 ’

2021 2521 2176 2567 mur,
2242 2519 2464 2559 rursum
2523 2518 2552 2557 a
2616 2501 2941 2556 fortitudine
2972 2511 3062 2554 tua
3116 2500 3420 2570 jussionem
3479 2499 3600 2552 sine

2019 2597 2228 2667 scripto
2263 2597 2599 2665 accepimus,
2640 2605 2702 2649 ut
2745 2595 2802 2648 in
2831 2593 3112 2648 civitatem
3151 2591 3321 2645 Panis
3350 2599 3599 2644 reverte-

2020 2705 2232 2745 remur.
2273 2688 2340 2742 Et
2377 2688 2617 2753 itineris,
2653 2686 2800 2757 quod
2829 2687 2989 2757 jussu
3021 2693 3119 2738 tuo
3152 2697 3598 2752 susceperamus,

2020 2783 2244 2839 casibus
2292 2781 2570 2846 conlecti,
2614 2797 2848 2851 corpore
2897 2781 3091 2834 morbo
3140 2777 3306 2833 simul
3344 2785 3398 2832 et
3445 2776 3602 2831 senio

2019 2875 2387 2936 labefactata,
2419 2888 2642 2928 necnon
2683 2887 2851 2926 manu
2888 2880 2946 2926 et
2987 2871 3164 2924 latere
3206 2868 3510 2931 convulso,
3547 2867 3602 2921 in

2021 2967 2184 3022 Panis
2213 2966 2474 3036 oppidum
2511 2966 2718 3019 reversi
2751 2979 2968 3025 sumus.
3022 2962 3186 3032 520
3234 2962 3420 3015 animo
3461 2975 3603 3030 quo-

2024 3059 2324 3114 dammodo
2355 3059 2456 3112 vite
2494 3056 2782 3111 laboribus
2805 3053 3361 3110 deﬁcientes.Adhuc
3383 3053 3601 3110 crucia-

2024 3155 2170 3210 tibus
2217 3153 2470 3208 dolorum
2518 3153 2918 3222 amigebamur,
2966 3159 3021 3204 et
3068 3149 3134 3203 ad
3186 3150 3334 3202 aliud
3379 3162 3600 3201 rursum

2021 3246 2369 3302 fortitudinis
2404 3255 2511 3300 tua:
2545 3245 2813 3300 advolans
2853 3243 3120 3313 scriptum
3155 3242 3499 3306 mandatum,
3534 3253 3603 3294 ex

2022 3336 2186 3392 Panis
2231 3337 2369 3392 urbe
2413 3337 2468 3390 in
2509 3336 2676 3390 alium
2713 3335 2944 3391 ditionis
2975 3336 3096 3405 ejus
3129 3333 3309 3388 locum
3346 3331 3602 3386 translati

2021 3443 2235 3483 sumus.
2287 3428 2521 3482 Etcum
2579 3428 2710 3482 talia
2763 3427 3036 3481 adversus
3091 3442 3194 3480 nos
3233 3425 3601 3493 conquietura

2021 3529 2379 3591 putaremus,
2429 3528 2482 3574 et
2534 3519 2667 3588 quid
2718 3519 2787 3574 de
2837 3518 2996 3572 nobis
3037 3517 3278 3571 victores
3317 3515 3600 3584 principes

2022 3623 2350 3678 statuerent,
2381 3622 2853 3682 exspectaremus,
2883 3611 3032 3665 aliud
3066 3611 3254 3665 subito
3278 3610 3397 3664 sine
3424 3608 3600 3680 gratia

2021 3707 2196 3772 omni,
2226 3707 2295 3761 de
2329 3707 2722 3775 longinquiore
2752 3705 2882 3771 alio,
2919 3714 2976 3758 et
3014 3713 3212 3774 quarto
3247 3705 3352 3774 jam
3384 3702 3600 3766 exsilio,

2023 3800 2341 3854 mandatum
2363 3799 2731 3868 compositum
2760 3807 2866 3850 est.
2901 3817 2917 3849 ι
2949 3797 3014 3850 Et
3037 3797 3200 3866 paulo
3231 3805 3389 3866 post:
3436 3813 3452 3846 ι
3493 3793 3602 3849 Sed

2022 3894 2315 3963 acquiesce
2349 3890 2569 3945 tandem
2604 3891 2658 3944 in
2698 3891 2780 3944 eis
2811 3904 2933 3959 qum
2974 3888 3116 3942 facta
3162 3896 3313 3952 sunt,
3352 3901 3506 3956 rogo,
3549 3893 3605 3938 et

2025 3994 2105 4040 tot
2134 3985 2404 4039 adversus
2451 3998 2656 4052 corpus
2691 3997 2860 4036 unum
2909 3981 3103 4035 exsilia
3153 3979 3457 4034 decernere
3507 3977 3604 4032 de-

2023 4083 2165 4140 sine,
2203 4089 2259 4132 et
2297 4089 2377 4131 tot
2407 4076 2819 4130 calamitatibus
2849 4089 2972 4132 quae
3007 4089 3038 4128 a
3071 4072 3480 4144 magniﬁcentia
3511 4081 3602 4124 tua

2025 4173 2373 4243 pertulimus,
2399 4181 2702 4226 contentus
2727 4183 2873 4225 esto.
2905 4170 2974 4223 Et
3004 4169 3166 4221 nobis
3194 4183 3296 4236 per
3328 4167 3604 4226 homines,

2022 4283 2163 4338 quos
2215 4265 2514 4330 convenit,
2577 4263 2910 4328 sententiam
2967 4263 3239 4316 victorum
3294 4260 3605 4330 principum

2024 4367 2336 4411 nostrorum
2386 4355 2675 4425 explorare
2708 4353 3044 4416 humaniter,
3081 4367 3285 4422 quaeso,
3321 4351 3603 4420 permitte.

2026 4449 2152 4505 llaec
2196 4457 2422 4513 nostra,
2459 4448 2632 4502 veluti
2671 4448 2874 4516 patris,
2919 4446 2986 4499 ad
3035 4454 3086 4499 te
3131 4456 3392 4514 tanquam
3432 4445 3604 4498 tilium

344 4545 601 4607 εὐθύνας,
673 4541 880 4594 στένων
943 4540 1038 4592 καὶ
1106 4538 1436 4607 ὀδυρόμενος
1506 4535 1917 4606 μετεχώρησεν.

2025 4541 2256 4597 consilia
2284 4549 2437 4596 sunt.
2485 4540 2582 4595 Sin
2624 4554 2689 4594 ea
2720 4538 2945 4609 indigne
2988 4538 3155 4602 feres,
3201 4547 3318 4590 tum
3357 4547 3412 4589 tu
3458 4550 3608 4589 nunc

343 4641 582 4692 Ἔπειτα
606 4635 663 4689 δὲ
693 4635 790 4688 καὶ
825 4631 1106 4693 Θεοδόσιος
1147 4630 1332 4684 θεόθεν
1403 4627 1726 4695 κινούμενος
1773 4626 1920 4680 ἁπά-

346 4746 468 4792 σαις
495 4727 698 4798 ψήφοις
729 4725 820 4780 τὸν
853 4722 1030 4793 ἀσεόῆ
1057 4721 1381 4786 κατεδίκαζε
1415 4720 1736 4792 περιϐαλὼν
1782 4722 1916 4776 dwa-

309 4871 320 4892 δ
345 4822 568 4893 θεματι,
605 4817 749 4871 οὓτω
796 4816 933 4889 πρὸς
970 4815 1116 4883 λέξιν
1147 4815 1577 4886 ἀποφηνάμενος
1631 4815 1690 4869 ἐν
1737 4813 1924 4870 διατά-

344 4916 450 4980 ξει,
491 4913 530 4985 ἢ
560 4913 626 4984 τῇ
687 4909 855 4979 βίϐλῳ
889 4907 1272 4962 ἰουστινιανοῦ
1321 4907 1593 4975 ἔγκειται·
1653 4903 1820 4971 uasta
1862 4904 1919 4958 δὲ

338 5004 400 5057 τὸ
425 5001 630 5074 βιϐλίον
658 4997 998 5069 ὠνόμασται,
1028 4997 1184 5066 τρίτη
1220 4996 1312 5049 τὸν
1363 4996 1604 5065 ἀριθμὸν
1641 4994 1736 5048 τοῦ
1766 4993 1922 5065 πρώ-

341 5111 439 5147 του
495 5090 676 5146 τίτλου
729 5093 1099 5159 τυγχάνουσα·
1135 5089 1314 5154 «Ἔτι,
1368 5087 1527 5159 φησὶ,
1583 5086 1921 5157 θεσπίζομεν

344 5187 471 5248 τοὺς
502 5184 800 5256 ζηλοῦντας
833 5182 932 5253 τὴν
957 5181 1131 5250 ἀσεϐῆ
1186 5182 1484 5251 Νεστορίου
1543 5180 1748 5245 πίστιν,
1783 5182 1816 5252 ἢ
1851 5183 1919 5252 τῇ

343 5281 593 5352 ἀθεμίτῳ
622 5279 790 5335 αὐτοῦ
821 5279 1146 5348 διδασκαλίᾳ
1197 5276 1654 5342 ἀκολουθοῦντας,
1715 5279 1764 5332 εἰ
1823 5279 1923 5347 μὲν

343 5374 640 5427 ἐπίσκοποι
665 5369 776 5428 εἶεν
808 5373 842 5443 ἢ
884 5373 1166 5444 κληρικοὶ,
1199 5374 1309 5429 τῶν
1369 5375 1686 5444 ἐκκλησιῶν
1724 5373 1926 5428 ἐκϐάλω

345 5467 558 5520 λεσθαι·
589 5467 639 5519 εί
665 5467 722 5520 δὲ
751 5466 952 5529 λαῐκοὶ,
985 5467 1517 5536 ἀναθεματίζεσθαι.
1556 5486 1574 5520 ι
1635 5467 1845 5530 Πολλὰς
1870 5468 1927 5521 δὲ

345 5561 442 5613 καὶ
474 5558 656 5623 sua;
704 5558 1031 5628 νομοθεσίας
1093 5559 1198 5628 τῆς
1242 5559 1526 5628 ἡμετέρας
1585 5559 1748 5629 χάριν
1798 5557 1930 5629 θρη-

345 5652 534 5715 σκείας
624 5650 870 5720 ἐντίθησι
944 5651 1038 5705 τὸν
1134 5653 1264 5722 περὶ
1347 5651 1586 5722 Χριστοῦ
1657 5651 1928 5723 διάπυρον

2031 4649 2254 4704 quoque
2278 4674 2292 4696 ,
2324 4633 2488 4687 sicuti
2531 4643 2692 4686 antea
2716 4675 2730 4698 ,
2765 4633 2912 4700 quod
2954 4631 3216 4701 placitum
3259 4629 3355 4683 tibi
3392 4638 3497 4693 est,
3528 4629 3608 4682 fa-

2029 4728 2143 4782 cito
2175 4743 2190 4780 :
2237 4726 2514 4795 siquidem
2549 4725 2878 4780 sententiam
2929 4734 3078 4778 tuam
3127 4725 3305 4779 oratio
3337 4724 3484 4777 nulla
3513 4724 3609 4778 ﬂc-

2031 4830 2182 4874 ctcrc
2237 4830 2332 4874 aut
2384 4819 2608 4874 vincere
2656 4828 2861 4888 potest.
2918 4837 2937 4870 ι
2994 4816 3282 4873 Ncstorius
3329 4817 3498 4886 igitur
3553 4817 3608 4871 in

2028 4911 2230 4967 litteris
2270 4924 2492 4980 quoque
2547 4909 2713 4978 ipsis,
2763 4907 2961 4978 pugnis
2994 4916 3051 4962 et
3094 4907 3342 4962 calcibus
3394 4907 3612 4977 impetit

2029 5015 2196 5074 atque
2241 5004 2503 5065 insultat.
2555 5003 2970 5072 imperatoriam
3025 5001 3197 5057 etiam
3255 5011 3608 5071 potestatem,

2027 5095 2194 5150 sicuti
2225 5095 2402 5159 vides,
2435 5095 2865 5164 blaspbemans:
2899 5103 3066 5164 atque
3099 5103 3182 5148 tot
3213 5109 3436 5164 quoque
3466 5095 3608 5148 mala

2030 5205 2260 5260 passus,
2302 5205 2413 5243 non
2461 5201 2644 5244 tamen
2689 5188 2986 5259 resipiscit.
3018 5189 3280 5245 Pervenit
3323 5190 3376 5244 in
3414 5203 3607 5242 manus

2030 5291 2182 5337 meas
2223 5283 2490 5352 scriptum
2531 5282 2846 5353 quoddam,
2893 5282 3105 5338 obitum
3135 5283 3257 5351 ejus
3297 5297 3604 5352 exponens,

2030 5392 2194 5446 quem
2237 5387 2295 5432 et
2338 5376 2522 5446 ipsum
2566 5377 2876 5432 litterarum
2924 5376 3299 5431 monumentis
3343 5378 3608 5432 mandare

2028 5470 2085 5524 in
2136 5471 2240 5525 hac
2293 5469 2525 5526 historia
2573 5471 2754 5525 visum
2808 5478 2914 5525 est.
2969 5468 3379 5525 Commemorat
3429 5475 3602 5532 enim,

2027 5562 2216 5632 lingua
2247 5563 2369 5633 ejus
2404 5577 2435 5617 a
2469 5563 2756 5618 vermibus
2790 5575 3040 5626 corrosa,
3067 5560 3519 5632 ingemiscentem
3551 5565 3610 5616 et

2028 5653 2461 5723 lamentantem,
2509 5654 2577 5710 ad
2619 5654 2826 5728 majora
2865 5660 2922 5710 et
2957 5653 3294 5724 sempiterna
3331 5651 3620 5724 supplicis

421 5838 496 5908 (t)
539 5836 902 5907 Elephantina
950 5837 1054 5892 8'20
1093 5837 1286 5892 statuis
1329 5853 1359 5893 a
1424 5837 1629 5894 Thebis
1662 5837 1930 5907 Egvntiis
1971 5839 2161 5896 distat.
