  <div class='ocr_page' id='page_1' title='image "/cluster/home/n/w/nwhite01/storage/ocr_20150623/146:no.2/coo.31924054870518/599.png"; bbox 0 0 4092 6500; ppageno 0'>
   <div class='ocr_carea' id='block_1_1' title="bbox 495 380 666 439">
    <p class='ocr_par' dir='ltr' id='par_1_1' title="bbox 495 380 666 439">
     <span class='ocr_line' id='line_1_1' title="bbox 495 380 666 439; baseline -0.006 0"><span class='ocrx_word' id='word_1_1' title='bbox 495 380 666 439; x_wconf 70' lang='grc' dir='ltr'><strong>’1ὶὸἷί</strong></span> 
     </span>
    </p>
   </div>
   <div class='ocr_carea' id='block_1_2' title="bbox 1759 368 2566 438">
    <p class='ocr_par' dir='ltr' id='par_1_2' title="bbox 1759 368 2566 438">
     <span class='ocr_line' id='line_1_2' title="bbox 1759 368 2566 438; baseline 0.004 -5"><span class='ocrx_word' id='word_1_2' title='bbox 1759 368 2171 438; x_wconf 66' lang='lat' dir='ltr'><strong>NICEPHON</strong></span> <span class='ocrx_word' id='word_1_3' title='bbox 2221 373 2566 438; x_wconf 62' lang='lat' dir='ltr'><strong>CALLISTI</strong></span> 
     </span>
    </p>
   </div>
   <div class='ocr_carea' id='block_1_3' title="bbox 3656 369 3773 437">
    <p class='ocr_par' dir='ltr' id='par_1_3' title="bbox 3656 369 3773 437">
     <span class='ocr_line' id='line_1_3' title="bbox 3656 369 3773 437; baseline 0.017 -2"><span class='ocrx_word' id='word_1_4' title='bbox 3656 369 3773 437; x_wconf 64' lang='lat' dir='ltr'><strong>list</strong></span> 
     </span>
    </p>
   </div>
   <div class='ocr_carea' id='block_1_4' title="bbox 524 490 2126 565">
    <p class='ocr_par' dir='ltr' id='par_1_4' title="bbox 524 491 2120 563">
     <span class='ocr_line' id='line_1_4' title="bbox 524 491 2120 563; baseline 0.001 -15"><span class='ocrx_word' id='word_1_5' title='bbox 524 511 651 548; x_wconf 84' lang='lat' dir='ltr'><strong>eum</strong></span> <span class='ocrx_word' id='word_1_6' title='bbox 689 509 880 561; x_wconf 73' lang='lat' dir='ltr'><strong>pmnas</strong></span> <span class='ocrx_word' id='word_1_7' title='bbox 903 491 1119 548; x_wconf 79' lang='lat' dir='ltr'><strong>debitas</strong></span> <span class='ocrx_word' id='word_1_8' title='bbox 1149 493 1462 548; x_wconf 89' lang='lat' dir='ltr'><strong>soluturum</strong></span> <span class='ocrx_word' id='word_1_9' title='bbox 1500 492 1790 563; x_wconf 79' lang='lat' dir='ltr'><strong>migrasse.</strong></span> <span class='ocrx_word' id='word_1_10' title='bbox 1821 495 2030 549; x_wconf 83' lang='lat' dir='ltr'><strong>Deinde</strong></span> <span class='ocrx_word' id='word_1_11' title='bbox 2065 507 2120 549; x_wconf 88' lang='lat' dir='ltr'><strong>et</strong></span> 
     </span>
    </p>
   </div>
   <div class='ocr_carea' id='block_1_5' title="bbox 2235 490 3778 565">
    <p class='ocr_par' dir='ltr' id='par_1_5' title="bbox 2235 490 3778 565">
     <span class='ocr_line' id='line_1_5' title="bbox 2235 490 3778 565; baseline 0 -17"><span class='ocrx_word' id='word_1_12' title='bbox 2235 496 2437 548; x_wconf 65' lang='grc' dir='ltr'>ἐκείνου</span> <span class='ocrx_word' id='word_1_13' title='bbox 2518 494 2685 562; x_wconf 83' lang='grc' dir='ltr'>ζῆλον</span> <span class='ocrx_word' id='word_1_14' title='bbox 2755 491 3171 564; x_wconf 76' lang='grc' dir='ltr'>διαφαινούσας.</span> <span class='ocrx_word' id='word_1_15' title='bbox 3245 490 3503 547; x_wconf 81' lang='grc' dir='ltr'>Τοιοῦτον</span> <span class='ocrx_word' id='word_1_16' title='bbox 3560 496 3654 563; x_wconf 80' lang='grc' dir='ltr'>μὲν</span> <span class='ocrx_word' id='word_1_17' title='bbox 3709 498 3778 565; x_wconf 81' lang='grc' dir='ltr'>τῷ</span> 
     </span>
    </p>
   </div>
   <div class='ocr_carea' id='block_1_6' title="bbox 527 585 2117 650">
    <p class='ocr_par' dir='ltr' id='par_1_6' title="bbox 527 585 2117 650">
     <span class='ocr_line' id='line_1_6' title="bbox 527 585 2117 650; baseline 0.001 -10"><span class='ocrx_word' id='word_1_18' title='bbox 527 585 874 641; x_wconf 68' lang='lat' dir='ltr'><strong>Theodosius</strong></span> <span class='ocrx_word' id='word_1_19' title='bbox 910 586 1097 639; x_wconf 87' lang='lat' dir='ltr'><strong>divino</strong></span> <span class='ocrx_word' id='word_1_20' title='bbox 1149 596 1285 640; x_wconf 86' lang='lat' dir='ltr'><strong>nutu</strong></span> <span class='ocrx_word' id='word_1_21' title='bbox 1333 593 1679 650; x_wconf 87' lang='lat' dir='ltr'><strong>commotus,</strong></span> <span class='ocrx_word' id='word_1_22' title='bbox 1726 586 2021 642; x_wconf 86' lang='lat' dir='ltr'><strong>sententiis</strong></span> <span class='ocrx_word' id='word_1_23' title='bbox 2060 596 2117 641; x_wconf 87' lang='lat' dir='ltr'><strong>ct</strong></span> 
     </span>
    </p>
   </div>
   <div class='ocr_carea' id='block_1_7' title="bbox 526 679 2116 751">
    <p class='ocr_par' dir='ltr' id='par_1_7' title="bbox 526 679 2116 751">
     <span class='ocr_line' id='line_1_7' title="bbox 526 679 2116 751; baseline 0.003 -20"><span class='ocrx_word' id='word_1_24' title='bbox 526 680 754 733; x_wconf 87' lang='lat' dir='ltr'><strong>calculis</strong></span> <span class='ocrx_word' id='word_1_25' title='bbox 789 680 1072 742; x_wconf 87' lang='lat' dir='ltr'><strong>omnibus,</strong></span> <span class='ocrx_word' id='word_1_26' title='bbox 1106 680 1338 749; x_wconf 90' lang='lat' dir='ltr'><strong>impium</strong></span> <span class='ocrx_word' id='word_1_27' title='bbox 1380 679 1532 733; x_wconf 87' lang='lat' dir='ltr'><strong>illum</strong></span> <span class='ocrx_word' id='word_1_28' title='bbox 1570 680 1928 736; x_wconf 74' lang='lat' dir='ltr'><strong>anathemate</strong></span> <span class='ocrx_word' id='word_1_29' title='bbox 1953 682 2116 751; x_wconf 82' lang='lat' dir='ltr'><strong>jugu-</strong></span> 
     </span>
    </p>
   </div>
   <div class='ocr_carea' id='block_1_8' title="bbox 526 766 2116 838">
    <p class='ocr_par' dir='ltr' id='par_1_8' title="bbox 526 766 2116 838">
     <span class='ocr_line' id='line_1_8' title="bbox 526 766 2116 838; baseline 0.004 -14"><span class='ocrx_word' id='word_1_30' title='bbox 526 766 696 826; x_wconf 80' lang='lat' dir='ltr'><strong>latut’u</strong></span> <span class='ocrx_word' id='word_1_31' title='bbox 737 771 1165 838; x_wconf 89' lang='lat' dir='ltr'><strong>condemnavit,</strong></span> <span class='ocrx_word' id='word_1_32' title='bbox 1204 773 1361 828; x_wconf 91' lang='lat' dir='ltr'><strong>hisce</strong></span> <span class='ocrx_word' id='word_1_33' title='bbox 1408 772 1593 827; x_wconf 84' lang='lat' dir='ltr'><strong>verbis</strong></span> <span class='ocrx_word' id='word_1_34' title='bbox 1623 774 1678 828; x_wconf 91' lang='lat' dir='ltr'><strong>in</strong></span> <span class='ocrx_word' id='word_1_35' title='bbox 1711 775 2116 831; x_wconf 87' lang='lat' dir='ltr'><strong>constitutione</strong></span> 
     </span>
    </p>
   </div>
   <div class='ocr_carea' id='block_1_9' title="bbox 526 865 2113 938">
    <p class='ocr_par' dir='ltr' id='par_1_9' title="bbox 526 865 2113 938">
     <span class='ocr_line' id='line_1_9' title="bbox 526 865 2113 938; baseline 0.006 -26"><span class='ocrx_word' id='word_1_36' title='bbox 526 868 660 919; x_wconf 78' lang='lat' dir='ltr'><strong>uSus</strong></span> <span class='ocrx_word' id='word_1_37' title='bbox 691 867 798 933; x_wconf 82' lang='grc' dir='ltr'>(ἰ),</span> <span class='ocrx_word' id='word_1_38' title='bbox 853 880 977 934; x_wconf 69' lang='lat' dir='ltr'><strong>qua:</strong></span> <span class='ocrx_word' id='word_1_39' title='bbox 1026 865 1325 920; x_wconf 69' lang='lat' dir='ltr'><strong>Iustiniani</strong></span> <span class='ocrx_word' id='word_1_40' title='bbox 1376 866 1686 933; x_wconf 85' lang='lat' dir='ltr'><strong>volumini,</strong></span> <span class='ocrx_word' id='word_1_41' title='bbox 1735 867 1880 938; x_wconf 87' lang='lat' dir='ltr'><strong>quod</strong></span> <span class='ocrx_word' id='word_1_42' title='bbox 1928 866 2113 923; x_wconf 81' lang='lat' dir='ltr'><strong>Codex</strong></span> 
     </span>
    </p>
   </div>
   <div class='ocr_carea' id='block_1_10' title="bbox 525 955 2112 1027">
    <p class='ocr_par' dir='ltr' id='par_1_10' title="bbox 525 955 2112 1027">
     <span class='ocr_line' id='line_1_10' title="bbox 525 955 2112 1027; baseline 0.001 -17"><span class='ocrx_word' id='word_1_43' title='bbox 525 956 885 1022; x_wconf 80' lang='lat' dir='ltr'><strong>nominatur,</strong></span> <span class='ocrx_word' id='word_1_44' title='bbox 926 956 1134 1010; x_wconf 89' lang='lat' dir='ltr'><strong>inserta</strong></span> <span class='ocrx_word' id='word_1_45' title='bbox 1170 964 1293 1018; x_wconf 89' lang='lat' dir='ltr'><strong>est,</strong></span> <span class='ocrx_word' id='word_1_46' title='bbox 1333 955 1503 1010; x_wconf 86' lang='lat' dir='ltr'><strong>tertia</strong></span> <span class='ocrx_word' id='word_1_47' title='bbox 1540 971 1796 1021; x_wconf 89' lang='lat' dir='ltr'><strong>numero,</strong></span> <span class='ocrx_word' id='word_1_48' title='bbox 1843 957 1898 1010; x_wconf 90' lang='lat' dir='ltr'><strong>in</strong></span> <span class='ocrx_word' id='word_1_49' title='bbox 1934 957 2112 1027; x_wconf 87' lang='lat' dir='ltr'><strong>primo</strong></span> 
     </span>
    </p>
   </div>
   <div class='ocr_carea' id='block_1_11' title="bbox 524 1048 2110 1119">
    <p class='ocr_par' dir='ltr' id='par_1_11' title="bbox 524 1048 2110 1119">
     <span class='ocr_line' id='line_1_11' title="bbox 524 1048 2110 1119; baseline 0.001 -18"><span class='ocrx_word' id='word_1_50' title='bbox 524 1049 685 1117; x_wconf 83' lang='lat' dir='ltr'><strong>primi</strong></span> <span class='ocrx_word' id='word_1_51' title='bbox 736 1048 864 1103; x_wconf 87' lang='lat' dir='ltr'><strong>libri</strong></span> <span class='ocrx_word' id='word_1_52' title='bbox 918 1048 1105 1104; x_wconf 85' lang='lat' dir='ltr'><strong>titulo.</strong></span> <span class='ocrx_word' id='word_1_53' title='bbox 1149 1066 1168 1100; x_wconf 78' lang='grc' dir='ltr'><strong>ι</strong></span> <span class='ocrx_word' id='word_1_54' title='bbox 1208 1048 1517 1113; x_wconf 68' lang='lat' dir='ltr'><strong>Praeterea,</strong></span> <span class='ocrx_word' id='word_1_55' title='bbox 1557 1048 1771 1119; x_wconf 88' lang='lat' dir='ltr'><strong>inquit,</strong></span> <span class='ocrx_word' id='word_1_56' title='bbox 1807 1049 2110 1113; x_wconf 83' lang='lat' dir='ltr'><strong>sancimus,</strong></span> 
     </span>
    </p>
   </div>
   <div class='ocr_carea' id='block_1_12' title="bbox 523 1140 2116 1210">
    <p class='ocr_par' dir='ltr' id='par_1_12' title="bbox 523 1140 2116 1210">
     <span class='ocr_line' id='line_1_12' title="bbox 523 1140 2116 1210; baseline 0 -15"><span class='ocrx_word' id='word_1_57' title='bbox 523 1142 617 1210; x_wconf 91' lang='lat' dir='ltr'><strong>qui</strong></span> <span class='ocrx_word' id='word_1_58' title='bbox 664 1141 887 1207; x_wconf 75' lang='lat' dir='ltr'><strong>impiam</strong></span> <span class='ocrx_word' id='word_1_59' title='bbox 934 1141 1180 1197; x_wconf 84' lang='lat' dir='ltr'><strong>Nestorii</strong></span> <span class='ocrx_word' id='word_1_60' title='bbox 1230 1142 1389 1196; x_wconf 77' lang='lat' dir='ltr'><strong>[idem</strong></span> <span class='ocrx_word' id='word_1_61' title='bbox 1437 1140 1791 1205; x_wconf 74' lang='lat' dir='ltr'><strong>aemulantur,</strong></span> <span class='ocrx_word' id='word_1_62' title='bbox 1824 1148 1919 1194; x_wconf 89' lang='lat' dir='ltr'><strong>aut</strong></span> <span class='ocrx_word' id='word_1_63' title='bbox 1963 1140 2116 1195; x_wconf 77' lang='lat' dir='ltr'><strong>neta-</strong></span> 
     </span>
    </p>
   </div>
   <div class='ocr_carea' id='block_1_13' title="bbox 523 1233 2116 1306">
    <p class='ocr_par' dir='ltr' id='par_1_13' title="bbox 523 1233 2116 1306">
     <span class='ocr_line' id='line_1_13' title="bbox 523 1233 2116 1306; baseline -0.001 -18"><span class='ocrx_word' id='word_1_64' title='bbox 523 1236 663 1289; x_wconf 85' lang='lat' dir='ltr'><strong>riam</strong></span> <span class='ocrx_word' id='word_1_65' title='bbox 698 1236 822 1303; x_wconf 88' lang='lat' dir='ltr'><strong>ejus</strong></span> <span class='ocrx_word' id='word_1_66' title='bbox 852 1235 1165 1290; x_wconf 86' lang='lat' dir='ltr'><strong>doetrinam</strong></span> <span class='ocrx_word' id='word_1_67' title='bbox 1214 1243 1552 1306; x_wconf 87' lang='lat' dir='ltr'><strong>sequuntur.</strong></span> <span class='ocrx_word' id='word_1_68' title='bbox 1583 1245 1644 1288; x_wconf 92' lang='lat' dir='ltr'><strong>ut</strong></span> <span class='ocrx_word' id='word_1_69' title='bbox 1674 1233 1947 1304; x_wconf 83' lang='lat' dir='ltr'><strong>siquidem</strong></span> <span class='ocrx_word' id='word_1_70' title='bbox 1992 1234 2116 1304; x_wconf 88' lang='lat' dir='ltr'><strong>epi-</strong></span> 
     </span>
    </p>
   </div>
   <div class='ocr_carea' id='block_1_14' title="bbox 524 1326 2110 1399">
    <p class='ocr_par' dir='ltr' id='par_1_14' title="bbox 524 1326 2110 1399">
     <span class='ocr_line' id='line_1_14' title="bbox 524 1326 2110 1399; baseline -0.003 -15"><span class='ocrx_word' id='word_1_71' title='bbox 524 1329 677 1399; x_wconf 87' lang='lat' dir='ltr'><strong>scopi</strong></span> <span class='ocrx_word' id='word_1_72' title='bbox 722 1329 872 1394; x_wconf 87' lang='lat' dir='ltr'><strong>sint,</strong></span> <span class='ocrx_word' id='word_1_73' title='bbox 927 1338 1022 1383; x_wconf 90' lang='lat' dir='ltr'><strong>aut</strong></span> <span class='ocrx_word' id='word_1_74' title='bbox 1073 1328 1297 1394; x_wconf 85' lang='lat' dir='ltr'><strong>clerici,</strong></span> <span class='ocrx_word' id='word_1_75' title='bbox 1340 1327 1597 1383; x_wconf 83' lang='lat' dir='ltr'><strong>ecclesiis</strong></span> <span class='ocrx_word' id='word_1_76' title='bbox 1652 1326 2110 1398; x_wconf 79' lang='lat' dir='ltr'><strong>ejicianturzsia</strong></span> 
     </span>
    </p>
   </div>
   <div class='ocr_carea' id='block_1_15' title="bbox 524 1419 2110 1492">
    <p class='ocr_par' dir='ltr' id='par_1_15' title="bbox 524 1419 2110 1492">
     <span class='ocr_line' id='line_1_15' title="bbox 524 1419 2110 1492; baseline -0.004 -14"><span class='ocrx_word' id='word_1_77' title='bbox 524 1438 657 1478; x_wconf 83' lang='lat' dir='ltr'><strong>vero</strong></span> <span class='ocrx_word' id='word_1_78' title='bbox 703 1422 829 1477; x_wconf 83' lang='lat' dir='ltr'><strong>laici</strong></span> <span class='ocrx_word' id='word_1_79' title='bbox 878 1430 934 1477; x_wconf 91' lang='lat' dir='ltr'><strong>et</strong></span> <span class='ocrx_word' id='word_1_80' title='bbox 983 1422 1318 1492; x_wconf 78' lang='lat' dir='ltr'><strong>populares,</strong></span> <span class='ocrx_word' id='word_1_81' title='bbox 1362 1421 1713 1475; x_wconf 86' lang='lat' dir='ltr'><strong>anathemate</strong></span> <span class='ocrx_word' id='word_1_82' title='bbox 1760 1419 2051 1475; x_wconf 79' lang='lat' dir='ltr'><strong>feriantur.</strong></span> <span class='ocrx_word' id='word_1_83' title='bbox 2092 1439 2110 1472; x_wconf 72' lang='grc' dir='ltr'><strong>ι</strong></span> 
     </span>
    </p>
   </div>
   <div class='ocr_carea' id='block_1_16' title="bbox 2248 584 3783 661">
    <p class='ocr_par' dir='ltr' id='par_1_16' title="bbox 2248 584 3783 661">
     <span class='ocr_line' id='line_1_16' title="bbox 2248 584 3783 661; baseline 0 -21"><span class='ocrx_word' id='word_1_84' title='bbox 2248 586 2506 641; x_wconf 80' lang='grc' dir='ltr'>δυσσεϐεῖ</span> <span class='ocrx_word' id='word_1_85' title='bbox 2563 584 2846 657; x_wconf 82' lang='grc' dir='ltr'>Νεστορίῳ</span> <span class='ocrx_word' id='word_1_86' title='bbox 2905 586 2967 640; x_wconf 85' lang='grc' dir='ltr'><strong>τὸ</strong></span> <span class='ocrx_word' id='word_1_87' title='bbox 3030 586 3206 651; x_wconf 80' lang='grc' dir='ltr'><strong>τέλος,</strong></span> <span class='ocrx_word' id='word_1_88' title='bbox 3260 588 3357 642; x_wconf 73' lang='grc' dir='ltr'><strong>καὶ</strong></span> <span class='ocrx_word' id='word_1_89' title='bbox 3405 586 3472 640; x_wconf 82' lang='grc' dir='ltr'>τὰ</span> <span class='ocrx_word' id='word_1_90' title='bbox 3499 587 3594 657; x_wconf 77' lang='grc' dir='ltr'>τῆς</span> <span class='ocrx_word' id='word_1_91' title='bbox 3645 590 3783 661; x_wconf 83' lang='grc' dir='ltr'>εἰρη-</span> 
     </span>
    </p>
   </div>
   <div class='ocr_carea' id='block_1_17' title="bbox 2228 677 3779 750">
    <p class='ocr_par' dir='ltr' id='par_1_17' title="bbox 2228 677 3779 750">
     <span class='ocr_line' id='line_1_17' title="bbox 2228 677 3779 750; baseline 0.001 -19"><span class='ocrx_word' id='word_1_92' title='bbox 2228 679 2403 750; x_wconf 81' lang='grc' dir='ltr'>μένης</span> <span class='ocrx_word' id='word_1_93' title='bbox 2475 679 2670 750; x_wconf 81' lang='grc' dir='ltr'><strong>τρίτης</strong></span> <span class='ocrx_word' id='word_1_94' title='bbox 2739 680 2799 732; x_wconf 81' lang='grc' dir='ltr'>ὲν</span> <span class='ocrx_word' id='word_1_95' title='bbox 2848 677 3064 750; x_wconf 81' lang='grc' dir='ltr'>Ἐφέσῳ</span> <span class='ocrx_word' id='word_1_96' title='bbox 3115 678 3503 748; x_wconf 78' lang='grc' dir='ltr'>οἰκουμενικῆς</span> <span class='ocrx_word' id='word_1_97' title='bbox 3576 679 3779 734; x_wconf 81' lang='grc' dir='ltr'>συνόδου</span> 
     </span>
    </p>
   </div>
   <div class='ocr_carea' id='block_1_18' title="bbox 2222 770 3784 843">
    <p class='ocr_par' dir='ltr' id='par_1_18' title="bbox 2222 770 3784 843">
     <span class='ocr_line' id='line_1_18' title="bbox 2222 770 3784 843; baseline 0.001 -19"><span class='ocrx_word' id='word_1_98' title='bbox 2222 770 2367 824; x_wconf 79' lang='grc' dir='ltr'>οὕτω</span> <span class='ocrx_word' id='word_1_99' title='bbox 2399 772 2706 843; x_wconf 75' lang='grc' dir='ltr'><strong>συνηνέχθη</strong></span> <span class='ocrx_word' id='word_1_100' title='bbox 2740 772 3022 841; x_wconf 79' lang='grc' dir='ltr'>γενέσθαι’</span> <span class='ocrx_word' id='word_1_101' title='bbox 3081 773 3220 841; x_wconf 84' lang='grc' dir='ltr'>μετὰ</span> <span class='ocrx_word' id='word_1_102' title='bbox 3244 771 3301 824; x_wconf 83' lang='grc' dir='ltr'><strong>δὲ</strong></span> <span class='ocrx_word' id='word_1_103' title='bbox 3323 772 3424 841; x_wconf 80' lang='grc' dir='ltr'>τὴν</span> <span class='ocrx_word' id='word_1_104' title='bbox 3449 771 3543 827; x_wconf 82' lang='grc' dir='ltr'>τοῦ</span> <span class='ocrx_word' id='word_1_105' title='bbox 3570 773 3784 826; x_wconf 82' lang='grc' dir='ltr'>ἀλάστο-</span> 
     </span>
    </p>
   </div>
   <div class='ocr_carea' id='block_1_19' title="bbox 2226 863 3779 937">
    <p class='ocr_par' dir='ltr' id='par_1_19' title="bbox 2226 863 3779 937">
     <span class='ocr_line' id='line_1_19' title="bbox 2226 863 3779 937; baseline 0.001 -21"><span class='ocrx_word' id='word_1_106' title='bbox 2226 882 2318 934; x_wconf 84' lang='grc' dir='ltr'><strong>ρος</strong></span> <span class='ocrx_word' id='word_1_107' title='bbox 2352 863 2655 934; x_wconf 88' lang='grc' dir='ltr'>Νεστορίου</span> <span class='ocrx_word' id='word_1_108' title='bbox 2685 864 3014 935; x_wconf 79' lang='grc' dir='ltr'><strong>καθαίρεσιν</strong></span> <span class='ocrx_word' id='word_1_109' title='bbox 3041 865 3187 937; x_wconf 83' lang='grc' dir='ltr'>δεινῄ</span> <span class='ocrx_word' id='word_1_110' title='bbox 3238 881 3323 927; x_wconf 86' lang='grc' dir='ltr'><strong>τις</strong></span> <span class='ocrx_word' id='word_1_111' title='bbox 3380 865 3665 934; x_wconf 82' lang='grc' dir='ltr'>ἐρεσχελία</span> <span class='ocrx_word' id='word_1_112' title='bbox 3719 868 3779 937; x_wconf 76' lang='grc' dir='ltr'>τῇ</span> 
     </span>
    </p>
   </div>
   <div class='ocr_carea' id='block_1_20' title="bbox 2223 934 3784 1028">
    <p class='ocr_par' dir='ltr' id='par_1_20' title="bbox 2223 934 3784 1028">
     <span class='ocr_line' id='line_1_20' title="bbox 2223 934 3784 1028; baseline 0.003 -20"><span class='ocrx_word' id='word_1_113' title='bbox 2223 955 2641 1010; x_wconf 86' lang='grc' dir='ltr'>Κωνσταντίνου</span> <span class='ocrx_word' id='word_1_114' title='bbox 2674 957 2817 1012; x_wconf 74' lang='grc' dir='ltr'>κατὰ</span> <span class='ocrx_word' id='word_1_115' title='bbox 2842 934 2942 1022; x_wconf 75' lang='grc' dir='ltr'>τὰς</span> <span class='ocrx_word' id='word_1_116' title='bbox 2992 934 3290 1026; x_wconf 64' lang='grc' dir='ltr'>ἐκκλησίας</span> <span class='ocrx_word' id='word_1_117' title='bbox 3328 955 3547 1028; x_wconf 76' lang='grc' dir='ltr'>ἐχώρει.</span> <span class='ocrx_word' id='word_1_118' title='bbox 3601 958 3656 1010; x_wconf 92' lang='grc' dir='ltr'><strong>Ὀ</strong></span> <span class='ocrx_word' id='word_1_119' title='bbox 3683 934 3784 1027; x_wconf 76' lang='grc' dir='ltr'>γὰρ</span> 
     </span>
    </p>
   </div>
   <div class='ocr_carea' id='block_1_21' title="bbox 2224 1047 3787 1122">
    <p class='ocr_par' dir='ltr' id='par_1_21' title="bbox 2224 1047 3787 1122">
     <span class='ocr_line' id='line_1_21' title="bbox 2224 1047 3787 1122; baseline 0.004 -24"><span class='ocrx_word' id='word_1_120' title='bbox 2224 1047 2370 1107; x_wconf 79' lang='grc' dir='ltr'>λεὼς</span> <span class='ocrx_word' id='word_1_121' title='bbox 2404 1048 2527 1121; x_wconf 81' lang='grc' dir='ltr'>διχῆ</span> <span class='ocrx_word' id='word_1_122' title='bbox 2558 1050 2821 1122; x_wconf 82' lang='grc' dir='ltr'>διῃρείτο,</span> <span class='ocrx_word' id='word_1_123' title='bbox 2847 1052 2909 1104; x_wconf 80' lang='grc' dir='ltr'><strong>τὸ</strong></span> <span class='ocrx_word' id='word_1_124' title='bbox 2943 1049 3104 1116; x_wconf 80' lang='grc' dir='ltr'>δόξαν</span> <span class='ocrx_word' id='word_1_125' title='bbox 3168 1050 3455 1122; x_wconf 81' lang='grc' dir='ltr'>Νεστορίῳ</span> <span class='ocrx_word' id='word_1_126' title='bbox 3499 1050 3787 1120; x_wconf 81' lang='grc' dir='ltr'>γυμνάζον-</span> 
     </span>
    </p>
   </div>
   <div class='ocr_carea' id='block_1_22' title="bbox 2218 1142 3786 1214">
    <p class='ocr_par' dir='ltr' id='par_1_22' title="bbox 2218 1142 3786 1214">
     <span class='ocr_line' id='line_1_22' title="bbox 2218 1142 3786 1214; baseline 0.001 -20"><span class='ocrx_word' id='word_1_127' title='bbox 2218 1158 2333 1203; x_wconf 79' lang='grc' dir='ltr'>τες.</span> <span class='ocrx_word' id='word_1_128' title='bbox 2365 1143 2428 1194; x_wconf 76' lang='lat' dir='ltr'><strong>Oi</strong></span> <span class='ocrx_word' id='word_1_129' title='bbox 2463 1144 2649 1213; x_wconf 83' lang='grc' dir='ltr'>μέντοι</span> <span class='ocrx_word' id='word_1_130' title='bbox 2682 1144 2939 1214; x_wconf 81' lang='grc' dir='ltr'>κληρικοὶ</span> <span class='ocrx_word' id='word_1_131' title='bbox 2970 1144 3174 1208; x_wconf 81' lang='grc' dir='ltr'>πάντες</span> <span class='ocrx_word' id='word_1_132' title='bbox 3212 1146 3367 1214; x_wconf 79' lang='grc' dir='ltr'>κοινῇ</span> <span class='ocrx_word' id='word_1_133' title='bbox 3420 1142 3589 1213; x_wconf 73' lang='grc' dir='ltr'><strong>ψήφῳ</strong></span> <span class='ocrx_word' id='word_1_134' title='bbox 3636 1145 3786 1196; x_wconf 74' lang='grc' dir='ltr'>αὐτὸν</span> 
     </span>
    </p>
   </div>
   <div class='ocr_carea' id='block_1_23' title="bbox 2220 1234 3785 1308">
    <p class='ocr_par' dir='ltr' id='par_1_23' title="bbox 2220 1234 3785 1308">
     <span class='ocr_line' id='line_1_23' title="bbox 2220 1234 3785 1308; baseline 0.001 -21"><span class='ocrx_word' id='word_1_135' title='bbox 2220 1234 2544 1289; x_wconf 80' lang='grc' dir='ltr'><strong>ἀπεώσαντο</strong></span> <span class='ocrx_word' id='word_1_136' title='bbox 2602 1236 2941 1307; x_wconf 82' lang='grc' dir='ltr'><strong>παραδόντες</strong></span> <span class='ocrx_word' id='word_1_137' title='bbox 2991 1237 3070 1307; x_wconf 85' lang='grc' dir='ltr'>τῷ</span> <span class='ocrx_word' id='word_1_138' title='bbox 3106 1236 3436 1308; x_wconf 75' lang='grc' dir='ltr'>ἀναθέματιο</span> <span class='ocrx_word' id='word_1_139' title='bbox 3497 1236 3638 1289; x_wconf 79' lang='grc' dir='ltr'>οὕτω</span> <span class='ocrx_word' id='word_1_140' title='bbox 3689 1236 3785 1308; x_wconf 81' lang='grc' dir='ltr'>γὰρ</span> 
     </span>
    </p>
   </div>
   <div class='ocr_carea' id='block_1_24' title="bbox 2217 1326 3786 1403">
    <p class='ocr_par' dir='ltr' id='par_1_24' title="bbox 2217 1326 3786 1403">
     <span class='ocr_line' id='line_1_24' title="bbox 2217 1326 3786 1403; baseline 0.001 -24"><span class='ocrx_word' id='word_1_141' title='bbox 2217 1326 2318 1399; x_wconf 80' lang='grc' dir='ltr'><strong>τὴν</strong></span> <span class='ocrx_word' id='word_1_142' title='bbox 2347 1329 2491 1382; x_wconf 84' lang='grc' dir='ltr'>κατὰ</span> <span class='ocrx_word' id='word_1_143' title='bbox 2510 1328 2605 1383; x_wconf 78' lang='grc' dir='ltr'>τοῦ</span> <span class='ocrx_word' id='word_1_144' title='bbox 2631 1327 2957 1403; x_wconf 72' lang='grc' dir='ltr'>βλασφήμου</span> <span class='ocrx_word' id='word_1_145' title='bbox 2982 1330 3165 1401; x_wconf 73' lang='grc' dir='ltr'>ψῆφον</span> <span class='ocrx_word' id='word_1_146' title='bbox 3205 1332 3400 1394; x_wconf 78' lang='grc' dir='ltr'>εἰωθὸς</span> <span class='ocrx_word' id='word_1_147' title='bbox 3449 1331 3786 1399; x_wconf 86' lang='grc' dir='ltr'>Χριστιανοῖς</span> 
     </span>
    </p>
   </div>
   <div class='ocr_carea' id='block_1_25' title="bbox 2221 1421 3787 1496">
    <p class='ocr_par' dir='ltr' id='par_1_25' title="bbox 2221 1421 3787 1496">
     <span class='ocr_line' id='line_1_25' title="bbox 2221 1421 3787 1496; baseline 0.001 -24"><span class='ocrx_word' id='word_1_148' title='bbox 2221 1421 2512 1491; x_wconf 85' lang='grc' dir='ltr'>πράττειν,</span> <span class='ocrx_word' id='word_1_149' title='bbox 2544 1422 2737 1495; x_wconf 84' lang='grc' dir='ltr'>ὥσπερ</span> <span class='ocrx_word' id='word_1_150' title='bbox 2766 1421 2824 1479; x_wconf 75' lang='grc' dir='ltr'>ἐν</span> <span class='ocrx_word' id='word_1_151' title='bbox 2851 1440 2961 1478; x_wconf 87' lang='grc' dir='ltr'>τινι</span> <span class='ocrx_word' id='word_1_152' title='bbox 2986 1424 3157 1496; x_wconf 78' lang='grc' dir='ltr'>στήλῃ</span> <span class='ocrx_word' id='word_1_153' title='bbox 3192 1423 3408 1495; x_wconf 79' lang='grc' dir='ltr'>γυμνὴν</span> <span class='ocrx_word' id='word_1_154' title='bbox 3448 1421 3653 1477; x_wconf 68' lang='grc' dir='ltr'>ἅπασιν</span> <span class='ocrx_word' id='word_1_155' title='bbox 3679 1421 3787 1474; x_wconf 73' lang='grc' dir='ltr'><strong>ἐθέ-</strong></span> 
     </span>
    </p>
   </div>
   <div class='ocr_carea' id='block_1_26' title="bbox 524 1511 2126 1587">
    <p class='ocr_par' dir='ltr' id='par_1_26' title="bbox 524 1511 2118 1584">
     <span class='ocr_line' id='line_1_26' title="bbox 524 1511 2118 1584; baseline -0.003 -15"><span class='ocrx_word' id='word_1_156' title='bbox 524 1513 634 1569; x_wconf 87' lang='lat' dir='ltr'><strong>Sed</strong></span> <span class='ocrx_word' id='word_1_157' title='bbox 667 1515 854 1583; x_wconf 88' lang='lat' dir='ltr'><strong>plures</strong></span> <span class='ocrx_word' id='word_1_158' title='bbox 894 1528 1118 1584; x_wconf 86' lang='lat' dir='ltr'><strong>quoque</strong></span> <span class='ocrx_word' id='word_1_159' title='bbox 1157 1513 1297 1567; x_wconf 88' lang='lat' dir='ltr'><strong>alias</strong></span> <span class='ocrx_word' id='word_1_160' title='bbox 1341 1511 1780 1567; x_wconf 84' lang='lat' dir='ltr'><strong>constitutiones</strong></span> <span class='ocrx_word' id='word_1_161' title='bbox 1830 1511 2118 1582; x_wconf 87' lang='lat' dir='ltr'><strong>religionis</strong></span> 
     </span>
    </p>
   </div>
   <div class='ocr_carea' id='block_1_27' title="bbox 2235 1511 2737 1587">
    <p class='ocr_par' dir='ltr' id='par_1_27' title="bbox 2235 1515 2737 1587">
     <span class='ocr_line' id='line_1_27' title="bbox 2235 1515 2737 1587; baseline 0.01 -21"><span class='ocrx_word' id='word_1_162' title='bbox 2235 1525 2373 1568; x_wconf 69' lang='lat' dir='ltr'><strong>Leuat</strong></span> <span class='ocrx_word' id='word_1_163' title='bbox 2394 1515 2496 1569; x_wconf 84' lang='grc' dir='ltr'>καθ</span> <span class='ocrx_word' id='word_1_164' title='bbox 2509 1515 2684 1587; x_wconf 80' lang='grc' dir='ltr'>ιστᾷν.</span> <span class='ocrx_word' id='word_1_165' title='bbox 2724 1548 2737 1559; x_wconf 73' lang='grc' dir='ltr'><em>ν</em></span> 
     </span>
    </p>
   </div>
   <div class='ocr_carea' id='block_1_28' title="bbox 527 1605 3788 1678">
    <p class='ocr_par' dir='ltr' id='par_1_28' title="bbox 527 1605 3788 1678">
     <span class='ocr_line' id='line_1_28' title="bbox 527 1605 3788 1678; baseline 0 -16"><span class='ocrx_word' id='word_1_166' title='bbox 527 1617 730 1663; x_wconf 77' lang='lat' dir='ltr'><strong>nostrae</strong></span> <span class='ocrx_word' id='word_1_167' title='bbox 772 1608 945 1678; x_wconf 84' lang='lat' dir='ltr'><strong>gratia</strong></span> <span class='ocrx_word' id='word_1_168' title='bbox 997 1608 1209 1675; x_wconf 90' lang='lat' dir='ltr'><strong>edidit,</strong></span> <span class='ocrx_word' id='word_1_169' title='bbox 1245 1623 1367 1677; x_wconf 71' lang='lat' dir='ltr'><strong>qua:</strong></span> <span class='ocrx_word' id='word_1_170' title='bbox 1415 1605 1740 1676; x_wconf 80' lang='lat' dir='ltr'><strong>ﬂagrantem</strong></span> <span class='ocrx_word' id='word_1_171' title='bbox 1791 1606 1942 1661; x_wconf 89' lang='lat' dir='ltr'><strong>illius</strong></span> <span class='ocrx_word' id='word_1_172' title='bbox 1989 1622 2117 1676; x_wconf 84' lang='lat' dir='ltr'><strong>erga</strong></span> <span class='ocrx_word' id='word_1_173' title='bbox 2159 1608 2448 1664; x_wconf 88' lang='lat' dir='ltr'><strong>Christum</strong></span> <span class='ocrx_word' id='word_1_174' title='bbox 2492 1610 2748 1667; x_wconf 88' lang='lat' dir='ltr'><strong>ardorem</strong></span> <span class='ocrx_word' id='word_1_175' title='bbox 2794 1626 2861 1667; x_wconf 88' lang='lat' dir='ltr'><strong>ac</strong></span> <span class='ocrx_word' id='word_1_176' title='bbox 2897 1610 3078 1666; x_wconf 76' lang='lat' dir='ltr'><strong>zelum</strong></span> <span class='ocrx_word' id='word_1_177' title='bbox 3115 1609 3419 1665; x_wconf 83' lang='lat' dir='ltr'><strong>declarant.</strong></span> <span class='ocrx_word' id='word_1_178' title='bbox 3490 1609 3644 1665; x_wconf 83' lang='lat' dir='ltr'><strong>Hunc</strong></span> <span class='ocrx_word' id='word_1_179' title='bbox 3697 1609 3788 1663; x_wconf 79' lang='lat' dir='ltr'><strong>im.</strong></span> 
     </span>
    </p>
   </div>
   <div class='ocr_carea' id='block_1_29' title="bbox 529 1700 3787 1775">
    <p class='ocr_par' dir='ltr' id='par_1_29' title="bbox 529 1700 3787 1775">
     <span class='ocr_line' id='line_1_29' title="bbox 529 1700 3787 1775; baseline 0.001 -20"><span class='ocrx_word' id='word_1_180' title='bbox 529 1701 654 1773; x_wconf 91' lang='lat' dir='ltr'><strong>pius</strong></span> <span class='ocrx_word' id='word_1_181' title='bbox 680 1701 971 1756; x_wconf 88' lang='lat' dir='ltr'><strong>Nestorius</strong></span> <span class='ocrx_word' id='word_1_182' title='bbox 1005 1701 1169 1756; x_wconf 80' lang='lat' dir='ltr'><strong>tinem</strong></span> <span class='ocrx_word' id='word_1_183' title='bbox 1201 1701 1330 1756; x_wconf 82' lang='lat' dir='ltr'><strong>vitae</strong></span> <span class='ocrx_word' id='word_1_184' title='bbox 1361 1700 1576 1765; x_wconf 83' lang='lat' dir='ltr'><strong>habuit,</strong></span> <span class='ocrx_word' id='word_1_185' title='bbox 1608 1711 1775 1770; x_wconf 89' lang='lat' dir='ltr'><strong>atque</strong></span> <span class='ocrx_word' id='word_1_186' title='bbox 1806 1700 1924 1755; x_wconf 65' lang='lat' dir='ltr'><strong>haec</strong></span> <span class='ocrx_word' id='word_1_187' title='bbox 1988 1702 2069 1756; x_wconf 89' lang='lat' dir='ltr'><strong>sic</strong></span> <span class='ocrx_word' id='word_1_188' title='bbox 2132 1703 2185 1756; x_wconf 91' lang='lat' dir='ltr'><strong>in</strong></span> <span class='ocrx_word' id='word_1_189' title='bbox 2228 1701 2394 1757; x_wconf 87' lang='lat' dir='ltr'><strong>tertia</strong></span> <span class='ocrx_word' id='word_1_190' title='bbox 2443 1718 2609 1774; x_wconf 88' lang='lat' dir='ltr'><strong>quam</strong></span> <span class='ocrx_word' id='word_1_191' title='bbox 2662 1704 2903 1761; x_wconf 78' lang='lat' dir='ltr'><strong>diximus</strong></span> <span class='ocrx_word' id='word_1_192' title='bbox 2937 1703 3241 1760; x_wconf 87' lang='lat' dir='ltr'><strong>universali</strong></span> <span class='ocrx_word' id='word_1_193' title='bbox 3287 1703 3527 1774; x_wconf 86' lang='lat' dir='ltr'><strong>Ephesia</strong></span> <span class='ocrx_word' id='word_1_194' title='bbox 3573 1704 3787 1775; x_wconf 80' lang='lat' dir='ltr'><strong>synodo,</strong></span> 
     </span>
    </p>
   </div>
   <div class='ocr_carea' id='block_1_30' title="bbox 528 1797 3791 1871">
    <p class='ocr_par' dir='ltr' id='par_1_30' title="bbox 528 1797 3791 1871">
     <span class='ocr_line' id='line_1_30' title="bbox 528 1797 3791 1871; baseline 0.001 -18"><span class='ocrx_word' id='word_1_195' title='bbox 528 1806 652 1853; x_wconf 87' lang='lat' dir='ltr'><strong>sunt</strong></span> <span class='ocrx_word' id='word_1_196' title='bbox 686 1805 829 1852; x_wconf 89' lang='lat' dir='ltr'><strong>acta.</strong></span> <span class='ocrx_word' id='word_1_197' title='bbox 867 1797 1029 1868; x_wconf 76' lang='lat'><strong>521</strong></span> <span class='ocrx_word' id='word_1_198' title='bbox 1067 1798 1241 1853; x_wconf 89' lang='lat' dir='ltr'><strong>Porro</strong></span> <span class='ocrx_word' id='word_1_199' title='bbox 1276 1798 1590 1869; x_wconf 80' lang='lat' dir='ltr'><strong>pernicioso</strong></span> <span class='ocrx_word' id='word_1_200' title='bbox 1614 1797 1870 1852; x_wconf 84' lang='lat' dir='ltr'><strong>Nestorio</strong></span> <span class='ocrx_word' id='word_1_201' title='bbox 1913 1807 2296 1865; x_wconf 78' lang='lat' dir='ltr'><strong>exauctorato,</strong></span> <span class='ocrx_word' id='word_1_202' title='bbox 2333 1802 2513 1870; x_wconf 83' lang='lat' dir='ltr'><strong>gravis</strong></span> <span class='ocrx_word' id='word_1_203' title='bbox 2532 1817 2756 1857; x_wconf 88' lang='lat' dir='ltr'><strong>rursum</strong></span> <span class='ocrx_word' id='word_1_204' title='bbox 2795 1802 3083 1857; x_wconf 81' lang='lat' dir='ltr'><strong>contentio</strong></span> <span class='ocrx_word' id='word_1_205' title='bbox 3106 1803 3161 1856; x_wconf 89' lang='lat' dir='ltr'><strong>in</strong></span> <span class='ocrx_word' id='word_1_206' title='bbox 3182 1800 3791 1871; x_wconf 67' lang='lat' dir='ltr'><strong>Constantinopolitanre</strong></span> 
     </span>
    </p>
   </div>
   <div class='ocr_carea' id='block_1_31' title="bbox 528 1893 3788 1969">
    <p class='ocr_par' dir='ltr' id='par_1_31' title="bbox 528 1893 3788 1969">
     <span class='ocr_line' id='line_1_31' title="bbox 528 1893 3788 1969; baseline 0.001 -21"><span class='ocrx_word' id='word_1_207' title='bbox 528 1893 681 1948; x_wconf 88' lang='lat' dir='ltr'><strong>urbis</strong></span> <span class='ocrx_word' id='word_1_208' title='bbox 711 1894 966 1950; x_wconf 87' lang='lat' dir='ltr'><strong>ecclesiis</strong></span> <span class='ocrx_word' id='word_1_209' title='bbox 996 1905 1144 1950; x_wconf 85' lang='lat' dir='ltr'><strong>mota</strong></span> <span class='ocrx_word' id='word_1_210' title='bbox 1175 1906 1280 1950; x_wconf 86' lang='lat' dir='ltr'><strong>est.</strong></span> <span class='ocrx_word' id='word_1_211' title='bbox 1318 1894 1565 1965; x_wconf 84' lang='lat' dir='ltr'><strong>Populus</strong></span> <span class='ocrx_word' id='word_1_212' title='bbox 1595 1893 1742 1948; x_wconf 88' lang='lat' dir='ltr'><strong>enim</strong></span> <span class='ocrx_word' id='word_1_213' title='bbox 1812 1894 1882 1948; x_wconf 91' lang='lat' dir='ltr'><strong>de</strong></span> <span class='ocrx_word' id='word_1_214' title='bbox 1946 1893 2189 1950; x_wconf 84' lang='lat' dir='ltr'><strong>Nestorii</strong></span> <span class='ocrx_word' id='word_1_215' title='bbox 2227 1896 2446 1967; x_wconf 89' lang='lat' dir='ltr'><strong>placitis</strong></span> <span class='ocrx_word' id='word_1_216' title='bbox 2483 1912 2673 1969; x_wconf 90' lang='lat' dir='ltr'><strong>agens,</strong></span> <span class='ocrx_word' id='word_1_217' title='bbox 2710 1900 2766 1952; x_wconf 89' lang='lat' dir='ltr'><strong>in</strong></span> <span class='ocrx_word' id='word_1_218' title='bbox 2811 1898 2948 1953; x_wconf 79' lang='lat' dir='ltr'><strong>duas</strong></span> <span class='ocrx_word' id='word_1_219' title='bbox 2989 1907 3173 1969; x_wconf 84' lang='lat' dir='ltr'><strong>partes</strong></span> <span class='ocrx_word' id='word_1_220' title='bbox 3224 1897 3382 1953; x_wconf 87' lang='lat' dir='ltr'><strong>abiit.</strong></span> <span class='ocrx_word' id='word_1_221' title='bbox 3429 1895 3626 1953; x_wconf 87' lang='lat' dir='ltr'><strong>Clerici</strong></span> <span class='ocrx_word' id='word_1_222' title='bbox 3668 1911 3788 1953; x_wconf 88' lang='lat' dir='ltr'><strong>sane</strong></span> 
     </span>
    </p>
   </div>
   <div class='ocr_carea' id='block_1_32' title="bbox 528 1992 3789 2068">
    <p class='ocr_par' dir='ltr' id='par_1_32' title="bbox 528 1992 3789 2068">
     <span class='ocr_line' id='line_1_32' title="bbox 528 1992 3789 2068; baseline 0.001 -22"><span class='ocrx_word' id='word_1_223' title='bbox 528 2008 728 2048; x_wconf 90' lang='lat' dir='ltr'><strong>omnes</strong></span> <span class='ocrx_word' id='word_1_224' title='bbox 767 1994 1052 2049; x_wconf 86' lang='lat' dir='ltr'><strong>communi</strong></span> <span class='ocrx_word' id='word_1_225' title='bbox 1096 1992 1366 2064; x_wconf 79' lang='lat' dir='ltr'><strong>suﬂ‘ragio</strong></span> <span class='ocrx_word' id='word_1_226' title='bbox 1412 2009 1539 2050; x_wconf 91' lang='lat' dir='ltr'><strong>eum</strong></span> <span class='ocrx_word' id='word_1_227' title='bbox 1594 1992 1938 2049; x_wconf 87' lang='lat' dir='ltr'><strong>anathemati</strong></span> <span class='ocrx_word' id='word_1_228' title='bbox 1988 1995 2274 2050; x_wconf 85' lang='lat' dir='ltr'><strong>subditum</strong></span> <span class='ocrx_word' id='word_1_229' title='bbox 2341 1996 2705 2068; x_wconf 71' lang='lat' dir='ltr'><strong>reiecerunt:</strong></span> <span class='ocrx_word' id='word_1_230' title='bbox 2772 1997 2852 2053; x_wconf 86' lang='lat' dir='ltr'><strong>sic</strong></span> <span class='ocrx_word' id='word_1_231' title='bbox 2914 2012 3156 2068; x_wconf 88' lang='lat' dir='ltr'><strong>namque</strong></span> <span class='ocrx_word' id='word_1_232' title='bbox 3180 1996 3520 2053; x_wconf 84' lang='lat' dir='ltr'><strong>Christianis</strong></span> <span class='ocrx_word' id='word_1_233' title='bbox 3570 2011 3684 2051; x_wconf 88' lang='lat' dir='ltr'><strong>mos</strong></span> <span class='ocrx_word' id='word_1_234' title='bbox 3713 2004 3789 2050; x_wconf 89' lang='lat' dir='ltr'><strong>est</strong></span> 
     </span>
    </p>
   </div>
   <div class='ocr_carea' id='block_1_33' title="bbox 531 2087 3792 2162">
    <p class='ocr_par' dir='ltr' id='par_1_33' title="bbox 531 2087 3792 2162">
     <span class='ocr_line' id='line_1_33' title="bbox 531 2087 3792 2162; baseline 0.002 -22"><span class='ocrx_word' id='word_1_235' title='bbox 531 2087 865 2143; x_wconf 75' lang='lat' dir='ltr'><strong>sententiam</strong></span> <span class='ocrx_word' id='word_1_236' title='bbox 914 2098 1110 2143; x_wconf 83' lang='lat' dir='ltr'><strong>contra</strong></span> <span class='ocrx_word' id='word_1_237' title='bbox 1181 2088 1566 2159; x_wconf 88' lang='lat' dir='ltr'><strong>blasphemum</strong></span> <span class='ocrx_word' id='word_1_238' title='bbox 1616 2087 1799 2155; x_wconf 82' lang='lat' dir='ltr'><strong>ferre,</strong></span> <span class='ocrx_word' id='word_1_239' title='bbox 1863 2103 1986 2143; x_wconf 91' lang='lat' dir='ltr'><strong>cum</strong></span> <span class='ocrx_word' id='word_1_240' title='bbox 2034 2105 2155 2145; x_wconf 84' lang='lat' dir='ltr'><strong>eam</strong></span> <span class='ocrx_word' id='word_1_241' title='bbox 2199 2099 2459 2162; x_wconf 89' lang='lat' dir='ltr'><strong>tanquam</strong></span> <span class='ocrx_word' id='word_1_242' title='bbox 2518 2090 2789 2148; x_wconf 71' lang='lat' dir='ltr'><strong>columna:</strong></span> <span class='ocrx_word' id='word_1_243' title='bbox 2840 2091 3113 2159; x_wconf 88' lang='lat' dir='ltr'><strong>incisam,</strong></span> <span class='ocrx_word' id='word_1_244' title='bbox 3163 2090 3428 2147; x_wconf 91' lang='lat' dir='ltr'><strong>omnibus</strong></span> <span class='ocrx_word' id='word_1_245' title='bbox 3511 2088 3792 2160; x_wconf 90' lang='lat' dir='ltr'><strong>publicitus</strong></span> 
     </span>
    </p>
   </div>
   <div class='ocr_carea' id='block_1_34' title="bbox 530 2183 1092 2251">
    <p class='ocr_par' dir='ltr' id='par_1_34' title="bbox 530 2183 1092 2251">
     <span class='ocr_line' id='line_1_34' title="bbox 530 2183 1092 2251; baseline 0.009 -19"><span class='ocrx_word' id='word_1_246' title='bbox 530 2195 844 2251; x_wconf 79' lang='lat' dir='ltr'><strong>proponere</strong></span> <span class='ocrx_word' id='word_1_247' title='bbox 878 2183 1092 2238; x_wconf 85' lang='lat' dir='ltr'><strong>volunt.</strong></span> 
     </span>
    </p>
   </div>
   <div class='ocr_carea' id='block_1_35' title="bbox 1061 2321 1600 2380">
    <p class='ocr_par' dir='ltr' id='par_1_35' title="bbox 1061 2321 1600 2380">
     <span class='ocr_line' id='line_1_35' title="bbox 1061 2321 1600 2380; baseline -0.002 -2"><span class='ocrx_word' id='word_1_248' title='bbox 1061 2321 1292 2380; x_wconf 87' lang='lat' dir='ltr'><strong>CAPUT</strong></span> <span class='ocrx_word' id='word_1_249' title='bbox 1331 2321 1600 2379; x_wconf 83' lang='lat' dir='ltr'><strong>XXXVII.</strong></span> 
     </span>
    </p>
   </div>
   <div class='ocr_carea' id='block_1_36' title="bbox 536 2436 2126 2509">
    <p class='ocr_par' dir='ltr' id='par_1_36' title="bbox 536 2436 2126 2509">
     <span class='ocr_line' id='line_1_36' title="bbox 536 2436 2126 2509; baseline 0.003 -17"><span class='ocrx_word' id='word_1_250' title='bbox 536 2436 609 2492; x_wconf 83' lang='lat' dir='ltr'><strong>Ut</strong></span> <span class='ocrx_word' id='word_1_251' title='bbox 640 2448 756 2503; x_wconf 78' lang='lat' dir='ltr'><strong>post</strong></span> <span class='ocrx_word' id='word_1_252' title='bbox 792 2437 1096 2494; x_wconf 75' lang='lat' dir='ltr'><strong>Nestorium</strong></span> <span class='ocrx_word' id='word_1_253' title='bbox 1133 2436 1484 2501; x_wconf 72' lang='lat' dir='ltr'><strong>Maximinus,</strong></span> <span class='ocrx_word' id='word_1_254' title='bbox 1528 2456 1592 2493; x_wconf 85' lang='lat' dir='ltr'><strong>ac</strong></span> <span class='ocrx_word' id='word_1_255' title='bbox 1627 2437 1874 2509; x_wconf 72' lang='lat' dir='ltr'><strong>deinceps</strong></span> <span class='ocrx_word' id='word_1_256' title='bbox 1899 2437 2126 2496; x_wconf 68' lang='lat' dir='ltr'><strong>Proetus</strong></span> 
     </span>
    </p>
   </div>
   <div class='ocr_carea' id='block_1_37' title="bbox 606 2508 2127 2593">
    <p class='ocr_par' dir='ltr' id='par_1_37' title="bbox 606 2508 2127 2593">
     <span class='ocr_line' id='line_1_37' title="bbox 606 2508 2127 2593; baseline 0.004 -32"><span class='ocrx_word' id='word_1_257' title='bbox 606 2511 919 2593; x_wconf 72' lang='lat' dir='ltr'><strong>patriarcha</strong></span> <span class='ocrx_word' id='word_1_258' title='bbox 940 2509 1555 2593; x_wconf 69' lang='lat' dir='ltr'><strong>Constantinopolitana:</strong></span> <span class='ocrx_word' id='word_1_259' title='bbox 1576 2508 1829 2565; x_wconf 56' lang='lat' dir='ltr'><strong>Ecclesia?</strong></span> <span class='ocrx_word' id='word_1_260' title='bbox 1847 2516 2127 2583; x_wconf 66' lang='lat' dir='ltr'><strong>prmfecms</strong></span> 
     </span>
    </p>
   </div>
   <div class='ocr_carea' id='block_1_38' title="bbox 607 2582 791 2649">
    <p class='ocr_par' dir='ltr' id='par_1_38' title="bbox 607 2582 791 2649">
     <span class='ocr_line' id='line_1_38' title="bbox 607 2582 791 2649; baseline 0.005 -16"><span class='ocrx_word' id='word_1_261' title='bbox 607 2582 791 2649; x_wconf 80' lang='lat' dir='ltr'><strong>fuerit.</strong></span> 
     </span>
    </p>
   </div>
   <div class='ocr_carea' id='block_1_39' title="bbox 529 2690 2130 2765">
    <p class='ocr_par' dir='ltr' id='par_1_39' title="bbox 529 2690 2130 2765">
     <span class='ocr_line' id='line_1_39' title="bbox 529 2690 2130 2765; baseline 0.002 -18"><span class='ocrx_word' id='word_1_262' title='bbox 529 2696 542 2710; x_wconf 85' lang='lat'>&#39;</span> <span class='ocrx_word' id='word_1_263' title='bbox 604 2693 703 2747; x_wconf 83' lang='lat' dir='ltr'><strong>Illo</strong></span> <span class='ocrx_word' id='word_1_264' title='bbox 737 2707 868 2747; x_wconf 84' lang='lat' dir='ltr'><strong>vero</strong></span> <span class='ocrx_word' id='word_1_265' title='bbox 900 2690 1137 2757; x_wconf 81' lang='lat' dir='ltr'><strong>sublato,</strong></span> <span class='ocrx_word' id='word_1_266' title='bbox 1170 2708 1280 2747; x_wconf 91' lang='lat' dir='ltr'><strong>non</strong></span> <span class='ocrx_word' id='word_1_267' title='bbox 1312 2692 1611 2749; x_wconf 82' lang='lat' dir='ltr'><strong>mediocris</strong></span> <span class='ocrx_word' id='word_1_268' title='bbox 1641 2694 1708 2749; x_wconf 91' lang='lat' dir='ltr'><strong>de</strong></span> <span class='ocrx_word' id='word_1_269' title='bbox 1733 2694 1981 2765; x_wconf 85' lang='lat' dir='ltr'><strong>episcopi</strong></span> <span class='ocrx_word' id='word_1_270' title='bbox 2012 2695 2130 2750; x_wconf 80' lang='lat' dir='ltr'><strong>ele-</strong></span> 
     </span>
    </p>
   </div>
   <div class='ocr_carea' id='block_1_40' title="bbox 534 2785 2130 2858">
    <p class='ocr_par' dir='ltr' id='par_1_40' title="bbox 534 2785 2130 2858">
     <span class='ocr_line' id='line_1_40' title="bbox 534 2785 2130 2858; baseline 0.003 -19"><span class='ocrx_word' id='word_1_271' title='bbox 534 2786 721 2841; x_wconf 87' lang='lat' dir='ltr'><strong>ctione</strong></span> <span class='ocrx_word' id='word_1_272' title='bbox 780 2785 1016 2855; x_wconf 72' lang='lat' dir='ltr'><strong>quaestio</strong></span> <span class='ocrx_word' id='word_1_273' title='bbox 1060 2785 1294 2842; x_wconf 77' lang='lat' dir='ltr'><strong>exstitit.</strong></span> <span class='ocrx_word' id='word_1_274' title='bbox 1346 2787 1504 2842; x_wconf 84' lang='lat' dir='ltr'><strong>Multi</strong></span> <span class='ocrx_word' id='word_1_275' title='bbox 1552 2788 1702 2842; x_wconf 90' lang='lat' dir='ltr'><strong>enim</strong></span> <span class='ocrx_word' id='word_1_276' title='bbox 1752 2787 1818 2842; x_wconf 89' lang='lat' dir='ltr'><strong>ad</strong></span> <span class='ocrx_word' id='word_1_277' title='bbox 1873 2803 1999 2842; x_wconf 91' lang='lat' dir='ltr'><strong>eum</strong></span> <span class='ocrx_word' id='word_1_278' title='bbox 2034 2789 2130 2858; x_wconf 84' lang='lat' dir='ltr'><strong>qui</strong></span> 
     </span>
    </p>
   </div>
   <div class='ocr_carea' id='block_1_41' title="bbox 536 2876 2130 2950">
    <p class='ocr_par' dir='ltr' id='par_1_41' title="bbox 536 2876 2130 2950">
     <span class='ocr_line' id='line_1_41' title="bbox 536 2876 2130 2950; baseline 0 -16"><span class='ocrx_word' id='word_1_279' title='bbox 536 2880 722 2934; x_wconf 89' lang='lat' dir='ltr'><strong>dictus</strong></span> <span class='ocrx_word' id='word_1_280' title='bbox 776 2888 902 2943; x_wconf 90' lang='lat' dir='ltr'><strong>est,</strong></span> <span class='ocrx_word' id='word_1_281' title='bbox 965 2876 1257 2933; x_wconf 82' lang='lat' dir='ltr'><strong>Sidensem</strong></span> <span class='ocrx_word' id='word_1_282' title='bbox 1320 2878 1638 2950; x_wconf 87' lang='lat' dir='ltr'><strong>Philippum</strong></span> <span class='ocrx_word' id='word_1_283' title='bbox 1696 2880 2130 2949; x_wconf 81' lang='lat' dir='ltr'><strong>respiciebant:</strong></span> 
     </span>
    </p>
   </div>
   <div class='ocr_carea' id='block_1_42' title="bbox 537 2970 2133 3026">
    <p class='ocr_par' dir='ltr' id='par_1_42' title="bbox 537 2970 2133 3026">
     <span class='ocr_line' id='line_1_42' title="bbox 537 2970 2133 3026; baseline 0 -1"><span class='ocrx_word' id='word_1_284' title='bbox 537 2986 731 3025; x_wconf 75' lang='lat' dir='ltr'><strong>(uttues</strong></span> <span class='ocrx_word' id='word_1_285' title='bbox 782 2983 969 3025; x_wconf 87' lang='lat' dir='ltr'><strong>autem</strong></span> <span class='ocrx_word' id='word_1_286' title='bbox 1023 2970 1141 3026; x_wconf 79' lang='lat' dir='ltr'><strong>fere</strong></span> <span class='ocrx_word' id='word_1_287' title='bbox 1178 2971 1438 3025; x_wconf 80' lang='lat' dir='ltr'><strong>l’roclum</strong></span> <span class='ocrx_word' id='word_1_288' title='bbox 1493 2970 1759 3026; x_wconf 86' lang='lat' dir='ltr'><strong>cathedra</strong></span> <span class='ocrx_word' id='word_1_289' title='bbox 1796 2986 1860 3026; x_wconf 90' lang='lat' dir='ltr'><strong>ea</strong></span> <span class='ocrx_word' id='word_1_290' title='bbox 1894 2970 2133 3025; x_wconf 78' lang='lat' dir='ltr'><strong>maxime</strong></span> 
     </span>
    </p>
   </div>
   <div class='ocr_carea' id='block_1_43' title="bbox 537 3061 2133 3131">
    <p class='ocr_par' dir='ltr' id='par_1_43' title="bbox 537 3061 2133 3131">
     <span class='ocr_line' id='line_1_43' title="bbox 537 3061 2133 3131; baseline 0 -16"><span class='ocrx_word' id='word_1_291' title='bbox 537 3062 765 3131; x_wconf 84' lang='lat' dir='ltr'><strong>dignum</strong></span> <span class='ocrx_word' id='word_1_292' title='bbox 792 3075 916 3116; x_wconf 89' lang='lat' dir='ltr'><strong>esse</strong></span> <span class='ocrx_word' id='word_1_293' title='bbox 940 3061 1284 3129; x_wconf 82' lang='lat' dir='ltr'><strong>judicabant.</strong></span> <span class='ocrx_word' id='word_1_294' title='bbox 1315 3062 1382 3116; x_wconf 89' lang='lat' dir='ltr'><strong>Et</strong></span> <span class='ocrx_word' id='word_1_295' title='bbox 1409 3061 1620 3116; x_wconf 83' lang='lat' dir='ltr'><strong>exitum</strong></span> <span class='ocrx_word' id='word_1_296' title='bbox 1649 3078 1809 3116; x_wconf 87' lang='lat' dir='ltr'><strong>suum</strong></span> <span class='ocrx_word' id='word_1_297' title='bbox 1840 3063 2133 3117; x_wconf 89' lang='lat' dir='ltr'><strong>consilium</strong></span> 
     </span>
    </p>
   </div>
   <div class='ocr_carea' id='block_1_44' title="bbox 539 3155 2133 3225">
    <p class='ocr_par' dir='ltr' id='par_1_44' title="bbox 539 3155 2133 3225">
     <span class='ocr_line' id='line_1_44' title="bbox 539 3155 2133 3225; baseline -0.001 -14"><span class='ocrx_word' id='word_1_298' title='bbox 539 3156 741 3211; x_wconf 84' lang='lat' dir='ltr'><strong>borum</strong></span> <span class='ocrx_word' id='word_1_299' title='bbox 794 3156 1099 3218; x_wconf 83' lang='lat' dir='ltr'><strong>habuisset,</strong></span> <span class='ocrx_word' id='word_1_300' title='bbox 1134 3155 1241 3209; x_wconf 87' lang='lat' dir='ltr'><strong>nisi</strong></span> <span class='ocrx_word' id='word_1_301' title='bbox 1280 3155 1374 3224; x_wconf 94' lang='lat' dir='ltr'><strong>qui</strong></span> <span class='ocrx_word' id='word_1_302' title='bbox 1418 3155 1655 3210; x_wconf 86' lang='lat' dir='ltr'><strong>multum</strong></span> <span class='ocrx_word' id='word_1_303' title='bbox 1698 3165 1813 3210; x_wconf 91' lang='lat' dir='ltr'><strong>tum</strong></span> <span class='ocrx_word' id='word_1_304' title='bbox 1847 3155 1993 3225; x_wconf 86' lang='lat' dir='ltr'><strong>apud</strong></span> <span class='ocrx_word' id='word_1_305' title='bbox 2030 3156 2133 3209; x_wconf 78' lang='lat' dir='ltr'><strong>im-</strong></span> 
     </span>
    </p>
   </div>
   <div class='ocr_carea' id='block_1_45' title="bbox 538 3247 2135 3319">
    <p class='ocr_par' dir='ltr' id='par_1_45' title="bbox 538 3247 2135 3319">
     <span class='ocr_line' id='line_1_45' title="bbox 538 3247 2135 3319; baseline -0.001 -16"><span class='ocrx_word' id='word_1_306' title='bbox 538 3260 855 3319; x_wconf 86' lang='lat' dir='ltr'><strong>peratorem</strong></span> <span class='ocrx_word' id='word_1_307' title='bbox 889 3248 1168 3313; x_wconf 80' lang='lat' dir='ltr'><strong>valebant,</strong></span> <span class='ocrx_word' id='word_1_308' title='bbox 1225 3247 1625 3316; x_wconf 87' lang='lat' dir='ltr'><strong>impedimento</strong></span> <span class='ocrx_word' id='word_1_309' title='bbox 1668 3247 1925 3311; x_wconf 80' lang='lat' dir='ltr'><strong>fuissent,</strong></span> <span class='ocrx_word' id='word_1_310' title='bbox 1953 3248 2135 3302; x_wconf 83' lang='lat' dir='ltr'><strong>eccle-</strong></span> 
     </span>
    </p>
   </div>
   <div class='ocr_carea' id='block_1_46' title="bbox 540 3340 2136 3410">
    <p class='ocr_par' dir='ltr' id='par_1_46' title="bbox 540 3340 2136 3410">
     <span class='ocr_line' id='line_1_46' title="bbox 540 3340 2136 3410; baseline -0.001 -14"><span class='ocrx_word' id='word_1_311' title='bbox 540 3343 829 3396; x_wconf 83' lang='lat' dir='ltr'><strong>siasticum</strong></span> <span class='ocrx_word' id='word_1_312' title='bbox 887 3355 1159 3396; x_wconf 85' lang='lat' dir='ltr'><strong>canouetn</strong></span> <span class='ocrx_word' id='word_1_313' title='bbox 1231 3356 1522 3410; x_wconf 83' lang='lat' dir='ltr'><strong>perperam</strong></span> <span class='ocrx_word' id='word_1_314' title='bbox 1577 3349 1983 3409; x_wconf 81' lang='lat' dir='ltr'><strong>praetexentes,</strong></span> <span class='ocrx_word' id='word_1_315' title='bbox 2042 3340 2136 3410; x_wconf 87' lang='lat' dir='ltr'><strong>qui</strong></span> 
     </span>
    </p>
   </div>
   <div class='ocr_carea' id='block_1_47' title="bbox 542 3433 2136 3504">
    <p class='ocr_par' dir='ltr' id='par_1_47' title="bbox 542 3433 2136 3504">
     <span class='ocr_line' id='line_1_47' title="bbox 542 3433 2136 3504; baseline 0 -17"><span class='ocrx_word' id='word_1_316' title='bbox 542 3435 893 3503; x_wconf 73' lang='lat' dir='ltr'><strong>designatum</strong></span> <span class='ocrx_word' id='word_1_317' title='bbox 933 3433 1180 3488; x_wconf 82' lang='lat' dir='ltr'><strong>civitatis</strong></span> <span class='ocrx_word' id='word_1_318' title='bbox 1218 3434 1454 3503; x_wconf 85' lang='lat' dir='ltr'><strong>alicujus</strong></span> <span class='ocrx_word' id='word_1_319' title='bbox 1484 3434 1807 3504; x_wconf 87' lang='lat' dir='ltr'><strong>episcopum</strong></span> <span class='ocrx_word' id='word_1_320' title='bbox 1847 3435 1901 3487; x_wconf 88' lang='lat' dir='ltr'><strong>in</strong></span> <span class='ocrx_word' id='word_1_321' title='bbox 1941 3434 2136 3487; x_wconf 80' lang='lat' dir='ltr'><strong>civita-</strong></span> 
     </span>
    </p>
   </div>
   <div class='ocr_carea' id='block_1_48' title="bbox 2824 2322 3239 2381">
    <p class='ocr_par' dir='ltr' id='par_1_48' title="bbox 2824 2322 3239 2381">
     <span class='ocr_line' id='line_1_48' title="bbox 2824 2322 3239 2381; baseline 0.002 -1"><span class='ocrx_word' id='word_1_322' title='bbox 2824 2324 3082 2381; x_wconf 81' lang='grc' dir='ltr'><strong>ΚΕΦΑΛ.</strong></span> <span class='ocrx_word' id='word_1_323' title='bbox 3112 2322 3239 2381; x_wconf 86' lang='lat' dir='ltr'><strong>AZ&#39;.</strong></span> 
     </span>
    </p>
   </div>
   <div class='ocr_carea' id='block_1_49' title="bbox 2241 2434 3794 2508">
    <p class='ocr_par' dir='ltr' id='par_1_49' title="bbox 2241 2434 3794 2508">
     <span class='ocr_line' id='line_1_49' title="bbox 2241 2434 3794 2508; baseline 0.002 -18"><span class='ocrx_word' id='word_1_324' title='bbox 2241 2435 2336 2503; x_wconf 80' lang='grc' dir='ltr'>Ὠς</span> <span class='ocrx_word' id='word_1_325' title='bbox 2389 2436 2540 2508; x_wconf 71' lang='grc' dir='ltr'>μετὰ</span> <span class='ocrx_word' id='word_1_326' title='bbox 2584 2437 2916 2508; x_wconf 72' lang='grc' dir='ltr'>Νεστρριον</span> <span class='ocrx_word' id='word_1_327' title='bbox 2945 2438 3342 2508; x_wconf 76' lang='grc' dir='ltr'>Μαειμιανὸς,</span> <span class='ocrx_word' id='word_1_328' title='bbox 3386 2434 3517 2495; x_wconf 78' lang='grc' dir='ltr'>εἶτα</span> <span class='ocrx_word' id='word_1_329' title='bbox 3545 2439 3794 2508; x_wconf 68' lang='grc' dir='ltr'>Πρόκλος</span> 
     </span>
    </p>
   </div>
   <div class='ocr_carea' id='block_1_50' title="bbox 2302 2507 3761 2580">
    <p class='ocr_par' dir='ltr' id='par_1_50' title="bbox 2302 2507 3761 2580">
     <span class='ocr_line' id='line_1_50' title="bbox 2302 2507 3761 2580; baseline 0.003 -20"><span class='ocrx_word' id='word_1_330' title='bbox 2302 2507 2681 2578; x_wconf 82' lang='grc' dir='ltr'><strong>πατριάρχης</strong></span> <span class='ocrx_word' id='word_1_331' title='bbox 2711 2507 2824 2578; x_wconf 80' lang='grc' dir='ltr'>τῆς</span> <span class='ocrx_word' id='word_1_332' title='bbox 2853 2507 3320 2565; x_wconf 64' lang='grc' dir='ltr'>Κωνστιικτίνου</span> <span class='ocrx_word' id='word_1_333' title='bbox 3351 2507 3761 2580; x_wconf 55' lang='grc' dir='ltr'>προϐάλλεται.</span> 
     </span>
    </p>
   </div>
   <div class='ocr_carea' id='block_1_51' title="bbox 2306 2688 3793 2763">
    <p class='ocr_par' dir='ltr' id='par_1_51' title="bbox 2306 2688 3793 2763">
     <span class='ocr_line' id='line_1_51' title="bbox 2306 2688 3793 2763; baseline -0.001 -19"><span class='ocrx_word' id='word_1_334' title='bbox 2306 2688 2555 2744; x_wconf 80' lang='grc' dir='ltr'>Ἐκείνου</span> <span class='ocrx_word' id='word_1_335' title='bbox 2583 2691 2631 2746; x_wconf 78' lang='grc' dir='ltr'><strong>δ’</strong></span> <span class='ocrx_word' id='word_1_336' title='bbox 2665 2690 2914 2746; x_wconf 76' lang='grc' dir='ltr'>ἐκποδὼν</span> <span class='ocrx_word' id='word_1_337' title='bbox 2946 2692 3265 2761; x_wconf 79' lang='grc' dir='ltr'><strong>γενομένου,</strong></span> <span class='ocrx_word' id='word_1_338' title='bbox 3297 2691 3468 2747; x_wconf 76' lang='grc' dir='ltr'>πάλιν</span> <span class='ocrx_word' id='word_1_339' title='bbox 3513 2692 3638 2763; x_wconf 69' lang='grc' dir='ltr'>περὶ</span> <span class='ocrx_word' id='word_1_340' title='bbox 3689 2694 3793 2744; x_wconf 79' lang='grc' dir='ltr'>ἔπι-</span> 
     </span>
    </p>
   </div>
   <div class='ocr_carea' id='block_1_52' title="bbox 2235 2780 3795 2856">
    <p class='ocr_par' dir='ltr' id='par_1_52' title="bbox 2235 2780 3795 2856">
     <span class='ocr_line' id='line_1_52' title="bbox 2235 2780 3795 2856; baseline 0 -20"><span class='ocrx_word' id='word_1_341' title='bbox 2235 2782 2400 2853; x_wconf 83' lang='grc' dir='ltr'>λογῆς</span> <span class='ocrx_word' id='word_1_342' title='bbox 2418 2784 2725 2838; x_wconf 65' lang='grc' dir='ltr'>ἐπισκόπου</span> <span class='ocrx_word' id='word_1_343' title='bbox 2750 2786 2810 2838; x_wconf 73' lang='grc' dir='ltr'>οὔ</span> <span class='ocrx_word' id='word_1_344' title='bbox 2836 2785 3035 2856; x_wconf 88' lang='grc' dir='ltr'>μετρία</span> <span class='ocrx_word' id='word_1_345' title='bbox 3065 2786 3300 2855; x_wconf 80' lang='grc' dir='ltr'>ζήτησις</span> <span class='ocrx_word' id='word_1_346' title='bbox 3330 2780 3423 2855; x_wconf 85' lang='grc' dir='ltr'><strong>ἦν.</strong></span> <span class='ocrx_word' id='word_1_347' title='bbox 3488 2787 3595 2840; x_wconf 71' lang='grc' dir='ltr'><strong>Καὶ</strong></span> <span class='ocrx_word' id='word_1_348' title='bbox 3630 2785 3795 2838; x_wconf 77' lang='grc' dir='ltr'>πολλοί</span> 
     </span>
    </p>
   </div>
   <div class='ocr_carea' id='block_1_53' title="bbox 2240 2876 3793 2949">
    <p class='ocr_par' dir='ltr' id='par_1_53' title="bbox 2240 2876 3793 2949">
     <span class='ocr_line' id='line_1_53' title="bbox 2240 2876 3793 2949; baseline 0 -21"><span class='ocrx_word' id='word_1_349' title='bbox 2240 2876 2340 2946; x_wconf 80' lang='grc' dir='ltr'>μὲν</span> <span class='ocrx_word' id='word_1_350' title='bbox 2371 2877 2451 2939; x_wconf 84' lang='grc' dir='ltr'><strong>εἰς</strong></span> <span class='ocrx_word' id='word_1_351' title='bbox 2478 2877 2572 2930; x_wconf 86' lang='grc' dir='ltr'><strong>τὸν</strong></span> <span class='ocrx_word' id='word_1_352' title='bbox 2616 2878 3029 2949; x_wconf 78' lang='grc' dir='ltr'>προειρημένον</span> <span class='ocrx_word' id='word_1_353' title='bbox 3086 2878 3304 2948; x_wconf 79' lang='grc' dir='ltr'>Σιδίτην</span> <span class='ocrx_word' id='word_1_354' title='bbox 3353 2878 3661 2931; x_wconf 81' lang='grc' dir='ltr'>ἀπέϐλεπον</span> <span class='ocrx_word' id='word_1_355' title='bbox 3712 2876 3793 2929; x_wconf 72' lang='grc' dir='ltr'><strong>Φί-</strong></span> 
     </span>
    </p>
   </div>
   <div class='ocr_carea' id='block_1_54' title="bbox 2234 2968 3793 3043">
    <p class='ocr_par' dir='ltr' id='par_1_54' title="bbox 2234 2968 3793 3043">
     <span class='ocr_line' id='line_1_54' title="bbox 2234 2968 3793 3043; baseline 0.006 -23"><span class='ocrx_word' id='word_1_356' title='bbox 2234 2970 2463 3021; x_wconf 84' lang='grc' dir='ltr'>λιππον·</span> <span class='ocrx_word' id='word_1_357' title='bbox 2488 2969 2538 3022; x_wconf 77' lang='grc' dir='ltr'>οἱ</span> <span class='ocrx_word' id='word_1_358' title='bbox 2563 2968 2619 3022; x_wconf 78' lang='grc' dir='ltr'><strong>δὲ</strong></span> <span class='ocrx_word' id='word_1_359' title='bbox 2662 2972 2865 3032; x_wconf 79' lang='grc' dir='ltr'>πάντες</span> <span class='ocrx_word' id='word_1_360' title='bbox 2896 2970 3083 3043; x_wconf 77' lang='grc' dir='ltr'>σχεδὸν</span> <span class='ocrx_word' id='word_1_361' title='bbox 3125 2971 3371 3043; x_wconf 79' lang='grc' dir='ltr'>Πρόκλον</span> <span class='ocrx_word' id='word_1_362' title='bbox 3433 2971 3661 3041; x_wconf 78' lang='grc' dir='ltr'>μάλιστα</span> <span class='ocrx_word' id='word_1_363' title='bbox 3709 2969 3793 3034; x_wconf 64' lang='grc' dir='ltr'><strong>τῆς</strong></span> 
     </span>
    </p>
   </div>
   <div class='ocr_carea' id='block_1_55' title="bbox 2236 3057 3803 3131">
    <p class='ocr_par' dir='ltr' id='par_1_55' title="bbox 2236 3057 3803 3131">
     <span class='ocr_line' id='line_1_55' title="bbox 2236 3057 3803 3131; baseline -0.001 -19"><span class='ocrx_word' id='word_1_364' title='bbox 2236 3059 2511 3130; x_wconf 78' lang='grc' dir='ltr'><strong>καθέδρας</strong></span> <span class='ocrx_word' id='word_1_365' title='bbox 2538 3059 2689 3124; x_wconf 76' lang='grc' dir='ltr'>ἄξιον</span> <span class='ocrx_word' id='word_1_366' title='bbox 2727 3060 2947 3131; x_wconf 75' lang='grc' dir='ltr'>ἔκρινον</span> <span class='ocrx_word' id='word_1_367' title='bbox 2978 3057 3143 3115; x_wconf 83' lang='grc' dir='ltr'>εἶναι.</span> <span class='ocrx_word' id='word_1_368' title='bbox 3201 3062 3310 3114; x_wconf 84' lang='grc' dir='ltr'>Καί</span> <span class='ocrx_word' id='word_1_369' title='bbox 3342 3078 3406 3129; x_wconf 85' lang='grc' dir='ltr'><strong>γε</strong></span> <span class='ocrx_word' id='word_1_370' title='bbox 3440 3062 3504 3114; x_wconf 81' lang='grc' dir='ltr'>ἂν</span> <span class='ocrx_word' id='word_1_371' title='bbox 3534 3061 3610 3123; x_wconf 75' lang='grc' dir='ltr'><strong>είς</strong></span> <span class='ocrx_word' id='word_1_372' title='bbox 3640 3060 3803 3128; x_wconf 50' lang='grc' dir='ltr'>πέρας</span> 
     </span>
    </p>
   </div>
   <div class='ocr_carea' id='block_1_56' title="bbox 2239 3151 3795 3224">
    <p class='ocr_par' dir='ltr' id='par_1_56' title="bbox 2239 3151 3795 3224">
     <span class='ocr_line' id='line_1_56' title="bbox 2239 3151 3795 3224; baseline 0 -21"><span class='ocrx_word' id='word_1_373' title='bbox 2239 3151 2587 3223; x_wconf 83' lang='grc' dir='ltr'>προέϐαινεν,</span> <span class='ocrx_word' id='word_1_374' title='bbox 2618 3156 2667 3206; x_wconf 78' lang='grc' dir='ltr'><strong>εἰ</strong></span> <span class='ocrx_word' id='word_1_375' title='bbox 2721 3153 2795 3224; x_wconf 80' lang='grc' dir='ltr'>μή</span> <span class='ocrx_word' id='word_1_376' title='bbox 2825 3170 2972 3216; x_wconf 84' lang='grc' dir='ltr'>τινες</span> <span class='ocrx_word' id='word_1_377' title='bbox 2994 3154 3104 3207; x_wconf 90' lang='grc' dir='ltr'><strong>τῶν</strong></span> <span class='ocrx_word' id='word_1_378' title='bbox 3139 3153 3450 3224; x_wconf 79' lang='grc' dir='ltr'>τηνικαῦτα</span> <span class='ocrx_word' id='word_1_379' title='bbox 3482 3154 3623 3224; x_wconf 72' lang='grc' dir='ltr'>μέγα</span> <span class='ocrx_word' id='word_1_380' title='bbox 3664 3153 3795 3221; x_wconf 61' lang='lat' dir='ltr'><strong>rapit</strong></span> 
     </span>
    </p>
   </div>
   <div class='ocr_carea' id='block_1_57' title="bbox 2241 3243 3795 3318">
    <p class='ocr_par' dir='ltr' id='par_1_57' title="bbox 2241 3243 3795 3318">
     <span class='ocr_line' id='line_1_57' title="bbox 2241 3243 3795 3318; baseline 0.003 -23"><span class='ocrx_word' id='word_1_381' title='bbox 2241 3243 2456 3314; x_wconf 84' lang='grc' dir='ltr'>βασιλεί</span> <span class='ocrx_word' id='word_1_382' title='bbox 2489 3244 2812 3316; x_wconf 70' lang='grc' dir='ltr'>ᾃυναμένων</span> <span class='ocrx_word' id='word_1_383' title='bbox 2836 3247 3223 3311; x_wconf 81' lang='grc' dir='ltr'>ἀπεκώλυσαν,</span> <span class='ocrx_word' id='word_1_384' title='bbox 3258 3248 3687 3318; x_wconf 59' lang='grc' dir='ltr'>προϐαλλόμενοι</span> <span class='ocrx_word' id='word_1_385' title='bbox 3711 3262 3795 3299; x_wconf 71' lang='grc' dir='ltr'>κυι-</span> 
     </span>
    </p>
   </div>
   <div class='ocr_carea' id='block_1_58' title="bbox 2239 3338 3798 3410">
    <p class='ocr_par' dir='ltr' id='par_1_58' title="bbox 2239 3338 3798 3410">
     <span class='ocr_line' id='line_1_58' title="bbox 2239 3338 3798 3410; baseline -0.001 -21"><span class='ocrx_word' id='word_1_386' title='bbox 2239 3338 2367 3390; x_wconf 78' lang='grc' dir='ltr'>νόνα</span> <span class='ocrx_word' id='word_1_387' title='bbox 2390 3338 2876 3407; x_wconf 75' lang='grc' dir='ltr'>ἐκκλησιαστικὸν,</span> <span class='ocrx_word' id='word_1_388' title='bbox 2944 3339 3003 3402; x_wconf 74' lang='grc' dir='ltr'>ὃς</span> <span class='ocrx_word' id='word_1_389' title='bbox 3037 3339 3251 3393; x_wconf 78' lang='grc' dir='ltr'>κελεύει</span> <span class='ocrx_word' id='word_1_390' title='bbox 3307 3339 3396 3393; x_wconf 75' lang='grc' dir='ltr'>τὸν</span> <span class='ocrx_word' id='word_1_391' title='bbox 3455 3338 3798 3410; x_wconf 78' lang='grc' dir='ltr'>ὀνομασθέντα</span> 
     </span>
    </p>
   </div>
   <div class='ocr_carea' id='block_1_59' title="bbox 2241 3416 3799 3504">
    <p class='ocr_par' dir='ltr' id='par_1_59' title="bbox 2241 3416 3799 3504">
     <span class='ocr_line' id='line_1_59' title="bbox 2241 3416 3799 3504; baseline 0.001 -22"><span class='ocrx_word' id='word_1_392' title='bbox 2241 3431 2452 3496; x_wconf 81' lang='grc' dir='ltr'>πόλεώς</span> <span class='ocrx_word' id='word_1_393' title='bbox 2474 3448 2622 3495; x_wconf 85' lang='grc' dir='ltr'>τινος</span> <span class='ocrx_word' id='word_1_394' title='bbox 2667 3432 2971 3486; x_wconf 72' lang='grc' dir='ltr'>ἐπίσκοπον</span> <span class='ocrx_word' id='word_1_395' title='bbox 2999 3416 3078 3495; x_wconf 67' lang='grc' dir='ltr'><strong>είς</strong></span> <span class='ocrx_word' id='word_1_396' title='bbox 3109 3433 3306 3504; x_wconf 79' lang='grc' dir='ltr'>ἑτέραν</span> <span class='ocrx_word' id='word_1_397' title='bbox 3357 3431 3516 3496; x_wconf 76' lang='grc' dir='ltr'>αὖθις</span> <span class='ocrx_word' id='word_1_398' title='bbox 3544 3435 3615 3501; x_wconf 81' lang='grc' dir='ltr'>μὴ</span> <span class='ocrx_word' id='word_1_399' title='bbox 3648 3449 3799 3502; x_wconf 85' lang='grc' dir='ltr'>μετα-</span> 
     </span>
    </p>
   </div>
   <div class='ocr_carea' id='block_1_60' title="bbox 544 3520 2126 3595">
    <p class='ocr_par' dir='ltr' id='par_1_60' title="bbox 544 3523 2126 3593">
     <span class='ocr_line' id='line_1_60' title="bbox 544 3523 2126 3593; baseline 0 -15"><span class='ocrx_word' id='word_1_400' title='bbox 544 3536 654 3579; x_wconf 84' lang='lat' dir='ltr'><strong>tem</strong></span> <span class='ocrx_word' id='word_1_401' title='bbox 688 3526 853 3580; x_wconf 87' lang='lat' dir='ltr'><strong>aliam</strong></span> <span class='ocrx_word' id='word_1_402' title='bbox 906 3541 1100 3580; x_wconf 84' lang='lat' dir='ltr'><strong>rursus</strong></span> <span class='ocrx_word' id='word_1_403' title='bbox 1151 3525 1443 3578; x_wconf 76' lang='lat' dir='ltr'><strong>transferri</strong></span> <span class='ocrx_word' id='word_1_404' title='bbox 1476 3537 1666 3593; x_wconf 73' lang='lat' dir='ltr'><strong>vetare</strong></span> <span class='ocrx_word' id='word_1_405' title='bbox 1714 3523 1939 3579; x_wconf 87' lang='lat' dir='ltr'><strong>debeat.</strong></span> <span class='ocrx_word' id='word_1_406' title='bbox 1976 3524 2024 3580; x_wconf 90' lang='lat' dir='ltr'><strong>ls</strong></span> <span class='ocrx_word' id='word_1_407' title='bbox 2054 3535 2126 3579; x_wconf 72' lang='grc' dir='ltr'><strong>ρει</strong></span> 
     </span>
    </p>
   </div>
   <div class='ocr_carea' id='block_1_61' title="bbox 2235 3520 3797 3595">
    <p class='ocr_par' dir='ltr' id='par_1_61' title="bbox 2242 3520 3797 3595">
     <span class='ocr_line' id='line_1_61' title="bbox 2242 3520 3797 3595; baseline 0 -18"><span class='ocrx_word' id='word_1_408' title='bbox 2242 3525 2530 3594; x_wconf 81' lang='grc' dir='ltr'>φέρεσθαι.</span> <span class='ocrx_word' id='word_1_409' title='bbox 2562 3527 2803 3581; x_wconf 79' lang='grc' dir='ltr'>Ἕστιδὲ</span> <span class='ocrx_word' id='word_1_410' title='bbox 2848 3520 3028 3591; x_wconf 68' lang='grc' dir='ltr'>οὗτος*</span> <span class='ocrx_word' id='word_1_411' title='bbox 3069 3547 3088 3579; x_wconf 77' lang='grc' dir='ltr'><strong>ι</strong></span> <span class='ocrx_word' id='word_1_412' title='bbox 3124 3527 3192 3579; x_wconf 77' lang='grc' dir='ltr'>Εἰ</span> <span class='ocrx_word' id='word_1_413' title='bbox 3216 3546 3301 3591; x_wconf 90' lang='grc' dir='ltr'><strong>τις</strong></span> <span class='ocrx_word' id='word_1_414' title='bbox 3364 3530 3666 3591; x_wconf 80' lang='grc' dir='ltr'>ἐπίσκοπος</span> <span class='ocrx_word' id='word_1_415' title='bbox 3695 3544 3797 3595; x_wconf 76' lang='grc' dir='ltr'>χει·</span> 
     </span>
    </p>
   </div>
   <div class='ocr_carea' id='block_1_62' title="bbox 545 3617 2126 3691">
    <p class='ocr_par' dir='ltr' id='par_1_62' title="bbox 545 3617 2126 3688">
     <span class='ocr_line' id='line_1_62' title="bbox 545 3617 2126 3688; baseline -0.001 -15"><span class='ocrx_word' id='word_1_416' title='bbox 545 3619 863 3684; x_wconf 70' lang='lat' dir='ltr'><strong>huinsmodi</strong></span> <span class='ocrx_word' id='word_1_417' title='bbox 893 3637 906 3673; x_wconf 90' lang='lat'>:</span> <span class='ocrx_word' id='word_1_418' title='bbox 938 3637 956 3671; x_wconf 86' lang='grc' dir='ltr'><strong>ι</strong></span> <span class='ocrx_word' id='word_1_419' title='bbox 988 3619 1044 3673; x_wconf 87' lang='lat' dir='ltr'><strong>Si</strong></span> <span class='ocrx_word' id='word_1_420' title='bbox 1075 3619 1201 3688; x_wconf 85' lang='lat' dir='ltr'><strong>quis</strong></span> <span class='ocrx_word' id='word_1_421' title='bbox 1238 3619 1535 3688; x_wconf 81' lang='lat' dir='ltr'><strong>cpiscopus</strong></span> <span class='ocrx_word' id='word_1_422' title='bbox 1555 3617 1848 3673; x_wconf 87' lang='lat' dir='ltr'><strong>ordinatus</strong></span> <span class='ocrx_word' id='word_1_423' title='bbox 1879 3618 1932 3672; x_wconf 92' lang='lat' dir='ltr'><strong>in</strong></span> <span class='ocrx_word' id='word_1_424' title='bbox 1959 3632 2126 3688; x_wconf 65' lang='lat' dir='ltr'><strong>parua-</strong></span> 
     </span>
    </p>
   </div>
   <div class='ocr_carea' id='block_1_63' title="bbox 2235 3617 3798 3691">
    <p class='ocr_par' dir='ltr' id='par_1_63' title="bbox 2247 3618 3798 3691">
     <span class='ocr_line' id='line_1_63' title="bbox 2247 3618 3798 3691; baseline -0.002 -21"><span class='ocrx_word' id='word_1_425' title='bbox 2247 3618 2559 3691; x_wconf 75' lang='grc' dir='ltr'>ροτονηθείς</span> <span class='ocrx_word' id='word_1_426' title='bbox 2580 3620 2659 3681; x_wconf 90' lang='grc' dir='ltr'><strong>εἰς</strong></span> <span class='ocrx_word' id='word_1_427' title='bbox 2680 3619 2976 3689; x_wconf 79' lang='grc' dir='ltr'>παροικὶαν</span> <span class='ocrx_word' id='word_1_428' title='bbox 3010 3619 3086 3689; x_wconf 82' lang='grc' dir='ltr'>μὴ</span> <span class='ocrx_word' id='word_1_429' title='bbox 3124 3619 3336 3691; x_wconf 79' lang='grc' dir='ltr'><strong>ἀπέλθῃ</strong></span> <span class='ocrx_word' id='word_1_430' title='bbox 3367 3620 3450 3681; x_wconf 83' lang='grc' dir='ltr'><strong>εἰς</strong></span> <span class='ocrx_word' id='word_1_431' title='bbox 3485 3623 3550 3691; x_wconf 74' lang='grc' dir='ltr'>ἣν</span> <span class='ocrx_word' id='word_1_432' title='bbox 3607 3620 3798 3689; x_wconf 80' lang='grc' dir='ltr'>ἐχειρο-</span> 
     </span>
    </p>
   </div>
   <div class='ocr_carea' id='block_1_64' title="bbox 546 3678 2126 3783">
    <p class='ocr_par' dir='ltr' id='par_1_64' title="bbox 546 3710 2126 3779">
     <span class='ocr_line' id='line_1_64' title="bbox 546 3710 2126 3779; baseline -0.002 -13"><span class='ocrx_word' id='word_1_433' title='bbox 546 3714 711 3774; x_wconf 85' lang='lat' dir='ltr'><strong>ciam,</strong></span> <span class='ocrx_word' id='word_1_434' title='bbox 735 3712 824 3766; x_wconf 87' lang='lat' dir='ltr'><strong>cui</strong></span> <span class='ocrx_word' id='word_1_435' title='bbox 867 3711 1184 3766; x_wconf 88' lang='lat' dir='ltr'><strong>destinatus</strong></span> <span class='ocrx_word' id='word_1_436' title='bbox 1219 3719 1325 3776; x_wconf 81' lang='lat' dir='ltr'><strong>est,</strong></span> <span class='ocrx_word' id='word_1_437' title='bbox 1373 3726 1482 3764; x_wconf 90' lang='lat' dir='ltr'><strong>non</strong></span> <span class='ocrx_word' id='word_1_438' title='bbox 1527 3710 1678 3772; x_wconf 75' lang='lat' dir='ltr'><strong>ierit.</strong></span> <span class='ocrx_word' id='word_1_439' title='bbox 1717 3726 1824 3764; x_wconf 90' lang='lat' dir='ltr'><strong>non</strong></span> <span class='ocrx_word' id='word_1_440' title='bbox 1855 3710 2017 3779; x_wconf 88' lang='lat' dir='ltr'><strong>culpa</strong></span> <span class='ocrx_word' id='word_1_441' title='bbox 2047 3710 2126 3764; x_wconf 65' lang='lat' dir='ltr'><strong>ille</strong></span> 
     </span>
    </p>
   </div>
   <div class='ocr_carea' id='block_1_65' title="bbox 2235 3678 3800 3783">
    <p class='ocr_par' dir='ltr' id='par_1_65' title="bbox 2244 3678 3800 3783">
     <span class='ocr_line' id='line_1_65' title="bbox 2244 3678 3800 3783; baseline -0.003 -19"><span class='ocrx_word' id='word_1_442' title='bbox 2244 3678 2466 3782; x_wconf 55' lang='grc' dir='ltr'>ὶονὴθτξ,</span> <span class='ocrx_word' id='word_1_443' title='bbox 2497 3678 2573 3782; x_wconf 58' lang='grc' dir='ltr'>μὴ</span> <span class='ocrx_word' id='word_1_444' title='bbox 2611 3678 2775 3783; x_wconf 46' lang='grc' dir='ltr'>παρὰ,</span> <span class='ocrx_word' id='word_1_445' title='bbox 2796 3712 2894 3782; x_wconf 85' lang='grc' dir='ltr'>τὴν</span> <span class='ocrx_word' id='word_1_446' title='bbox 2922 3678 3121 3766; x_wconf 75' lang='grc' dir='ltr'>ἑαυτόῦ</span> <span class='ocrx_word' id='word_1_447' title='bbox 3147 3678 3354 3774; x_wconf 61' lang='grc' dir='ltr'>αιτιαζ,</span> <span class='ocrx_word' id='word_1_448' title='bbox 3378 3678 3800 3782; x_wconf 51' lang='grc' dir='ltr'>ἀλλ”ητοῖπᾷρά</span> 
     </span>
    </p>
   </div>
   <div class='ocr_carea' id='block_1_66' title="bbox 550 3795 2126 3876">
    <p class='ocr_par' dir='ltr' id='par_1_66' title="bbox 550 3804 2126 3876">
     <span class='ocr_line' id='line_1_66' title="bbox 550 3804 2126 3876; baseline -0.002 -17"><span class='ocrx_word' id='word_1_449' title='bbox 550 3807 774 3876; x_wconf 84' lang='lat' dir='ltr'><strong>quidem</strong></span> <span class='ocrx_word' id='word_1_450' title='bbox 822 3821 941 3871; x_wconf 77' lang='lat' dir='ltr'><strong>sua,</strong></span> <span class='ocrx_word' id='word_1_451' title='bbox 978 3805 1073 3859; x_wconf 87' lang='lat' dir='ltr'><strong>sed</strong></span> <span class='ocrx_word' id='word_1_452' title='bbox 1124 3815 1352 3875; x_wconf 89' lang='lat' dir='ltr'><strong>propter</strong></span> <span class='ocrx_word' id='word_1_453' title='bbox 1395 3804 1583 3874; x_wconf 89' lang='lat' dir='ltr'><strong>populi</strong></span> <span class='ocrx_word' id='word_1_454' title='bbox 1622 3805 2006 3875; x_wconf 87' lang='lat' dir='ltr'><strong>rejectionem,</strong></span> <span class='ocrx_word' id='word_1_455' title='bbox 2045 3815 2126 3858; x_wconf 88' lang='lat' dir='ltr'><strong>aul</strong></span> 
     </span>
    </p>
   </div>
   <div class='ocr_carea' id='block_1_67' title="bbox 2235 3795 3801 3876">
    <p class='ocr_par' dir='ltr' id='par_1_67' title="bbox 2241 3795 3801 3872">
     <span class='ocr_line' id='line_1_67' title="bbox 2241 3795 3801 3872; baseline -0.006 -16"><span class='ocrx_word' id='word_1_456' title='bbox 2241 3803 2343 3872; x_wconf 85' lang='grc' dir='ltr'><strong>τὴν</strong></span> <span class='ocrx_word' id='word_1_457' title='bbox 2369 3802 2466 3855; x_wconf 83' lang='grc' dir='ltr'>τοῦ</span> <span class='ocrx_word' id='word_1_458' title='bbox 2512 3801 2643 3857; x_wconf 82' lang='grc' dir='ltr'>λαοῦ</span> <span class='ocrx_word' id='word_1_459' title='bbox 2678 3803 3047 3872; x_wconf 81' lang='grc' dir='ltr'>παραίτησιν,</span> <span class='ocrx_word' id='word_1_460' title='bbox 3107 3801 3251 3872; x_wconf 73' lang='grc' dir='ltr'>ἢδι’σ</span> <span class='ocrx_word' id='word_1_461' title='bbox 3275 3801 3476 3869; x_wconf 79' lang='grc' dir='ltr'>ἑτέραν</span> <span class='ocrx_word' id='word_1_462' title='bbox 3531 3800 3700 3855; x_wconf 78' lang='grc' dir='ltr'>αἰτίαν</span> <span class='ocrx_word' id='word_1_463' title='bbox 3747 3795 3801 3849; x_wconf 81' lang='grc' dir='ltr'><strong>οὐ</strong></span> 
     </span>
    </p>
   </div>
   <div class='ocr_carea' id='block_1_68' title="bbox 551 3891 2126 3968">
    <p class='ocr_par' dir='ltr' id='par_1_68' title="bbox 551 3897 2126 3968">
     <span class='ocr_line' id='line_1_68' title="bbox 551 3897 2126 3968; baseline -0.002 -15"><span class='ocrx_word' id='word_1_464' title='bbox 551 3901 717 3954; x_wconf 81' lang='lat' dir='ltr'><strong>aliam</strong></span> <span class='ocrx_word' id='word_1_465' title='bbox 765 3914 874 3953; x_wconf 90' lang='lat' dir='ltr'><strong>non</strong></span> <span class='ocrx_word' id='word_1_466' title='bbox 903 3900 971 3953; x_wconf 86' lang='lat' dir='ltr'><strong>ab</strong></span> <span class='ocrx_word' id='word_1_467' title='bbox 1006 3899 1126 3968; x_wconf 90' lang='lat' dir='ltr'><strong>ipso</strong></span> <span class='ocrx_word' id='word_1_468' title='bbox 1153 3898 1409 3952; x_wconf 86' lang='lat' dir='ltr'><strong>ordinato</strong></span> <span class='ocrx_word' id='word_1_469' title='bbox 1442 3897 1862 3966; x_wconf 85' lang='lat' dir='ltr'><strong>provenientem</strong></span> <span class='ocrx_word' id='word_1_470' title='bbox 1892 3913 2126 3953; x_wconf 27' lang='lat' dir='ltr'><strong>causam,</strong></span> 
     </span>
    </p>
   </div>
   <div class='ocr_carea' id='block_1_69' title="bbox 2235 3891 3802 3968">
    <p class='ocr_par' dir='ltr' id='par_1_69' title="bbox 2245 3891 3802 3967">
     <span class='ocr_line' id='line_1_69' title="bbox 2245 3891 3802 3967; baseline -0.004 -19"><span class='ocrx_word' id='word_1_471' title='bbox 2245 3895 2376 3964; x_wconf 83' lang='grc' dir='ltr'>παρ’</span> <span class='ocrx_word' id='word_1_472' title='bbox 2406 3894 2605 3949; x_wconf 78' lang='grc' dir='ltr'>ἑαυτοῦ</span> <span class='ocrx_word' id='word_1_473' title='bbox 2637 3896 2961 3967; x_wconf 81' lang='grc' dir='ltr'>γενομένην,</span> <span class='ocrx_word' id='word_1_474' title='bbox 2995 3894 3190 3948; x_wconf 84' lang='grc' dir='ltr'>τοῦτον</span> <span class='ocrx_word' id='word_1_475' title='bbox 3217 3895 3474 3964; x_wconf 87' lang='grc' dir='ltr'>μετέχειν</span> <span class='ocrx_word' id='word_1_476' title='bbox 3522 3894 3617 3964; x_wconf 79' lang='grc' dir='ltr'>τῆς</span> <span class='ocrx_word' id='word_1_477' title='bbox 3652 3891 3802 3959; x_wconf 79' lang='grc' dir='ltr'>τιμῆς</span> 
     </span>
    </p>
   </div>
   <div class='ocr_carea' id='block_1_70' title="bbox 551 3982 2126 4063">
    <p class='ocr_par' dir='ltr' id='par_1_70' title="bbox 551 3991 2126 4063">
     <span class='ocr_line' id='line_1_70' title="bbox 551 3991 2126 4063; baseline -0.001 -16"><span class='ocrx_word' id='word_1_478' title='bbox 551 3993 603 4048; x_wconf 89' lang='lat' dir='ltr'><strong>is</strong></span> <span class='ocrx_word' id='word_1_479' title='bbox 635 4008 760 4047; x_wconf 89' lang='lat' dir='ltr'><strong>cum</strong></span> <span class='ocrx_word' id='word_1_480' title='bbox 812 3992 1081 4063; x_wconf 80' lang='lat' dir='ltr'><strong>dignitate</strong></span> <span class='ocrx_word' id='word_1_481' title='bbox 1122 3991 1436 4047; x_wconf 88' lang='lat' dir='ltr'><strong>ministerio</strong></span> <span class='ocrx_word' id='word_1_482' title='bbox 1472 3991 1624 4060; x_wconf 79' lang='lat' dir='ltr'><strong>fungi</strong></span> <span class='ocrx_word' id='word_1_483' title='bbox 1660 3992 1742 4063; x_wconf 83' lang='lat' dir='ltr'><strong>(ut</strong></span> <span class='ocrx_word' id='word_1_484' title='bbox 1784 3996 1946 4046; x_wconf 88' lang='lat' dir='ltr'><strong>modo</strong></span> <span class='ocrx_word' id='word_1_485' title='bbox 1977 3994 2126 4048; x_wconf 72' lang='lat' dir='ltr'><strong>rebus</strong></span> 
     </span>
    </p>
   </div>
   <div class='ocr_carea' id='block_1_71' title="bbox 2235 3982 3801 4063">
    <p class='ocr_par' dir='ltr' id='par_1_71' title="bbox 2244 3982 3801 4059">
     <span class='ocr_line' id='line_1_71' title="bbox 2244 3982 3801 4059; baseline -0.006 -17"><span class='ocrx_word' id='word_1_486' title='bbox 2244 3990 2340 4042; x_wconf 76' lang='grc' dir='ltr'>καὶ</span> <span class='ocrx_word' id='word_1_487' title='bbox 2384 3988 2486 4056; x_wconf 81' lang='grc' dir='ltr'>τῆς</span> <span class='ocrx_word' id='word_1_488' title='bbox 2511 3988 2892 4058; x_wconf 74' lang='grc' dir='ltr'>ξλειτουργίας,</span> <span class='ocrx_word' id='word_1_489' title='bbox 2956 3989 3118 4059; x_wconf 90' lang='grc' dir='ltr'>μόνον</span> <span class='ocrx_word' id='word_1_490' title='bbox 3174 3986 3340 4058; x_wconf 74' lang='grc' dir='ltr'>μηδὲν</span> <span class='ocrx_word' id='word_1_491' title='bbox 3384 3982 3801 4058; x_wconf 81' lang='grc' dir='ltr'>παρενοχλοῦντα</span> 
     </span>
    </p>
   </div>
   <div class='ocr_carea' id='block_1_72' title="bbox 436 4079 2126 4172">
    <p class='ocr_par' dir='ltr' id='par_1_72' title="bbox 436 4083 2122 4172">
     <span class='ocr_line' id='line_1_72' title="bbox 436 4083 2122 4172; baseline -0.001 -30"><span class='ocrx_word' id='word_1_492' title='bbox 436 4152 462 4172; x_wconf 41' lang='grc' dir='ltr'>ν</span> <span class='ocrx_word' id='word_1_493' title='bbox 554 4085 828 4149; x_wconf 72' lang='lat' dir='ltr'><strong>ecclesiae,</strong></span> <span class='ocrx_word' id='word_1_494' title='bbox 862 4085 957 4141; x_wconf 91' lang='lat' dir='ltr'><strong>ubi</strong></span> <span class='ocrx_word' id='word_1_495' title='bbox 1004 4096 1314 4140; x_wconf 88' lang='lat' dir='ltr'><strong>conventus</strong></span> <span class='ocrx_word' id='word_1_496' title='bbox 1356 4086 1500 4155; x_wconf 74' lang='lat' dir='ltr'><strong>agit,</strong></span> <span class='ocrx_word' id='word_1_497' title='bbox 1534 4084 1672 4139; x_wconf 85' lang='lat' dir='ltr'><strong>nihil</strong></span> <span class='ocrx_word' id='word_1_498' title='bbox 1718 4083 1915 4140; x_wconf 80' lang='lat' dir='ltr'><strong>aﬂerat</strong></span> <span class='ocrx_word' id='word_1_499' title='bbox 1942 4086 2122 4141; x_wconf 79' lang='lat' dir='ltr'><strong>turbae</strong></span> 
     </span>
    </p>
   </div>
   <div class='ocr_carea' id='block_1_73' title="bbox 2235 4079 3801 4172">
    <p class='ocr_par' dir='ltr' id='par_1_73' title="bbox 2245 4079 3801 4154">
     <span class='ocr_line' id='line_1_73' title="bbox 2245 4079 3801 4154; baseline -0.007 -18"><span class='ocrx_word' id='word_1_500' title='bbox 2245 4083 2360 4146; x_wconf 85' lang='grc' dir='ltr'><strong>τοίς</strong></span> <span class='ocrx_word' id='word_1_501' title='bbox 2389 4082 2683 4152; x_wconf 78' lang='grc' dir='ltr'>πράγμασι</span> <span class='ocrx_word' id='word_1_502' title='bbox 2707 4084 2809 4153; x_wconf 81' lang='grc' dir='ltr'>τῆς</span> <span class='ocrx_word' id='word_1_503' title='bbox 2859 4082 3182 4154; x_wconf 79' lang='grc' dir='ltr'>ἐκκλησίας,</span> <span class='ocrx_word' id='word_1_504' title='bbox 3239 4081 3372 4133; x_wconf 75' lang='grc' dir='ltr'>ἔνθα</span> <span class='ocrx_word' id='word_1_505' title='bbox 3397 4080 3465 4135; x_wconf 82' lang='grc' dir='ltr'><strong>ἂν</strong></span> <span class='ocrx_word' id='word_1_506' title='bbox 3517 4079 3801 4146; x_wconf 77' lang='grc' dir='ltr'>συνάγοιτο·</span> 
     </span>
    </p>
   </div>
   <div class='ocr_carea' id='block_1_74' title="bbox 553 4168 2126 4251">
    <p class='ocr_par' dir='ltr' id='par_1_74' title="bbox 553 4179 2126 4251">
     <span class='ocr_line' id='line_1_74' title="bbox 553 4179 2126 4251; baseline -0.002 -14"><span class='ocrx_word' id='word_1_507' title='bbox 553 4190 612 4237; x_wconf 88' lang='lat' dir='ltr'><strong>et</strong></span> <span class='ocrx_word' id='word_1_508' title='bbox 647 4182 1005 4251; x_wconf 84' lang='lat' dir='ltr'><strong>acquiescere</strong></span> <span class='ocrx_word' id='word_1_509' title='bbox 1042 4180 1099 4235; x_wconf 91' lang='lat' dir='ltr'><strong>in</strong></span> <span class='ocrx_word' id='word_1_510' title='bbox 1128 4195 1197 4236; x_wconf 91' lang='lat' dir='ltr'><strong>eo</strong></span> <span class='ocrx_word' id='word_1_511' title='bbox 1229 4179 1417 4245; x_wconf 89' lang='lat' dir='ltr'><strong>debet,</strong></span> <span class='ocrx_word' id='word_1_512' title='bbox 1444 4180 1593 4251; x_wconf 89' lang='lat' dir='ltr'><strong>quod</strong></span> <span class='ocrx_word' id='word_1_513' title='bbox 1631 4181 1935 4251; x_wconf 73' lang='lat' dir='ltr'><strong>provinciae</strong></span> <span class='ocrx_word' id='word_1_514' title='bbox 1980 4196 2126 4251; x_wconf 40' lang='lat' dir='ltr'><strong>syno&#39;</strong></span> 
     </span>
    </p>
   </div>
   <div class='ocr_carea' id='block_1_75' title="bbox 2235 4168 3805 4251">
    <p class='ocr_par' dir='ltr' id='par_1_75' title="bbox 2247 4168 3805 4246">
     <span class='ocr_line' id='line_1_75' title="bbox 2247 4168 3805 4246; baseline -0.007 -18"><span class='ocrx_word' id='word_1_515' title='bbox 2247 4174 2569 4245; x_wconf 77' lang='grc' dir='ltr'>ἐκδέχεσθαι</span> <span class='ocrx_word' id='word_1_516' title='bbox 2599 4175 2655 4230; x_wconf 83' lang='grc' dir='ltr'><strong>δὲ</strong></span> <span class='ocrx_word' id='word_1_517' title='bbox 2682 4177 2871 4239; x_wconf 75' lang='grc' dir='ltr'>αὐτὸν.</span> <span class='ocrx_word' id='word_1_518' title='bbox 2902 4176 3043 4246; x_wconf 83' lang='grc' dir='ltr'>ὅπερ</span> <span class='ocrx_word' id='word_1_519' title='bbox 3073 4175 3140 4229; x_wconf 86' lang='grc' dir='ltr'><strong>ἂν</strong></span> <span class='ocrx_word' id='word_1_520' title='bbox 3167 4176 3199 4246; x_wconf 86' lang='grc' dir='ltr'><strong>ὴ</strong></span> <span class='ocrx_word' id='word_1_521' title='bbox 3224 4174 3324 4243; x_wconf 81' lang='grc' dir='ltr'><strong>τῆς</strong></span> <span class='ocrx_word' id='word_1_522' title='bbox 3370 4172 3637 4243; x_wconf 74' lang='grc' dir='ltr'>ἐπαρχίας</span> <span class='ocrx_word' id='word_1_523' title='bbox 3665 4168 3805 4222; x_wconf 63' lang='lat' dir='ltr'><strong>advo-</strong></span> 
     </span>
    </p>
   </div>
   <div class='ocr_carea' id='block_1_76' title="bbox 555 4260 2126 4345">
    <p class='ocr_par' dir='ltr' id='par_1_76' title="bbox 555 4272 2126 4345">
     <span class='ocr_line' id='line_1_76' title="bbox 555 4272 2126 4345; baseline -0.002 -15"><span class='ocrx_word' id='word_1_524' title='bbox 555 4275 661 4331; x_wconf 85' lang='lat' dir='ltr'><strong>dus</strong></span> <span class='ocrx_word' id='word_1_525' title='bbox 692 4274 762 4331; x_wconf 89' lang='lat' dir='ltr'><strong>de</strong></span> <span class='ocrx_word' id='word_1_526' title='bbox 801 4274 1186 4331; x_wconf 88' lang='lat' dir='ltr'><strong>controversia</strong></span> <span class='ocrx_word' id='word_1_527' title='bbox 1212 4272 1266 4329; x_wconf 92' lang='lat' dir='ltr'><strong>in</strong></span> <span class='ocrx_word' id='word_1_528' title='bbox 1308 4275 1553 4329; x_wconf 87' lang='lat' dir='ltr'><strong>medium</strong></span> <span class='ocrx_word' id='word_1_529' title='bbox 1590 4274 1861 4345; x_wconf 90' lang='lat' dir='ltr'><strong>producta</strong></span> <span class='ocrx_word' id='word_1_530' title='bbox 1887 4273 2126 4345; x_wconf 76' lang='lat' dir='ltr'><strong>judican:</strong></span> 
     </span>
    </p>
   </div>
   <div class='ocr_carea' id='block_1_77' title="bbox 2235 4260 3806 4345">
    <p class='ocr_par' dir='ltr' id='par_1_77' title="bbox 2249 4260 3806 4339">
     <span class='ocr_line' id='line_1_77' title="bbox 2249 4260 3806 4339; baseline -0.009 -16"><span class='ocrx_word' id='word_1_531' title='bbox 2249 4269 2337 4334; x_wconf 86' lang='grc' dir='ltr'>δος</span> <span class='ocrx_word' id='word_1_532' title='bbox 2367 4267 2628 4339; x_wconf 87' lang='grc' dir='ltr'>κρίνασα,</span> <span class='ocrx_word' id='word_1_533' title='bbox 2671 4268 2734 4321; x_wconf 80' lang='grc' dir='ltr'><strong>τὸ</strong></span> <span class='ocrx_word' id='word_1_534' title='bbox 2797 4268 3210 4339; x_wconf 85' lang='grc' dir='ltr'>παριστάμενον</span> <span class='ocrx_word' id='word_1_535' title='bbox 3251 4266 3434 4337; x_wconf 72' lang='grc' dir='ltr'>όρίσῃ.</span> <span class='ocrx_word' id='word_1_536' title='bbox 3471 4284 3489 4317; x_wconf 72' lang='grc' dir='ltr'><strong>ι</strong></span> <span class='ocrx_word' id='word_1_537' title='bbox 3551 4266 3641 4325; x_wconf 86' lang='grc' dir='ltr'>Ὃς</span> <span class='ocrx_word' id='word_1_538' title='bbox 3683 4260 3806 4328; x_wconf 77' lang='grc' dir='ltr'>δῆτα</span> 
     </span>
    </p>
   </div>
   <div class='ocr_carea' id='block_1_78' title="bbox 556 4348 2126 4438">
    <p class='ocr_par' dir='ltr' id='par_1_78' title="bbox 556 4368 2126 4438">
     <span class='ocr_line' id='line_1_78' title="bbox 556 4368 2126 4438; baseline 0 -15"><span class='ocrx_word' id='word_1_539' title='bbox 556 4370 890 4426; x_wconf 82' lang='lat' dir='ltr'><strong>decreverit.</strong></span> <span class='ocrx_word' id='word_1_540' title='bbox 904 4389 922 4421; x_wconf 75' lang='grc' dir='ltr'><strong>ι</strong></span> <span class='ocrx_word' id='word_1_541' title='bbox 948 4368 1049 4424; x_wconf 83' lang='lat' dir='ltr'><strong>llic</strong></span> <span class='ocrx_word' id='word_1_542' title='bbox 1069 4384 1244 4423; x_wconf 84' lang='lat' dir='ltr'><strong>canon</strong></span> <span class='ocrx_word' id='word_1_543' title='bbox 1266 4368 1584 4437; x_wconf 88' lang='lat' dir='ltr'><strong>publicatus</strong></span> <span class='ocrx_word' id='word_1_544' title='bbox 1600 4368 1840 4437; x_wconf 89' lang='lat' dir='ltr'><strong>plebem,</strong></span> <span class='ocrx_word' id='word_1_545' title='bbox 1868 4383 1990 4438; x_wconf 66' lang='lat' dir='ltr'><strong>qua:</strong></span> <span class='ocrx_word' id='word_1_546' title='bbox 2009 4368 2126 4423; x_wconf 37' lang='lat' dir='ltr'><strong>Prol</strong></span> 
     </span>
    </p>
   </div>
   <div class='ocr_carea' id='block_1_79' title="bbox 2235 4348 3807 4438">
    <p class='ocr_par' dir='ltr' id='par_1_79' title="bbox 2251 4348 3807 4433">
     <span class='ocr_line' id='line_1_79' title="bbox 2251 4348 3807 4433; baseline -0.007 -17"><span class='ocrx_word' id='word_1_547' title='bbox 2251 4360 2434 4416; x_wconf 83' lang='grc' dir='ltr'>κανὼν</span> <span class='ocrx_word' id='word_1_548' title='bbox 2493 4358 2964 4433; x_wconf 76' lang='grc' dir='ltr'>παρῤησιασθεὶς,</span> <span class='ocrx_word' id='word_1_549' title='bbox 3017 4360 3318 4429; x_wconf 76' lang='grc' dir='ltr'>ἡσυχάζειν</span> <span class='ocrx_word' id='word_1_550' title='bbox 3377 4359 3476 4411; x_wconf 71' lang='grc' dir='ltr'>καὶ</span> <span class='ocrx_word' id='word_1_551' title='bbox 3512 4357 3708 4411; x_wconf 73' lang='grc' dir='ltr'>ἄκοντα</span> <span class='ocrx_word' id='word_1_552' title='bbox 3746 4348 3807 4400; x_wconf 75' lang='grc' dir='ltr'>τὰ</span> 
     </span>
    </p>
   </div>
   <div class='ocr_carea' id='block_1_80' title="bbox 556 4441 2126 4534">
    <p class='ocr_par' dir='ltr' id='par_1_80' title="bbox 556 4462 2126 4534">
     <span class='ocr_line' id='line_1_80' title="bbox 556 4462 2126 4534; baseline -0.001 -17"><span class='ocrx_word' id='word_1_553' title='bbox 556 4465 702 4517; x_wconf 89' lang='lat' dir='ltr'><strong>clum</strong></span> <span class='ocrx_word' id='word_1_554' title='bbox 730 4462 1054 4534; x_wconf 88' lang='lat' dir='ltr'><strong>episcopum</strong></span> <span class='ocrx_word' id='word_1_555' title='bbox 1091 4462 1442 4533; x_wconf 84' lang='lat' dir='ltr'><strong>designabat,</strong></span> <span class='ocrx_word' id='word_1_556' title='bbox 1484 4462 1568 4518; x_wconf 87' lang='lat' dir='ltr'><strong>vel</strong></span> <span class='ocrx_word' id='word_1_557' title='bbox 1604 4463 1831 4517; x_wconf 88' lang='lat' dir='ltr'><strong>invitam</strong></span> <span class='ocrx_word' id='word_1_558' title='bbox 1860 4466 2126 4532; x_wconf 69' lang='lat' dir='ltr'><strong>quiescert</strong></span> 
     </span>
    </p>
   </div>
   <div class='ocr_carea' id='block_1_81' title="bbox 2235 4441 3808 4534">
    <p class='ocr_par' dir='ltr' id='par_1_81' title="bbox 2253 4441 3808 4525">
     <span class='ocr_line' id='line_1_81' title="bbox 2253 4441 3808 4525; baseline -0.009 -18"><span class='ocrx_word' id='word_1_559' title='bbox 2253 4454 2435 4525; x_wconf 79' lang='grc' dir='ltr'>πλήθη</span> <span class='ocrx_word' id='word_1_560' title='bbox 2463 4453 2745 4524; x_wconf 79' lang='grc' dir='ltr'>ἠνάγκαζε</span> <span class='ocrx_word' id='word_1_561' title='bbox 2792 4452 3040 4522; x_wconf 82' lang='grc' dir='ltr'>Πρόκλον</span> <span class='ocrx_word' id='word_1_562' title='bbox 3083 4451 3431 4520; x_wconf 75' lang='grc' dir='ltr'>ἐκλέγεσθαι.</span> <span class='ocrx_word' id='word_1_563' title='bbox 3476 4448 3736 4519; x_wconf 82' lang='grc' dir='ltr'>Τετάρτου</span> <span class='ocrx_word' id='word_1_564' title='bbox 3759 4441 3808 4493; x_wconf 73' lang='grc' dir='ltr'><strong>δὲ</strong></span> 
     </span>
    </p>
   </div>
   <div class='ocr_carea' id='block_1_82' title="bbox 556 4542 2126 4627">
    <p class='ocr_par' dir='ltr' id='par_1_82' title="bbox 556 4556 2126 4627">
     <span class='ocr_line' id='line_1_82' title="bbox 556 4556 2126 4627; baseline -0.002 -16"><span class='ocrx_word' id='word_1_565' title='bbox 556 4556 761 4627; x_wconf 84' lang='lat' dir='ltr'><strong>coegit.</strong></span> <span class='ocrx_word' id='word_1_566' title='bbox 814 4557 1065 4623; x_wconf 84' lang='lat' dir='ltr'><strong>Quatuor</strong></span> <span class='ocrx_word' id='word_1_567' title='bbox 1114 4571 1337 4613; x_wconf 88' lang='lat' dir='ltr'><strong>menses</strong></span> <span class='ocrx_word' id='word_1_568' title='bbox 1392 4572 1423 4612; x_wconf 91' lang='lat' dir='ltr'><strong>a</strong></span> <span class='ocrx_word' id='word_1_569' title='bbox 1484 4556 1742 4610; x_wconf 86' lang='lat' dir='ltr'><strong>Nestorio</strong></span> <span class='ocrx_word' id='word_1_570' title='bbox 1793 4563 2126 4611; x_wconf 68' lang='lat' dir='ltr'><strong>exauctorati</strong></span> 
     </span>
    </p>
   </div>
   <div class='ocr_carea' id='block_1_83' title="bbox 2235 4542 3808 4627">
    <p class='ocr_par' dir='ltr' id='par_1_83' title="bbox 2256 4542 3808 4620">
     <span class='ocr_line' id='line_1_83' title="bbox 2256 4542 3808 4620; baseline -0.008 -18"><span class='ocrx_word' id='word_1_571' title='bbox 2256 4548 2675 4620; x_wconf 78' lang='grc' dir='ltr'>παραρῤυέντος</span> <span class='ocrx_word' id='word_1_572' title='bbox 2705 4547 2875 4618; x_wconf 78' lang='grc' dir='ltr'>μηνὸς</span> <span class='ocrx_word' id='word_1_573' title='bbox 2898 4546 3037 4618; x_wconf 85' lang='grc' dir='ltr'><strong>μετὰ</strong></span> <span class='ocrx_word' id='word_1_574' title='bbox 3058 4545 3157 4617; x_wconf 82' lang='grc' dir='ltr'>τὴν</span> <span class='ocrx_word' id='word_1_575' title='bbox 3171 4546 3248 4601; x_wconf 86' lang='grc' dir='ltr'>Νε</span> <span class='ocrx_word' id='word_1_576' title='bbox 3259 4546 3479 4616; x_wconf 66' lang='grc' dir='ltr'>στορίου</span> <span class='ocrx_word' id='word_1_577' title='bbox 3490 4542 3808 4611; x_wconf 78' lang='grc' dir='ltr'>καθαίρεσιν,</span> 
     </span>
    </p>
   </div>
   <div class='ocr_carea' id='block_1_84' title="bbox 558 4629 2126 4719">
    <p class='ocr_par' dir='ltr' id='par_1_84' title="bbox 558 4647 2120 4719">
     <span class='ocr_line' id='line_1_84' title="bbox 558 4647 2120 4719; baseline -0.001 -15"><span class='ocrx_word' id='word_1_578' title='bbox 558 4648 912 4715; x_wconf 76' lang='lat' dir='ltr'><strong>cﬂluxerant,</strong></span> <span class='ocrx_word' id='word_1_579' title='bbox 951 4658 1006 4704; x_wconf 90' lang='lat' dir='ltr'><strong>et</strong></span> <span class='ocrx_word' id='word_1_580' title='bbox 1032 4649 1283 4705; x_wconf 79' lang='lat' dir='ltr'><strong>ecclesia:</strong></span> <span class='ocrx_word' id='word_1_581' title='bbox 1303 4648 1624 4719; x_wconf 88' lang='lat' dir='ltr'><strong>procuratio</strong></span> <span class='ocrx_word' id='word_1_582' title='bbox 1647 4647 1978 4703; x_wconf 74' lang='lat' dir='ltr'><strong>Maximiano</strong></span> <span class='ocrx_word' id='word_1_583' title='bbox 2000 4663 2120 4703; x_wconf 90' lang='lat' dir='ltr'><strong>com</strong></span> 
     </span>
    </p>
   </div>
   <div class='ocr_carea' id='block_1_85' title="bbox 2235 4629 3812 4719">
    <p class='ocr_par' dir='ltr' id='par_1_85' title="bbox 2256 4629 3812 4711">
     <span class='ocr_line' id='line_1_85' title="bbox 2256 4629 3812 4711; baseline -0.008 -18"><span class='ocrx_word' id='word_1_584' title='bbox 2256 4641 2613 4711; x_wconf 77' lang='grc' dir='ltr'>ἐπιτρέπεται</span> <span class='ocrx_word' id='word_1_585' title='bbox 2645 4639 2745 4708; x_wconf 82' lang='grc' dir='ltr'>τὴν</span> <span class='ocrx_word' id='word_1_586' title='bbox 2799 4640 2902 4710; x_wconf 82' lang='grc' dir='ltr'>τῆς</span> <span class='ocrx_word' id='word_1_587' title='bbox 2965 4638 3262 4709; x_wconf 71' lang='grc' dir='ltr'>ἐκκλησίαις</span> <span class='ocrx_word' id='word_1_588' title='bbox 3308 4635 3608 4706; x_wconf 74' lang='grc' dir='ltr'>ἐπιτροπὴν</span> <span class='ocrx_word' id='word_1_589' title='bbox 3638 4629 3812 4694; x_wconf 84' lang='grc' dir='ltr'>,Μαξι-</span> 
     </span>
    </p>
   </div>
   <div class='ocr_carea' id='block_1_86' title="bbox 557 4725 2126 4814">
    <p class='ocr_par' dir='ltr' id='par_1_86' title="bbox 557 4741 2126 4814">
     <span class='ocr_line' id='line_1_86' title="bbox 557 4741 2126 4814; baseline -0.002 -17"><span class='ocrx_word' id='word_1_590' title='bbox 557 4744 726 4798; x_wconf 47' lang='lat' dir='ltr'><strong>missa</strong></span> <span class='ocrx_word' id='word_1_591' title='bbox 765 4751 872 4810; x_wconf 90' lang='lat' dir='ltr'><strong>est,</strong></span> <span class='ocrx_word' id='word_1_592' title='bbox 900 4743 996 4814; x_wconf 91' lang='lat' dir='ltr'><strong>qui</strong></span> <span class='ocrx_word' id='word_1_593' title='bbox 1031 4742 1088 4796; x_wconf 93' lang='lat' dir='ltr'><strong>in</strong></span> <span class='ocrx_word' id='word_1_594' title='bbox 1122 4741 1317 4795; x_wconf 84' lang='lat' dir='ltr'><strong>ordine</strong></span> <span class='ocrx_word' id='word_1_595' title='bbox 1350 4741 1797 4810; x_wconf 81' lang='lat' dir='ltr'><strong>presbyterorum</strong></span> <span class='ocrx_word' id='word_1_596' title='bbox 1826 4749 1969 4803; x_wconf 88' lang='lat' dir='ltr'><strong>erat,</strong></span> <span class='ocrx_word' id='word_1_597' title='bbox 2002 4748 2057 4796; x_wconf 87' lang='lat' dir='ltr'><strong>et</strong></span> <span class='ocrx_word' id='word_1_598' title='bbox 2094 4742 2126 4795; x_wconf 82' lang='lat' dir='ltr'><strong>it</strong></span> 
     </span>
    </p>
   </div>
   <div class='ocr_carea' id='block_1_87' title="bbox 2235 4725 3810 4814">
    <p class='ocr_par' dir='ltr' id='par_1_87' title="bbox 2260 4725 3810 4807">
     <span class='ocr_line' id='line_1_87' title="bbox 2260 4725 3810 4807; baseline -0.007 -18"><span class='ocrx_word' id='word_1_599' title='bbox 2260 4736 2474 4807; x_wconf 72' lang='grc' dir='ltr'>μιανόςο</span> <span class='ocrx_word' id='word_1_600' title='bbox 2505 4734 2584 4805; x_wconf 82' lang='grc' dir='ltr'>τῷ</span> <span class='ocrx_word' id='word_1_601' title='bbox 2604 4733 2754 4805; x_wconf 88' lang='grc' dir='ltr'><strong>χορῷ</strong></span> <span class='ocrx_word' id='word_1_602' title='bbox 2788 4733 2889 4805; x_wconf 83' lang='grc' dir='ltr'>μὲν</span> <span class='ocrx_word' id='word_1_603' title='bbox 2939 4734 3048 4786; x_wconf 84' lang='grc' dir='ltr'><strong>τῶν</strong></span> <span class='ocrx_word' id='word_1_604' title='bbox 3104 4730 3498 4804; x_wconf 75' lang='grc' dir='ltr'>πρεσϐυτέρων</span> <span class='ocrx_word' id='word_1_605' title='bbox 3550 4725 3810 4790; x_wconf 79' lang='grc' dir='ltr'>κατειλεγ-</span> 
     </span>
    </p>
   </div>
   <div class='ocr_carea' id='block_1_88' title="bbox 559 4817 2126 4904">
    <p class='ocr_par' dir='ltr' id='par_1_88' title="bbox 559 4833 2125 4904">
     <span class='ocr_line' id='line_1_88' title="bbox 559 4833 2125 4904; baseline -0.002 -14"><span class='ocrx_word' id='word_1_606' title='bbox 559 4835 871 4891; x_wconf 82' lang='lat' dir='ltr'><strong>monastica</strong></span> <span class='ocrx_word' id='word_1_607' title='bbox 916 4836 1028 4889; x_wconf 86' lang='lat' dir='ltr'><strong>vita</strong></span> <span class='ocrx_word' id='word_1_608' title='bbox 1080 4835 1310 4890; x_wconf 78' lang='lat' dir='ltr'><strong>vixerat.</strong></span> <span class='ocrx_word' id='word_1_609' title='bbox 1342 4833 1505 4904; x_wconf 78' lang='lat'><strong>522</strong></span> <span class='ocrx_word' id='word_1_610' title='bbox 1540 4833 1847 4903; x_wconf 78' lang='lat' dir='ltr'><strong>Religionis</strong></span> <span class='ocrx_word' id='word_1_611' title='bbox 1897 4833 1986 4888; x_wconf 87' lang='lat' dir='ltr'><strong>hic</strong></span> <span class='ocrx_word' id='word_1_612' title='bbox 2038 4848 2125 4887; x_wconf 84' lang='lat' dir='ltr'><strong>ma</strong></span> 
     </span>
    </p>
   </div>
   <div class='ocr_carea' id='block_1_89' title="bbox 2235 4817 3813 4904">
    <p class='ocr_par' dir='ltr' id='par_1_89' title="bbox 2262 4817 3813 4901">
     <span class='ocr_line' id='line_1_89' title="bbox 2262 4817 3813 4901; baseline -0.012 -10"><span class='ocrx_word' id='word_1_613' title='bbox 2262 4830 2445 4901; x_wconf 78' lang='grc' dir='ltr'>μένος,</span> <span class='ocrx_word' id='word_1_614' title='bbox 2483 4829 2773 4900; x_wconf 79' lang='grc' dir='ltr'>ἀσκητικῷ</span> <span class='ocrx_word' id='word_1_615' title='bbox 2812 4828 2870 4883; x_wconf 78' lang='grc' dir='ltr'>δὲ</span> <span class='ocrx_word' id='word_1_616' title='bbox 2900 4828 3002 4900; x_wconf 85' lang='grc' dir='ltr'>βίῳ</span> <span class='ocrx_word' id='word_1_617' title='bbox 3024 4829 3398 4900; x_wconf 84' lang='grc' dir='ltr'>χρησάμενος,</span> <span class='ocrx_word' id='word_1_618' title='bbox 3464 4821 3739 4881; x_wconf 87' lang='grc' dir='ltr'>εὐλαϐείας</span> <span class='ocrx_word' id='word_1_619' title='bbox 3764 4817 3813 4870; x_wconf 67' lang='grc' dir='ltr'><strong>δὲ</strong></span> 
     </span>
    </p>
   </div>
   <div class='ocr_carea' id='block_1_90' title="bbox 562 4916 2126 4996">
    <p class='ocr_par' dir='ltr' id='par_1_90' title="bbox 562 4925 2126 4996">
     <span class='ocr_line' id='line_1_90' title="bbox 562 4925 2126 4996; baseline -0.004 -12"><span class='ocrx_word' id='word_1_620' title='bbox 562 4930 710 4984; x_wconf 71' lang='lat' dir='ltr'><strong>xime</strong></span> <span class='ocrx_word' id='word_1_621' title='bbox 743 4927 962 4984; x_wconf 89' lang='lat' dir='ltr'><strong>laudem</strong></span> <span class='ocrx_word' id='word_1_622' title='bbox 1009 4935 1345 4983; x_wconf 87' lang='lat' dir='ltr'><strong>consecutus</strong></span> <span class='ocrx_word' id='word_1_623' title='bbox 1395 4928 1598 4988; x_wconf 79' lang='lat' dir='ltr'><strong>fuerat,</strong></span> <span class='ocrx_word' id='word_1_624' title='bbox 1651 4942 1715 4979; x_wconf 83' lang='lat' dir='ltr'><strong>ex</strong></span> <span class='ocrx_word' id='word_1_625' title='bbox 1746 4941 1815 4980; x_wconf 93' lang='lat' dir='ltr'><strong>eo</strong></span> <span class='ocrx_word' id='word_1_626' title='bbox 1847 4925 1994 4996; x_wconf 89' lang='lat' dir='ltr'><strong>quod</strong></span> <span class='ocrx_word' id='word_1_627' title='bbox 2030 4940 2126 4994; x_wconf 87' lang='lat' dir='ltr'><strong>pro</strong></span> 
     </span>
    </p>
   </div>
   <div class='ocr_carea' id='block_1_91' title="bbox 2235 4916 3813 4996">
    <p class='ocr_par' dir='ltr' id='par_1_91' title="bbox 2264 4916 3813 4993">
     <span class='ocr_line' id='line_1_91' title="bbox 2264 4916 3813 4993; baseline -0.021 1"><span class='ocrx_word' id='word_1_628' title='bbox 2264 4922 2532 4993; x_wconf 74' lang='grc' dir='ltr'>μεγίστης</span> <span class='ocrx_word' id='word_1_629' title='bbox 2573 4922 2749 4992; x_wconf 69' lang='grc' dir='ltr'>ὄνομα</span> <span class='ocrx_word' id='word_1_630' title='bbox 2775 4922 3114 4993; x_wconf 75' lang='grc' dir='ltr'>περιέκειτοο</span> <span class='ocrx_word' id='word_1_631' title='bbox 3147 4916 3229 4984; x_wconf 76' lang='grc' dir='ltr'>οἷς</span> <span class='ocrx_word' id='word_1_632' title='bbox 3259 4920 3483 4982; x_wconf 83' lang='grc' dir='ltr'>οἰκείοις</span> <span class='ocrx_word' id='word_1_633' title='bbox 3522 4916 3813 4983; x_wconf 80' lang='grc' dir='ltr'>ἀναλώμασι</span> 
     </span>
    </p>
   </div>
   <div class='ocr_carea' id='block_1_92' title="bbox 564 5005 2126 5093">
    <p class='ocr_par' dir='ltr' id='par_1_92' title="bbox 564 5017 2118 5093">
     <span class='ocr_line' id='line_1_92' title="bbox 564 5017 2118 5093; baseline -0.003 -17"><span class='ocrx_word' id='word_1_634' title='bbox 564 5022 705 5092; x_wconf 89' lang='lat' dir='ltr'><strong>priis</strong></span> <span class='ocrx_word' id='word_1_635' title='bbox 755 5021 1072 5093; x_wconf 86' lang='lat' dir='ltr'><strong>sumptibus</strong></span> <span class='ocrx_word' id='word_1_636' title='bbox 1116 5020 1494 5075; x_wconf 89' lang='lat' dir='ltr'><strong>monumentis</strong></span> <span class='ocrx_word' id='word_1_637' title='bbox 1546 5020 1904 5080; x_wconf 81' lang='lat' dir='ltr'><strong>constructis.</strong></span> <span class='ocrx_word' id='word_1_638' title='bbox 1957 5017 2011 5072; x_wconf 91' lang='lat' dir='ltr'><strong>in</strong></span> <span class='ocrx_word' id='word_1_639' title='bbox 2069 5018 2118 5071; x_wconf 90' lang='lat' dir='ltr'><strong>ei</strong></span> 
     </span>
    </p>
   </div>
   <div class='ocr_carea' id='block_1_93' title="bbox 2235 5005 3814 5093">
    <p class='ocr_par' dir='ltr' id='par_1_93' title="bbox 2263 5005 3814 5086">
     <span class='ocr_line' id='line_1_93' title="bbox 2263 5005 3814 5086; baseline -0.008 -18"><span class='ocrx_word' id='word_1_640' title='bbox 2263 5018 2513 5086; x_wconf 76' lang='grc' dir='ltr'>μνημεῖα</span> <span class='ocrx_word' id='word_1_641' title='bbox 2546 5012 3005 5079; x_wconf 83' lang='grc' dir='ltr'>κατεσκευακὼς,</span> <span class='ocrx_word' id='word_1_642' title='bbox 3037 5015 3095 5067; x_wconf 72' lang='grc' dir='ltr'><strong>ἰν</strong></span> <span class='ocrx_word' id='word_1_643' title='bbox 3117 5015 3307 5079; x_wconf 74' lang='grc' dir='ltr'>αὐτοῖς</span> <span class='ocrx_word' id='word_1_644' title='bbox 3339 5013 3610 5067; x_wconf 81' lang='grc' dir='ltr'>κατετίθει</span> <span class='ocrx_word' id='word_1_645' title='bbox 3635 5009 3697 5062; x_wconf 84' lang='grc' dir='ltr'>τὰ</span> <span class='ocrx_word' id='word_1_646' title='bbox 3722 5005 3814 5057; x_wconf 79' lang='grc' dir='ltr'>τῶν</span> 
     </span>
    </p>
   </div>
   <div class='ocr_carea' id='block_1_94' title="bbox 565 5097 2126 5183">
    <p class='ocr_par' dir='ltr' id='par_1_94' title="bbox 565 5111 2121 5183">
     <span class='ocr_line' id='line_1_94' title="bbox 565 5111 2121 5183; baseline -0.001 -18"><span class='ocrx_word' id='word_1_647' title='bbox 565 5113 661 5183; x_wconf 84' lang='lat' dir='ltr'><strong>pie</strong></span> <span class='ocrx_word' id='word_1_648' title='bbox 688 5111 1080 5169; x_wconf 77' lang='lat' dir='ltr'><strong>defunctorum</strong></span> <span class='ocrx_word' id='word_1_649' title='bbox 1115 5112 1383 5182; x_wconf 89' lang='lat' dir='ltr'><strong>reliquias</strong></span> <span class='ocrx_word' id='word_1_650' title='bbox 1415 5118 1731 5180; x_wconf 89' lang='lat' dir='ltr'><strong>reponeret.</strong></span> <span class='ocrx_word' id='word_1_651' title='bbox 1766 5111 1831 5165; x_wconf 83' lang='lat' dir='ltr'><strong>Et</strong></span> <span class='ocrx_word' id='word_1_652' title='bbox 1862 5120 2121 5180; x_wconf 88' lang='lat' dir='ltr'><strong>preptere</strong></span> 
     </span>
    </p>
   </div>
   <div class='ocr_carea' id='block_1_95' title="bbox 2235 5097 3814 5183">
    <p class='ocr_par' dir='ltr' id='par_1_95' title="bbox 2258 5097 3814 5177">
     <span class='ocr_line' id='line_1_95' title="bbox 2258 5097 3814 5177; baseline -0.004 -17"><span class='ocrx_word' id='word_1_653' title='bbox 2258 5107 2503 5172; x_wconf 68' lang='grc' dir='ltr'>εὐλαϐῶς</span> <span class='ocrx_word' id='word_1_654' title='bbox 2532 5107 2916 5161; x_wconf 82' lang='grc' dir='ltr'>τελευτώντων</span> <span class='ocrx_word' id='word_1_655' title='bbox 2941 5106 3198 5177; x_wconf 76' lang='grc' dir='ltr'>λείψανα.</span> <span class='ocrx_word' id='word_1_656' title='bbox 3243 5107 3482 5177; x_wconf 72' lang='grc' dir='ltr'>’ἰδιώτης</span> <span class='ocrx_word' id='word_1_657' title='bbox 3532 5105 3587 5158; x_wconf 75' lang='grc' dir='ltr'><strong>δὲ</strong></span> <span class='ocrx_word' id='word_1_658' title='bbox 3613 5102 3684 5156; x_wconf 83' lang='grc' dir='ltr'><strong>ὢν</strong></span> <span class='ocrx_word' id='word_1_659' title='bbox 3735 5097 3814 5150; x_wconf 66' lang='grc' dir='ltr'>τὸν</span> 
     </span>
    </p>
   </div>
   <div class='ocr_carea' id='block_1_96' title="bbox 567 5186 2126 5274">
    <p class='ocr_par' dir='ltr' id='par_1_96' title="bbox 567 5202 2126 5274">
     <span class='ocr_line' id='line_1_96' title="bbox 567 5202 2126 5274; baseline -0.004 -15"><span class='ocrx_word' id='word_1_660' title='bbox 567 5203 719 5274; x_wconf 88' lang='lat' dir='ltr'><strong>quod</strong></span> <span class='ocrx_word' id='word_1_661' title='bbox 761 5203 1015 5258; x_wconf 90' lang='lat' dir='ltr'><strong>doctrina</strong></span> <span class='ocrx_word' id='word_1_662' title='bbox 1039 5204 1237 5274; x_wconf 79' lang='lat' dir='ltr'><strong>exigua</strong></span> <span class='ocrx_word' id='word_1_663' title='bbox 1271 5203 1397 5268; x_wconf 78' lang='lat' dir='ltr'><strong>fuit,</strong></span> <span class='ocrx_word' id='word_1_664' title='bbox 1428 5202 1671 5257; x_wconf 88' lang='lat' dir='ltr'><strong>alienam</strong></span> <span class='ocrx_word' id='word_1_665' title='bbox 1708 5217 1739 5256; x_wconf 88' lang='lat' dir='ltr'><strong>a</strong></span> <span class='ocrx_word' id='word_1_666' title='bbox 1782 5202 1952 5256; x_wconf 88' lang='lat' dir='ltr'><strong>rebus</strong></span> <span class='ocrx_word' id='word_1_667' title='bbox 1992 5216 2126 5270; x_wconf 81' lang='lat' dir='ltr'><strong>ageu</strong></span> 
     </span>
    </p>
   </div>
   <div class='ocr_carea' id='block_1_97' title="bbox 2235 5186 3812 5274">
    <p class='ocr_par' dir='ltr' id='par_1_97' title="bbox 2257 5186 3812 5273">
     <span class='ocr_line' id='line_1_97' title="bbox 2257 5186 3812 5273; baseline -0.005 -19"><span class='ocrx_word' id='word_1_668' title='bbox 2257 5201 2438 5271; x_wconf 75' lang='grc' dir='ltr'>λόγον,</span> <span class='ocrx_word' id='word_1_669' title='bbox 2509 5201 3035 5273; x_wconf 67' lang='grc' dir='ltr'>ἀπραγμονέστερον</span> <span class='ocrx_word' id='word_1_670' title='bbox 3087 5201 3211 5272; x_wconf 85' lang='grc' dir='ltr'>βίον</span> <span class='ocrx_word' id='word_1_671' title='bbox 3276 5203 3481 5273; x_wconf 67' lang='grc' dir='ltr'>ᾑρεῖτο·</span> <span class='ocrx_word' id='word_1_672' title='bbox 3542 5197 3621 5250; x_wconf 55' lang='grc' dir='ltr'><strong>δὴ</strong></span> <span class='ocrx_word' id='word_1_673' title='bbox 3667 5186 3812 5256; x_wconf 51' lang='grc' dir='ltr'>καὶῆ</span> 
     </span>
    </p>
   </div>
   <div class='ocr_carea' id='block_1_98' title="bbox 569 5286 2126 5367">
    <p class='ocr_par' dir='ltr' id='par_1_98' title="bbox 569 5291 2126 5367">
     <span class='ocr_line' id='line_1_98' title="bbox 569 5291 2126 5367; baseline -0.004 -16"><span class='ocrx_word' id='word_1_674' title='bbox 569 5297 657 5352; x_wconf 89' lang='lat' dir='ltr'><strong>dis</strong></span> <span class='ocrx_word' id='word_1_675' title='bbox 678 5296 960 5367; x_wconf 85' lang='lat' dir='ltr'><strong>delegerat</strong></span> <span class='ocrx_word' id='word_1_676' title='bbox 985 5296 1174 5350; x_wconf 84' lang='lat' dir='ltr'><strong>vitam.</strong></span> <span class='ocrx_word' id='word_1_677' title='bbox 1224 5295 1397 5360; x_wconf 79' lang='lat' dir='ltr'><strong>Quam</strong></span> <span class='ocrx_word' id='word_1_678' title='bbox 1430 5293 1502 5348; x_wconf 90' lang='lat' dir='ltr'><strong>ob</strong></span> <span class='ocrx_word' id='word_1_679' title='bbox 1533 5308 1754 5346; x_wconf 84' lang='lat' dir='ltr'><strong>causam</strong></span> <span class='ocrx_word' id='word_1_680' title='bbox 1783 5291 2019 5347; x_wconf 83' lang='lat' dir='ltr'><strong>ecclesia</strong></span> <span class='ocrx_word' id='word_1_681' title='bbox 2055 5293 2126 5346; x_wconf 76' lang='lat' dir='ltr'><strong>su‘</strong></span> 
     </span>
    </p>
   </div>
   <div class='ocr_carea' id='block_1_99' title="bbox 2235 5286 3813 5367">
    <p class='ocr_par' dir='ltr' id='par_1_99' title="bbox 2258 5286 3813 5367">
     <span class='ocr_line' id='line_1_99' title="bbox 2258 5286 3813 5367; baseline -0.003 -20"><span class='ocrx_word' id='word_1_682' title='bbox 2258 5295 2528 5367; x_wconf 78' lang='grc' dir='ltr'>ἐκκλησία</span> <span class='ocrx_word' id='word_1_683' title='bbox 2576 5295 2671 5349; x_wconf 77' lang='grc' dir='ltr'>ἐπὶ</span> <span class='ocrx_word' id='word_1_684' title='bbox 2731 5294 2925 5349; x_wconf 82' lang='grc' dir='ltr'>τούτου</span> <span class='ocrx_word' id='word_1_685' title='bbox 2990 5294 3216 5366; x_wconf 79' lang='grc' dir='ltr'>βαθείας</span> <span class='ocrx_word' id='word_1_686' title='bbox 3277 5294 3498 5363; x_wconf 78' lang='grc' dir='ltr'>εἰρήνης</span> <span class='ocrx_word' id='word_1_687' title='bbox 3533 5286 3813 5356; x_wconf 70' lang='grc' dir='ltr'>ἀπήλαυσες</span> 
     </span>
    </p>
   </div>
   <div class='ocr_carea' id='block_1_100' title="bbox 566 5368 2126 5458">
    <p class='ocr_par' dir='ltr' id='par_1_100' title="bbox 566 5368 2125 5456">
     <span class='ocr_line' id='line_1_100' title="bbox 566 5368 2125 5456; baseline -0.006 -11"><span class='ocrx_word' id='word_1_688' title='bbox 566 5405 634 5445; x_wconf 90' lang='lat' dir='ltr'><strong>eo</strong></span> <span class='ocrx_word' id='word_1_689' title='bbox 681 5390 929 5445; x_wconf 80' lang='lat' dir='ltr'><strong>externis</strong></span> <span class='ocrx_word' id='word_1_690' title='bbox 987 5403 1177 5445; x_wconf 89' lang='lat' dir='ltr'><strong>rerum</strong></span> <span class='ocrx_word' id='word_1_691' title='bbox 1231 5386 1492 5443; x_wconf 83' lang='lat' dir='ltr'><strong>ﬂuetibus</strong></span> <span class='ocrx_word' id='word_1_692' title='bbox 1543 5368 1759 5454; x_wconf 79' lang='lat' dir='ltr'><strong>libera,</strong></span> <span class='ocrx_word' id='word_1_693' title='bbox 1815 5400 1950 5456; x_wconf 84' lang='lat' dir='ltr'><strong>pace</strong></span> <span class='ocrx_word' id='word_1_694' title='bbox 1987 5384 2125 5439; x_wconf 86' lang='lat' dir='ltr'><strong>mult</strong></span> 
     </span>
    </p>
   </div>
   <div class='ocr_carea' id='block_1_101' title="bbox 2235 5368 3814 5458">
    <p class='ocr_par' dir='ltr' id='par_1_101' title="bbox 2260 5380 3814 5458">
     <span class='ocr_line' id='line_1_101' title="bbox 2260 5380 3814 5458; baseline -0.012 -19"><span class='ocrx_word' id='word_1_695' title='bbox 2260 5386 2370 5439; x_wconf 83' lang='grc' dir='ltr'><strong>τῶν</strong></span> <span class='ocrx_word' id='word_1_696' title='bbox 2407 5385 2611 5452; x_wconf 76' lang='grc' dir='ltr'>ἔξωθεν</span> <span class='ocrx_word' id='word_1_697' title='bbox 2649 5388 2986 5458; x_wconf 79' lang='grc' dir='ltr'>ὴρεμήσασα</span> <span class='ocrx_word' id='word_1_698' title='bbox 3031 5387 3234 5443; x_wconf 81' lang='grc' dir='ltr'>σάλων.</span> <span class='ocrx_word' id='word_1_699' title='bbox 3277 5387 3404 5442; x_wconf 68' lang='grc' dir='ltr'>Ἐπὶ</span> <span class='ocrx_word' id='word_1_700' title='bbox 3438 5384 3557 5438; x_wconf 75' lang='grc' dir='ltr'>δυσὶ</span> <span class='ocrx_word' id='word_1_701' title='bbox 3590 5380 3631 5433; x_wconf 88' lang='grc' dir='ltr'><strong>δ’</strong></span> <span class='ocrx_word' id='word_1_702' title='bbox 3657 5381 3814 5429; x_wconf 81' lang='grc' dir='ltr'>ὲνιαυ·</span> 
     </span>
    </p>
   </div>
   <div class='ocr_carea' id='block_1_102' title="bbox 567 5466 2126 5554">
    <p class='ocr_par' dir='ltr' id='par_1_102' title="bbox 567 5478 2126 5554">
     <span class='ocr_line' id='line_1_102' title="bbox 567 5478 2126 5554; baseline -0.004 -18"><span class='ocrx_word' id='word_1_703' title='bbox 567 5482 749 5539; x_wconf 71' lang='lat' dir='ltr'><strong>lzetata</strong></span> <span class='ocrx_word' id='word_1_704' title='bbox 778 5492 887 5540; x_wconf 90' lang='lat' dir='ltr'><strong>est.</strong></span> <span class='ocrx_word' id='word_1_705' title='bbox 925 5487 1106 5554; x_wconf 83' lang='lat' dir='ltr'><strong>Atque</strong></span> <span class='ocrx_word' id='word_1_706' title='bbox 1149 5482 1243 5537; x_wconf 89' lang='lat' dir='ltr'><strong>ubi</strong></span> <span class='ocrx_word' id='word_1_707' title='bbox 1280 5498 1456 5537; x_wconf 86' lang='lat' dir='ltr'><strong>annos</strong></span> <span class='ocrx_word' id='word_1_708' title='bbox 1490 5481 1632 5537; x_wconf 88' lang='lat' dir='ltr'><strong>duos</strong></span> <span class='ocrx_word' id='word_1_709' title='bbox 1659 5491 1714 5538; x_wconf 88' lang='lat' dir='ltr'><strong>et</strong></span> <span class='ocrx_word' id='word_1_710' title='bbox 1748 5494 1971 5535; x_wconf 90' lang='lat' dir='ltr'><strong>menses</strong></span> <span class='ocrx_word' id='word_1_711' title='bbox 1997 5478 2126 5548; x_wconf 89' lang='lat' dir='ltr'><strong>quin</strong></span> 
     </span>
    </p>
   </div>
   <div class='ocr_carea' id='block_1_103' title="bbox 2235 5466 3795 5554">
    <p class='ocr_par' dir='ltr' id='par_1_103' title="bbox 2267 5466 3795 5552">
     <span class='ocr_line' id='line_1_103' title="bbox 2267 5466 3795 5552; baseline -0.009 -20"><span class='ocrx_word' id='word_1_712' title='bbox 2267 5482 2380 5543; x_wconf 80' lang='grc' dir='ltr'>τοῖς</span> <span class='ocrx_word' id='word_1_713' title='bbox 2409 5482 2506 5534; x_wconf 75' lang='grc' dir='ltr'><strong>καὶ</strong></span> <span class='ocrx_word' id='word_1_714' title='bbox 2550 5482 2686 5552; x_wconf 85' lang='grc' dir='ltr'><strong>μησί</strong></span> <span class='ocrx_word' id='word_1_715' title='bbox 2712 5480 2878 5534; x_wconf 84' lang='grc' dir='ltr'>πέντε</span> <span class='ocrx_word' id='word_1_716' title='bbox 2912 5470 3207 5549; x_wconf 82' lang='grc' dir='ltr'>εἰρηνικῶς</span> <span class='ocrx_word' id='word_1_717' title='bbox 3272 5477 3379 5549; x_wconf 81' lang='grc' dir='ltr'>τὴν</span> <span class='ocrx_word' id='word_1_718' title='bbox 3410 5471 3699 5544; x_wconf 79' lang='grc' dir='ltr'>ἐκκλησίαν</span> <span class='ocrx_word' id='word_1_719' title='bbox 3723 5466 3795 5521; x_wconf 73' lang='grc' dir='ltr'>ἰθύ</span> 
     </span>
    </p>
   </div>
   <div class='ocr_carea' id='block_1_104' title="bbox 568 5572 2157 5648">
    <p class='ocr_par' dir='ltr' id='par_1_104' title="bbox 568 5572 2157 5648">
     <span class='ocr_line' id='line_1_104' title="bbox 568 5572 2157 5648; baseline -0.001 -20"><span class='ocrx_word' id='word_1_720' title='bbox 568 5592 680 5647; x_wconf 88' lang='lat' dir='ltr'><strong>que</strong></span> <span class='ocrx_word' id='word_1_721' title='bbox 742 5577 970 5648; x_wconf 73' lang='lat' dir='ltr'><strong>paciﬁce</strong></span> <span class='ocrx_word' id='word_1_722' title='bbox 1047 5575 1343 5633; x_wconf 83' lang='lat' dir='ltr'><strong>ecclesiam</strong></span> <span class='ocrx_word' id='word_1_723' title='bbox 1401 5574 1850 5637; x_wconf 86' lang='lat' dir='ltr'><strong>administravit,</strong></span> <span class='ocrx_word' id='word_1_724' title='bbox 1922 5572 2157 5642; x_wconf 86' lang='lat' dir='ltr'><strong>septima</strong></span> 
     </span>
    </p>
   </div>
   <div class='ocr_carea' id='block_1_105' title="bbox 566 5666 2160 5743">
    <p class='ocr_par' dir='ltr' id='par_1_105' title="bbox 566 5666 2160 5743">
     <span class='ocr_line' id='line_1_105' title="bbox 566 5666 2160 5743; baseline -0.003 -18"><span class='ocrx_word' id='word_1_725' title='bbox 566 5669 767 5743; x_wconf 75' lang='lat' dir='ltr'><strong>jejunii</strong></span> <span class='ocrx_word' id='word_1_726' title='bbox 801 5672 1018 5728; x_wconf 87' lang='lat' dir='ltr'><strong>dierum</strong></span> <span class='ocrx_word' id='word_1_727' title='bbox 1072 5669 1402 5741; x_wconf 79' lang='lat' dir='ltr'><strong>septimana,</strong></span> <span class='ocrx_word' id='word_1_728' title='bbox 1441 5686 1505 5726; x_wconf 90' lang='lat' dir='ltr'><strong>ea</strong></span> <span class='ocrx_word' id='word_1_729' title='bbox 1537 5685 1661 5741; x_wconf 76' lang='lat' dir='ltr'><strong>qua:</strong></span> <span class='ocrx_word' id='word_1_730' title='bbox 1710 5667 1915 5725; x_wconf 84' lang='lat' dir='ltr'><strong>dicitur</strong></span> <span class='ocrx_word' id='word_1_731' title='bbox 1964 5666 2160 5737; x_wconf 81' lang='lat' dir='ltr'><strong>Magna</strong></span> 
     </span>
    </p>
   </div>
   <div class='ocr_carea' id='block_1_106' title="bbox 2275 5561 3816 5661">
    <p class='ocr_par' dir='ltr' id='par_1_106' title="bbox 2275 5561 3816 5661">
     <span class='ocr_line' id='line_1_106' title="bbox 2275 5561 3816 5661; baseline -0.01 -34"><span class='ocrx_word' id='word_1_732' title='bbox 2275 5590 2396 5637; x_wconf 89' lang='grc' dir='ltr'>νας,</span> <span class='ocrx_word' id='word_1_733' title='bbox 2429 5575 2694 5628; x_wconf 78' lang='grc' dir='ltr'>ἐτελεύτα</span> <span class='ocrx_word' id='word_1_734' title='bbox 2722 5576 2817 5628; x_wconf 83' lang='grc' dir='ltr'><strong>τὸν</strong></span> <span class='ocrx_word' id='word_1_735' title='bbox 2851 5574 2966 5645; x_wconf 78' lang='grc' dir='ltr'>βίον</span> <span class='ocrx_word' id='word_1_736' title='bbox 2998 5577 3144 5628; x_wconf 72' lang='grc' dir='ltr'>κατὰ</span> <span class='ocrx_word' id='word_1_737' title='bbox 3172 5574 3272 5645; x_wconf 79' lang='grc' dir='ltr'>τὴν</span> <span class='ocrx_word' id='word_1_738' title='bbox 3314 5574 3551 5643; x_wconf 77' lang='grc' dir='ltr'>ἑϐδόμην</span> <span class='ocrx_word' id='word_1_739' title='bbox 3575 5561 3816 5661; x_wconf 68' lang='grc' dir='ltr'>ἑϐϐομὰδα</span> 
     </span>
    </p>
   </div>
   <div class='ocr_carea' id='block_1_107' title="bbox 2269 5665 3809 5741">
    <p class='ocr_par' dir='ltr' id='par_1_107' title="bbox 2269 5665 3809 5741">
     <span class='ocr_line' id='line_1_107' title="bbox 2269 5665 3809 5741; baseline 0.002 -21"><span class='ocrx_word' id='word_1_740' title='bbox 2269 5668 2379 5721; x_wconf 83' lang='grc' dir='ltr'><strong>τῶν</strong></span> <span class='ocrx_word' id='word_1_741' title='bbox 2426 5670 2712 5740; x_wconf 84' lang='grc' dir='ltr'>νηστειῶν,</span> <span class='ocrx_word' id='word_1_742' title='bbox 2774 5671 2873 5740; x_wconf 81' lang='grc' dir='ltr'>τῆς</span> <span class='ocrx_word' id='word_1_743' title='bbox 2934 5668 3201 5740; x_wconf 82' lang='grc' dir='ltr'>Μεγάλης</span> <span class='ocrx_word' id='word_1_744' title='bbox 3237 5671 3508 5741; x_wconf 71' lang='grc' dir='ltr'>ἀγομένης</span> <span class='ocrx_word' id='word_1_745' title='bbox 3561 5665 3809 5733; x_wconf 76' lang='grc' dir='ltr'>πέμπτης-</span> 
     </span>
    </p>
   </div>
   <div class='ocr_carea' id='block_1_108' title="bbox 574 5773 3814 5918">
    <p class='ocr_par' dir='ltr' id='par_1_108' title="bbox 574 5773 3814 5918">
     <span class='ocr_line' id='line_1_108' title="bbox 574 5773 3814 5918; baseline -0.002 -77"><span class='ocrx_word' id='word_1_746' title='bbox 574 5859 613 5918; x_wconf 50' lang='lat' dir='ltr'><strong>h</strong></span> <span class='ocrx_word' id='word_1_747' title='bbox 648 5787 725 5856; x_wconf 81' lang='grc' dir='ltr'><strong>(Ι)</strong></span> <span class='ocrx_word' id='word_1_748' title='bbox 766 5786 1262 5915; x_wconf 59' lang='lat' dir='ltr'><strong>llmcmconsltitutio</strong></span> <span class='ocrx_word' id='word_1_749' title='bbox 1317 5786 1478 5845; x_wconf 88' lang='lat' dir='ltr'><strong>hodie</strong></span> <span class='ocrx_word' id='word_1_750' title='bbox 1529 5801 1636 5841; x_wconf 91' lang='lat' dir='ltr'><strong>non</strong></span> <span class='ocrx_word' id='word_1_751' title='bbox 1683 5792 1878 5844; x_wconf 78' lang='lat' dir='ltr'><strong>exstat.</strong></span> <span class='ocrx_word' id='word_1_752' title='bbox 1935 5784 2167 5840; x_wconf 79' lang='lat' dir='ltr'><strong>Damnat</strong></span> <span class='ocrx_word' id='word_1_753' title='bbox 2193 5794 2375 5842; x_wconf 85' lang='lat' dir='ltr'><strong>autem</strong></span> <span class='ocrx_word' id='word_1_754' title='bbox 2407 5786 2762 5845; x_wconf 80' lang='lat' dir='ltr'><strong>Nestorianos</strong></span> <span class='ocrx_word' id='word_1_755' title='bbox 2797 5786 2886 5843; x_wconf 91' lang='lat' dir='ltr'><strong>hic</strong></span> <span class='ocrx_word' id='word_1_756' title='bbox 2917 5787 3240 5859; x_wconf 71' lang='lat' dir='ltr'><strong>imperator,</strong></span> <span class='ocrx_word' id='word_1_757' title='bbox 3273 5788 3307 5845; x_wconf 97' lang='lat'><strong>|.</strong></span> <span class='ocrx_word' id='word_1_758' title='bbox 3348 5787 3621 5840; x_wconf 72' lang='lat' dir='ltr'><strong>Dmuuato.</strong></span> <span class='ocrx_word' id='word_1_759' title='bbox 3663 5775 3718 5830; x_wconf 72' lang='grc' dir='ltr'><strong>(ἶ.</strong></span> <span class='ocrx_word' id='word_1_760' title='bbox 3753 5773 3814 5825; x_wconf 65' lang='lat' dir='ltr'><strong>De</strong></span> 
     </span>
     <span class='ocr_line' id='line_1_109' title="bbox 617 5868 2039 5916; baseline 0.002 -1"><span class='ocrx_word' id='word_1_761' title='bbox 617 5872 771 5916; x_wconf 76' lang='lat' dir='ltr'><strong>aerei.</strong></span> <span class='ocrx_word' id='word_1_762' title='bbox 803 5868 857 5914; x_wconf 91' lang='lat' dir='ltr'><strong>ct</strong></span> <span class='ocrx_word' id='word_1_763' title='bbox 935 5875 1056 5916; x_wconf 85' lang='lat' dir='ltr'><strong>amc</strong></span> <span class='ocrx_word' id='word_1_764' title='bbox 1079 5877 1118 5915; x_wconf 85' lang='grc' dir='ltr'>ι.</span> <span class='ocrx_word' id='word_1_765' title='bbox 2034 5906 2039 5909; x_wconf 49' lang='grc' dir='ltr'><strong>μ</strong></span> 
     </span>
    </p>
   </div>
   <div class='ocr_carea' id='block_1_109' title="bbox 617 5868 1118 5916">
    <p class='ocr_par' dir='ltr' id='par_1_109' title="bbox 617 5868 1118 5916">
     <span class='ocr_line' id='line_1_110' title="bbox 617 5868 1118 5916; baseline -0.002 -1"><span class='ocrx_word' id='word_1_766' title='bbox 617 5872 771 5916; x_wconf 64' lang='lat' dir='ltr'><strong>mret.</strong></span> <span class='ocrx_word' id='word_1_767' title='bbox 803 5868 857 5914; x_wconf 91' lang='lat' dir='ltr'><strong>ct</strong></span> <span class='ocrx_word' id='word_1_768' title='bbox 880 5868 1118 5916; x_wconf 77' lang='lat' dir='ltr'><strong>Manich.</strong></span> 
     </span>
    </p>
   </div>
  </div>
