4092 6472
320 407 459 471 1185

1261 408 1870 470 ECCLESIASTIC/E
1911 409 2303 470 HISTOItl/E
2343 410 2492 475 LIB.
2535 411 2693 476 XIV.

3454 417 3587 483 1186

318 532 456 581 Τότε
499 528 559 581 δὲ
588 526 682 581 καὶ
740 528 767 579 ὁ
838 526 1093 598 βασιλεὺς
1147 523 1453 589 Θεοδόσιος.
1520 527 1612 579 καὶ
1670 526 1902 595 μάλιστα

2021 526 2197 592 ιιιίιιῐξι
2219 526 2327 590 die,
2352 537 2604 581 mortuus
2623 535 2728 582 est.
2755 527 2892 582 Tum
2921 542 3046 602 vero
3078 529 3374 599 imperator
3397 533 3585 589 Theo-

321 619 631 690 Πουλχερία
685 621 718 690 ἠ
780 618 1017 689 βασιλὶς,
1096 619 1192 673 τοῦ
1260 619 1592 690 πράγματος
1638 621 1902 697 πρόνοιαν

317 713 676 784 ἐποιήσαντο.
713 714 830 766 ἰνα
869 712 978 783 γὰρ
1034 714 1110 784 μὴ
1142 712 1305 765 πάλιν
1366 713 1673 782 πράγματα
1735 711 1903 782 ἔχωσι

316 790 451 876 τέρὶ
489 806 753 877 ἑπιλογῆς
773 806 1077 859 ἐπισκόπου
1118 799 1200 869 οἷς
1242 807 1467 875 συγχεῖν
1524 808 1595 859 τὰ
1631 805 1731 874 τῆς
1806 807 1901 857 ἐκ·

318 899 554 966 κλησίας
612 895 849 966 ἔμελλε,
914 897 1191 966 μελλήσας
1274 895 1466 966 μηδὲν,
1519 896 1602 949 ἔτι
1676 912 1904 966 προκει-

321 990 486 1060 μένου
551 987 645 1042 τοῦ
704 989 956 1059 σώματος
1010 988 1375 1060 Μαξιμιανοῦ,
1445 990 1571 1052 τοὺς
1632 1004 1904 1059 παρευρε-

318 1082 514 1145 θέντας
568 1082 677 1135 τῶν
735 1082 1053 1136 ἐπισκόπων
1106 1083 1391 1152 ἀθροίσας,
1446 1081 1773 1152 ἑνθρονίζειν
1810 1083 1903 1136 τὸν

320 1174 567 1244 Πρόκλον
591 1174 990 1245 προύτρέπετο.
1007 1176 1115 1244 Τῆς
1146 1175 1254 1244 γὰρ
1277 1192 1341 1227 πε
1353 1175 1406 1245 pl.
1422 1177 1634 1228 ἐκείνου
1659 1174 1903 1245 σκέψεως

320 1268 588 1336 πρότερον
618 1264 808 1335 οὔσης,
837 1266 933 1320 καὶ
956 1267 1282 1329 Κελεστίνος
1313 1269 1341 1319 ὁ
1386 1270 1486 1335 τῆς
1532 1267 1752 1336 Ῥώμης
1781 1268 1903 1320 ὲπί-

322 1376 527 1422 σκοπος
554 1357 848 1428 σύμψηφος
881 1359 947 1413 δι’
973 1359 1273 1411 ἐπιστολῶν
1293 1355 1380 1429 ἦν,
1404 1359 1540 1429 πρός
1555 1376 1612 1411 τε
1631 1358 1903 1430 Κύριλλον

319 1453 411 1505 τὸν
445 1451 754 1516 θεσπέσιον,
777 1452 873 1505 καὶ
959 1451 1218 1522 Ἰωάννην
1246 1451 1337 1503 τὸν
1392 1452 1746 1522 Ἀντιοχείας,
1807 1453 1905 1506 καὶ

319 1544 412 1597 τδν
446 1542 851 1612 Θεσσαλονίκης
906 1540 1136 1613 Ῥοῦφον
1171 1543 1424 1611 γράφων,
1457 1543 1551 1596 καὶ
1596 1544 1730 1595 πᾶσι
1778 1543 1906 1614 τρό-

321 1653 446 1700 ποις
473 1634 851 1689 ἀναδιδάσκων
880 1635 1049 1704 μηδὲν
1089 1634 1341 1704 ἐμποδὼν
1372 1635 1756 1701 καθίστασθαι,
1813 1635 1904 1687 τὸν

321 1731 514 1799 ἑτέρας
547 1728 756 1790 πόλεως
796 1727 925 1780 ὄντα
958 1727 990 1798 ἢ
1031 1729 1125 1780 καὶ
1157 1728 1532 1798 ὀνομασθέντα
1571 1728 1732 1797 μονον
1781 1726 1904 1780 ἐπί-

323 1842 526 1877 σκοπον
552 1823 633 1886 εἰς
656 1823 852 1893 ἑτέραν
870 1822 1258 1893 μετατίθεσθαι
1287 1823 1462 1877 πόλιν.
1506 1821 1906 1894 Ἐνθρονισθεὶς

322 1911 415 1969 οὖν
446 1915 473 1968 ὁ
515 1915 780 1985 Πρόκλος,
809 1913 1003 1966 ἔπειτα
1031 1913 1130 1984 τὴν
1177 1914 1476 1984 ἐκκομιδὴν
1524 1914 1622 1967 καὶ
1679 1914 1905 1984 κηδείαν

322 2008 419 2059 τοῦ
448 2008 703 2073 σώματος
728 2004 1086 2073 Μαξιμιανοῦ
1120 2007 1380 2069 ἐποιεῖτο,
1410 2006 1477 2059 τὰ
1498 2007 1597 2075 τῆς
1630 2022 1905 2075 πατριαρο

284 2091 297 2109 “
324 2098 449 2167 χίας
480 2099 700 2152 ἅπαντα
732 2099 1093 2168 περιθέμενος
1124 2097 1396 2167 σύμϐολα.
1433 2098 1621 2162 ’Λξιον
1671 2097 1716 2151 δ’
1749 2093 1906 2168 οἶμαι

327 2193 422 2244 καὶ
450 2192 580 2262 περὶ
606 2190 803 2244 τούτου
829 2189 1040 2261 βραχέα
1064 2194 1132 2261 τῇ
1169 2191 1384 2263 ἱστορίᾳ
1426 2192 1688 2246 ἐνθεῖναι.

904 2409 1161 2465 ΚΕΦΑΛ.
1198 2412 1331 2468 AH'.

329 2518 469 2600 Περὶ
493 2522 790 2600 Πρᾴκλοιί,
829 2515 957 2600 οἶος
993 2523 1112 2600 Δτὸν
1140 2524 1330 2592 λόγον
1352 2527 1475 2600 καὶ·
1493 2528 1581 2600 rd‘
1593 2524 1743 2600 ἦθος
1765 2543 1782 2559 θ
1811 2530 1909 2586 καὶ

402 2591 495 2669 (iri
520 2592 682 2669 μάλα
711 2591 792 2669 τῷ
813 2592 1074 2669 ,βασιλεζ
1087 2591 1522 2669 κεχαρισμένος
1548 2591 1626 2669 ﬁt?
1647 2616 1660 2629 ο
1692 2591 1791 2653 καί
1821 2602 1911 2655 ὅτι

326 2680 335 2687 ο
401 2660 647 2739 {furat}
698 2660 1243 2739 τᾷτεῌπαρᾳδόξῴςί
1284 2660 1710 2737 γεγενημένοις
1766 2671 1910 2739 Θεῷ,

404 2732 678 2858 Πὲέὲλος
712 2732 956 2801 ὁμιλίαν
999 2732 1382 2803 ἁρμόζουσαν)
1431 2732 1705 2809 διελθὼν,
1735 2732 1912 2796 ἐάαν-ἶ

404 2819 441 2858 ιι
566 2819 626 2858 η.

405 2984 648 3058 Πρόκλος
679 2985 746 3039 ὲκ
779 2984 1007 3057 πρώτης
1052 2993 1242 3058 τριχὸς
1272 2991 1356 3053 είς
1406 2990 1767 3055 διδασκάλους
1798 3010 1916 3062 φοι-

332 3081 468 3148 τῶν,
500 3083 800 3154 ῥητορικῆς
825 3082 920 3134 ἐπὶ
982 3080 1238 3136 πλεῖστον
1275 3084 1616 3158 ἐπεμελήθη.
1663 3089 1755 3150 Et;
1787 3091 1918 3142 ἀνα-

2006 616 2213 681 dosius,
2246 627 2301 672 et
2351 618 2643 674 Pnlchcria
2683 621 2927 689 Augusta
2972 623 3207 678 maxime
3251 640 3439 678 curam
3467 627 3589 696 eius

2006 708 2082 762 rei
2114 711 2379 779 suscepit.
2413 709 2491 764 Ne
2524 712 2673 766 enim
2706 727 2898 767 rursus
2927 715 3208 783 negotium
3237 714 3320 770 eis
3351 717 3586 771 exhibe-

2006 811 2161 855 retur
2195 801 2264 856 de
2295 803 2566 858 electione
2595 803 2864 874 episcopi,
2908 806 3053 859 unde
3084 806 3303 860 misceri
3342 807 3589 861 eccles'a:

2007 908 2097 948 res
2126 902 2181 949 et
2201 895 2466 949 confundi
2499 896 2836 965 potuissent,
2867 896 3015 949 nulla
3048 897 3144 950 inti
3169 898 3377 966 rposita
3407 914 3585 965 mora,

2006 1001 2133 1040 cum
2179 987 2360 1042 adhuc
2408 987 2723 1040 Maximiani
2778 1002 2979 1056 corpus
3023 988 3361 1057 insepultum
3416 997 3587 1049 esset.

2005 1078 2295 1146 episcopos
2328 1094 2687 1148 quoscunque
2708 1079 2955 1133 invenire
2992 1091 3313 1147 potuerunt,
3338 1092 3587 1141 coactos.

2007 1170 2386 1224 inthronisare
2433 1181 2600 1240 atque
2646 1172 2702 1225 in
2736 1187 2962 1225 vacuam
3002 1174 3252 1227 ecclesiae
3282 1174 3588 1243 possessio-

2006 1276 2132 1316 nem
2169 1260 2433 1315 inducere
2470 1261 2956 1332 Proclum'jussit.
2985 1261 3123 1317 Cum
3166 1280 3403 1333 namque
3451 1265 3591 1318 deli-

2007 1353 2260 1408 beratum
2310 1362 2473 1408 antea
2530 1353 2599 1407 de
2649 1368 2717 1407 eo
2769 1364 2936 1419 esset,
2990 1355 3322 1411 Ctelestinus
3370 1373 3591 1426 quoque

2008 1446 2197 1499 Romae
2219 1445 2511 1515 cpiscopus
2537 1445 2876 1515 sull‘ragatus
2904 1446 2952 1500 ei
2979 1463 3073 1514 per
3097 1448 3358 1515 epistolas
3390 1450 3591 1513 fuerat,

2009 1535 2077 1589 ad
2113 1552 2370 1607 magnum
2408 1536 2561 1590 illum
2602 1534 2869 1606 Cyrillum
2911 1546 2965 1590 et
2993 1536 3260 1592 Joannem
3296 1538 3596 1593 Antioche—

2009 1645 2141 1682 uum
2181 1638 2237 1683 et
2274 1628 2475 1684 Rufum
2500 1629 3053 1685 Thessalonicensem
3083 1631 3354 1694 scribens,"
3383 1641 3440 1687 et
3475 1648 3592 1687 mo-

2010 1720 2096 1776 dis
2132 1722 2390 1776 omnibus
2421 1722 2647 1785 docens,
2696 1721 2834 1777 nihil
2877 1722 3120 1789 obstare,
3166 1726 3469 1794 quominus
3496 1725 3592 1794 qui

2015 1814 2246 1870 alterius
2301 1815 2454 1870 urbis
2506 1824 2600 1869 aut
2651 1817 2745 1881 sit,
2777 1824 2874 1871 aut
2918 1818 3111 1873 saltem
3159 1818 3478 1888 designatus
3521 1818 3596 1873 sit

2009 1907 2329 1977 episcopus,
2384 1907 2440 1963 in
2490 1910 2653 1963 aliaat
2700 1911 3067 1966 transferatur
3105 1911 3317 1966 urbem.
3366 1912 3597 1968 Proclus

2010 2000 2178 2070 igitur
2208 2000 2261 2052 in
2298 2000 2425 2055 sede
2453 2016 2550 2055 sua
2576 2002 2896 2064 collocatus,
2917 2012 3105 2073 postea
3139 2004 3305 2057 funus
3337 2013 3393 2057 et
3427 2018 3592 2058 exse-

2011 2091 2170 2161 quias
2218 2091 2557 2158 Maximiani,
2606 2096 2867 2149 omnibus
2916 2096 3241 2164 patriarchae
3283 2097 3594 2167 insignibus

2012 2199 2169 2249 usus,
2203 2184 2440 2240 curavit.
2488 2185 2595 2241 Sed
2628 2186 2694 2240 de
2738 2187 2842 2242 hoc
2869 2204 3089 2258 quoque
3125 2204 3296 2259 pauca
3341 2190 3587 2259 quaedam

2011 2276 2258 2333 historiae
2287 2279 2629 2334 adnectenda
2660 2280 2812 2333 duxi.

2518 2413 2748 2471 CAPUT
2798 2414 3087 2471 XXXVIII.

2020 2532 2094 2587 De
2131 2532 2345 2597 Proclo,
2401 2549 2510 2604 qua
2556 2533 2820 2595 doctrina,
2855 2548 3026 2603 quave
3069 2533 3180 2587 vita
3216 2533 3407 2602 fuerit,
3441 2542 3490 2587 et
3539 2543 3598 2589 ut

2087 2604 2243 2659 illum
2270 2606 2572 2673 imperator
2622 2605 2845 2658 charum
2879 2612 3195 2673 gratumque
3236 2604 3521 2670 habuerit;
3547 2615 3599 2659 et

2089 2677 2226 2744 quod
2267 2676 2409 2727 idem
2438 2673 2841 2745 competentiet
2875 2673 3061 2745 debito,
3081 2688 3343 2745 sermone,
3379 2689 3460 2727 res
3482 2690 3604 2745 qua

2042 2810 2047 2815 ο
2092 2743 2151 2797 eo
2184 2757 2418 2814 tempore
2465 2754 2660 2815 printer
2698 2743 2998 2811 opinionem
3043 2743 3316 2815 hominum
3357 2743 3603 2812 miriﬁca

2094 2813 2424 2877 acciderunt,
2452 2813 2506 2866 in
2547 2813 2713 2865 Deum
2745 2823 3013 2865 auctorem
3044 2813 3294 2882 referens,
3322 2815 3463 2881 apud
3488 2831 3602 2870 om-

2092 2901 2184 2939 nes
2220 2887 2274 2938 in
2302 2885 2663 2939 admiratione
2689 2882 2870 2951 fuerit.

2091 2999 2135 3052 A
2183 2998 2362 3067 primo
2408 2997 2454 3051 is
2488 2996 2688 3066 capillo
2720 2996 3153 3066 pra'ceptoribus
3190 3013 3343 3061 usus,
3397 2999 3451 3053 in
3482 3009 3602 3055 arto

2020 3090 2239 3145 ὁὶουηιιί
2278 3087 2625 3154 potissimum
2657 3088 2981 3142 elaboravit.
3020 3088 3083 3142 Et
3119 3099 3241 3159 post
3281 3090 3603 3145 adolescem

332 3174 580 3241 γειὼττου
611 3175 668 3227 δὲ
694 3175 921 3238 τελέσας
970 3174 1184 3245 βαθμὸν
1216 3176 1285 3245 ἐνί
1308 3176 1408 3249 νέᾳ
1439 3178 1580 3233 πάνυ
1611 3183 1678 3250 τῇ
1704 3182 1913 3254 ἡλικίᾳ,

2025 3184 2151 3239 tiam
2177 3191 2448 3245 exactam,
2484 3181 2538 3235 in
2564 3180 2798 3249 juvenili
2823 3180 3117 3235 admodum
3142 3190 3323 3246 aetate,
3356 3185 3407 3236 in
3432 3184 3605 3238 lecto-

336 3271 431 3319 κιὶ
474 3268 573 3338 ἤδη
609 3267 969 3337 παραμείψας
1003 3268 1097 3321 τὸν
1121 3267 1387 3339 μείρακα,
1445 3272 1640 3342 πρῶτα
1698 3274 1799 3343 μὲν
1831 3276 1910 3345 τῷ

332 3358 468 3428 0;ίῳ
549 3358 774 3428 Ἰωάννῃ
844 3357 923 3427 τῷ
975 3358 1357 3431 Χρυσοστόμῳ
1421 3361 1768 3433 ίεραρχοῦντι
1816 3366 1913 3436 τῆς

338 3452 758 3525 Κωνσταντίνου
798 3452 1130 3521 παρείπετο,
1164 3452 1442 3523 ὑπουργὸς
1468 3456 1619 3527 αὐτῷ
1653 3457 1749 3510 καὶ
1792 3475 1914 3512 συν-

336 3540 502 3610 εργὸς
534 3541 640 3593 τῶν
670 3541 850 3608 λόγων
883 3541 1194 3611 γινόμενος,
1231 3543 1331 3596 καὶ
1359 3544 1458 3612 ὅση
1491 3543 1651 3614 χρεία
1678 3544 1778 3599 τοῦ·
1813 3545 1918 3598 σώ-

340 3648 513 3701 ματος
575 3633 770 3702 ἐκείνῳ
831 3633 1144 3702 γινόμενος.
1217 3626 1387 3698 Οὗτος
1446 3636 1512 3707 δὴ
1566 3640 1662 3690 καὶ
1716 3638 1916 3710 Παύλῳ

336 3726 477 3795 πρὸς
505 3717 598 3789 οὓς
628 3726 707 3796 τῷ
739 3727 959 3798 μεγάλῳ
999 3727 1225 3800 Ἰωάννῃ
1251 3727 1647 3802 διαλεγομένῳ,
1706 3732 1917 3787 καὶτὸν

258 3884 263 3887 _
337 3821 467 3873 νοῦν
490 3821 600 3873 τῶν
637 3820 853 3873 ἐκείνου
914 3820 1221 3876 ἐπιστολῶν
1269 3822 1674 3877 ἐκκαλύπτοντι
1729 3843 1921 3896 μυστι-

338 3911 607 3979 κώτερον,
689 3914 908 3983 ἐνέτυχε
958 3917 1022 3986 τῇ
1089 3915 1192 3985 τῆς
1260 3916 1479 3986 θυρίδος
1542 3919 1921 3990 παρακύπτων

337 4006 473 4074 ὁπῇ.
515 4005 672 4058 Ἐπεὶ
690 4004 737 4058 δ’
774 4007 983 4069 ἐκεῖνος
1005 4007 1295 4079 ὑπερόριος
1325 4004 1414 4080 ἦν,
1442 4010 1516 4082 μὴ
1554 4012 1653 4081 τῆς
1707 4013 1920 4066 ἐκείνου

344 4096 589 4167 σχέσεως
605 4097 875 4161 ἀποστὰς,
908 4098 988 4169 τῷ
1022 4100 1143 4168 μετ’
1176 4101 1386 4154 ἐκεῖνον
1416 4102 1707 4175 ὲπισκόπῳ
1738 4106 1922 4158 ’Λττι-

341 4186 428 4258 κῷ
462 4188 654 4258 συνῆν,
692 4189 1050 4259 ὑπογραφεὺς
1102 4190 1212 4244 τῶν
1261 4193 1474 4246 ἐκείνου
1524 4194 1704 4262 λόγων
1759 4194 1926 4249 καθε-

346 4280 565 4352 στηκώς
593 4295 609 4312 ο
648 4279 709 4334 ὃν
745 4280 808 4350 δὴ
860 4283 923 4351 τῇ
959 4281 1100 4334 κατὰ
1130 4282 1264 4335 Θεὸν
1299 4284 1668 4353 προϐαίνοντα
1705 4285 1922 4357 ἀγωγῇ,

342 4375 442 4428 καὶ
475 4374 570 4427 τοῦ
593 4374 692 4443 τῆς
726 4372 1008 4436 διακονίας
1031 4373 1186 4440 ἠξίου
1216 4374 1450 4445 βαθμοῦ.
1486 4378 1720 4431 Ἔπειτα
1744 4379 1802 4431 δὲ
1829 4381 1926 4434 καὶ

342 4469 403 4520 ἐν
426 4467 672 4538 καθέδρᾳ
700 4467 1096 4538 πρεσϐυτέρων
1118 4469 1348 4532 αίνέσας
1406 4470 1498 4522 τὸν
1533 4470 1765 4541 Κύριον,
1819 4472 1926 4525 ὑπὸ

2020 3289 2143 3329 rum
2205 3273 2457 3327 ordinem
2506 3280 2840 3341 cooptatus,
2899 3274 3137 3341 primum
3197 3273 3310 3328 divi
3370 3274 3604 3330 Joannis

2017 3364 2396 3436 Chrysostomi
2419 3363 3085 3434 Constantinopolitanam
3106 3366 3395 3420 ecclesiam
3429 3367 3606 3422 admi-

2020 3460 2311 3517 nistrantis
2358 3469 2621 3524 sectatur,
2674 3458 2950 3520 minister,
2985 3458 3252 3527 librisque
3290 3459 3604 3515 scribendis

2019 3555 2264 3624 adiutor,
2297 3562 2354 3607 et
2386 3552 2635 3623 corporis
2677 3553 2799 3622 ejus
2832 3562 3062 3606 curator
3091 3551 3211 3606 fuit.
3248 3551 3348 3606 Hic
3374 3552 3605 3606 Paulum

2025 3648 2218 3706 Ioanui
2275 3661 2476 3716 magno
2516 3644 2571 3699 in
2615 3659 2806 3698 aurem
2844 3643 3212 3709 dictitantem,
3256 3653 3421 3713 atque
3453 3658 3609 3698 arca-

2022 3742 2238 3796 niorem
2286 3738 2647 3807 epistolarum
2696 3751 2920 3791 suarum
2972 3750 3194 3791 sensum
3246 3736 3608 3800 revelantcm,

2020 3850 2122 3906 per
2147 3835 2329 3905 januac
2357 3831 2523 3885 rimas
2546 3839 2911 3899 prospectans
2938 3828 3097 3882 vidit.
3125 3828 3285 3899 523
3311 3829 3489 3900 Atque
3515 3830 3608 3885 ubi

2025 3930 2117 3985 ille
2144 3930 2199 3982 in
2224 3927 2422 3983 exsilio
2458 3925 2614 3991 vigit,
2648 3924 2716 3980 ab
2763 3925 2913 3978 illius
2944 3923 3235 3979 aﬂectione
3279 3940 3388 3980 non
3422 3925 3607 3981 desci-

2026 4039 2209 4087 scens,
2268 4036 2394 4076 cum
2437 4034 2767 4075 successore
2801 4020 2921 4088 ejus
2967 4019 3145 4073 Attico
3175 4018 3438 4088 episcopo
3482 4019 3608 4085 fuit,

2025 4115 2346 4170 orationum
2383 4111 2532 4167 illius
2568 4111 2768 4166 scriba.
2821 4111 2993 4176 Quem
3040 4111 3131 4165 ille
3168 4111 3222 4164 in
3254 4110 3442 4165 divino
3483 4112 3610 4168 vitat

2028 4208 2284 4264 instituto
2348 4202 2837 4274 progredientem,
2895 4202 2949 4256 in
3005 4203 3325 4256 diaconatus
3375 4205 3607 4273 gradum

2028 4299 2270 4359 sustulit.
2306 4296 2513 4351 Deinde
2545 4310 2677 4349 vero
2708 4309 2833 4349 cum
2866 4294 2917 4347 in
2948 4293 3392 4362 presbyterorum
3420 4296 3611 4352 cathe-

2028 4394 2126 4449 dra
2161 4393 2456 4449 Dotuinum
2496 4393 2773 4458 laudaret,
2827 4407 2857 4447 a
2914 4390 3121 4446 Sisinio
3168 4392 3416 4446 ecclosiae
3453 4391 3615 4463 Cyzi-

2031 4500 2180 4541 cena:
2203 4485 2524 4551 designatus
2553 4494 2640 4540 est
2674 4484 2933 4539 antistes.
2964 4480 3156 4551 Longo
3188 4498 3317 4536 vero
3360 4491 3611 4553 tempore

348 4560 591 4613 Σισινίου
650 4559 752 4631 τῆς
794 4560 936 4613 κατὰ
990 4559 1234 4626 Κύζικον
1280 4561 1577 4632 ὲκύησίας
1604 4563 1916 4637 προεϐλήθη

2032 4585 2177 4646 post.
2211 4575 2677 4647 quemadmodum
2703 4573 2964 4636 diximus,
2983 4572 3612 4641 Constantinopolitanae

343 4654 668 4715 ἐπίσκοπος.
701 4652 893 4722 Πολλῷ
925 4652 982 4705 δὲ
1012 4650 1242 4722 ὕστερον
1271 4652 1344 4718 ὥς
1381 4670 1446 4723 γε
1491 4656 1626 4724 ἡμῖν
1679 4656 1922 4727 εἴρηται,

347 4749 449 4801 καὶ
496 4747 597 4817 τῆς
650 4746 1071 4800 Κωνσταντίνου
1107 4747 1408 4817 ἐκκλησίας
1458 4747 1559 4818 τὴν
1618 4748 1928 4819 ἐπισκοπὴν

346 4838 663 4906 ἐπετράπη.
697 4834 948 4904 Χρηστὸς
977 4834 1035 4888 δὲ
1064 4832 1140 4887 ὣν
1192 4836 1335 4907 ἀνὴρ
1391 4836 1632 4906 μάλιστα
1685 4838 1829 4890 κατὰ
1865 4853 1927 4890 τε

340 4925 477 5000 ἦθος
507 4931 599 4982 καὶ
624 4929 849 5001 τρόπον,
875 4927 976 4980 ὅσα
1020 4926 1087 4997 δὴ
1115 4926 1343 5000 Ἰωάννῃ
1368 4931 1475 4982 acab
1490 4927 1725 4998 Ἀττικῷ
1752 4945 1932 4999 προσ-

342 5028 488 5095 ῆσαν
561 5020 801 5092 χρηστὰ,
881 5019 1248 5088 ἁνεμάξατοω
1303 5018 1660 5083 Ἀνεξίκακος
1709 5021 1767 5073 δὲ
1829 5021 1928 5073 καὶ

351 5118 518 5170 πλέον
549 5115 694 5187 ἤπερ
724 5109 925 5166 ἐκεῖνοι
957 5114 1195 5180 ἐγένετο.
1229 5111 1477 5176 Ἀττικὸς
1509 5113 1611 5183 μὲν
1653 5115 1763 5184 γὰρ
1797 5114 1930 5166 πολε

344 5210 508 5272 λάκις
538 5209 767 5269 καὶτοῖς
799 5206 1083 5276 διαφόροις
1112 5205 1213 5274 τῆς
1247 5206 1486 5268 πίστεως
1520 5206 1752 5276 φοϐερὸς
1786 5206 1933 5276 μάλα

351 5303 552 5356 ἐδόκει.
619 5294 792 5362 Οὗτος
817 5298 873 5351 δὲ
929 5297 1211 5361 κάκείνοις
1263 5297 1360 5351 καὶ
1403 5299 1571 5352 πᾶσιν
1628 5299 1793 5369 ἤπιος
1838 5298 1934 5353 καὶ⁵

352 5391 636 5464 προσηνὴς
670 5392 819 5460 μάλα
843 5386 933 5460 ἦν,
984 5387 1200 5452 τούτοις
1260 5389 1466 5460 μᾶλλον
1519 5391 1551 5462 ἢ
1605 5390 1698 5462 βίᾳ
1751 5390 1934 5445 ἕλκειν

350 5487 596 5549 ἐκείνους
618 5485 1017 5556 διανοούμενος.
1067 5483 1283 5555 Μηδενὶ
1316 5484 1425 5555 γὰρ
1473 5485 1722 5555 ταραχῆς
1758 5485 1935 5548 αἴτιος

348 5562 661 5645 καταστὰς,
679 5579 740 5633 τὸ
770 5579 873 5647 τῆς
904 5579 1240 5650 Ἐκκλησίας
1266 5576 1513 5646 ἀξίωμα,
1569 5577 1629 5630 τὸ
1663 5578 1932 5641 ἐπιεικὲς,

353 5674 520 5744 φημὶ,
550 5672 644 5726 καὶ
673 5673 873 5742 πρᾶον,
916 5672 1107 5741 ἀθιγὲς
1170 5671 1520 5740 διετήρησεν,
1580 5672 1637 5723 ὲν
1664 5669 1839 5740 τούτῳ
1869 5670 1935 5739 δὴ

349 5766 430 5835 τῷ
462 5762 622 5835 μέρει
658 5766 747 5818 τὸν
780 5764 1012 5835 βασιλέα
1074 5762 1418 5834 μιμούμενος
1469 5762 1779 5815 Θεοδόσιονθ
1840 5763 1936 5816 καὶ

351 5859 465 5928 γὰρ
491 5858 740 5922 κάκεῖνος
781 5856 1033 5929 οὐδαμῶς
1063 5858 1127 5929 τῇ
1169 5856 1426 5927 βασιλικῇ
1450 5856 1724 5928 αὐστηρίξι
1786 5854 1930 5911 κατὰ

2033 4669 2283 4725 ecclesia:
2333 4668 2686 4738 episcopatus
2735 4666 2786 4720 ei
2841 4665 3311 4719 commissusest.
3356 4664 3422 4718 Et
3466 4664 3614 4734 quod

2032 4762 2283 4817 moribus
2314 4772 2483 4831 atque
2534 4758 2804 4814 institutis
2846 4757 3094 4827 placidus
3141 4758 3375 4810 maxime
3405 4758 3489 4811 vir
3526 4773 3614 4813 es-

2032 4867 2139 4918 set,
2175 4869 2518 4924 quaecunque
2550 4855 2604 4907 in
2631 4851 2845 4907 Joanne
2875 4861 2931 4905 et
2977 4850 3157 4904 Attico
3196 4850 3399 4905 eximia
3429 4860 3611 4914 erant,

2033 4948 2328 5017 expressit.
2361 4946 2627 5001 Malorum
2666 4945 2959 4999 tolerantia
3005 4943 3109 4996 illis
3155 4943 3321 4997 etiam
3355 4942 3617 5012 superior

2034 5040 2158 5094 fuit.
2196 5040 2410 5093 Atticus
2443 5052 2680 5108 namque
2725 5037 2926 5105 sa‘pius
2959 5038 3123 5089 etiam
3166 5038 3247 5089 eis
3283 5035 3376 5104 qui
3415 5036 3467 5088 in
3507 5035 3616 5089 title

2036 5148 2065 5185 a
2097 5147 2156 5186 se
2192 5145 2302 5184 non
2336 5130 2716 5189 dissentirent,
2753 5126 3015 5181 terribilis
3047 5142 3165 5191 csse
3204 5127 3355 5181 visus
3385 5134 3490 5181 est.
3516 5126 3616 5179 llic

2034 5241 2170 5281 vero
2203 5233 2259 5279 et
2306 5239 2434 5294 erga
2482 5224 2627 5288 illos,
2677 5232 2734 5277 et
2763 5222 2817 5275 in
2872 5221 3010 5276 alios
3060 5235 3252 5275 omnes
3282 5218 3532 5289 placidus
3561 5225 3619 5271 et

2034 5318 2176 5373 lenis
2199 5316 2501 5371 admodum
2545 5315 2673 5381 fuit,
2712 5313 3097 5369 benevolentia
3139 5312 3322 5381 potius
3364 5325 3529 5380 quam
3566 5308 3616 5363 vi

2037 5410 2360 5481 pertrahere
2394 5409 2518 5463 illos
2547 5407 2615 5462 ad
2665 5423 2725 5462 se
2777 5407 2831 5461 in
2883 5406 3069 5461 animo
3114 5405 3343 5457 habens.
3376 5401 3440 5455 Et
3472 5413 3615 5470 quo-

2038 5503 2187 5557 niam
2228 5499 2437 5556 nemini
2475 5499 2764 5554 turbarum
2797 5510 3019 5552 causam
3053 5493 3323 5564 praebuit,
3357 5489 3619 5547 Ecclesia

2039 5592 2364 5663 dignitatem
2396 5592 2450 5645 in
2484 5591 2826 5645 humanitate
2871 5597 2927 5642 et
2976 5582 3400 5640 mansuetudine
3430 5581 3620 5637 consi-

2038 5693 2300 5745 stentem.
2325 5684 2593 5752 integram
2629 5682 3000 5736 conservavit.
3038 5678 3150 5733 Ilac
3178 5678 3231 5732 iu
3257 5687 3411 5746 parte
3438 5675 3623 5728 Theo-

2040 5774 2254 5829 dosium
2296 5776 2688 5844 imperatorem
2735 5770 3028 5825 imitatus:
3060 5785 3183 5824 nam
3238 5779 3291 5823 et
3343 5767 3391 5822 is
3436 5763 3624 5820 haud-

2041 5875 2317 5927 quaquam
2369 5861 2641 5923 impcriali
2690 5859 3008 5919 severitate.
3064 5858 3329 5914 adversus
3375 5873 3470 5912 eos
3523 5852 3622 5915 aui
