4092 6472
448 395 626 459 ‘iii‘l

1701 394 1746 451 Ν
1759 391 2128 452 ΙΕΕΡΠΟῙΠ
2167 393 2255 450 CA
2273 392 2389 451 ιω
2402 392 2523 451 STI

3635 389 3769 454 1192

489 509 633 562 nieia
667 507 904 578 primum
938 504 1310 571 Antiochiam,
1337 514 1391 559 ct
1426 502 1555 562 inde
1583 513 1771 574 postea
1801 502 2074 559 Constan—

2187 502 2445 556 Κιλικίαν
2501 500 2859 571 ἀνεκηρύχοη
2917 501 3251 566 ἐπίσκοποςο
3297 501 3438 570 μετᾶ
3490 500 3548 556 δέ
3608 502 3767 556 τοῦτο

491 599 779 667 tuopolim
818 604 905 653 est
952 597 1270 651 translatus.
1324 596 1494 650 Divus
1546 594 1801 649 Meletius
1838 595 2079 663 primum

490 693 753 746 Sebastia:
798 692 1094 762 episc0pus
1133 699 1219 743 cst
1254 688 1625 748 renuntiatus,
1661 687 1863 741 deinde
1890 697 2079 741 autem

488 801 612 838 cum
656 799 850 852 magna
909 783 1083 852 gloria
1132 781 1485 836 Antiochiam
1534 779 1602 834 ad
1670 777 1939 835 Orontem
1993 789 2077 834 est

491 886 746 932 vocatus.
781 876 916 930 item
945 875 1107 929 divus
1133 874 1436 943 Gregorius
1466 872 1806 928 Sasimorum
1841 872 2077 940 primum

487 969 873 1037 Cappadocum
924 966 1102 1031 urbis,
1145 966 1352 1021 deinde
1395 964 1681 1025 Nazianzi,
1718 964 1910 1032 pattim
1944 977 2080 1021 suae.

488 1062 869 1131 episcopatum
942 1060 1171 1113 sortitus
1214 1074 1229 1111 :
1266 1068 1455 1127 postea
1505 1074 1535 1111 a
1587 1056 1827 1112 secunda
1871 1055 2081 1126 synodo

487 1164 544 1209 et
592 1153 813 1207 Mcletio
865 1151 1234 1214 Autiochcno,
1274 1165 1375 1219 pro
1430 1164 1495 1202 eo
1542 1157 1708 1219 atque
1756 1147 1963 1206 decuit.
2024 1147 2080 1200 in

488 1246 809 1315 praeclaram
846 1241 1364 1310 Constantinopolis
1405 1240 1592 1294 sedem
1643 1240 1943 1294 translatus
1971 1250 2076 1294 est.

490 1337 669 1393 Patris
732 1336 789 1389 in
824 1335 1032 1389 Achaia
1074 1334 1373 1404 Perigeues
1419 1335 1716 1403 cpiscopus
1764 1333 2080 1404 designatus

488 1439 572 1485 est
611 1444 625 1483 :
675 1443 840 1498 quem
884 1426 982 1480 ubi
1025 1426 1271 1480 civitatis
1299 1427 1422 1495 ejus
1461 1426 1659 1480 incolae
1694 1441 1803 1479 non
1853 1440 2081 1494 recepe-

488 1533 641 1586 runt,
694 1522 981 1576 Romanus
1020 1521 1319 1588 episcopus
1351 1519 1407 1572 in
1446 1519 1708 1572 thronum
1754 1519 2080 1588 metropoli-

491 1628 631 1670 tan:c
667 1614 823 1669 urbis
856 1612 1137 1677 Corinthi,
1175 1613 1267 1668 ubi
1307 1627 1596 1667 sacrorum
1632 1612 1867 1665 antistes
1898 1627 2077 1680 nuper

488 1709 789 1763 admodum
851 1707 963 1760 vita
1014 1706 1315 1760 defunctus
1370 1705 1574 1769 fuerat,
1632 1705 1819 1761 induci
1860 1707 2076 1777 jussit:

487 1810 655 1869 atque
705 1800 798 1854 ille
853 1799 929 1854 ita
980 1799 1307 1864 translatus,
1360 1796 1596 1868 paciﬁce
1650 1798 1726 1852 ibi
1779 1813 1878 1868 per
1908 1799 2077 1853 vitam

2184 597 2265 658 είς
2293 595 2632 666 Ἀντιόχειαν
2664 595 2765 663 τὴν
2793 594 2926 666 παρ’
2950 594 3180 666 Ὀρόντῃ
3209 593 3448 659 εὐκλεῶς
3481 596 3764 665 μετετέθη.

2199 688 2257 742 '0
2292 688 2348 741 δέ
2380 689 2524 752 θεῖος
2554 687 2858 759 Γρηγόριος
2929 687 3189 757 Σασίμων
3224 688 3492 757 πρότερον
3523 686 3620 758 τὴν
3647 689 3769 741 ἐπι-

2189 782 2404 850 σκοπὴν
2432 779 2765 851 ἐκληροῦτο·
2805 777 3201 841 Καππαδοκίας
3238 779 3294 832 δὲ
3349 776 3486 849 αὕτη
3510 780 3544 849 ἠ
3577 779 3768 841 πόλιςε·

2185 880 2279 925 καὶ
2305 872 2620 936 Ναζιανζοῦ
2648 873 2705 926 δὲ
2728 873 2831 943 τῆς
2885 875 3094 936 οἰκείας
3133 871 3394 942 πατρίδος
3423 872 3769 951 τὴνβπισκο-

2186 967 2296 1035 πὴν
2323 965 2581 1039 εἰληχὼς,
2616 966 2810 1020 ἔπειτα
2836 967 2990 1037 παρὰ
3011 966 3113 1035 τῆς
3135 965 3397 1035 δευτέρας
3421 965 3639 1017 συνόδου
3670 964 3767 1018 καὶ

2183 1058 2449 1112 Μελετίου
2506 1059 2602 1112 τοῦ
2648 1059 2989 1131 Ἀντιοχείας
3054 1061 3134 1121 είς
3175 1058 3268 1111 τὸν
3323 1057 3611 1128 περίδοξον
3658 1058 3766 1125 τῆς

2184 1149 2603 1206 Κωνσταντίνου
2634 1151 2830 1223 θρόνον
2852 1152 2928 1215 ὼς
2956 1150 3138 1223 χρεὼν
3173 1149 3550 1219 μετατίθεται.
3595 1150 3684 1204 Ἐν
3708 1150 3767 1202 δὲ

2188 1243 2429 1313 Πάτραις
2484 1247 2586 1313 τῆς
2618 1244 2846 1315 Ἀχαΐας
2895 1244 3205 1308 ἐπίσκοπος
3238 1242 3543 1314 Περιγένης
3590 1259 3766 1312 κεχειο

2188 1338 2467 1407 ροτόνητο.
2509 1338 2601 1400 Ὠς
2635 1338 2691 1390 δὲ
2715 1340 2763 1390 οἱ
2787 1338 2887 1406 τῆς
2914 1339 3124 1401 πόλεως
3158 1338 3323 1391 αὐτὸν
3347 1337 3408 1390 οὐ
3442 1336 3761 1404 προσίεντο,

2182 1432 2531 1501 ὁ.⁹Ρωμαῖων
2564 1431 2867 1493 ἐπίσκοπος
2899 1432 2955 1483 ἐν
2979 1434 3047 1500 τῇ
3076 1430 3413 1502 μητροπόλει
3455 1429 3763 1500 Κορινθίων

2183 1522 2597 1593 ἐνθρονίζεσθαι
2648 1522 2842 1577 τοῦτον
2897 1525 3166 1589 ἐκέλευεν,
3200 1524 3327 1593 ἄρτι
3379 1522 3525 1575 τέλει
3557 1538 3765 1593 χρησα-

2186 1617 2351 1687 μένου
2381 1615 2474 1669 τοῦ
2502 1615 2622 1686 βίου
2648 1616 2741 1668 τοῦ
2768 1617 2951 1669 ἐκεῖσε
2980 1616 3039 1669 τὸ
3074 1616 3325 1686 ἱερᾶσθαι
3349 1615 3637 1686 λαχόντοςο
3670 1617 3767 1670 καὶ

2182 1707 2477 1778 εἰρηνικῶς
2494 1709 2593 1777 τῆς
2616 1706 2917 1776 ἐκκλησίας
2932 1706 3019 1760 δ.ὰ
3040 1706 3156 1778 βίου
3172 1709 3407 1777 προέστη
3426 1707 3762 1776 μετατεθείς.

2183 1801 2289 1854 Τὸν
2316 1800 2374 1854 δὲ
2410 1800 2736 1864 Σελευκείας
2782 1801 3082 1854 ἐπίσκοπον
3119 1800 3373 1853 Δοσίθεον
3413 1799 3765 1868 Ἀλέξανδρος

487 1908 707 1948 omnem
741 1893 1032 1949 ecclesiam
1079 1893 1244 1947 rexit.
1302 1894 1627 1948 Dositheum
1665 1894 1934 1949 Seleuciae
1963 1894 2080 1962 cpi-

2187 1894 2211 1945 ό
2244 1893 2342 1963 τὴν
2370 1892 2656 1963 Ἀντιόχου
2688 1892 3071 1962 ἐπιτροπεύων
3111 1894 3191 1955 εἰς
3223 1892 3440 1961 Ταρσὸν
3482 1895 3581 1962 τῆς
3612 1895 3766 1946 Κιλι-

490 2003 745 2057 scopum,
795 1987 1109 2042 Alexander
1156 1986 1539 2042 Antioeltenus
1590 1987 1824 2041 Tarsum
1875 1986 2084 2041 Cilicia:

490 2078 799 2133 transtulit.
833 2079 990 2150 Alius
1054 2088 1236 2134 autem
1276 2079 1503 2135 nomine
1529 2080 1898 2135 Reverentius
1926 2082 2085 2135 Areis

489 2173 792 2227 Phoenicia:
815 2174 1118 2242 episcopus
1148 2174 1348 2237 lectus,
1381 2174 1589 2245 Tyrum
1623 2174 1751 2228 inde
1782 2174 2081 2238 transiens,

487 2265 796 2335 episcopali
828 2264 903 2318 ἱΙιί
935 2280 1168 2320 munere
1203 2274 1288 2320 est
1333 2266 1579 2321 functus.
1608 2268 1686 2321 Ex
1718 2266 1924 2333 Cordo,
1962 2282 2085 2337 qua:

489 2356 545 2412 in
599 2357 764 2428 Lycia
809 2367 893 2412 est
932 2357 1034 2429 (l),
1068 2358 1120 2411 in
1164 2359 1576 2414 Proconnesum
1618 2360 1863 2415 Joannes
1906 2367 2084 2413 trans-

487 2449 712 2524 missus,
752 2446 1043 2517 magniﬁce
1105 2448 1487 2518 episcopatum
1536 2449 1610 2503 ibi
1644 2450 1832 2520 gessit.
1868 2450 1931 2504 Et
1965 2450 2086 2504 Pal-

487 2542 670 2596 ladius
711 2540 781 2593 ab
827 2539 1152 2610 llelenopoli
1202 2542 1475 2614 Bithyniae
1518 2543 1797 2612 Aspunam
1845 2543 2082 2597 transiit.

490 2636 555 2688 Et
590 2634 736 2687 alius
777 2649 845 2687 ex
884 2634 1133 2704 ejusden
1168 2635 1325 2689 urbis
1353 2637 1593 2690 ecclesia
1633 2638 1926 2706 cpiscopus
1955 2638 2084 2692 Ale-

490 2726 727 2790 xander,
761 2726 1039 2779 Adrianus
1072 2727 1362 2780 traductus
1391 2738 1496 2782 est.
1538 2727 1617 2782 Ex
1655 2729 1895 2798 Apamea
1942 2729 2087 2785 Asiae

492 2820 783 2890 Philippus
824 2818 1250 2889 Eudoxiopolim
1297 2820 1499 2875 missus
1529 2831 1637 2887 est,
1669 2822 1756 2875 cui
1790 2830 1951 2876 vetus
1982 2837 2083 2875 no-

491 2929 616 2966 men
670 2912 983 2969 Salamhria
1031 2911 1157 2965 fuit.
1198 2913 1535 2983 Polyearpus
1583 2930 1649 2967 ex
1690 2913 2084 2984 Antapristena

492 3007 675 3073 Mysia:
697 3007 858 3071 urbe,
883 3006 1193 3076 Nicopolim
1224 3007 1514 3061 Thraciae:
1539 3006 1701 3078 527
1727 3007 2088 3076 Hierophilus

487 3118 555 3157 ex
606 3100 956 3171 Trapezunte
1004 3101 1146 3155 urbe
1179 3100 1450 3172 Phrygiae,
1488 3101 1881 3172 l’lotiuopolim
1910 3100 2088 3156 Thra-

488 3194 589 3249 ciae
622 3192 798 3246 venit.
851 3190 1109 3260 Optimus
1162 3208 1230 3245 ex
1290 3193 1565 3262 Agdamea
1621 3192 1921 3264 Phrygum,
1971 3191 2086 3247 An-

490 3287 752 3341 tiochiam
784 3286 1024 3341 Pisidiae.
1044 3285 1319 3340 Troadem
1344 3270 1799 3357 cx'Philippopoli
1836 3287 2087 3343 Thracia:

491 3379 769 3451 Sylvanus
820 3380 1062 3445 transiit,
1102 3378 1170 3434 de
1219 3394 1329 3449 quo
1380 3379 1770 3434 admirandum
1820 3380 2084 3450 quiddam

491 3472 835 3528 memorabo.
871 3473 920 3526 ls
952 3487 1077 3527 cum
1112 3481 1289 3528 artem
1322 3474 1628 3529 oratoriam
1663 3474 1902 3544 primum
1936 3474 2084 3545 apud

492 3564 800 3638 sophistam
866 3565 1123 3619 Troilum
1190 3565 1509 3631 didicisset,
1579 3566 1827 3620 studium
1892 3576 2087 3638 postea

491 3668 659 3708 omne
690 3655 757 3707 ad
794 3654 1292 3709 Christianismum
1331 3655 1642 3720 transtulit,
1675 3656 2088 3728 aseeticamqne

492 3755 823 3800 consectans
854 3747 1048 3809 vitam,
1083 3747 1310 3816 pallium
1334 3756 1549 3817 gestare
1594 3752 1897 3803 recusavit.
1930 3749 2088 3805 Hunc

492 3839 786 3907 abreptum
820 3837 1038 3891 Atticus
1072 3837 1390 3906 cpiscopus,
1425 3836 1830 3909 Philippopolis
1873 3841 2090 3910 cpisco-

495 3944 625 3999 putn
654 3928 961 3981 declaravit
1005 3946 1018 3982 :
1054 3931 1106 3982 in
1137 3944 1245 3998 qua
1283 3930 1419 3984 urbe
1451 3941 1743 3999 pOStquam
1780 3934 2085 3989 triennium

493 4018 696 4089 ext-git,
751 4019 858 4073 loci
919 4017 1040 4086 ejus
1085 4020 1379 4074 hibernum
1443 4022 1682 4092 rigorem
1736 4039 1847 4078 non
1902 4025 2086 4081 ferens

497 4114 778 4180 (exiguum
805 4110 953 4163 enim
981 4117 1038 4164 et
1070 4110 1342 4165 imbecille
1368 4110 1419 4165 ci
1447 4126 1670 4181 prorsus
1694 4128 1894 4185 corpus
1919 4117 2081 4186 erat),

493 4204 740 4258 Atticum
778 4213 837 4256 ut
875 4203 1047 4257 alium
1080 4204 1136 4256 in
1176 4203 1360 4258 locum
1392 4219 1554 4259 suum
1590 4205 1914 4277 episcopum
1951 4209 2086 4263 sub-

494 4297 771 4359 stitueret,
803 4295 1040 4366 rogarit,
1073 4310 1186 4349 non
1218 4295 1381 4349 aliam
1414 4312 1580 4366 quam
1607 4297 1832 4369 frigoris
1863 4316 2084 4355 causam

495 4387 750 4456 petitioni
789 4402 905 4441 sum
955 4393 1332 4456 praetendens.
1381 4388 1555 4443 Porro
1600 4392 1862 4461 episcopo
1897 4392 2005 4446 alio
2035 4392 2086 4447 ei

494 4480 819 4548 subrogato,
851 4478 1121 4548 Sylvanus
1148 4478 1629 4552 Constantinopoli
1671 4483 1901 4553 degens,
1950 4500 2084 4540 cura

2188 1987 2314 2049 κίας
2371 1988 2734 2057 μετήνεγκεν.
2763 1985 2993 2057 Ἕτερος
3041 1986 3097 2038 δὲ
3164 1985 3534 2056 Ῥεὸερέντιος
3592 1986 3763 2056 ὄνομα

2199 2079 2416 2150 Ἀρκῶν
2448 2079 2551 2149 τῆς
2584 2078 2841 2148 Φοινίκης
2890 2082 3218 2134 ἐπισκοπεῖν
3259 2078 3478 2148 ἐξελέγη
3504 2094 3521 2110 ο
3555 2081 3763 2133 ἐκεῖθεν

2186 2171 2245 2223 δὲ
2272 2172 2369 2241 τῆς
2399 2170 2622 2242 Τυρίων
2655 2170 2949 2242 ἱερατικῶς
2986 2171 3364 2241 καθηγήσατο.
3397 2171 3530 2224 Ἀπὸ
3553 2171 3610 2224 δὲ
3632 2172 3763 2240 Γόρ-

2187 2264 2278 2319 δου
2310 2264 2410 2336 τῆς
2443 2267 2501 2317 ἐν
2544 2264 2726 2335 Λυκίᾳ
2757 2265 3024 2335 κειμένης
3058 2267 3139 2327 εὶς
3173 2264 3541 2334 Προικςνησον
3594 2267 3765 2334 μετήη

2188 2355 2355 2425 νέχθη
2407 2355 2704 2424 Ἰωάννης·
2746 2355 2841 2407 καὶ
2897 2355 3173 2425 λαμπρῶς
3198 2354 3299 2424 τῆς
3348 2357 3650 2425 ἐπισκοπῆς
3677 2355 3764 2409 δια

2190 2448 2307 2516 βίου
2340 2448 2467 2510 τοὺς
2492 2446 2685 2510 οἴακας
2721 2446 3097 2516 ἐκληρώσατο.
3127 2446 3320 2510 Ἀλλος
3351 2447 3406 2498 δέ
3436 2464 3516 2510 τις
3562 2447 3765 2502 Παλλά-

2187 2539 2300 2601 διος
2356 2537 2465 2590 ἀπὸ
2532 2537 2967 2600 Ἐλενουπόλεως
3017 2537 3118 2606 τῆς
3172 2539 3314 2591 κατὰ
3373 2536 3625 2591 Βιθυνίαν
3685 2539 3765 2601 είς

2202 2632 2505 2685 Ἀσποῦναν
2539 2633 2831 2703 μετετέθη.
2874 2632 2979 2686 Καὶ
3013 2633 3202 2703 ἕτερος
3232 2632 3334 2704 τῆς
3373 2633 3543 2702 αὐτῆς
3570 2632 3763 2700 ἐκκλη-

2192 2726 2310 2787 σίας
2342 2725 2700 2796 Ἀλέξανδρος
2736 2728 2817 2790 είς
2867 2727 3185 2794 Ἀδριανοὺς
3234 2727 3507 2798 προήχθη.
3548 2727 3680 2779 Ἀπὸ
3705 2728 3761 2779 δὲ

2189 2819 2289 2884 τῆς
2325 2819 2382 2869 ἐν
2415 2818 2574 2889 Ἀσίᾳ
2612 2816 2926 2889 Ἀπαμείας
2958 2820 3233 2882 Φίλιππος
3291 2822 3371 2882 είς
3409 2819 3763 2885 Εύδοξιούπο-

2188 2910 2273 2963 λιν
2295 2912 2482 2982 ἦγετο,
2596 2914 2655 2964 τὸ
2706 2913 2941 2982 ἀρχαῖον
2973 2913 3302 2983 Σαλαμὸρία
3332 2913 3507 2982 ὄνομα
3540 2910 3628 2983 ἦν.
3656 2913 3763 2965 Πο-

2188 3005 2474 3073 λύκαρπος
2510 3005 2617 3058 ἀπὸ
2652 3003 3151 3077 Σεξανταπρίστων
3181 3010 3279 3074 τῆς
3311 3007 3526 3070 Μυσίας
3564 3011 3642 3071 εἰς
3662 3009 3763 3077 τὴν

2188 3096 2290 3166 τῆς
2321 3096 2543 3169 Θρᾴκης
2595 3099 2897 3153 Νικόπολιν
2940 3094 3262 3170 μετεχώρεὶ.
3321 3101 3431 3154 Καὶ
3474 3098 3763 3171 ’ῐερόφιλος

2115 3246 2159 3297 c
2191 3189 2299 3242 ἀπὸ
2326 3188 2745 3261 Τραπεζοῦντος
2777 3193 2985 3257 πόλεως
3009 3195 3250 3265 Φρυγίας
3277 3195 3356 3258 είς
3378 3196 3476 3266 τὴν
3499 3196 3594 3267 τῆς
3626 3195 3767 3267 (99¢-

2190 3298 2294 3350 κης
2314 3283 2618 3338 Πλαυτινού
2631 3285 2780 3338 πολιν
2804 3281 2989 3356 ἦλθεν.
3003 3287 3279 3358 Ὀπτιμος
3299 3288 3410 3343 ἀπὸ
3436 3288 3763 3359 ’Δγδαμείας

2189 3374 2289 3445 τῆς
2315 3375 2560 3446 Φρυγίας
2589 3377 2671 3441 είς
2702 3377 2801 3450 τὴν
2846 3379 2945 3449 τῆς
3016 3379 3264 3443 Πισιδίας
3306 3381 3638 3452 Ἀντιόχειαν
3669 3398 3765 3451 με-

2188 3470 2426 3541 τηνέχθη
2464 3472 2548 3536 είς
2609 3472 2666 3526 δὲ
2718 3473 2951 3541 Τρωάδα
2996 3474 3106 3528 ἀπὸ
3137 3475 3235 3546 τῆς
3264 3475 3321 3528 ἐν
3347 3474 3539 3546 Θρᾴκῃ
3568 3475 3764 3528 Φιλιπ-

2191 3562 2510 3625 πουπὸλεως
2546 3564 2812 3626 Σιλϐανδς
2866 3566 3243 3638 μετεχώρησε.
3295 3566 3434 3635 Περὶ
3486 3562 3546 3621 οὗ
3573 3585 3628 3620 τι
3671 3567 3765 3621 καὶ

2191 3653 2501 3724 θαυμάσιον
2549 3660 2851 3726 γενόμενον
2899 3657 3259 3728 διηγήσομαι.
3298 3658 3613 3729 Ῥητορείαν
3655 3660 3763 3729 γὰρ

2190 3746 2444 3817 ἀσκήσας
2473 3747 2628 3813 οὗτος
2654 3750 2923 3821 πρότερον
2956 3752 3114 3824 παρα
3141 3750 3222 3819 τῷ
3253 3740 3497 3822 σοφιστῆ
3516 3752 3761 3823 Τρωίλῳ,

2189 3842 2289 3911 τὴν
2321 3841 2564 3913 σπουδὴν
2590 3841 2813 3913 ἃπασαν
2847 3844 2986 3912 πρὸς
3020 3846 3084 3899 τδ
3126 3845 3540 3917 Χριστιανίζειν
3565 3845 3725 3898 ἐτίθει
3745 3859 3762 3877 ο

2191 3935 2493 4005 ἀσκητικὸν
2541 3936 2597 3989 δὲ
2632 3937 3040 4008 μετερχόμενος
3105 3938 3245 4007 βίον,
3278 3937 3520 4010 τρίϐωνα
3579 3940 3765 4009 φορεῖν

2190 4030 2522 4098 παρῃτεῖτο·
2564 4028 2624 4081 ὃν
2670 4032 2699 4080 ὁ
2736 4031 3038 4094 ἐπίσκοπος
3083 4027 3332 4093 Ἀττικὸς
3387 4030 3764 4098 συναρπάσας,

2188 4120 2679 4185 Φιλιππουπόλεως
2727 4123 2941 4176 ἐδείκνυ
2997 4124 3342 4175 ἐπίσκοπον·
3396 4124 3456 4175 ἐν
3589 4126 3766 4193 τρίτον

2189 4212 2311 4276 ἔτος
2341 4212 2644 4283 διαγαγὼν,
2681 4214 2741 4267 τὸ
2771 4214 2867 4267 τοῦ
2901 4215 3073 4268 τόπου
3109 4216 3183 4285 μὴ
3225 4216 3517 4285 ὑποφέρων
3545 4214 3759 4285 δυσχεί-

2191 4322 2362 4377 μερον
2399 4306 2674 4377 (ἐξίτηλον
2699 4309 2809 4379 γὰρ
2842 4303 2912 4379 ἦν
2941 4309 3136 4379 ἐκείνῳ
3161 4308 3222 4362 τὸ
3250 4308 3409 4379 σῶμα
3432 4310 3523 4362 καὶ
3560 4306 3765 4361 παντά-

2189 4411 2358 4448 πασιν
2385 4394 2637 4467 ἄπορον),
2702 4397 2917 4451 ίκεσίαν
2955 4397 3190 4469 Ἀττικῷ
3242 4398 3542 4468 προσῆγεν,
3570 4396 3764 4469 ἕτερον

2190 4489 2267 4550 είς
2297 4488 2389 4541 τὸν
2412 4488 2583 4543 αὐτοῦ
2597 4489 2763 4542 τόπον
2789 4487 3090 4544 ἐπίσκοπον
3121 4490 3407 4563 καθιστᾷν,
3441 4492 3570 4546 ἄλλο
3601 4493 3765 4563 μηδὲν

496 4587 710 4626 summa
758 4573 1123 4626 monasticam
1173 4573 1345 4627 coluit
1400 4574 1594 4639 vitam,
1650 4575 1979 4633 humilitatis
2026 4588 2082 4634 et

2190 4580 2635 4651 προϐαλλόμενος
2661 4582 2694 4655 ἢ
2732 4582 2796 4636 τὸ
2844 4582 3012 4653 κρύος
3040 4582 3216 4637 αῐτιον
3249 4584 3351 4655 τῆς
3382 4587 3765 4657 παραιτήσεως

496 4664 842 4733 paupertatis
876 4672 986 4716 tam
1037 4662 1345 4730 studiosus,
1380 4674 1439 4721 ut
1483 4666 1538 4720 in
1580 4666 1716 4721 urbe
1751 4666 2087 4738 frequentis-

496 4756 635 4810 sima
676 4755 1073 4821 obambulans,
1118 4757 1352 4825 sparteis
1386 4757 1459 4811 sit
1509 4758 1775 4814 sandaliis
1818 4775 1971 4816 usus.
2007 4761 2085 4816 Eo

497 4857 744 4916 tetrapore
803 4861 913 4901 non
971 4848 1149 4902 multo
1204 4857 1439 4915 exacto,
1502 4848 1735 4905 Troadis
1791 4853 2086 4923 episcopus

498 4946 755 4991 mortuus
798 4946 923 5003 ,est.
986 4937 1340 5008 Quapropter
1385 4938 1556 4994 Troes
1609 4939 2085 5014 Constantinopoli

498 5029 728 5090 all‘uere,
763 5029 1088 5100 episcopum
1129 5040 1403 5101 petentes.
1444 5031 1581 5087 Cum
1627 5042 1812 5089 autem
1846 5039 2082 5105 Atticus,

499 5137 795 5192 quemnam
838 5122 949 5178 illis
995 5123 1305 5180 antistitem
1352 5126 1690 5195 designaret,
1727 5127 2083 5196 deliberaret,

501 5216 774 5286 Sylvauus
808 5217 1022 5273 visendi
1063 5221 1184 5288 ejus
1219 5219 1394 5288 gratia
1428 5220 1495 5274 ad
1533 5235 1664 5276 eum
1692 5223 1870 5278 venit.
1909 5222 2082 5291 Quem

500 5297 593 5364 ubi
636 5311 949 5380 conspexit,
979 5312 1166 5367 statim
1201 5312 1252 5366 ei
1299 5310 1481 5383 Troia:
1510 5314 1889 5385 episcopatum
1925 5331 2082 5370 tuan-

499 5402 672 5458 davit.
701 5402 883 5473 Atque
915 5404 981 5458 ad
1014 5419 1140 5458 eum
1169 5417 1476 5459 conversus
1509 5422 1522 5458 :
1558 5405 1849 5477 Deinceps,
1880 5408 2080 5478 inquit,

500 5496 680 5551 omnis
705 5496 801 5550 tibi
826 5495 1225 5551 ecclesiastica).
1250 5496 1552 5552 [unctionis
1575 5496 1921 5568 defugienda-
1947 5515 2088 5570 prae.

499 5590 612 5643 eisa
648 5599 733 5644 est
775 5589 1019 5644 occasio.
1067 5590 1273 5659 Multus
1315 5588 1464 5645 enim
1517 5590 1732 5647 Troade
1776 5593 1931 5648 calor
1977 5608 2082 5659 est,

499 5691 958 5750 opportunusque
995 5691 1052 5736 ct
1094 5682 1420 5739 commodus
1449 5683 1549 5739 tibi
1602 5699 1632 5739 a
1686 5684 1800 5741 Deo
1854 5697 2083 5756 paratus

574 5880 653 5953 (l)
692 5884 906 5941 Socrat.
940 5887 993 5940 in
1026 5886 1211 5958 Lydia.

2187 4676 2459 4745 γίνεσθαι.
2493 4678 2603 4729 Καὶ
2634 4677 2700 4746 δὴ
2747 4677 2938 4748 ἐτέρου
2979 4677 3282 4732 ἐπισκόπου
3329 4679 3411 4742 είς
3439 4679 3531 4733 τδν
3560 4679 3765 4732 ἐκείνου

2187 4765 2355 4820 τόπον
2409 4768 2807 4830 καταστάντος,
2842 4767 3108 4831 mem;
3154 4770 3213 4821 ἐν
3244 4772 3311 4841 τῇ
3350 4770 3766 4824 Κωνσταντίνου

2186 4860 2287 4922 τὰς
2308 4859 2598 4932 διατριϐὰς
2621 4862 2885 4928 ἐποιεῖτο,
2913 4861 3101 4931 ἄκρως
3128 4862 3224 4915 τὸν
3246 4864 3544 4931 ἀσκητικὸν
3570 4863 3769 4929 μετιὼν

2190 4952 2327 5023 βίον.
2378 4953 2508 5008 Ἐπὶ
2542 4954 2703 5007 τόσον
2732 4955 2789 5007 δὲ
2821 4955 2970 5024 αὐτῷ
3002 4957 3062 5007 τὸ
3098 4954 3310 5024 ἄτυφον
3355 4956 3448 5008 καὶ
3481 4957 3768 5027 ἀπέριττον

2186 5040 2277 5114 ἦν,
2310 5044 2388 5109 ὡς
2423 5045 2629 5117 καίπερ
2692 5049 2750 5099 ἐν
2806 5046 3229 5119 πολυανθρώπῳ
3264 5049 3419 5101 πόλει
3467 5047 3769 5120 στρεφόμε-

2189 5154 2318 5202 νος,
2381 5140 2611 5210 χόρτινα
2667 5139 3027 5194 ὁποδεδὲσθαι
3090 5141 3370 5196 σανδάλια.
3440 5140 3652 5210 Ὀλίγου
3722 5141 3769 5195 δ’

2189 5231 2444 5284 ἐνιαυτοῦ
2472 5233 2788 5302 παριόντος,
2819 5233 2848 5285 ὁ
2877 5235 2976 5302 τὴν
3001 5233 3307 5306 ἐπιτροπὴν
3336 5237 3438 5306 τῆς
3468 5236 3525 5287 ἐν
3552 5234 3767 5306 Τρωάδι

2188 5322 2484 5393 ἐκκλησίας
2545 5324 2974 5395 κεκληρωμένος
3031 5325 3316 5380 ἐτελεύτα.
3371 5328 3435 5379 Οί
3490 5326 3546 5381 δὲ
3583 5329 3768 5398 Τρῶες

2188 5416 2444 5485 παρῆσαν
2476 5415 2772 5485 ζητοῦντες
2819 5417 3144 5473 ἐπίσκοπον.
3177 5418 3286 5472 Τοῦ
3339 5419 3396 5473 δὲ
3430 5419 3678 5474 Ἀττικοῦ
3710 5423 3767 5473 ἐν

2189 5506 2413 5576 συννοίᾳ
2469 5506 2879 5578 καθεστηκότος
2934 5508 3057 5561 τίνα
3112 5511 3530 5582 χειροτονήσοι,
3586 5513 3768 5583 παρῆν

2187 5595 2450 5661 mem;
2477 5598 2787 5668 τηνικαῦτα
2816 5602 2961 5654 κατὰ
3015 5602 3147 5655 θέαν
3181 5604 3370 5657 αὐτοῦ.
3427 5604 3485 5658 '0
3530 5605 3588 5657 δὲ
3616 5622 3766 5658 κατι-

2187 5689 2317 5756 δὼν,
2350 5691 2514 5757 εὐθὺς
2549 5694 2747 5767 ἐκείνῳ
2775 5696 2872 5766 τῆς
2907 5695 3108 5768 Τροίας
3143 5699 3242 5768 τὴν
3283 5699 3623 5770 προστασίαν
3652 5699 3764 5752 ἐτίο
