4092 6456
425 344 566 418 1193
1361 323 1975 417 ECCLESIASTlCiE
2017 351 2409 417 msroms:
2450 357 2596 417 LIB.
2636 357 2787 420 XIV.
3548 358 3603 422 ll
3650 357 3682 420 ι

417 466 523 517 θει.
557 464 665 517 Καὶ
694 465 827 536 πρὶς
852 461 1059 518 ἐκεί-δον
1092 456 1479 534 ἐπιστραφῇς,
1526 466 1632 518 Τοῦ
1662 464 1853 518 λοιποῦ
1891 484 1972 518 σοι

2073 513 2074 519 η
2104 471 2186 518 est
2219 464 2395 519 locus.
2427 462 2668 518 Proinde
2697 466 2827 519 nihil
2868 481 3106 532 morare,
3131 467 3223 522 sed
3257 468 3508 537 pretinus
3538 470 3679 522 Tro-

414 552 541 624 ἔφη,
578 556 727 608 πᾶσα
755 556 1092 626 περιῄρηται
1129 557 1407 628 πρόφασις
1433 558 1772 629 προστασίαν
1797 558 1966 625 ἐκκλη

2095 554 2210 622 jam
2245 556 2615 624 proﬁciscere.
2653 559 2839 628 Itaque
2877 559 3152 631 Sylvanus
3195 575 3261 615 eo
3296 564 3511 616 transiit
3546 580 3561 616 :
3597 574 3678 615 at-

414 645 537 708 σίας
586 647 1050 716 ἀποδιδράσκειν·
1087 648 1222 701 πολὺ
1279 650 1387 720 γὰρ
1448 649 1509 702 τὸ
1561 650 1764 719 φλέγον
1821 649 1879 701 ἐν
1927 651 1972 718 τῇ

2095 662 2205 717 que
2254 648 2329 702 ibi
2369 648 2695 703 miraculum
2750 652 2963 720 insigne
3011 653 3269 707 manibus
3301 654 3422 723 ejus
3465 654 3674 708 editum

413 732 629 807 Τρῳάδι
655 755 668 768 ⁸
696 743 793 793 καί
826 758 908 793 σοι
939 741 1200 811 εὔκαιρος
1230 742 1398 804 τόπος
1440 743 1810 812 ηὐτρέπισται
1855 740 1993 809 πρὸς

409 826 577 882 Θεοῦ·
612 829 708 883 καὶ
760 830 944 885 τοίνυν
977 833 1051 903 μὴ
1105 835 1289 903 μέλλε,
1318 832 1435 886 ἀλλ’
1486 834 1582 887 ἐπὶ
1615 832 1818 902 Τροίαν
1865 832 1991 885 ὅσον

409 922 575 992 τάχος
599 925 858 993 πορεύου.
904 926 1158 998 Μετέστη
1190 928 1374 981 τοίνυν
1404 929 1586 980 ἐκεῖσε
1625 929 1652 980 ὁ
1688 922 1984 987 Σιλόπινός·

408 1018 506 1069 καὶ
535 1017 719 1089 θαῦμα
747 1018 983 1085 ἐξαίσιον
1012 1023 1131 1083 ταῖς
1179 1020 1392 1074 ἐκείνου
1420 1019 1724 1089 διεπράχθη
1755 1018 1946 1089 χερσίν
1970 1031 1986 1048 ο

415 1109 443 1160 ὃ
475 1107 567 1161 καὶ
600 1109 749 1173 ἄξιον
777 1110 998 1182 ἥγημαι
1032 1111 1424 1182 διηγήσασθαι.
1466 1110 1557 1182 Τῷ
1597 1110 1701 1178 τῆς
1733 1105 1988 1179 Τρῳάδος

406 1201 640 1271 αἰγιαλῷ
667 1202 794 1271 ἄρτι
851 1203 985 1267 ναῦς
1049 1204 1422 1273 παμμεγέθης
1480 1204 1733 1274 μεγάλων
1765 1204 1985 1272 ἀγωγὸς

402 1295 599 1371 κιόνων
626 1293 950 1348 ἐσκεύαστοο
980 1297 1195 1367 πλάτην
1234 1296 1411 1366 αὐτὴν
1445 1295 1496 1350 οί
1545 1296 1676 1367 περὶ
1707 1294 1985 1350 θάλατταν

400 1385 784 1454 ὀνομάζουσιν.
813 1388 971 1441 Ἐπεὶ
1000 1388 1057 1441 δὲ
1103 1388 1313 1457 ταύτην
1343 1387 1452 1440 ἔδει
1495 1388 1865 1443 καθέλκεσθαι
1900 1387 1981 1449 είς

399 1478 851 1547 τὴνιθάλασσαν,
915 1480 1102 1533 πολλοὶ
1169 1476 1460 1551 συνέρρεον
1519 1478 1806 1542 καλωδίοις
1836 1483 1983 1532 τισιν

398 1570 654 1633 ἕλκοντες
686 1573 780 1625 ἐπὶ
810 1574 908 1642 τὴν
941 1572 1140 1643 ὑγράν.
1177 1567 1268 1638 Ὦς
1301 1575 1345 1627 δ’
1378 1564 1470 1627 ἐπὶ
1496 1573 1720 1636 πολλαῖς
1741 1573 1984 1642 ἡμέραις

400 1664 662 1733 ἀκίνητος
686 1658 778 1736 ἦν,
809 1664 1090 1735 ἐνέργειαν
1114 1665 1399 1735 δαιμονίαν
1430 1665 1691 1735 ᾠήθησαν
1717 1655 1858 1717 εἷναι
1882 1666 1982 1735 τῆς

399 1755 527 1823 νηὸς
577 1759 676 1825 τὴν
734 1740 1054 1827 ἀκινησίαν.
1105 1757 1215 1811 Καὶ
1260 1757 1326 1827 δὴ
1354 1756 1679 1829 ἀφικόμενοι
1713 1758 1866 1827 παρὰ
1888 1756 1980 1809 τὸν

399 1850 698 1903 ἐπίσκοπον
747 1849 1009 1904 Σιλδανδν
1044 1850 1216 1921 εὐχὴν
1265 1849 1430 1921 ᾔτουν
1470 1851 1633 1904 αὑτὸν
1677 1848 1763 1905 ἐπ’
1793 1852 1977 1921 ἐκείνῃ

398 1940 657 2002 γενέσθαι
685 1957 699 1971 '
737 1942 951 2013 ἐκείνην
974 1943 1084 2010 γὰρ
1108 1944 1401 1996 ἐπίστευον
1449 1943 1620 2012 μόνην
1650 1943 1979 2012 ἀποχρῶσαν

399 2031 541 2088 εἶναι
572 2036 711 2105 πρὸς
737 2034 976 2107 κίνησιν.
1021 2034 1079 2088 Ὀ
1106 2035 1163 2088 δὲ
1189 2035 1396 2107 μετρίῳ
1422 2033 1503 2104 τῷ
1544 2030 1666 2104 seu
1709 2033 1784 2105 μὴ
1811 2030 1976 2086 αὐτοῦ

398 2126 460 2179 τὸ
495 2125 661 2196 ἔργον
698 2126 885 2194 ἔλεγεν
914 2120 1082 2186 εἶναι,
1138 2124 1475 2196 ἀραρτωλοῦ
1526 2141 1592 2192 γε
1635 2123 1808 2189 ὄντος,
1842 2122 1979 2176 ἀλλά

397 2235 544 2281 τινος
575 2218 767 2282 ἄλλου,
810 2211 854 2286 ᾧ
887 2220 985 2272 καὶ
1035 2219 1096 2272 τὸ
1135 2218 1292 2272 Θεϊον
1338 2217 1774 2272 ἐπαναπαύεται.
1813 2215 1904 2279 Ὣς
1933 2216 1976 2269 δ’

396 2312 598 2363 ἐκεῖνοι
650 2310 819 2364 πολλὰ
863 2310 1228 2380 λιπαροῦντες
1258 2313 1566 2374 ἐπέκειντο,
1603 2309 1757 2380 μόλις
1791 2308 1933 2361 εἴκει
1955 2323 1973 2342 ο

396 2403 490 2455 καὶ
524 2402 678 2469 παρὰ
710 2401 804 2454 τὸν
836 2400 1079 2468 αἰγιαλὸν
1106 2401 1371 2469 γεγονὼς,
1406 2401 1524 2465 ἐνὸς
1551 2400 1661 2454 τῶν
1695 2399 1977 2453 καλωδίων

398 2494 491 2548 καὶ
512 2494 675 2557 αὐτὸς
697 2494 903 2565 ἥπτετο
930 2509 945 2524 ·
978 2493 1074 2547 καὶ
1097 2497 1209 2555 τοῖς
1238 2492 1417 2554 ἄλλοις
1444 2494 1666 2565 ἔχεσθαι
1688 2491 1783 2546 τοῦ
1809 2492 1974 2563 ἔργου

398 2586 782 2657 παρηγγυᾶτο.
843 2585 1024 2656 Βραχὺ
1075 2585 1121 2639 δ’
1183 2586 1410 2640 ἐκείνων
1468 2578 1894 2655 ἐπωθησάντων,
1939 2586 1978 2657 ἡ·

395 2677 528 2740 ναῦς
559 2677 747 2747 ὥσπερ
774 2677 1018 2747 ἔμψυχος
1040 2678 1197 2747 τάχει
1226 2678 1405 2749 πολλῷ
1432 2678 1537 2732 τῶν
1559 2679 1977 2749 ὕπερκειμενων

392 2768 855 2836 διολισθαίνουσα,
889 2770 980 2823 ἐπὶ
1011 2770 1110 2840 τὴν
1146 2769 1424 2825 θάλασσαν
1454 2771 1768 2843 ἐπορεύετο.
1804 2771 1976 2828 Τοῦτο

393 2863 692 2930 γενόμενον
752 2860 848 2914 ἐπὶ
904 2863 1087 2914 πᾶσαν
1136 2862 1238 2932 τὴν
1267 2863 1538 2931 ἐπαρχίαν
1585 2862 1849 2929 διέϐαινε,
1883 2866 1978 2919 καὶ

393 2950 597 3023 πολλὴν
620 2952 911 3006 εὐλάσεισιν
938 2953 1315 3024 ἐπεμαρτύρει
1345 2955 1423 3024 τῷ
1446 2954 1713 3026 Σιλὸανῷ.
1741 2955 1976 3026 Ἀγαθδς

334 3056 353 3069 ‘
393 3047 451 3099 δὲ
472 3045 612 3117 ἀνὴρ
655 3046 723 3098 τὰ
759 3045 997 3115 μάλιστα
1039 3043 1139 3106 ὢν,
1189 3046 1313 3099 ἐπεὶ
1366 3047 1462 3099 καὶ
1504 3049 1631 3110 τοὺς
1666 3042 1760 3101 ὑπ’
1811 3049 1974 3102 αὐτὸν

2092 747 2199 799 est,
2229 739 2374 807 quod
2420 741 2668 808 profecto
2696 741 2928 810 dignum
2960 753 3044 795 est
3088 752 3149 795 ut
3189 752 3673 798 commemoretur.

2091 827 2152 882 ln
2206 828 2390 884 littore
2458 831 2696 901 Trojano
2761 832 2957 901 ingens
3009 834 3261 888 oneraria
3317 835 3507 896 navis,
3553 851 3676 903 qua:

2091 934 2317 989 magnas
2362 921 2649 977 columnas
2696 923 2886 988 ferret,
2939 934 3253 979 construCta
3288 925 3470 979 fuerat
3506 943 3520 979 :
3559 926 3672 994 pla-

2093 1022 2223 1079 tem,
2253 1028 2281 1065 ε
2307 1013 2628 1081 latitudine,
2661 1031 2784 1081 eam
2807 1025 2990 1073 nautae
3021 1020 3332 1074 nominant.
3366 1019 3515 1073 Hanc.
3542 1037 3668 1075 eum

2089 1122 2229 1176 Opus
2253 1117 2403 1164 esset
2434 1108 2488 1162 in
2525 1125 2678 1166 mare
2728 1113 3078 1182 provolvere,
3112 1114 3268 1168 multi
3316 1114 3410 1182 qui
3446 1114 3672 1169 funibus

2089 1212 2208 1253 eam
2245 1200 2299 1253 in
2348 1202 2524 1257 undas
2555 1203 2859 1265 traherent,
2906 1196 3247 1261 conﬂuxere.
3288 1207 3381 1261 llla
3425 1207 3503 1276 (l)
3540 1223 3672 1263 vero

2086 1290 2289 1346 diebus
2317 1293 2572 1363 pluribus
2598 1297 2812 1350 moveri
2839 1296 2962 1350 loco
2993 1313 3105 1352 non
3136 1299 3315 1367 potuit
3349 1316 3363 1352 :
3400 1307 3457 1353 et
3486 1299 3665 1353 homi-

2087 1397 2187 1438 nes
2216 1384 2551 1440 immobilem
2600 1387 2723 1457 ejus
2765 1389 3059 1443 stationem
3103 1389 3365 1444 daemonis
3411 1390 3664 1445 efﬁcacia:

2084 1477 2500 1546 ascripserunt:
2536 1478 2703 1550 528
2741 1492 3080 1551 quapropter
3118 1482 3439 1551 episcopum
3477 1482 3666 1552 Sylva.

2084 1583 2216 1622 num
2249 1568 2529 1636 adierunt,
2573 1580 2631 1626 et
2673 1571 2744 1626 ab
2772 1587 2840 1626 eo
2867 1581 2927 1626 ut
2968 1573 3344 1641 precationem
3394 1586 3559 1642 super
3601 1588 3664 1626 ea

2085 1660 2775 1730 faceret,-petierunt,eam
2812 1663 2983 1733 ipsam
3009 1663 3180 1718 solam
3208 1663 3276 1717 ad
3314 1677 3668 1718 commovens

2086 1751 2213 1805 dam
2260 1751 2444 1805 navim
2493 1752 2853 1809 suffecturam
2889 1768 3012 1808 esse
3056 1754 3371 1808 credentes.
3427 1753 3525 1807 Ille
3566 1769 3665 1822 pro

2084 1844 2353 1900 modestia
2412 1860 2512 1901 sua
2555 1862 2664 1900 non
2710 1846 2907 1916 ipsius,
2943 1856 3003 1900 ut
3036 1846 3279 1900 hominis
3330 1846 3661 1914 peccatoris,

2082 1937 2139 1991 id
2184 1952 2347 2006 opus,
2399 1938 2495 1993 sed
2535 1939 2765 1993 alterius
2795 1938 3118 2010 ,cujuspiam
3166 1938 3222 1992 in
3254 1953 3366 2006 quo
3408 1937 3659 1991 divinum

2080 2043 2288 2083 numen
2337 2031 2795 2099 conquiesceret,
2846 2045 2971 2085 esse
3022 2028 3180 2084 dixit.
3239 2030 3340 2085 Ubi
3395 2045 3543 2083 vero.
3579 2031 3656 2083 illi

2079 2121 2254 2193 magis
2289 2121 2455 2177 etiam
2510 2123 2561 2177 ei
2610 2124 2780 2177 multa
2830 2124 3033 2192 precati
3088 2123 3359 2190 institere,
3404 2122 3656 2192 petitioni

2078 2229 2270 2269 eorum
2298 2215 2389 2269 vix
2435 2215 2655 2270 tandem
2705 2216 2930 2281 cedens,
2972 2219 3040 2269 ad
3093 2216 3253 2271 littus
3283 2216 3507 2270 advenit
3554 2228 3660 2270 :et

2078 2306 2329 2363 oratione
2354 2317 2596 2377 peracta,
2626 2308 2811 2363 funem
2840 2322 3010 2362 unum
3037 2309 3239 2379 attigit,
3258 2318 3312 2363 et
3331 2310 3472 2363 alios
3499 2309 3655 2377 operi

2076 2400 2128 2453 ei
2165 2399 2422 2455 insistere
2446 2401 2631 2472 jussit.
2662 2401 2954 2455 Paululum
2990 2402 3143 2455 navis
3171 2400 3241 2455 ab
3276 2403 3385 2456 illis
3418 2401 3654 2470 impulsa

2076 2501 2163 2546 est
2194 2510 2207 2546 :
2245 2500 2301 2545 et
2330 2491 2419 2545 illa
2445 2492 2676 2560 perinde
2703 2501 2868 2562 atque
2900 2492 3142 2547 animata
3169 2499 3339 2555 esset,
3372 2492 3657 2546 celeritate

2077 2581 2252 2636 multa
2290 2583 2618 2651 provoluta,
2657 2583 2724 2637 ad
2779 2599 2930 2638 mare
2966 2584 3241 2653 pervenit.
3291 2584 3416 2639 llaec
3459 2598 3549 2638 res
3598 2583 3652 2637 in

2036 2673 2420 2743 provinciam
2477 2689 2696 2730 omnem
2746 2675 2987 2746 vulgata,
3027 2675 3350 2745 religionem
3403 2691 3654 2747 magnam

2078 2762 2318 2836 Sylvano
2360 2776 2448 2822 est
2492 2776 2770 2823 attestata.
2809 2767 2874 2821 Et
2909 2783 3032 2822 cum
3074 2768 3158 2822 vir
3199 2771 3444 2838 Optimus
3485 2781 3652 2833 esset,

2078 2859 2339 2930 quoniam
2376 2862 2467 2931 qui
2498 2861 2601 2915 sub
2626 2876 2693 2916 eo
2721 2870 2879 2914 erant
2908 2858 3114 2925 clerici,
3146 2860 3201 2915 in
3236 2863 3419 2916 causis
3460 2872 3517 2917 et
3550 2877 3654 2937 nn-

2079 2952 2188 3022 gis',
2231 2950 2599 3020 undecunque
2631 2951 2780 3006 inter
2820 2968 2917 3008 eos
2968 2953 3062 3023 qui
3108 2954 3323 3024 judicio
3355 2954 3654 3008 contende—

2078 3052 2224 3105 rent,
2271 3043 2724 3112 provenienttbus
2756 3044 2928 3100 veluti
2983 3046 3445 3101 nundinationem
3488 3047 3653 3101 insti-

393 3140 696 3210 κληρικοὺς
722 3138 870 3209 ἐώρα
921 3137 1110 3207 ὥσπερ
1155 3136 1428 3208 ἐμπορίαν
1478 3139 1845 3208 ποιουμένους
1872 3140 1972 3202 τὰς

2081 3146 2300 3193 tucrent
2325 3136 2427 3207 (2),
2458 3153 2529 3191 ne
2561 3136 2686 3207 quis
2710 3153 2774 3191 ex
2799 3138 2947 3192 clero
2976 3148 3165 3207 postea
3201 3152 3423 3193 causam
3459 3155 3652 3209 quam-

387 3233 519 3286 ’ὅθεν
547 3232 611 3302 δή
645 3248 778 3283 ποτε
812 3228 1274 3299 προσπιπτούσας
1320 3230 1636 3300 ἐρεσχελίας
1683 3231 1793 3285 τῶν
1823 3232 1974 3284 δικα-

393 3325 659 3394 (apii/um,
689 3325 887 3392 ἐκύρου
921 3323 1126 3394 μηδένα
1158 3323 1265 3375 τῶν
1297 3324 1517 3395 κλήρων
1542 3323 1791 3388 δικάζειν
1812 3326 1971 3396 δίκην

389 3418 552 3470 ποτέ*
586 3417 720 3470 ἀλλὰ
755 3418 882 3476 τοὺς
917 3415 1025 3469 τῶν
1055 3415 1352 3469 αἰτούντων
1396 3417 1605 3488 χάρτας
1646 3417 1966 3487 λαμϐάνων,

394 3510 476 3562 ἐνὶ
497 3508 606 3560 τῶν
633 3509 863 3574 πιστῶν,
899 3507 957 3561 ὃν
1008 3508 1124 3578 ᾔδει
1180 3509 1550 3577 διαφερόντως
1601 3509 1804 3582 πολλὴν
1836 3511 1972 3582 πρό-

391 3619 544 3659 νοιαν
577 3601 670 3656 τοῦ
724 3602 939 3655 δικαίου
991 3603 1339 3674 ποιούμενον,
1405 3603 1830 3668 μετεστέλλετο·
1873 3606 1968 3657 καὶ
2014 3592 2015 3595 η

389 3697 489 3757 τὰς
520 3695 672 3754 δίκας
703 3695 1026 3765 ἐγχειρίζων
1076 3697 1291 3767 ἐκείνῳ,
1323 3697 1421 3757 τὰς
1449 3698 1556 3750 τῶν
1590 3696 1966 3766 δικαζομένων

390 3788 710 3859 ἐρεσχελίας
743 3788 1078 3859 ἀπήλαυνεν.
1131 3789 1295 3843 Ἀλλὰ
1325 3788 1498 3843 ταῦτα
1533 3790 1631 3860 μὲν
1660 3792 1788 3860 περὶ
1842 3788 1966 3841 Σιλ-

392 3880 580 3946 6ανοῦ,
627 3884 675 3935 εί
727 3884 822 3935 καὶ
873 3883 1456 3954 παρεκόατικώτερον,
1500 3882 1620 3954 ῥιλλ⁵
1651 3878 1745 3936 οῦν
1767 3900 1852 3951 γε,
1892 3883 1966 3947 ὡς

386 3974 594 4043 οἴομαι,
630 3977 696 4043 τῇ
735 3974 987 4045 παρούσῃ
1042 3976 1256 4044 ἱστορίᾳ
1308 3976 1690 4044 προσήκονταο
1730 3972 1856 4044 ἑξῆς
1906 3974 1964 4027 δὲ

388 4068 484 4120 καὶ
514 4065 664 4118 ἄλλοι
703 4065 893 4118 πολλοὶ
934 4066 1042 4118 ἀπὸ
1075 4065 1282 4135 θρόνων
1317 4068 1395 4129 εἰς
1429 4065 1653 4135 θρόνους
1688 4065 1964 4136 μετήχθη-

388 4175 525 4214 εαδ·
559 4152 641 4222 οἷς
677 4161 704 4212 ὁ
738 4157 1051 4223 σοφώτατος
1084 4159 1238 4222 οὗτος
1280 4159 1541 4229 Πρόκλος,
1576 4158 1682 4212 ἀπὸ
1720 4161 1961 4222 Κυζίκου

388 4252 709 4318 μετατεθεὶς
744 4252 825 4312 είς
855 4250 1442 4304 Κωνσταντινούπολιν
1465 4267 1479 4281 ·
1510 4253 1601 4303 καὶ
1635 4251 1728 4304 τοῦ
1759 4253 1964 4306 πάππα

397 4344 617 4414 Ῥώμης
658 4343 983 4396 Κελεστίνου
1020 4345 1086 4413 τῇ
1116 4343 1314 4412 πράξει
1365 4343 1839 4407 συνευδοκοῦντος,
1867 4347 1962 4400 καὶ

383 4438 452 4490 δι’
477 4436 777 4489 ἐπιστολῶν
803 4434 971 4506 τριῶν
1005 4435 1140 4503 πρός
1174 4452 1232 4486 τε
1270 4434 1360 4487 τὸν
1388 4435 1801 4505 Ἀλεξανδρείας
1847 4436 1961 4489 K6-

2076 3230 2223 3300 piam
2282 3230 2602 3298 judicaret,
2664 3230 2976 3286 constituit.
3044 3229 3151 3287 Sed
3216 3232 3647 3302 supplicantium

2073 3322 2292 3377 libellos
2343 3332 2624 3391 acceptos,
2680 3322 2777 3376 uni
2821 3338 2887 3377 ex
2944 3321 3200 3380 ﬁdelibus
3251 3327 3428 3383 laic's.
3487 3340 3648 3392 quem

2073 3414 2351 3483 prmeipue
2378 3414 2511 3485 justi
2544 3425 2600 3469 et
2641 3418 2780 3485 aequi
2831 3417 3141 3472 studiosum
3172 3433 3295 3473 esse
3337 3418 3525 3482 sciret,
3556 3435 3647 3472 ac.

2071 3504 2181 3558 cito
2213 3504 2385 3569 dedit,
2418 3506 2813 3578 eiquejudicio
2851 3522 3142 3562 causarum
3177 3511 3494 3573 commisso,
3523 3509 3649 3581 jure

2070 3596 2522 3651 cdntendentium
2575 3609 2908 3669 nugamenta
2961 3601 3174 3671 rejecit.
3238 3601 3366 3657 "th
3418 3602 3486 3656 de
3532 3602 3652 3673 Syl~

2066 3702 2211 3743 vano
2241 3689 2343 3759 (ὅ),
2388 3691 2642 3757 quamvis
2691 3706 2786 3759 per
2831 3691 3256 3761 digressionem,
3291 3710 3402 3747 non
3444 3700 3647 3757 tamen“,

2069 3782 2232 3837 sicuti
2269 3783 2420 3852 puto,
2458 3785 2527 3837 ab
2562 3785 2793 3839 historia
2826 3794 3014 3839 nostra
3065 3785 3269 3850 aliena,
3319 3786 3467 3841 dicta
3514 3789 3644 3844 sint.

2070 3874 2340 3946 Deinceps
2399 3892 2528 3930 vero
2581 3878 2740 3933 multi
2801 3892 3023 3947 quoque
3080 3880 3175 3933 alii
3225 3896 3290 3934 ex
3340 3881 3541 3935 throno
3590 3883 3642 3934 in

2069 3969 2328 4024 thronum
2385 3981 2515 4026 sunt
2575 3972 2752 4027 missi.
2815 3972 2993 4029 Sicuti
3047 3975 3487 4044 sapientissimus
3544 3976 3644 4032 iste

2066 4061 2303 4116 Proeliis
2338 4060 2541 4132 Cyzico
2597 4062 3136 4133 Constantinopolim
3188 4074 3275 4120 est
3323 4069 3637 4134 translatus,

2064 4153 2342 4208 Celestino
2397 4155 2649 4208 Romano
2706 4170 2843 4224 papa
2889 4173 3005 4212 rem
3050 4176 3170 4214 eam
3222 4164 3636 4229 comprobantr,

2064 4247 2315 4315 epistolis
2338 4246 2517 4301 tribus
2535 4246 2601 4300 ad
2628 4247 2893 4317 Cyrillum
2918 4251 3376 4316 Alexandrinum,
3402 4264 3455 4308 et
3477 4255 3642 4309 Joan-

2064 4353 2190 4392 nem
2224 4337 2659 4406 Antlochenum,
2713 4351 2770 4393 et
2825 4340 3027 4395 Rufum
3079 4341 3636 4399 Thessalonicensem

2064 4431 2290 4499 scriptis
2322 4447 2334 4485 :
2368 4432 2422 4486 in
2451 4432 2656 4501 quibus
2683 4434 2903 4499 asserit,
2936 4435 3245 4491 canonibus
3278 4451 3386 4491 non
3441 4437 3638 4492 obesse

387 4529 594 4600 ριλλον,
633 4531 726 4579 καὶ
768 4529 859 4581 τὸν
901 4527 1238 4595 Ἀντιοχείας
1270 4526 1549 4595 Ἰωάννην,
1595 4529 1689 4580 καὶ
1732 4528 1962 4596 Ῥοῦφον

2073 4525 2455 4594 episcoporum
2477 4538 2545 4579 ex
2571 4525 2706 4581 urbe
2740 4526 2795 4579 in
2821 4527 3014 4582 urbem
3042 4528 3341 4597 legitimam
3367 4531 3635 4601 ejusmodi
3697 4592 3706 4601 ι

381 4627 476 4676 τὸν
522 4623 928 4691 Θεσσαλονίκης
967 4621 1198 4692 γράφων
1243 4620 1549 4689 συνίστησι,
1582 4619 1643 4672 τὸ
1690 4620 1833 4682 κατὰ
1863 4638 1960 4692 μη-

380 4716 472 4768 δέν
500 4733 554 4767 τι
588 4714 989 4785 προσίστασθαι
1015 4715 1125 4774 τοῖς
1158 4711 1347 4763 κανόσι
1379 4710 1479 4780 τὴν
1504 4710 1613 4763 τῶν
1641 4712 1959 4765 ἐπισκόπων

390 4809 686 4878 μετάθεσιν
730 4808 837 4860 ἀπὸ
868 4806 1032 4875 τῆσδε
1094 4806 1303 4866 πόλεως
1331 4808 1410 4867 εἰς
1461 4804 1676 4871 ἑτέραν.
1716 4804 1859 4873 Ἐγὼ
1887 4802 1956 4869 δ’,

382 4904 432 4954 εἰ
465 4903 558 4955 καὶ
593 4898 1168 4969 πσρεκὸατικώτερον,
1217 4899 1315 4952 καὶ
1367 4896 1494 4959 τοὺς
1550 4894 1679 4966 ἑξῆς
1736 4898 1851 4950 ὅσοι
1894 4897 1959 4968 δὴ

386 4990 763 5061 μετετέθησαν
799 4988 1118 5059 προσθεῖναι
1180 4989 1246 5057 τῇ
1304 4987 1517 5056 ἱστορίᾳ
1576 4986 1727 5053 μάλα
1774 4985 1961 5055 βιάσο-

388 5101 510 5152 μαι,
542 5081 895 5154 προσήκοντά
918 5097 1006 5149 γε,
1058 5076 1237 5148 οἶμαι,
1285 5077 1428 5146 δρῶν
1472 5078 1586 5140 τοῖς
1619 5078 1749 5148 περὶ
1781 5079 1957 5132 ταῦτα

384 5176 740 5246 φιλομαθέσι.
774 5173 915 5242 Πρὸς
943 5171 1051 5241 γὰρ
1092 5170 1158 5241 δὴ
1192 5171 1406 5232 τούτοις
1442 5169 1537 5222 ἐπὶ
1580 5171 1831 5239 Ζήνωνος
1865 5171 1960 5223 καὶ

380 5270 411 5321 ὁ
449 5266 670 5335 Μογγὺς
719 5267 924 5336 Πέτρος
980 5263 1338 5333 εἰσηγήσεσιν
1388 5260 1646 5313 Ἀκακίου
1705 5258 1798 5313 τοῦ
1858 5260 1958 5327 τῆς

384 5357 805 5414 Κωνσταντίνου
835 5353 1102 5424 προέδρου
1137 5354 1245 5406 ἀπὸ
1271 5353 1555 5422 Εὖχαῖτων
1589 5354 1670 5415 είς
1706 5350 1961 5417 Ἀλεξάνο-

383 5455 574 5519 δρειαν
637 5448 1031 5520 μετατίθεται·
1066 5447 1140 5508 ὠς
1198 5444 1325 5514 ἐξῆς
1364 5445 1494 5514 περὶ
1529 5445 1722 5498 τούτου
1766 5463 1822 5498 τε
1868 5446 1961 5498 καὶ

383 5545 498 5597 τῶν
531 5543 730 5608 ἄλλων,
781 5542 848 5612 ἢν
880 5541 999 5609 Θεῷ
1045 5539 1356 5610 βουλομένῳ
1392 5540 1503 5608 είη,
1534 5537 1853 5609 ῥηθήσεται.
1901 5539 1960 5590 '0

457 5659 535 5727 (1)
576 5658 793 5727 Socrat,
824 5655 923 5710 lib.
961 5669 1202 5727 vincap.
1233 5653 1320 5706 57.

455 5723 532 5795 (Ξ.)
574 5726 885 5782 Absurdum
938 5724 1156 5779 clericis
1208 5734 1325 5787 est,
1379 5723 1487 5776 imo
1542 5723 1955 5795 etiamroppro-

381 5800 627 5855 L-riosum
652 5837 664 5860 ,
698 5797 741 5850 si
790 5796 995 5865 peritos
1031 5810 1089 5848 se
1120 5794 1291 5847 velint
1337 5795 1629 5848 ostendere
1680 5794 1950 5864 discepta-

701 5891 975 5951 PATROL.
1024 5890 1139 5951 Gn.
1194 5887 1433 5948 CXLVI

2066 4617 2504 4673 translationem.
2530 4619 2642 4688 Ego
2673 4633 2803 4673 vero
2837 4619 2906 4673 ab
2950 4620 3207 4675 instituto
3239 4622 3475 4690 digredi,
3512 4637 3636 4677 eus-

2062 4726 2168 4781 quc
2195 4712 2287 4781 qui
2316 4709 2516 4765 deinde
2569 4710 2820 4764 translati
2856 4711 2931 4764 ita
2959 4711 3090 4788 sint,
3124 4713 3276 4781 Operi
3320 4712 3450 4767 huic
3472 4713 3639 4768 adne-

2062 4812 2213 4858 ctere
2254 4816 2442 4873 cogor,
2507 4818 2692 4856 rerum
2736 4803 2925 4857 talium
2961 4804 3248 4868 studiosis,
3281 4817 3341 4860 ut
3375 4806 3633 4875 equidem

2063 4904 2215 4963 puto,
2263 4895 2696 4965 gratiﬁcaturus.
2758 4896 2963 4949 l’rmter
3002 4911 3121 4960 eos,
3176 4913 3316 4964 quos
3371 4899 3631 4963 diximus,

2062 4988 2284 5042 Zenone
2327 4988 2652 5056 imperante,
2702 4987 2893 5042 Petrus
2944 4988 3217 5058 Mongins,
3261 4992 3441 5045 Acacii
3486 4992 3635 5047 Con-

2062 5066 2536 5148 stantinopolitani
2570 5080 2816 5149 episcopi
2852 5083 3228 5149 suggestione,
3257 5086 3324 5136 ab
3349 5083 3632 5138 Euchaitis

2061 5170 2445 5224 Alexandriam
2507 5171 2866 5225 transmissus
2915 5180 3003 5226 est
3055 5189 3070 5226 :
3113 5172 3275 5227 sicuti
3332 5183 3519 5243 postea
3563 5177 3631 5231 de

2063 5261 2167 5315 hoc
2198 5270 2251 5315 et
2283 5260 2427 5325 aliis,
2469 5261 2512 5316 si
2544 5262 2656 5316 Deo
2694 5262 2873 5315 visum
2912 5262 3098 5327 fuerit,
3128 5264 3398 5341 dicemus.
3429 5267 3629 5321 Anthi-

2063 5366 2185 5408 mus
2213 5353 2635 5423 Trapezuntius,
2675 5354 2778 5408 sub
2819 5354 3038 5409 Justino
3072 5355 3419 5424 imperatore,
3460 5361 3514 5413 in
3545 5375 3633 5415 sc-

2062 5445 2187 5501 dem
2240 5446 2914 5514 Constantinopolimnam
2974 5451 3262 5503 traductus
3312 5459 3416 5504 est.
3468 5450 3633 5523 529

2061 5539 2196 5595 Rem
2233 5537 2374 5593 hanc
2405 5537 2696 5594 conﬁrmat
2741 5540 3099 5596 admirandus
3150 5543 3314 5598 etiam
3365 5545 3459 5600 ille
3499 5560 3634 5600 eon-

2062 5648 2426 5777 tionlu'n'esse
2456 5654 2781 5711 forensium.
2810 5656 2849 5709 l.
2887 5654 3145 5727 Repetite.
3176 5657 3239 5712 C.
3276 5659 3353 5713 De
3381 5659 3631 5730 episcop.

2062 5734 2115 5777 et
2146 5740 2174 5776 c
2200 5740 2277 5777 er.

2062 5734 2115 5778 ει
2146 5734 2277 5777 cler.

2135 5796 2209 5865 (3)
2254 5793 2293 5847 Il
2329 5793 2470 5848 Tim.
2507 5811 2566 5858 ll,
2608 5806 2662 5849 et
2692 5796 2785 5864 Ἦ,
2813 5809 2984 5867 quaest
3019 5801 3071 5865 5,
3114 5802 3342 5868 Placuit,
3369 5811 3479 5857 etc.
3542 5800 3547 5805 ’

3164 5896 3233 5954 38
