4092 6482
433 413 487 482 12
499 423 572 489 95

1639 431 1688 495 Ν
1695 428 2060 494 ItJEPHORI
2107 426 2457 489 CALLISTI

3547 428 3682 497 1198

424 535 605 594 fessor
628 541 961 612 Germanus,
986 546 1081 616 qui
1113 545 1404 603 Anastasio
1439 548 1772 619 imperante,
1807 545 2005 617 Cyzico

2117 534 2526 613 Τραπεζοῦντος
2560 541 2825 613 Ἀνθιμος
2858 545 2951 599 ἐπὶ
3001 542 3293 602 Ἰουστίνου
3324 546 3405 607 είς
3449 546 3543 601 τὸν
3590 550 3688 616 τῆς

424 643 650 699 quoque
695 634 1230 707 Constantinopolim
1287 640 1528 696 transiit.
1587 640 1720 695 ltem
1765 637 2010 692 Thomas

424 720 818 782 Thcssalonica
850 731 1259 798 Alexandriam,
1287 734 1356 788 de
1382 734 1629 802 septimae
1657 730 1850 804 synodi
1882 746 2012 785 sen-

426 816 624 881 tentia,
669 819 1034 876 Constantino
1081 832 1139 878 et
1186 823 1343 880 lrene
1396 825 1816 895 imperantibus.
1861 821 2012 876 Divi-

424 911 691 966 nissimus
725 930 944 983 quoque
990 916 1305 986 patriarcha
1356 915 1621 987 lgnatius,
1669 916 1776 972 sub
1820 913 2009 969 Basilii

428 1003 743 1060 Macedonis
769 1007 1024 1076 imperio,
1048 1009 1311 1063 Basilium
1341 1008 1662 1064 Cretensem
1685 1008 2007 1077 episcopum

424 1092 875 1153 Thessalonicam
944 1101 1272 1156 transmisit.
1347 1101 1462 1156 Sub
1519 1100 1716 1156 eodem
1775 1099 2009 1167 imperio

422 1189 667 1246 Joannes
709 1191 958 1263 Majunue
1006 1194 1301 1265 cpiscopus
1339 1192 1757 1258 Alexandriam,
1788 1202 1845 1247 et
1877 1192 2010 1246 Am-

423 1283 743 1351 philochius
786 1283 1097 1357 Cyzicenus
1135 1286 1397 1351 Nicaeam,
1433 1296 1598 1355 atque
1634 1285 1764 1341 inde
1811 1284 2008 1339 beatus

425 1375 754 1432 Theodorus
785 1379 1116 1437 Laodiceam
1146 1380 1397 1435 translati
1430 1389 1582 1434 sunt.
1616 1380 1788 1434 Porro
1819 1377 2007 1433 Leone

423 1466 683 1535 Sapiente
719 1470 1012 1538 imperium
1047 1482 1292 1543 regente,
1323 1482 1379 1526 et
1414 1470 1610 1525 Pbotio
1635 1485 1852 1525 sacrum
1881 1485 2007 1524 mu.

423 1573 532 1612 nus
594 1559 1085 1628 administrante,
1123 1564 1426 1634 Gregorius
1497 1562 1882 1633 Syracusanus
1951 1562 2007 1616 in

424 1651 779 1717 metropolim
836 1651 1115 1708 Nicaenam
1179 1654 1421 1721 transiit,
1458 1663 1513 1710 ct
1560 1653 1809 1724 ejusdem
1852 1652 2007 1707 urbis

424 1738 719 1809 cpiscopus
743 1742 917 1796 Nicon
948 1743 1308 1814 Hierapolim.
1329 1746 1601 1813 Praeterea
1629 1744 1820 1799 Daniel
1845 1744 2007 1799 Nico-

423 1831 588 1901 polis,
623 1848 745 1900 qua:
780 1833 834 1887 in
867 1833 1075 1891 Gracia
1111 1847 1217 1900 est,
1248 1838 1506 1899 antistes,
1536 1839 1808 1908 Ancyram
1842 1835 2008 1892 Gala-

426 1929 517 1981 tiae

424 2019 669 2076 Juannes
726 2021 1028 2080 Larissaeus
1085 2024 1361 2097 Syuadam
1416 2028 1718 2081 translatus
1760 2035 1868 2082 est.
1926 2025 2007 2081 Ad

426 2110 546 2167 lnec
574 2129 642 2168 ex
689 2115 965 2169 Amasena
1017 2116 1155 2171 urbe
1198 2115 1515 2186 Stephanus
1560 2117 1807 2172 eviratus
1861 2117 2011 2172 Con-

426 2208 846 2277 stantinopolim
906 2208 1224 2278 patriarcha
1283 2211 1549 2275 transiit,
1609 2209 1712 2264 sub
1771 2210 2008 2265 Romani

427 2301 577 2355 senis
617 2300 874 2369 imperio.
911 2300 978 2355 Et
1013 2301 1396 2356 Antiocheth
1436 2303 1874 2369 pmmenarcbes.
1908 2303 2013 2359 hoc

314 2442 323 2447 _
425 2399 516 2447 est
567 2391 869 2461 primarius
905 2402 1123 2462 pastor,
1155 2392 1222 2448 ad
1255 2393 1503 2450 ecclesia:
1533 2394 1745 2465 Magnae
1774 2396 2010 2464 primum

426 2481 667 2537 ollicium
685 2499 747 2540 se
763 2484 1062 2539 transtulit.
1082 2482 1159 2539 Ex
1178 2485 1498 2554 episcopatu
1517 2494 1700 2539 autem
1715 2486 2010 2554 Flaviadis,

427 2573 524 2641 qui
548 2574 654 2627 sub
680 2573 997 2629 Anazarbes
1024 2576 1318 2644 metropoli
1353 2586 1460 2639 est,
1496 2576 1842 2644 Nicephorus
1871 2575 2014 2632 Pho-

428 2677 526 2718 cas
573 2663 898 2733 episcopum
937 2665 1060 2736 ejus
1098 2665 1447 2720 Eustratium
1501 2666 1862 2732 transferens,
1896 2669 2011 2724 An-

429 2753 653 2810 tiochiae
685 2754 1061 2824 patriarcham
1093 2754 1224 2811 fecit
1254 2773 1270 2810 :
1298 2771 1425 2812 cum
1463 2757 1688 2828 quidem
1723 2758 2013 2830 episcopa-

430 2856 547 2900 tum
599 2861 724 2901 eutn
777 2846 848 2901 ab
902 2847 1187 2903 Anazarbe
1239 2847 1558 2913 divulsum,
1612 2849 2013 2921 patriarcltatui

426 2937 779 2994 AntiOclteno
812 2939 1105 2995 univisset.
1140 2939 1384 3011 Agapius
1418 2940 1687 2997 Seleuciae
1734 2941 1786 2995 in
1829 2942 2010 2998 Pieria

426 3031 682 3097 antistes,
712 3032 1064 3087 Antiochiam
1097 3042 1155 3088 et
1186 3033 1310 3104 ipse
1336 3034 1638 3089 translatus
1666 3044 1772 3097 est.
1808 3034 2012 3094 Basilio

428 3112 956 3196 l’orpltyrogenneta
983 3126 1252 3182 Romanis
1278 3125 1602 3196 imperante.
1623 3126 1737 3184 Sub
1762 3129 2011 3201 ejusdem

428 3218 689 3286 imperio,
733 3216 1184 3289 Theophylactus
1214 3218 1463 3274 Sebastia
1500 3219 1746 3287 Rosiam,
1788 3231 1845 3277 et
1882 3223 2011 3281 Ale-
2040 3238 2088 3299 ε

430 3311 641 3366 xauder
669 3311 967 3366 Antiochia
1001 3312 1384 3385 Hierosolyma
1415 3330 1431 3382 ;
1475 3323 1590 3369 tum
1625 3326 1812 3370 autem
1839 3315 2025 3373 Joan-,

429 3421 552 3469 nes,
599 3404 692 3459 ctti
757 3405 1029 3461 Codonati
1075 3422 1281 3462 novum
1332 3416 1389 3462 et
1432 3407 1655 3464 celebre
1705 3423 2014 3479 cognomen

428 3498 554 3562 l'uit,
579 3512 646 3551 ex
673 3512 866 3568 magna
886 3497 1179 3555 Antiochia
1207 3498 1262 3552 in
1293 3498 1643 3569 tnetropolim
1672 3499 1799 3571 Tyri
1833 3510 2014 3557 trans-

427 3594 514 3645 itt.
579 3590 648 3645 Et
688 3606 912 3647 rursum
953 3590 1085 3663 Tyri
1129 3593 1424 3662 episc0pus
1459 3601 1758 3658 castratus,
1808 3602 1868 3647 ut
1912 3590 2015 3647 Ec-

426 3684 597 3738 clesia
629 3685 750 3757 ejus
783 3700 812 3738 a
846 3684 1029 3740 Persis
1059 3693 1221 3753 capta
1256 3693 1362 3747 est.
1402 3682 1779 3756 Hierosolyma
1815 3685 2013 3756 profu-

429 3779 530 3846 git.
575 3775 640 3830 Et
683 3790 811 3829 cum
866 3776 1132 3831 thronum
1166 3774 1242 3829 ibi
1280 3789 1520 3831 vacuum
1553 3791 1710 3841 esse,
1747 3779 2012 3848 episcopo

428 3884 530 3924 suo
573 3867 857 3934 orbatum,
903 3868 1273 3938 contingeret,
1306 3865 1792 3937 Hierosolymitani
1821 3910 1837 3937 ,
1874 3871 2012 3924 Pcr-

427 3979 618 4018 sarum
666 3960 907 4032 principi
939 3971 1002 4017 ut
1042 3961 1122 4016 illi
1170 3960 1467 4017 ecclesiam
1501 3959 1663 4032 530
1695 3961 2012 4034 Hierosoly-

429 4059 536 4112 mis
574 4056 926 4111 committere
962 4064 1210 4125 possent,
1252 4054 1658 4125 supplicarunt.
1695 4052 1801 4122 Qui
1843 4055 2012 4111 etiam

427 4150 1003 4221 Constantinopolim,
1064 4148 1248 4204 sexies
1304 4147 1600 4202 millesimo
1660 4148 2014 4219 sexingente-

427 4249 568 4303 simo
606 4254 665 4302 et
710 4245 928 4300 decimo
974 4244 1174 4314 quinto
1216 4258 1245 4296 a
1304 4241 1531 4296 condito
1582 4242 1794 4297 tnundo
1840 4257 2010 4309 anno,

428 4341 622 4396 Alexio
670 4338 956 4395 Conmeno
1016 4336 1347 4405 imperante,
1393 4334 1720 4401 adveniens,
1773 4352 1805 4390 a
1856 4349 2012 4390 sacra

390 4447 405 4452 ’
427 4441 718 4503 susceptus
748 4440 836 4487 est
874 4429 1109 4502 synodo,
1133 4442 1258 4482 cum
1289 4426 1547 4481 Nicolaus
1574 4414 2014 4496 Theoprobletus

426 4525 802 4597 patriarcbam
870 4532 1077 4595 ageret.
1137 4521 1347 4577 Eodem
1415 4521 1646 4579 Nicolao
1708 4520 2011 4575 Ecclesiam

2116 635 2538 689 Κωνσταντίνου
2570 635 2764 706 θρόνον
2794 636 3247 707 μεταϐιϐάζεται.
3281 639 3568 710 Συνίστησι
3597 639 3689 695 τὸν

2112 725 2271 794 λόγον
2314 727 2405 779 καὶ
2427 725 2454 778 6
2474 725 2775 795 θαυμάσιος
2801 726 3140 798 όμολογητὴς
3169 728 3468 799 Γερμανὸς,
3487 727 3578 780 ἐπὶ
3595 726 3687 780 τοῦ

2115 819 2519 888 αὐτοκράτορος
2560 819 2920 875 ’Δναστασίου
2972 822 3038 874 ἐκ
3086 820 3328 884 Κυζίκου
3382 823 3481 875 καὶ
3528 821 3688 885 αὐτὸς

2114 910 2193 971 είς
2225 909 2323 981 τὴν
2385 911 2809 967 Κωνσταντίνου
2847 913 3187 981 μετατεθείς.
3242 915 3350 969 Καὶ
3385 915 3585 984 Θωμᾶς
3624 916 3689 967 ἐκ

2113 1003 2517 1074 θεσσαλονίκης
2561 1007 2643 1068 είς
2673 1007 2773 1073 τὴν
2818 1006 3174 1077 Ἀλεξάνδρου
3234 1009 3556 1075 μετάγεται.
3590 1009 3689 1075 τῆς

2112 1093 2352 1163 ἑϐδόμης
2391 1098 2863 1169 συμπραττούσης
2896 1101 2997 1167 τὴν
3035 1100 3216 1169 ψῆφον
3268 1101 3510 1166 συνόδου,
3540 1103 3691 1155 Κων-

2115 1188 2401 1244 σταντίνου
2454 1190 2548 1241 κα)⁸
2600 1188 2844 1262 Εἰρήνης
2886 1192 2953 1246 τὰ
2981 1192 3077 1263 τῆς
3127 1192 3367 1263 μεγάλης
3398 1194 3688 1247 διεπόντων

2111 1278 2287 1348 ἀρχῆς
2304 1296 2318 1311 ο
2354 1278 2642 1335 Βασιλείου
2663 1280 2718 1335 δὲ
2738 1283 2831 1335 τοῦ
2865 1285 2927 1337 ὲκ
2952 1285 3280 1339 Μακεδόνων
3301 1286 3684 1355 κατάρχοντος,

2112 1370 2210 1423 καὶ
2232 1372 2258 1423 6
2290 1369 2565 1436 θειότατος
2590 1375 2939 1444 πατριάρχης
2972 1375 3232 1442 Ἰγνάτιος
3280 1376 3371 1430 τὸν
3400 1378 3497 1447 τῆς
3534 1378 3689 1448 Κρή-

2110 1478 2212 1531 της
2241 1463 2527 1519 Βασίλειον
2566 1466 2647 1528 εἰς
2679 1466 2781 1537 τὴν
2828 1468 3118 1522 Θετταλῶν
3155 1468 3533 1541 μετατίθησιν.
3568 1472 3687 1523 Ἐπ’

2113 1553 2283 1607 αὑτοῦ
2334 1555 2389 1608 δὲ
2437 1558 2534 1609 καὶ
2567 1560 2595 1611 6
2638 1559 2732 1612 τοῦ
2785 1560 3051 1631 Μαῖουμᾶ
3104 1562 3403 1626 ἐπίσκοπος
3433 1563 3687 1634 Ἰωάννης

2111 1646 2192 1708 είς
2221 1646 2318 1718 τὴν
2361 1646 2715 1721 Ἀλεξάνδρου
2744 1654 3044 1721 μετάγεται
3067 1671 3080 1685 '
3119 1657 3146 1708 6
3176 1652 3420 1719 Κυζίκου
3454 1668 3514 1708 τε
3554 1656 3686 1725 ’Δμ-

2111 1737 2353 1809 φιλόχιος
2400 1742 2720 1811 μεταϐαίνει
2767 1747 2857 1808 είς*
2895 1724 3159 1800 Νίκαιανί
3212 1750 3304 1800 καὶ
3345 1724 3680 1818 Θεόδωροςίὸ

2114 1834 2385 1901 μακάριος
2430 1836 2645 1889 ἐκεῖθεν
2679 1839 2761 1901 εἷς
2808 1840 3156 1895 Λαοδίκειαν.
3203 1839 3433 1903 Λέοντος
3478 1841 3534 1895 δὲ
3590 1836 3686 1894 τοῦ

564 1943 582 1981 :
627 1936 684 1980 et
731 1927 1033 1998 Symeones
1098 1932 1256 1987 novis
1306 1929 1482 1986 Patris
1530 1930 1858 1986 Laodiceam
1902 1948 1915 1984 :
1952 1939 2011 1985 et

2117 1898 2289 1993 Σοφοϐ
2349 1928 2414 1996 τῇ
2458 1926 2709 1998 βασιλείᾳ
2742 1898 3144 2002 εμπρέποντος,
3195 1933 3289 1986 καὶ
3338 1898 3542 1986 Φωτίου
3589 1936 3686 1996 τζς

2116 2014 2267 2085 ἱερὰς
2305 2017 2463 2086 ἡνίας
2492 2018 2934 2089 διακατέχοντος,
2956 2024 2983 2075 ό
3006 2024 3357 2095 Συρακούσης
3392 2024 3500 2094 Γρη
3515 2025 3686 2094 γόριος

2114 2108 2193 2171 εἰς
2221 2107 2322 2176 τὴν
2360 2107 2613 2163 Νικαέων
2652 2110 2989 2182 μητρόπολιν
3034 2112 3403 2182 μετατίθεται.
3443 2112 3550 2167 Ναὶ
3579 2117 3690 2186 μην

2116 2200 2212 2251 καὶ
2244 2200 2431 2255 Νίκων
2459 2202 2556 2269 τῆς
2603 2202 2777 2274 αὐτῆς
2814 2204 3120 2270 ἐπίσκοπος
3147 2204 3357 2270 πόλεως
3401 2208 3479 2270 ei;
3517 2209 3689 2278 ἰερᾶι⁴

2114 2288 2270 2342 πολιν
2302 2290 2532 2345 ἄνεισιν.
2578 2292 2745 2347 Ἀλλὰ
2766 2297 2859 2349 καὶ
2892 2297 2921 2351 6
2956 2299 3057 2367 τῆς
3099 2298 3159 2352 ὲν
3204 2294 3420 2353 Ἐλλάδι
3454 2297 3687 2352 Νικοπό-

2115 2380 2251 2447 λεως
2280 2384 2583 2451 ἐπίσκοπος
2611 2387 2810 2457 Δανιὴλ
2843 2389 2902 2452 ἒς
2930 2390 3032 2460 τὴν
3059 2389 3162 2460 τῆς
3190 2390 3457 2454 Γαλατίας
3490 2392 3688 2454 Ἀγκυ-

2118 2490 2221 2544 ραν
2254 2475 2672 2545 προϐιϐάζεται.
2704 2478 2872 2535 Ἀλλὰ
2929 2482 3026 2536 καὶ
3074 2481 3101 2534 6
3138 2481 3431 2552 Συμεώνης
3479 2484 3508 2536 6
3555 2483 3689 2536 νέων

2118 2566 2352 2637 Πατρῶν
2394 2567 2495 2640 τὴν
2549 2571 2843 2640 μετάθεσιν
2910 2572 3073 2642 ἔσχεν
3112 2573 3194 2632 εἰς
3242 2574 3582 2631 Λαοδίκειαν.
3625 2575 3687 2627 '0

2117 2660 2399 2732 Λαρίσσης
2436 2679 2497 2715 τε
2546 2659 2803 2736 Ἰωάννης
2836 2666 2917 2729 είς
2962 2665 3176 2721 Σύναδα
3219 2665 3525 2741 μετηνέχθη
3548 2685 3566 2702 ο
3597 2669 3690 2723 ἐπὶ

2115 2751 2181 2823 δὴ
2203 2752 2418 2819 τούτοις
2452 2754 2517 2809 ἐκ
2548 2755 2650 2826 τῆς
2683 2756 2974 2828 Ἀμασέων
3011 2757 3220 2821 πόλεως
3244 2759 3516 2829 Στέφανος
3544 2760 3690 2813 ἐκτο-

2122 2845 2251 2917 μίας
2283 2844 2364 2911 είς
2391 2849 2747 2920 κατριάρχην
2783 2849 2886 2919 τῆς
2910 2851 3326 2906 Κωνσταντίνου
3369 2855 3691 2923 χειροτονεί‹

2114 2956 2228 3007 ται,
2269 2938 2554 3008 Ῥωμανοῦ
2587 2939 2685 2995 τοῦ
2736 2941 2996 3011 γέροντος
3023 2943 3095 2997 τὰ
3138 2944 3393 3015 σκῆπτρα
3433 2945 3688 3000 διακατέο

2116 3032 2475 3101 χοντοςιΚαὶ
2521 3036 2548 3087 6
2572 3033 2673 3104 τῆς
2701 3034 2981 3106 Ἀντιόχου
3015 3038 3071 3091 δὲ
3103 3040 3480 3110 ποιμενάρχης
3508 3042 3587 3103 είς
3630 3039 3689 3094 τὺ

2116 3125 2215 3194 τῆς
2240 3125 2501 3195 Μεγάλης
2530 3127 2827 3197 ἐκκλησίας
2882 3129 3097 3201 πρῶτον
3126 3129 3379 3201 ὁφςρίκιον
3421 3135 3688 3201 μετατάτ·

2117 3232 2295 3270 τεται.
2333 3215 2474 3270 ’Ἀπὸ
2502 3215 2558 3270 δὲ
2580 3219 2679 3288 τῆς
2706 3220 3011 3291 ἐπισκοπῆς
3035 3221 3335 3285 Φλαϐιὰδος
3368 3222 3489 3295 ητις
3544 3224 3689 3277 ἐστὶν

2118 3309 2226 3362 ὑπὸ
2259 3309 2362 3381 τὴν
2390 3308 2744 3382 ’Λναζάρϐης
2775 3312 3137 3383 μητρόπολιν,
3170 3312 3486 3387 Νικηφόρος
3516 3317 3544 3368 6
3571 3317 3687 3368 Φω-

2116 3402 2220 3464 κᾶς
2256 3402 2346 3455 τὸν
2390 3403 2692 3457 ἐπίσκοπον
2722 3403 2930 3477 ταύτης
2970 3404 3307 3477 Εὐστράτιον
3360 3406 3688 3476 μεταγαγὼν

2115 3493 2345 3560 ἐκεῖθεν,
2370 3493 2704 3566 Ἀντιοχείας
2739 3498 3089 3570 πατριάρχην
3144 3500 3495 3571 καθίστησινσ
3553 3502 3690 3555 ἀπο-

2123 3586 2337 3650 σπάσας
2360 3588 2456 3641 καὶ
2488 3588 2587 3660 τὴν
2626 3589 2932 3661 εἰρημένην
2979 3582 3286 3663 ἒπισκοπὴν
3333 3592 3685 3665 ’Δναζάρϐης,

2116 3680 2212 3732 καὶ
2250 3682 2327 3751 τῷ
2360 3680 2460 3751 τῆς
2490 3681 2826 3753 Ἀντιοχείας
2866 3685 3250 3756 πατριαρχείῳ
3276 3684 3505 3749 ὲνώσας.
3533 3686 3598 3738 ὐ
3630 3704 3685 3740 τε

2117 3774 2445 3837 Σελευκείας
2490 3774 2592 3844 τῆς
2642 3773 2869 3846 Πιερίας
2920 3777 3188 3845 Ἀγάπιος
3224 3780 3307 3844 εἰς
3353 3779 3452 3850 τὴν
3479 3777 3683 3834 Ἀντιό-

2117 3885 2212 3937 χου
2268 3868 2362 3919 καὶ
2396 3867 2558 3932 αὐτὸς
2603 3868 2979 3938 μετατίθεται,
3013 3868 3110 3923 τοῦ
3167 3872 3685 3943 Πορφυρογεννήτου

2117 3958 2405 4012 Βασιλείου
2437 3961 2551 4018 τοῖς
2588 3956 2927 4029 Ῥωμαϊκοῖς
2968 3962 3269 4033 σκήπτροις
3293 3962 3684 4033 ὲνδιαπρέπονο

2118 4040 2384 4114 τος.“Ἐπ“ι
2418 4052 2474 4105 δὲ
2512 4052 2611 4123 τῆς
2666 4053 2837 4123 αὐτῆς
2866 4052 3167 4123 ἡγεμονίας
3219 4052 3597 4122 Θεοφύλακτος
3624 4058 3685 4109 ὲκ

2116 4144 2231 4213 τῆς
2272 4144 2635 4215 Σεϐαστηνῶν
2668 4147 2749 4208 είς
2793 4145 3028 4199 Ῥωσίαν
3083 4144 3377 4212 ἀνάγεται.
3438 4146 3688 4212 Ἀλέξαν-

2117 4238 2243 4307 δρός
2272 4254 2332 4289 τε
2367 4239 2394 4291 6
2424 4237 2523 4309 τῆς
2551 4238 2835 4309 Ἀντιόχου
2874 4239 3178 4302 ἐπίσκοπος
3218 4241 3299 4304 είς
3340 4240 3689 4311 Ἰεροσόλυμα

2117 4327 2536 4397 προϐιϐἀζεται.
2573 4329 2642 4382 Ὅ
2662 4346 2720 4382 τε
2754 4329 3041 4400 Ἰωάννης,
3141 4329 3471 4395 Κωδωνᾶτος
3498 4331 3685 4401 ὄνομα.

2116 4422 2178 4473 τὸ
2208 4423 2397 4474 καινὸν
2423 4421 2485 4490 δὴ
2518 4422 2609 4474 καὶ
2640 4421 2994 4487 ἐξάκουστον,
3029 4422 3139 4475 ἀπὸ
3168 4422 3265 4492 τῆς
3304 4424 3546 4494 μεγάλης
3569 4426 3687 4477 ’Δνο

2117 4514 2362 4581 τιοχείας
2393 4517 2474 4577 είς
2508 4517 2607 4585 τὴν
2641 4513 2984 4584 μητρόπολιν
3009 4513 3189 4585 Τύρου
3233 4515 3552 4584 κατάγεται.
3586 4517 3691 4569 Καὶ

424 4590 1093 4689 ίῖοιιειοιιιὶιιοροιὶιεοοω
1167 4615 1532 4685 gubernante,
1585 4614 1871 4669 Pentaclas
1922 4612 2013 4668 ille

2123 4600 2282 4668 αὖθις
2310 4609 2337 4659 ό
2367 4608 2550 4676 Τύρου
2584 4608 2905 4672 ἐπίσκοπος,
2946 4608 3200 4677 εὐνοῦχος
3224 4607 3321 4673 ὦν,
3353 4610 3503 4677 παρὰ
3549 4611 3689 4680 Περ-

428 4713 709 4771 Rosianus
736 4708 1197 4780 archiepiscopus
1236 4706 1430 4762 Lemni
1462 4706 1643 4762 factus
1666 4715 1771 4771 est,
1801 4705 2014 4760 eidem-

426 4822 536 4877 que
589 4807 757 4861 etiam
813 4803 1054 4858 Maronis
1113 4802 1357 4855 Ecclesia
1397 4800 1607 4856 addita.
1662 4798 2017 4867 Nicephorus

429 4914 561 4954 vero
609 4896 1072 4968 metropolitanus
1118 4894 1349 4965 Gangrte
1394 4894 1565 4948 veluti
1601 4890 1856 4958 feriatus,
1898 4906 2018 4946 me-

429 4989 687 5063 tropolim
744 4989 910 5045 etiam
972 4982 1171 5043 habuit
1226 4987 1549 5041 Atuastrim.
1607 4982 1691 5039 Ad
1753 4982 2013 5037 eumdem

427 5085 657 5140 modum
720 5090 778 5137 et
836 5079 1195 5151 Leontopolis
1270 5079 1545 5140 antistes,
1606 5074 2016 5145 Arcadiopolim

427 5178 627 5233 tenuit.
662 5175 938 5247 EpiscOpo
972 5175 1102 5230 item
1134 5170 1475 5240 Alexiopolis
1529 5166 1730 5223 otiauti
1793 5165 2018 5240 Abydus

427 5271 650 5334 tradita,
689 5276 875 5339 postea
901 5267 1069 5321 etiam
1099 5267 1294 5336 Apros.
1333 5262 1514 5317 Multae
1542 5261 1712 5316 etiam
1749 5258 2012 5313 Ecclesia

431 5367 602 5419 unita:
627 5370 777 5429 sunt,
807 5360 973 5417 sicuti
1002 5359 1178 5439 Rarus
1197 5366 1255 5412 et
1280 5356 1486 5417 Naxus,
1521 5352 1706 5423 Sugda
1735 5362 1785 5404 et
1813 5351 2013 5416 Phula,

372 5435 383 5450 ’
425 5459 617 5514 Alama
670 5466 729 5511 et
761 5435 1149 5521 Soteriopolis,
1204 5445 1414 5515 Angelo
1457 5443 1629 5498 lsacio
1673 5442 2011 5512 imperante.

425 5551 723 5607 Dositbeus
770 5540 1311 5614 llierosolytnitanus
1339 5533 1884 5603 Constantinopolim
1932 5540 2018 5587 est

427 5645 773 5700 translatus:
825 5654 951 5694 cum
1009 5633 1391 5703 Hierosolyma
1449 5629 1577 5685 inde
1613 5627 1853 5691 Marcus,
1921 5625 2016 5696 qui

426 5735 623 5791 Florus
664 5734 847 5788 dictus
900 5737 1007 5792 est,
1062 5723 1392 5780 transiisset.
1454 5719 1663 5774 Deinde
1712 5716 2016 5771 Dosrtheus

427 5836 676 5886 rursum,
705 5813 1190 5883 Constantinopoli
1228 5811 1441 5873 relicta,
1481 5806 1712 5863 inIEIia:
1753 5806 2015 5861 thronum

431 5925 687 5969 reversus
730 5922 835 5978 est,
870 5925 937 5964 eo
979 5907 1073 5978 qui
1106 5905 1311 5961 Florus
1359 5903 1680 5959 nominatus
1722 5908 1829 5962 est,
1882 5898 2011 5954 inde
2056 5958 2063 5963 ,

2120 4699 2232 4753 σῶν
2254 4699 2355 4769 τῆς
2390 4699 2557 4753 αὐτοῦ
2589 4698 2890 4769 ἐκκλησίας
2923 4698 3162 4772 ἀλούσης
3192 4703 3373 4770 φυγὰς
3407 4703 3487 4764 είς
3524 4703 3688 4772 Ἰεροο

2121 4792 2333 4862 σόλυμα
2369 4792 2599 4860 γίνεται.
2635 4791 2863 4863 Συμϐἁν
2890 4791 2947 4845 δὲ
2972 4794 3233 4864 χηρεύειν
3267 4796 3359 4847 τὸν
3397 4795 3603 4865 ϐρόνον,
3641 4796 3689 4847 oi

2128 4882 2561 4953 Ἱεροσολυμῖται
2603 4882 2696 4935 τὸν
2753 4882 3066 4953 κρατοῦντα
3105 4884 3328 4955 Πέρσην
3379 4886 3695 4941 καθικετεύ-

2123 4992 2339 5040 σαντες,
2372 4979 2470 5047 τὴν
2522 4975 2632 5028 τῶν
2676 4975 3074 5046 Ἰεροσολύμων
3132 4974 3466 5046 Ἐκκλησίαν
3517 4977 3689 5046 τούτῳ

2121 5061 2473 5122 πιστεύουσιν
2504 5085 2519 5101 ·
2552 5068 2610 5131 δς
2642 5069 2737 5121 καὶ
2762 5069 2821 5121 ἐν
2846 5069 2912 5137 τῇ
2952 5069 3362 5122 Κωνσταντίνου
3406 5071 3692 5139 γενόμενος

2122 5161 2265 5216 κατά
2290 5163 2350 5214 τὸ
2376 5159 2846 5231 ἑξακισχιλιοστδν
2871 5161 3252 5226 ἑξακοσιοστὸν
3278 5162 3696 5216 πεντεκαιδέκα-

2119 5270 2212 5306 τον
2251 5253 2393 5317 ἔτος,
2436 5251 2681 5318 Ἀλεξίου
2729 5251 2824 5305 τοῦ
2854 5254 2919 5306 ὲκ
2951 5254 3255 5323 Κομνηνῶν
3298 5252 3688 5322 βασιλεύοντος,

2120 5345 2274 5414 παρὰ
2303 5345 2399 5414 τῆς
2455 5344 2608 5415 ἱερᾶς
2657 5342 2939 5415 εἰσεδέχθη
2994 5343 3244 5412 συνόδου,
3277 5344 3550 5399 Νικολάου
3599 5346 3691 5398 τοῦ

2119 5436 2540 5508 Θεοπροϐλήτου
2578 5418 3075 5506 πατριάρχοῦνῦς.
3109 5436 3217 5490 Τοῦ
3252 5436 3298 5490 δ’
3331 5438 3496 5492 αὐτοῦ
3532 5438 3695 5493 Νικο⁸

2121 5530 2255 5582 λάου
2303 5529 2393 5582 τὸν
2427 5528 2617 5598 θρόνον
2650 5529 2745 5595 τῆς
2779 5526 3196 5582 Κωνσταντίνου
3222 5528 3522 5598 διέποντος,
3557 5532 3691 5584 Πεν-

2121 5621 2332 5685 τακλᾶς
2386 5620 2595 5682 ἐκεῖνος
2642 5620 2749 5672 ἀπὸ
2786 5618 3103 5673 Ῥωσιάνων
3152 5622 3232 5685 εἰς
3262 5621 3693 5695 ἁρχιεπίσκοπον

2121 5715 2346 5782 Λήμνου
2371 5712 2718 5765 καθίσταται.
2752 5713 3060 5783 Προσεδόθη
3108 5713 3162 5767 δὲ
3194 5716 3343 5787 αὐτῷ
3386 5720 3480 5770 καὶ
3512 5720 3545 5790 η
3574 5722 3692 5773 Μά-

2125 5822 2315 5878 ρωνος.
2350 5805 2669 5874 Νικηφόρος
2707 5804 2760 5857 δὲ
2794 5808 2820 5857 6
2858 5806 3266 5879 μητροπολίτης
3308 5809 3582 5878 Γάγγρας,
3607 5806 3686 5863 οἷς

2127 5898 2428 5967 σχολάζων,
2461 5895 2562 5965 τὴν
2600 5895 2941 5964 μητρόπολιν
2993 5896 3153 5965 ἔσχεν
3187 5900 3510 5968 Ἄμαστριν.
3550 5898 3666 5951 Ἐπί
