4092 6472
563 423 699 489 1199

1751 410 2175 481 NICEPHORI
2218 411 2566 480 CALLIS’I‘I

3686 420 3809 487 32‘0

559 535 799 595 transiit,
847 540 908 587 ut
961 530 1055 603 qui
1107 529 1271 585 isthic
1325 525 1588 599 prodesse
1644 527 1821 599 magis
1876 527 2132 582 Ecclesia:

2241 543 2347 597 περ
2394 526 2698 589 ἐπίσκοπος
2737 518 3011 596 ὠφελείας
3044 523 3203 598 χάριν
3256 528 3600 599 μετατεθείη,
3641 532 3715 603 μὴ
3739 526 3805 587 δι’

553 633 768 697 posset.
802 622 1078 679 Eusebius
1112 631 1296 676 autem
1338 635 1405 675 ex
1435 619 1640 691 Oppido
1667 619 1906 689 quodam
1936 635 2128 689 parvo,

552 716 855 786 apostolica
899 711 1232 768 auctoritate
1271 709 1659 765 Alexandriam
1685 719 1771 763 est
1816 710 2124 763 traductus.

552 812 733 879 Atque
783 805 981 862 eodem
1014 804 1185 859 modo
1224 813 1282 859 et
1308 802 1467 858 Felix
1518 818 1586 857 ex
1634 802 1860 857 civitate
1910 816 2034 870 quae
2077 799 2129 854 ei

553 901 751 954 civium
781 897 1055 953 electione
1080 895 1377 963 obtigerat,
1409 902 1637 963 prepter
1659 906 1804 954 eam,
1834 906 1943 961 qua
1993 906 2133 958 pra:-

551 991 705 1046 ditus
735 1001 876 1056 erat,
915 989 1195 1059 egregiam
1226 986 1539 1043 doctrinam
1571 993 1629 1039 et
1658 976 1853 1048 vitam,
1876 983 1946 1038 de
1971 998 2131 1038 com-

550 1085 705 1139 muni
774 1085 1164 1154 episcoporum
1249 1081 1706 1150 reliquorumque
1779 1077 2128 1133 sacerdotum

548 1186 716 1246 atque
752 1174 1182 1245 apostolicorum
1235 1174 1481 1227 virorum
1531 1171 1767 1227 consilio
1797 1209 1813 1235 ,
1850 1170 2126 1239 Ephesum

548 1267 788 1321 transiit.
839 1264 958 1320 Non
995 1264 1143 1319 enim
1183 1264 1465 1318 civitatem
1514 1257 1740 1317 civitate
1782 1270 1980 1329 mutat,
2032 1260 2127 1330 qui

550 1358 603 1411 id
638 1372 748 1411 non
781 1356 1089 1426 cupiditate
1108 1370 1206 1409 sua
1232 1365 1331 1408 aut.
1354 1369 1509 1409 vana;
1537 1354 1724 1424 gloriae
1750 1353 1933 1407 studio
1958 1352 2089 1407 facit
2112 1370 2126 1407 :

551 1448 714 1520 532
766 1463 961 1502 verum
996 1456 1223 1516 propter
1256 1446 1554 1500 utilitatem
1605 1445 1870 1515 aliquam,
1905 1452 2000 1499 aut
2030 1459 2131 1499 ne-

550 1543 890 1604 cessitatem,
926 1538 1162 1593 aliorum
1199 1538 1533 1592 auctoritate
1569 1538 1778 1609 majore
1802 1536 2127 1606 pollentium

550 1632 940 1686 cohortatione
985 1637 1042 1683 et
1081 1629 1337 1693 consilio,
1387 1644 1454 1682 ex
1495 1628 1709 1682 minore
1749 1627 1807 1682 in
1864 1628 2128 1698 majorem

551 1723 748 1777 urbem
783 1721 984 1776 transit
1012 1737 1025 1773 :
1053 1735 1163 1774 non
1198 1719 1346 1773 inani
1378 1719 1553 1788 gloria
1581 1728 1679 1773 aut
1707 1718 1990 1773 voluntate
2014 1718 2130 1786 ipse

549 1830 646 1868 sua
675 1817 899 1877 ductus,
931 1812 1025 1868 sed
1061 1812 1380 1867 auctoritati
1407 1794 1780 1882 potentiorum
1812 1812 2127 1877 obsecutus,

550 1916 647 1961 aut
675 1906 806 1961 sede
835 1920 935 1960 sua
966 1905 1254 1975 expulsus,
1287 1913 1382 1957 aut
1427 1905 1593 1958 etiam
1629 1904 1869 1958 utilitate
1900 1903 2009 1957 loci
2043 1904 2128 1957 vel
2162 1885 2204 1940 Β

554 2000 742 2069 populi
789 2008 1077 2068 permotus
1105 2014 1119 2052 :
1149 2007 1205 2052 et
1235 1998 1460 2067 quidem
1498 2012 1608 2051 non
1642 2005 1984 2066 arroganter,
2030 1994 2126 2051 sed

555 2091 841 2146 humiliter
874 2091 943 2145 ab
965 2091 1089 2144 aliis
1124 2090 1450 2160 productus.
1493 2106 1511 2139 ι
1537 2089 1813 2143 Caeterum
1846 2091 1914 2142 de
1949 2097 2129 2142 trans-

551 2185 856 2240 lationibus
911 2186 1033 2239 istis
1083 2183 1220 2246 hate,
1280 2180 1496 2252 judicio
1548 2196 1695 2243 meo,
1738 2181 1874 2235 satis
1918 2180 2130 2250 prolixe

551 2279 698 2333 dicta
730 2288 878 2333 sunt.
909 2278 1261 2347 Quapropter
1284 2275 1353 2329 ad
1397 2274 1675 2345 reliquum
1720 2275 1969 2330 historiae
1996 2289 2131 2329 cou-

550 2380 764 2426 textum
796 2379 1165 2425 revertamur.

2237 618 2433 673 ἑαυτοῦ
2469 617 2629 671 τοῦτο
2663 618 2888 673 ποιείτω
2908 636 2922 650 ο
2955 619 3095 673 ἀλλὰ
3130 620 3239 674 τῶν
3283 621 3533 692 ἀδελφῶν
3564 626 3809 695 ἀναγκαο

2236 709 2460 775 ζόντων,
2487 710 2584 763 καὶ
2610 712 2676 781 τῇ
2728 710 2987 783 αὐθεντίᾳ
3019 712 3121 782 τῆς
3150 713 3302 782 ἱερᾶς
3343 713 3508 785 τῆσδε
3542 717 3806 790 καθέδρας

2234 804 2336 874 τὴν
2397 804 2596 874 πρᾶξιν
2648 804 2910 867 τελείτω,
2971 803 3047 873 μὴ
3107 805 3414 871 κενοδοξίας
3456 809 3638 880 χάριν,
3691 812 3807 866 ἀλλ’

2235 894 2504 965 ὠφελείας
2526 896 2714 949 ἕνεκεν
2745 895 2779 968 ἦ
2814 896 3086 966 ἀνάγκης.
3125 915 3143 948 ι
3173 897 3255 951 Τὰ
3284 900 3376 953 ίσα
3400 899 3457 951 δὲ
3479 902 3574 954 καὶ
3598 902 3618 928 ⁸
3636 902 3805 957 Ain!-

2238 1003 2354 1057 ριος
2383 988 2413 1040 ὁ
2457 987 2861 1052 συνεπίσκοπος
2893 988 3070 1058 τούτῳ
3108 990 3444 1060 διαγορεύει,
3479 990 3624 1045 οὕτω
3663 996 3806 1048 κατὰ

2236 1079 2387 1150 ῥῆμα
2417 1078 2633 1144 διεξιών
2653 1096 2667 1111 ·
2704 1098 2724 1131 ι
2755 1081 2868 1148 Τὴν
2920 1080 3214 1150 μετάθεσιν
3245 1082 3353 1136 τῶν
3386 1081 3699 1138 ἐπισκόπων
3727 1105 3810 1152 για

2233 1173 2499 1237 νώσκετε,
2529 1175 2721 1241 κοινῆς
2746 1173 3016 1243 ὠφελείας
3040 1174 3224 1228 ἕνεκεν
3253 1174 3286 1245 ἢ
3310 1172 3370 1240 ἐξ
3398 1176 3642 1248 ἀνάγκης
3669 1178 3807 1243 ἐξεῖι

2234 1281 2322 1318 ναι
2352 1264 2625 1333 γίνεσθαι,
2659 1266 2721 1319 οὐ
2778 1266 2889 1337 μην
2920 1266 3192 1339 ἐπιθυμίᾳ
3236 1266 3333 1320 τοῦ
3370 1269 3627 1338 τυχόντος
3655 1263 3689 1340 ἢ
3717 1272 3809 1324 καὶ

2232 1359 2552 1430 δυναστείᾳ.
2610 1359 2820 1429 Πέτρος
2863 1359 2971 1427 γὰρ
3018 1361 3047 1412 ὁ
3087 1358 3234 1428 ἰερδς
3285 1360 3444 1431 ἡμῶν
3487 1360 3806 1428 διδάσκαλος

2231 1449 2329 1502 καὶ
2356 1450 2586 1520 ἔξαρχος
2614 1449 2727 1503 τῶν
2751 1450 3070 1503 ἀποστόλων
3090 1449 3149 1515 ἐξ
3173 1449 3510 1519 ’Δντιοχείας
3539 1452 3807 1522 ὠφελείας

2231 1540 2397 1611 χάριν
2429 1540 2696 1610 μετετέθη
2731 1541 2812 1604 εἰς
2852 1538 3095 1610 Ῥώμην,
3131 1536 3232 1593 εἰτ’
3265 1542 3474 1595 ἐκεῖθεν
3503 1544 3701 1612 μετέϐη
3726 1547 3805 1607 εξς

2244 1631 2686 1701 Ἀλεξάνδρειαν,
2716 1632 2793 1697 ὡς
2817 1633 2999 1685 ἐκεῖσε
3034 1634 3239 1703 μᾶλλον
3277 1633 3557 1703 ὠφελῆσαι
3582 1635 3806 1706 δυνάμε-

2230 1741 2341 1788 νος.
2393 1712 2657 1789 Εὐσέϐιος
2712 1724 2769 1778 δὲ
2803 1723 2867 1778 ἐκ
2924 1740 3070 1787 τινος
3105 1726 3307 1795 μικρᾶς
3338 1725 3547 1788 πόλεως
3572 1730 3637 1797 τῇ
3670 1729 3803 1779 ἀπο·

2233 1816 2455 1885 στολικῇ
2505 1814 2766 1885 αὑθεντίᾳ
2799 1814 3066 1887 μετετέθη
3132 1815 3212 1879 είς
3242 1813 3669 1885 ’Δλεξάνδρειαν.
3718 1820 3806 1869 '0-

2232 1908 2401 1979 μοίως
2435 1908 2529 1962 καὶ
2559 1906 2731 1978 Φῆλιξ
2760 1909 2826 1961 ὲκ
2855 1907 2954 1977 τῆς
2990 1908 3199 1970 πόλεως
3233 1907 3358 1961 καθ’
3403 1910 3470 1980 ἢν
3502 1908 3704 1978 ἐτάχθη
3740 1912 3803 1976 τῇ

2232 1998 2439 2067 ἐκλογῇ
2467 1998 2578 2051 τῶν
2611 1999 2864 2063 πολιτῶν,
2924 1999 3014 2052 διά
3044 2017 3102 2052 τε
3153 2000 3251 2070 τὴν
3302 2001 3656 2053 διδασκαλίαν
3711 2003 3806 2054 καὶ

2231 2090 2324 2143 τὸν
2366 2089 2572 2156 ἀγαθὸν
2617 2088 2732 2159 βίον
2755 2089 2814 2143 ὃν
2843 2086 2980 2161 εἶχε,
3014 2091 3089 2160 τῷ
3122 2091 3288 2161 κοινῷ
3316 2092 3425 2145 τῶν
3472 2093 3803 2155 ἐπισκόπων,

2232 2182 2328 2234 καὶ
2357 2182 2465 2234 τῶν
2483 2182 2689 2235 λοιπῶν
2725 2183 2941 2255 ἱερέων,
2971 2183 3067 2236 καί
3094 2186 3160 2254 τῇ
3184 2184 3293 2238 τῶν
3315 2186 3627 2239 ἀποστόλων
3660 2203 3804 2255 συμ-

2232 2274 2400 2343 ϐουλῇ
2452 2273 2724 2344 μετετέθη
2768 2275 2847 2338 εἰς
2885 2276 3145 2344 Ἔφεσον.
3178 2275 3316 2331 Οὐδὲ
3341 2277 3449 2348 γάρ
3487 2277 3802 2347 μεταϐαίνει

2235 2369 2302 2421 ὲκ
2330 2368 2536 2430 πόλεως
2568 2368 2648 2431 είς
2678 2368 2832 2422 πόλιν
2875 2370 2904 2421 ὁ
2939 2370 3017 2439 μὴ
3047 2372 3112 2441 τῇ
3146 2369 3325 2442 οἰκείᾳ
3357 2371 3618 2439 ἐπιθυμίᾳ
3647 2371 3678 2440 ἧ
3711 2385 3803 2421 xs—

547 2464 764 2537 νοδοξίᾳ
799 2465 959 2518 τοῦτο
1009 2462 1178 2516 ποιῶν
1200 2479 1213 2492 ·
1260 2461 1375 2516 ἀλλ’
1424 2460 1664 2531 ὠφελείᾳ
1710 2461 1873 2530 τινὶῆ
1907 2459 2125 2531 ἀνάγκη
2164 2459 2254 2513 διὰ
2318 2461 2417 2528 τῆς
2482 2460 2592 2516 τῶν
2636 2462 2842 2534 ἑτέρων
2875 2462 3193 2534 προτροπῆς
3218 2464 3313 2516 καὶ
3349 2462 3448 2534 τῆς
3478 2461 3671 2534 βουλῆς
3697 2462 3804 2515 τῶν

554 2559 924 2630 ἰσχυροτέρων
959 2557 1313 2626 μετατίθεται
1348 2553 1409 2619 ἐξ
1431 2554 1716 2618 ἐλάττονος
1747 2554 1957 2617 πόλεως
1986 2555 2124 2623 πρὸς
2165 2553 2393 2622 μείζονα
2455 2557 2483 2609 ὁ
2543 2557 2703 2610 τοῦτο
2733 2554 2809 2627 μὴ
2849 2556 3153 2626 κενοδοξία,
3188 2559 3323 2628 μήτε
3366 2562 3471 2626 μην
3494 2558 3679 2627 οἰκείῳ
3712 2558 3803 2609 θε-

550 2656 758 2725 λήματι
793 2650 989 2715 ποιῶν,
1020 2648 1197 2717 ἀλλ’ἢ
1236 2647 1529 2718 δυναστείᾳ
1562 2646 1596 2714 ἢ
1632 2646 1733 2715 τῆς
1785 2646 1993 2710 οἰκείας
2038 2645 2309 2716 καθέδρας
2381 2646 2662 2713 ἐξωσθεὶς,
2715 2647 2748 2718 ἢ
2814 2647 2903 2701 ἐπ’
2970 2648 3211 2720 ὠφελείᾳ
3262 2648 3357 2700 τοῦ
3409 2649 3574 2701 τόπου
3626 2648 3658 2721 ἦ
3709 2650 3799 2703 τοῦ

550 2748 725 2804 λαοῦ⁹
776 2746 879 2815 οὐχ
949 2742 1346 2813 ὑπερηφάνως.
1404 2740 1541 2794 ἀλλὰ
1607 2741 2010 2811 ταπεινοτέρως
2072 2740 2204 2810 παρ’
2248 2741 2478 2813 ἑτέρων.
2519 2760 2537 2793 ι
2583 2741 2749 2795 Ἀλλὰ
2806 2743 2938 2811 περὶ
2991 2742 3091 2813 μὲν
3156 2742 3500 2813 μεταθέσεων
3526 2746 3686 2816 ἀρκεῖ
3715 2760 3798 2812 γε,

550 2841 730 2913 οἶμαι,
758 2839 827 2893 τὰ
851 2835 1121 2908 εἰρημένα
1144 2850 1158 2865 ·
1202 2836 1365 2907 ἡμεῖς
1392 2834 1453 2888 δὲ
1502 2829 1661 2899 αὖθις
1691 2836 1786 2889 ἐπὶ
1811 2834 1871 2887 τὸ
1900 2833 2127 2904 συνεχὲς
2166 2833 2267 2904 τῆς
2299 2833 2547 2903 ἱστορίας
2579 2834 3082 2905 ὲπαναδράμωμεν.

1146 2974 1541 3047 CAPUT,XL.

2844 2981 3092 3034 ΚΕΦΑΛ.
3128 2983 3219 3037 Μ’.

551 3080 627 3136 De
668 3077 874 3133 Judwis
908 3074 998 3145 qui
1033 3074 1086 3127 in
1123 3072 1285 3145 Creta
1320 3075 1520 3145 uagati,
1553 3080 1668 3142 post
1714 3088 1776 3126 ea
1800 3071 2132 3145 Christiani-

2238 3073 2378 3140 Περὶ
2408 3070 2529 3128 τῶν
2552 3070 2619 3128 ἐν
2650 3075 2852 3143 Κρήτῃ
2889 3078 3321 3141 πλανηθέντων
3353 3073 3673 3145 Ἰουδαίων,
3703 3075 3797 3130 καί

622 3166 796 3205 εηιιιιη
844 3142 967 3202 sunt
998 3144 1281 3214 complexi.
1316 3142 1450 3197 Item
1487 3151 1543 3195 ut
1593 3153 1704 3214 tum
1752 3143 1897 3196 ultra
1930 3146 2128 3214 ﬂumen

2308 3145 2388 3211 ὡς
2424 3142 3093 3213 ὔστεροκήσπίίσαντο
3152 3147 3221 3199 τὰ
3272 3142 3675 3210 Χριστιανῶν
3713 3148 3799 3200 ἐτι

1154 3214 1547 3284 urgundt’onum
1576 3212 1774 3271 Clu-isti
1824 3208 2132 3286 religionem

2310 3208 2380 3268 δέ
2400 3216 2498 3269 καὶ
2541 3208 2700 3286 diem;
2735 3208 3065 3284 τηνικαῦτα
3095 3217 3158 3268 τὸ
3198 3208 3388 3286 πέραν
3448 3215 3664 3283 Ῥήνου
3696 3216 3801 3268 τοῦ

627 3222 867 3275 Rhenum
934 3232 1059 3287 gens

2308 3288 2581 3354 ποταμοῦ
2611 3282 2874 3350 ἔθνοςοὶ
2924 3284 3471 3353 Βουργουντζῖωνες
3523 3282 3629 3339 τὸν
3672 3288 3802 3354 Χρι-

624 3289 930 3359 susceperit.

621 3471 692 3527 Et
733 3470 951 3525 divinus
989 3468 1212 3539 quidem
1270 3467 1498 3524 Proclus
1548 3468 1615 3523 ad
1663 3484 1818 3524 sacra
1875 3467 2135 3523 Ecclesiae

554 3565 928 3636 gubernacula
958 3563 1229 3629 consedit,
1265 3571 1321 3617 et
1350 3577 1437 3616 res
1465 3563 1866 3617 ecclesiasticas
1906 3577 2127 3631 compo-

554 3665 687 3716 suit.
715 3662 791 3716 Eo
820 3669 1005 3714 autem
1031 3667 1275 3727 tempore
1302 3655 1458 3710 multi
1496 3657 1550 3711 in
1583 3655 1743 3711 Creta
1773 3655 1946 3711 Judaei
1973 3654 2137 3710 Chri-

555 3758 861 3809 stianorum
897 3766 1051 3807 sacra
1090 3758 1216 3804 sunt
1247 3749 1560 3819 complexi,
1596 3762 1693 3818 per
1732 3762 1949 3801 causam
1981 3748 2132 3817 ejus-

556 3848 729 3903 modi.
773 3845 865 3900 Vir
889 3844 1110 3914 quidam
1143 3857 1206 3896 ex
1258 3855 1449 3895 eorum
1478 3855 1678 3910 genere
1709 3850 1850 3903 erat,
1884 3840 1978 3908 qui
2007 3855 2133 3893 cum

557 3956 655 4011 per
681 3936 928 3993 fraudem
961 3944 1017 3990 et
1045 3932 1232 3987 dolum
1270 3932 1435 3986 vitam
1490 3930 1811 3999 peregisset,
1854 3941 2132 4000 postremo

552 4047 612 4087 se
648 4032 813 4085 etiam
850 4026 1033 4081 Mosen
1071 4026 1226 4079 illum
1256 4038 1377 4078 esse
1403 4022 1772 4087 assimulavit,
1831 4031 1889 4077 et
1917 4024 2137 4078 coelitus

553 4127 608 4178 in
641 4122 861 4179 Cretam
893 4136 922 4175 a
955 4119 1064 4175 Deo
1096 4129 1386 4188 propterea
1422 4117 1648 4169 missum
1685 4131 1809 4172 esse
1842 4117 2130 4181 conﬁnxit,

552 4225 615 4271 ut
656 4215 780 4287 ejus
814 4213 916 4267 loci
959 4209 1176 4266 Judaeos
1201 4210 1318 4279 ipse
1336 4225 1442 4277 per
1488 4225 1661 4270 mare,
1710 4208 1937 4277 perinde
1969 4220 2135 4278 atque

551 4311 684 4363 olim
745 4305 1022 4359 lsraelitas
1086 4317 1183 4373 per
1242 4302 1476 4355 rubrum
1518 4301 1724 4365 sinum,
1781 4301 2029 4355 duceret.
2067 4302 2136 4356 Et

552 4400 756 4471 passim
793 4397 1027 4451 insulam
1053 4397 1223 4466 ipsam
1262 4409 1408 4447 anno
1463 4403 1945 4462 toto-peragrans,
1984 4404 2044 4447 ut
2074 4409 2133 4447 se

554 4493 703 4547 illum
728 4504 850 4546 esse
873 4487 1183 4549 crederent,
1219 4483 1392 4539 suasit
1422 4500 1434 4536 :
1484 4495 1650 4550 atque
1683 4491 1743 4534 ut
1796 4498 1932 4551 opes
1994 4497 2134 4552 quas

2308 3358 2669 3425 στιιινισμὸν
2700 3356 3127 3423 παρεδέξαντο.

2320 3469 2381 3526 Ὀ
2419 3472 2516 3541 μὲν
2547 3470 2638 3524 οὖν
2664 3471 2804 3534 θεῖος
2841 3472 3080 3538 Πρόκλος
3115 3470 3209 3529 ἐπὶ
3249 3470 3357 3527 τῶν
3405 3472 3565 3543 ἰερῶν
3604 3476 3803 3529 οἰάκων

2230 3563 2500 3633 ⁴καθῆστο,
2554 3563 2646 3614 καὶ
2700 3563 2767 3616 τὰ
2827 3564 2969 3616 κατὰ
3030 3564 3129 3635 τὴν
3182 3566 3509 3636 Ἐκκλησίαν
3560 3567 3802 3638 ἡσύχαζε

2238 3655 2540 3725 πράγματα
2565 3671 2579 3683 ·
2614 3657 2670 3708 ὲν
2703 3655 2879 3725 τούτῳ
2911 3658 2967 3709 δὲ
3002 3659 3187 3711 πολλοὶ
3232 3658 3339 3711 τῶν
3378 3660 3437 3711 ὲν
3470 3658 3650 3731 Κρήτῃ
3678 3660 3778 3712 Ἰου

2236 3747 2400 3800 δαίων
2428 3750 2497 3799 τὰ
2537 3747 2630 3800 τοῦ
2664 3749 3102 3819 Χριστιανισμοῦ
3149 3750 3589 3820 κατησπάζοντο.
3624 3753 3804 3815 αίτῖας

2237 3834 2455 3886 τοιᾶσδε
2505 3836 2906 3907 γεγενημένης.
2958 3837 3123 3908 Ἀνὴρ
3167 3841 3273 3909 γάρ
3306 3858 3390 3901 τις
3441 3842 3538 3909 τῆς
3584 3841 3801 3894 ἐκείνων

2239 3925 2438 3993 φυλῆς,
2486 3927 2671 3998 ἀπάτῃ
2723 3932 2818 3982 καὶ
2864 3931 3003 4001 δόλῳ
3035 3933 3127 3984 τὸν
3161 3933 3278 4000 βίον
3326 3932 3619 4001 διηνυκὼς,
3651 3936 3802 3997 τέλος

2238 4016 2336 4068 καὶ
2357 4017 2600 4085 Μωῦσῆν
2640 4021 2849 4072 ἐκεῖνον
2880 4016 3021 4074 εἶναι
3071 4022 3262 4074 ἑαυτὸν
3296 4023 3677 4076 ἀνεπλὰσαῖοο
3712 4025 3803 4077 καὶ

2237 4108 2537 4177 οὐρανόθεν
2569 4113 2631 4181 τῇ
2668 4112 2865 4186 Κρήτῃ
2905 4113 3044 4183 πρὸς
3078 4113 3212 4167 Θεοῦ
3252 4117 3599 4186 πεμφθῆναι,
3633 4118 3709 4182 ὡς
3738 4121 3803 4173 ἄν

2238 4216 2303 4268 γε
2338 4202 2464 4265 τοὺς
2518 4202 2636 4255 ἐκεῖ
2664 4203 2959 4268 Ἰουδαίους
2990 4206 3077 4258 διὰ
3117 4206 3212 4275 τῆς
3244 4207 3521 4277 θαλάσσης
3577 4212 3799 4277 ἀγάγοι,

2237 4292 2429 4363 ὥσπερ
2463 4291 2636 4348 πάλαι
2669 4295 2798 4359 τοὺς
2844 4296 3192 4366 Ἰσραηλίτας
3242 4300 3330 4352 διὰ
3378 4300 3474 4367 τῆς
3511 4300 3802 4371 Ἐρυθρᾶς.

2241 4386 2347 4438 Καὶ
2376 4386 2440 4457 δὴ
2484 4385 2701 4456 περιῄει
2738 4388 2838 4458 τὴν
2888 4389 3056 4459 νῆσον
3109 4390 3449 4460 ἁπανταχοῦ,
3482 4393 3684 4447 πείθων
3725 4396 3801 4457 ὡς

2238 4480 2400 4541 αὐτὸς
2452 4481 2659 4541 ἐκεῖνος
2687 4480 2769 4551 εῖη
2820 4479 3201 4538 πιστεύεσθαι.
3242 4482 3482 4555 Παρῂνει
3517 4484 3572 4537 δὲ
3625 4486 3799 4539 πάντα

556 4585 859 4647 haberent,
930 4578 1304 4647 pecuniasque
1381 4587 1437 4630 ct
1503 4576 1882 4644 possessiones
1940 4590 2132 4628 omnes

2242 4569 2342 4639 μὲν
2388 4572 2486 4623 ὅσα
2521 4573 2753 4635 ἐκείνοις
2811 4573 3095 4643 προσῆσαν
3127 4576 3392 4644 χρήματά
3422 4594 3480 4629 τε
3528 4580 3619 4630 καὶ
3670 4579 3802 4647 κτή-

553 4681 982 4745 aspernarentur
1008 4709 1023 4735 ,
1048 4670 1376 4724 cohortatus
1415 4678 1523 4732 est,
1594 4681 1653 4720 se
1690 4667 1813 4721 illos
1843 4681 1939 4734 per
1981 4681 2133 4720 mare

553 4786 664 4824 non
701 4768 861 4820 aliter
885 4779 1051 4834 quam
1101 4763 1154 4815 in
1206 4760 1387 4825 arida,
1422 4760 1475 4813 in
1510 4758 1895 4828 promissionis
1926 4767 2129 4811 terram

553 4862 854 4915 ducturum
912 4868 1035 4910 esse
1093 4853 1385 4923 pollicitus.
1426 4853 1608 4921 Atque
1662 4852 1738 4906 illi
1774 4852 1928 4904 vanis
1987 4851 2133 4906 illius

556 4954 843 5027 promissis
881 4950 1114 5020 decepti,
1150 4964 1238 5003 res
1284 4962 1593 5017 Operasque
1625 4962 1751 4999 suas
1781 4946 1986 5013 ubique
2033 4962 2133 4999 ne-

554 5048 865 5119 glexerunt,
902 5053 958 5098 et
988 5041 1277 5097 facultates
1307 5055 1436 5095 suas
1467 5049 1675 5093 temere
1706 5037 2133 5107 quibuscunque

554 5137 899 5210 diripiendas
932 5135 1252 5206 permisere.
1280 5132 1382 5189 Ubi
1405 5131 1523 5185 dies
1559 5131 1859 5185 constituta
1885 5129 2131 5192 advenit,

552 5248 662 5303 qua
711 5228 983 5301 proﬁcisci
1034 5225 1337 5287 debebant,
1371 5226 1485 5293 ipse
1523 5222 1747 5293 quidem
1797 5222 2132 5277 conﬁdentia

553 5335 609 5381 et
644 5326 786 5378 fastu
818 5322 1013 5392 plenus
1050 5320 1132 5373 eis
1163 5316 1344 5386 pet-iit
1374 5332 1388 5369 :
1416 5314 1493 5368 illi
1530 5330 1662 5368 vero
1690 5313 1969 5368 hominem
2026 5330 2131 5368 una

555 5430 681 5471 cum
742 5411 1072 5484 conjugibus
1129 5418 1185 5463 et
1222 5416 1387 5461 aetate
1442 5406 1802 5461 imbecilliore
1845 5405 2131 5461 consecuti

557 5516 703 5561 sunt.
738 5505 925 5573 Itaque
957 5516 1054 5554 eos
1106 5499 1160 5553 in
1197 5513 1470 5552 summum
1495 5499 1788 5567 quemdam
1842 5498 2131 5566 scopulum

557 5594 611 5647 in
642 5594 867 5662 pelagus
889 5598 1275 5646 excurrentem
1296 5587 1478 5650 duxit,
1506 5597 1670 5657 atque
1703 5586 1829 5643 inde
1860 5589 2133 5658 conjicere

558 5685 769 5753 seipsos
798 5683 851 5735 in
875 5680 1238 5744 mare,veluti
1273 5690 1523 5735 natantes
1553 5690 1611 5733 et
1632 5680 2133 5749 urinantcs,jussit.

558 5776 717 5846 533
759 5774 929 5845 quue
963 5788 1027 5827 ex
1061 5774 1168 5827 illis
1196 5772 1443 5841 quidam,
1479 5772 1662 5827 statim
1693 5780 1753 5825 ut
1803 5773 2130 5841 imperatum

556 5867 639 5921 eis
664 5875 805 5933 erat,
843 5865 1116 5929 fecerunt,
1152 5877 1331 5930 neque
1391 5864 1651 5933 deinceps
1707 5874 2082 5932 apparuerunt
2118 5880 2131 5915 :

2242 4679 2413 4732 ματα,
2465 4664 2740 4733 μηδεμιᾶς
2791 4666 3073 4736 φροντίδος
3123 4666 3331 4733 ἀξιοῦν,
3380 4668 3800 4739 ὑπισχνούμενος

2236 4756 2325 4808 διὰ
2356 4759 2453 4826 τῆς
2507 4758 2782 4828 θαλάσσης
2813 4758 2886 4821 ὡς
2922 4759 3012 4810 ἐπὶ
3053 4758 3225 4828 ξηρᾶς
3264 4762 3346 4823 εἰς
3380 4761 3482 4831 τὴν
3507 4762 3603 4831 τῆς
3632 4763 3802 4829 ἑπαγ-

2238 4849 2424 4915 γεὶ.ίας
2455 4849 2563 4918 γῆν
2588 4853 2837 4918 ἀγαγεῖν.
2879 4852 2941 4903 Ol
2976 4851 3033 4905 δὲ
3063 4855 3183 4915 ταῖς
3232 4856 3418 4915 κεναῖς
3453 4854 3658 4906 ἐκείιου
3694 4872 3797 4906 πα-

2241 4941 2743 5011 ραϐιυκοληθέντες
2795 4942 3045 5010 ὲγγύαις,
3109 4924 3431 4998 παντάπασι
3492 4945 3599 4998 τῶν
3657 4943 3801 4997 ἰδίων

2237 5033 2416 5103 ἔργων
2469 5035 2708 5104 ἠμέλουν
2735 5052 2748 5066 ”
2783 5036 2876 5089 καὶ
2924 5038 3038 5099 τοῖς
3072 5037 3449 5108 παρατυχοῦσι
3481 5040 3549 5092 τὰ
3593 5038 3800 5090 ἑαυτῶν

2237 5125 2367 5178 εἴων
2396 5127 2469 5190 ὼς
2494 5129 2600 5198 ἀρα
2629 5128 2979 5198 βουλομένοις
3009 5129 3096 5198 εἴη
3126 5128 3449 5196 λαμϐάνειν.
3489 5129 3579 5195 Ὠς
3602 5131 3647 5183 δ’
3668 5125 3803 5202 ἦκεν

2236 5218 2269 5286 ἠ
2298 5217 2396 5287 τῆς
2423 5218 2764 5289 προθεσμίας
2796 5220 2980 5289 ἡμέρα
3003 5219 3130 5272 καθ’
3153 5220 3219 5291 ἢν
3246 5221 3354 5275 ἔδει
3376 5222 3620 5287 ἐκείνους
3635 5224 3801 5302 ⁸ἀπαί-

2240 5328 2375 5380 ρειν,
2410 5315 2438 5364 ὁ
2465 5312 2568 5382 μὲν
2629 5314 2980 5382 φρονήματος
3032 5316 3249 5385 πλήρης
3308 5315 3600 5387 καθηγεῖτο
3622 5333 3637 5349 ο
3678 5318 3725 5370 oi
3755 5315 3798 5369 δ’

2238 5403 2356 5473 ἅμα
2393 5403 2593 5467 πάντες
2622 5405 2839 5457 εἵποντο
2870 5405 3089 5474 σύναμα
3121 5406 3341 5475 γυναιξὶ
3370 5412 3465 5461 καὶ
3493 5411 3556 5478 τῇ
3583 5409 3803 5477 ἀδρανεῖ

2236 5493 2444 5565 ἡλικίᾳ.
2508 5497 2621 5548 Καὶ
2670 5494 2736 5563 δὴ
2770 5495 2862 5547 ἐπί
2892 5514 2943 5548 τι
3000 5497 3353 5568 ἀκρωτήριον
3403 5500 3662 5568 ὲκτρέχον
3723 5499 3802 5560 εἰς

2239 5585 2476 5653 πέλαγος
2500 5585 2678 5653 ἤγαγε
2698 5599 2712 5613 ⁸
2750 5586 3012 5638 κάκεῖθεν
3044 5587 3392 5657 ὲπιῤῥίπτειν
3425 5588 3651 5649 ἑαυτοὺς
3679 5587 3800 5640 ἐκέ-

2237 5677 2359 5731 λευε
2391 5683 2461 5749 τῇ
2497 5679 2739 5749 θαλάττῃ
2763 5677 2956 5747 ὥσττερ
2987 5680 3454 5746 ὲγκυσιστῶντας.
3481 5680 3541 5732 Ui
3586 5681 3683 5747 μὲν
3712 5678 3800 5731 οὖν

2239 5770 2683 5840 προῳθάσαντες,
2718 5770 2882 5831 εὐθὺς
2932 5770 3204 5842 ἔπραττον
3235 5774 3294 5825 τὸ
3343 5772 3527 5842 ῥηθὲν,
3581 5774 3672 5826 καὶ
3717 5777 3800 5822 οὑ-

2241 5864 2428 5933 δαμῶς
2464 5864 2556 5917 τοῦ
2591 5864 2780 5917 λοιποῦ
2814 5866 3075 5932 ἐμφανεῖς
3100 5861 3238 5935 ἦσαν
3260 5880 3271 5894 '
3307 5864 3455 5919 ἄλλοι
3486 5866 3540 5918 δὲ
3572 5864 3662 5918 καὶ
3694 5866 3796 5924 toi,
