4092 6490
390 447 516 511 2201

1260 456 1859 517 ΕΩΩιΕδῖΛΞΤΙΕιΕ
1902 457 2294 521 HlSTOlllE
2330 461 2473 521 LIB.
2515 462 2669 524 XlV.

3506 455 3645 520 1202

387 568 656 632 κρημνοῖς
712 567 1085 638 διεφθείροιτο
1115 586 1126 599 ·
1188 574 1278 624 καὶ
1326 572 1569 638 ἔφθασαν
1616 572 1681 626 ἂν
1713 572 1960 637 ἅπαντες

2067 577 2289 645 quidam
2334 579 2494 655 etiam
2535 579 2587 632 in
2617 578 2916 647 pra‘cipitio
2944 578 3088 632 saxis
3122 574 3260 630 allisi
3292 572 3641 647 interierunt.

381 658 492 719 τοῖς
535 657 695 712 ’ὕδασι
736 661 831 713 καὶ
867 665 1136 731 κρημνοῖς
1180 663 1572 733 ἀπολλύμενοι,
1620 665 1669 716 εί
1712 664 1786 732 μὴ
1816 664 1953 716 Θεοῦ

388 750 613 819 προνοίᾳ
651 751 803 820 μόλις
858 755 1033 814 ἁλιεῖς
1062 754 1255 825 ἄνδρες
1286 759 1382 808 καὶ
1410 755 1653 825 ἐμπορίᾳ
1685 754 1954 819 συζῶντες

385 845 751 911 ἁναφᾳνέντες
800 843 1137 916 Χριστιανοὶ.
1187 851 1324 901 πᾶσι
1365 849 1586 919 τρόποις
1635 849 1957 912 ἀνέλκοντες

384 934 615 998 ἔσωζον,
667 935 780 987 τότ’
815 937 946 998 ίσω;
976 938 1078 1006 τῆς
1132 939 1316 1002 ἀνοίας
1353 938 1737 1007 λαμϐάνοντας
1764 938 1957 1009 αἴσθηο

385 1041 471 1076 σιν
493 1040 507 1055 ⁸
540 1024 667 1087 τοὺς
696 1025 753 1077 δὲ
808 1025 1004 1090 ἄλλους
1037 1031 1290 1100 ἀνεῖργον
1322 1032 1463 1100 σφᾶς
1499 1031 1700 1094 αὐτοὺς
1735 1031 1955 1102 ἐπιρρε-

385 1132 542 1167 πτειν
567 1117 645 1185 τῷ
686 1118 927 1188 κύματι,
949 1121 1296 1188 ἐπιλέγοντες
1331 1124 1428 1194 τὴν
1472 1123 1581 1176 τῶν
1613 1123 1959 1195 προρριψάν-

383 1224 492 1257 των
524 1207 832 1262 ἀπώλειαν·
865 1211 962 1265 καὶ
998 1212 1148 1281 μόλις
1185 1215 1239 1265 ἐν
1266 1214 1342 1284 νῷ
1398 1216 1705 1283 γενόμενοι,
1735 1216 1830 1268 καὶ
1856 1215 1955 1284 τῆς

385 1297 613 1367 ἀκρίτου
658 1300 897 1362 πίστεως
922 1302 1022 1371 τὴν
1073 1304 1291 1370 ἀπάτην
1320 1307 1703 1375 φωράσαντες,
1728 1307 1954 1374 ἀνέσχον

381 1389 582 1450 ἀθλίως
615 1391 835 1445 ἐκπλεῖν
856 1408 872 1426 ο
903 1393 996 1445 καὶ
1022 1395 1109 1446 τὸν
1129 1396 1545 1465 Ψευδομωῦσῆν
1565 1398 1772 1449 ἐκεῖνον
1802 1397 1954 1449 ἐπει-

384 1481 563 1549 ρῶντο
610 1487 856 1553 συεχείν.
901 1484 1044 1539 Ἀλλ’
1090 1488 1192 1540 οὐκ
1236 1488 1394 1557 ἔσχον
1431 1491 1511 1551 είς
1559 1487 1721 1558 ἔργον
1758 1488 1954 1542 άνῦσαι

384 1579 441 1629 τὸ
492 1579 968 1652 σπουδαζόμενον·
1008 1583 1168 1646 εὐθὺς
1219 1586 1329 1653 γὰρ
1377 1587 1589 1655 ἐκεῖνος
1618 1586 1832 1655 ἀφανὴς
1864 1582 1951 1657 ἦν.

385 1672 480 1723 καὶ
529 1672 736 1737 πολλὴν
783 1674 1060 1745 παρέσχεν
1104 1677 1386 1740 ὑπόνοιαν,
1431 1677 1506 1742 ὼς
1560 1679 1816 1749 ἀλάστωρ
1868 1697 1954 1743 τις

380 1762 596 1829 δαίμων
627 1764 984 1834 ἀνθρωπείαν
1015 1768 1233 1837 μορφὴν
1264 1768 1652 1839 περιθέμενος,
1691 1771 1784 1822 ἐπὶ
1807 1770 1953 1843 λύμῃ

383 1854 444 1905 τὸ
477 1853 629 1918 ἔθνος
679 1856 947 1927 προῆγεν.
980 1861 1174 1912 Ἔνθεν
1221 1878 1304 1914 τοι
1336 1862 1434 1915 καὶ
1482 1863 1672 1916 πολλοὶ
1706 1863 1775 1917 τὰ
1820 1864 1955 1917 Ἰου-

383 1943 548 1996 δαίων
602 1946 821 2016 χαίρειν
869 1950 1202 2016 φράσαντες,
1234 1952 1343 2006 τῶν
1378 1954 1437 2006 ὲν
1479 1954 1700 2025 Κρήτῃ,
1749 1956 1819 2009 τὰ
1848 1955 1957 2008 τῶν

385 2030 729 2107 Χριστιανῶν
787 2043 1022 2111 βεϐαίως
1073 2048 1419 2114 ἠσπάσαντο,
1487 2049 1567 2112 είς
1618 2048 1848 2118 ἄπειρόν
1902 2068 1957 2103 τι

386 2128 590 2198 πλῆθος
632 2132 1025 2206 ἠριθμημέναι.
1063 2139 1458 2209 Παραπλήσιον
1486 2141 1628 2195 δέτι
1678 2142 1776 2195 καὶ¹
1826 2141 1959 2196 ἄλλο

386 2222 529 2275 κατὰ
574 2224 728 2276 τόνδε
762 2224 852 2286 τὸν
896 2225 1092 2296 χρόνον
1124 2229 1343 2298 ἐγένετο
1365 2244 1380 2259 ⁸
1418 2229 1447 2284 ὃ
1469 2231 1566 2284 καὶ
1605 2231 1736 2285 αὐτὸ
1762 2232 1959 2303 διηγή-

387 2329 573 2399 σομαι.
613 2314 901 2386 Βάρϐαρόν
926 2336 981 2372 τι
1027 2320 1178 2383 ἔθνος
1210 2322 1363 2391 παρὰ
1410 2323 1473 2376 τὸ
1520 2323 1698 2394 πέραν
1728 2323 1821 2377 τοῦ
1859 2340 1958 2377 πο-

382 2407 558 2474 ταμοῦ
602 2408 792 2476 Ῥήνου
819 2411 918 2473 τὰς
945 2412 1229 2482 διατριϐὰς
1261 2415 1395 2485 ἔχει.
1440 2417 1958 2487 Βουργουντζιωνες

383 2502 464 2572 τῷ
492 2502 637 2557 ἔθνει
661 2505 723 2558 τὸ
751 2506 926 2576 ὄνομα
950 2523 965 2538 ⁶
1006 2508 1123 2563 λίαν
1151 2511 1209 2565 δὲ
1240 2513 1301 2565 τὸ
1335 2512 1489 2576 ἔθνος
1514 2514 1678 2567 τοῦτο
1738 2515 1969 2584 ἀπραγ-ν

390 2595 725 2660 μονέστατον
745 2614 759 2628 ·
791 2597 1048 2663 τέκτονες
1081 2601 1188 2670 γὰρ
1225 2603 1429 2667 πάντες
1458 2604 1654 2674 σχεδόν
1692 2607 1834 2660 εἰσιν
1857 2623 1870 2636 ·
1898 2607 1961 2671 ἐξ

385 2686 446 2738 οὗ
479 2687 656 2741 καὶτὸ
685 2688 787 2760 ζῇν
831 2692 1026 2760 μισθοῦ
1067 2695 1397 2765 πράττουσι.
1432 2697 1507 2750 Τὸ
1539 2696 1635 2751 οὖν
1671 2698 1827 2763 ἔθνος
1854 2700 1964 2753 τῶν

388 2778 604 2834 υῦννων
660 2785 1074 2854 παρακείμενον
1129 2790 1440 2859 ἐπιδρομάς
1494 2792 1680 2856 αὐτοῖς
1725 2793 1969 2847 ἐποιεῖτο

387 2874 619 2937 πυκνὰς,
656 2875 752 2927 καὶ
782 2876 882 2947 τὴν
918 2879 1144 2932 ἐκείνων
1189 2881 1372 2952 ἔκειρε
1400 2883 1585 2954 χώραν
1619 2885 1920 2955 λεηλατοῦν
1948 2903 1964 2918 ·

389 2968 477 3017 καὶ
513 2967 698 3020 πολλοὶ
729 2969 1003 3040 ἀνῄρηντο
1034 2975 1479 3045 συρρηγνύμενοι
1508 2976 1677 3049 μάχῃ.
1710 2978 1800 3031 Ἑν
1820 2980 1966 3048 ἀμη-

389 3059 538 3128 χάνῳ
584 3059 643 3113 δὲ
690 3064 803 3125 τοῖς
837 3062 1032 3132 δεινοῖς
1063 3066 1430 3129 καθεστῶτες,
1456 3066 1564 3136 θεῷ
1596 3086 1701 3121 τινι
1750 3069 1970 3138 ἐπιτρέ-

390 3150 488 3215 ψαι
519 3150 588 3202 τὰ
618 3151 742 3203 καθ’
773 3152 1005 3218 ἑαυτοὺς
1029 3154 1402 3212 ἐϐουλεύοντο.
1431 3159 1522 3212 Ἐν
1553 3159 1630 3229 νῷ
1655 3160 1721 3213 δὲ
1739 3161 1961 3232 θέμενοι

2063 669 2133 723 Ει
2166 670 2406 724 universi
2447 671 2522 724 illi
2565 671 2647 725 vel
2690 670 2744 724 in
2794 670 2980 733 undis,
3026 669 3112 722 vel
3154 669 3207 721 in
3268 664 3642 736 praecipitibus

2060 761 2205 815 saxis
2246 762 2574 829 periissem,
2600 761 2705 815 nisi
2747 761 2835 815 Dei
2878 759 3241 830 providentia,
3267 756 3357 811 vix
3401 755 3643 825 piscato-

2058 866 2148 904 res
2173 860 2227 903 et
2284 851 2374 905 alii
2430 860 2736 906 mercatura
2794 853 2998 906 victum
3056 849 3430 919 quaeritantes,
3482 844 3644 900 Chri-

2059 947 2222 1001 stiani
2256 948 2530 1011 homines,
2563 949 2746 1003 subito
2773 942 3122 1002 extrahentes
3155 951 3492 1008 servassem,
3526 950 3639 995 tum

2058 1037 2296 1105 primum
2328 1037 2561 1091 fortasse
2601 1053 2706 1106 qua
2747 1037 3022 1091 dementia
3074 1032 3220 1102 capti
3269 1040 3478 1091 essent.
3510 1045 3640 1084 sena

2059 1127 2277 1181 tientes.
2334 1127 2397 1181 Hi
2464 1127 2623 1190 alios,
2653 1127 2950 1197 quominus
2984 1142 3043 1181 se
3076 1126 3130 1179 in
3182 1125 3378 1179 ﬂuctus
3405 1122 3642 1191 projice-

2059 1227 2198 1280 rent,
2229 1218 2650 1287 prohibuerunt,
2715 1233 2906 1272 eorum
2943 1218 3036 1286 qui
3070 1226 3232 1270 antea
3261 1214 3313 1267 id
3355 1214 3637 1276 fecissent,

2055 1308 2337 1362 interitum
2364 1309 2473 1363 illis
2499 1309 2830 1371 iudicantes.
2859 1307 2960 1373 Qui
2999 1323 3128 1362 sane
3163 1320 3307 1376 aegre
3367 1305 3423 1358 in
3451 1303 3638 1357 animo

2058 1414 2172 1453 rem
2232 1415 2418 1453 secum
2473 1410 2811 1469 reputantes,
2859 1406 2917 1453 et
2965 1398 3217 1452 fraudem
3263 1396 3382 1451 sine
3425 1394 3638 1465 judicio

2058 1502 2323 1560 susceptae
2372 1490 2497 1545 lldei
2542 1500 2597 1545 et
2646 1490 2990 1545 credulitatis
3050 1488 3550 1559 deprehendentes,
3580 1491 3642 1536 ut

2057 1582 2425 1636 miserabilem
2475 1584 2531 1636 in
2562 1582 2787 1637 modum
2837 1590 3165 1645 enatarent,
3211 1578 3638 1635 sustinuerunt:

2054 1684 2110 1728 et
2183 1672 2401 1727 tandem
2476 1673 2885 1729 Pseudomosen
2964 1674 3117 1727 illum
3172 1668 3642 1740 comprehendere

2054 1770 2183 1813 sunt
2215 1762 2482 1830 aggressi.
2516 1762 2717 1817 Verum
2755 1761 3021 1831 perlicere
3072 1761 3127 1813 id
3182 1760 3413 1814 minime
3443 1765 3642 1827 potuc-

2058 1860 2188 1905 runt
2225 1869 2239 1904 :
2291 1852 2579 1907 confestim
2611 1854 2761 1908 enim
2813 1854 2904 1908 ille
2947 1852 3242 1922 diaparuit,
3271 1861 3328 1906 et
3382 1863 3639 1919 magnam

2061 1941 2432 2010 suspicionem
2489 1942 2743 2012 przebuit.
2779 1942 3155 2011 perniciosum
3175 1939 3486 2010 quempiam
3524 1938 3640 1991 dm-

2061 2048 2280 2086 mouem
2308 2033 2410 2086 sub
2439 2033 2677 2087 humana
2711 2034 2892 2102 specie
2915 2042 3130 2104 gentem
3168 2047 3287 2086 eam
3329 2031 3383 2084 in
3413 2028 3641 2089 exitium

2060 2120 2404 2191 produxisse.
2437 2121 2674 2175 Proinde
2723 2122 2881 2175 multi
2920 2120 3233 2175 .ludaeorum
3257 2115 3640 2186 superstitioni

2062 2212 2255 2267 nuntio
2283 2212 2539 2275 remisso,
2574 2214 2630 2267 in
2670 2210 2837 2266 Creta
2886 2210 3257 2266 Christianam
3319 2208 3641 2279 religionem

2061 2317 2379 2363 constanter
2426 2318 2811 2379 susceperunt.
2871 2307 3080 2362 Horum
3126 2310 3417 2361 innumera
3471 2318 3641 2374 prope

2061 2399 2166 2454 fuit
2188 2400 2502 2455 multitudo.
2529 2400 2722 2455 Simile
2748 2400 3006 2465 quiddam
3029 2399 3178 2454 aliud
3197 2414 3418 2468 quoque
3442 2398 3638 2453 eodem

2062 2502 2310 2562 tempore
2361 2491 2585 2555 accidit,
2643 2492 2789 2561 quod
2841 2500 2895 2547 et
2951 2491 3132 2559 ipsum
3169 2489 3637 2546 commemorabo.

2062 2582 2207 2638 Gens
2256 2585 2503 2654 quaedam
2561 2583 2797 2639 barbara
2852 2584 3171 2638 ulteriorem
3226 2581 3402 2636 Rheni
3464 2580 3655 2635 amnis.

2065 2677 2239 2745 ripam
2263 2676 2478 2731 accolit.
2509 2677 2935 2748 Burgundiones
2981 2676 3269 2740 dicuntur,
3325 2674 3642 2743 tranquilli-

2067 2770 2196 2824 tatis
2220 2777 2282 2825 ‘et
2307 2770 2405 2824 otii
2428 2769 2601 2825 valde.
2645 2769 2898 2824 studiosi.
2933 2768 3094 2824 Fabri
3131 2783 3367 2838 namque
3419 2768 3643 2837 tignarii

2067 2880 2257 2921 omnes
2276 2869 2409 2921 fere
2443 2875 2592 2933 sunt,
2616 2875 2672 2920 et
2699 2879 2762 2918 ea
2798 2874 2917 2919 arte
2944 2865 3071 2919 vita:
3096 2874 3348 2933 sumptus
3381 2863 3661 2924 tolerant.

2065 2957 2241 3011 Porro
2290 2955 2613 3011 Hunnorum
2661 2957 2811 3011 natio
2872 2956 2955 3010 eis
2986 2954 3299 3017 immine‘n's,
3328 2954 3657 3025 frequentes.

2067 3050 2421 3104 excursiones
2475 3051 2539 3103 in
2575 3044 2673 3105 eos
2729 3050 2986 3114 faciebat,
3019 3060 3074 3104 ct
3105 3050 3386 3118 regionem
3448 3063 3643 3102 eorum

2069 3138 2376 3208 diripiendo
2405 3139 2671 3193 vastabat.
2693 3139 2842 3194 Multi
2867 3141 3032 3194 etiam
3064 3154 3128 3194 ex
3156 3138 3283 3203 illis,
3309 3154 3433 3192 cum
3469 3138 3645 3193 hosti-

390 3239 466 3300 ὡς
501 3242 528 3293 ὁ
558 3240 669 3293 τῶν
714 3241 1006 3312 Ῥωμαίων
1035 3245 1131 3299 καὶ
1180 3246 1524 3315 Χριστιανῶν
1558 3250 1692 3314 Θεὸς
1738 3230 1960 3306 πλεῖστα

2069 3234 2176 3288 bus
2202 3247 2379 3302 pugna
2442 3232 2743 3300 congressi,
2795 3230 3286 3286 interficiebantur.
3322 3231 3457 3287 Cum
3515 3247 3646 3301 ergo

391 3337 506 3398 τοτς
549 3335 747 3405 ἐκείνῳ
778 3341 1202 3408 προσκειμένοις
1246 3342 1470 3410 ἀρήγει,
1512 3343 1768 3408 ὀξύτατος
1813 3347 1966 3412 γινό-

395 3443 554 3494 μενος
589 3427 804 3497 βοηθὸς,
839 3432 992 3502 κοινῇ
1013 3433 1180 3504 ψήφῳ
1209 3436 1408 3498 πάντες
1461 3437 1646 3506 ἐκείνῃ
1678 3440 1744 3507 τῇ
1774 3438 1960 3493 πίστει

392 3517 726 3588 προσῄεσαν.
753 3522 858 3575 Καὶ
879 3522 943 3593 δὴ
970 3526 1110 3578 κατὰ
1142 3524 1272 3594 μίαν
1294 3526 1404 3579 τῶ)
1426 3526 1665 3582 Γαλλιῶν
1691 3530 1846 3584 πόλιν
1871 3548 1965 3597 γε·

392 3608 631 3677 νόμινοι,
668 3610 846 3665 ἱκέται
876 3612 970 3665 τοῦ
998 3615 1300 3668 ἐπισκόπου
1338 3611 1502 3686 ἦσαν,
1525 3621 1620 3672 καὶ
1639 3620 1835 3685 αὐτοὺς
1858 3622 1958 3692 τὴν

392 3700 503 3753 τῶν
535 3701 879 3770 Χριστιανῶν
926 3708 1111 3759 πίστιν
1161 3708 1501 3774 ἀναδιδάξαι,
1533 3711 1630 3763 καὶ
1663 3711 1756 3765 τοῦ
1810 3713 1961 3767 θείου

395 3789 738 3856 καταξιῶσαι
799 3792 1202 3863 βαπτίσματος.
1244 3796 1303 3850 '0
1363 3797 1411 3850 δ’
1469 3801 1821 3871 ὲπταήμερον
1867 3820 1963 3873 νη-

395 3881 581 3935 στείαν
606 3882 912 3952 ἐπιτρέψας
964 3888 1173 3951 αὐτοῖς,
1198 3891 1292 3944 καὶ
1388 3892 1568 3962 χρεὼν
1599 3897 1961 3966 κατηχήσας,

394 3972 535 4025 κατὰ
556 3973 656 4043 τὴν
677 3974 871 4047 ὀγδόην
899 3977 1195 4046 βαπτίσας,
1224 3981 1408 4035 οἴκαδε
1434 3983 1656 4037 ἀπιέναι
1686 3984 1960 4050 ἐκέλευεν,

394 4063 692 4118 ἐπίσκοπον
737 4067 923 4129 αὐτοῖς
979 4070 1277 4140 παραδούς.
1311 4072 1825 4145 Ἀναθαρῤήσαντες
1867 4075 1962 4129 οὖν

393 4153 647 4206 ἐντεῦθεν
690 4153 859 4222 ὁμόσε
911 4160 1053 4212 κατὰ
1099 4161 1208 4212 τῶν
1259 4162 1668 4230 τυραννούντων
1719 4164 1960 4233 ἐχώρουν

394 4243 640 4313 ἐχθρῶν⁹
687 4244 784 4325 καὶ
829 4245 929 4314 τῆς
979 4252 1312 4317 προσδοκίας
1353 4252 1605 4321 οὐδαμῶς
1655 4254 1957 4324 ἠστόχουν·

394 4336 501 4389 ὑπὸ
529 4337 640 4409 γὰρ
675 4338 893 4391 πολλῶν
931 4341 1121 4393 σιτίων
1163 4343 1371 4412 τροφῆς
1407 4345 1704 4414 Οόπτάρου
1732 4346 1963 4416 διαρρα-

394 4428 601 4494 γέντος,
649 4430 804 4493 οὗτος
862 4431 971 4501 γὰρ
1024 4432 1135 4485 τῶν
1186 4432 1407 4486 Οΰννων
1455 4435 1720 4506 κατῆρχε,
1774 4436 1960 4506 σφίσιν

393 4520 612 4574 ἀνωϊστί
643 4522 985 4593 ἐπιθέμενοι,
1022 4524 1226 4595 σφόδρα
1250 4526 1480 4589 πολλοὺς
1513 4528 1917 4598 κατηκόντισαν
1941 4545 1957 4560 ο

2069 3332 2296 3395 propter
2345 3322 2559 3378 cladem
2619 3322 2892 3393 ejusmodi
2926 3322 2994 3377 de
3034 3324 3198 3378 rebus
3247 3323 3365 3378 suis
3385 3323 3649 3393 despera-

2070 3426 2216 3483 rent,
2234 3426 2293 3470 ut
2316 3416 2420 3470 deo
2451 3415 2614 3471 alicui
2645 3429 2732 3469 res
2754 3428 2884 3469 suas
2903 3415 3331 3480 committerent,
3354 3415 3645 3469 consilium

2071 3524 2266 3578 cepere
2295 3526 2308 3562 :
2339 3522 2572 3577 cumque
2609 3508 2662 3561 in
2696 3515 2934 3562 mentem
2979 3508 3061 3560 eis
3113 3507 3348 3571 veniret,
3380 3505 3650 3561 Christia-

2071 3616 2273 3656 norum
2309 3602 2479 3655 Deum
2516 3598 2823 3675 cultoribus
2850 3598 2964 3654 suis
3009 3608 3068 3653 ut
3105 3599 3436 3653 acerrimum
3495 3601 3649 3653 auxi-

2070 3695 2323 3750 liatorem
2354 3694 2645 3765 plurimum
2663 3692 2784 3763 opis
2816 3690 3065 3757 ferre,de
3088 3691 3363 3745 communi
3396 3691 3645 3745 omnium

2073 3801 2367 3849 consensu,
2401 3785 2468 3840 ad
2493 3785 2816 3855 religionem
2848 3785 2972 3855 ejus
3000 3795 3056 3841 et
3085 3784 3246 3839 ﬁdem
3271 3795 3644 3839 accesserunt.

2073 3878 2249 3944 Quam
2299 3877 2371 3933 ob
2421 3891 2643 3932 causam
2704 3886 2761 3931 et
2815 3877 2872 3930 in
2908 3877 3143 3947 quadam
3192 3875 3381 3931 Gallia:
3426 3876 3650 3931 civitate

2070 3969 2414 4040 episcopum,
2448 3979 2508 4024 ut
2530 3984 2629 4025 eos
2661 3968 3107 4025 Christianorum
3158 3968 3480 4041 religionem
3513 3966 3650 4021 edo-

2073 4069 2246 4124 ceret,
2304 4068 2361 4113 et
2417 4043 2604 4115 divino
2660 4061 2935 4140 baptismo
2998 4060 3343 4130 dignaretur,
3384 4058 3648 4113 obtestati

2070 4162 2223 4207 sunt.
2256 4151 2351 4206 llle
2413 4166 2547 4206 vero
2601 4150 2693 4206 ubi
2736 4153 2817 4206 eis
2857 4159 3066 4221 septem
3112 4150 3328 4205 dierum
3376 4151 3645 4221 jejunium

2074 4243 2291 4308 indixit,
2316 4256 2522 4312 eosque
2565 4257 2688 4312 quae
2717 4257 2854 4312 opus
2888 4249 3011 4297 erat
3036 4242 3105 4297 de
3137 4240 3312 4297 sacris
3343 4242 3510 4296 rebus
3558 4243 3648 4296 in—

2071 4338 2272 4401 stituit,
2322 4328 2517 4390 oc'tavo
2555 4336 2644 4391 die
2691 4335 3019 4404 baptizatos,
3069 4349 3181 4389 una
3219 4350 3343 4389 cum
3384 4335 3649 4404 episcopo

2072 4445 2236 4499 quem
2260 4429 2342 4483 eis
2365 4428 2639 4489 attribuit.
2682 4428 2907 4483 domum
2954 4426 3136 4483 redire
3170 4428 3354 4496 jussit.
3388 4426 3550 4498 534
3579 4428 3646 4482 Et

2070 4539 2136 4578 ex
2167 4538 2233 4578 ea
2273 4538 2334 4577 re
2362 4521 2560 4576 fiducia
2608 4528 2899 4590 concepta,
2936 4529 3127 4575 contra
3166 4521 3352 4574 hostes
3399 4518 3647 4589 tyranni-

392 4613 689 4683 τρισχίλιοι
724 4616 832 4685 γὰρ
876 4616 1054 4678 ὅντες,
1093 4619 1323 4688 μυρίους
1357 4597 1705 4674 ἀπέκτειναν.
1746 4622 1857 4673 Καὶ
1906 4619 1960 4687 ἐξ

2071 4615 2197 4671 dem
2246 4622 2452 4670 tantam
2500 4621 2845 4667 exercentes.
2866 4621 3259 4681 processerunt
3292 4628 3306 4664 :
3340 4624 3518 4679 neque
3549 4623 3645 4664 eos

393 4708 605 4760 ἐκείνου
637 4710 699 4760 τὺ
727 4707 880 4770 ἔθνος
901 4708 1061 4762 τοῦτο
1089 4710 1354 4780 διάπυρον
1387 4709 1512 4781 ἔσχε
1548 4712 1688 4782 πρὸς
1716 4712 1777 4765 τὸ
1802 4714 1967 4781 ἀκρι-

396 4798 507 4861 ϐῶς
540 4801 954 4870 Χριστιανίζειν
976 4802 1070 4855 τὸν
1096 4801 1298 4873 ἔρωτα.
1332 4802 1496 4857 Οὕτω
1530 4805 1663 4866 Θεὸς
1688 4804 1759 4857 δι’
1787 4803 1965 4859 ἄλλων

394 4889 561 4960 ἔτερα
590 4893 884 4963 πανσόφως
917 4897 1234 4964 οἰκονομεῖ,
1272 4894 1455 4965 βυθοῖς
1479 4896 1740 4965 προνοίας
1773 4894 1849 4957 ὡς
1882 4898 1964 4948 εί-

395 4980 490 5042 κδς
524 4980 585 5033 τὸ
618 4983 719 5034 πᾶν
746 4983 989 5038 διοικῶν.
1026 4984 1213 5037 Ταῦτα
1262 4984 1361 5055 μὲν
1394 4986 1523 5054 περὶ
1575 4985 1815 5038 τούτων’
1854 4985 1966 5052 ἐγὼ

394 5074 454 5127 δὲ
487 5076 579 5128 καὶ
605 5074 800 5146 ἑτέραν
833 5076 911 5146 τῷ
934 5077 1078 5146 λόγῳ
1113 5077 1267 5130 δώσω
1288 5078 1565 5148 διήγησιν,
1597 5079 1663 5132 ἵν’
1701 5079 1796 5150 ἐξῇ
1823 5081 1964 5132 πᾶσι

395 5162 708 5232 γινώσκειν,
738 5165 813 5226 ὡς
841 5169 933 5219 καὶ
962 5166 1039 5219 δι’
1082 5166 1317 5232 ἀναξίων
1366 5169 1629 5231 πολλάκις
1682 5169 1815 5233 Θεὸς
1871 5169 1966 5221 τὰρ

400 5256 616 5327 συνήθη
650 5258 911 5327 πράττων
942 5261 1203 5330 τεράστια
1231 5260 1493 5315 δείκνυσι.

2073 4724 2201 4780 spes
2229 4720 2287 4765 et
2315 4707 2653 4778 exspectatio
2692 4723 2791 4763 sua
2837 4705 3051 4761 fefellit.
3078 4705 3212 4760 Nam
3260 4702 3467 4774 Uptaro
3495 4701 3649 4756 Hun-

2073 4819 2271 4859 norum
2302 4803 2443 4858 duce
2465 4817 2533 4856 ex
2572 4790 2795 4870 crapula
2832 4800 3011 4855 nimia
3041 4809 3225 4868 rupto,
3255 4797 3324 4852 de
3349 4796 3647 4867 improviso

2075 4897 2261 4951 hostes
2292 4895 2433 4949 duce
2465 4893 2687 4948 orbatos
2713 4892 2911 4948 adorti.
2941 4888 3143 4947 multos
3193 4890 3489 4946 admodum
3527 4890 3649 4944 telis
3708 4881 3714 4937 ἐ

2074 4986 2468 5050 confecerunt;
2495 4992 2661 5053 atque
2693 4982 2948 5052 ipsi-cum
2974 4984 3137 5038 trium
3176 4990 3384 5037 tantum
3416 4981 3647 5036 millium

2072 5092 2365 5132 numerum
2404 5075 2711 5146 explerent,
2743 5074 2934 5131 decem
2961 5073 3286 5129 Hunnorum
3338 5074 3509 5128 millia
3561 5072 3649 5126 iu-
3710 5078 3719 5089 ‘

2069 5178 2431 5226 teremerunt.
2458 5171 2534 5223 Ex
2555 5179 2891 5238 eo.temporc
2919 5168 3368 5239 Burgundionum
3393 5182 3525 5233 gens
3557 5181 3652 5218 aro

2069 5261 2221 5316 deuti
2279 5261 2346 5315 ad
2398 5260 2880 5316 Christianismum
2927 5274 3144 5314 summe
3197 5255 3644 5315 conservandum

398 5370 584 5409 amore
645 5353 906 5424 ﬂagravit.
979 5355 1053 5412 ita
1087 5359 1230 5413 Deus
1300 5359 1405 5412 alia
1448 5374 1545 5427 per
1621 5359 1726 5418 alia
1770 5372 1935 5429 quam
1990 5358 2397 5426 sapientissime
2456 5358 2759 5428 dispensat,
2832 5355 3191 5428 providentia:
3246 5367 3448 5408 arcano
3490 5354 3650 5422 longe

400 5448 606 5514 optime
658 5449 841 5502 omnia
882 5449 1294 5505 administrans.
1345 5451 1472 5507 llaec
1530 5453 1815 5508 hactenus.
1853 5452 1968 5522 Ego
2038 5466 2171 5507 vero
2234 5451 2396 5507 aliam
2429 5467 2649 5521 quoque
2679 5466 2793 5506 rem
2838 5448 3305 5514 commemorabo,
3348 5457 3408 5501 ut
3440 5460 3646 5517 cognqs

402 5559 554 5604 scere
595 5558 781 5606 omnes
825 5545 1055 5620 possint,
1082 5545 1250 5601 Deum
1286 5561 1527 5618 pers'epe
1554 5547 1720 5611 etiam
1773 5562 1870 5620 per
1913 5545 2171 5618 indignos
2201 5545 2359 5601 solita
2402 5545 2757 5601 consucvisse
2788 5542 3037 5614 prodigia
3066 5543 3356 5605 exhibere.
