4092 6538
420 445 552 510 1237

1638 453 2059 514 NICEPllORl
2102 454 2445 516 CALLlSTl

3548 458 3680 522 1208

416 562 612 627 suasit,
646 571 707 617 ut
734 562 1007 633 legatione
1038 567 1180 636 apud
1234 570 1623 639 imperatorem
1651 570 1989 641 fungeretur,

2103 570 2201 623 καὶ
2249 569 2326 640 τῷ
2375 570 2472 640 μὲν
2524 570 2664 643 ἁγίῳ
2710 571 2857 626 λύειν
2910 571 3011 642 τὴν
3066 572 3252 627 ἄδικον
3298 571 3529 644 ἐξορίαν,
3586 573 3679 643 τὴν

414 669 474 712 ιιι
502 667 727 713 sanctus
757 660 845 714 ille
874 662 962 715 vir
991 663 1060 717 ab
1123 664 1330 737 injuste
1373 668 1569 721 exsilio
1619 678 1995 731 revocaretur,

414 751 762 821 papulasque
792 761 848 805 et
877 754 1118 809 Ecclesia
1152 758 1392 813 orbitate
1450 760 1803 825 liberaretur,
1853 761 1997 830 peti-

414 855 592 898 turus.
622 843 675 898 ld
702 845 928 899 Proclns
954 846 1137 901 statim
1168 864 1276 902 non
1311 860 1533 918 gravate
1586 851 1733 907 fecit.
1790 851 1858 906 Et
1901 852 1996 922 qui

411 951 617 1006 corpus
634 938 753 1004 ejus
783 938 1147 1004 adducerent,
1184 942 1335 996 missi
1368 929 1516 997 sunt.
1552 944 1790 998 Loculus
1810 954 1994 999 autem

412 1014 710 1082 immobilis
765 1043 997 1098 prorsus
1037 1030 1159 1098 fuit,
1212 1043 1262 1087 et
1296 1047 1418 1086 cum
1448 1034 1635 1088 multa
1691 1036 1995 1089 multorum

414 1134 606 1173 manus
636 1119 703 1173 ad
726 1136 852 1175 eum
886 1123 1215 1177 movendum
1272 1124 1537 1179 adhibitae
1577 1132 1782 1189 eSscnt,
1817 1127 1996 1181 nihilo

411 1209 585 1279 magis
613 1210 738 1266 loco
770 1213 982 1267 moveri
1009 1215 1208 1283 potuit.
1253 1212 1413 1282 Quod
1447 1217 1537 1270 ubi
1566 1217 1866 1287 imperator
1898 1232 1995 1272 co-

412 1303 625 1368 gnovit,
679 1305 865 1359 statim
905 1320 1130 1361 causam
1181 1308 1302 1378 ejus
1341 1308 1419 1363 rei
1448 1308 1741 1364 intellexit.
1804 1308 1995 1380 Itaque

415 1395 613 1452 l'tteris
644 1398 860 1452 rubrica
894 1399 1138 1470 scriptis,
1175 1401 1355 1457 virum
1409 1412 1658 1458 sanctum
1701 1413 1760 1457 ut
1791 1403 1994 1458 adduci

413 1504 473 1543 se
528 1497 835 1557 pateretur,
872 1491 1181 1547 obtestatus
1239 1504 1341 1549 est.
1375 1494 1595 1551 Litterae
1628 1496 1761 1565 ipsae
1825 1510 1991 1566 supra

420 1590 613 1635 Lectus
639 1582 760 1651 ejus
782 1583 1065 1652 positae,ct
1087 1586 1433 1655 pervigilium
1460 1598 1665 1654 actum,
1690 1604 1994 1659 precesque

413 1673 479 1725 ad
523 1673 689 1727 Deum
722 1675 855 1730 fusae
908 1685 1057 1731 sunt.
1113 1679 1188 1732 Ita
1221 1673 1451 1735 loculus
1480 1697 1539 1736 se
1588 1681 1996 1737 abducentibus

412 1765 626 1819 facilem
692 1767 955 1835 prmbnit,
1007 1778 1062 1824 et
1119 1783 1343 1827 sanctus
1390 1774 1530 1843 ipse,
1597 1775 1817 1845 pondus
1875 1778 1995 1849 eius

412 1859 589 1913 levius
621 1861 920 1923 redditum,
959 1879 1065 1917 una
1097 1880 1223 1920 cum
1259 1866 1456 1938 baiulis
1481 1870 1645 1922 simul
1668 1868 1812 1924 ferre
1840 1870 1994 1925 visus

2106 660 2381 731 ὀρφανίαν
2414 663 2460 717 δ’
2506 665 2766 727 ἐκείνοις,
2799 663 2895 717 καὶ
2926 663 3301 736 τὴνίχηρείαν
3338 667 3404 734 τῇ
3444 664 3679 737 Ἐκκλη-

2056 771 2069 779 ί
2103 752 2218 821 aiat.
2263 753 2326 809 '0
2358 754 2404 807 δ’
2436 754 2598 818 εὐθὺς
2625 755 2847 825 ἕτοιμος
2872 750 2962 827 ἦν.
2999 748 3109 809 Καὶ
3142 755 3192 807 oi
3235 755 3333 824 μὲν
3360 754 3578 820 ἄξοντες
3615 755 3677 807 ea

2102 844 2264 912 σῶμα
2294 845 2629 914 ἐπέμποντο·
2693 847 2728 918 ή
2785 845 2844 899 δέ
2900 845 3061 918 σορὸς
3095 848 3190 900 καὶ
3229 845 3374 915 μάλα
3416 845 3675 918 ἀκίνητος

2095 932 2185 1007 ἦν.
2219 928 2429 1006 Πολλῆς
2453 937 2510 990 δὲ
2535 937 3012 1010 συγκροτηθείσης
3038 941 3105 1009 τῇ
3135 940 3353 1010 κινήσει
3382 939 3585 1008 χειρὸς,
3616 940 3675 992 ἐν

2096 1031 2211 1091 τοῖς
2234 1029 2448 1097 ὁμοίοις
2475 1029 2571 1083 καὶ
2601 1029 2762 1094 αὖθις
2786 1024 2879 1101 ἦν.
2930 1030 3019 1093 Ὦς
3060 1030 3106 1084 δ’
3135 1030 3408 1100 ἐμάνθανε
3438 1028 3610 1082 ταῦτα
3643 1032 3674 1083 ό

2099 1120 2377 1191 βασιλεὺς,
2410 1123 2611 1177 αὐτίκα
2660 1124 2763 1194 τὴν
2805 1125 2991 1178 αἰτίαν
3045 1123 3240 1177 συνίει·
3278 1124 3372 1177 καὶ
3405 1123 3673 1192 γράμμα-

2099 1231 2183 1267 σιν
2219 1215 2476 1286 ἐρυθροῖς
2530 1215 2800 1271 ἐδυσώπει
2851 1217 3082 1289 ἀφῖχθαι
3125 1216 3220 1270 τὸν
3264 1217 3432 1270 ὅσιον.
3465 1214 3546 1269 Τὰ
3577 1214 3674 1284 μὲν

2096 1303 2192 1357 οὖν
2223 1304 2533 1375 γράμματα
2563 1304 2639 1375 τῷ
2668 1305 2765 1361 τοῦ
2805 1307 2965 1376 ἁγίου
3009 1307 3200 1378 στήθει
3232 1306 3492 1361 ἐτίθεντο*
3537 1308 3674 1361 πάν·-

2096 1412 2257 1466 νυχος
2284 1396 2333 1448 δ’
2365 1398 2545 1450 ίκεσία
2571 1398 2896 1469 ἐπράττετο.
2928 1401 3037 1454 Καὶ
3063 1402 3097 1471 ή
3135 1401 3232 1470 μὲν
3257 1399 3413 1468 σορὸς
3445 1399 3666 1469 ἕτοιμος

2102 1492 2215 1552 τοῖς
2255 1490 2566 1559 ἀπάγουσιν
2596 1487 2686 1562 ἦν,
2728 1490 2828 1546 τοῦ
2877 1494 3028 1546 όσίου
3062 1492 3252 1563 ὥσπερ
3281 1493 3669 1561 ἐπικουφίζον-

2097 1600 2188 1645 τος
2220 1583 2318 1636 καὶ
2362 1585 2463 1651 τῆς
2499 1588 2665 1655 σοροῦ
2714 1584 2777 1638 τδ
2812 1584 2982 1656 βάρος
3040 1585 3490 1654 συνδιαφέροντας
3512 1604 3527 1618 -
3561 1584 3670 1654 ἐγὼ

2095 1674 2151 1727 δέ
2181 1674 2277 1729 καὶ
2306 1675 2446 1729 αὐτὰ
2470 1677 2680 1729 ἐκείνου
2712 1677 3003 1731 Θεοδοσίου
3033 1679 3101 1731 τὰ
3120 1680 3427 1750 γράμματα
3452 1679 3666 1749 ἐνθήσω

2095 1767 2161 1835 τῇ
2198 1769 2514 1837 συγγραφῇ,
2551 1767 2766 1832 τούτοις
2806 1768 3198 1839 περιεχόμεναο
3237 1788 3254 1819 ι
3296 1770 3385 1840 Τῷ
3416 1771 3672 1839 οίκουμεφ

2096 1856 2235 1928 νικῷ
2259 1857 2568 1926 διδασκάλῳ
2593 1860 2690 1912 καὶ
2722 1877 2856 1913 πνευ
2867 1860 3083 1931 ματικῷ
3125 1861 3301 1929 Πατρὶ
3332 1859 3552 1932 Ἰωάννῃ
3593 1862 3671 1931 τῷ

411 1962 517 2005 cst.
556 1953 791 2009 Litteras
816 1955 1112 2013 Theodosii
1134 1960 1200 2013 ad
1224 1974 1350 2015 eum
1382 1962 1616 2032 scriptas
1662 1962 1752 2017 hic
1783 1963 1989 2019 referre

2099 1926 2240 2021 ἀγίιρ
2277 1950 2374 2003 καὶ
2418 1950 2795 2024 Χρυσοστόμῳ
2825 1926 3149 2027 πατριάρχῃ
3180 1926 3470 2016 Θεοδόσιος
3515 1926 3673 2024 βασιλ

412 2048 592 2101 visum
610 2057 715 2103 est.
751 2068 770 2100 ι
799 2047 960 2105 Orbis
983 2051 1152 2106 totius
1184 2052 1420 2117 doctori,
1448 2064 1504 2110 et
1532 2055 1802 2125 spirituali
1825 2055 1992 2123 Patri,

409 2137 436 2192 .l
453 2142 606 2195 )anni
663 2152 874 2209 sancto,
906 2154 962 2200 et
995 2146 1149 2202 aurei
1194 2148 1309 2204 oris
1340 2149 1693 2218 patriarchae,
1739 2148 1996 2204 Theodo-

411 2233 530 2290 sius
563 2235 885 2307 imperator.
933 2237 1149 2309 Corpus
1207 2250 1362 2298 tuum
1418 2243 1607 2298 itidem
1642 2252 1702 2298 ut
1757 2244 1993 2299 aliorum

413 2339 688 2382 mortuum
736 2345 854 2384 esse
908 2340 1185 2400 putantes,
1215 2334 1377 2389 Pater
1412 2335 1755 2403 honorande,
1813 2346 1994 2396 trans-

411 2428 556 2478 l'erre
590 2423 643 2478 id
676 2433 732 2477 et
781 2423 1054 2480 adducere
1101 2425 1169 2479 ad
1213 2441 1336 2489 nos,
1370 2428 1532 2483 sicuti
1571 2428 1668 2484 lilii
1702 2438 1991 2500 parentum

407 2527 691 2582 amantes,
755 2516 1217 2575 desideravimns.
1283 2519 1420 2575 Cum
1503 2529 1686 2580 autem
1740 2520 1989 2577 debitum

411 2625 636 2665 prorsus
675 2609 964 2674 honorem,
999 2621 1055 2666 et
1081 2623 1340 2681 quantam
1381 2628 1520 2684 opus
1545 2613 1994 2670 luitsubmissio-

408 2718 534 2757 nem
566 2710 621 2757 et
650 2703 996 2767 modestiam,
1026 2718 1148 2757 eam
1189 2705 1241 2758 iu
1275 2720 1389 2760 rem
1430 2722 1537 2760 non
1567 2707 1990 2775 contulerimus,

409 2793 712 2864 izuperialis
745 2792 976 2848 fortass:
1034 2794 1208 2849 fastus
1236 2795 1382 2866 leges
1427 2796 1484 2851 in
1541 2798 1727 2865 rebus,
1789 2798 1992 2869 quibus

412 2904 511 2944 nos
542 2887 713 2960 magis
742 2903 905 2959 quam
972 2888 1202 2958 imperio
1270 2888 1391 2959 ipso
1437 2888 1705 2946 honestos
1737 2905 1861 2946 esse
1892 2891 1991 2947 de-

410 2984 545 3048 ruit,
578 2984 775 3050 secuti,
820 2998 931 3039 non
961 2982 1238 3063 immerito
1272 2993 1401 3040 voto
1436 2995 1628 3041 nostro
1656 2987 1989 3051 excidimus.

409 3084 475 3131 Μ,
523 3085 602 3138 tu,
658 3075 822 3131 Pater
871 3076 1094 3130 Patrum
1138 3090 1268 3130 vere
1296 3076 1779 3131 «reverendissime
1818 3075 1992 3149 (nunc

407 3168 555 3221 enim
594 3166 761 3222 veluti
809 3166 1087 3225 viventem
1141 3167 1521 3239 alloquimur),
1548 3169 1616 3229 ad
1648 3168 1989 3224 desiderium

409 3261 591 3330 putius
622 3270 870 3315 nostrum
925 3275 1090 3330 quam
1118 3260 1184 3314 ad
1225 3269 1464 3329 coeptum
1511 3269 1665 3315 tuum
1705 3269 1982 3329 spectans,

410 3354 622 3409 veniam
684 3353 751 3409 da
796 3355 1335 3425 poeuitentibus,qni
1385 3354 1546 3425 longe
1596 3354 1769 3425 magis
1820 3368 1985 3424 quam

406 3444 549 3497 alius
590 3446 879 3512 quisquam
914 3443 1294 3512 paenitentiam
1346 3444 1602 3509 docuisti,
1636 3453 1693 3499 et
1762 3459 1864 3499 nos
1906 3443 1989 3498 vi-

407 3536 528 3590 cisti
557 3552 572 3590 :
605 3536 980 3606 idoneumque
1008 3536 1700 3605 castigationis.desidcrio
1734 3535 1986 3603 ﬂagranti

406 3642 764 3696 erroremque
798 3644 959 3685 suum
994 3638 1310 3698 agnoscent!
1345 3627 1560 3685 animae.
1587 3643 1670 3693 eo
1699 3628 1846 3697 quod
1880 3627 1988 3681 huc

411 3735 585 3792 usque
626 3720 862 3777 reditum
886 3719 952 3775 ad
987 3735 1089 3774 nos
1116 3728 1270 3774 tuum
1296 3709 1642 3787 detrect'aris,
1675 3720 1985 3788 exemplum

409 3810 749 3876 exhibuisti;
782 3808 952 3865 redde
975 3810 1212 3880 teipsum
1251 3811 1434 3875 nobis,
1468 3826 1678 3881 qumso,
1714 3810 1901 3865 redde.
1920 3810 1989 3868 Ut

407 3904 558 3961 ι-ιιῑιιι
594 3902 845 3973 longiore
869 3916 1023 3959 mora
1050 3910 1106 3957 et
1143 3902 1408 3957 dilatione
1435 3917 1536 3958 nos
1563 3903 1800 3972 amplius
1820 3904 1986 3957 etiam

411 3996 618 4067 :iflligas
652 4035 669 4061 ,
724 4010 905 4066 neque
964 3993 1464 4050 commiserationis
1503 3994 1814 4049 visceribus
1857 3994 1987 4061 tuis,

415 4104 591 4159 neque
624 4089 801 4145 amori
829 4098 885 4143 ct
910 4087 1308 4158 exspectationi
1347 4098 1550 4143 nostra:
1601 4088 1822 4158 dignum
1860 4096 1985 4142 est:

407 4185 501 4254 qui
533 4200 640 4238 non
670 4184 844 4240 solum
880 4198 1084 4254 corpus
1115 4194 1171 4243 et
1213 4184 1449 4248 eineres,
1478 4183 1575 4238 sed
1607 4182 1777 4238 solam
1820 4182 1986 4237 etiam

410 4279 657 4334 umbram
708 4287 857 4335 tuam
910 4294 1135 4334 cernere
1187 4277 1458 4348 cupimus.
1499 4296 1519 4330 ι
1575 4275 1797 4333 Littera:
1853 4278 1989 4331 tales

411 4376 585 4430 fuere.
617 4373 910 4442 Postquam
932 4383 1113 4427 auzem
1145 4372 1342 4429 itinere
1370 4370 1643 4435 coniecto,
1665 4368 1719 4427 in
1742 4370 1895 4425 littus
1922 4384 1990 4424 ex

405 4482 433 4521 η
463 4468 638 4519 Iverso
662 4462 1141 4532 Constantinopoli
1167 4461 1237 4517 ad
1263 4462 1663 4520 Chalcedonem
1703 4478 1827 4517 cum
1857 4462 1990 4523 reli-

406 4558 553 4626 quiis
579 4555 755 4611 sancti
784 4555 886 4609 viri
926 4570 1251 4625 pervenere,
1285 4554 1504 4611 transiit
1544 4569 1612 4613 eo
1665 4555 1986 4625 imperator,

2097 2040 2245 2105 λεύς.
2302 2042 2518 2115 Νεκρδν
2552 2044 2757 2113 ὁμοίως
2806 2048 2922 2108 τοῖς
2968 2044 3155 2102 ἄλλοις
3197 2045 3258 2099 τδ
3307 2045 3466 2115 σῶμα
3489 2046 3549 2099 τὸ
3580 2047 3671 2099 σὺν
3746 2046 3753 2049 ’

2097 2132 2423 2204 νομίσαντες
2469 2131 2634 2201 εἶναι,
2679 2136 2866 2207 Πάτερ
2916 2137 3093 2205 τίμιε,
3146 2138 3518 2208 μετακομίσαι
3572 2139 3671 2209 μὲν

2096 2226 2230 2281 αὐτὸ
2259 2229 2354 2281 καὶ
2379 2228 2457 2292 ὡς
2497 2230 2648 2300 ἡμᾶς
2683 2230 2918 2298 ἀγαγεῖν
2956 2224 3046 2284 οἷα
3079 2231 3272 2292 παῖδες
3307 2231 3672 2302 φιλοπάτορες

2095 2318 2403 2392 ἐποθοῦμεν
2430 2338 2446 2354 ·
2474 2322 2538 2376 ού
2561 2324 2662 2393 τὴν
2697 2324 3088 2394 προσήκουσαν
3120 2325 3177 2381 δδ
3207 2324 3429 2387 πάντως
3472 2326 3665 2397 τιμὴν,

2093 2413 2215 2467 οὐδὲ
2234 2414 2360 2468 ὅσον
2394 2414 2503 2470 ἔδει
2533 2415 2593 2469 τὸ
2627 2416 2978 2489 ύποδεδηκδς
3012 2422 3071 2473 ἐν
3095 2419 3272 2491 τούτῳ
3313 2421 3409 2473 καὶ
3443 2420 3668 2490 μέτριον

2096 2506 2526 2578 εἰσηνέγκαμεν,
2580 2507 2754 2577 τύφου
2803 2510 2947 2580 τάχα
2982 2510 3267 2580 βασιλικοῦ
3296 2511 3488 2581 νόμοις
3540 2513 3674 2565 ἀκο-

2095 2597 2417 2665 λουθοῦντες
2452 2601 2511 2654 ἐν
2554 2604 2666 2666 τοῖς
2695 2603 2880 2674 πολλῷ
2928 2605 3119 2673 μεῖζον
3150 2604 3183 2676 ἢ
3213 2603 3465 2677 βασιλείᾳ
3498 2604 3670 2672 τιμᾶ-

2099 2691 2223 2748 σθαι
2268 2693 2526 2760 δικαίοις.
2569 2697 2680 2749 Καὶ
2725 2698 2812 2751 διὰ
2850 2697 3012 2751 τοῦτο
3040 2699 3174 2766 γοῦν
3206 2698 3302 2760 καὶ
3346 2697 3441 2753 τοῦ
3475 2698 3671 2752 ποθου-

2098 2789 2267 2859 μένου
2298 2788 2522 2853 δικαίως
2552 2790 2903 2861 ἡμάρτομεν.
2939 2790 3101 2845 Ἀλλὰ
3129 2789 3192 2844 σύ
3218 2807 3307 2859 γε,
3337 2791 3522 2860 Πάτερ
3542 2790 3657 2843 Πα-

2092 2881 2517 2954 τέρων’ἀληθῶς
2551 2883 2896 2954 τιμιώτατε,
2954 2883 3052 2939 νῦν
3119 2880 3230 2955 γὰρ
3270 2883 3346 2948 ὡς
3396 2882 3575 2949 ζῶντά
3607 2898 3669 2935 σε

2094 2972 2617 3045 προσφθεγγόμεθα,
2667 2973 2806 3046 πρὸς
2843 2973 2939 3028 τὸν
2973 2974 3130 3045 ἡμῶν
3158 2974 3352 3039 πόθον,
3411 2972 3485 3044 μὴ
3531 2971 3670 3044 πρὸς

2093 3069 2193 3139 τὴν
2227 3069 2327 3131 σὴν
2352 3070 2670 3140 ἐγχείρησιν
2708 3069 3048 3139 ἀποϐλέψας,
3090 3068 3377 3139 σύγγνωθι
3432 3083 3672 3138 μεταμε-

2093 3158 2372 3229 λομένοις,
2407 3162 2436 3214 ὁ
2466 3159 2561 3214 καὶ
2591 3160 2691 3232 τὴν
2722 3160 3021 3229 μετάνοιαν
3065 3161 3115 3215 εί
3139 3160 3234 3216 καί
3261 3176 3352 3225 τις
3383 3160 3539 3222 ἄλλος
3574 3157 3668 3212 καὶ

2082 3250 2352 3323 διδάξας,
2389 3253 2541 3324 ἡμᾶς
2573 3269 2633 3305 τε
2685 3251 2989 3319 κρατύνας,
3037 3254 3136 3308 καὶ
3188 3253 3440 3313 παιδείαν
3477 3255 3669 3326 ἱκανὴν

2091 3347 2253 3401 τοῦτο
2291 3349 2510 3418 κρίνας,
2561 3346 2807 3421 ποθούσῃ
2855 3347 3005 3421 ψυχῇ
3059 3350 3159 3405 καὶ
3205 3348 3301 3404 τοῦ
3353 3349 3669 3418 σφάλματος

2093 3440 2498 3512 ἐπαισθομένη,
2525 3443 2626 3512 τὴν
2673 3442 2838 3513 μέχρι
2868 3441 2964 3495 τοῦ
2990 3442 3088 3495 νῦν
3118 3442 3221 3512 τῆς
3269 3442 3533 3496 ἐπανόδου
3565 3440 3668 3510 τῆς

2096 3538 2196 3608 σῆς
2227 3536 2545 3591 ἀνάνευσιν.
2588 3538 2807 3605 Ἐπίδος
2860 3540 3115 3605 σεαυτὸν,
3150 3538 3353 3601 ἐπίδος.
3402 3538 3511 3592 Καὶ
3557 3539 3665 3608 γὰρ

2093 3630 2152 3683 τὸ
2203 3630 2412 3683 πλείονι
2450 3629 2751 3701 βραδυτῆτι
2793 3631 2889 3684 καὶ
2924 3630 3218 3689 ἀναδολαῖς
3263 3632 3412 3700 ἡμᾶς
3445 3629 3525 3684 ἔτι
3560 3647 3663 3699 μα-

2094 3720 2271 3787 στίξαι
2321 3718 2447 3776 οὒτε
2488 3720 2600 3772 τῶν
2649 3709 2982 3791 σπλάγχνλυν
3039 3721 3150 3777 τῶν
3192 3719 3342 3787 σῶν,
3392 3719 3515 3775 οῦτε
3559 3720 3668 3774 τῶν

2092 3811 2330 3881 φίλτρων
2358 3812 2465 3867 τῶν
2490 3812 2786 3884 ἡμετέρων
2830 3812 2981 3882 ἀξιον
3000 3829 3017 3846 ο
3046 3812 3102 3867 οἴ
3133 3829 3197 3884 γε
3231 3814 3326 3867 καὶ
3359 3813 3520 3867 σκιὰν
3565 3815 3667 3881 σὴν

2095 3903 2291 3974 μόνην,
2349 3906 2426 3975 μὴ
2483 3905 2545 3957 τό
2601 3920 2665 3973 γε
2728 3905 2890 3975 σῶμα
2920 3906 3020 3962 καὶ
3069 3907 3246 3970 κόνιν,
3290 3903 3666 3974 ἐπιποθοῦμεν

2091 3996 2347 4067 ὄψεσθαι.
2394 4014 2413 4049 ι
2444 3996 2529 4053 Τὰ
2561 3995 2662 4067 μὲν
2709 3995 2803 4051 οῦν
2853 3997 3166 4067 γράμματα
3218 3996 3412 4051 ταῦτα’
3454 3999 3575 4051 ἐπεὶ
3611 3996 3666 4048 δὲ

2091 4091 2192 4161 τὴν
2226 4090 2435 4161 μεταξὺ
2492 4091 2678 4150 πᾶσαν
2734 4090 2854 4143 ὁδόν
2912 4091 3275 4154 διανύσαντες
3300 4131 3316 4157 ,
3348 4093 3443 4144 καὶ
3480 4091 3537 4152 ἐς
3570 4090 3667 4159 τὴν

2091 4183 2434 4259 καταντικρὺ
2488 4180 2590 4249 τῆς
2648 4181 2978 4245 Βυξαντίδος
3039 4181 3149 4252 πρὸ
3175 4184 3277 4252 τῆς
3325 4181 3664 4251 Χαλκηδόνος

2092 4281 2457 4354 κατήχθησαν
2487 4281 2746 4353 ήπειρον,
2810 4279 3139 4349 περαιοῦται
3198 4281 3297 4350 μὲν
3341 4282 3370 4334 ό
3419 4279 3666 4351 βασιλεὺς

2092 4377 2191 4431 καὶ
2228 4380 2262 4449 ἡ
2302 4379 2433 4449 περὶ
2465 4378 2632 4431 αὑτὸν
2666 4377 3000 4449 σύγκλητος⁶
3034 4376 3366 4445 περαιοῦται
3411 4376 3470 4430 δὲ
3511 4375 3605 4428 καὶ
3637 4376 3665 4428 ό

2095 4472 2457 4544 πατριάρχης
2505 4471 2601 4525 καὶ
2640 4471 2766 4525 ὅσον
2802 4470 2937 4541 περὶ
2968 4470 3029 4524 τὸ
3076 4470 3249 4541 βῆμα·
3292 4469 3485 4524 ἔπειτα
3513 4469 3666 4537 γένος

2094 4562 2244 4616 ἅπαν
2282 4563 2379 4616 καὶ
2406 4562 2597 4633 ήλικία
2643 4564 2819 4627 πᾶσα,
2851 4564 2929 4625 ὡς
2967 4561 3186 4632 ἠπείρῳ
3218 4560 3296 4631 τῷ
3326 4559 3551 4629 πελάγει
3581 4557 3666 4612 διὰ

406 4669 454 4707 υι
491 4660 718 4708 senatus
754 4651 1144 4721 imperatorius
1169 4668 1183 4705 :
1211 4650 1429 4704 transiit
1454 4651 1621 4703 etiam
1654 4648 1988 4718 patriarcha,

2093 4653 2205 4713 τῶν
2235 4653 2556 4724 πορθμείων
2586 4654 2957 4724 χρησάμενοι,
2991 4652 3088 4706 καὶ
3133 4653 3195 4705 τὸ
3236 4650 3377 4721 πρὸς
3407 4653 3474 4720 τῇ
3522 4650 3663 4720 Προ-

405 4756 460 4799 ιιι
496 4745 831 4808 sacerdotes,
859 4743 1156 4813 clerusque
1184 4740 1570 4812 omnis,538
1589 4740 1787 4795 deinde
1819 4754 1985 4811 gene-

408 4840 484 4894 ris
531 4846 587 4893 et
641 4838 820 4891 aetatis
847 4835 1099 4896 homines
1123 4836 1320 4893 omnis.
1347 4849 1445 4904 per
1483 4832 1685 4888 fretum
1741 4833 1795 4887 in
1847 4831 1987 4885 mari

409 4930 639 5001 perinde
679 4939 845 4998 atque
887 4929 938 4981 in
986 4928 1305 4983 centinente
1345 4926 1632 4990 vadentes,
1662 4933 1719 4980 et
1748 4924 1814 4978 ad
1858 4924 1990 4979 Pro-

406 5024 688 5093 pontidem
723 5037 785 5075 os
806 5020 1033 5088 Bosmri
1058 5020 1381 5077 ardentibus
1402 5019 1683 5075 funalibus
1719 5027 1984 5089 tegentes,

403 5132 623 5171 sacrum
655 5114 895 5169 loculum
924 5115 1275 5183 imperatoria
1311 5113 1551 5167 triremis
1576 5113 1815 5183 excepit.
1843 5111 1984 5166 Tum

406 5225 539 5265 sane
591 5206 916 5262 miraculum
956 5207 1231 5275 quoddam
1281 5206 1456 5259 edidit
1498 5205 1663 5268 Deus,
1720 5204 1988 5275 prodigiis

406 5320 528 5373 qua:
581 5316 825 5371 unquam
868 5300 980 5356 visa
1013 5309 1142 5354 sunt
1198 5300 1358 5369 longe
1411 5299 1605 5370 majus.
1647 5298 1784 5354 Cum
1837 5297 1985 5352 enim

405 5409 559 5454 certa
609 5406 667 5454 et
722 5404 982 5451 constans
1015 5394 1244 5449 essetin
1286 5394 1424 5448 mari
1474 5392 1860 5463 tranquillitas,
1896 5405 1986 5445 re-

407 5494 632 5561 pentina
673 5489 858 5546 subito
897 5497 1088 5543 exorta
1123 5497 1207 5544 est
1237 5488 1501 5558 procella,
1538 5497 1594 5541 et
1624 5501 1792 5539 naves
1826 5484 1990 5538 innu-

407 5584 692 5641 merabilis
727 5583 877 5639 illius
903 5581 1094 5637 classis
1129 5581 1248 5635 alia:
1279 5580 1388 5633 alio
1416 5577 1649 5633 diversa:
1671 5577 1833 5632 saluti
1874 5592 1988 5631 suae

405 5680 760 5736 consulentes
785 5678 1049 5747 dispersae
1090 5684 1241 5730 sunt.
1275 5675 1350 5729 Ea
1397 5681 1578 5727 autem
1611 5688 1733 5742 quae
1762 5685 1983 5726 sacrum

407 5771 542 5827 illud
584 5769 803 5842 pondus
824 5776 879 5824 et
914 5767 1236 5837 praeclarum
1272 5765 1590 5819 thesaurum
1613 5762 1853 5818 vehebat
1883 5763 1985 5817 im-

408 5863 678 5932 peratoris
703 5861 966 5925 triremis,
998 5859 1225 5914 funibus
1257 5858 1556 5928 derepente
1592 5859 1788 5927 ruptis,
1813 5857 1983 5912 veluti

406 5957 593 6014 divina
639 5958 938 6028 gula-rnatu
969 5969 1132 6008 manu
1164 5952 1228 6007 ad
1282 5952 1459 6007 viduae
1489 5968 1676 6024 agrum
1726 5953 1935 6022 appulit
1966 5968 1979 6005 :

2093 4746 2309 4799 ποντίδι
2357 4746 2452 4799 τοῦ
2508 4746 2792 4819 Βοσπόρου
2843 4745 3020 4815 στόμα
3048 4746 3172 4807 ταῖς
3214 4744 3467 4813 λαμπάσι
3502 4758 3666 4795 κατα-

2089 4837 2465 4910 κρυψάμενοι.
2499 4836 2614 4891 Καὶ
2637 4837 2703 4908 δὴ
2730 4838 2830 4908 τὴν
2865 4837 2965 4906 μέν
3019 4837 3173 4889 θείαν
3225 4835 3384 4907 σορὸν
3436 4835 3469 4903 ή
3506 4832 3661 4903 βασι-

2091 4929 2221 5001 λικὴ
2245 4934 2482 5003 τριήρης
2512 4930 2840 5001 εἰσδέχεται.
2891 4929 3029 4983 Τότε
3064 4930 3127 5000 δὴ
3162 4928 3579 4998 θαυματουργεῐ
3609 4942 3663 4977 τι

2092 5023 2248 5090 Θεὸς,
2288 5022 2399 5075 τῶν
2450 5021 2676 5076 πώποτε
2709 5020 3024 5094 γενομόνων
3067 5019 3523 5088 παραδοξότερον.
3577 5017 3665 5071 Ἐν

2092 5120 2200 5189 γὰρ
2232 5119 2481 5189 σταθηρᾷ
2515 5118 2728 5188 γαλήνῃ
2779 5117 2881 5186 τῆς
2920 5116 3206 5186 θαλάσσης
3238 5115 3662 5182 καθεστηκυίας,

2093 5211 2359 5276 ἐμπίπτει
2392 5211 2490 5278 μὲν
2520 5210 2717 5280 ἀθρόον
2751 5211 3008 5277 καταιγὶς
3042 5207 3120 5278 τῷ
3170 5206 3408 5274 πελάγει
3433 5247 3449 5273 ,
3476 5204 3571 5259 καὶ
3597 5204 3666 5257 τὰ

2098 5300 2200 5368 μὲν
2239 5300 2424 5363 πλοῖα,
2477 5299 2575 5354 καὶ
2621 5303 2649 5353 ὁ
2685 5299 2989 5373 μυριόναυς
3050 5299 3236 5358 στόλος
3288 5297 3494 5359 ἐκεῖνος
3539 5294 3666 5350 ἄλλο

2093 5392 2331 5462 ἀλλαχοῦ
2364 5392 2725 5458 διεσκίδνατο,
2776 5392 2878 5462 τὴν
2939 5391 3216 5461 σωτηρίαν
3279 5386 3666 5459 πραγματευόο

2095 5503 2235 5557 μενα
2262 5502 2276 5517 ο
2327 5486 2361 5555 ή
2409 5484 2466 5537 δέ
2505 5483 2597 5538 τὸν
2647 5483 2794 5555 ἱερὸν
2827 5485 3038 5536 ἐκεῖνον
3072 5482 3270 5552 φόρτον
3300 5479 3504 5533 καὶτὸν
3534 5477 3666 5530 ενδι-

2090 5595 2188 5631 κον
2231 5574 2508 5645 θησαυρὸν
2537 5575 2920 5645 ἐπιφερομένη
2951 5573 3190 5645 τριήρης
3236 5569 3489 5642 βασιλικὴ
3509 5609 3524 5634 ,
3555 5567 3663 5622 τῶν

2090 5669 2275 5723 κάλων
2305 5669 2504 5738 αἴφνης
2533 5668 2949 5739 διαρραγέντων
2973 5707 2988 5731 ,
3025 5663 3117 5720 οἷά
3157 5682 3265 5719 τινι
3307 5665 3428 5735 θείᾳ
3465 5664 3664 5730 κυϐερ-

2093 5762 2318 5831 νωμένη
2357 5761 2545 5831 χειρὶ,
2578 5761 2657 5830 τῷ
2706 5761 2808 5826 τῆς
2863 5763 3043 5830 χήρας
3095 5756 3452 5827 προσοκέλλει
3484 5752 3660 5823 ἀγρῷ·

2094 5858 2275 5927 χήρας
2302 5856 2546 5925 ἐκείνης,
2577 5852 2646 5907 δι’
2680 5852 2748 5925 ἢν
2780 5854 2814 5922 ἡ
2853 5852 3043 5923 νύμφη
3082 5849 3325 5921 Χριστοῦ
3370 5846 3664 5914 Ἐκκλησία

2094 5948 2189 6002 τοῦ
2227 5947 2482 6001 τοσούτςυ
2511 5946 2767 6017 ποιμένος
2794 5946 3085 6017 ἐχήρευσε.
3127 5946 3237 5998 Καὶ
3265 5941 3473 6008 δικάζει
3498 5938 3661 5994 πάλιν
