4092 6462
471 398 609 462 1215

1704 397 1754 459 Ν
1768 394 2135 461 lCEPHORI
2177 392 2521 459 GALLIS“

3602 394 3737 458 19.16

468 515 659 564 essent
718 507 947 575 faceret,
997 507 1206 580 pietate
1257 523 1357 566 sua
1412 509 1709 580 indignum
1759 511 1939 578 duxit,
1982 511 2066 567 vel

2172 508 2288 571 λοις
2319 510 2421 580 τὴν
2474 508 2603 579 περὶ
2635 507 2816 562 αὐτῶν
2852 507 3171 578 ἐπιτρέπειν
3196 508 3346 574 θέαν,
3384 509 3544 565 αὑτὸν
3580 512 3625 567 δ’
3650 506 3738 567 ἐπ’

471 602 594 656 illos
624 603 691 656 ad
722 617 780 656 se
816 602 1074 657 tranferri
1103 619 1324 668 curare,
1350 603 1435 658 vel
1476 604 1616 658 alios
1646 603 1712 659 ad
1743 618 1838 659 eos
1866 602 2058 658 viden-

469 691 571 747 dos
607 693 850 758 mittere,
881 693 1061 764 ipsum
1096 706 1281 750 autetn
1318 694 1466 750 domi
1516 711 1741 751 manere
1772 714 1785 750 :
1817 698 2057 751 alterum

470 785 618 839 enim
650 788 1006 856 arrogantia),
1039 788 1273 844 alterum
1308 796 1495 844 autem
1531 790 1799 845 socordia:
1829 790 2058 844 omnino

468 893 591 932 esse
637 877 927 947 judicavit.
976 880 1044 934 Et
1071 879 1260 936 'rebns
1314 882 1597 946 onmibus,
1639 898 1756 952 prae
1796 897 1860 936 eo
1897 890 1955 935 ut
1988 880 2057 935 ad

472 970 599 1023 illos
645 971 881 1035 veniret,
930 973 1287 1042 contemptis,
1331 988 1497 1043 quam
1543 974 1726 1041 potuit
1769 973 2058 1028 celerrime

474 1059 749 1128 Ephesum
802 1065 1110 1123 contendit.
1148 1074 1317 1134 atque
1370 1066 1448 1121 ibi
1490 1065 1709 1120 illorum
1752 1052 2058 1135 conspectu

470 1166 530 1204 se
562 1150 883 1217 oblectavit,
918 1163 975 1206 et
1006 1170 1132 1208 cum
1167 1155 1248 1209 eis
1280 1156 1609 1217 collocutus.
1642 1165 1699 1210 et
1731 1155 1798 1210 ad
1836 1156 2061 1210 satieta-

474 1254 582 1298 tem
616 1246 1025 1302 consuetudine
1067 1263 1264 1301 eorum
1305 1263 1441 1304 usus
1467 1256 1553 1303 est
1587 1264 1601 1303 :
1636 1259 1751 1302 tum
1782 1258 1970 1303 autem
2000 1249 2055 1302 in

470 1338 753 1391 communi
800 1340 968 1395 etiam
1014 1356 1202 1396 mensa
1251 1356 1377 1396 cum
1432 1342 1536 1405 eis,
1577 1342 1651 1397 ita
1689 1353 1747 1397 ut
1786 1358 1886 1412 par
1914 1349 2056 1405 erat,

472 1431 657 1486 cibum
709 1433 878 1502 cepit,
914 1443 1238 1502 septemque
1288 1442 1433 1488 totos
1476 1434 1595 1488 dies
1635 1450 1760 1489 cum
1804 1434 1887 1489 eis
1929 1433 2058 1500 fuit,

472 1536 639 1576 omne
671 1525 753 1575 eis
783 1538 931 1578 cura!
967 1532 1022 1578 et
1065 1524 1230 1579 ollicii
1265 1540 1441 1595 genus
1473 1534 1758 1595 pnestans.
1793 1524 1895 1579 Ubi
1926 1540 2058 1580 vero

470 1614 636 1666 etiam
683 1613 935 1684 longiore
984 1632 1180 1671 rursus
1229 1632 1427 1671 somno
1469 1624 1525 1671 et
1568 1617 1722 1672 obitu
1768 1626 1960 1673 sancto
1999 1617 2058 1672 in

470 1705 695 1759 Christo
739 1706 1188 1772 obdormierunt,
1226 1708 1417 1763 debito
1462 1724 1560 1763 eos
1606 1716 1931 1778 prosecutus
1973 1717 2060 1764 est

474 1799 685 1853 honore
722 1815 735 1852 :
774 1810 830 1854 et
879 1799 1143 1870 praeclaro
1178 1816 1241 1855 ea
1281 1801 1349 1856 de
1395 1815 1559 1855 causa
1596 1801 1878 1870 triumpho
1908 1809 2054 1865 acto,

2160 601 2316 657 οἴκου
2368 602 2579 673 μένειν·
2624 601 2688 654 τδ
2737 602 2839 670 μὲν
2892 601 3002 671 γὰρ
3055 601 3391 672 ύπεροψὲας,
3428 604 3655 675 θάτερον
3679 606 3738 660 δέ

2163 693 2446 765 ῥᾳθυμίας
2496 693 2763 763 ἄντικρυς
2793 687 2934 747 εἶναι
2966 693 3170 764 ἔκρινε.
3205 694 3393 749 Πάντα
3421 696 3478 749 δέ
3510 696 3739 769 δεύτερα

2158 784 2261 852 τῆς
2317 785 2458 857 πρὸς
2509 785 2755 849 ἐκείνους
2800 783 3040 855 ἀφίξεως
3093 786 3488 857 λογισάμενος,
3518 789 3593 852 ὡς
3621 787 3738 861 εἶχε

2158 875 2383 945 τάχους,
2424 876 2524 946 τῆς
2569 876 2709 947 πρὸς
2756 876 2860 946 τὴν
2904 878 3143 945 Ἔφεσον
3168 880 3393 949 ἥπτετο.
3425 882 3533 934 Καὶ
3559 881 3739 935 τοίνυν

2158 965 2261 1035 τῆς
2312 964 2545 1019 ἐκείνων
2592 968 2936 1039 ἐμφορηθεὶς
2988 967 3195 1037 ὅψεως,
3226 969 3403 1037 λόγων
3445 989 3506 1024 τι
3552 989 3742 1027 κοινω-

2161 1057 2355 1126 νήσας,
2384 1062 2483 1111 καὶ
2528 1056 2632 1123 τῆς
2665 1057 2897 1128 ἡδίστης
2934 1059 3151 1128 ὁμιλίας
3187 1061 3415 1115 ἐκείνων
3464 1063 3545 1126 είς
3578 1063 3739 1133 κόρον

2162 1146 2510 1216 μεταλαϐὼν,
2546 1149 2733 1217 κοινῆς
2760 1166 2821 1202 τε
2852 1148 3134 1221 τραπέζης
3166 1153 3554 1223 προσηκόντως
3595 1153 3741 1215 ἐκείτ

2159 1258 2274 1299 νοις
2314 1241 2746 1312 συμμετασχὼν,
2803 1242 3042 1314 ἑϐδόμην
3097 1245 3315 1314 ἡμέραν
3376 1244 3559 1308 αὐτοῖς
3614 1263 3739 1299 συν-

2158 1332 2416 1402 διήγαγε.
2458 1333 2766 1403 θεραπείας
2807 1335 2993 1405 πάσης
3022 1335 3320 1399 καταξιῶν.
3372 1336 3528 1390 Ἐπεὶ
3556 1337 3614 1390 δέ
3641 1338 3738 1391 καὶ

2159 1423 2252 1477 τὸν
2288 1428 2504 1495 μακρὸν
2531 1426 2702 1480 ὕπνον
2729 1423 2885 1488 αὖθις
2912 1427 3047 1496 ὁσίῳ
3071 1427 3218 1481 τέλει
3246 1428 3304 1481 ἐν
3335 1427 3529 1499 Κυρίῳ
3555 1429 3737 1485 κεκοί-

2162 1534 2387 1589 μηνται,
2419 1522 2551 1592 τιμῇ
2581 1523 2648 1589 τῇ
2672 1521 3030 1592 προσηκούσῃ
3059 1518 3249 1588 ἐτίμα,
3284 1522 3564 1592 περιφανῆ
3593 1538 3736 1575 κατ-

2158 1608 2310 1677 άγων
2370 1611 2458 1664 ἐπ’
2506 1612 2740 1675 ἐκείνοις
2790 1613 2881 1666 τὸν
2934 1612 3227 1683 θρίαμϐονο
3307 1611 3738 1683 μεγαλοπρεπῶς

2157 1718 2220 1754 τε
2256 1698 2415 1765 αὖθις
2449 1707 2526 1774 τῷ
2575 1704 2833 1776 σπηλαίῳ
2861 1705 3155 1773 κηδεύσας,
3189 1705 3284 1760 ἐπὶ
3321 1706 3420 1776 τὴν
3453 1707 3740 1761 Κωνστανο

2159 1794 2311 1846 τίνου
2382 1795 2550 1850 πάλιν
2603 1797 2941 1867 ὑπέστρεφε.
3005 1796 3318 1852 Κάντεῦθεν
3374 1799 3409 1869 ἡ
3465 1796 3594 1869 περὶ
3644 1795 3738 1851 τοῦ

476 1888 875 1960 nzagttiliceque
913 1908 1135 1947 rursum
1173 1892 1254 1948 eis
1296 1891 1353 1947 in
1393 1904 1554 1948 antro
1595 1893 1878 1963 repositis.
1909 1891 2056 1948 Con-

2166 1887 2439 1957 δόγματος
2487 1859 2909 1960 ἀμφισϐήτησις
2971 1891 3156 1960 ἔληγεο
3216 1859 3677 1963 δῆλον.γὰρ’ἦνο
3710 1890 3739 1942 ό

472 1983 891 2052 stantinopolim
928 1993 1013 2038 est
1055 2001 1335 2041 reversus.
1366 1986 1442 2041 Ea
1480 2001 1539 2040 re
1569 1986 1804 2056 quaastio
1830 1984 1899 2040 de
1930 1984 2065 2055 dog-

476 2082 622 2129 mate
650 2076 828 2145 sopita
858 2084 967 2132 est.
995 2075 1144 2131 Satis
1169 2078 1316 2131 enim
1349 2079 1663 2143 constabat,
1691 2076 1786 2146 qui
1819 2084 1879 2134 ut
1906 2076 2063 2146 pueri

477 2166 553 2219 ilii
606 2175 687 2220 tot
737 2182 935 2234 annos,
973 2169 1143 2223 veluti
1195 2179 1416 2224 noctem
1457 2184 1623 2227 unam
1664 2170 1819 2225 nullo
1863 2184 2062 2239 corpo-

478 2274 598 2313 rum
629 2259 965 2316 detrimento
997 2263 1348 2331 quiescentes
1388 2272 1765 2334 superessent,
1794 2263 2062 2330 eﬂecerit,

475 2367 686 2421 eosque
721 2370 829 2408 una
868 2371 991 2412 cum
1025 2357 1316 2412 anintabus
1341 2358 1620 2424 excitarit,
1678 2374 1809 2413 eum
1840 2372 2063 2428 quoque

478 2446 767 2513 potestatis
814 2461 929 2501 sua:
976 2446 1338 2516 abundantia,
1383 2465 1580 2506 omnes
1630 2451 1886 2507 homines
1935 2466 2063 2505 cum

474 2537 612 2599 suis,
646 2553 753 2592 non
787 2538 983 2595 alienis
1015 2541 1367 2610 corporibus,
1392 2544 1447 2597 in
1481 2552 1762 2598 momento
1792 2558 1926 2608 uno,
1951 2541 2065 2597 vel-

480 2627 558 2681 nti
596 2643 661 2681 ex
699 2644 917 2694 somno,
952 2639 1200 2702 tempore
1245 2647 1348 2687 suo
1390 2633 1760 2689 excitaturum
1801 2648 1921 2690 esse
1960 2634 2064 2706 (1).

476 2717 603 2774 11ωο
638 2719 926 2776 hactenus.

928 2837 1090 2911 543
1139 2839 1377 2899 CAPUT
1431 2840 1615 2900 XLVI.

476 2952 564 3006 D:
583 2954 834 3031 marimis
866 2957 1251 3031 terra-motibus
1272 2971 1291 3010 :
1313 2966 1449 3031 etut
1478 2968 1762 3028 propterea
1788 2958 1845 3012 in
1874 2973 2063 3031 campo

545 3023 961 3100 supplicationes
1010 3027 1226 3100 (actia:
1264 3030 1454 3100 quibus
1479 3023 1617 3083 'cuin
1670 3032 1961 3097 imperator
1997 3023 2063 3085 ἐι

554 3092 777 3147 I‘roclus
807 3092 1035 3170 adesset,
1066 3098 1239 3153 subito
1276 3092 1410 3166 puer
1438 3101 1494 3153 in
1543 3117 1717 3155 aerem
1744 3092 2058 3170 surreptas,

549 3175 630 3217 ter
659 3175 906 3241 sagtctum
939 3168 1190 3241 hymnum
1220 3170 1529 3241 audiuerit:
1566 3172 1622 3225 id
1654 3170 1794 3241 quod
1818 3170 1896 3224 ita
1918 3168 2064 3227 'rur-

545 3252 663 3287 sum
701 3220 1185 3303 demissusupopulo
1222 3220 1523 3303 ’ἐξιεὶιεῖζᾶ
1761 3220 2061 3298 “concidens
2091 3220 2134 3279 α

548 3307 957 3384 ρπερέναυίιλεξι
985 3320 1041 3384 ut
1073 3310 1393 3384 Theodosius
1421 3312 1602 3366 urbem
1635 3312 1927 3378 renovarit,
1945 3314 2066 3384 plu-

550 3390 716 3447 raque
745 3377 971 3446 azdi/icia
1000 3379 1296 3436 Antiochia
1328 3385 1710 3438 construxerit.

549 3623 750 3680 Adhuc
770 3626 1119 3683 Theodosius
1152 3629 1481 3700 imperabat,
1503 3641 1559 3687 et
1590 3643 1751 3689 terrae
1779 3642 1963 3701 motus
1986 3633 2063 3705 (1)

480 3732 715 3787 magnus
746 3726 801 3772 et
837 3718 1199 3776 admirandus
1231 3723 1467 3789 exstitit,
1499 3725 1595 3793 qui
1626 3725 1841 3794 priores
1872 3740 2066 3780 omnes

390 3806 398 3815 ’
481 3811 891 3879 magnitudine,
934 3814 1223 3869 celeritate
1276 3823 1335 3869 et.
1383 3816 1652 3880 temporis
1697 3817 2066 3874 diuturnitate

482 3903 643 3958 facile
669 3904 973 3973 superavit.
1005 3904 1139 3959 Nam
1168 3905 1234 3960 ad
1267 3921 1488 3962 menses
1511 3922 1602 3962 sex
1632 3908 1867 3963 maxime
1897 3908 2067 3963 dura-

482 3994 584 4055 vit.
614 4005 669 4049 et
696 4011 804 4049 non
832 4011 900 4049 ex
930 3997 1240 4062 intervallo,
1270 3999 1365 4054 sed
1398 4008 1550 4053 motu
1586 4001 1853 4056 continuo
1880 4003 2067 4058 omnia

484 4089 788 4152 ομιιοιιεείι,
820 4089 991 4161 idque
1025 4107 1125 4161 per
1153 4092 1343 4147 orbem
1376 4093 1492 4149 fere
1528 4096 1849 4150 universum
1885 4114 1899 4150 :
1930 4096 2069 4152 adeo

484 4190 548 4235 nt
582 4197 692 4236 non
732 4183 911 4238 solum
969 4185 1024 4240 in
1077 4186 1212 4243 urbe
1254 4186 1561 4257 imperante
1610 4198 1792 4246 turres
1833 4190 1889 4245 in
1928 4206 2067 4261 pra-

485 4287 620 4342 ceps
669 4273 855 4341 ierint,
898 4285 953 4330 et
993 4292 1187 4349 murus
1229 4278 1401 4335 variis
1444 4281 1497 4335 in
1545 4281 1684 4336 locis
1732 4290 1930 4352 ruptus
1974 4281 2069 4347 sit,

484 4380 682 4420 verum
740 4368 905 4422 etiam
964 4371 1109 4425 circa
1162 4370 1571 4429 Chersonesum
1621 4370 1937 4440 aediﬁcium,
2013 4373 2070 4429 id

486 4457 632 4525 quod
675 4460 886 4529 μακρὸν
917 4464 1118 4534 τεῖχος,
1162 4462 1267 4520 hoc
1295 4474 1378 4520 est
1424 4465 1648 4538 longum
1681 4483 1928 4531 murum,
1975 4483 2072 4521 vo-

2164 1980 2277 2050 γὰρ
2322 1979 2564 2034 τοσαῦτα
2610 1980 2708 2051 ἐτη
2764 1982 2841 2046 ὼς
2900 1983 3032 2052 μίαν
3083 1982 3255 2037 νύκτα
3314 1982 3740 2052 παρασκευάσας

2164 2079 2296 2141 τοὺς
2322 2079 2525 2143 παῖδας
2557 2079 2900 2148 διαϐιϐάσαι,
2937 2083 3012 2150 μή
3038 2097 3091 2133 τι
3123 2079 3302 2148 λύμης
3335 2077 3741 2147 μετεσχηκότας

2162 2176 2277 2238 τοῖς
2317 2174 2590 2243 σώμασιν,
2637 2173 2775 2228 ἀλλὰ
2833 2173 3052 2243 σύναμα
3105 2175 3226 2236 ταῖς
3265 2172 3467 2241 ψυχαῖς
3511 2170 3731 2232 τούτους

2165 2267 2573 2338 ἐξαναστήσας,
2613 2266 2775 2335 δῆλος
2802 2265 2868 2318 ἂν
2900 2264 3010 2334 εἴη,
3043 2263 3118 2328 ὡς
3165 2265 3258 2318 καὶ
3291 2263 3501 2324 πάντας
3534 2259 3742 2329 ἀνθρώο

2163 2375 2299 2420 πους
2351 2356 2647 2430 περιουσίᾳ
2698 2357 2982 2426 δυνάμεως
3038 2357 3179 2425 μετὰ
3234 2353 3342 2407 τῶν
3401 2352 3616 2406 οίκείων
3645 2353 3742 2406 καὶ

2163 2450 2267 2503 ούκ
2303 2451 2606 2521 ἀλλοτρίων
2646 2452 2920 2521 σωμάτων
2952 2450 3171 2512 πάντως
3206 2447 3567 2516 ὲξαναστήσει
3603 2446 3740 2499 ἀκαο

2167 2540 2385 2611 ριαίως,
2425 2540 2618 2613 ῶσπερ
2662 2541 2725 2606 ἐξ
2780 2540 2974 2606 ὕπνου,
3026 2538 3207 2613 καιρῷ
3262 2540 3346 2611 τῷ
3389 2539 3738 2611 προσήκοντι.

2165 2633 2279 2690 Καὶ
2337 2634 2468 2706 περὶ
2506 2634 2608 2705 μὲν
2642 2635 2851 2689 τούτων
2883 2632 3080 2698 οὕτως.

2732 2839 2989 2896 ΚΕΦΑΔ.
3020 2837 3171 2908 Μετ’.

2164 2954 2304 3035 Περὶ
2338 2953 2459 3035 ζῶν)
2489 2956 2829 3035 τριτον-όταν
2860 2955 3147 3035 ἐξαισίων
3176 2928 3483 3035 σξιᾷμῶτ·
3526 2951 3623 3007 καί
3659 2951 3740 3033 ὡς

2234 3024 2407 3093 λιτῆς
2431 3023 2504 3080 ἐκ
2522 3023 2602 3090 τῷ
2627 3025 2842 3094 κάμπφ
2863 3024 3192 3095 γινομένης
3208 3023 3307 3078 διὰ
3337 3023 3606 3095 τούτους,
3636 3023 3740 3074 τοῦ

2237 3113 2303 3149 τε
2327 3095 2644 3172 βασιλέως
2795 3093 3077 3172 Πρόκλου
3103 3096 3422 3172 παρόντος.
3452 3093 3742 3172 ἐξαίφνης

2239 3167 2486 3222 παιδίον
2535 3170 2625 3234 εἰς
2678 3163 2854 3234 ἀέρα⁷
2880 3166 3118 3234 ἡρπάγη
3140 3182 3153 3195 ο
3184 3163 3284 3218 καὶ
3330 3163 3617 3234 ᾀκοῦιζακ
3636 3163 3740 3215 τὸν

2238 3237 2553 3312 τρισάγιον
2602 3231 2831 3312 eum.
2888 3231 3206 3312 εἱαξελίζὸνῖο
3278 3232 3373 3312 τῷ.
3408 3231 3535 3312 τλαῷ
3570 3232 3738 3312 ἔφη’

2239 3302 2337 3363 καὶ
2365 3302 2709 3376 παραυτίκα
2755 3306 2952 3361 πεσὸν
2981 3307 3283 3360 ἐτελεύτα.
3313 3302 3431 3376 *Καὶ
3455 3303 3587 3376 περ)
3637 3302 3741 3376 τῆς

2239 3371 2475 3443 πόλεως
2497 3378 2577 3443 ὡς
2613 3376 2916 3431 ἀνενέωσε
2945 3377 3196 3443 ταύτην,
3227 3373 3341 3443 καί,
3387 3371 3621 3439 πολλὰς
3655 3374 3741 3443 οι-

2240 3438 2529 3517 κοδομίὶις
2553 3438 2664 3503 ’ἐπὶ
2700 3447 2814 3517 τῆς
2864 3438 3189 3519 Ἀντιόχου
3228 3438 3505 3514 ἀνήγειρε
3536 3438 3744 3499 Θεοδό-

2237 3538 2394 3589 σιος.

2243 3638 2365 3692 Ἔτι
2396 3637 2451 3691 δέ
2481 3633 2768 3691 Θεοδοσίου
2791 3594 3148 3705 κρατοῦντος,
3189 3628 3414 3699 σεισμὸν
3443 3622 3736 3693 ἐπισυνέϐη

2168 3730 2427 3800 γενέσθαι
2467 3730 2641 3799 μέγαν
2676 3745 2735 3780 τε
2768 3726 2863 3782 καὶ
2894 3726 3133 3790 ἐξαίσιον
3154 3740 3168 3756 ⁸
3197 3719 3309 3777 οἷον
3335 3718 3474 3776 εἶναι
3500 3718 3741 3782 καὶτοὺς

2170 3820 2546 3889 προλαϐόντας
2577 3819 2825 3881 ἅπαντας
2866 3815 3247 3887 ἀποκρύπτειν
3282 3811 3361 3883 τῷ
3395 3810 3615 3882 μεγέθει
3651 3809 3745 3863 καὶ

2168 3914 2350 3983 τάχει.
2379 3914 2473 3966 καὶ
2507 3915 2572 3984 τῇ
2602 3911 2696 3965 τοῦ
2720 3910 2920 3983 χρόνου
2942 3908 3292 3980 παραδρομῇ.
3321 3906 3409 3966 Εἰς
3434 3906 3545 3973 γὰρ
3570 3905 3744 3972 μῆνας

2173 4006 2406 4077 μάλιστα
2440 4004 2502 4068 ἐξ
2541 4003 2858 4071 διαγέγονεν
2893 4002 2922 4054 ὁ
2958 4002 3204 4071 σεισμὸς,
3257 4000 3361 4053 οὐκ
3407 3999 3474 4050 ἐκ
3506 3995 3745 4064 διαλεῐμ-

2172 4115 2366 4170 ματος,
2396 4097 2535 4152 ἀλλὰ
2590 4094 2833 4167 συνεχῶς
2880 4093 2950 4148 τά
2999 4095 3177 4147 πάντα
3233 4090 3441 4157 κυκῶν,
3496 4089 3590 4147 καὶ
3639 4086 3743 4143 ἀνὰ

2170 4192 2356 4244 πᾶσαν
2402 4189 2502 4261 τὴν
2534 4189 2867 4257 οἰκουμένην
2915 4185 3104 4257 σχεδόν
3132 4200 3146 4216 °
3185 4182 3261 4248 ὡς
3302 4182 3383 4255 μὴ
3414 4181 3571 4253 μόνον
3618 4182 3742 4243 τοὺς

2170 4281 2276 4336 uva
2323 4280 2425 4352 τὴν
2460 4279 2715 4351 βασιλίδα
2747 4277 2995 4350 πύργους
3033 4276 3323 4349 ἐνεχθῆναι
3370 4275 3617 4345 πρηνεῖς,
3652 4273 3747 4328 καὶ

2170 4376 2233 4429 τδ
2262 4374 2395 4428 ἄλλο
2429 4372 2634 4444 ταύτης
2665 4373 2846 4442 τεῖχος
2881 4370 3027 4429 κατὰ
3047 4369 3338 4439 διαφόρους
3373 4367 3571 4429 τόπους
3596 4364 3747 4435 amp.

2176 4465 2443 4538 ῥαγῆναι,
2471 4465 2610 4518 ἀλλὰ
2639 4464 2736 4517 καὶ
2764 4463 2825 4516 τὸ
2851 4463 2985 4532 περὶ
3014 4459 3361 4535 Χερρόνησον
3386 4455 3742 4527 οἰκοδόμημα,

485 4557 648 4613 cant,
699 4551 865 4606 simul
918 4568 1084 4609 omne
1134 4556 1443 4612 conciderit
1480 4576 1493 4612 :
1533 4567 1590 4613 et
1642 4559 2065 4614 innumerabilia

2170 4557 2199 4613 ὃ
2253 4556 2465 4628 μακρὸν
2510 4555 2738 4614 καλοῦσι
2781 4555 2981 4624 τεῖχος,
3031 4554 3333 4621 συμπεσεῖν
3380 4549 3593 4621 ἀθρόον,
3648 4548 3741 4600 καὶ

488 4641 697 4710 ubique
749 4643 1022 4711 locorum,
1060 4660 1385 4719 magnorum
1428 4663 1663 4719 Operum
1709 4632 2071 4721 templorum-

485 4747 594 4800 que
657 4733 888 4790 :edilicia
942 4752 1165 4807 pessum
1226 4739 1413 4794 ierint.
1474 4739 1663 4797 Terrae
1719 4749 1904 4798 motus
1964 4743 2070 4798 isto

484 4821 874 4877 Alexandriam
938 4840 1164 4896 quoque
1235 4829 1437 4897 attigit.
1506 4829 1818 4887 Antiochiae
1880 4839 2068 4887 autem

486 4914 697 4984 impetu
733 4920 1151 4975 vehementiore
1183 4921 1500 4987 imminens,
1532 4925 1807 4996 praecipua
1839 4941 2070 4996 quicque

484 5007 800 5072 Spectacula
842 5010 1078 5065 maxime
1120 5013 1469 5069 comminuit.
1516 5014 1586 5069 Et
1634 5016 2070 5074 innumerabiles

485 5098 739 5155 accidere
790 5117 976 5169 casus,
1028 5119 1138 5159 non
1188 5114 1338 5162 terra
1389 5117 1623 5174 tantum,
1660 5125 1852 5165 verum
1900 5112 2069 5167 etiam

488 5194 647 5246 mari.
696 5195 915 5250 Alicubi
970 5197 1118 5252 enim
1176 5209 1321 5255 terra
1406 5200 1700 5257 dehiscens
1762 5204 1913 5259 vicos
1959 5204 2070 5260 fre-

485 5294 722 5353 quentes
767 5288 1058 5344 absorbuit
1093 5307 1109 5346 :
1146 5292 1351 5347 alicubi
1402 5293 1580 5350 fontes
1618 5311 1726 5350 non
1762 5298 1944 5368 exigui
1982 5313 2073 5352 sn-

491 5376 607 5431 bito
642 5393 945 5445 exaruere;
985 5381 1318 5449 quibusdam
1368 5383 1422 5437 in
1468 5385 1606 5440 locis
1642 5386 1880 5441 ubertim
1927 5402 2070 5457 aqua

490 5467 773 5537 proﬂuxit,
814 5488 936 5541 quae
986 5473 1063 5528 ibi
1115 5485 1276 5530 antea
1327 5492 1449 5531 esse
1498 5479 1657 5532 solita
1707 5496 1814 5533 non
1867 5478 2070 5535 fuerat.

490 5560 737 5618 Arbores
786 5565 971 5625 multa:
1028 5583 1133 5620 una
1186 5583 1310 5621 cum
1371 5569 1581 5625 truncis
1635 5571 1749 5625 suis
1808 5572 2073 5627 radicitus

490 5654 717 5711 evulsas.
778 5659 1018 5730 Aggeres
1073 5660 1295 5730 plurimi
1354 5661 1653 5733 derepente
1704 5664 2073 5731 exsistcntes,

568 5823 644 5893 (l)
669 5826 857 5880 Simile
886 5826 1147 5892 quiddam
1188 5826 1385 5880 Paulus
1439 5827 1713 5881 Diaeonns
1760 5826 1828 5880 de
1863 5834 2072 5895 septem

501 5909 720 5964 quoque
746 5896 1151 5954 dormientibus
1182 5898 1235 5951 in
1270 5897 1560 5955 Germania
1585 5898 1776 5965 refert,
1814 5897 1888 5952 lle
1917 5901 2074 5969 gestis

2175 4648 2350 4720 μυρία
2391 4646 2449 4700 δὲ
2478 4644 2800 4717 ἁπανταχοῦ
2836 4645 3098 4714 γενέσθαι
3128 4643 3535 4713 συμπτώματα,
3572 4639 3747 4715 ⁸μεγά-

2168 4741 2280 4797 λων
2311 4742 2513 4812 ἔργων,
2561 4740 2698 4795 νεῶν
2729 4757 2787 4794 τε
2824 4741 2923 4793 καὶ
2961 4736 3309 4807 οἰκοδομιῶν.
3346 4732 3560 4804 Ἥψατο
3611 4731 3668 4784 δὲ
3716 4729 3746 4780 6

2174 4834 2397 4905 σεισμὸς
2431 4834 2528 4887 καὶ
2555 4834 2665 4886 τῶν
2705 4831 2831 4886 κατ’
2879 4829 3316 4899 Ἀλεξάνδρειαν.
3352 4827 3441 4880 Ἐν
3468 4825 3514 4880 δ’
3549 4823 3749 4877 Ἀντιο-

2172 4927 2299 5000 χεία
2329 4926 2721 5000 ραγδαιότερον
2756 4923 3103 4993 ἐπιθέμενος,
3134 4921 3201 4975 τὰ
3226 4922 3283 4975 ἐν
3317 4920 3456 4990 αύτῇ
3488 4917 3597 4971 τῶν
3624 4916 3748 4970 θεα-

2176 5020 2367 5091 μάτων
2416 5017 2630 5085 ἐξαίσια
2680 5016 2989 5089 κατέῥραξε
3025 5014 3282 5085 μάλιστα.
3335 5011 3515 5065 Πολλά
3545 5028 3605 5065 τε
3651 5011 3747 5065 καὶ

2171 5109 2524 5179 άναρίθμητα
2563 5106 2764 5177 συνέϐη
2825 5104 2977 5172 πάθη
3029 5103 3314 5173 γενέσθαι,
3366 5102 3426 5159 ού
3466 5101 3609 5155 κατὰ
3644 5100 3746 5169 γῆν

2177 5203 2364 5275 μόνον,
2409 5201 2549 5255 ἀλλὰ
2574 5203 2670 5255 καὶ
2710 5201 2849 5252 κατὰ
2881 5197 3157 5255 θάλασσαν
3178 5212 3193 5227 ⁶
3230 5197 3321 5250 καὶ
3344 5199 3417 5263 πῆ
3447 5195 3545 5267 μὲν
3567 5194 3747 5267 διαχυσ

2175 5294 2334 5365 θῆναι
2370 5293 2469 5364 τὴν
2498 5292 2622 5363 γῆν,
2653 5294 2747 5345 καὶ
2804 5294 3000 5360 κώμας
3054 5291 3257 5360 συχνὰς
3304 5288 3361 5342 ἐν
3395 5287 3531 5359 αὐτῇ
3582 5302 3749 5345 κατα-

2173 5385 2352 5449 δῦναι,
2384 5383 2478 5438 καὶ
2509 5384 2618 5436 τῶν
2662 5382 2857 5452 πηγῶν
2880 5381 2937 5434 δὲ
2967 5382 3067 5433 οὐκ
3102 5381 3292 5449 ὀλίγας
3326 5378 3555 5443 ἐξάπινα
3579 5377 3750 5446 φανῆς

2175 5495 2267 5531 ναι
2329 5477 2532 5547 ξηρᾶς·
2591 5474 2829 5545 ἀλλαχοῦ
2885 5472 2939 5526 δέ
3007 5472 3241 5542 ἄφθονον
3291 5472 3633 5542 άναρῤυῆναι
3688 5469 3748 5520 τὸ

2178 5569 2345 5639 ὓδωρ,
2408 5568 2485 5641 μὴ
2532 5567 2802 5637 πρότερον
2835 5564 3023 5628 εἰωθὸς
3074 5566 3156 5619 ὃν.
3213 5564 3386 5618 Πολλὰ
3414 5564 3470 5616 δὲ
3519 5562 3606 5614 καὶ
3641 5559 3746 5611 τῶν

2176 5661 2410 5732 δένδρων
2440 5663 2504 5714 ἐκ
2538 5657 2645 5712 τῶν
2666 5653 2894 5729 ’βάθρων
2925 5657 3023 5711 σὺν
3058 5660 3171 5722 τοῖς
3216 5654 3478 5728 πρέμνοις
3511 5650 3749 5722 ἀναϐρας

2180 5824 2480 5892 Longobar.
2509 5822 2607 5878 lib.
2634 5838 2669 5885 ι,
2707 5837 2756 5876 e.
2794 5822 2874 5876 t5.

2252 5891 2328 5966 (t7)
2363 5896 2555 5971 Evagr.
2602 5894 2698 5949 lib.
2726 5908 2761 5959 ι,
2795 5908 2914 5953 cau.
2957 5891 3043 5947 l7.
