4092 6462
355 382 487 449 1211

1273 374 1871 439 ECCLESIAS‘TICJE
1914 376 2300 438 HISTORIl'E
2347 378 2486 440 LIB.
2538 376 2695 437 XIV.

3468 370 3603 434 1318

343 500 574 566 σθῆναι·
633 493 725 546 καὶ
777 490 1008 560 χώματα
1063 488 1290 542 πλεῖστα
1328 483 1525 560 αἴφνης
1575 490 1924 558 ἀναδοθῆναι,

2054 509 2080 543 ιι
2109 502 2321 544 montes
2346 492 2594 560 ingentes
2615 486 2961 544 conformati.
2991 484 3131 540 Mare
3149 525 3163 550 ,
3191 485 3455 538 terminos
3475 502 3607 540 suos

344 589 424 649 εἰς
454 586 556 655 ὅρη
586 601 644 636 τε
683 584 895 650 μεγάλα
927 581 1319 650 σχεδιασθῆναι
1342 597 1354 609 ·
1397 581 1706 648 ὑπερϐῆναι
1745 581 1798 633 δὲ
1838 582 1930 633 καὶ

343 678 442 746 τὴν
493 675 769 730 θάλασσαν
815 674 942 734 τοὺς
992 673 1228 734 οἰκείους
1275 673 1472 740 ὄρους·
1534 675 1630 725 καὶ
1694 675 1926 740 νεκροὺς

350 767 539 838 Ιχθύας
586 769 681 819 καὶ
728 766 836 816 τῶν
876 765 1020 836 μάλα
1079 765 1303 836 μεγέθει
1363 767 1651 835 ἐπισήμων
1701 767 1777 828 ὡς
1827 767 1936 819 ἀπὸ

354 857 652 926 σφενδόνης
688 858 1000 926 ἐκπέμπειν
1024 873 1039 888 ⁸
1073 857 1275 919 πολλάς
1301 875 1359 910 τε
1389 859 1582 927 νήσους
1614 859 1722 910 τῶν
1755 863 1810 912 ἐν
1839 859 1935 912 αὐ-

346 953 415 1022 τῇ
451 949 773 1012 καταδῦναι,
832 951 888 1005 ἐς
954 949 1114 1020 δεῦρο
1171 953 1400 1018 ἀφανεῖς
1451 954 1788 1021 γενομένας·
1842 955 1936 1006 καὶ

348 1041 514 1092 πλοῖα
543 1040 652 1090 τῶν
676 1039 886 1091 ύδατων
910 1039 1106 1106 ἀθρόον
1134 1040 1624 1108 ὑπονοστησάντων
1647 1042 1738 1094 ἐπὶ
1769 1041 1936 1111 ξηρᾶς

349 1131 608 1200 ὀφθῆναι,
649 1130 800 1198 μέσῳ
832 1131 910 1199 τῷ
964 1131 1192 1198 πελάγει
1246 1134 1333 1184 ἐπ’
1389 1135 1670 1201 ἀκινήτοις
1705 1135 1936 1188 ἑστῶτα.

350 1221 602 1289 Μετέσχε
633 1221 690 1274 δὲ
722 1221 832 1274 τῶν
874 1223 938 1274 ἐκ
972 1221 1204 1291 σεισμοῦ
1233 1223 1426 1276 δεινῶν
1459 1224 1529 1277 τὰ
1559 1225 1731 1278 πολλὰ
1775 1225 1938 1278 Βιθυ-

352 1311 443 1366 νία
471 1329 532 1364 τε
581 1317 677 1364 καὶ
735 1312 1154 1381 Ἑλλήσποντος,
1206 1315 1446 1385 ἑκατέρα
1479 1333 1538 1368 τε
1571 1317 1806 1385 Φρυγία,
1840 1317 1939 1370 καὶ

351 1401 450 1469 τῆς
484 1401 560 1453 ἐω
586 1401 653 1454 τὰ
679 1401 932 1464 πλεῖστα,
961 1401 1036 1462 ὡς
1065 1404 1306 1471 εἴρηται.
1338 1405 1448 1456 Καὶ
1485 1405 1546 1458 τὸ
1574 1406 1736 1457 πλέον
1763 1406 1819 1459 δὲ
1843 1407 1940 1475 τῆς

353 1491 596 1560 ἑσπέρας
631 1492 930 1562 ἐπέδραμε.
964 1493 1154 1563 Πολλῷ
1186 1493 1244 1546 δὲ
1285 1496 1462 1564 χρόνῳ
1503 1497 1564 1549 τὸ
1619 1497 1789 1560 πάθος
1819 1499 1940 1552 ἐπι-

355 1584 660 1652 κρατῆσαν,
689 1584 786 1654 ούχ
815 1584 1009 1654 ὥσπερ
1033 1585 1094 1637 τὸ
1128 1587 1409 1655 καταρχὰς
1476 1587 1768 1652 ἐπέϐαλεν,
1797 1586 1940 1640 οὕτω

355 1674 450 1726 καὶ
507 1675 744 1744 διέμεινε
810 1675 1167 1745 σφοδρότερον
1229 1678 1418 1729 ἐπιόνο
1463 1677 1578 1730 ἀλλ’
1635 1677 1799 1750 ἔληγε
1843 1679 1940 1730 κά-

357 1768 506 1820 κεῖνο
561 1768 745 1836 ἡρέμα
799 1767 876 1834 τῷ
933 1768 1128 1837 χρόνῳ,
1194 1767 1298 1830 ἕως
1348 1769 1411 1821 οῦ
1466 1770 1759 1823 παντάπαν
1809 1771 1940 1824 ἀπέ-

2039 592 2466 653 transgressum,
2511 583 2690 650 pisces
2735 579 2973 647 ingentis
3017 577 3410 647 magnitudinis
3460 593 3602 630 mor-

2039 688 2164 732 tuos
2213 678 2377 730 veluti
2419 677 2584 730 funda
2623 675 2806 744 ejeeit.
2855 674 3049 726 Insulae
3083 673 3291 743 plures,
3332 688 3438 726 una
3482 687 3606 725 cum

2039 771 2240 825 incolis
2287 771 2403 823 suis
2446 770 2771 830 submersa},
2819 767 2983 820 hodie
3031 781 3249 835 quoque
3297 779 3402 818 non
3448 781 3613 834 appa-

2041 871 2181 915 rent.
2219 860 2395 913 Naves
2425 859 2586 912 undis
2617 856 2908 911 confertim
2944 853 3340 907 decedentibus
3370 855 3422 903 in
3456 851 3611 903 arida

2041 952 2221 1004 medio
2274 951 2411 1004 mari
2463 949 2772 1003 immobiles
2830 947 3132 1001 consistere
3183 946 3332 998 vim.
3384 942 3608 996 Cladem

2038 1060 2104 1098 ex
2140 1057 2204 1096 eo
2243 1051 2555 1096 terrxmotu
2589 1040 2880 1110 plurimum
2915 1053 3135 1094 sensere
3170 1035 3444 1104 Bithynia.
3476 1033 3607 1086 Πει-

2040 1136 2346 1204 Ιεεροηιιιε,
2380 1145 2611 1200 utraque
2643 1131 2899 1201 Phrygia,
2929 1140 2982 1183 et
3009 1127 3248 1182 Orientis
3279 1142 3403 1196 pars
3437 1125 3612 1179 maxi-

2043 1243 2128 1280 ma
2160 1243 2174 1279 :
2205 1226 2366 1280 sicuti
2408 1224 2616 1278 dictum
2649 1233 2753 1278 εει.
2792 1222 2995 1275 Invasit
3036 1236 3256 1289 quoque
3295 1218 3611 1273 Occidentis

2044 1319 2295 1386 regiones
2340 1316 2543 1385 plures.
2595 1313 2660 1368 Et
2703 1327 2826 1367 cum
2876 1314 3036 1382 longo
3085 1313 3310 1364 duraret
3343 1320 3612 1377 tempore,

2041 1424 2152 1462 non
2201 1423 2266 1460 ea
2311 1421 2418 1476 qua
2463 1413 2708 1473 coeperat
2755 1401 3104 1456 vehementia
3148 1401 3381 1469 grassari
3425 1416 3616 1468 perse—

2041 1499 2274 1562 veravit,
2307 1511 2499 1550 verum
2538 1496 2743 1549 sensim
2779 1493 2848 1547 de
2885 1493 3090 1560 impetu
3136 1492 3340 1560 aliquid
3379 1492 3613 1554 remisit,

2043 1589 2220 1643 donec
2271 1601 2498 1656 prorsus
2549 1585 2891 1656 conquievit.
2946 1583 3142 1638 Clades
3195 1599 3256 1636 ea
3308 1583 3432 1636 talis
3488 1584 3611 1635 fuit.

2043 1678 2282 1749 Byzantii
2336 1687 2520 1731 autem
2575 1677 2628 1729 in
2676 1675 2972 1728 maximum
3025 1673 3260 1741 conjecti
3314 1683 3540 1731 metum,
3585 1686 3616 1724 ιι

2045 1770 2220 1824 ruinis
2261 1754 2617 1823 aediﬁciorum
2669 1766 2774 1821 sibi
2825 1765 3102 1825 timentes.
3142 1778 3330 1817 muros
3378 1764 3618 1831 relique-

356 1858 502 1912 λιπε.
540 1829 616 1910 γε
669 1829 769 1925 μιν
825 1829 1132 1920 obieeta}
1174 1829 1455 1912 τοιοῦτον·
1502 1862 1551 1912 οι
1610 1861 1664 1913 δὲ
1711 1861 1810 1929 τὴν
1843 1861 1942 1914 Βύ-

2054 1872 2198 1927 runt,
2257 1869 2312 1916 et
2347 1871 2500 1915 extra
2537 1859 2726 1913 urbem
2769 1860 2822 1911 in
2857 1859 3080 1922 Campo,
3111 1857 3200 1923 qui
3235 1856 3462 1916 dieitur.
3497 1870 3618 1906 mo-

360 1951 553 2013 ζαν-τος
603 1949 904 2012 οἰκοῦντες,
963 1951 1040 2014 είς
1073 1953 1191 2014 δέος
1243 1953 1501 2021 μέγιστον
1549 1942 1939 2020 καταστάντες,

360 2043 455 2094 καὶ
494 2040 563 2094 τὰ
630 2041 1024 2110 συμπτώματα
1077 2042 1396 2108 δεδοικότες,
1454 2045 1522 2097 τὰ
1560 2046 1711 2115 τείχη
1757 2046 1944 2098 λιπόν⁴

361 2151 486 2197 τες,
542 2134 700 2196 ἐκτὸς
755 2135 854 2202 τῆς
924 2135 1132 2196 πόλεως
1185 2131 1352 2205 ἦσαν,
1406 2139 1465 2189 ἐν
1519 2138 1599 2207 τῷ
1659 2140 1945 2209 λεγομένῳ

365 2229 583 2297 Κὶμπῳ
611 2226 929 2295 ποιούμενοι
970 2228 1066 2288 τὰς
1096 2225 1405 2295 διατριϐὰς,
1440 2231 1681 2297 συνεχεῖς
1723 2229 1942 2297 δεήσεις

367 2318 590 2384 σύναμοι
627 2317 838 2385 βασιλεῖ
865 2317 1134 2386 Θεοδοσίῳ
1172 2321 1263 2370 καὶ
1303 2321 1531 2389 Πρόκλῳ
1563 2321 1640 2390 τῷ
1669 2323 1946 2391 πατριάρ-

365 2427 436 2480 In
473 2410 810 2478 ποιούμενοι,
837 2409 1289 2473 ὲκδυσωποῦντες
1317 2412 1477 2466 ἵλεων
1502 2413 1760 2481 γενέσθαι
1789 2415 1942 2477 Θεὸν,

365 2503 464 2554 καὶ
521 2501 632 2553 τῶν
693 2503 1064 2570 ἐπικειμένων
1148 2503 1514 2557 ἀπαλλάττειν
1573 2505 1782 2558 δεινῶν.
1839 2506 1947 2559 Καί

368 2609 500 2645 ποτε
537 2592 928 2662 ῥαγδαιότερον
959 2593 1054 2645 τοῦ
1099 2593 1328 2662 σεισμοῦ
1378 2595 1786 2668 ἐπιϐρίσαντος,
1817 2598 1949 2664 σφό-

368 2686 472 2753 δρα
502 2701 560 2736 τε
594 2685 941 2752 παλλομένης
981 2688 1074 2737 καὶ
1125 2685 1326 2738 ὡσανεὶ
1362 2688 1811 2756 κυματιζομένης
1851 2691 1949 2760 τῆς

369 2779 496 2846 γῆς,
530 2778 623 2830 καὶ
655 2781 717 2830 ἐκ
747 2778 966 2847 βάθρων
1001 2780 1428 2848 ἁνασπασθῆναι
1464 2781 1946 2849 προσδοκωμένης,

367 2870 522 2938 λιτῆς
561 2869 861 2937 ἀγομένης,
897 2871 1098 2931 πάντες
1123 2870 1425 2938 σύνδοικρυς
1455 2866 1618 2940 ἦσαν,
1650 2873 1715 2922 ἐκ
1752 2870 1950 2938 βάθους

370 2961 461 3012 τὸν
485 2959 689 3012 ἄνωθεν
710 2957 858 3010 ἔλεον
889 2959 1310 3028 ἐκκαλούμενοι.
1341 2959 1658 3029 Τηνικαῦτα
1685 2962 1739 3013 δὲ
1766 2962 1950 3028 θαῦμα

373 3051 680 3119 παράδοξον
720 3049 1028 3118 ἠκολούθει,
1087 3051 1265 3102 πάντα
1299 3049 1423 3104 νοῦν
1469 3052 1721 3102 ἐκϐαῖνον
1750 3051 1950 3104 ὡσανεὶ

374 3141 464 3192 καὶ
493 3140 753 3192 διάνοιαν.
792 3140 999 3207 Αἴφνης
1050 3139 1160 3207 γαρ
1195 3141 1259 3190 ἐκ
1299 3140 1467 3207 μέσου
1511 3140 1731 3191 πάντων
1772 3141 1948 3208 ὁρών-
1975 3162 2019 3223 C

374 3249 450 3285 τω
467 3254 506 3293 ι,
543 3231 663 3300 θεία
713 3233 818 3283 τινί
852 3232 1109 3300 δυνάμει,
1157 3231 1368 3283 παιδίον
1393 3234 1472 3292 είς
1505 3231 1642 3299 ἀέρα
1677 3233 1950 3300 μετέωρον

374 3319 542 3394 ἦρτο⁹
606 3324 700 3376 καὶ
754 3323 829 3392 τῷ
878 3325 1117 3392 οὐρανίῳ
1167 3322 1374 3390 κύματι
1431 3323 1817 3390 προσπελάσαν
1877 3322 1952 3384 ὡς

375 3417 581 3484 ἀφανὲς
623 3415 718 3466 τοῦ
755 3416 942 3467 λοιποῦ
993 3411 1154 3480 εἶναι,
1203 3414 1352 3476 θείας
1387 3416 1444 3465 ἐν
1497 3414 1715 3484 μεθέξει
1768 3417 1953 3483 φωπιῆς

377 3510 610 3574 γίνεται,
643 3507 790 3569 ὅπως
835 3506 1088 3572 ἀγγέλοις
1138 3505 1257 3568 ἔθος
1290 3506 1422 3557 Θεὸν
1457 3507 1742 3574 ἀνυμνεῖν.
1783 3507 1867 3568 Ὠς
1897 3508 1953 3560 δὲ

377 3599 530 3653 ταῦτ’
577 3600 831 3667 ἡκουσεν,
868 3598 1045 3648 ὀπίσω
1101 3597 1264 3648 πάλιν
1303 3597 1673 3665 ἐπιτραπῆναι
1721 3597 1819 3665 τὴν
1857 3598 1956 3649 αῦ-

377 3692 476 3760 τὴν
513 3690 702 3758 ἀερῑαν
750 3689 868 3741 ὁδον
903 3690 1188 3741 κατελθεῖν
1216 3705 1230 3720 ’
1279 3689 1596 3756 ἀναγγεῖλαί
1630 3706 1687 3740 τε
1735 3691 1826 3741 καὶ
1879 3689 1956 3758 τῷ

383 3780 668 3849 ἐπισκόπῳ
718 3779 961 3848 Πρόκλῳ,
1015 3779 1227 3848 βασιλεῖ
1270 3797 1328 3831 τε
1379 3780 1470 3845 αὖ,
1524 3781 1725 3849 καὶτῷ
1763 3781 1956 3849 πλήθει

382 3875 566 3938 παντὶ,
595 3872 975 3934 λιτανεύοντας
1017 3889 1076 3923 τε
1105 3874 1198 3925 καὶ
1230 3873 1406 3934 ἄλλως
1437 3876 1698 3941 ἁνυμνείν
1733 3875 1957 3944 ᾑρημέ-

382 3983 507 4028 νους
544 3963 696 4028 Θεὸν,
719 3967 816 4016 καὶ
850 3964 1010 4016 ταυτὶ
1045 3965 1186 4016 κατὰ
1223 3962 1367 4028 λέξιν
1394 3963 1572 4030 λέγειν
1609 3965 1676 4016 τὰ
1713 3967 1954 4033 ῥήματα,

386 4056 530 4127 ᾇπερ
587 4057 841 4109 ἀκούσειε
899 4058 992 4108 καὶ
1080 4057 1314 4128 ᾀδόντων
1374 4057 1658 4123 ἀγγέλωνο
1703 4057 1891 4123 Ἀγιος
1931 4058 1960 4110 ὁ

389 4151 542 4212 Θεὸς,
571 4149 723 4216 ἆγιος
755 4149 997 4217 ἰσχυρὸς,
1031 4149 1185 4215 ἅγιος
1226 4150 1510 4212 ἀθάνατος,
1541 4151 1759 4218 ἐλέησον
1789 4152 1958 4220 ἡμᾶς.

397 4245 463 4294 "A
492 4243 628 4311 δῆτα
664 4241 899 4310 Πρόκλος
929 4241 1194 4306 ἀκούσας,
1225 4243 1425 4294 αὐτίκα
1456 4241 1599 4294 οὕτω
1627 4243 1852 4310 ψάλλειν
1883 4243 1962 4312 τῷ

387 4334 581 4404 πλήθει
614 4333 887 4386 ἐκέλευεν.
933 4331 991 4384 '0
1045 4332 1098 4384 δὲ
1144 4335 1367 4402 σεισμὸς
1416 4334 1578 4396 εὐθὺς
1610 4335 1760 4402 ἔστη,
1793 4335 1963 4403 λήξας

389 4429 728 4481 παντάπασι.
759 4425 1020 4488 Βασιλεὺς
1063 4425 1120 4477 δὲ
1156 4427 1434 4488 Θεοδόσιος
1467 4428 1562 4480 καὶ
1601 4429 1632 4497 ή
1671 4430 1960 4496 θαυμαστὴ

2051 1956 2150 2008 rati
2194 1965 2344 2021 sunt,
2383 1969 2490 2008 una
2536 1968 2660 2006 cum
2712 1954 3045 2020 imperatore
3085 1947 3419 2011 Theodosio,
3457 1946 3618 2016 5M

2047 2055 2103 2100 et
2150 2045 2464 2115 patriarcha
2520 2045 2716 2099 Proelo
2771 2043 3049 2096 continuis
3101 2041 3358 2109 precibus
3405 2041 3620 2093 incum-

2050 2141 2262 2201 bentes,
2297 2137 2572 2205 Deumque
2608 2150 2667 2190 ut
2702 2135 2974 2205 propitius
3005 2133 3086 2186 eis
3124 2141 3270 2186 esset
3314 2143 3365 2186 et
3413 2131 3479 2184 ab
3517 2131 3621 2183 im-

2051 2229 2280 2282 minenti
2325 2227 2635 2280 calamitate
2682 2227 2874 2279 orbem
2921 2223 3216 2288 liberaret,
3262 2223 3622 2276 obtestanteS.

2047 2320 2114 2374 Et
2149 2336 2272 2373 cum
2308 2318 2625 2388 aliquando,
2675 2329 2823 2370 metu
2857 2333 2922 2370 eo
2944 2325 3244 2385 grassante,
3283 2325 3426 2368 terra
3453 2311 3620 2366 veluti

2049 2411 2323 2466 ﬂuctuans
2377 2421 2792 2475 conettteretur,
2850 2419 2906 2463 et
2959 2410 3208 2462 homines
3263 2422 3360 2477 per
3411 2418 3619 2460 metum

2049 2521 2169 2560 eam
2201 2520 2266 2559 ex
2301 2505 2673 2557 I'mtdamentis
2705 2504 2838 2572 ipsis
2865 2504 3228 2570 exstir‘patum
3262 2501 3329 2554 iri
3361 2516 3624 2554 vereren-

2053 2607 2162 2661 tur,
2203 2607 2256 2651 et
2308 2612 2499 2650 omnes
2547 2597 2752 2650 litauiis
2801 2606 2856 2649 et
2907 2595 3404 2664 supplicationibus
3450 2594 3623 2649 dediti

2051 2689 2523 2756 collacrymarent,
2557 2694 2614 2739 et
2659 2701 2725 2738 ex
2774 2685 3047 2753 profundo
3091 2685 3395 2752 intimoque
3438 2685 3625 2737 animo

2054 2778 2487 2831 misericordiam
2541 2775 2787 2830 divinam
2843 2776 3248 2845 implorarent:
3289 2785 3401 2828 tum
3455 2777 3623 2827 mira-

2054 2869 2237 2922 culum
2294 2878 2491 2936 prarter
2547 2867 2870 2935 Opinionem
2914 2867 3183 2927 omnium,
3217 2866 3361 2935 quod
3397 2880 3621 2920 sensum

2054 2971 2108 3012 et
2137 2969 2371 3011 mentem
2399 2973 2616 3012 omnem
2643 2958 2892 3018 excedat,
2919 2958 3273 3012 subaecutum
3299 2966 3401 3010 est.
3427 2955 3622 3012 Subito

2053 3064 2286 3118 namque
2302 3063 2333 3102 e
2350 3047 2527 3102 medio
2545 3047 2980 3116 inspectantibus
3002 3047 3467 3110 omnibus,divina
3488 3063 3625 3118 qua-

2053 3139 2174 3190 dam
2208 3138 2258 3189 vi
2290 3153 2425 3206 puer
2457 3137 2509 3189 itt
2541 3152 2722 3190 aerem
2749 3137 3001 3190 sublimis
3029 3137 3096 3188 ad
3125 3137 3404 3190 ewlestem
3449 3129 3650 3204 usque,

2057 3240 2311 3294 tractum,
2347 3230 2417 3282 ita
2457 3238 2513 3281 ut
2542 3228 2652 3297 jam
2687 3243 2798 3280 non
2835 3237 3145 3295 appareret,
3186 3229 3456 3292 sublatus,
3487 3229 3627 3282 divi-

2053 3336 2176 3374 nam
2211 3335 2396 3373 vocent
2436 3336 2542 3388 qua
2585 3320 2795 3388 angelis
2830 3320 2996 3373 Deum
3031 3320 3283 3374 laudibus
3317 3322 3464 3374 ferre
3506 3337 3626 3374 mos

2053 3423 2160 3476 est,
2199 3413 2454 3466 audivit:
2487 3427 2662 3480 eaque
2698 3426 2830 3465 voce
2867 3421 3142 3480 petet-pta,
3185 3429 3404 3466 rttrsum
3443 3416 3627 3481 priore

2055 3523 2153 3577 per
2207 3523 2392 3560 aerem
2443 3505 2525 3558 via
2589 3520 2847 3560 reuersus
2898 3505 3223 3571 descendit;
3264 3516 3318 3559 et
3369 3509 3631 3578 episeopo

2057 3600 2283 3662 Pl’Ot'lO,
2333 3599 2549 3667 ipsique
2605 3599 2922 3666 imperatori
2978 3609 3032 3652 et
3092 3601 3426 3655 multitudini
3477 3605 3628 3658 omni

2057 3691 2556 3760 snpplicationibus
2599 3694 2874 3758 aperanti,
2908 3690 3188 3757 Deumque
3229 3691 3445 3760 hymnis
3487 3695 3632 3750 cele—

2058 3785 2262 3846 branti,
2292 3785 2360 3839 ab
2388 3785 2596 3854 angelis
2627 3787 2954 3840 canentibus
2986 3801 3042 3839 se
3073 3791 3235 3841 verba
3265 3789 3379 3842 haec
3408 3790 3630 3845 audisse

2061 3879 2402 3932 renuntiavit
2431 3895 2443 3930 :
2480 3878 2716 3932 Sanctus
2745 3879 2905 3936 Deus.
2938 3889 3160 3934 sanctus
3192 3881 3370 3947 fortis,
3406 3894 3630 3940 sanctus

2063 3971 2408 4031 immortalis,
2445 3971 2706 4023 miserere
2750 3970 2948 4023 nostri.
2991 3971 3122 4036 Quae
3159 3973 3247 4025 ubi
3289 3975 3510 4029 l’roclus
3544 3977 3629 4029 in-

2065 4061 2293 4122 tellexit,
2339 4060 2522 4113 Statim
2559 4060 2627 4112 ad
2668 4076 2796 4112 eum
2837 4061 3058 4115 modum
3101 4065 3361 4132 populum
3401 4068 3630 4135 psallere

2057 4152 2222 4222 jussit
2257 4170 2270 4205 :
2303 4160 2359 4204 et
2391 4161 2741 4206 terraetttotus
2783 4154 2966 4207 statim
3016 4155 3178 4207 etiam
3215 4159 3481 4224 constitit,
3515 4176 3635 4214 ont-

2063 4242 2304 4308 ninoque
2349 4241 2682 4309 conquievit.
2717 4239 3017 4308 imperator
3058 4259 3222 4310 porro
3259 4245 3630 4316 Theodosius,

2063 4343 2118 4386 et
2163 4334 2305 4385 inter
2346 4332 2576 4386 fetninas
2612 4333 2978 4388 admiratione
3019 4337 3265 4390 omnium
3300 4339 3461 4409 digna
3504 4343 3634 4396 Pul-

2065 4422 2272 4484 cheria,
2306 4432 2454 4475 tanto
2485 4423 2749 4476 miraculo
2789 4425 3052 4491 perculsi,
3085 4429 3481 4485 constitutione
3523 4434 3628 4486 iut-

387 4518 667 4585 γυναικῶν
703 4518 1028 4586 Πουλχερία,
1055 4517 1134 4584 τῷ
1173 4517 1461 4587 παραδόξῳ
1501 4519 1834 4582 ἀγασθέντες
1864 4518 1952 4571 τοῦ

2067 4512 2255 4581 periali
2304 4511 2614 4573 confestim,
2655 4521 2714 4565 ut
2765 4529 2863 4581 per
2919 4515 3108 4569 orbem
3154 4533 3374 4572 onmem
3417 4521 3639 4578 divinus

390 4611 688 4680 θαύματος,
739 4611 1004 4679 βασιλικῷ
1061 4609 1395 4678 θεσπίσματι
1443 4612 1604 4672 εὐθὺς
1653 4612 1962 4681 ἐπεκύρουν

388 4705 531 4756 κατὰ
572 4705 750 4755 πᾶσαν
771 4704 868 4772 τὴν
901 4703 1226 4772 οἰκουμένην
1260 4703 1351 4755 τον
1385 4702 1529 4755 θεῖον
1558 4707 1769 4756 τουτονὶ
1794 4701 1963 4773 ὕμνον

391 4794 695 4864 ἐξᾴδεσθαι.
751 4795 840 4858 Ἐξ
895 4793 1109 4845 ἐκείνου
1161 4810 1220 4846 τε
1276 4795 1308 4863 ὴ
1359 4793 1598 4862 Χριστοῦ
1668 4794 1964 4861 Ἐκκλησία

391 4886 581 4938 τοῦτον
606 4883 1026 4953 παραλαϐοῦσα,
1049 4884 1109 4936 ού
1131 4883 1254 4936 καθ’
1278 4885 1516 4954 ἑκάστην
1543 4886 1758 4954 ἡμέραν
1779 4885 1961 4953 μόνον,

391 4975 528 5026 ἀλλὰ
560 4976 655 5026 καὶ
685 4974 870 5035 ἁπλῶς
916 4975 1116 5040 εἰπεῖν,
1157 4977 1296 5027 κατὰ
1329 4977 1510 5028 πᾶσαν
1540 4977 1762 5046 ἕναρξιν
1793 4977 1964 5044 ὕμνου

395 5065 530 5118 θεοῦ
561 5064 750 5118 τοῦτον
781 5065 888 5135 προ
939 5068 1158 5118 πάντων
1200 5067 1394 5120 πλατεῖ
1420 5070 1496 5138 τῷ
1536 5070 1761 5137 στόματι
1792 5070 1966 5142 καθη-

394 5159 594 5223 γεῖται.
639 5157 712 5210 Τὸ
749 5157 934 5226 μέντοι
975 5158 1187 5211 παιδίον
1225 5161 1364 5227 μετὰ
1392 5162 1490 5230 τὴν
1520 5161 1630 5213 τῶν
1654 5161 1826 5228 λόγων
1851 5163 1966 5213 δια-

395 5251 586 5302 κονίαν
615 5249 772 5312 εὑθὺς
807 5249 1062 5302 ἐτελεύτα
1089 5250 1178 5302 τὸν
1211 5251 1324 5320 βίον
1346 5267 1360 5282 ·
1413 5253 1506 5306 καὶ
1547 5253 1688 5305 κατὰ
1724 5252 1822 5323 τὴν
1855 5254 1968 5306 Με-

398 5344 574 5414 γάολην
629 5343 952 5412 ἐκκλησίαν,
1002 5343 1036 5412 ἥ
1065 5343 1164 5412 τῆς
1198 5345 1431 5415 Εἰρήνης
1469 5348 1615 5398 ἐστὶν
1657 5347 1966 5415 ἐπώνυμος,

400 5434 688 5500 κατετέθη.
746 5433 803 5485 ’0
835 5433 892 5484 δὲ
941 5435 1103 5495 τόπος
1143 5427 1185 5501 ᾧ
1219 5434 1461 5502 διαέριον
1510 5437 1676 5506 ἤρθη,
1727 5439 1968 5508 ’Υψωμα

400 5525 542 5577 θεῖον
590 5523 685 5574 τοῦ
734 5521 923 5574 λοιποῦ
959 5524 1258 5592 ἐπεκλήθη,
1293 5525 1431 5594 πρὸς
1463 5527 1616 5577 νότον
1644 5529 1843 5596 ἄνεμον
1870 5530 1968 5598 τῆς

401 5614 812 5666 Κωνσταντίνου
841 5613 1004 5684 ὁρῶν.
1043 5613 1192 5666 Ἐπεὶ
1216 5615 1270 5666 δὲ
1291 5614 1386 5666 τοῦ
1416 5616 1525 5668 τῶν
1547 5619 1785 5686 σεισμῶν
1814 5619 1968 5682 δέους

402 5705 714 5776 ἀπήλλακτο
767 5705 1040 5774 βασιλεὺς,
1078 5706 1276 5758 αὐτίκα
1325 5705 1392 5757 τὰ
1451 5707 1548 5776 τῆς
1588 5709 1968 5762 Κωσταντίνου

406 5801 558 5869 τεέχη
614 5797 908 5852 ἐπέϐαλλεν
944 5799 1191 5868 ὰνιστᾷν.
1245 5798 1354 5852 Καὶ
1385 5800 1450 5854 τὰ
1505 5799 1607 5869 μὲν
1652 5800 1748 5869 τῆς
1799 5800 1970 5873 ξηρᾶς

2066 4604 2303 4674 hymnus
2349 4604 2452 4658 iste
2501 4603 2918 4670 conciperetur,
2952 4607 3338 4665 decreverunt.
3378 4613 3446 4667 Et
3475 4630 3540 4667 ex
3573 4632 3639 4670 eo

2068 4705 2314 4762 tempore
2347 4695 2587 4749 Ecclesia
2617 4695 2820 4749 Christi
2851 4713 2975 4750 eum
3011 4711 3296 4768 acceptum
3334 4719 3440 4757 non
3503 4723 3641 4774 quo-

2068 4786 2204 4841 libet
2237 4796 2447 4840 tantum
2475 4787 2564 4839 die
2606 4797 2855 4857 usurpat,
2885 4790 2977 4843 sed
3009 4791 3172 4844 etiatn
3203 4801 3284 4857 (ut
3315 4796 3642 4865 simpliciter

2069 4878 2272 4948 dicam)
2315 4879 2602 4947 cujuslibet
2668 4881 2928 4935 carminis
2985 4893 3041 4937 et
3094 4883 3274 4938 laudis
3328 4886 3423 4941 Dei
3481 4890 3640 4945 initio

2070 4983 2197 5026 ante
2236 4974 2418 5024 omnia
2470 4971 2634 5039 pleno
2681 4987 2776 5024 ore
2823 4975 3126 5039 praemittit.
3170 4977 3313 5031 Puer
3344 4983 3636 5037 verborum

2014 5136 2020 5145 ἱ
2068 5079 2258 5117 eorum
2307 5063 2675 5116 ministerium
2724 5073 3041 5131 exsecutus,
3084 5069 3266 5122 statim
3301 5071 3406 5125 \ita
3443 5075 3640 5128 tit-fun-

2068 5166 2190 5211 ctus
2232 5168 2336 5221 est,
2373 5168 2429 5212 et
2473 5159 2527 5213 in
2571 5159 2760 5229 Magna
2811 5161 3043 5214 ecclesia
3079 5179 3201 5232 qua:
3237 5167 3388 5221 Pacis
3442 5184 3640 5224 nomen

2069 5251 2303 5315 obtinet,
2340 5251 2617 5304 conditus.
2646 5251 2826 5306 Locus
2855 5263 3036 5308 autem
3075 5257 3126 5309 itt
3172 5273 3282 5325 quo
3309 5259 3396 5312 ille
3427 5259 3478 5312 in
3508 5261 3640 5315 Sub-

2070 5343 2199 5397 lime
2270 5354 2425 5398 actus
2479 5354 2584 5407 est,
2635 5357 2823 5414 postea
2874 5346 3068 5401 Divina
3108 5349 3378 5403 Exaltatio
3413 5364 3641 5407 vocatus

2069 5444 2176 5499 est,
2210 5445 2401 5488 notum
2448 5446 2672 5490 ventum
2719 5453 2819 5506 pro
2865 5439 2998 5492 urbe
3029 5438 3640 5512 Constantinopolitana

2071 5539 2346 5596 Spectans.
2379 5529 2682 5597 Imperator
2711 5530 2799 5584 ubi
2832 5539 3179 5585 terrzcmotus
3213 5533 3407 5588 timore
3437 5535 3608 5590 libera

2075 5629 2162 5673 tus
2213 5629 2332 5685 est,
2383 5621 2527 5674 illico
2574 5619 3202 5691 Constantinopolitanae
3254 5624 3404 5679 urbis
3458 5642 3646 5682 muros

2075 5711 2302 5765 reticere
2333 5727 2626 5780 aggressus
2659 5721 2742 5765 est
2774 5728 2788 5763 :
2821 5723 2876 5768 et
2909 5715 3176 5784 majorum
3213 5718 3472 5771 omnium
3517 5735 3646 5789 par-

2078 5815 2210 5873 tem,
2243 5821 2362 5875 qua:
2406 5806 2459 5860 in
2508 5807 2656 5862 sicco
2706 5806 2826 5860 loco
2871 5817 3020 5875 sunt,
3055 5825 3153 5878 per
3186 5809 3303 5866 dies
3342 5815 3644 5882 sexaginta,
