  <div class='ocr_page' id='page_1' title='image "/cluster/home/n/w/nwhite01/storage/ocr_20150623/146:no.2/coo.31924054870518/619.png"; bbox 0 0 4092 6462; ppageno 0'>
   <div class='ocr_carea' id='block_1_1' title="bbox 576 315 718 380">
    <p class='ocr_par' dir='ltr' id='par_1_1' title="bbox 576 315 718 380">
     <span class='ocr_line' id='line_1_1' title="bbox 576 315 718 380; baseline -0.007 -2"><span class='ocrx_word' id='word_1_1' title='bbox 576 315 718 380; x_wconf 73' lang='grc' dir='ltr'><strong>1ΞΞ3</strong></span> 
     </span>
    </p>
   </div>
   <div class='ocr_carea' id='block_1_2' title="bbox 1775 306 2603 374">
    <p class='ocr_par' dir='ltr' id='par_1_2' title="bbox 1775 306 2603 374">
     <span class='ocr_line' id='line_1_2' title="bbox 1775 306 2603 374; baseline 0 -2"><span class='ocrx_word' id='word_1_2' title='bbox 1775 308 2208 373; x_wconf 80' lang='lat' dir='ltr'><strong>NICEPHORI</strong></span> <span class='ocrx_word' id='word_1_3' title='bbox 2252 306 2603 374; x_wconf 66' lang='lat' dir='ltr'><strong>GALLISTI</strong></span> 
     </span>
    </p>
   </div>
   <div class='ocr_carea' id='block_1_3' title="bbox 3610 312 3827 382">
    <p class='ocr_par' dir='ltr' id='par_1_3' title="bbox 3610 312 3827 382">
     <span class='ocr_line' id='line_1_3' title="bbox 3610 312 3827 382; baseline -0.005 0"><span class='ocrx_word' id='word_1_4' title='bbox 3610 346 3617 361; x_wconf 73' lang='grc' dir='ltr'><strong><em>ο</em></strong></span> <span class='ocrx_word' id='word_1_5' title='bbox 3702 312 3827 382; x_wconf 59' lang='lat' dir='ltr'><strong>Li“.</strong></span> 
     </span>
    </p>
   </div>
   <div class='ocr_carea' id='block_1_4' title="bbox 570 422 2162 501">
    <p class='ocr_par' dir='ltr' id='par_1_4' title="bbox 570 422 2146 493">
     <span class='ocr_line' id='line_1_4' title="bbox 570 422 2146 493; baseline -0.003 -10"><span class='ocrx_word' id='word_1_6' title='bbox 570 426 818 483; x_wconf 89' lang='lat' dir='ltr'><strong>nondum</strong></span> <span class='ocrx_word' id='word_1_7' title='bbox 850 424 907 479; x_wconf 90' lang='lat' dir='ltr'><strong>in</strong></span> <span class='ocrx_word' id='word_1_8' title='bbox 940 422 1283 479; x_wconf 61' lang='lat' dir='ltr'><strong>Palaestinam</strong></span> <span class='ocrx_word' id='word_1_9' title='bbox 1330 424 1489 485; x_wconf 87' lang='lat' dir='ltr'><strong>ierat,</strong></span> <span class='ocrx_word' id='word_1_10' title='bbox 1538 423 1876 489; x_wconf 76' lang='lat' dir='ltr'><strong>sollicitavit,</strong></span> <span class='ocrx_word' id='word_1_11' title='bbox 1914 438 2146 493; x_wconf 85' lang='lat' dir='ltr'><strong>eamque</strong></span> 
     </span>
    </p>
   </div>
   <div class='ocr_carea' id='block_1_5' title="bbox 2269 422 3829 501">
    <p class='ocr_par' dir='ltr' id='par_1_5' title="bbox 2269 422 3829 501">
     <span class='ocr_line' id='line_1_5' title="bbox 2269 422 3829 501; baseline 0.004 -23"><span class='ocrx_word' id='word_1_12' title='bbox 2269 423 2356 494; x_wconf 71' lang='grc' dir='ltr'>τὴν</span> <span class='ocrx_word' id='word_1_13' title='bbox 2415 422 2737 492; x_wconf 73' lang='grc' dir='ltr'><strong>βασίλισσαν</strong></span> <span class='ocrx_word' id='word_1_14' title='bbox 2790 425 3049 480; x_wconf 87' lang='grc' dir='ltr'>Εὑδοκίαν</span> <span class='ocrx_word' id='word_1_15' title='bbox 3104 428 3421 499; x_wconf 73' lang='grc' dir='ltr'>ὑπέρχεται,</span> <span class='ocrx_word' id='word_1_16' title='bbox 3462 430 3624 500; x_wconf 78' lang='grc' dir='ltr'>μήπω</span> <span class='ocrx_word' id='word_1_17' title='bbox 3674 432 3829 501; x_wconf 71' lang='grc' dir='ltr'>ὰφιεο</span> 
     </span>
    </p>
   </div>
   <div class='ocr_carea' id='block_1_6' title="bbox 571 515 2146 590">
    <p class='ocr_par' dir='ltr' id='par_1_6' title="bbox 571 515 2146 590">
     <span class='ocr_line' id='line_1_6' title="bbox 571 515 2146 590; baseline -0.003 -17"><span class='ocrx_word' id='word_1_18' title='bbox 571 520 833 590; x_wconf 74' lang='lat' dir='ltr'><strong>paulatim</strong></span> <span class='ocrx_word' id='word_1_19' title='bbox 862 516 1125 571; x_wconf 86' lang='lat' dir='ltr'><strong>adversus</strong></span> <span class='ocrx_word' id='word_1_20' title='bbox 1163 526 1392 569; x_wconf 91' lang='lat' dir='ltr'><strong>matrem</strong></span> <span class='ocrx_word' id='word_1_21' title='bbox 1431 515 1781 569; x_wconf 88' lang='lat' dir='ltr'><strong>Puleheriam</strong></span> <span class='ocrx_word' id='word_1_22' title='bbox 1835 516 2146 578; x_wconf 84' lang='lat' dir='ltr'><strong>concitans,</strong></span> 
     </span>
    </p>
   </div>
   <div class='ocr_carea' id='block_1_7' title="bbox 571 607 2153 680">
    <p class='ocr_par' dir='ltr' id='par_1_7' title="bbox 571 607 2153 680">
     <span class='ocr_line' id='line_1_7' title="bbox 571 607 2153 680; baseline -0.003 -15"><span class='ocrx_word' id='word_1_23' title='bbox 571 621 633 665; x_wconf 90' lang='lat' dir='ltr'><strong>ut</strong></span> <span class='ocrx_word' id='word_1_24' title='bbox 665 613 1016 680; x_wconf 66' lang='lat' dir='ltr'><strong>prwpositum</strong></span> <span class='ocrx_word' id='word_1_25' title='bbox 1047 607 1124 661; x_wconf 83' lang='lat' dir='ltr'><strong>illi</strong></span> <span class='ocrx_word' id='word_1_26' title='bbox 1155 607 1473 675; x_wconf 89' lang='lat' dir='ltr'><strong>ademptum</strong></span> <span class='ocrx_word' id='word_1_27' title='bbox 1514 607 1617 661; x_wconf 87' lang='lat' dir='ltr'><strong>sibi</strong></span> <span class='ocrx_word' id='word_1_28' title='bbox 1668 608 1991 671; x_wconf 84' lang='lat' dir='ltr'><strong>asciscerct,</strong></span> <span class='ocrx_word' id='word_1_29' title='bbox 2024 622 2153 660; x_wconf 87' lang='lat' dir='ltr'><strong>sua-</strong></span> 
     </span>
    </p>
   </div>
   <div class='ocr_carea' id='block_1_8' title="bbox 572 699 2154 769">
    <p class='ocr_par' dir='ltr' id='par_1_8' title="bbox 572 699 2154 769">
     <span class='ocr_line' id='line_1_8' title="bbox 572 699 2154 769; baseline -0.003 -13"><span class='ocrx_word' id='word_1_30' title='bbox 572 704 704 757; x_wconf 83' lang='lat' dir='ltr'><strong>dere</strong></span> <span class='ocrx_word' id='word_1_31' title='bbox 732 703 781 756; x_wconf 92' lang='lat' dir='ltr'><strong>ei</strong></span> <span class='ocrx_word' id='word_1_32' title='bbox 843 701 1032 769; x_wconf 72' lang='lat' dir='ltr'><strong>cmpit.</strong></span> <span class='ocrx_word' id='word_1_33' title='bbox 1096 699 1428 768; x_wconf 73' lang='lat' dir='ltr'><strong>Przepositus</strong></span> <span class='ocrx_word' id='word_1_34' title='bbox 1454 701 1600 752; x_wconf 91' lang='lat' dir='ltr'><strong>enim</strong></span> <span class='ocrx_word' id='word_1_35' title='bbox 1658 699 1965 753; x_wconf 72' lang='lat' dir='ltr'><strong>Pulcherize</strong></span> <span class='ocrx_word' id='word_1_36' title='bbox 1997 713 2154 767; x_wconf 82' lang='lat' dir='ltr'><strong>pare-</strong></span> 
     </span>
    </p>
   </div>
   <div class='ocr_carea' id='block_1_9' title="bbox 571 789 2152 861">
    <p class='ocr_par' dir='ltr' id='par_1_9' title="bbox 571 789 2152 861">
     <span class='ocr_line' id='line_1_9' title="bbox 571 789 2152 861; baseline -0.006 -9"><span class='ocrx_word' id='word_1_37' title='bbox 571 797 688 860; x_wconf 84' lang='lat' dir='ltr'><strong>bat,</strong></span> <span class='ocrx_word' id='word_1_38' title='bbox 765 802 826 847; x_wconf 91' lang='lat' dir='ltr'><strong>ut</strong></span> <span class='ocrx_word' id='word_1_39' title='bbox 882 808 1006 861; x_wconf 73' lang='lat' dir='ltr'><strong>quze</strong></span> <span class='ocrx_word' id='word_1_40' title='bbox 1037 806 1224 845; x_wconf 88' lang='lat' dir='ltr'><strong>rerum</strong></span> <span class='ocrx_word' id='word_1_41' title='bbox 1263 806 1534 847; x_wconf 87' lang='lat' dir='ltr'><strong>summam</strong></span> <span class='ocrx_word' id='word_1_42' title='bbox 1570 790 2009 844; x_wconf 62' lang='lat' dir='ltr'><strong>administraret.</strong></span> <span class='ocrx_word' id='word_1_43' title='bbox 2043 789 2152 842; x_wconf 84' lang='lat' dir='ltr'><strong>Eu-</strong></span> 
     </span>
    </p>
   </div>
   <div class='ocr_carea' id='block_1_10' title="bbox 574 882 2154 952">
    <p class='ocr_par' dir='ltr' id='par_1_10' title="bbox 574 882 2154 952">
     <span class='ocr_line' id='line_1_10' title="bbox 574 882 2154 952; baseline -0.003 -13"><span class='ocrx_word' id='word_1_44' title='bbox 574 886 730 940; x_wconf 89' lang='lat' dir='ltr'><strong>docia</strong></span> <span class='ocrx_word' id='word_1_45' title='bbox 759 901 867 938; x_wconf 90' lang='lat' dir='ltr'><strong>non</strong></span> <span class='ocrx_word' id='word_1_46' title='bbox 906 898 1099 952; x_wconf 89' lang='lat' dir='ltr'><strong>parum</strong></span> <span class='ocrx_word' id='word_1_47' title='bbox 1132 883 1483 952; x_wconf 84' lang='lat' dir='ltr'><strong>imperatoris</strong></span> <span class='ocrx_word' id='word_1_48' title='bbox 1512 882 1743 936; x_wconf 79' lang='lat' dir='ltr'><strong>tentavit</strong></span> <span class='ocrx_word' id='word_1_49' title='bbox 1790 885 2061 941; x_wconf 85' lang='lat' dir='ltr'><strong>animum,</strong></span> <span class='ocrx_word' id='word_1_50' title='bbox 2094 891 2154 935; x_wconf 92' lang='lat' dir='ltr'><strong>ut</strong></span> 
     </span>
    </p>
   </div>
   <div class='ocr_carea' id='block_1_11' title="bbox 580 968 2152 1047">
    <p class='ocr_par' dir='ltr' id='par_1_11' title="bbox 580 968 2152 1047">
     <span class='ocr_line' id='line_1_11' title="bbox 580 968 2152 1047; baseline -0.003 -18"><span class='ocrx_word' id='word_1_51' title='bbox 580 976 930 1047; x_wconf 74' lang='lat' dir='ltr'><strong>prrepositum</strong></span> <span class='ocrx_word' id='word_1_52' title='bbox 964 989 993 1027; x_wconf 90' lang='lat' dir='ltr'><strong>a</strong></span> <span class='ocrx_word' id='word_1_53' title='bbox 1022 974 1308 1027; x_wconf 85' lang='lat' dir='ltr'><strong>Pulcheria</strong></span> <span class='ocrx_word' id='word_1_54' title='bbox 1346 968 1670 1027; x_wconf 87' lang='lat' dir='ltr'><strong>abduceret.</strong></span> <span class='ocrx_word' id='word_1_55' title='bbox 1732 973 1801 1027; x_wconf 85' lang='lat' dir='ltr'><strong>At</strong></span> <span class='ocrx_word' id='word_1_56' title='bbox 1842 973 1934 1026; x_wconf 91' lang='lat' dir='ltr'><strong>ille</strong></span> <span class='ocrx_word' id='word_1_57' title='bbox 1965 972 2034 1025; x_wconf 88' lang='lat' dir='ltr'><strong>ab</strong></span> <span class='ocrx_word' id='word_1_58' title='bbox 2086 987 2152 1026; x_wconf 86' lang='lat' dir='ltr'><strong>ea</strong></span> 
     </span>
    </p>
   </div>
   <div class='ocr_carea' id='block_1_12' title="bbox 581 1064 2151 1139">
    <p class='ocr_par' dir='ltr' id='par_1_12' title="bbox 581 1064 2151 1139">
     <span class='ocr_line' id='line_1_12' title="bbox 581 1064 2151 1139; baseline -0.001 -21"><span class='ocrx_word' id='word_1_59' title='bbox 581 1085 875 1139; x_wconf 67' lang='lat' dir='ltr'><strong>persuasus</strong></span> <span class='ocrx_word' id='word_1_60' title='bbox 901 1083 1009 1135; x_wconf 84' lang='lat' dir='ltr'><strong>non</strong></span> <span class='ocrx_word' id='word_1_61' title='bbox 1041 1076 1148 1130; x_wconf 84' lang='lat' dir='ltr'><strong>est,</strong></span> <span class='ocrx_word' id='word_1_62' title='bbox 1182 1067 1504 1135; x_wconf 84' lang='lat' dir='ltr'><strong>petitionem</strong></span> <span class='ocrx_word' id='word_1_63' title='bbox 1561 1064 1821 1119; x_wconf 78' lang='lat' dir='ltr'><strong>Eudocia:</strong></span> <span class='ocrx_word' id='word_1_64' title='bbox 1858 1065 2151 1119; x_wconf 84' lang='lat' dir='ltr'><strong>refellens:</strong></span> 
     </span>
    </p>
   </div>
   <div class='ocr_carea' id='block_1_13' title="bbox 577 1158 2156 1230">
    <p class='ocr_par' dir='ltr' id='par_1_13' title="bbox 577 1158 2156 1230">
     <span class='ocr_line' id='line_1_13' title="bbox 577 1158 2156 1230; baseline -0.001 -17"><span class='ocrx_word' id='word_1_65' title='bbox 577 1162 723 1230; x_wconf 86' lang='lat' dir='ltr'><strong>quod</strong></span> <span class='ocrx_word' id='word_1_66' title='bbox 758 1159 1049 1214; x_wconf 86' lang='lat' dir='ltr'><strong>Pulcheria</strong></span> <span class='ocrx_word' id='word_1_67' title='bbox 1077 1174 1236 1213; x_wconf 92' lang='lat' dir='ltr'><strong>soror</strong></span> <span class='ocrx_word' id='word_1_68' title='bbox 1258 1160 1378 1229; x_wconf 92' lang='lat' dir='ltr'><strong>ejus</strong></span> <span class='ocrx_word' id='word_1_69' title='bbox 1414 1160 1469 1212; x_wconf 89' lang='lat' dir='ltr'><strong>in</strong></span> <span class='ocrx_word' id='word_1_70' title='bbox 1505 1159 1736 1226; x_wconf 88' lang='lat' dir='ltr'><strong>imperio</strong></span> <span class='ocrx_word' id='word_1_71' title='bbox 1783 1158 1961 1227; x_wconf 82' lang='lat' dir='ltr'><strong>genita</strong></span> <span class='ocrx_word' id='word_1_72' title='bbox 1993 1167 2156 1227; x_wconf 91' lang='lat' dir='ltr'><strong>atque</strong></span> 
     </span>
    </p>
   </div>
   <div class='ocr_carea' id='block_1_14' title="bbox 574 1249 2154 1321">
    <p class='ocr_par' dir='ltr' id='par_1_14' title="bbox 574 1249 2154 1321">
     <span class='ocr_line' id='line_1_14' title="bbox 574 1249 2154 1321; baseline -0.005 -12"><span class='ocrx_word' id='word_1_73' title='bbox 574 1255 808 1309; x_wconf 81' lang='lat' dir='ltr'><strong>educata</strong></span> <span class='ocrx_word' id='word_1_74' title='bbox 832 1260 997 1314; x_wconf 76' lang='lat' dir='ltr'><strong>esset.</strong></span> <span class='ocrx_word' id='word_1_75' title='bbox 1028 1262 1083 1304; x_wconf 90' lang='lat' dir='ltr'><strong>et</strong></span> <span class='ocrx_word' id='word_1_76' title='bbox 1113 1267 1276 1321; x_wconf 91' lang='lat' dir='ltr'><strong>quam</strong></span> <span class='ocrx_word' id='word_1_77' title='bbox 1309 1250 1516 1320; x_wconf 87' lang='lat' dir='ltr'><strong>optime</strong></span> <span class='ocrx_word' id='word_1_78' title='bbox 1548 1250 1940 1319; x_wconf 88' lang='lat' dir='ltr'><strong>rempublicam</strong></span> <span class='ocrx_word' id='word_1_79' title='bbox 1974 1249 2154 1303; x_wconf 88' lang='lat' dir='ltr'><strong>admi-</strong></span> 
     </span>
    </p>
   </div>
   <div class='ocr_carea' id='block_1_15' title="bbox 579 1342 2155 1415">
    <p class='ocr_par' dir='ltr' id='par_1_15' title="bbox 579 1342 2155 1415">
     <span class='ocr_line' id='line_1_15' title="bbox 579 1342 2155 1415; baseline -0.004 -14"><span class='ocrx_word' id='word_1_80' title='bbox 579 1349 863 1401; x_wconf 86' lang='lat' dir='ltr'><strong>nistraret.</strong></span> <span class='ocrx_word' id='word_1_81' title='bbox 924 1345 1223 1415; x_wconf 79' lang='lat' dir='ltr'><strong>Postquam</strong></span> <span class='ocrx_word' id='word_1_82' title='bbox 1279 1342 1625 1413; x_wconf 75' lang='lat' dir='ltr'><strong>Chrysaphio</strong></span> <span class='ocrx_word' id='word_1_83' title='bbox 1685 1350 1924 1411; x_wconf 76' lang='lat' dir='ltr'><strong>emptum</strong></span> <span class='ocrx_word' id='word_1_84' title='bbox 1962 1342 2012 1394; x_wconf 91' lang='lat' dir='ltr'><strong>id</strong></span> <span class='ocrx_word' id='word_1_85' title='bbox 2048 1356 2155 1394; x_wconf 92' lang='lat' dir='ltr'><strong>non</strong></span> 
     </span>
    </p>
   </div>
   <div class='ocr_carea' id='block_1_16' title="bbox 578 1433 2156 1504">
    <p class='ocr_par' dir='ltr' id='par_1_16' title="bbox 578 1433 2156 1504">
     <span class='ocr_line' id='line_1_16' title="bbox 578 1433 2156 1504; baseline -0.003 -13"><span class='ocrx_word' id='word_1_86' title='bbox 578 1438 874 1501; x_wconf 77' lang='lat' dir='ltr'><strong>successit,</strong></span> <span class='ocrx_word' id='word_1_87' title='bbox 908 1436 1056 1490; x_wconf 84' lang='lat' dir='ltr'><strong>aliud</strong></span> <span class='ocrx_word' id='word_1_88' title='bbox 1110 1444 1195 1489; x_wconf 89' lang='lat' dir='ltr'><strong>est</strong></span> <span class='ocrx_word' id='word_1_89' title='bbox 1244 1446 1528 1504; x_wconf 81' lang='lat' dir='ltr'><strong>expertus,</strong></span> <span class='ocrx_word' id='word_1_90' title='bbox 1562 1443 1617 1487; x_wconf 88' lang='lat' dir='ltr'><strong>et</strong></span> <span class='ocrx_word' id='word_1_91' title='bbox 1650 1450 1868 1487; x_wconf 70' lang='lat' dir='ltr'><strong>rursum</strong></span> <span class='ocrx_word' id='word_1_92' title='bbox 1901 1433 2156 1489; x_wconf 69' lang='lat' dir='ltr'><strong>Eudocia:</strong></span> 
     </span>
    </p>
   </div>
   <div class='ocr_carea' id='block_1_17' title="bbox 580 1525 2159 1596">
    <p class='ocr_par' dir='ltr' id='par_1_17' title="bbox 580 1525 2159 1596">
     <span class='ocr_line' id='line_1_17' title="bbox 580 1525 2159 1596; baseline -0.002 -13"><span class='ocrx_word' id='word_1_93' title='bbox 580 1530 847 1584; x_wconf 88' lang='lat' dir='ltr'><strong>molestus</strong></span> <span class='ocrx_word' id='word_1_94' title='bbox 874 1526 1001 1588; x_wconf 81' lang='lat' dir='ltr'><strong>fuit,</strong></span> <span class='ocrx_word' id='word_1_95' title='bbox 1038 1527 1427 1596; x_wconf 88' lang='lat' dir='ltr'><strong>imperatorem</strong></span> <span class='ocrx_word' id='word_1_96' title='bbox 1475 1537 1533 1581; x_wconf 92' lang='lat' dir='ltr'><strong>ut</strong></span> <span class='ocrx_word' id='word_1_97' title='bbox 1564 1526 1871 1594; x_wconf 80' lang='lat' dir='ltr'><strong>instigaret,</strong></span> <span class='ocrx_word' id='word_1_98' title='bbox 1909 1541 2020 1595; x_wconf 90' lang='lat' dir='ltr'><strong>quo</strong></span> <span class='ocrx_word' id='word_1_99' title='bbox 2066 1525 2159 1580; x_wconf 89' lang='lat' dir='ltr'><strong>ille</strong></span> 
     </span>
    </p>
   </div>
   <div class='ocr_carea' id='block_1_18' title="bbox 578 1617 2159 1694">
    <p class='ocr_par' dir='ltr' id='par_1_18' title="bbox 578 1617 2159 1694">
     <span class='ocr_line' id='line_1_18' title="bbox 578 1617 2159 1694; baseline -0.003 -18"><span class='ocrx_word' id='word_1_100' title='bbox 578 1622 902 1694; x_wconf 68' lang='lat' dir='ltr'><strong>patriarchae</strong></span> <span class='ocrx_word' id='word_1_101' title='bbox 928 1630 1139 1674; x_wconf 88' lang='lat' dir='ltr'><strong>secreto</strong></span> <span class='ocrx_word' id='word_1_102' title='bbox 1164 1620 1486 1683; x_wconf 89' lang='lat' dir='ltr'><strong>insinuaret,</strong></span> <span class='ocrx_word' id='word_1_103' title='bbox 1514 1630 1573 1672; x_wconf 93' lang='lat' dir='ltr'><strong>ut</strong></span> <span class='ocrx_word' id='word_1_104' title='bbox 1602 1618 1945 1673; x_wconf 81' lang='lat' dir='ltr'><strong>Puleheriam</strong></span> <span class='ocrx_word' id='word_1_105' title='bbox 1973 1617 2159 1672; x_wconf 80' lang='lat' dir='ltr'><strong>diaco-</strong></span> 
     </span>
    </p>
   </div>
   <div class='ocr_carea' id='block_1_19' title="bbox 581 1711 2159 1780">
    <p class='ocr_par' dir='ltr' id='par_1_19' title="bbox 581 1711 2159 1780">
     <span class='ocr_line' id='line_1_19' title="bbox 581 1711 2159 1780; baseline -0.001 -12"><span class='ocrx_word' id='word_1_106' title='bbox 581 1718 783 1769; x_wconf 88' lang='lat' dir='ltr'><strong>nissam</strong></span> <span class='ocrx_word' id='word_1_107' title='bbox 842 1713 1146 1768; x_wconf 75' lang='lat' dir='ltr'><strong>ordinaret.</strong></span> <span class='ocrx_word' id='word_1_108' title='bbox 1201 1711 1316 1766; x_wconf 91' lang='lat' dir='ltr'><strong>IIoc</strong></span> <span class='ocrx_word' id='word_1_109' title='bbox 1367 1711 1610 1765; x_wconf 79' lang='lat' dir='ltr'><strong>Eudocia</strong></span> <span class='ocrx_word' id='word_1_110' title='bbox 1648 1728 1773 1765; x_wconf 78' lang='lat' dir='ltr'><strong>cum</strong></span> <span class='ocrx_word' id='word_1_111' title='bbox 1802 1721 2013 1780; x_wconf 90' lang='lat' dir='ltr'><strong>ageret,</strong></span> <span class='ocrx_word' id='word_1_112' title='bbox 2050 1711 2159 1766; x_wconf 79' lang='lat' dir='ltr'><strong>fre-</strong></span> 
     </span>
    </p>
   </div>
   <div class='ocr_carea' id='block_1_20' title="bbox 2264 517 3831 596">
    <p class='ocr_par' dir='ltr' id='par_1_20' title="bbox 2264 517 3831 596">
     <span class='ocr_line' id='line_1_20' title="bbox 2264 517 3831 596; baseline 0.005 -27"><span class='ocrx_word' id='word_1_113' title='bbox 2264 517 2439 587; x_wconf 83' lang='grc' dir='ltr'>μένην</span> <span class='ocrx_word' id='word_1_114' title='bbox 2489 518 2570 581; x_wconf 87' lang='grc' dir='ltr'><strong>είς</strong></span> <span class='ocrx_word' id='word_1_115' title='bbox 2627 519 3019 588; x_wconf 79' lang='grc' dir='ltr'><strong>Παλαιστίνην,</strong></span> <span class='ocrx_word' id='word_1_116' title='bbox 3055 522 3150 574; x_wconf 73' lang='grc' dir='ltr'>καὶ</span> <span class='ocrx_word' id='word_1_117' title='bbox 3179 520 3367 593; x_wconf 78' lang='grc' dir='ltr'>ἠρέμα</span> <span class='ocrx_word' id='word_1_118' title='bbox 3412 523 3553 576; x_wconf 77' lang='grc' dir='ltr'>κατὰ</span> <span class='ocrx_word' id='word_1_119' title='bbox 3597 523 3694 593; x_wconf 84' lang='grc' dir='ltr'><strong>τῆς</strong></span> <span class='ocrx_word' id='word_1_120' title='bbox 3730 542 3831 596; x_wconf 80' lang='grc' dir='ltr'>μη-</span> 
     </span>
    </p>
   </div>
   <div class='ocr_carea' id='block_1_21' title="bbox 2259 609 3828 683">
    <p class='ocr_par' dir='ltr' id='par_1_21' title="bbox 2259 609 3828 683">
     <span class='ocr_line' id='line_1_21' title="bbox 2259 609 3828 683; baseline 0.006 -23"><span class='ocrx_word' id='word_1_121' title='bbox 2259 609 2387 678; x_wconf 79' lang='grc' dir='ltr'>τρδς</span> <span class='ocrx_word' id='word_1_122' title='bbox 2443 609 2780 680; x_wconf 81' lang='grc' dir='ltr'>Πουλχερίας</span> <span class='ocrx_word' id='word_1_123' title='bbox 2813 612 3164 682; x_wconf 73' lang='grc' dir='ltr'><strong>διερεθίζειν.</strong></span> <span class='ocrx_word' id='word_1_124' title='bbox 3206 614 3318 666; x_wconf 77' lang='grc' dir='ltr'><strong>Καὶ</strong></span> <span class='ocrx_word' id='word_1_125' title='bbox 3371 613 3588 668; x_wconf 72' lang='grc' dir='ltr'>ἔπειθεν</span> <span class='ocrx_word' id='word_1_126' title='bbox 3635 616 3828 683; x_wconf 76' lang='grc' dir='ltr'>ἀφελέ-</span> 
     </span>
    </p>
   </div>
   <div class='ocr_carea' id='block_1_22' title="bbox 2263 688 3829 777">
    <p class='ocr_par' dir='ltr' id='par_1_22' title="bbox 2263 688 3829 777">
     <span class='ocr_line' id='line_1_22' title="bbox 2263 688 3829 777; baseline 0.004 -25"><span class='ocrx_word' id='word_1_127' title='bbox 2263 699 2385 752; x_wconf 68' lang='grc' dir='ltr'>σθαι</span> <span class='ocrx_word' id='word_1_128' title='bbox 2433 694 2533 767; x_wconf 84' lang='grc' dir='ltr'><strong>μέν</strong></span> <span class='ocrx_word' id='word_1_129' title='bbox 2563 701 2734 769; x_wconf 80' lang='grc' dir='ltr'>αὐτῆς</span> <span class='ocrx_word' id='word_1_130' title='bbox 2783 702 2874 755; x_wconf 71' lang='grc' dir='ltr'><strong>τὸν</strong></span> <span class='ocrx_word' id='word_1_131' title='bbox 2904 688 3330 770; x_wconf 74' lang='grc' dir='ltr'><strong>¹Πραιπὸσιτον,</strong></span> <span class='ocrx_word' id='word_1_132' title='bbox 3364 706 3532 776; x_wconf 71' lang='grc' dir='ltr'>ἑαυτῇ</span> <span class='ocrx_word' id='word_1_133' title='bbox 3564 707 3620 759; x_wconf 82' lang='grc' dir='ltr'>δὲ</span> <span class='ocrx_word' id='word_1_134' title='bbox 3664 724 3829 777; x_wconf 84' lang='grc' dir='ltr'>προσ-</span> 
     </span>
    </p>
   </div>
   <div class='ocr_carea' id='block_1_23' title="bbox 2264 793 3829 869">
    <p class='ocr_par' dir='ltr' id='par_1_23' title="bbox 2264 793 3829 869">
     <span class='ocr_line' id='line_1_23' title="bbox 2264 793 3829 869; baseline 0.006 -25"><span class='ocrx_word' id='word_1_135' title='bbox 2264 793 2526 861; x_wconf 75' lang='grc' dir='ltr'><strong>ποιῆσαι⁹</strong></span> <span class='ocrx_word' id='word_1_136' title='bbox 2587 793 2682 846; x_wconf 74' lang='grc' dir='ltr'><strong>ὑπ’</strong></span> <span class='ocrx_word' id='word_1_137' title='bbox 2746 793 2937 866; x_wconf 78' lang='grc' dir='ltr'>ἐκείνῃ</span> <span class='ocrx_word' id='word_1_138' title='bbox 2970 796 3078 866; x_wconf 80' lang='grc' dir='ltr'>γὰρ</span> <span class='ocrx_word' id='word_1_139' title='bbox 3110 795 3263 861; x_wconf 82' lang='grc' dir='ltr'>οὗτος</span> <span class='ocrx_word' id='word_1_140' title='bbox 3321 798 3595 863; x_wconf 77' lang='grc' dir='ltr'>ἐτάττετο,</span> <span class='ocrx_word' id='word_1_141' title='bbox 3642 793 3736 853; x_wconf 65' lang='grc' dir='ltr'>ἅτε</span> <span class='ocrx_word' id='word_1_142' title='bbox 3768 801 3829 869; x_wconf 81' lang='grc' dir='ltr'>δὴ</span> 
     </span>
    </p>
   </div>
   <div class='ocr_carea' id='block_1_24' title="bbox 2261 886 3829 961">
    <p class='ocr_par' dir='ltr' id='par_1_24' title="bbox 2261 886 3829 961">
     <span class='ocr_line' id='line_1_24' title="bbox 2261 886 3829 961; baseline 0.004 -24"><span class='ocrx_word' id='word_1_143' title='bbox 2261 886 2604 957; x_wconf 65' lang='grc' dir='ltr'>ἐφισταμένῃ</span> <span class='ocrx_word' id='word_1_144' title='bbox 2635 889 2748 949; x_wconf 86' lang='grc' dir='ltr'>τοῖς</span> <span class='ocrx_word' id='word_1_145' title='bbox 2777 888 3094 957; x_wconf 72' lang='grc' dir='ltr'>πράγμασι.</span> <span class='ocrx_word' id='word_1_146' title='bbox 3137 888 3249 943; x_wconf 77' lang='grc' dir='ltr'><strong>Καὶ</strong></span> <span class='ocrx_word' id='word_1_147' title='bbox 3296 891 3497 960; x_wconf 82' lang='grc' dir='ltr'>πεῖραν</span> <span class='ocrx_word' id='word_1_148' title='bbox 3537 890 3595 944; x_wconf 84' lang='grc' dir='ltr'>οὐ</span> <span class='ocrx_word' id='word_1_149' title='bbox 3631 891 3829 961; x_wconf 75' lang='grc' dir='ltr'>μικρὰν</span> 
     </span>
    </p>
   </div>
   <div class='ocr_carea' id='block_1_25' title="bbox 2262 970 3829 1054">
    <p class='ocr_par' dir='ltr' id='par_1_25' title="bbox 2262 970 3829 1054">
     <span class='ocr_line' id='line_1_25' title="bbox 2262 970 3829 1054; baseline 0.005 -25"><span class='ocrx_word' id='word_1_150' title='bbox 2262 977 2542 1045; x_wconf 78' lang='grc' dir='ltr'>προσῆγεν</span> <span class='ocrx_word' id='word_1_151' title='bbox 2576 981 2609 1047; x_wconf 85' lang='grc' dir='ltr'><strong>ἡ</strong></span> <span class='ocrx_word' id='word_1_152' title='bbox 2640 977 2872 1033; x_wconf 79' lang='grc' dir='ltr'>Εὐδοκία</span> <span class='ocrx_word' id='word_1_153' title='bbox 2922 979 3000 1051; x_wconf 85' lang='grc' dir='ltr'>τῷ</span> <span class='ocrx_word' id='word_1_154' title='bbox 3043 980 3274 1050; x_wconf 84' lang='grc' dir='ltr'>βασιλεῖ,</span> <span class='ocrx_word' id='word_1_155' title='bbox 3329 983 3422 1035; x_wconf 76' lang='grc' dir='ltr'><strong>τὸν</strong></span> <span class='ocrx_word' id='word_1_156' title='bbox 3467 970 3829 1054; x_wconf 68' lang='grc' dir='ltr'>Πραιτὲὁσιτον</span> 
     </span>
    </p>
   </div>
   <div class='ocr_carea' id='block_1_26' title="bbox 2261 1070 3829 1147">
    <p class='ocr_par' dir='ltr' id='par_1_26' title="bbox 2261 1070 3829 1147">
     <span class='ocr_line' id='line_1_26' title="bbox 2261 1070 3829 1147; baseline 0.004 -25"><span class='ocrx_word' id='word_1_157' title='bbox 2261 1070 2572 1140; x_wconf 75' lang='grc' dir='ltr'>ἀποστῆσαι</span> <span class='ocrx_word' id='word_1_158' title='bbox 2601 1071 2701 1139; x_wconf 78' lang='grc' dir='ltr'>τῆς</span> <span class='ocrx_word' id='word_1_159' title='bbox 2748 1071 3108 1143; x_wconf 78' lang='grc' dir='ltr'>Πουλχερίας.</span> <span class='ocrx_word' id='word_1_160' title='bbox 3154 1070 3317 1139; x_wconf 41' lang='grc' dir='ltr'>Ἀλλ’,</span> <span class='ocrx_word' id='word_1_161' title='bbox 3349 1076 3595 1144; x_wconf 68' lang='grc' dir='ltr'>οὐδαμῶς</span> <span class='ocrx_word' id='word_1_162' title='bbox 3641 1078 3829 1147; x_wconf 80' lang='grc' dir='ltr'>πειθή-</span> 
     </span>
    </p>
   </div>
   <div class='ocr_carea' id='block_1_27' title="bbox 2262 1156 3832 1240">
    <p class='ocr_par' dir='ltr' id='par_1_27' title="bbox 2262 1156 3832 1240">
     <span class='ocr_line' id='line_1_27' title="bbox 2262 1156 3832 1240; baseline 0.004 -24"><span class='ocrx_word' id='word_1_163' title='bbox 2262 1179 2374 1224; x_wconf 86' lang='grc' dir='ltr'>νιος</span> <span class='ocrx_word' id='word_1_164' title='bbox 2420 1156 2488 1231; x_wconf 80' lang='grc' dir='ltr'>ἦν</span> <span class='ocrx_word' id='word_1_165' title='bbox 2516 1162 2543 1213; x_wconf 86' lang='grc' dir='ltr'><strong>ὁ</strong></span> <span class='ocrx_word' id='word_1_166' title='bbox 2580 1164 2820 1232; x_wconf 83' lang='grc' dir='ltr'>κρατῶν,</span> <span class='ocrx_word' id='word_1_167' title='bbox 2858 1166 3193 1235; x_wconf 75' lang='grc' dir='ltr'><strong>ἀποτρέπων</strong></span> <span class='ocrx_word' id='word_1_168' title='bbox 3241 1162 3323 1230; x_wconf 74' lang='grc' dir='ltr'>οἷς</span> <span class='ocrx_word' id='word_1_169' title='bbox 3365 1186 3423 1221; x_wconf 85' lang='grc' dir='ltr'><strong>τε</strong></span> <span class='ocrx_word' id='word_1_170' title='bbox 3469 1171 3534 1238; x_wconf 81' lang='grc' dir='ltr'>τῇ</span> <span class='ocrx_word' id='word_1_171' title='bbox 3587 1168 3832 1240; x_wconf 62' lang='grc' dir='ltr'>βασιλείᾳ.</span> 
     </span>
    </p>
   </div>
   <div class='ocr_carea' id='block_1_28' title="bbox 2263 1252 3831 1329">
    <p class='ocr_par' dir='ltr' id='par_1_28' title="bbox 2263 1252 3831 1329">
     <span class='ocr_line' id='line_1_28' title="bbox 2263 1252 3831 1329; baseline 0.006 -25"><span class='ocrx_word' id='word_1_172' title='bbox 2263 1252 2551 1324; x_wconf 78' lang='grc' dir='ltr'>γεννηθείη</span> <span class='ocrx_word' id='word_1_173' title='bbox 2574 1271 2631 1306; x_wconf 91' lang='grc' dir='ltr'><strong>τε</strong></span> <span class='ocrx_word' id='word_1_174' title='bbox 2668 1257 2763 1307; x_wconf 71' lang='grc' dir='ltr'>καὶ</span> <span class='ocrx_word' id='word_1_175' title='bbox 2794 1258 3051 1327; x_wconf 79' lang='grc' dir='ltr'><strong>τραφείη,</strong></span> <span class='ocrx_word' id='word_1_176' title='bbox 3086 1259 3183 1311; x_wconf 74' lang='grc' dir='ltr'>καὶ</span> <span class='ocrx_word' id='word_1_177' title='bbox 3210 1260 3285 1321; x_wconf 81' lang='grc' dir='ltr'>ὡς</span> <span class='ocrx_word' id='word_1_178' title='bbox 3316 1258 3493 1329; x_wconf 79' lang='grc' dir='ltr'>χρεὼν</span> <span class='ocrx_word' id='word_1_179' title='bbox 3521 1261 3589 1313; x_wconf 81' lang='grc' dir='ltr'>τὰ</span> <span class='ocrx_word' id='word_1_180' title='bbox 3617 1262 3713 1329; x_wconf 76' lang='grc' dir='ltr'>τῆς</span> <span class='ocrx_word' id='word_1_181' title='bbox 3736 1275 3831 1314; x_wconf 78' lang='grc' dir='ltr'>πο-</span> 
     </span>
    </p>
   </div>
   <div class='ocr_carea' id='block_1_29' title="bbox 2263 1346 3833 1421">
    <p class='ocr_par' dir='ltr' id='par_1_29' title="bbox 2263 1346 3833 1421">
     <span class='ocr_line' id='line_1_29' title="bbox 2263 1346 3833 1421; baseline 0.005 -24"><span class='ocrx_word' id='word_1_182' title='bbox 2263 1346 2467 1408; x_wconf 77' lang='grc' dir='ltr'>λιτείας</span> <span class='ocrx_word' id='word_1_183' title='bbox 2498 1348 2531 1414; x_wconf 76' lang='grc' dir='ltr'><strong>ἡ</strong></span> <span class='ocrx_word' id='word_1_184' title='bbox 2575 1346 2780 1415; x_wconf 62' lang='grc' dir='ltr'>ἀδελφὴ</span> <span class='ocrx_word' id='word_1_185' title='bbox 2822 1347 3218 1420; x_wconf 75' lang='grc' dir='ltr'>διαχειρίζεται</span> <span class='ocrx_word' id='word_1_186' title='bbox 3264 1352 3601 1421; x_wconf 72' lang='grc' dir='ltr'>πράγματα·</span> <span class='ocrx_word' id='word_1_187' title='bbox 3641 1348 3833 1411; x_wconf 71' lang='grc' dir='ltr'>ἐπεὶ,δ’</span> 
     </span>
    </p>
   </div>
   <div class='ocr_carea' id='block_1_30' title="bbox 2263 1438 3831 1514">
    <p class='ocr_par' dir='ltr' id='par_1_30' title="bbox 2263 1438 3831 1514">
     <span class='ocr_line' id='line_1_30' title="bbox 2263 1438 3831 1514; baseline 0.006 -24"><span class='ocrx_word' id='word_1_188' title='bbox 2263 1439 2291 1489; x_wconf 82' lang='grc' dir='ltr'><strong>ὁ</strong></span> <span class='ocrx_word' id='word_1_189' title='bbox 2327 1438 2643 1507; x_wconf 71' lang='grc' dir='ltr'>Χρυσὰφιος</span> <span class='ocrx_word' id='word_1_190' title='bbox 2689 1443 2788 1511; x_wconf 83' lang='grc' dir='ltr'>τῆς</span> <span class='ocrx_word' id='word_1_191' title='bbox 2815 1442 3036 1512; x_wconf 81' lang='grc' dir='ltr'><strong>πρώτης</strong></span> <span class='ocrx_word' id='word_1_192' title='bbox 3075 1445 3421 1512; x_wconf 82' lang='grc' dir='ltr'>απετύγχανε</span> <span class='ocrx_word' id='word_1_193' title='bbox 3454 1446 3671 1514; x_wconf 81' lang='grc' dir='ltr'>πείρας,</span> <span class='ocrx_word' id='word_1_194' title='bbox 3708 1443 3831 1499; x_wconf 79' lang='grc' dir='ltr'>δευ-</span> 
     </span>
    </p>
   </div>
   <div class='ocr_carea' id='block_1_31' title="bbox 2264 1530 3834 1608">
    <p class='ocr_par' dir='ltr' id='par_1_31' title="bbox 2264 1530 3834 1608">
     <span class='ocr_line' id='line_1_31' title="bbox 2264 1530 3834 1608; baseline 0.005 -25"><span class='ocrx_word' id='word_1_195' title='bbox 2264 1532 2325 1583; x_wconf 86' lang='grc' dir='ltr'><strong>τέ</strong></span> <span class='ocrx_word' id='word_1_196' title='bbox 2334 1547 2432 1599; x_wconf 74' lang='grc' dir='ltr'><strong>ραν</strong></span> <span class='ocrx_word' id='word_1_197' title='bbox 2456 1531 2623 1599; x_wconf 79' lang='grc' dir='ltr'>ἄλλην</span> <span class='ocrx_word' id='word_1_198' title='bbox 2647 1532 2919 1603; x_wconf 80' lang='grc' dir='ltr'>προσῆγε.</span> <span class='ocrx_word' id='word_1_199' title='bbox 2945 1534 3056 1587; x_wconf 78' lang='grc' dir='ltr'><strong>Καὶ</strong></span> <span class='ocrx_word' id='word_1_200' title='bbox 3081 1530 3239 1594; x_wconf 75' lang='grc' dir='ltr'>αὖθις</span> <span class='ocrx_word' id='word_1_201' title='bbox 3262 1539 3326 1607; x_wconf 83' lang='grc' dir='ltr'><strong>τῇ</strong></span> <span class='ocrx_word' id='word_1_202' title='bbox 3354 1537 3583 1608; x_wconf 80' lang='grc' dir='ltr'>Εὑδοκίᾳ</span> <span class='ocrx_word' id='word_1_203' title='bbox 3605 1538 3834 1608; x_wconf 61' lang='grc' dir='ltr'>ὴνώχλει</span> 
     </span>
    </p>
   </div>
   <div class='ocr_carea' id='block_1_32' title="bbox 2267 1620 3836 1701">
    <p class='ocr_par' dir='ltr' id='par_1_32' title="bbox 2267 1620 3836 1701">
     <span class='ocr_line' id='line_1_32' title="bbox 2267 1620 3836 1701; baseline 0.005 -27"><span class='ocrx_word' id='word_1_204' title='bbox 2267 1620 2496 1692; x_wconf 78' lang='grc' dir='ltr'>βασιλέα</span> <span class='ocrx_word' id='word_1_205' title='bbox 2529 1624 2853 1694; x_wconf 76' lang='grc' dir='ltr'>διερεθίζειν</span> <span class='ocrx_word' id='word_1_206' title='bbox 2906 1622 2963 1679; x_wconf 83' lang='grc' dir='ltr'><strong>ἐν</strong></span> <span class='ocrx_word' id='word_1_207' title='bbox 3026 1628 3329 1699; x_wconf 73' lang='grc' dir='ltr'>ἀπορρήτῳ</span> <span class='ocrx_word' id='word_1_208' title='bbox 3382 1631 3696 1701; x_wconf 72' lang='grc' dir='ltr'>πατριάρχῃ</span> <span class='ocrx_word' id='word_1_209' title='bbox 3743 1633 3836 1700; x_wconf 55' lang='grc' dir='ltr'>δτι-</span> 
     </span>
    </p>
   </div>
   <div class='ocr_carea' id='block_1_33' title="bbox 2266 1711 3835 1789">
    <p class='ocr_par' dir='ltr' id='par_1_33' title="bbox 2266 1711 3835 1789">
     <span class='ocr_line' id='line_1_33' title="bbox 2266 1711 3835 1789; baseline 0.007 -27"><span class='ocrx_word' id='word_1_210' title='bbox 2266 1711 2414 1774; x_wconf 82' lang='grc' dir='ltr'>λοῦν,</span> <span class='ocrx_word' id='word_1_211' title='bbox 2448 1712 2698 1766; x_wconf 81' lang='grc' dir='ltr'>διάκονον</span> <span class='ocrx_word' id='word_1_212' title='bbox 2731 1714 2829 1783; x_wconf 78' lang='grc' dir='ltr'>τὴν</span> <span class='ocrx_word' id='word_1_213' title='bbox 2877 1714 3219 1787; x_wconf 85' lang='grc' dir='ltr'>Πουλχερίαν</span> <span class='ocrx_word' id='word_1_214' title='bbox 3263 1725 3612 1789; x_wconf 79' lang='grc' dir='ltr'>χειροτονεῖν.</span> <span class='ocrx_word' id='word_1_215' title='bbox 3650 1717 3835 1784; x_wconf 78' lang='grc' dir='ltr'>υΰτως</span> 
     </span>
    </p>
   </div>
   <div class='ocr_carea' id='block_1_34' title="bbox 580 1793 2162 1877">
    <p class='ocr_par' dir='ltr' id='par_1_34' title="bbox 580 1803 2154 1877">
     <span class='ocr_line' id='line_1_34' title="bbox 580 1803 2154 1877; baseline -0.002 -18"><span class='ocrx_word' id='word_1_216' title='bbox 580 1808 769 1877; x_wconf 89' lang='lat' dir='ltr'><strong>quenti</strong></span> <span class='ocrx_word' id='word_1_217' title='bbox 792 1806 1142 1876; x_wconf 79' lang='lat' dir='ltr'><strong>suggestione</strong></span> <span class='ocrx_word' id='word_1_218' title='bbox 1168 1807 1387 1857; x_wconf 86' lang='lat' dir='ltr'><strong>tandem</strong></span> <span class='ocrx_word' id='word_1_219' title='bbox 1415 1803 1767 1858; x_wconf 90' lang='lat' dir='ltr'><strong>mitissimum</strong></span> <span class='ocrx_word' id='word_1_220' title='bbox 1804 1803 2154 1874; x_wconf 83' lang='lat' dir='ltr'><strong>imperatoris</strong></span> 
     </span>
    </p>
   </div>
   <div class='ocr_carea' id='block_1_35' title="bbox 2269 1793 3833 1877">
    <p class='ocr_par' dir='ltr' id='par_1_35' title="bbox 2269 1797 3833 1875">
     <span class='ocr_line' id='line_1_35' title="bbox 2269 1797 3833 1875; baseline 0.007 -22"><span class='ocrx_word' id='word_1_221' title='bbox 2269 1797 2351 1855; x_wconf 58' lang='grc' dir='ltr'>οὖν</span> <span class='ocrx_word' id='word_1_222' title='bbox 2387 1801 2610 1872; x_wconf 74' lang='grc' dir='ltr'>ἔχουσα,</span> <span class='ocrx_word' id='word_1_223' title='bbox 2646 1804 2894 1872; x_wconf 79' lang='grc' dir='ltr'><strong>κάμπτει</strong></span> <span class='ocrx_word' id='word_1_224' title='bbox 2944 1807 3100 1875; x_wconf 82' lang='grc' dir='ltr'>μόλις</span> <span class='ocrx_word' id='word_1_225' title='bbox 3141 1808 3217 1875; x_wconf 81' lang='grc' dir='ltr'>τῷ</span> <span class='ocrx_word' id='word_1_226' title='bbox 3249 1809 3471 1873; x_wconf 80' lang='grc' dir='ltr'>πυκνῶς</span> <span class='ocrx_word' id='word_1_227' title='bbox 3513 1811 3833 1864; x_wconf 68' lang='grc' dir='ltr'>ὑποϐάλλειν</span> 
     </span>
    </p>
   </div>
   <div class='ocr_carea' id='block_1_36' title="bbox 581 1888 2166 1967">
    <p class='ocr_par' dir='ltr' id='par_1_36' title="bbox 581 1888 2166 1967">
     <span class='ocr_line' id='line_1_36' title="bbox 581 1888 2166 1967; baseline -0.002 -13"><span class='ocrx_word' id='word_1_228' title='bbox 581 1902 826 1954; x_wconf 89' lang='lat' dir='ltr'><strong>animum</strong></span> <span class='ocrx_word' id='word_1_229' title='bbox 874 1888 1046 1951; x_wconf 70' lang='lat' dir='ltr'><strong>ﬂexit.</strong></span> <span class='ocrx_word' id='word_1_230' title='bbox 1117 1896 1252 1950; x_wconf 90' lang='lat' dir='ltr'><strong>Nam</strong></span> <span class='ocrx_word' id='word_1_231' title='bbox 1285 1907 1337 1949; x_wconf 88' lang='lat' dir='ltr'><strong>et</strong></span> <span class='ocrx_word' id='word_1_232' title='bbox 1390 1896 1626 1966; x_wconf 85' lang='lat' dir='ltr'><strong>lapidem</strong></span> <span class='ocrx_word' id='word_1_233' title='bbox 1685 1912 1840 1967; x_wconf 65' lang='lat' dir='ltr'><strong>aqua:</strong></span> <span class='ocrx_word' id='word_1_234' title='bbox 1873 1907 2030 1966; x_wconf 86' lang='lat' dir='ltr'><strong>gutta</strong></span> <span class='ocrx_word' id='word_1_235' title='bbox 2056 1896 2166 1951; x_wconf 83' lang='lat' dir='ltr'><strong>fre-</strong></span> 
     </span>
    </p>
   </div>
   <div class='ocr_carea' id='block_1_37' title="bbox 581 1988 2160 2060">
    <p class='ocr_par' dir='ltr' id='par_1_37' title="bbox 581 1988 2160 2060">
     <span class='ocr_line' id='line_1_37' title="bbox 581 1988 2160 2060; baseline -0.002 -16"><span class='ocrx_word' id='word_1_236' title='bbox 581 1992 840 2060; x_wconf 81' lang='lat' dir='ltr'><strong>quentius</strong></span> <span class='ocrx_word' id='word_1_237' title='bbox 881 1989 1133 2043; x_wconf 87' lang='lat' dir='ltr'><strong>delluens</strong></span> <span class='ocrx_word' id='word_1_238' title='bbox 1165 2002 1432 2042; x_wconf 78' lang='lat' dir='ltr'><strong>excavare</strong></span> <span class='ocrx_word' id='word_1_239' title='bbox 1490 1989 1648 2042; x_wconf 85' lang='lat' dir='ltr'><strong>solet.</strong></span> <span class='ocrx_word' id='word_1_240' title='bbox 1686 1988 2030 2042; x_wconf 76' lang='lat' dir='ltr'><strong>Theodosius</strong></span> <span class='ocrx_word' id='word_1_241' title='bbox 2061 2004 2160 2056; x_wconf 86' lang='lat' dir='ltr'><strong>pa-</strong></span> 
     </span>
    </p>
   </div>
   <div class='ocr_carea' id='block_1_38' title="bbox 583 2079 2156 2152">
    <p class='ocr_par' dir='ltr' id='par_1_38' title="bbox 583 2079 2156 2152">
     <span class='ocr_line' id='line_1_38' title="bbox 583 2079 2156 2152; baseline -0.003 -14"><span class='ocrx_word' id='word_1_242' title='bbox 583 2083 835 2138; x_wconf 71' lang='lat' dir='ltr'><strong>triarcha:</strong></span> <span class='ocrx_word' id='word_1_243' title='bbox 864 2079 931 2135; x_wconf 84' lang='lat' dir='ltr'><strong>ad</strong></span> <span class='ocrx_word' id='word_1_244' title='bbox 999 2095 1059 2135; x_wconf 91' lang='lat' dir='ltr'><strong>se</strong></span> <span class='ocrx_word' id='word_1_245' title='bbox 1120 2092 1318 2135; x_wconf 88' lang='lat' dir='ltr'><strong>vocato</strong></span> <span class='ocrx_word' id='word_1_246' title='bbox 1373 2096 1634 2135; x_wconf 86' lang='lat' dir='ltr'><strong>arcanum</strong></span> <span class='ocrx_word' id='word_1_247' title='bbox 1673 2079 1954 2135; x_wconf 83' lang='lat' dir='ltr'><strong>indicavit.</strong></span> <span class='ocrx_word' id='word_1_248' title='bbox 1991 2080 2156 2152; x_wconf 70' lang='grc'><strong>548</strong></span> 
     </span>
    </p>
   </div>
   <div class='ocr_carea' id='block_1_39' title="bbox 584 2176 2159 2245">
    <p class='ocr_par' dir='ltr' id='par_1_39' title="bbox 584 2176 2159 2245">
     <span class='ocr_line' id='line_1_39' title="bbox 584 2176 2159 2245; baseline -0.003 -12"><span class='ocrx_word' id='word_1_249' title='bbox 584 2180 651 2233; x_wconf 77' lang='lat' dir='ltr'><strong>Et</strong></span> <span class='ocrx_word' id='word_1_250' title='bbox 687 2177 777 2232; x_wconf 87' lang='lat' dir='ltr'><strong>ille</strong></span> <span class='ocrx_word' id='word_1_251' title='bbox 812 2177 865 2230; x_wconf 93' lang='lat' dir='ltr'><strong>iu</strong></span> <span class='ocrx_word' id='word_1_252' title='bbox 900 2188 1194 2231; x_wconf 62' lang='lat' dir='ltr'><strong>maerorem</strong></span> <span class='ocrx_word' id='word_1_253' title='bbox 1222 2176 1508 2243; x_wconf 85' lang='lat' dir='ltr'><strong>conjectus</strong></span> <span class='ocrx_word' id='word_1_254' title='bbox 1566 2176 1886 2245; x_wconf 84' lang='lat' dir='ltr'><strong>imperatori</strong></span> <span class='ocrx_word' id='word_1_255' title='bbox 1937 2176 2159 2245; x_wconf 71' lang='lat' dir='ltr'><strong>qu‘dem</strong></span> 
     </span>
    </p>
   </div>
   <div class='ocr_carea' id='block_1_40' title="bbox 582 2272 2164 2346">
    <p class='ocr_par' dir='ltr' id='par_1_40' title="bbox 582 2272 2164 2346">
     <span class='ocr_line' id='line_1_40' title="bbox 582 2272 2164 2346; baseline -0.002 -18"><span class='ocrx_word' id='word_1_256' title='bbox 582 2275 729 2345; x_wconf 90' lang='lat' dir='ltr'><strong>quod</strong></span> <span class='ocrx_word' id='word_1_257' title='bbox 760 2277 810 2330; x_wconf 90' lang='lat' dir='ltr'><strong>ei</strong></span> <span class='ocrx_word' id='word_1_258' title='bbox 842 2285 1057 2346; x_wconf 79' lang='lat' dir='ltr'><strong>gratum</strong></span> <span class='ocrx_word' id='word_1_259' title='bbox 1082 2283 1248 2338; x_wconf 82' lang='lat' dir='ltr'><strong>esset,</strong></span> <span class='ocrx_word' id='word_1_260' title='bbox 1282 2273 1531 2327; x_wconf 83' lang='lat' dir='ltr'><strong>facturus</strong></span> <span class='ocrx_word' id='word_1_261' title='bbox 1577 2273 1727 2326; x_wconf 88' lang='lat' dir='ltr'><strong>visus</strong></span> <span class='ocrx_word' id='word_1_262' title='bbox 1769 2278 1893 2326; x_wconf 85' lang='lat' dir='ltr'><strong>est:</strong></span> <span class='ocrx_word' id='word_1_263' title='bbox 1933 2272 2164 2325; x_wconf 79' lang='lat' dir='ltr'><strong>Pulche-</strong></span> 
     </span>
    </p>
   </div>
   <div class='ocr_carea' id='block_1_41' title="bbox 580 2363 2157 2428">
    <p class='ocr_par' dir='ltr' id='par_1_41' title="bbox 580 2363 2157 2428">
     <span class='ocr_line' id='line_1_41' title="bbox 580 2363 2157 2428; baseline -0.004 -6"><span class='ocrx_word' id='word_1_264' title='bbox 580 2370 720 2422; x_wconf 84' lang='lat' dir='ltr'><strong>riam</strong></span> <span class='ocrx_word' id='word_1_265' title='bbox 773 2378 955 2423; x_wconf 90' lang='lat' dir='ltr'><strong>autem</strong></span> <span class='ocrx_word' id='word_1_266' title='bbox 1004 2366 1202 2422; x_wconf 88' lang='lat' dir='ltr'><strong>litteris</strong></span> <span class='ocrx_word' id='word_1_267' title='bbox 1252 2364 1646 2419; x_wconf 85' lang='lat' dir='ltr'><strong>secretioribus</strong></span> <span class='ocrx_word' id='word_1_268' title='bbox 1684 2363 1980 2418; x_wconf 85' lang='lat' dir='ltr'><strong>certiorem</strong></span> <span class='ocrx_word' id='word_1_269' title='bbox 2004 2363 2157 2428; x_wconf 80' lang='lat' dir='ltr'><strong>fecit,</strong></span> 
     </span>
    </p>
   </div>
   <div class='ocr_carea' id='block_1_42' title="bbox 581 2455 2162 2529">
    <p class='ocr_par' dir='ltr' id='par_1_42' title="bbox 581 2455 2162 2529">
     <span class='ocr_line' id='line_1_42' title="bbox 581 2455 2162 2529; baseline -0.002 -18"><span class='ocrx_word' id='word_1_270' title='bbox 581 2470 647 2514; x_wconf 91' lang='grc' dir='ltr'><strong>ιιι</strong></span> <span class='ocrx_word' id='word_1_271' title='bbox 672 2475 1017 2529; x_wconf 73' lang='lat' dir='ltr'><strong>nequaquam</strong></span> <span class='ocrx_word' id='word_1_272' title='bbox 1058 2459 1110 2512; x_wconf 93' lang='lat' dir='ltr'><strong>iu</strong></span> <span class='ocrx_word' id='word_1_273' title='bbox 1151 2466 1507 2526; x_wconf 84' lang='lat' dir='ltr'><strong>conspectum</strong></span> <span class='ocrx_word' id='word_1_274' title='bbox 1535 2459 1659 2525; x_wconf 84' lang='lat' dir='ltr'><strong>ejus</strong></span> <span class='ocrx_word' id='word_1_275' title='bbox 1683 2456 1918 2520; x_wconf 86' lang='lat' dir='ltr'><strong>veniret,</strong></span> <span class='ocrx_word' id='word_1_276' title='bbox 1954 2473 2023 2510; x_wconf 89' lang='lat' dir='ltr'><strong>ne</strong></span> <span class='ocrx_word' id='word_1_277' title='bbox 2050 2455 2162 2510; x_wconf 88' lang='lat' dir='ltr'><strong>sci-</strong></span> 
     </span>
    </p>
   </div>
   <div class='ocr_carea' id='block_1_43' title="bbox 580 2548 2163 2620">
    <p class='ocr_par' dir='ltr' id='par_1_43' title="bbox 580 2548 2163 2620">
     <span class='ocr_line' id='line_1_43' title="bbox 580 2548 2163 2620; baseline -0.003 -15"><span class='ocrx_word' id='word_1_278' title='bbox 580 2551 873 2620; x_wconf 82' lang='lat' dir='ltr'><strong>liectquod</strong></span> <span class='ocrx_word' id='word_1_279' title='bbox 896 2561 953 2604; x_wconf 90' lang='lat' dir='ltr'><strong>et</strong></span> <span class='ocrx_word' id='word_1_280' title='bbox 980 2550 1081 2604; x_wconf 86' lang='lat' dir='ltr'><strong>sibi</strong></span> <span class='ocrx_word' id='word_1_281' title='bbox 1103 2548 1202 2617; x_wconf 83' lang='lat' dir='ltr'><strong>ipsi</strong></span> <span class='ocrx_word' id='word_1_282' title='bbox 1236 2557 1291 2602; x_wconf 91' lang='lat' dir='ltr'><strong>et</strong></span> <span class='ocrx_word' id='word_1_283' title='bbox 1324 2548 1399 2602; x_wconf 92' lang='lat' dir='ltr'><strong>illi</strong></span> <span class='ocrx_word' id='word_1_284' title='bbox 1430 2563 1623 2617; x_wconf 82' lang='lat' dir='ltr'><strong>parum</strong></span> <span class='ocrx_word' id='word_1_285' title='bbox 1650 2559 1865 2618; x_wconf 87' lang='lat' dir='ltr'><strong>gratum</strong></span> <span class='ocrx_word' id='word_1_286' title='bbox 1894 2556 2060 2613; x_wconf 85' lang='lat' dir='ltr'><strong>esset,</strong></span> <span class='ocrx_word' id='word_1_287' title='bbox 2083 2548 2163 2602; x_wconf 82' lang='lat' dir='ltr'><strong>fa-</strong></span> 
     </span>
    </p>
   </div>
   <div class='ocr_carea' id='block_1_44' title="bbox 581 2638 2162 2711">
    <p class='ocr_par' dir='ltr' id='par_1_44' title="bbox 581 2638 2162 2711">
     <span class='ocr_line' id='line_1_44' title="bbox 581 2638 2162 2711; baseline -0.001 -18"><span class='ocrx_word' id='word_1_288' title='bbox 581 2658 709 2695; x_wconf 70' lang='lat' dir='ltr'><strong>cere</strong></span> <span class='ocrx_word' id='word_1_289' title='bbox 762 2652 1071 2711; x_wconf 79' lang='lat' dir='ltr'><strong>cogeretur.</strong></span> <span class='ocrx_word' id='word_1_290' title='bbox 1128 2639 1417 2693; x_wconf 86' lang='lat' dir='ltr'><strong>Pulcheria</strong></span> <span class='ocrx_word' id='word_1_291' title='bbox 1497 2640 1679 2692; x_wconf 86' lang='lat' dir='ltr'><strong>statim</strong></span> <span class='ocrx_word' id='word_1_292' title='bbox 1729 2638 1861 2707; x_wconf 87' lang='lat' dir='ltr'><strong>quid</strong></span> <span class='ocrx_word' id='word_1_293' title='bbox 1907 2648 2162 2708; x_wconf 83' lang='lat' dir='ltr'><strong>ageretur</strong></span> 
     </span>
    </p>
   </div>
   <div class='ocr_carea' id='block_1_45' title="bbox 581 2730 2165 2803">
    <p class='ocr_par' dir='ltr' id='par_1_45' title="bbox 581 2730 2165 2803">
     <span class='ocr_line' id='line_1_45' title="bbox 581 2730 2165 2803; baseline -0.001 -14"><span class='ocrx_word' id='word_1_294' title='bbox 581 2734 915 2803; x_wconf 78' lang='lat' dir='ltr'><strong>intelligens.</strong></span> <span class='ocrx_word' id='word_1_295' title='bbox 950 2730 1306 2803; x_wconf 68' lang='lat' dir='ltr'><strong>praepositum</strong></span> <span class='ocrx_word' id='word_1_296' title='bbox 1339 2732 1574 2786; x_wconf 88' lang='lat' dir='ltr'><strong>transire</strong></span> <span class='ocrx_word' id='word_1_297' title='bbox 1604 2730 1670 2785; x_wconf 71' lang='lat' dir='ltr'><strong>ad</strong></span> <span class='ocrx_word' id='word_1_298' title='bbox 1700 2730 2002 2786; x_wconf 88' lang='lat' dir='ltr'><strong>Eudociam</strong></span> <span class='ocrx_word' id='word_1_299' title='bbox 2048 2730 2165 2801; x_wconf 88' lang='lat' dir='ltr'><strong>jus-</strong></span> 
     </span>
    </p>
   </div>
   <div class='ocr_carea' id='block_1_46' title="bbox 580 2821 2164 2895">
    <p class='ocr_par' dir='ltr' id='par_1_46' title="bbox 580 2821 2164 2895">
     <span class='ocr_line' id='line_1_46' title="bbox 580 2821 2164 2895; baseline -0.003 -12"><span class='ocrx_word' id='word_1_300' title='bbox 580 2827 694 2883; x_wconf 88' lang='lat' dir='ltr'><strong>sit:</strong></span> <span class='ocrx_word' id='word_1_301' title='bbox 730 2836 788 2881; x_wconf 91' lang='lat' dir='ltr'><strong>et</strong></span> <span class='ocrx_word' id='word_1_302' title='bbox 839 2825 953 2895; x_wconf 87' lang='lat' dir='ltr'><strong>ipsa</strong></span> <span class='ocrx_word' id='word_1_303' title='bbox 1009 2826 1147 2879; x_wconf 88' lang='lat' dir='ltr'><strong>urbe</strong></span> <span class='ocrx_word' id='word_1_304' title='bbox 1172 2839 1416 2892; x_wconf 81' lang='lat' dir='ltr'><strong>egressa,</strong></span> <span class='ocrx_word' id='word_1_305' title='bbox 1451 2822 1519 2877; x_wconf 89' lang='lat' dir='ltr'><strong>ad</strong></span> <span class='ocrx_word' id='word_1_306' title='bbox 1557 2821 1861 2892; x_wconf 90' lang='lat' dir='ltr'><strong>Septimum</strong></span> <span class='ocrx_word' id='word_1_307' title='bbox 1894 2824 2164 2893; x_wconf 86' lang='lat' dir='ltr'><strong>tranquil-</strong></span> 
     </span>
    </p>
   </div>
   <div class='ocr_carea' id='block_1_47' title="bbox 583 2915 2159 2991">
    <p class='ocr_par' dir='ltr' id='par_1_47' title="bbox 583 2915 2159 2991">
     <span class='ocr_line' id='line_1_47' title="bbox 583 2915 2159 2991; baseline -0.004 -14"><span class='ocrx_word' id='word_1_308' title='bbox 583 2922 690 2977; x_wconf 87' lang='lat' dir='ltr'><strong>lam</strong></span> <span class='ocrx_word' id='word_1_309' title='bbox 720 2919 933 2991; x_wconf 87' lang='lat' dir='ltr'><strong>privata</strong></span> <span class='ocrx_word' id='word_1_310' title='bbox 999 2916 1165 2973; x_wconf 89' lang='lat' dir='ltr'><strong>vitam</strong></span> <span class='ocrx_word' id='word_1_311' title='bbox 1206 2916 1337 2987; x_wconf 74' lang='lat' dir='ltr'><strong>egit.</strong></span> <span class='ocrx_word' id='word_1_312' title='bbox 1372 2917 1677 2986; x_wconf 90' lang='lat' dir='ltr'><strong>Imperator</strong></span> <span class='ocrx_word' id='word_1_313' title='bbox 1733 2927 1920 2970; x_wconf 85' lang='lat' dir='ltr'><strong>autem</strong></span> <span class='ocrx_word' id='word_1_314' title='bbox 1958 2925 2016 2969; x_wconf 94' lang='lat' dir='ltr'><strong>ct</strong></span> <span class='ocrx_word' id='word_1_315' title='bbox 2048 2915 2159 2971; x_wconf 86' lang='lat' dir='ltr'><strong>Eu-</strong></span> 
     </span>
    </p>
   </div>
   <div class='ocr_carea' id='block_1_48' title="bbox 584 3007 2163 3080">
    <p class='ocr_par' dir='ltr' id='par_1_48' title="bbox 584 3007 2163 3080">
     <span class='ocr_line' id='line_1_48' title="bbox 584 3007 2163 3080; baseline -0.003 -14"><span class='ocrx_word' id='word_1_316' title='bbox 584 3014 741 3067; x_wconf 82' lang='lat' dir='ltr'><strong>ilocia</strong></span> <span class='ocrx_word' id='word_1_317' title='bbox 798 3009 1058 3065; x_wconf 86' lang='lat' dir='ltr'><strong>Flaviano</strong></span> <span class='ocrx_word' id='word_1_318' title='bbox 1124 3009 1412 3080; x_wconf 89' lang='lat' dir='ltr'><strong>deinceps,</strong></span> <span class='ocrx_word' id='word_1_319' title='bbox 1493 3009 1639 3077; x_wconf 91' lang='lat' dir='ltr'><strong>quod</strong></span> <span class='ocrx_word' id='word_1_320' title='bbox 1704 3023 1966 3061; x_wconf 68' lang='lat' dir='ltr'><strong>arcanum</strong></span> <span class='ocrx_word' id='word_1_321' title='bbox 2027 3007 2163 3061; x_wconf 68' lang='lat' dir='ltr'><strong>illud</strong></span> 
     </span>
    </p>
   </div>
   <div class='ocr_carea' id='block_1_49' title="bbox 584 3102 2157 3174">
    <p class='ocr_par' dir='ltr' id='par_1_49' title="bbox 584 3102 2157 3174">
     <span class='ocr_line' id='line_1_49' title="bbox 584 3102 2157 3174; baseline -0.001 -15"><span class='ocrx_word' id='word_1_322' title='bbox 584 3105 877 3159; x_wconf 83' lang='lat' dir='ltr'><strong>consilium</strong></span> <span class='ocrx_word' id='word_1_323' title='bbox 937 3103 1295 3174; x_wconf 86' lang='lat' dir='ltr'><strong>propalasset,</strong></span> <span class='ocrx_word' id='word_1_324' title='bbox 1392 3102 1626 3156; x_wconf 82' lang='lat' dir='ltr'><strong>maxime</strong></span> <span class='ocrx_word' id='word_1_325' title='bbox 1697 3111 2157 3157; x_wconf 70' lang='lat' dir='ltr'><strong>succensucrunt.</strong></span> 
     </span>
    </p>
   </div>
   <div class='ocr_carea' id='block_1_50' title="bbox 2266 1895 3835 1973">
    <p class='ocr_par' dir='ltr' id='par_1_50' title="bbox 2266 1895 3835 1973">
     <span class='ocr_line' id='line_1_50' title="bbox 2266 1895 3835 1973; baseline 0.008 -28"><span class='ocrx_word' id='word_1_326' title='bbox 2266 1895 2365 1964; x_wconf 72' lang='grc' dir='ltr'>τὴν</span> <span class='ocrx_word' id='word_1_327' title='bbox 2390 1895 2487 1948; x_wconf 75' lang='grc' dir='ltr'><strong>τοῦ</strong></span> <span class='ocrx_word' id='word_1_328' title='bbox 2539 1896 2812 1966; x_wconf 86' lang='grc' dir='ltr'>βασιλέως</span> <span class='ocrx_word' id='word_1_329' title='bbox 2860 1896 3185 1970; x_wconf 79' lang='grc' dir='ltr'>πραΰτάτην</span> <span class='ocrx_word' id='word_1_330' title='bbox 3218 1900 3420 1973; x_wconf 76' lang='grc' dir='ltr'>ψυχήν.</span> <span class='ocrx_word' id='word_1_331' title='bbox 3459 1903 3566 1957; x_wconf 72' lang='grc' dir='ltr'><strong>Καὶ</strong></span> <span class='ocrx_word' id='word_1_332' title='bbox 3607 1906 3714 1972; x_wconf 77' lang='grc' dir='ltr'><strong>γὰρ</strong></span> <span class='ocrx_word' id='word_1_333' title='bbox 3742 1904 3835 1973; x_wconf 71' lang='grc' dir='ltr'>τὴν</span> 
     </span>
    </p>
   </div>
   <div class='ocr_carea' id='block_1_51' title="bbox 2270 1985 3835 2064">
    <p class='ocr_par' dir='ltr' id='par_1_51' title="bbox 2270 1985 3835 2064">
     <span class='ocr_line' id='line_1_51' title="bbox 2270 1985 3835 2064; baseline 0.008 -27"><span class='ocrx_word' id='word_1_334' title='bbox 2270 1985 2477 2054; x_wconf 87' lang='grc' dir='ltr'>πέτραν</span> <span class='ocrx_word' id='word_1_335' title='bbox 2526 1987 2789 2040; x_wconf 78' lang='grc' dir='ltr'>κοιλαίνει</span> <span class='ocrx_word' id='word_1_336' title='bbox 2847 1990 2879 2059; x_wconf 69' lang='grc' dir='ltr'>ἡ</span> <span class='ocrx_word' id='word_1_337' title='bbox 2936 1990 3033 2043; x_wconf 79' lang='grc' dir='ltr'>τοῦ</span> <span class='ocrx_word' id='word_1_338' title='bbox 3083 1991 3274 2052; x_wconf 78' lang='grc' dir='ltr'>ὓδατος</span> <span class='ocrx_word' id='word_1_339' title='bbox 3318 1994 3531 2064; x_wconf 82' lang='grc' dir='ltr'>συχνῶς</span> <span class='ocrx_word' id='word_1_340' title='bbox 3578 1996 3835 2049; x_wconf 75' lang='grc' dir='ltr'>κατιοῦσα</span> 
     </span>
    </p>
   </div>
   <div class='ocr_carea' id='block_1_52' title="bbox 2274 2079 3834 2157">
    <p class='ocr_par' dir='ltr' id='par_1_52' title="bbox 2274 2079 3834 2157">
     <span class='ocr_line' id='line_1_52' title="bbox 2274 2079 3834 2157; baseline 0.006 -25"><span class='ocrx_word' id='word_1_341' title='bbox 2274 2079 2462 2157; x_wconf 71' lang='grc' dir='ltr'>ῥανίςι</span> <span class='ocrx_word' id='word_1_342' title='bbox 2529 2081 2623 2133; x_wconf 72' lang='grc' dir='ltr'>καὶ</span> <span class='ocrx_word' id='word_1_343' title='bbox 2660 2081 2754 2133; x_wconf 69' lang='grc' dir='ltr'><strong>τὸν</strong></span> <span class='ocrx_word' id='word_1_344' title='bbox 2787 2084 3140 2154; x_wconf 82' lang='grc' dir='ltr'>πατριάρχην</span> <span class='ocrx_word' id='word_1_345' title='bbox 3192 2088 3721 2157; x_wconf 73' lang='grc' dir='ltr'><strong>μεταστειλάμενος,</strong></span> <span class='ocrx_word' id='word_1_346' title='bbox 3777 2090 3834 2142; x_wconf 82' lang='grc' dir='ltr'>τὸ</span> 
     </span>
    </p>
   </div>
   <div class='ocr_carea' id='block_1_53' title="bbox 2270 2173 3832 2251">
    <p class='ocr_par' dir='ltr' id='par_1_53' title="bbox 2270 2173 3832 2251">
     <span class='ocr_line' id='line_1_53' title="bbox 2270 2173 3832 2251; baseline 0.007 -27"><span class='ocrx_word' id='word_1_347' title='bbox 2270 2173 2585 2243; x_wconf 67' lang='grc' dir='ltr'>ἀπόρρητον</span> <span class='ocrx_word' id='word_1_348' title='bbox 2617 2174 3015 2244; x_wconf 79' lang='grc' dir='ltr'>ὑπεσήμαινεν.</span> <span class='ocrx_word' id='word_1_349' title='bbox 3062 2176 3120 2230; x_wconf 85' lang='grc' dir='ltr'>ὐ</span> <span class='ocrx_word' id='word_1_350' title='bbox 3152 2177 3198 2230; x_wconf 75' lang='grc' dir='ltr'>δ’</span> <span class='ocrx_word' id='word_1_351' title='bbox 3245 2178 3303 2230; x_wconf 73' lang='grc' dir='ltr'><strong>ἐν</strong></span> <span class='ocrx_word' id='word_1_352' title='bbox 3350 2177 3494 2251; x_wconf 75' lang='grc' dir='ltr'>λύπῃ</span> <span class='ocrx_word' id='word_1_353' title='bbox 3530 2182 3832 2250; x_wconf 68' lang='grc' dir='ltr'>γενόμενα,</span> 
     </span>
    </p>
   </div>
   <div class='ocr_carea' id='block_1_54' title="bbox 2272 2262 3835 2345">
    <p class='ocr_par' dir='ltr' id='par_1_54' title="bbox 2272 2262 3835 2345">
     <span class='ocr_line' id='line_1_54' title="bbox 2272 2262 3835 2345; baseline 0.008 -30"><span class='ocrx_word' id='word_1_354' title='bbox 2272 2262 2487 2333; x_wconf 86' lang='grc' dir='ltr'>βασιλεῖ</span> <span class='ocrx_word' id='word_1_355' title='bbox 2524 2264 2625 2335; x_wconf 74' lang='grc' dir='ltr'>μὲν</span> <span class='ocrx_word' id='word_1_356' title='bbox 2649 2268 3035 2337; x_wconf 75' lang='grc' dir='ltr'>κεχαρισμένα</span> <span class='ocrx_word' id='word_1_357' title='bbox 3068 2269 3273 2340; x_wconf 76' lang='grc' dir='ltr'>πρᾶξαι</span> <span class='ocrx_word' id='word_1_358' title='bbox 3300 2271 3511 2326; x_wconf 79' lang='grc' dir='ltr'>ἐδόκει·</span> <span class='ocrx_word' id='word_1_359' title='bbox 3550 2274 3835 2345; x_wconf 82' lang='grc' dir='ltr'>γράμμασι</span> 
     </span>
    </p>
   </div>
   <div class='ocr_carea' id='block_1_55' title="bbox 2268 2356 3834 2435">
    <p class='ocr_par' dir='ltr' id='par_1_55' title="bbox 2268 2356 3834 2435">
     <span class='ocr_line' id='line_1_55' title="bbox 2268 2356 3834 2435; baseline 0.008 -27"><span class='ocrx_word' id='word_1_360' title='bbox 2268 2356 2323 2409; x_wconf 82' lang='grc' dir='ltr'><strong>δέ</strong></span> <span class='ocrx_word' id='word_1_361' title='bbox 2350 2359 2637 2432; x_wconf 68' lang='grc' dir='ltr'>μυστικοῖς</span> <span class='ocrx_word' id='word_1_362' title='bbox 2660 2361 2729 2429; x_wconf 78' lang='grc' dir='ltr'>τῇ</span> <span class='ocrx_word' id='word_1_363' title='bbox 2756 2360 3064 2433; x_wconf 78' lang='grc' dir='ltr'>Πουλχερίᾳ</span> <span class='ocrx_word' id='word_1_364' title='bbox 3095 2362 3307 2433; x_wconf 80' lang='grc' dir='ltr'>ἐδήλου,</span> <span class='ocrx_word' id='word_1_365' title='bbox 3334 2364 3599 2435; x_wconf 82' lang='grc' dir='ltr'>μηδαμῶς</span> <span class='ocrx_word' id='word_1_366' title='bbox 3625 2366 3834 2422; x_wconf 73' lang='grc' dir='ltr'>ἑλέσθαι</span> 
     </span>
    </p>
   </div>
   <div class='ocr_carea' id='block_1_56' title="bbox 2270 2451 3834 2532">
    <p class='ocr_par' dir='ltr' id='par_1_56' title="bbox 2270 2451 3834 2532">
     <span class='ocr_line' id='line_1_56' title="bbox 2270 2451 3834 2532; baseline 0.008 -30"><span class='ocrx_word' id='word_1_367' title='bbox 2270 2451 2421 2522; x_wconf 87' lang='grc' dir='ltr'><strong>αὐτῷ</strong></span> <span class='ocrx_word' id='word_1_368' title='bbox 2449 2454 2529 2516; x_wconf 85' lang='grc' dir='ltr'><strong>είς</strong></span> <span class='ocrx_word' id='word_1_369' title='bbox 2554 2453 2846 2524; x_wconf 72' lang='grc' dir='ltr'>πρόσωπον</span> <span class='ocrx_word' id='word_1_370' title='bbox 2874 2457 3191 2525; x_wconf 76' lang='grc' dir='ltr'>ἀφικέσθαι,</span> <span class='ocrx_word' id='word_1_371' title='bbox 3218 2460 3336 2514; x_wconf 77' lang='grc' dir='ltr'>Ἵνα</span> <span class='ocrx_word' id='word_1_372' title='bbox 3369 2463 3520 2531; x_wconf 74' lang='grc' dir='ltr'>μήτι,</span> <span class='ocrx_word' id='word_1_373' title='bbox 3550 2462 3703 2532; x_wconf 67' lang='grc' dir='ltr'>φησὶ,</span> <span class='ocrx_word' id='word_1_374' title='bbox 3731 2463 3834 2516; x_wconf 72' lang='grc' dir='ltr'><strong>τῶι</strong></span> 
     </span>
    </p>
   </div>
   <div class='ocr_carea' id='block_1_57' title="bbox 2268 2545 3831 2627">
    <p class='ocr_par' dir='ltr' id='par_1_57' title="bbox 2268 2545 3831 2627">
     <span class='ocr_line' id='line_1_57' title="bbox 2268 2545 3831 2627; baseline 0.008 -30"><span class='ocrx_word' id='word_1_375' title='bbox 2268 2545 2330 2598; x_wconf 83' lang='grc' dir='ltr'>οὐ</span> <span class='ocrx_word' id='word_1_376' title='bbox 2361 2546 2721 2617; x_wconf 80' lang='grc' dir='ltr'>καταθυμίων</span> <span class='ocrx_word' id='word_1_377' title='bbox 2753 2550 2877 2620; x_wconf 75' lang='grc' dir='ltr'>ἐμοί</span> <span class='ocrx_word' id='word_1_378' title='bbox 2906 2566 2966 2604; x_wconf 80' lang='grc' dir='ltr'><strong>τε</strong></span> <span class='ocrx_word' id='word_1_379' title='bbox 3002 2552 3099 2606; x_wconf 75' lang='grc' dir='ltr'>καὶ</span> <span class='ocrx_word' id='word_1_380' title='bbox 3128 2553 3215 2607; x_wconf 76' lang='grc' dir='ltr'>σοὶ</span> <span class='ocrx_word' id='word_1_381' title='bbox 3250 2555 3577 2623; x_wconf 77' lang='grc' dir='ltr'>ἀναγκασθῶ</span> <span class='ocrx_word' id='word_1_382' title='bbox 3603 2556 3831 2627; x_wconf 83' lang='grc' dir='ltr'>διαπρά-</span> 
     </span>
    </p>
   </div>
   <div class='ocr_carea' id='block_1_58' title="bbox 2272 2633 3835 2719">
    <p class='ocr_par' dir='ltr' id='par_1_58' title="bbox 2272 2633 3835 2719">
     <span class='ocr_line' id='line_1_58' title="bbox 2272 2633 3835 2719; baseline 0.01 -31"><span class='ocrx_word' id='word_1_383' title='bbox 2272 2633 2495 2701; x_wconf 68' lang='grc' dir='ltr'>ξασθαι.</span> <span class='ocrx_word' id='word_1_384' title='bbox 2538 2640 2605 2692; x_wconf 86' lang='grc' dir='ltr'><strong>Ἥ</strong></span> <span class='ocrx_word' id='word_1_385' title='bbox 2640 2640 2686 2693; x_wconf 80' lang='grc' dir='ltr'>δ’</span> <span class='ocrx_word' id='word_1_386' title='bbox 2712 2641 2878 2708; x_wconf 73' lang='grc' dir='ltr'>εὐθὺς</span> <span class='ocrx_word' id='word_1_387' title='bbox 2930 2645 3157 2698; x_wconf 79' lang='grc' dir='ltr'>συνεῖσα</span> <span class='ocrx_word' id='word_1_388' title='bbox 3199 2645 3260 2698; x_wconf 85' lang='grc' dir='ltr'>τὸ</span> <span class='ocrx_word' id='word_1_389' title='bbox 3308 2645 3697 2719; x_wconf 72' lang='grc' dir='ltr'>μελετώμενον,</span> <span class='ocrx_word' id='word_1_390' title='bbox 3745 2650 3835 2703; x_wconf 76' lang='grc' dir='ltr'>τὸν</span> 
     </span>
    </p>
   </div>
   <div class='ocr_carea' id='block_1_59' title="bbox 2275 2731 3832 2807">
    <p class='ocr_par' dir='ltr' id='par_1_59' title="bbox 2275 2731 3832 2807">
     <span class='ocr_line' id='line_1_59' title="bbox 2275 2731 3832 2807; baseline 0.009 -25"><span class='ocrx_word' id='word_1_391' title='bbox 2275 2731 2375 2800; x_wconf 80' lang='grc' dir='ltr'>μὲν</span> <span class='ocrx_word' id='word_1_392' title='bbox 2407 2731 2775 2801; x_wconf 86' lang='grc' dir='ltr'>Πραιπόσιτον</span> <span class='ocrx_word' id='word_1_393' title='bbox 2807 2735 2958 2805; x_wconf 79' lang='grc' dir='ltr'>παρὰ</span> <span class='ocrx_word' id='word_1_394' title='bbox 2989 2735 3088 2807; x_wconf 80' lang='grc' dir='ltr'>τὴν</span> <span class='ocrx_word' id='word_1_395' title='bbox 3112 2736 3372 2792; x_wconf 68' lang='grc' dir='ltr'>Εὸδοκίαν</span> <span class='ocrx_word' id='word_1_396' title='bbox 3405 2739 3541 2794; x_wconf 86' lang='grc' dir='ltr'>ίέναι</span> <span class='ocrx_word' id='word_1_397' title='bbox 3569 2742 3832 2796; x_wconf 71' lang='grc' dir='ltr'>ἐκέλευεψ</span> 
     </span>
    </p>
   </div>
   <div class='ocr_carea' id='block_1_60' title="bbox 2272 2824 3837 2901">
    <p class='ocr_par' dir='ltr' id='par_1_60' title="bbox 2272 2824 3837 2901">
     <span class='ocr_line' id='line_1_60' title="bbox 2272 2824 3837 2901; baseline 0.004 -24"><span class='ocrx_word' id='word_1_398' title='bbox 2272 2825 2411 2895; x_wconf 81' lang='grc' dir='ltr'>αὑτὴ</span> <span class='ocrx_word' id='word_1_399' title='bbox 2438 2824 2495 2877; x_wconf 81' lang='grc' dir='ltr'>δὲ</span> <span class='ocrx_word' id='word_1_400' title='bbox 2523 2824 2623 2895; x_wconf 83' lang='grc' dir='ltr'>τῆς</span> <span class='ocrx_word' id='word_1_401' title='bbox 2657 2827 2870 2889; x_wconf 81' lang='grc' dir='ltr'>πόλεως</span> <span class='ocrx_word' id='word_1_402' title='bbox 2921 2827 3239 2894; x_wconf 78' lang='grc' dir='ltr'>ἐξελθοῦσα,</span> <span class='ocrx_word' id='word_1_403' title='bbox 3292 2832 3425 2899; x_wconf 78' lang='grc' dir='ltr'>περὶ</span> <span class='ocrx_word' id='word_1_404' title='bbox 3471 2833 3529 2884; x_wconf 64' lang='grc' dir='ltr'>τὸ</span> <span class='ocrx_word' id='word_1_405' title='bbox 3575 2832 3837 2901; x_wconf 76' lang='grc' dir='ltr'>Ἕδδομον</span> 
     </span>
    </p>
   </div>
   <div class='ocr_carea' id='block_1_61' title="bbox 2272 2918 3840 2996">
    <p class='ocr_par' dir='ltr' id='par_1_61' title="bbox 2272 2918 3840 2996">
     <span class='ocr_line' id='line_1_61' title="bbox 2272 2918 3840 2996; baseline 0.006 -27"><span class='ocrx_word' id='word_1_406' title='bbox 2272 2920 2571 2987; x_wconf 77' lang='grc' dir='ltr'>γενομένη,</span> <span class='ocrx_word' id='word_1_407' title='bbox 2622 2918 2747 2974; x_wconf 86' lang='grc' dir='ltr'>καθ’</span> <span class='ocrx_word' id='word_1_408' title='bbox 2782 2920 2987 2992; x_wconf 76' lang='grc' dir='ltr'>ἑαυτὴν</span> <span class='ocrx_word' id='word_1_409' title='bbox 3036 2923 3217 2993; x_wconf 79' lang='grc' dir='ltr'>ἡσυχῇ</span> <span class='ocrx_word' id='word_1_410' title='bbox 3248 2924 3458 2994; x_wconf 79' lang='grc' dir='ltr'>διῆγεν.</span> <span class='ocrx_word' id='word_1_411' title='bbox 3507 2925 3565 2979; x_wconf 87' lang='lat'><strong>&#39;0</strong></span> <span class='ocrx_word' id='word_1_412' title='bbox 3593 2925 3649 2978; x_wconf 75' lang='grc' dir='ltr'><strong>δέ</strong></span> <span class='ocrx_word' id='word_1_413' title='bbox 3691 2927 3840 2996; x_wconf 79' lang='grc' dir='ltr'>βασι-</span> 
     </span>
    </p>
   </div>
   <div class='ocr_carea' id='block_1_62' title="bbox 2270 3010 3838 3088">
    <p class='ocr_par' dir='ltr' id='par_1_62' title="bbox 2270 3010 3838 3088">
     <span class='ocr_line' id='line_1_62' title="bbox 2270 3010 3838 3088; baseline 0.006 -25"><span class='ocrx_word' id='word_1_414' title='bbox 2270 3010 2400 3076; x_wconf 72' lang='grc' dir='ltr'>λεὺς</span> <span class='ocrx_word' id='word_1_415' title='bbox 2446 3013 2542 3066; x_wconf 78' lang='grc' dir='ltr'>καὶ</span> <span class='ocrx_word' id='word_1_416' title='bbox 2588 3012 2888 3081; x_wconf 80' lang='grc' dir='ltr'>ἡΕὺδοκία</span> <span class='ocrx_word' id='word_1_417' title='bbox 2949 3016 3091 3067; x_wconf 79' lang='grc' dir='ltr'>κατᾶ</span> <span class='ocrx_word' id='word_1_418' title='bbox 3134 3015 3438 3070; x_wconf 79' lang='grc' dir='ltr'>Φλαὸιανοῦ</span> <span class='ocrx_word' id='word_1_419' title='bbox 3490 3019 3557 3071; x_wconf 70' lang='grc' dir='ltr'><strong>τὰ</strong></span> <span class='ocrx_word' id='word_1_420' title='bbox 3609 3018 3838 3088; x_wconf 78' lang='grc' dir='ltr'>μέγιστα</span> 
     </span>
    </p>
   </div>
   <div class='ocr_carea' id='block_1_63' title="bbox 2272 3101 3837 3177">
    <p class='ocr_par' dir='ltr' id='par_1_63' title="bbox 2272 3101 3837 3177">
     <span class='ocr_line' id='line_1_63' title="bbox 2272 3101 3837 3177; baseline 0.005 -23"><span class='ocrx_word' id='word_1_421' title='bbox 2272 3101 2462 3156; x_wconf 77' lang='grc' dir='ltr'>ὤδινον</span> <span class='ocrx_word' id='word_1_422' title='bbox 2508 3102 2603 3155; x_wconf 83' lang='grc' dir='ltr'><strong>τοῦ</strong></span> <span class='ocrx_word' id='word_1_423' title='bbox 2637 3103 2829 3157; x_wconf 78' lang='grc' dir='ltr'>λοιποῦ</span> <span class='ocrx_word' id='word_1_424' title='bbox 2879 3103 2954 3167; x_wconf 84' lang='grc' dir='ltr'><strong>ὡς</strong></span> <span class='ocrx_word' id='word_1_425' title='bbox 2984 3105 3045 3158; x_wconf 74' lang='grc' dir='ltr'>τὸ</span> <span class='ocrx_word' id='word_1_426' title='bbox 3073 3105 3388 3176; x_wconf 73' lang='grc' dir='ltr'>ἀπόρρητον</span> <span class='ocrx_word' id='word_1_427' title='bbox 3416 3107 3837 3177; x_wconf 71' lang='grc' dir='ltr'>ἐκκαλύψαντος.</span> 
     </span>
    </p>
   </div>
   <div class='ocr_carea' id='block_1_64' title="bbox 584 3166 2162 3267">
    <p class='ocr_par' dir='ltr' id='par_1_64' title="bbox 584 3166 2161 3263">
     <span class='ocr_line' id='line_1_64' title="bbox 584 3166 2161 3263; baseline -0.004 -10"><span class='ocrx_word' id='word_1_428' title='bbox 584 3196 871 3253; x_wconf 82' lang='lat' dir='ltr'><strong>Pulcheria</strong></span> <span class='ocrx_word' id='word_1_429' title='bbox 913 3166 980 3249; x_wconf 46' lang='lat' dir='ltr'><strong>a—d</strong></span> <span class='ocrx_word' id='word_1_430' title='bbox 1042 3166 1190 3248; x_wconf 81' lang='lat' dir='ltr'><strong>hunc</strong></span> <span class='ocrx_word' id='word_1_431' title='bbox 1237 3194 1459 3249; x_wconf 91' lang='lat' dir='ltr'><strong>modum</strong></span> <span class='ocrx_word' id='word_1_432' title='bbox 1511 3194 1707 3263; x_wconf 82' lang='lat' dir='ltr'><strong>ejecta,</strong></span> <span class='ocrx_word' id='word_1_433' title='bbox 1757 3209 1854 3262; x_wconf 86' lang='lat' dir='ltr'><strong>per</strong></span> <span class='ocrx_word' id='word_1_434' title='bbox 1907 3191 2161 3246; x_wconf 79' lang='lat' dir='ltr'><strong>Eudocia:</strong></span> 
     </span>
    </p>
   </div>
   <div class='ocr_carea' id='block_1_65' title="bbox 2269 3166 3837 3267">
    <p class='ocr_par' dir='ltr' id='par_1_65' title="bbox 2278 3166 3837 3267">
     <span class='ocr_line' id='line_1_65' title="bbox 2278 3166 3837 3267; baseline 0.004 -24"><span class='ocrx_word' id='word_1_435' title='bbox 2278 3190 2384 3258; x_wconf 82' lang='grc' dir='ltr'><strong>Τῆς</strong></span> <span class='ocrx_word' id='word_1_436' title='bbox 2415 3191 2473 3245; x_wconf 86' lang='grc' dir='ltr'><strong>δέ</strong></span> <span class='ocrx_word' id='word_1_437' title='bbox 2502 3190 2841 3262; x_wconf 83' lang='grc' dir='ltr'>Πουλχερίας</span> <span class='ocrx_word' id='word_1_438' title='bbox 2875 3166 3121 3247; x_wconf 79' lang='grc' dir='ltr'>ἐκποδὼν</span> <span class='ocrx_word' id='word_1_439' title='bbox 3161 3166 3480 3267; x_wconf 64' lang='grc' dir='ltr'>γενομένης,</span> <span class='ocrx_word' id='word_1_440' title='bbox 3526 3166 3837 3266; x_wconf 53' lang='grc' dir='ltr'>διιίχειρὸς</span> 
     </span>
    </p>
   </div>
   <div class='ocr_carea' id='block_1_66' title="bbox 587 3286 2167 3357">
    <p class='ocr_par' dir='ltr' id='par_1_66' title="bbox 587 3286 2167 3357">
     <span class='ocr_line' id='line_1_66' title="bbox 587 3286 2167 3357; baseline -0.004 -14"><span class='ocrx_word' id='word_1_441' title='bbox 587 3305 781 3343; x_wconf 87' lang='lat' dir='ltr'><strong>manus</strong></span> <span class='ocrx_word' id='word_1_442' title='bbox 832 3287 1144 3357; x_wconf 76' lang='lat' dir='ltr'><strong>respublica</strong></span> <span class='ocrx_word' id='word_1_443' title='bbox 1178 3286 1705 3340; x_wconf 74' lang='lat' dir='ltr'><strong>administrabatur:</strong></span> <span class='ocrx_word' id='word_1_444' title='bbox 1774 3299 1886 3354; x_wconf 84' lang='lat' dir='ltr'><strong>quo</strong></span> <span class='ocrx_word' id='word_1_445' title='bbox 1920 3296 2167 3353; x_wconf 86' lang='lat' dir='ltr'><strong>tempore</strong></span> 
     </span>
    </p>
   </div>
   <div class='ocr_carea' id='block_1_67' title="bbox 584 3360 2167 3448">
    <p class='ocr_par' dir='ltr' id='par_1_67' title="bbox 584 3360 2167 3448">
     <span class='ocr_line' id='line_1_67' title="bbox 584 3360 2167 3448; baseline -0.003 -13"><span class='ocrx_word' id='word_1_446' title='bbox 584 3383 752 3435; x_wconf 88' lang='lat' dir='ltr'><strong>etiam</strong></span> <span class='ocrx_word' id='word_1_447' title='bbox 813 3379 1145 3448; x_wconf 87' lang='lat' dir='ltr'><strong>suspicionis</strong></span> <span class='ocrx_word' id='word_1_448' title='bbox 1184 3378 1334 3432; x_wconf 90' lang='lat' dir='ltr'><strong>illius</strong></span> <span class='ocrx_word' id='word_1_449' title='bbox 1366 3376 1583 3431; x_wconf 88' lang='lat' dir='ltr'><strong>occasio</strong></span> <span class='ocrx_word' id='word_1_450' title='bbox 1618 3360 1799 3431; x_wconf 86' lang='lat' dir='ltr'><strong>locum</strong></span> <span class='ocrx_word' id='word_1_451' title='bbox 1838 3374 2049 3445; x_wconf 86' lang='lat' dir='ltr'><strong>habuit,</strong></span> <span class='ocrx_word' id='word_1_452' title='bbox 2099 3375 2167 3430; x_wconf 91' lang='lat' dir='ltr'><strong>de</strong></span> 
     </span>
    </p>
   </div>
   <div class='ocr_carea' id='block_1_68' title="bbox 586 3469 2165 3541">
    <p class='ocr_par' dir='ltr' id='par_1_68' title="bbox 586 3469 2165 3541">
     <span class='ocr_line' id='line_1_68' title="bbox 586 3469 2165 3541; baseline -0.006 -13"><span class='ocrx_word' id='word_1_453' title='bbox 586 3472 790 3529; x_wconf 90' lang='lat' dir='ltr'><strong>celebri</strong></span> <span class='ocrx_word' id='word_1_454' title='bbox 834 3472 930 3526; x_wconf 91' lang='lat' dir='ltr'><strong>illo</strong></span> <span class='ocrx_word' id='word_1_455' title='bbox 990 3471 1153 3536; x_wconf 85' lang='lat' dir='ltr'><strong>malo,</strong></span> <span class='ocrx_word' id='word_1_456' title='bbox 1208 3479 1434 3541; x_wconf 86' lang='lat' dir='ltr'><strong>propter</strong></span> <span class='ocrx_word' id='word_1_457' title='bbox 1491 3470 1774 3523; x_wconf 82' lang='lat' dir='ltr'><strong>Paulinum</strong></span> <span class='ocrx_word' id='word_1_458' title='bbox 1824 3469 2165 3541; x_wconf 76' lang='lat' dir='ltr'><strong>magistrum,</strong></span> 
     </span>
    </p>
   </div>
   <div class='ocr_carea' id='block_1_69' title="bbox 584 3560 2167 3639">
    <p class='ocr_par' dir='ltr' id='par_1_69' title="bbox 584 3560 2167 3639">
     <span class='ocr_line' id='line_1_69' title="bbox 584 3560 2167 3639; baseline -0.004 -19"><span class='ocrx_word' id='word_1_459' title='bbox 584 3564 1051 3639; x_wconf 81' lang='lat' dir='ltr'><strong>quemadmodum</strong></span> <span class='ocrx_word' id='word_1_460' title='bbox 1114 3578 1280 3633; x_wconf 87' lang='lat' dir='ltr'><strong>supra</strong></span> <span class='ocrx_word' id='word_1_461' title='bbox 1342 3562 1551 3617; x_wconf 89' lang='lat' dir='ltr'><strong>dictum</strong></span> <span class='ocrx_word' id='word_1_462' title='bbox 1580 3573 1684 3616; x_wconf 86' lang='lat' dir='ltr'><strong>est.</strong></span> <span class='ocrx_word' id='word_1_463' title='bbox 1734 3561 1859 3616; x_wconf 69' lang='lat' dir='ltr'><strong>Ilaec</strong></span> <span class='ocrx_word' id='word_1_464' title='bbox 1896 3574 2022 3615; x_wconf 84' lang='lat' dir='ltr'><strong>cum</strong></span> <span class='ocrx_word' id='word_1_465' title='bbox 2086 3560 2167 3614; x_wconf 90' lang='lat' dir='ltr'><strong>sic</strong></span> 
     </span>
    </p>
   </div>
   <div class='ocr_carea' id='block_1_70' title="bbox 586 3652 2168 3727">
    <p class='ocr_par' dir='ltr' id='par_1_70' title="bbox 586 3652 2168 3727">
     <span class='ocr_line' id='line_1_70' title="bbox 586 3652 2168 3727; baseline -0.004 -15"><span class='ocrx_word' id='word_1_466' title='bbox 586 3664 936 3727; x_wconf 81' lang='lat' dir='ltr'><strong>gererentur,</strong></span> <span class='ocrx_word' id='word_1_467' title='bbox 983 3654 1279 3715; x_wconf 87' lang='lat' dir='ltr'><strong>Eusebius,</strong></span> <span class='ocrx_word' id='word_1_468' title='bbox 1314 3653 1382 3708; x_wconf 89' lang='lat' dir='ltr'><strong>de</strong></span> <span class='ocrx_word' id='word_1_469' title='bbox 1413 3669 1523 3722; x_wconf 89' lang='lat' dir='ltr'><strong>quo</strong></span> <span class='ocrx_word' id='word_1_470' title='bbox 1554 3654 1608 3707; x_wconf 92' lang='lat' dir='ltr'><strong>in</strong></span> <span class='ocrx_word' id='word_1_471' title='bbox 1639 3652 1847 3722; x_wconf 79' lang='lat' dir='ltr'><strong>synodo</strong></span> <span class='ocrx_word' id='word_1_472' title='bbox 1884 3652 2046 3706; x_wconf 89' lang='lat' dir='ltr'><strong>tertia</strong></span> <span class='ocrx_word' id='word_1_473' title='bbox 2072 3668 2168 3705; x_wconf 85' lang='lat' dir='ltr'><strong>an-</strong></span> 
     </span>
    </p>
   </div>
   <div class='ocr_carea' id='block_1_71' title="bbox 589 3745 2164 3816">
    <p class='ocr_par' dir='ltr' id='par_1_71' title="bbox 589 3745 2164 3816">
     <span class='ocr_line' id='line_1_71' title="bbox 589 3745 2164 3816; baseline -0.003 -14"><span class='ocrx_word' id='word_1_474' title='bbox 589 3760 675 3802; x_wconf 79' lang='lat' dir='ltr'><strong>tra</strong></span> <span class='ocrx_word' id='word_1_475' title='bbox 714 3747 955 3801; x_wconf 67' lang='lat' dir='ltr'><strong>diximus</strong></span> <span class='ocrx_word' id='word_1_476' title='bbox 1012 3749 1160 3815; x_wconf 76' lang='lat' dir='ltr'><strong>(nam</strong></span> <span class='ocrx_word' id='word_1_477' title='bbox 1191 3746 1402 3816; x_wconf 92' lang='lat' dir='ltr'><strong>primus</strong></span> <span class='ocrx_word' id='word_1_478' title='bbox 1448 3746 1562 3815; x_wconf 90' lang='lat' dir='ltr'><strong>ipse</strong></span> <span class='ocrx_word' id='word_1_479' title='bbox 1616 3745 1854 3800; x_wconf 86' lang='lat' dir='ltr'><strong>Nestorii</strong></span> <span class='ocrx_word' id='word_1_480' title='bbox 1889 3745 2164 3799; x_wconf 86' lang='lat' dir='ltr'><strong>vesaniam</strong></span> 
     </span>
    </p>
   </div>
   <div class='ocr_carea' id='block_1_72' title="bbox 587 3837 2217 3910">
    <p class='ocr_par' dir='ltr' id='par_1_72' title="bbox 587 3837 2217 3910">
     <span class='ocr_line' id='line_1_72' title="bbox 587 3837 2217 3910; baseline -0.002 -15"><span class='ocrx_word' id='word_1_481' title='bbox 587 3839 951 3910; x_wconf 74' lang='lat' dir='ltr'><strong>deprehendit</strong></span> <span class='ocrx_word' id='word_1_482' title='bbox 984 3849 1150 3908; x_wconf 90' lang='lat' dir='ltr'><strong>atque</strong></span> <span class='ocrx_word' id='word_1_483' title='bbox 1186 3838 1486 3908; x_wconf 69' lang='lat' dir='ltr'><strong>redarguit,</strong></span> <span class='ocrx_word' id='word_1_484' title='bbox 1521 3837 1565 3893; x_wconf 91' lang='lat' dir='ltr'><strong>si</strong></span> <span class='ocrx_word' id='word_1_485' title='bbox 1602 3838 1725 3907; x_wconf 89' lang='lat' dir='ltr'><strong>quis</strong></span> <span class='ocrx_word' id='word_1_486' title='bbox 1770 3838 1931 3905; x_wconf 89' lang='lat' dir='ltr'><strong>alius,</strong></span> <span class='ocrx_word' id='word_1_487' title='bbox 1964 3847 2018 3892; x_wconf 90' lang='lat' dir='ltr'><strong>et</strong></span> <span class='ocrx_word' id='word_1_488' title='bbox 2052 3838 2167 3906; x_wconf 86' lang='lat' dir='ltr'><strong>ipse</strong></span> <span class='ocrx_word' id='word_1_489' title='bbox 2214 3888 2217 3891; x_wconf 93' lang='lat'><strong>.</strong></span> 
     </span>
    </p>
   </div>
   <div class='ocr_carea' id='block_1_73' title="bbox 585 3928 2167 3999">
    <p class='ocr_par' dir='ltr' id='par_1_73' title="bbox 585 3928 2167 3999">
     <span class='ocr_line' id='line_1_73' title="bbox 585 3928 2167 3999; baseline -0.004 -12"><span class='ocrx_word' id='word_1_490' title='bbox 585 3935 723 3987; x_wconf 82' lang='lat' dir='ltr'><strong>artis</strong></span> <span class='ocrx_word' id='word_1_491' title='bbox 756 3932 1048 3986; x_wconf 65' lang='lat' dir='ltr'><strong>rhetoricae</strong></span> <span class='ocrx_word' id='word_1_492' title='bbox 1083 3931 1293 3999; x_wconf 90' lang='lat' dir='ltr'><strong>peritus</strong></span> <span class='ocrx_word' id='word_1_493' title='bbox 1321 3948 1334 3983; x_wconf 89' lang='lat'><strong>:</strong></span> <span class='ocrx_word' id='word_1_494' title='bbox 1368 3940 1483 3982; x_wconf 91' lang='lat' dir='ltr'><strong>tum</strong></span> <span class='ocrx_word' id='word_1_495' title='bbox 1514 3939 1698 3983; x_wconf 88' lang='lat' dir='ltr'><strong>autem</strong></span> <span class='ocrx_word' id='word_1_496' title='bbox 1725 3929 1988 3984; x_wconf 76' lang='lat' dir='ltr'><strong>Dorilaeus</strong></span> <span class='ocrx_word' id='word_1_497' title='bbox 2049 3928 2167 3998; x_wconf 87' lang='lat' dir='ltr'><strong>epi—</strong></span> 
     </span>
    </p>
   </div>
   <div class='ocr_carea' id='block_1_74' title="bbox 585 4021 2167 4097">
    <p class='ocr_par' dir='ltr' id='par_1_74' title="bbox 585 4021 2167 4097">
     <span class='ocr_line' id='line_1_74' title="bbox 585 4021 2167 4097; baseline -0.003 -16"><span class='ocrx_word' id='word_1_498' title='bbox 585 4041 790 4097; x_wconf 82' lang='lat' dir='ltr'><strong>scopus</strong></span> <span class='ocrx_word' id='word_1_499' title='bbox 818 4026 959 4093; x_wconf 87' lang='lat' dir='ltr'><strong>erat)</strong></span> <span class='ocrx_word' id='word_1_500' title='bbox 983 4064 999 4087; x_wconf 91' lang='lat'><strong>,</strong></span> <span class='ocrx_word' id='word_1_501' title='bbox 1040 4022 1188 4093; x_wconf 89' lang='lat' dir='ltr'><strong>quod</strong></span> <span class='ocrx_word' id='word_1_502' title='bbox 1221 4021 1545 4093; x_wconf 77' lang='lat' dir='ltr'><strong>Eutychetis</strong></span> <span class='ocrx_word' id='word_1_503' title='bbox 1584 4022 1868 4078; x_wconf 81' lang='lat' dir='ltr'><strong>familiaris</strong></span> <span class='ocrx_word' id='word_1_504' title='bbox 1894 4033 2061 4087; x_wconf 87' lang='lat' dir='ltr'><strong>esset,</strong></span> <span class='ocrx_word' id='word_1_505' title='bbox 2099 4023 2167 4077; x_wconf 88' lang='lat' dir='ltr'><strong>de</strong></span> 
     </span>
    </p>
   </div>
   <div class='ocr_carea' id='block_1_75' title="bbox 587 4115 2163 4188">
    <p class='ocr_par' dir='ltr' id='par_1_75' title="bbox 587 4115 2163 4188">
     <span class='ocr_line' id='line_1_75' title="bbox 587 4115 2163 4188; baseline -0.002 -16"><span class='ocrx_word' id='word_1_506' title='bbox 587 4120 695 4172; x_wconf 77' lang='lat' dir='ltr'><strong>[ide</strong></span> <span class='ocrx_word' id='word_1_507' title='bbox 741 4117 1040 4188; x_wconf 87' lang='lat' dir='ltr'><strong>aliquando</strong></span> <span class='ocrx_word' id='word_1_508' title='bbox 1067 4132 1192 4171; x_wconf 92' lang='lat' dir='ltr'><strong>cum</strong></span> <span class='ocrx_word' id='word_1_509' title='bbox 1228 4131 1295 4170; x_wconf 93' lang='lat' dir='ltr'><strong>eo</strong></span> <span class='ocrx_word' id='word_1_510' title='bbox 1348 4125 1432 4169; x_wconf 88' lang='lat' dir='ltr'><strong>est</strong></span> <span class='ocrx_word' id='word_1_511' title='bbox 1466 4115 1793 4171; x_wconf 89' lang='lat' dir='ltr'><strong>collocutus.</strong></span> <span class='ocrx_word' id='word_1_512' title='bbox 1854 4117 2032 4185; x_wconf 83' lang='lat' dir='ltr'><strong>Atque</strong></span> <span class='ocrx_word' id='word_1_513' title='bbox 2072 4116 2163 4170; x_wconf 90' lang='lat' dir='ltr'><strong>ubi</strong></span> 
     </span>
    </p>
   </div>
   <div class='ocr_carea' id='block_1_76' title="bbox 583 4209 2166 4275">
    <p class='ocr_par' dir='ltr' id='par_1_76' title="bbox 583 4209 2166 4275">
     <span class='ocr_line' id='line_1_76' title="bbox 583 4209 2166 4275; baseline -0.001 -9"><span class='ocrx_word' id='word_1_514' title='bbox 583 4228 709 4266; x_wconf 86' lang='lat' dir='ltr'><strong>eum</strong></span> <span class='ocrx_word' id='word_1_515' title='bbox 741 4227 849 4264; x_wconf 86' lang='lat' dir='ltr'><strong>non</strong></span> <span class='ocrx_word' id='word_1_516' title='bbox 899 4220 1047 4264; x_wconf 90' lang='lat' dir='ltr'><strong>recte</strong></span> <span class='ocrx_word' id='word_1_517' title='bbox 1103 4210 1310 4263; x_wconf 88' lang='lat' dir='ltr'><strong>sentire</strong></span> <span class='ocrx_word' id='word_1_518' title='bbox 1363 4209 1776 4275; x_wconf 85' lang='lat' dir='ltr'><strong>animadvertit,</strong></span> <span class='ocrx_word' id='word_1_519' title='bbox 1816 4210 2059 4265; x_wconf 88' lang='lat' dir='ltr'><strong>libellum</strong></span> <span class='ocrx_word' id='word_1_520' title='bbox 2100 4226 2166 4265; x_wconf 90' lang='lat' dir='ltr'><strong>ea</strong></span> 
     </span>
    </p>
   </div>
   <div class='ocr_carea' id='block_1_77' title="bbox 584 4299 2165 4373">
    <p class='ocr_par' dir='ltr' id='par_1_77' title="bbox 584 4299 2165 4373">
     <span class='ocr_line' id='line_1_77' title="bbox 584 4299 2165 4373; baseline -0.001 -16"><span class='ocrx_word' id='word_1_521' title='bbox 584 4309 654 4357; x_wconf 87' lang='lat' dir='ltr'><strong>de</strong></span> <span class='ocrx_word' id='word_1_522' title='bbox 674 4319 731 4358; x_wconf 90' lang='lat' dir='ltr'><strong>re</strong></span> <span class='ocrx_word' id='word_1_523' title='bbox 757 4301 1081 4371; x_wconf 67' lang='lat' dir='ltr'><strong>patriarcha:</strong></span> <span class='ocrx_word' id='word_1_524' title='bbox 1111 4301 1375 4356; x_wconf 86' lang='lat' dir='ltr'><strong>Flaviano</strong></span> <span class='ocrx_word' id='word_1_525' title='bbox 1398 4299 1617 4355; x_wconf 88' lang='lat' dir='ltr'><strong>obtulit.</strong></span> <span class='ocrx_word' id='word_1_526' title='bbox 1643 4300 1933 4356; x_wconf 83' lang='lat' dir='ltr'><strong>Flavianus</strong></span> <span class='ocrx_word' id='word_1_527' title='bbox 1954 4302 2165 4373; x_wconf 83' lang='lat' dir='ltr'><strong>synodo</strong></span> 
     </span>
    </p>
   </div>
   <div class='ocr_carea' id='block_1_78' title="bbox 586 4393 2166 4469">
    <p class='ocr_par' dir='ltr' id='par_1_78' title="bbox 586 4393 2166 4469">
     <span class='ocr_line' id='line_1_78' title="bbox 586 4393 2166 4469; baseline -0.001 -19"><span class='ocrx_word' id='word_1_528' title='bbox 586 4394 909 4466; x_wconf 85' lang='lat' dir='ltr'><strong>provinciali</strong></span> <span class='ocrx_word' id='word_1_529' title='bbox 944 4393 1420 4463; x_wconf 89' lang='lat' dir='ltr'><strong>Constantinopoli</strong></span> <span class='ocrx_word' id='word_1_530' title='bbox 1450 4404 1660 4457; x_wconf 89' lang='lat' dir='ltr'><strong>coacta,</strong></span> <span class='ocrx_word' id='word_1_531' title='bbox 1708 4393 1775 4448; x_wconf 89' lang='lat' dir='ltr'><strong>ad</strong></span> <span class='ocrx_word' id='word_1_532' title='bbox 1816 4409 1980 4469; x_wconf 89' lang='lat' dir='ltr'><strong>quam</strong></span> <span class='ocrx_word' id='word_1_533' title='bbox 2029 4410 2166 4464; x_wconf 89' lang='lat' dir='ltr'><strong>qua-</strong></span> 
     </span>
    </p>
   </div>
   <div class='ocr_carea' id='block_1_79' title="bbox 2270 3283 3834 3358">
    <p class='ocr_par' dir='ltr' id='par_1_79' title="bbox 2270 3283 3834 3358">
     <span class='ocr_line' id='line_1_79' title="bbox 2270 3283 3834 3358; baseline 0.003 -23"><span class='ocrx_word' id='word_1_534' title='bbox 2270 3286 2337 3353; x_wconf 80' lang='grc' dir='ltr'>τῇ</span> <span class='ocrx_word' id='word_1_535' title='bbox 2401 3283 2635 3356; x_wconf 78' lang='grc' dir='ltr'>Εὑδοκίᾳ</span> <span class='ocrx_word' id='word_1_536' title='bbox 2684 3286 2751 3338; x_wconf 80' lang='grc' dir='ltr'>τὰ</span> <span class='ocrx_word' id='word_1_537' title='bbox 2794 3284 2891 3356; x_wconf 83' lang='grc' dir='ltr'>τῆς</span> <span class='ocrx_word' id='word_1_538' title='bbox 2951 3285 3225 3349; x_wconf 78' lang='grc' dir='ltr'>πολιτείας</span> <span class='ocrx_word' id='word_1_539' title='bbox 3287 3287 3451 3356; x_wconf 70' lang='grc' dir='ltr'>ἤγετο</span> <span class='ocrx_word' id='word_1_540' title='bbox 3506 3291 3834 3358; x_wconf 71' lang='grc' dir='ltr'>πράγματα’</span> 
     </span>
    </p>
   </div>
   <div class='ocr_carea' id='block_1_80' title="bbox 2270 3377 3839 3451">
    <p class='ocr_par' dir='ltr' id='par_1_80' title="bbox 2270 3377 3839 3451">
     <span class='ocr_line' id='line_1_80' title="bbox 2270 3377 3839 3451; baseline 0.004 -24"><span class='ocrx_word' id='word_1_541' title='bbox 2270 3377 2507 3445; x_wconf 77' lang='grc' dir='ltr'>ὁπηνίκα</span> <span class='ocrx_word' id='word_1_542' title='bbox 2537 3378 2629 3430; x_wconf 87' lang='grc' dir='ltr'>καί</span> <span class='ocrx_word' id='word_1_543' title='bbox 2655 3378 2687 3447; x_wconf 82' lang='grc' dir='ltr'><strong>ἡ</strong></span> <span class='ocrx_word' id='word_1_544' title='bbox 2718 3377 2841 3429; x_wconf 79' lang='grc' dir='ltr'>κατ’</span> <span class='ocrx_word' id='word_1_545' title='bbox 2888 3377 3059 3441; x_wconf 83' lang='grc' dir='ltr'>αὐτῆς</span> <span class='ocrx_word' id='word_1_546' title='bbox 3092 3379 3365 3449; x_wconf 77' lang='grc' dir='ltr'>πρόφασις</span> <span class='ocrx_word' id='word_1_547' title='bbox 3389 3378 3571 3449; x_wconf 83' lang='grc' dir='ltr'>χώραν</span> <span class='ocrx_word' id='word_1_548' title='bbox 3603 3381 3726 3451; x_wconf 75' lang='grc' dir='ltr'>ἔσχε</span> <span class='ocrx_word' id='word_1_549' title='bbox 3763 3382 3839 3450; x_wconf 83' lang='grc' dir='ltr'>τῷ</span> 
     </span>
    </p>
   </div>
   <div class='ocr_carea' id='block_1_81' title="bbox 2273 3470 3836 3542">
    <p class='ocr_par' dir='ltr' id='par_1_81' title="bbox 2273 3470 3836 3542">
     <span class='ocr_line' id='line_1_81' title="bbox 2273 3470 3836 3542; baseline 0.004 -22"><span class='ocrx_word' id='word_1_550' title='bbox 2273 3470 2585 3540; x_wconf 40' lang='grc' dir='ltr'>περιϐοήτῳ</span> <span class='ocrx_word' id='word_1_551' title='bbox 2610 3470 2803 3540; x_wconf 83' lang='grc' dir='ltr'>ἐκείνῳ</span> <span class='ocrx_word' id='word_1_552' title='bbox 2829 3471 2986 3541; x_wconf 78' lang='grc' dir='ltr'>μήλῳ</span> <span class='ocrx_word' id='word_1_553' title='bbox 3008 3471 3097 3524; x_wconf 81' lang='grc' dir='ltr'>διὰ</span> <span class='ocrx_word' id='word_1_554' title='bbox 3125 3472 3389 3525; x_wconf 80' lang='grc' dir='ltr'>Παυλῖνον</span> <span class='ocrx_word' id='word_1_555' title='bbox 3407 3473 3495 3525; x_wconf 84' lang='grc' dir='ltr'>τὸν</span> <span class='ocrx_word' id='word_1_556' title='bbox 3520 3474 3836 3542; x_wconf 73' lang='grc' dir='ltr'>μὰγιστρον,</span> 
     </span>
    </p>
   </div>
   <div class='ocr_carea' id='block_1_82' title="bbox 2270 3562 3840 3633">
    <p class='ocr_par' dir='ltr' id='par_1_82' title="bbox 2270 3562 3840 3633">
     <span class='ocr_line' id='line_1_82' title="bbox 2270 3562 3840 3633; baseline 0.004 -21"><span class='ocrx_word' id='word_1_557' title='bbox 2270 3562 2411 3613; x_wconf 75' lang='grc' dir='ltr'>ὥστε</span> <span class='ocrx_word' id='word_1_558' title='bbox 2474 3563 2821 3632; x_wconf 83' lang='grc' dir='ltr'>προείρηται.</span> <span class='ocrx_word' id='word_1_559' title='bbox 2873 3563 3093 3615; x_wconf 80' lang='grc' dir='ltr'><strong>Τούτων</strong></span> <span class='ocrx_word' id='word_1_560' title='bbox 3148 3563 3291 3616; x_wconf 76' lang='grc' dir='ltr'>οὕτω</span> <span class='ocrx_word' id='word_1_561' title='bbox 3340 3566 3752 3633; x_wconf 81' lang='grc' dir='ltr'>γεγενημένων,</span> <span class='ocrx_word' id='word_1_562' title='bbox 3810 3567 3840 3618; x_wconf 87' lang='grc' dir='ltr'><strong>ὁ</strong></span> 
     </span>
    </p>
   </div>
   <div class='ocr_carea' id='block_1_83' title="bbox 2270 3653 3837 3728">
    <p class='ocr_par' dir='ltr' id='par_1_83' title="bbox 2270 3653 3837 3728">
     <span class='ocr_line' id='line_1_83' title="bbox 2270 3653 3837 3728; baseline 0.003 -23"><span class='ocrx_word' id='word_1_563' title='bbox 2270 3655 2414 3707; x_wconf 68' lang='grc' dir='ltr'>κατὰ</span> <span class='ocrx_word' id='word_1_564' title='bbox 2449 3653 2547 3723; x_wconf 78' lang='grc' dir='ltr'>τὴν</span> <span class='ocrx_word' id='word_1_565' title='bbox 2575 3656 2767 3724; x_wconf 81' lang='grc' dir='ltr'>τρίτην</span> <span class='ocrx_word' id='word_1_566' title='bbox 2796 3653 3014 3708; x_wconf 81' lang='grc' dir='ltr'>σύνοδον</span> <span class='ocrx_word' id='word_1_567' title='bbox 3040 3654 3438 3725; x_wconf 82' lang='grc' dir='ltr'>προειρημένος</span> <span class='ocrx_word' id='word_1_568' title='bbox 3476 3656 3729 3719; x_wconf 77' lang='grc' dir='ltr'>Εὐσέϐιος</span> <span class='ocrx_word' id='word_1_569' title='bbox 3758 3656 3837 3728; x_wconf 73' lang='grc' dir='ltr'><strong>(ὃς</strong></span> 
     </span>
    </p>
   </div>
   <div class='ocr_carea' id='block_1_84' title="bbox 2270 3745 3838 3821">
    <p class='ocr_par' dir='ltr' id='par_1_84' title="bbox 2270 3745 3838 3821">
     <span class='ocr_line' id='line_1_84' title="bbox 2270 3745 3838 3821; baseline 0.003 -23"><span class='ocrx_word' id='word_1_570' title='bbox 2270 3746 2365 3798; x_wconf 69' lang='grc' dir='ltr'>καὶ</span> <span class='ocrx_word' id='word_1_571' title='bbox 2392 3746 2612 3815; x_wconf 80' lang='grc' dir='ltr'>πρῶτος</span> <span class='ocrx_word' id='word_1_572' title='bbox 2640 3746 2737 3815; x_wconf 78' lang='grc' dir='ltr'>τῆς</span> <span class='ocrx_word' id='word_1_573' title='bbox 2760 3745 3063 3816; x_wconf 84' lang='grc' dir='ltr'>Νεστορίου</span> <span class='ocrx_word' id='word_1_574' title='bbox 3089 3747 3513 3818; x_wconf 79' lang='grc' dir='ltr'>φρενοόλασείας</span> <span class='ocrx_word' id='word_1_575' title='bbox 3537 3748 3838 3821; x_wconf 78' lang='grc' dir='ltr'>καθήψατο,</span> 
     </span>
    </p>
   </div>
   <div class='ocr_carea' id='block_1_85' title="bbox 2269 3837 3837 3911">
    <p class='ocr_par' dir='ltr' id='par_1_85' title="bbox 2269 3837 3837 3911">
     <span class='ocr_line' id='line_1_85' title="bbox 2269 3837 3837 3911; baseline 0.003 -21"><span class='ocrx_word' id='word_1_576' title='bbox 2269 3841 2364 3890; x_wconf 72' lang='grc' dir='ltr'>καὶ</span> <span class='ocrx_word' id='word_1_577' title='bbox 2392 3837 2601 3906; x_wconf 85' lang='grc' dir='ltr'>ταύτην</span> <span class='ocrx_word' id='word_1_578' title='bbox 2628 3837 2907 3907; x_wconf 75' lang='grc' dir='ltr'>διήλεγξε,</span> <span class='ocrx_word' id='word_1_579' title='bbox 2945 3840 3245 3911; x_wconf 71' lang='grc' dir='ltr'>ῥητορικὴν</span> <span class='ocrx_word' id='word_1_580' title='bbox 3273 3839 3432 3910; x_wconf 82' lang='grc' dir='ltr'>είπερ</span> <span class='ocrx_word' id='word_1_581' title='bbox 3460 3858 3540 3904; x_wconf 86' lang='grc' dir='ltr'><strong>τις</strong></span> <span class='ocrx_word' id='word_1_582' title='bbox 3562 3843 3799 3907; x_wconf 76' lang='grc' dir='ltr'>ἀσκήσας</span> <span class='ocrx_word' id='word_1_583' title='bbox 3822 3858 3837 3873; x_wconf 79' lang='grc'><em>’</em></span> 
     </span>
    </p>
   </div>
   <div class='ocr_carea' id='block_1_86' title="bbox 2268 3926 3842 4001">
    <p class='ocr_par' dir='ltr' id='par_1_86' title="bbox 2268 3926 3842 4001">
     <span class='ocr_line' id='line_1_86' title="bbox 2268 3926 3842 4001; baseline 0.003 -23"><span class='ocrx_word' id='word_1_584' title='bbox 2268 3928 2391 3979; x_wconf 83' lang='grc' dir='ltr'>τότε</span> <span class='ocrx_word' id='word_1_585' title='bbox 2420 3926 2474 3978; x_wconf 77' lang='grc' dir='ltr'>δὲ</span> <span class='ocrx_word' id='word_1_586' title='bbox 2503 3927 2606 3997; x_wconf 80' lang='grc' dir='ltr'>τὴν</span> <span class='ocrx_word' id='word_1_587' title='bbox 2641 3928 2943 3997; x_wconf 88' lang='grc' dir='ltr'>Δορυλαίου</span> <span class='ocrx_word' id='word_1_588' title='bbox 2978 3929 3183 3982; x_wconf 83' lang='grc' dir='ltr'>διέπων</span> <span class='ocrx_word' id='word_1_589' title='bbox 3219 3928 3569 4001; x_wconf 80' lang='grc' dir='ltr'>ἐπισκοπὴν),</span> <span class='ocrx_word' id='word_1_590' title='bbox 3606 3931 3842 4000; x_wconf 76' lang='grc' dir='ltr'>συνήθης</span> 
     </span>
    </p>
   </div>
   <div class='ocr_carea' id='block_1_87' title="bbox 2268 4020 3844 4091">
    <p class='ocr_par' dir='ltr' id='par_1_87' title="bbox 2268 4020 3844 4091">
     <span class='ocr_line' id='line_1_87' title="bbox 2268 4020 3844 4091; baseline 0.001 -18"><span class='ocrx_word' id='word_1_591' title='bbox 2268 4021 2346 4074; x_wconf 83' lang='grc' dir='ltr'>ὢν</span> <span class='ocrx_word' id='word_1_592' title='bbox 2375 4021 2612 4091; x_wconf 81' lang='grc' dir='ltr'>Εὐτυχετ</span> <span class='ocrx_word' id='word_1_593' title='bbox 2645 4020 2774 4085; x_wconf 80' lang='grc' dir='ltr'>περὶ</span> <span class='ocrx_word' id='word_1_594' title='bbox 2806 4021 3043 4083; x_wconf 85' lang='grc' dir='ltr'>πίστεώς</span> <span class='ocrx_word' id='word_1_595' title='bbox 3076 4038 3203 4074; x_wconf 67' lang='grc' dir='ltr'>ποτε</span> <span class='ocrx_word' id='word_1_596' title='bbox 3238 4021 3433 4088; x_wconf 84' lang='grc' dir='ltr'>λόγους</span> <span class='ocrx_word' id='word_1_597' title='bbox 3465 4022 3654 4079; x_wconf 78' lang='grc' dir='ltr'>ἐκίνει.</span> <span class='ocrx_word' id='word_1_598' title='bbox 3692 4023 3844 4077; x_wconf 80' lang='grc' dir='ltr'>Ἐπεὶ</span> 
     </span>
    </p>
   </div>
   <div class='ocr_carea' id='block_1_88' title="bbox 2266 4111 3841 4185">
    <p class='ocr_par' dir='ltr' id='par_1_88' title="bbox 2266 4111 3841 4185">
     <span class='ocr_line' id='line_1_88' title="bbox 2266 4111 3841 4185; baseline 0.004 -21"><span class='ocrx_word' id='word_1_599' title='bbox 2266 4111 2324 4166; x_wconf 81' lang='grc' dir='ltr'>δὲ</span> <span class='ocrx_word' id='word_1_600' title='bbox 2353 4111 2429 4180; x_wconf 82' lang='grc' dir='ltr'>μὴ</span> <span class='ocrx_word' id='word_1_601' title='bbox 2461 4111 2631 4179; x_wconf 77' lang='grc' dir='ltr'>ὑγιῶς</span> <span class='ocrx_word' id='word_1_602' title='bbox 2672 4111 2977 4181; x_wconf 76' lang='grc' dir='ltr'>φρονοῦντα</span> <span class='ocrx_word' id='word_1_603' title='bbox 3000 4112 3318 4183; x_wconf 77' lang='grc' dir='ltr'>ἐφεύρισκε,</span> <span class='ocrx_word' id='word_1_604' title='bbox 3340 4113 3580 4167; x_wconf 76' lang='grc' dir='ltr'>λίόελλον</span> <span class='ocrx_word' id='word_1_605' title='bbox 3609 4116 3841 4185; x_wconf 67' lang='grc' dir='ltr'>γράψας,</span> 
     </span>
    </p>
   </div>
   <div class='ocr_carea' id='block_1_89' title="bbox 2266 4204 3844 4279">
    <p class='ocr_par' dir='ltr' id='par_1_89' title="bbox 2266 4204 3844 4279">
     <span class='ocr_line' id='line_1_89' title="bbox 2266 4204 3844 4279; baseline 0.003 -24"><span class='ocrx_word' id='word_1_606' title='bbox 2266 4204 2556 4275; x_wconf 80' lang='grc' dir='ltr'>Φλαὸιανῷ</span> <span class='ocrx_word' id='word_1_607' title='bbox 2584 4204 2662 4274; x_wconf 84' lang='grc' dir='ltr'>τῷ</span> <span class='ocrx_word' id='word_1_608' title='bbox 2695 4205 3013 4278; x_wconf 81' lang='grc' dir='ltr'>πατριάρχῃ</span> <span class='ocrx_word' id='word_1_609' title='bbox 3043 4204 3233 4262; x_wconf 83' lang='grc' dir='ltr'>ἐδίδου.</span> <span class='ocrx_word' id='word_1_610' title='bbox 3280 4204 3340 4258; x_wconf 84' lang='lat'><strong>&#39;0</strong></span> <span class='ocrx_word' id='word_1_611' title='bbox 3364 4206 3419 4259; x_wconf 84' lang='grc' dir='ltr'>δὲ</span> <span class='ocrx_word' id='word_1_612' title='bbox 3448 4207 3681 4279; x_wconf 73' lang='grc' dir='ltr'>μερικὴν</span> <span class='ocrx_word' id='word_1_613' title='bbox 3722 4209 3844 4260; x_wconf 79' lang='grc' dir='ltr'>σύν-</span> 
     </span>
    </p>
   </div>
   <div class='ocr_carea' id='block_1_90' title="bbox 2268 4294 3842 4368">
    <p class='ocr_par' dir='ltr' id='par_1_90' title="bbox 2268 4294 3842 4368">
     <span class='ocr_line' id='line_1_90' title="bbox 2268 4294 3842 4368; baseline 0.003 -21"><span class='ocrx_word' id='word_1_614' title='bbox 2268 4294 2385 4349; x_wconf 65' lang='grc' dir='ltr'>οδον</span> <span class='ocrx_word' id='word_1_615' title='bbox 2413 4297 2555 4350; x_wconf 70' lang='grc' dir='ltr'>κατὰ</span> <span class='ocrx_word' id='word_1_616' title='bbox 2589 4297 2690 4368; x_wconf 85' lang='grc' dir='ltr'>τὴν</span> <span class='ocrx_word' id='word_1_617' title='bbox 2733 4298 3151 4350; x_wconf 82' lang='grc' dir='ltr'>Κωνσταντίνου</span> <span class='ocrx_word' id='word_1_618' title='bbox 3201 4297 3481 4367; x_wconf 76' lang='grc' dir='ltr'>ἀθροίσας,</span> <span class='ocrx_word' id='word_1_619' title='bbox 3530 4299 3596 4367; x_wconf 75' lang='grc' dir='ltr'>ἢν</span> <span class='ocrx_word' id='word_1_620' title='bbox 3648 4314 3842 4352; x_wconf 83' lang='grc' dir='ltr'>τεσσα-</span> 
     </span>
    </p>
   </div>
   <div class='ocr_carea' id='block_1_91' title="bbox 2271 4389 3840 4462">
    <p class='ocr_par' dir='ltr' id='par_1_91' title="bbox 2271 4389 3840 4462">
     <span class='ocr_line' id='line_1_91' title="bbox 2271 4389 3840 4462; baseline 0.001 -19"><span class='ocrx_word' id='word_1_621' title='bbox 2271 4389 2508 4460; x_wconf 80' lang='grc' dir='ltr'>ράκοντα</span> <span class='ocrx_word' id='word_1_622' title='bbox 2536 4390 2811 4459; x_wconf 84' lang='grc' dir='ltr'>ἐπλήρουν</span> <span class='ocrx_word' id='word_1_623' title='bbox 2845 4390 3163 4452; x_wconf 78' lang='grc' dir='ltr'>ἐπίσκοποι,</span> <span class='ocrx_word' id='word_1_624' title='bbox 3189 4390 3574 4460; x_wconf 78' lang='grc' dir='ltr'>μετεστέλλετο</span> <span class='ocrx_word' id='word_1_625' title='bbox 3606 4390 3840 4462; x_wconf 75' lang='grc' dir='ltr'>Εὐτυχῆ.</span> 
     </span>
    </p>
   </div>
   <div class='ocr_carea' id='block_1_92' title="bbox 586 4478 2162 4556">
    <p class='ocr_par' dir='ltr' id='par_1_92' title="bbox 586 4485 2157 4556">
     <span class='ocr_line' id='line_1_92' title="bbox 586 4485 2157 4556; baseline -0.001 -15"><span class='ocrx_word' id='word_1_626' title='bbox 586 4488 837 4556; x_wconf 78' lang='lat' dir='ltr'><strong>draginta</strong></span> <span class='ocrx_word' id='word_1_627' title='bbox 901 4486 1140 4555; x_wconf 84' lang='lat' dir='ltr'><strong>episc0pi</strong></span> <span class='ocrx_word' id='word_1_628' title='bbox 1199 4496 1485 4552; x_wconf 88' lang='lat' dir='ltr'><strong>venerant,</strong></span> <span class='ocrx_word' id='word_1_629' title='bbox 1552 4485 1914 4555; x_wconf 84' lang='lat' dir='ltr'><strong>Eutychetem</strong></span> <span class='ocrx_word' id='word_1_630' title='bbox 1946 4486 2157 4541; x_wconf 85' lang='lat' dir='ltr'><strong>citavit.</strong></span> 
     </span>
    </p>
   </div>
   <div class='ocr_carea' id='block_1_93' title="bbox 2269 4478 3843 4556">
    <p class='ocr_par' dir='ltr' id='par_1_93' title="bbox 2278 4478 3843 4550">
     <span class='ocr_line' id='line_1_93' title="bbox 2278 4478 3843 4550; baseline 0.001 -16"><span class='ocrx_word' id='word_1_631' title='bbox 2278 4480 2341 4534; x_wconf 88' lang='lat'><strong>&#39;0</strong></span> <span class='ocrx_word' id='word_1_632' title='bbox 2374 4481 2431 4533; x_wconf 86' lang='grc' dir='ltr'>δὲ</span> <span class='ocrx_word' id='word_1_633' title='bbox 2468 4482 2537 4533; x_wconf 63' lang='grc' dir='ltr'>τὰ</span> <span class='ocrx_word' id='word_1_634' title='bbox 2575 4485 2675 4548; x_wconf 79' lang='grc' dir='ltr'>μὲν</span> <span class='ocrx_word' id='word_1_635' title='bbox 2710 4478 2908 4547; x_wconf 82' lang='grc' dir='ltr'>πρῶτα</span> <span class='ocrx_word' id='word_1_636' title='bbox 2941 4478 3203 4550; x_wconf 73' lang='grc' dir='ltr'>ἔρχεσθαι</span> <span class='ocrx_word' id='word_1_637' title='bbox 3249 4483 3551 4550; x_wconf 72' lang='grc' dir='ltr'>παρῃτεῖτο</span> <span class='ocrx_word' id='word_1_638' title='bbox 3573 4497 3587 4510; x_wconf 91' lang='grc'><strong>·</strong></span> <span class='ocrx_word' id='word_1_639' title='bbox 3618 4483 3738 4535; x_wconf 75' lang='grc' dir='ltr'>ἐπεὶ</span> <span class='ocrx_word' id='word_1_640' title='bbox 3783 4484 3843 4536; x_wconf 75' lang='grc' dir='ltr'>δὲ</span> 
     </span>
    </p>
   </div>
   <div class='ocr_carea' id='block_1_94' title="bbox 587 4572 2162 4645">
    <p class='ocr_par' dir='ltr' id='par_1_94' title="bbox 587 4572 2162 4645">
     <span class='ocr_line' id='line_1_94' title="bbox 587 4572 2162 4645; baseline -0.003 -13"><span class='ocrx_word' id='word_1_641' title='bbox 587 4578 679 4632; x_wconf 89' lang='lat' dir='ltr'><strong>Ille</strong></span> <span class='ocrx_word' id='word_1_642' title='bbox 708 4589 871 4645; x_wconf 89' lang='lat' dir='ltr'><strong>porro</strong></span> <span class='ocrx_word' id='word_1_643' title='bbox 902 4575 1135 4644; x_wconf 88' lang='lat' dir='ltr'><strong>primum</strong></span> <span class='ocrx_word' id='word_1_644' title='bbox 1167 4575 1362 4628; x_wconf 88' lang='lat' dir='ltr'><strong>sistere</strong></span> <span class='ocrx_word' id='word_1_645' title='bbox 1405 4589 1462 4627; x_wconf 91' lang='lat' dir='ltr'><strong>se</strong></span> <span class='ocrx_word' id='word_1_646' title='bbox 1491 4573 1790 4627; x_wconf 86' lang='lat' dir='ltr'><strong>recusavit.</strong></span> <span class='ocrx_word' id='word_1_647' title='bbox 1838 4572 1941 4629; x_wconf 88' lang='lat' dir='ltr'><strong>Ubi</strong></span> <span class='ocrx_word' id='word_1_648' title='bbox 1976 4582 2162 4627; x_wconf 88' lang='lat' dir='ltr'><strong>autem</strong></span> 
     </span>
    </p>
   </div>
   <div class='ocr_carea' id='block_1_95' title="bbox 584 4664 2167 4733">
    <p class='ocr_par' dir='ltr' id='par_1_95' title="bbox 584 4664 2167 4733">
     <span class='ocr_line' id='line_1_95' title="bbox 584 4664 2167 4733; baseline -0.004 -9"><span class='ocrx_word' id='word_1_649' title='bbox 584 4681 809 4724; x_wconf 89' lang='lat' dir='ltr'><strong>coactus</strong></span> <span class='ocrx_word' id='word_1_650' title='bbox 848 4667 1093 4729; x_wconf 87' lang='lat' dir='ltr'><strong>advenit,</strong></span> <span class='ocrx_word' id='word_1_651' title='bbox 1122 4665 1433 4721; x_wconf 57' lang='lat' dir='ltr'><strong>{utilissimo</strong></span> <span class='ocrx_word' id='word_1_652' title='bbox 1468 4665 1661 4719; x_wconf 88' lang='lat' dir='ltr'><strong>morbo</strong></span> <span class='ocrx_word' id='word_1_653' title='bbox 1681 4665 1935 4719; x_wconf 89' lang='lat' dir='ltr'><strong>laborare</strong></span> <span class='ocrx_word' id='word_1_654' title='bbox 1967 4664 2167 4733; x_wconf 89' lang='lat' dir='ltr'><strong>depre-</strong></span> 
     </span>
    </p>
   </div>
   <div class='ocr_carea' id='block_1_96' title="bbox 586 4756 2160 4827">
    <p class='ocr_par' dir='ltr' id='par_1_96' title="bbox 586 4756 2160 4827">
     <span class='ocr_line' id='line_1_96' title="bbox 586 4756 2160 4827; baseline -0.003 -11"><span class='ocrx_word' id='word_1_655' title='bbox 586 4763 791 4816; x_wconf 88' lang='lat' dir='ltr'><strong>hensus</strong></span> <span class='ocrx_word' id='word_1_656' title='bbox 818 4772 922 4815; x_wconf 91' lang='lat' dir='ltr'><strong>est.</strong></span> <span class='ocrx_word' id='word_1_657' title='bbox 944 4759 1203 4814; x_wconf 90' lang='lat' dir='ltr'><strong>lumedio</strong></span> <span class='ocrx_word' id='word_1_658' title='bbox 1238 4760 1385 4812; x_wconf 90' lang='lat' dir='ltr'><strong>enim</strong></span> <span class='ocrx_word' id='word_1_659' title='bbox 1404 4772 1691 4824; x_wconf 85' lang='lat' dir='ltr'><strong>consessu,</strong></span> <span class='ocrx_word' id='word_1_660' title='bbox 1736 4773 1755 4807; x_wconf 76' lang='grc' dir='ltr'><strong>ι</strong></span> <span class='ocrx_word' id='word_1_661' title='bbox 1796 4756 1929 4827; x_wconf 85' lang='lat' dir='ltr'><strong>Ego,</strong></span> <span class='ocrx_word' id='word_1_662' title='bbox 1961 4756 2160 4826; x_wconf 88' lang='lat' dir='ltr'><strong>inquit,</strong></span> 
     </span>
    </p>
   </div>
   <div class='ocr_carea' id='block_1_97' title="bbox 584 4847 2163 4919">
    <p class='ocr_par' dir='ltr' id='par_1_97' title="bbox 584 4847 2163 4919">
     <span class='ocr_line' id='line_1_97' title="bbox 584 4847 2163 4919; baseline -0.005 -10"><span class='ocrx_word' id='word_1_663' title='bbox 584 4870 651 4909; x_wconf 77' lang='lat' dir='ltr'><strong>ex</strong></span> <span class='ocrx_word' id='word_1_664' title='bbox 670 4852 884 4907; x_wconf 89' lang='lat' dir='ltr'><strong>duabus</strong></span> <span class='ocrx_word' id='word_1_665' title='bbox 914 4851 1124 4905; x_wconf 79' lang='lat' dir='ltr'><strong>naturis</strong></span> <span class='ocrx_word' id='word_1_666' title='bbox 1151 4850 1392 4919; x_wconf 83' lang='lat' dir='ltr'><strong>genitum</strong></span> <span class='ocrx_word' id='word_1_667' title='bbox 1421 4864 1541 4904; x_wconf 91' lang='lat' dir='ltr'><strong>esse</strong></span> <span class='ocrx_word' id='word_1_668' title='bbox 1570 4848 1829 4918; x_wconf 77' lang='lat' dir='ltr'><strong>proﬁteor</strong></span> <span class='ocrx_word' id='word_1_669' title='bbox 1873 4847 2163 4902; x_wconf 88' lang='lat' dir='ltr'><strong>Dominum</strong></span> 
     </span>
    </p>
   </div>
   <div class='ocr_carea' id='block_1_98' title="bbox 586 4937 2167 5003">
    <p class='ocr_par' dir='ltr' id='par_1_98' title="bbox 586 4937 2167 5003">
     <span class='ocr_line' id='line_1_98' title="bbox 586 4937 2167 5003; baseline -0.003 -4"><span class='ocrx_word' id='word_1_670' title='bbox 586 4954 835 4999; x_wconf 88' lang='lat' dir='ltr'><strong>nostrum</strong></span> <span class='ocrx_word' id='word_1_671' title='bbox 896 4941 1082 4996; x_wconf 69' lang='lat' dir='ltr'><strong>Iesum</strong></span> <span class='ocrx_word' id='word_1_672' title='bbox 1143 4939 1449 5003; x_wconf 85' lang='lat' dir='ltr'><strong>Christum,</strong></span> <span class='ocrx_word' id='word_1_673' title='bbox 1503 4947 1631 4992; x_wconf 84' lang='lat' dir='ltr'><strong>ante</strong></span> <span class='ocrx_word' id='word_1_674' title='bbox 1698 4938 1981 4991; x_wconf 88' lang='lat' dir='ltr'><strong>unionem.</strong></span> <span class='ocrx_word' id='word_1_675' title='bbox 2034 4937 2167 4994; x_wconf 84' lang='lat' dir='ltr'><strong>Post</strong></span> 
     </span>
    </p>
   </div>
   <div class='ocr_carea' id='block_1_99' title="bbox 591 5016 2168 5101">
    <p class='ocr_par' dir='ltr' id='par_1_99' title="bbox 591 5016 2168 5101">
     <span class='ocr_line' id='line_1_99' title="bbox 591 5016 2168 5101; baseline -0.003 -14"><span class='ocrx_word' id='word_1_676' title='bbox 591 5035 849 5088; x_wconf 90' lang='lat' dir='ltr'><strong>unionem</strong></span> <span class='ocrx_word' id='word_1_677' title='bbox 877 5041 1080 5094; x_wconf 88' lang='lat' dir='ltr'><strong>autem,</strong></span> <span class='ocrx_word' id='word_1_678' title='bbox 1118 5016 1281 5085; x_wconf 84' lang='lat' dir='ltr'><strong>unam</strong></span> <span class='ocrx_word' id='word_1_679' title='bbox 1302 5032 1424 5101; x_wconf 87' lang='lat' dir='ltr'><strong>ejus</strong></span> <span class='ocrx_word' id='word_1_680' title='bbox 1456 5045 1578 5084; x_wconf 90' lang='lat' dir='ltr'><strong>esse</strong></span> <span class='ocrx_word' id='word_1_681' title='bbox 1608 5038 1886 5092; x_wconf 87' lang='lat' dir='ltr'><strong>naturam,</strong></span> <span class='ocrx_word' id='word_1_682' title='bbox 1944 5040 1995 5083; x_wconf 88' lang='lat' dir='ltr'><strong>et</strong></span> <span class='ocrx_word' id='word_1_683' title='bbox 2023 5030 2168 5084; x_wconf 79' lang='lat' dir='ltr'><strong>divi~</strong></span> 
     </span>
    </p>
   </div>
   <div class='ocr_carea' id='block_1_100' title="bbox 588 5123 2163 5197">
    <p class='ocr_par' dir='ltr' id='par_1_100' title="bbox 588 5123 2163 5197">
     <span class='ocr_line' id='line_1_100' title="bbox 588 5123 2163 5197; baseline -0.002 -15"><span class='ocrx_word' id='word_1_684' title='bbox 588 5142 721 5183; x_wconf 89' lang='lat' dir='ltr'><strong>num</strong></span> <span class='ocrx_word' id='word_1_685' title='bbox 773 5127 892 5197; x_wconf 79' lang='lat' dir='ltr'><strong>ejus</strong></span> <span class='ocrx_word' id='word_1_686' title='bbox 949 5141 1154 5195; x_wconf 91' lang='lat' dir='ltr'><strong>corpus</strong></span> <span class='ocrx_word' id='word_1_687' title='bbox 1222 5140 1404 5195; x_wconf 89' lang='lat' dir='ltr'><strong>neque</strong></span> <span class='ocrx_word' id='word_1_688' title='bbox 1453 5124 1924 5181; x_wconf 83' lang='lat' dir='ltr'><strong>consubstantiale</strong></span> <span class='ocrx_word' id='word_1_689' title='bbox 1984 5123 2163 5189; x_wconf 91' lang='lat' dir='ltr'><strong>nobis,</strong></span> 
     </span>
    </p>
   </div>
   <div class='ocr_carea' id='block_1_101' title="bbox 586 5215 2165 5290">
    <p class='ocr_par' dir='ltr' id='par_1_101' title="bbox 586 5215 2165 5290">
     <span class='ocr_line' id='line_1_101' title="bbox 586 5215 2165 5290; baseline -0.003 -16"><span class='ocrx_word' id='word_1_690' title='bbox 586 5235 767 5290; x_wconf 81' lang='lat' dir='ltr'><strong>neque</strong></span> <span class='ocrx_word' id='word_1_691' title='bbox 799 5218 1007 5274; x_wconf 89' lang='lat' dir='ltr'><strong>eisdem</strong></span> <span class='ocrx_word' id='word_1_692' title='bbox 1042 5217 1329 5272; x_wconf 89' lang='lat' dir='ltr'><strong>uobiscum</strong></span> <span class='ocrx_word' id='word_1_693' title='bbox 1393 5215 1843 5286; x_wconf 79' lang='lat' dir='ltr'><strong>perpessionibus</strong></span> <span class='ocrx_word' id='word_1_694' title='bbox 1865 5217 2165 5271; x_wconf 81' lang='lat' dir='ltr'><strong>obnoxium</strong></span> 
     </span>
    </p>
   </div>
   <div class='ocr_carea' id='block_1_102' title="bbox 585 5309 2167 5381">
    <p class='ocr_par' dir='ltr' id='par_1_102' title="bbox 585 5309 2167 5381">
     <span class='ocr_line' id='line_1_102' title="bbox 585 5309 2167 5381; baseline -0.002 -14"><span class='ocrx_word' id='word_1_695' title='bbox 585 5327 709 5367; x_wconf 89' lang='lat' dir='ltr'><strong>esse</strong></span> <span class='ocrx_word' id='word_1_696' title='bbox 767 5311 1024 5381; x_wconf 72' lang='lat' dir='ltr'><strong>przedico.</strong></span> <span class='ocrx_word' id='word_1_697' title='bbox 1099 5328 1117 5360; x_wconf 84' lang='grc' dir='ltr'><strong>ι</strong></span> <span class='ocrx_word' id='word_1_698' title='bbox 1154 5309 1284 5375; x_wconf 62' lang='lat' dir='ltr'><strong>Qum</strong></span> <span class='ocrx_word' id='word_1_699' title='bbox 1314 5310 1480 5363; x_wconf 85' lang='lat' dir='ltr'><strong>verba</strong></span> <span class='ocrx_word' id='word_1_700' title='bbox 1549 5317 1837 5380; x_wconf 80' lang='lat' dir='ltr'><strong>postquam</strong></span> <span class='ocrx_word' id='word_1_701' title='bbox 1918 5309 2167 5379; x_wconf 65' lang='lat' dir='ltr'><strong>synodus</strong></span> 
     </span>
    </p>
   </div>
   <div class='ocr_carea' id='block_1_103' title="bbox 587 5401 2166 5473">
    <p class='ocr_par' dir='ltr' id='par_1_103' title="bbox 587 5401 2166 5473">
     <span class='ocr_line' id='line_1_103' title="bbox 587 5401 2166 5473; baseline -0.003 -14"><span class='ocrx_word' id='word_1_702' title='bbox 587 5403 798 5459; x_wconf 85' lang='lat' dir='ltr'><strong>audivit</strong></span> <span class='ocrx_word' id='word_1_703' title='bbox 854 5404 954 5473; x_wconf 81' lang='lat' dir='ltr'><strong>(I),</strong></span> <span class='ocrx_word' id='word_1_704' title='bbox 1002 5402 1149 5457; x_wconf 91' lang='lat' dir='ltr'><strong>illico</strong></span> <span class='ocrx_word' id='word_1_705' title='bbox 1198 5402 1345 5472; x_wconf 89' lang='lat' dir='ltr'><strong>quod</strong></span> <span class='ocrx_word' id='word_1_706' title='bbox 1397 5401 1487 5457; x_wconf 92' lang='lat' dir='ltr'><strong>ille</strong></span> <span class='ocrx_word' id='word_1_707' title='bbox 1540 5402 1865 5472; x_wconf 71' lang='lat' dir='ltr'><strong>paenitentia</strong></span> <span class='ocrx_word' id='word_1_708' title='bbox 1897 5417 2005 5455; x_wconf 86' lang='lat' dir='ltr'><strong>non</strong></span> <span class='ocrx_word' id='word_1_709' title='bbox 2059 5402 2166 5455; x_wconf 88' lang='lat' dir='ltr'><strong>du-</strong></span> 
     </span>
    </p>
   </div>
   <div class='ocr_carea' id='block_1_104' title="bbox 587 5494 2166 5566">
    <p class='ocr_par' dir='ltr' id='par_1_104' title="bbox 587 5494 2166 5566">
     <span class='ocr_line' id='line_1_104' title="bbox 587 5494 2166 5566; baseline -0.003 -15"><span class='ocrx_word' id='word_1_710' title='bbox 587 5504 830 5559; x_wconf 74' lang='lat' dir='ltr'><strong>ceretur,</strong></span> <span class='ocrx_word' id='word_1_711' title='bbox 872 5496 1115 5566; x_wconf 89' lang='lat' dir='ltr'><strong>legitime</strong></span> <span class='ocrx_word' id='word_1_712' title='bbox 1175 5505 1232 5549; x_wconf 93' lang='lat' dir='ltr'><strong>et</strong></span> <span class='ocrx_word' id='word_1_713' title='bbox 1260 5495 1412 5565; x_wconf 77' lang='lat' dir='ltr'><strong>juxta</strong></span> <span class='ocrx_word' id='word_1_714' title='bbox 1436 5502 1647 5549; x_wconf 91' lang='lat' dir='ltr'><strong>certum</strong></span> <span class='ocrx_word' id='word_1_715' title='bbox 1697 5509 1969 5548; x_wconf 88' lang='lat' dir='ltr'><strong>canonum</strong></span> <span class='ocrx_word' id='word_1_716' title='bbox 2014 5494 2166 5563; x_wconf 87' lang='lat' dir='ltr'><strong>judi-</strong></span> 
     </span>
    </p>
   </div>
   <div class='ocr_carea' id='block_1_105' title="bbox 587 5584 2166 5658">
    <p class='ocr_par' dir='ltr' id='par_1_105' title="bbox 587 5584 2166 5658">
     <span class='ocr_line' id='line_1_105' title="bbox 587 5584 2166 5658; baseline -0.002 -14"><span class='ocrx_word' id='word_1_717' title='bbox 587 5593 758 5653; x_wconf 88' lang='lat' dir='ltr'><strong>cium,</strong></span> <span class='ocrx_word' id='word_1_718' title='bbox 795 5588 1110 5654; x_wconf 87' lang='lat' dir='ltr'><strong>hominem,</strong></span> <span class='ocrx_word' id='word_1_719' title='bbox 1135 5586 1400 5657; x_wconf 86' lang='lat' dir='ltr'><strong>dignitate</strong></span> <span class='ocrx_word' id='word_1_720' title='bbox 1431 5586 1481 5641; x_wconf 91' lang='lat' dir='ltr'><strong>ei</strong></span> <span class='ocrx_word' id='word_1_721' title='bbox 1509 5587 1788 5657; x_wconf 88' lang='lat' dir='ltr'><strong>adempta,</strong></span> <span class='ocrx_word' id='word_1_722' title='bbox 1825 5587 2037 5658; x_wconf 84' lang='lat' dir='ltr'><strong>rejecit.</strong></span> <span class='ocrx_word' id='word_1_723' title='bbox 2070 5584 2166 5641; x_wconf 88' lang='lat' dir='ltr'><strong>Ille</strong></span> 
     </span>
    </p>
   </div>
   <div class='ocr_carea' id='block_1_106' title="bbox 662 5698 2164 5773">
    <p class='ocr_par' dir='ltr' id='par_1_106' title="bbox 662 5698 2164 5773">
     <span class='ocr_line' id='line_1_106' title="bbox 662 5698 2164 5773; baseline 0 -20"><span class='ocrx_word' id='word_1_724' title='bbox 662 5701 737 5773; x_wconf 74' lang='grc' dir='ltr'><strong>ςι)</strong></span> <span class='ocrx_word' id='word_1_725' title='bbox 788 5699 1037 5773; x_wconf 73' lang='lat' dir='ltr'><strong>Synodos</strong></span> <span class='ocrx_word' id='word_1_726' title='bbox 1075 5698 1441 5773; x_wconf 84' lang='lat' dir='ltr'><strong>provinciales</strong></span> <span class='ocrx_word' id='word_1_727' title='bbox 1486 5700 1818 5773; x_wconf 78' lang='lat' dir='ltr'><strong>patriarchae</strong></span> <span class='ocrx_word' id='word_1_728' title='bbox 1872 5708 1927 5754; x_wconf 89' lang='lat' dir='ltr'><strong>et</strong></span> <span class='ocrx_word' id='word_1_729' title='bbox 1977 5700 2164 5753; x_wconf 86' lang='lat' dir='ltr'><strong>archi-</strong></span> 
     </span>
    </p>
   </div>
   <div class='ocr_carea' id='block_1_107' title="bbox 590 5771 2166 5841">
    <p class='ocr_par' dir='ltr' id='par_1_107' title="bbox 590 5771 2166 5841">
     <span class='ocr_line' id='line_1_107' title="bbox 590 5771 2166 5841; baseline -0.001 -14"><span class='ocrx_word' id='word_1_730' title='bbox 590 5771 829 5841; x_wconf 78' lang='lat' dir='ltr'><strong>episcopi</strong></span> <span class='ocrx_word' id='word_1_731' title='bbox 852 5771 1007 5837; x_wconf 83' lang='lat' dir='ltr'><strong>olitn’,</strong></span> <span class='ocrx_word' id='word_1_732' title='bbox 1026 5785 1150 5824; x_wconf 86' lang='lat' dir='ltr'><strong>cum</strong></span> <span class='ocrx_word' id='word_1_733' title='bbox 1174 5773 1277 5827; x_wconf 87' lang='lat' dir='ltr'><strong>hoc</strong></span> <span class='ocrx_word' id='word_1_734' title='bbox 1297 5771 1376 5826; x_wconf 90' lang='lat' dir='ltr'><strong>sic</strong></span> <span class='ocrx_word' id='word_1_735' title='bbox 1401 5786 1531 5827; x_wconf 66' lang='lat' dir='ltr'><strong>usus</strong></span> <span class='ocrx_word' id='word_1_736' title='bbox 1548 5771 1736 5839; x_wconf 80' lang='lat' dir='ltr'><strong>ferret,</strong></span> <span class='ocrx_word' id='word_1_737' title='bbox 1752 5785 1949 5841; x_wconf 77' lang='lat' dir='ltr'><strong>cogere</strong></span> <span class='ocrx_word' id='word_1_738' title='bbox 1969 5781 2166 5840; x_wconf 83' lang='lat' dir='ltr'><strong>polue-</strong></span> 
     </span>
    </p>
   </div>
   <div class='ocr_carea' id='block_1_108' title="bbox 2273 4568 3844 4643">
    <p class='ocr_par' dir='ltr' id='par_1_108' title="bbox 2273 4568 3844 4643">
     <span class='ocr_line' id='line_1_108' title="bbox 2273 4568 3844 4643; baseline 0.003 -22"><span class='ocrx_word' id='word_1_739' title='bbox 2273 4568 2625 4639; x_wconf 80' lang='grc' dir='ltr'>βιαζόμενος’</span> <span class='ocrx_word' id='word_1_740' title='bbox 2657 4569 3035 4639; x_wconf 83' lang='grc' dir='ltr'>παρεγένετο,</span> <span class='ocrx_word' id='word_1_741' title='bbox 3093 4569 3347 4640; x_wconf 77' lang='grc' dir='ltr'>φωρᾶται</span> <span class='ocrx_word' id='word_1_742' title='bbox 3400 4570 3648 4643; x_wconf 76' lang='grc' dir='ltr'>αἰσχίστῃ</span> <span class='ocrx_word' id='word_1_743' title='bbox 3704 4573 3844 4641; x_wconf 65' lang='grc' dir='ltr'>νόσῳ</span> 
     </span>
    </p>
   </div>
   <div class='ocr_carea' id='block_1_109' title="bbox 2273 4662 3841 4736">
    <p class='ocr_par' dir='ltr' id='par_1_109' title="bbox 2273 4662 3841 4736">
     <span class='ocr_line' id='line_1_109' title="bbox 2273 4662 3841 4736; baseline 0.003 -22"><span class='ocrx_word' id='word_1_744' title='bbox 2273 4662 2731 4732; x_wconf 70' lang='grc' dir='ltr'>προειλημμένος.</span> <span class='ocrx_word' id='word_1_745' title='bbox 2770 4662 2917 4731; x_wconf 64' lang='grc' dir='ltr'>Ἔφη</span> <span class='ocrx_word' id='word_1_746' title='bbox 2948 4662 3057 4733; x_wconf 75' lang='grc' dir='ltr'>γὰρ</span> <span class='ocrx_word' id='word_1_747' title='bbox 3110 4664 3168 4716; x_wconf 82' lang='grc' dir='ltr'><strong>ἐν</strong></span> <span class='ocrx_word' id='word_1_748' title='bbox 3222 4664 3373 4733; x_wconf 80' lang='grc' dir='ltr'>μέσῳ</span> <span class='ocrx_word' id='word_1_749' title='bbox 3426 4664 3503 4735; x_wconf 83' lang='grc' dir='ltr'>τῷ</span> <span class='ocrx_word' id='word_1_750' title='bbox 3543 4666 3841 4736; x_wconf 84' lang='grc' dir='ltr'>συνεδρίῳ·</span> 
     </span>
    </p>
   </div>
   <div class='ocr_carea' id='block_1_110' title="bbox 2277 4754 3842 4827">
    <p class='ocr_par' dir='ltr' id='par_1_110' title="bbox 2277 4754 3842 4827">
     <span class='ocr_line' id='line_1_110' title="bbox 2277 4754 3842 4827; baseline 0.002 -22"><span class='ocrx_word' id='word_1_751' title='bbox 2277 4773 2296 4805; x_wconf 77' lang='grc' dir='ltr'><strong>ι</strong></span> <span class='ocrx_word' id='word_1_752' title='bbox 2346 4754 2491 4824; x_wconf 84' lang='grc' dir='ltr'>Ἐγὼ</span> <span class='ocrx_word' id='word_1_753' title='bbox 2548 4756 2613 4808; x_wconf 85' lang='grc' dir='ltr'><strong>ἐκ</strong></span> <span class='ocrx_word' id='word_1_754' title='bbox 2667 4754 2761 4808; x_wconf 77' lang='grc' dir='ltr'>δύο</span> <span class='ocrx_word' id='word_1_755' title='bbox 2811 4755 3027 4824; x_wconf 69' lang='grc' dir='ltr'>φύσεων</span> <span class='ocrx_word' id='word_1_756' title='bbox 3075 4756 3326 4825; x_wconf 86' lang='grc' dir='ltr'>ὁμολογῶ</span> <span class='ocrx_word' id='word_1_757' title='bbox 3361 4758 3715 4827; x_wconf 76' lang='grc' dir='ltr'>γεγεννῆσθαι</span> <span class='ocrx_word' id='word_1_758' title='bbox 3752 4761 3842 4810; x_wconf 59' lang='grc' dir='ltr'>τὴν</span> 
     </span>
    </p>
   </div>
   <div class='ocr_carea' id='block_1_111' title="bbox 2272 4844 3842 4917">
    <p class='ocr_par' dir='ltr' id='par_1_111' title="bbox 2272 4844 3842 4917">
     <span class='ocr_line' id='line_1_111' title="bbox 2272 4844 3842 4917; baseline 0.003 -21"><span class='ocrx_word' id='word_1_759' title='bbox 2272 4844 2484 4915; x_wconf 81' lang='grc' dir='ltr'>Κύριον</span> <span class='ocrx_word' id='word_1_760' title='bbox 2517 4845 2679 4914; x_wconf 79' lang='grc' dir='ltr'>ἡμῶν</span> <span class='ocrx_word' id='word_1_761' title='bbox 2744 4844 2956 4912; x_wconf 81' lang='grc' dir='ltr'>Ἰησοῦν</span> <span class='ocrx_word' id='word_1_762' title='bbox 2989 4845 3227 4916; x_wconf 79' lang='grc' dir='ltr'>Χριστὸν</span> <span class='ocrx_word' id='word_1_763' title='bbox 3276 4846 3383 4916; x_wconf 74' lang='grc' dir='ltr'>πρὸ</span> <span class='ocrx_word' id='word_1_764' title='bbox 3430 4848 3527 4917; x_wconf 82' lang='grc' dir='ltr'>τῆς</span> <span class='ocrx_word' id='word_1_765' title='bbox 3580 4846 3842 4913; x_wconf 74' lang='grc' dir='ltr'>ἐνώσεως,</span> 
     </span>
    </p>
   </div>
   <div class='ocr_carea' id='block_1_112' title="bbox 2276 4937 3846 5012">
    <p class='ocr_par' dir='ltr' id='par_1_112' title="bbox 2276 4937 3846 5012">
     <span class='ocr_line' id='line_1_112' title="bbox 2276 4937 3846 5012; baseline 0.001 -20"><span class='ocrx_word' id='word_1_766' title='bbox 2276 4941 2415 5011; x_wconf 86' lang='grc' dir='ltr'>μετὰ</span> <span class='ocrx_word' id='word_1_767' title='bbox 2442 4940 2498 4995; x_wconf 85' lang='grc' dir='ltr'><strong>δέ</strong></span> <span class='ocrx_word' id='word_1_768' title='bbox 2526 4943 2624 5011; x_wconf 78' lang='grc' dir='ltr'>τὴν</span> <span class='ocrx_word' id='word_1_769' title='bbox 2658 4942 2860 4995; x_wconf 75' lang='grc' dir='ltr'>ἕνωσιν</span> <span class='ocrx_word' id='word_1_770' title='bbox 2886 4941 3019 5011; x_wconf 89' lang='grc' dir='ltr'>μίαν</span> <span class='ocrx_word' id='word_1_771' title='bbox 3055 4940 3218 5010; x_wconf 74' lang='grc' dir='ltr'>φύσιν</span> <span class='ocrx_word' id='word_1_772' title='bbox 3255 4941 3420 4994; x_wconf 61' lang='grc' dir='ltr'>αὑτὸν</span> <span class='ocrx_word' id='word_1_773' title='bbox 3454 4937 3595 4995; x_wconf 78' lang='grc' dir='ltr'>εἴναι</span> <span class='ocrx_word' id='word_1_774' title='bbox 3643 4941 3846 5012; x_wconf 70' lang='grc' dir='ltr'>κηρύτ-</span> 
     </span>
    </p>
   </div>
   <div class='ocr_carea' id='block_1_113' title="bbox 2273 5032 3844 5106">
    <p class='ocr_par' dir='ltr' id='par_1_113' title="bbox 2273 5032 3844 5106">
     <span class='ocr_line' id='line_1_113' title="bbox 2273 5032 3844 5106; baseline 0.003 -21"><span class='ocrx_word' id='word_1_775' title='bbox 2273 5049 2385 5086; x_wconf 76' lang='grc' dir='ltr'>τωο</span> <span class='ocrx_word' id='word_1_776' title='bbox 2448 5035 2543 5087; x_wconf 81' lang='grc' dir='ltr'>καὶ</span> <span class='ocrx_word' id='word_1_777' title='bbox 2605 5032 2666 5086; x_wconf 73' lang='grc' dir='ltr'>τὸ</span> <span class='ocrx_word' id='word_1_778' title='bbox 2716 5034 2858 5087; x_wconf 86' lang='grc' dir='ltr'>θεῖον</span> <span class='ocrx_word' id='word_1_779' title='bbox 2934 5033 3152 5086; x_wconf 81' lang='grc' dir='ltr'>ἐκείνου</span> <span class='ocrx_word' id='word_1_780' title='bbox 3212 5033 3373 5104; x_wconf 82' lang='grc' dir='ltr'>σῶμα</span> <span class='ocrx_word' id='word_1_781' title='bbox 3432 5034 3509 5105; x_wconf 82' lang='grc' dir='ltr'>μὴ</span> <span class='ocrx_word' id='word_1_782' title='bbox 3563 5036 3844 5106; x_wconf 84' lang='grc' dir='ltr'>ὁμοούσιον</span> 
     </span>
    </p>
   </div>
   <div class='ocr_carea' id='block_1_114' title="bbox 2274 5125 3845 5199">
    <p class='ocr_par' dir='ltr' id='par_1_114' title="bbox 2274 5125 3845 5199">
     <span class='ocr_line' id='line_1_114' title="bbox 2274 5125 3845 5199; baseline 0.001 -21"><span class='ocrx_word' id='word_1_783' title='bbox 2274 5126 2414 5196; x_wconf 75' lang='grc' dir='ltr'>ἡμῖν</span> <span class='ocrx_word' id='word_1_784' title='bbox 2449 5125 2545 5179; x_wconf 75' lang='grc' dir='ltr'>καὶ</span> <span class='ocrx_word' id='word_1_785' title='bbox 2566 5126 2905 5195; x_wconf 74' lang='grc' dir='ltr'>ὁμοιοπαθὲς</span> <span class='ocrx_word' id='word_1_786' title='bbox 2937 5126 3288 5180; x_wconf 82' lang='grc' dir='ltr'>καθεστάναι.</span> <span class='ocrx_word' id='word_1_787' title='bbox 3328 5144 3348 5179; x_wconf 74' lang='grc' dir='ltr'><strong>ι</strong></span> <span class='ocrx_word' id='word_1_788' title='bbox 3396 5128 3463 5179; x_wconf 78' lang='grc' dir='ltr'><strong>’Δ</strong></span> <span class='ocrx_word' id='word_1_789' title='bbox 3496 5127 3630 5199; x_wconf 83' lang='grc' dir='ltr'>δῆτα</span> <span class='ocrx_word' id='word_1_790' title='bbox 3665 5130 3698 5199; x_wconf 72' lang='grc' dir='ltr'>ἡ</span> <span class='ocrx_word' id='word_1_791' title='bbox 3726 5129 3845 5181; x_wconf 75' lang='grc' dir='ltr'>σύν-</span> 
     </span>
    </p>
   </div>
   <div class='ocr_carea' id='block_1_115' title="bbox 2274 5217 3845 5291">
    <p class='ocr_par' dir='ltr' id='par_1_115' title="bbox 2274 5217 3845 5291">
     <span class='ocr_line' id='line_1_115' title="bbox 2274 5217 3845 5291; baseline 0.001 -20"><span class='ocrx_word' id='word_1_792' title='bbox 2274 5217 2390 5281; x_wconf 79' lang='grc' dir='ltr'>οδος</span> <span class='ocrx_word' id='word_1_793' title='bbox 2420 5217 2780 5283; x_wconf 82' lang='grc' dir='ltr'>διακούσασα,</span> <span class='ocrx_word' id='word_1_794' title='bbox 2821 5218 2988 5282; x_wconf 78' lang='grc' dir='ltr'>εὐθὺς</span> <span class='ocrx_word' id='word_1_795' title='bbox 3032 5219 3239 5272; x_wconf 84' lang='grc' dir='ltr'>ἐκεῖνον</span> <span class='ocrx_word' id='word_1_796' title='bbox 3275 5219 3565 5290; x_wconf 85' lang='grc' dir='ltr'>μεταμέλῳ</span> <span class='ocrx_word' id='word_1_797' title='bbox 3602 5221 3676 5291; x_wconf 79' lang='grc' dir='ltr'>μὴ</span> <span class='ocrx_word' id='word_1_798' title='bbox 3706 5222 3845 5290; x_wconf 82' lang='grc' dir='ltr'><strong>χρώ-</strong></span> 
     </span>
    </p>
   </div>
   <div class='ocr_carea' id='block_1_116' title="bbox 2276 5309 3847 5382">
    <p class='ocr_par' dir='ltr' id='par_1_116' title="bbox 2276 5309 3847 5382">
     <span class='ocr_line' id='line_1_116' title="bbox 2276 5309 3847 5382; baseline 0.002 -20"><span class='ocrx_word' id='word_1_799' title='bbox 2276 5328 2460 5379; x_wconf 90' lang='grc' dir='ltr'>μενον,</span> <span class='ocrx_word' id='word_1_800' title='bbox 2494 5311 2776 5382; x_wconf 82' lang='grc' dir='ltr'>ὲνθέσμως</span> <span class='ocrx_word' id='word_1_801' title='bbox 2800 5314 2893 5363; x_wconf 78' lang='grc' dir='ltr'>καὶ</span> <span class='ocrx_word' id='word_1_802' title='bbox 2931 5309 3074 5363; x_wconf 82' lang='grc' dir='ltr'>κατὰ</span> <span class='ocrx_word' id='word_1_803' title='bbox 3119 5309 3361 5365; x_wconf 80' lang='grc' dir='ltr'>κανόνων</span> <span class='ocrx_word' id='word_1_804' title='bbox 3407 5310 3609 5382; x_wconf 76' lang='grc' dir='ltr'>ἀκριϐῆ</span> <span class='ocrx_word' id='word_1_805' title='bbox 3639 5312 3847 5365; x_wconf 85' lang='grc' dir='ltr'>δίαιταν</span> 
     </span>
    </p>
   </div>
   <div class='ocr_carea' id='block_1_117' title="bbox 2272 5400 3844 5474">
    <p class='ocr_par' dir='ltr' id='par_1_117' title="bbox 2272 5400 3844 5474">
     <span class='ocr_line' id='line_1_117' title="bbox 2272 5400 3844 5474; baseline 0 -20"><span class='ocrx_word' id='word_1_806' title='bbox 2272 5404 2566 5456; x_wconf 79' lang='grc' dir='ltr'>ἀπώσαντο</span> <span class='ocrx_word' id='word_1_807' title='bbox 2589 5402 2937 5461; x_wconf 76' lang='grc' dir='ltr'>καθελόντες.</span> <span class='ocrx_word' id='word_1_808' title='bbox 2982 5401 3224 5462; x_wconf 82' lang='grc' dir='ltr'>Ἐκεῖνος</span> <span class='ocrx_word' id='word_1_809' title='bbox 3252 5400 3310 5455; x_wconf 78' lang='grc' dir='ltr'>δὲ</span> <span class='ocrx_word' id='word_1_810' title='bbox 3343 5400 3553 5471; x_wconf 86' lang='grc' dir='ltr'>βασιλεῖ</span> <span class='ocrx_word' id='word_1_811' title='bbox 3585 5404 3844 5474; x_wconf 85' lang='grc' dir='ltr'>προσιὼν,</span> 
     </span>
    </p>
   </div>
   <div class='ocr_carea' id='block_1_118' title="bbox 2275 5490 3847 5566">
    <p class='ocr_par' dir='ltr' id='par_1_118' title="bbox 2275 5490 3847 5566">
     <span class='ocr_line' id='line_1_118' title="bbox 2275 5490 3847 5566; baseline 0.001 -18"><span class='ocrx_word' id='word_1_812' title='bbox 2275 5494 2446 5549; x_wconf 86' lang='grc' dir='ltr'>ἐδεῖτο</span> <span class='ocrx_word' id='word_1_813' title='bbox 2468 5493 2864 5566; x_wconf 86' lang='grc' dir='ltr'>ἁνακρίνεσθαι</span> <span class='ocrx_word' id='word_1_814' title='bbox 2918 5490 3098 5559; x_wconf 81' lang='grc' dir='ltr'>αὖθις,</span> <span class='ocrx_word' id='word_1_815' title='bbox 3164 5490 3361 5564; x_wconf 75' lang='grc' dir='ltr'>οἷάπερ</span> <span class='ocrx_word' id='word_1_816' title='bbox 3394 5492 3504 5548; x_wconf 85' lang='grc' dir='ltr'><strong>τῶν</strong></span> <span class='ocrx_word' id='word_1_817' title='bbox 3538 5495 3659 5549; x_wconf 86' lang='grc' dir='ltr'>κατ’</span> <span class='ocrx_word' id='word_1_818' title='bbox 3682 5496 3847 5549; x_wconf 76' lang='grc' dir='ltr'>αὑτοῦ</span> 
     </span>
    </p>
   </div>
   <div class='ocr_carea' id='block_1_119' title="bbox 2275 5586 3850 5659">
    <p class='ocr_par' dir='ltr' id='par_1_119' title="bbox 2275 5586 3850 5659">
     <span class='ocr_line' id='line_1_119' title="bbox 2275 5586 3850 5659; baseline -0.001 -16"><span class='ocrx_word' id='word_1_819' title='bbox 2275 5589 2696 5658; x_wconf 66' lang='grc' dir='ltr'>ὑπομνημάτων</span> <span class='ocrx_word' id='word_1_820' title='bbox 2720 5586 3285 5655; x_wconf 84' lang='grc' dir='ltr'>πλαστουργηθέντων</span> <span class='ocrx_word' id='word_1_821' title='bbox 3313 5586 3614 5658; x_wconf 76' lang='grc' dir='ltr'>Φλαὸιανῴ.</span> <span class='ocrx_word' id='word_1_822' title='bbox 3646 5589 3756 5641; x_wconf 75' lang='grc' dir='ltr'><strong>Καὶ</strong></span> <span class='ocrx_word' id='word_1_823' title='bbox 3783 5589 3850 5659; x_wconf 81' lang='grc' dir='ltr'>δὴ</span> 
     </span>
    </p>
   </div>
   <div class='ocr_carea' id='block_1_120' title="bbox 2274 5699 3854 5784">
    <p class='ocr_par' dir='ltr' id='par_1_120' title="bbox 2274 5699 3854 5784">
     <span class='ocr_line' id='line_1_120' title="bbox 2274 5699 3854 5784; baseline 0.003 -27"><span class='ocrx_word' id='word_1_824' title='bbox 2274 5712 2440 5784; x_wconf 80' lang='lat' dir='ltr'><strong>runt_:</strong></span> <span class='ocrx_word' id='word_1_825' title='bbox 2468 5701 2702 5757; x_wconf 89' lang='lat' dir='ltr'><strong>concilia</strong></span> <span class='ocrx_word' id='word_1_826' title='bbox 2717 5699 3063 5784; x_wconf 55' lang='lat' dir='ltr'><strong>incumenica</strong></span> <span class='ocrx_word' id='word_1_827' title='bbox 3077 5713 3129 5758; x_wconf 91' lang='lat' dir='ltr'><strong>et</strong></span> <span class='ocrx_word' id='word_1_828' title='bbox 3154 5702 3503 5774; x_wconf 83' lang='lat' dir='ltr'><strong>universalia,</strong></span> <span class='ocrx_word' id='word_1_829' title='bbox 3529 5702 3643 5760; x_wconf 87' lang='lat' dir='ltr'><strong>sine</strong></span> <span class='ocrx_word' id='word_1_830' title='bbox 3662 5704 3854 5762; x_wconf 73' lang='lat' dir='ltr'><strong>volun-</strong></span> 
     </span>
    </p>
   </div>
   <div class='ocr_carea' id='block_1_121' title="bbox 2277 5783 3041 5840">
    <p class='ocr_par' dir='ltr' id='par_1_121' title="bbox 2277 5783 3041 5840">
     <span class='ocr_line' id='line_1_121' title="bbox 2277 5783 3041 5840; baseline -0.001 -13"><span class='ocrx_word' id='word_1_831' title='bbox 2277 5783 2385 5829; x_wconf 85' lang='lat' dir='ltr'><strong>tate</strong></span> <span class='ocrx_word' id='word_1_832' title='bbox 2414 5783 2780 5840; x_wconf 83' lang='lat' dir='ltr'><strong>imperatorts,</strong></span> <span class='ocrx_word' id='word_1_833' title='bbox 2797 5783 3041 5828; x_wconf 84' lang='lat' dir='ltr'><strong>minimc.</strong></span> 
     </span>
    </p>
   </div>
  </div>
