4092 6504
534 309 667 378 1227

1773 310 2195 377 NlCEPHORl
2240 306 2584 373 CALLISTI

3663 294 3790 361 me

527 411 694 498 quam
742 441 865 496 quze
924 423 1119 480 Nicaeae
1163 429 1247 478 est
1298 422 1462 488 facta,
1505 424 1951 496 promulgandam
1993 440 2116 480 esse

2237 424 2438 494 ἡμέραν
2477 421 2568 475 τὸν
2622 420 2737 490 βίον
2783 415 3069 486 μακαρίως
3128 408 3452 483 μετήλλαξε,
3513 408 3606 462 καὶ
3635 408 3798 461 αὑτοῦ

525 528 894 576 statuentem.
964 518 1141 574 Porro
1192 512 1508 582 Flavianus,
1568 516 1653 570 vir
1708 519 2113 582 sanctissimus,

533 623 662 683 post
741 609 1080 684 ejuscemodi
1149 609 1492 678 illegitimam
1582 611 2116 678 exauctorationem,

531 702 867 758 turbulentis
931 699 1360 770 impulsionihus
1418 708 1476 754 et
1526 699 1758 754 calcium
1840 700 2040 756 ictibus
2085 716 2118 756 a

530 793 781 849 Dioscori
817 800 873 847 et
901 790 1234 862 Chrysaphii
1265 790 1505 846 factione
1541 806 1607 845 ex
1643 791 1856 862 synodo
1884 794 2116 864 ejectus,

532 887 696 942 tertio
757 894 884 956 post
911 885 999 939 die
1044 884 1212 937 vitam
1269 883 1506 938 feliciter
1538 884 1699 950 finiit,
1731 900 1856 939 cum
1885 886 1974 940 ille
2002 887 2119 956 ipse

533 979 828 1034 Dioscorus
861 975 1180 1032 calcibusin
1225 987 1473 1031 ventrem
1517 977 1683 1031 etiam
1728 977 1978 1033 veritatis
2034 979 2116 1048 ip-

531 1070 648 1125 sius
680 1068 1108 1140 propugnatoris
1150 1067 1393 1124 defuncti
1432 1069 1732 1126 insiluerit.
1763 1070 1830 1126 Et
1859 1072 2122 1140 postridie

531 1161 803 1230 episcopi,
843 1161 1079 1216 militum
1111 1161 1206 1232 qui
1249 1177 1344 1216 eos
1379 1161 1551 1216 armis
1591 1161 1827 1216 sublatis
1865 1163 2112 1218 circum-

533 1264 822 1320 steterant,
857 1255 906 1309 vi
964 1256 1102 1309 actis
1154 1254 1422 1309 adversus
1473 1265 1723 1309 sanctum
1757 1254 1909 1309 illum
1958 1256 2138 1310 editis-

531 1345 886 1400 subscrihere
938 1344 1292 1400 suntcoaeti.
1330 1343 1466 1398 Cum
1527 1345 1730 1416 quibus
1753 1356 1809 1400 et
1848 1347 2121 1413 Domnus,

533 1434 763 1490 Joannis
798 1436 851 1489 in
889 1436 1140 1490 Ecclesia
1186 1435 1527 1491 Antiochena
1554 1452 1859 1504 successor,
1893 1437 2123 1493 adnota-

537 1529 690 1584 tione
745 1546 842 1583 sua
902 1545 967 1584 ea
1009 1539 1125 1583 tum
1179 1529 1551 1585 continuavit.
1577 1530 1646 1584 At
1674 1531 1816 1586 idem
1867 1532 2124 1596 potestati

535 1637 652 1676 sua:
701 1621 976 1685 redditus,
1033 1621 1180 1692 quod
1245 1623 1354 1676 illis
1429 1623 1707 1688 cessisset,
1782 1627 2123 1692 retractavit,

538 1714 803 1770 Dioscuro
833 1719 888 1768 et
923 1714 1270 1785 principibus
1305 1729 1374 1769 ex
1401 1715 1525 1769 aula
1551 1715 1826 1785 imperiali
1871 1717 2004 1771 viris
2034 1733 2124 1770 re-

2217 517 2434 571 ὲκείνου
2465 513 2784 583 Διοσκόρου,
2837 510 2940 574 λὰξ
2980 508 3348 577 ἐναλλομένου
3398 501 3541 556 κατὰ
3576 500 3688 554 τῶν
3717 517 3798 552 κε-

2219 611 2438 664 νεώνων
2464 608 2541 679 τῷ
2581 608 2684 675 τῆς
2727 604 2991 676 ἀληθείας
3046 601 3353 670 ἀγωνιστῇ.
3385 597 3464 668 Τῇ
3486 596 3529 650 δ’
3559 595 3685 664 ἑξῆς
3714 593 3802 665 βία

2218 704 2330 758 τῶν
2384 700 2706 772 περικύκλῳ
2762 695 3121 767 στρατιωτῶν
3190 687 3687 758 ὲπανειλημμένων
3735 686 3802 738 τὰ

2221 797 2373 865 ξίφη,
2407 797 2522 858 τοῖς
2569 792 2711 847 κατά
2757 789 2848 844 τοῦ
2879 789 3028 843 ὁσίου
3085 785 3480 856 ὑπομνήμασιν
3505 781 3553 834 oi
3581 779 3803 830 ἐπίσκο-

2222 904 2315 940 ποι
2347 887 2699 956 ὑπογράφειν
2733 879 3248 954 κατηναγκάζοντο.
3299 875 3436 930 Μεθ’
3470 870 3544 928 ὢν
3579 874 3674 927 καὶ
3713 871 3804 923 Δό-

2227 993 2360 1045 μνος
2398 978 2426 1030 ὁ
2485 979 2586 1047 τῆς
2625 975 2909 1044 Ἀντιόχου
2965 970 3106 1040 μετά
3193 967 3452 1036 Ἰωάννην
3516 964 3807 1033 γενόμενος

2225 1067 2676 1137 καθυπέγραφεν.
2753 1065 2846 1126 Εἰς
2899 1062 3090 1116 ἑαυτὸν
3137 1058 3196 1112 δὲ
3250 1058 3561 1128 γενόμενος,
3602 1055 3805 1108 ἀναπα-

2224 1159 2401 1211 λαίειν
2429 1159 2691 1227 ἐπειρᾶτο
2722 1155 2822 1226 τὴν
2854 1151 3058 1228 ἧτταν’
3127 1150 3410 1219 Διοσκόρῳ
3449 1163 3509 1198 τε
3556 1143 3650 1197 καὶ
3697 1144 3806 1203 τοῖς

2225 1253 2291 1304 ὲκ
2348 1249 2614 1321 βασιλέων
2659 1248 2952 1300 ἀνθίστατο
3011 1247 3280 1315 ᾶρχουσιυ
3322 1239 3559 1292 κατεϐόα
3607 1253 3667 1288 τε
3697 1233 3805 1286 τῶν

2227 1342 2590 1414 πραχθέντων
2613 1341 2687 1404 ὡς
2726 1340 2880 1411 παρὰ
2907 1339 2999 1392 τὸν
3025 1333 3483 1403 ἐκκλησιαστικὸν
3503 1331 3626 1400 ὅρον
3650 1343 3806 1396 γεγε-

2226 1437 2524 1508 νημένων’
2579 1435 2674 1488 καὶ
2719 1434 2897 1504 ἀσεϐῆ
2949 1434 3048 1502 τὴν
3108 1429 3326 1483 σύνοδον
3379 1421 3804 1491 κατωνόμαζεν.

2230 1507 2327 1582 καλ⁵
2351 1527 2450 1598 τὴν
2476 1527 2686 1580 οἰκείαν
2711 1525 2889 1578 ὀπίσω
2934 1523 3188 1592 ἀνεζήτει
3217 1514 3565 1586 ὑπογραφὴν.
3603 1507 3742 1564 Ἀλλ’
3773 1510 3806 1579 ἠ

2231 1619 2455 1683 σύνοδος
2498 1621 2596 1672 καὶ
2629 1616 2822 1672 τοῦτον
2850 1616 2940 1669 διὰ
2972 1614 3148 1669 ταῦτα
3179 1608 3503 1672 καθελοῦσα,
3535 1605 3630 1672 τῆς
3655 1605 3808 1670 ἱερω-

2233 1713 2402 1780 σύνης
2425 1712 2654 1780 ἁφίστα.
2722 1709 2852 1764 Ἐπὶ
2887 1709 2953 1780 δὴ
2983 1707 3158 1776 ταύτῃ
3193 1708 3258 1776 τῇ
3293 1701 3496 1770 συνόδῳ
3523 1701 3617 1751 καὶ
3657 1694 3808 1754 '16:;

533 1808 766 1869 sistens.
824 1815 880 1862 c't
929 1815 1120 1862 contra
1156 1805 1400 1868 decreta.
1461 1816 1653 1877 utpote
1684 1825 1806 1878 quae
1835 1807 2128 1865 adversus

2237 1806 2439 1866 ἐκεῖνος
2469 1806 2570 1874 τῆς
2611 1803 2956 1873 Ἐδεσσηνῶν
2987 1799 3380 1870 προεδρεύσας,
3438 1789 3807 1860 ἀποκηρύττε-

538 1899 946 1955 ecclesiasticas
1010 1897 1442 1954 constitutiones
1493 1900 1634 1954 facta
1684 1911 1889 1967 essent,
1918 1902 2128 1957 vocife-

539 2006 687 2056 rans,
717 1990 1100 2062 synodnmque
1142 1991 1367 2060 impiam
1420 1992 1729 2060 appellans,
1772 2003 1828 2046 et
1875 1995 2127 2049 subscri-

537 2083 784 2152 ptionem
815 2080 1064 2150 denique.
1087 2095 1240 2134 suam
1269 2079 1425 2134 reddi
1459 2082 1562 2135 sibi
1591 2081 1870 2151 ﬂagitans.
1909 2081 2121 2137 Verum

539 2175 784 2246 synodus
829 2189 893 2228 ea
941 2174 1008 2228 de
1037 2187 1204 2228 causa
1261 2173 1392 2226 huic
1432 2189 1654 2243 quoque
1713 2174 2120 2230 sacerdotalem

539 2266 748 2322 ademit
788 2266 1152 2336 dignitatem:
1194 2265 1246 2318 in
1291 2281 1398 2334 qua
1439 2277 1492 2320 et
1528 2264 1650 2320 lbas
1682 2266 1773 2320 ille
1816 2267 2128 2321 Edesseno-

539 2375 661 2414 rum
686 2360 1005 2430 episcopus,
1035 2367 1090 2414 et
1119 2356 1342 2430 sapiens
1361 2361 1725 2430 eruditusque
1759 2360 2130 2438 Theodoritus

543 2450 803 2506 Ecclesiae
854 2450 980 2521 Cyri
1011 2461 1220 2521 pastor,
1258 2462 1524 2521 praeterea
1575 2453 1768 2506 Daniel
1804 2451 2128 2519 Carrarum,

541 2542 674 2596 item
735 2541 977 2595 lrenaeus
1031 2541 1184 2611 Tyri,
1242 2551 1299 2594 et
1363 2542 1660 2611 Aquilinns
1696 2541 1850 2613 Bybli
1882 2543 2131 2613 episcopi

545 2625 892 2690 exauctorati
924 2646 1077 2688 sunt.
1108 2633 1365 2689 Decrevit
1394 2634 1510 2688 [nec
1543 2637 1786 2704 synodus
1815 2651 2034 2705 quoque
2063 2635 2132 2690 de

2230 1914 2345 1952 ται.
2402 1898 2526 1950 Ἔτι
2579 1896 2635 1950 δὲ
2671 1894 3026 1965 καθαιρεῖται
3078 1890 3171 1944 καὶ
3225 1891 3253 1941 ὁ
3307 1885 3474 1947 πολὺς
3513 1885 3568 1935 ὲν
3627 1881 3806 1947 λόγιις

2233 1989 2398 2058 σοφὸς
2425 1987 2798 2057 Θεοδὼρητος,
2817 1986 2918 2056 τὴν
2941 1981 3236 2051 Κυρεστῶν
3270 1977 3583 2046 ποιμαίνειν
3605 1971 3803 2040 λαχών·

2233 2081 2372 2150 πρὸς
2412 2079 2590 2149 τούτῳ
2621 2079 2678 2131 δὲ
2719 2079 2814 2131 καὶ
2851 2075 3051 2144 Δανιὴλ
3079 2073 3292 2144 Καρίας
3333 2071 3632 2129 ἐπίσκοπος
3652 2084 3666 2098 ·
3697 2067 3723 2118 ὃ
3749 2079 3806 2117 τε

2233 2172 2413 2243 Τύρου
2448 2173 2771 2242 Είρηναῖοςο
2804 2172 2900 2225 καὶ
2937 2169 3074 2236 πρός
3101 2183 3165 2234 γε
3205 2163 3484 2226 Ἀκυλῐνος
3513 2164 3541 2214 ὁ
3580 2160 3806 2213 Βύϐλου.

2233 2264 2474 2336 Διῃτήθη
2519 2264 2576 2316 δὲ
2615 2263 2793 2335 ταύτῃ
2853 2261 2948 2315 καί
3009 2277 3132 2314 τινα
3187 2258 3497 2327 Σωφρονίου
3531 2255 3709 2325 χάριν,
3749 2252 3806 2316 ὃς

2234 2357 2334 2426 τὴν
2372 2354 2876 2408 Κωνσταντιναίων
2907 2353 3207 2406 ἐπεσκόπει
3239 2351 3316 2422 τῷ
3350 2349 3493 2413 τότε,
3542 2347 3637 2400 καὶ
3675 2344 3806 2400 ἄλλα

2233 2448 2356 2503 τινά
2387 2447 2423 2502 δι
2457 2449 2571 2511 τοῖς
2617 2446 3032 2517 γεγραμμένοις
3083 2444 3420 2514 άνείληπται.
3484 2441 3591 2494 Καὶ
3621 2440 3681 2492 τὸ
3713 2438 3809 2508 μὲν

2233 2543 2293 2594 ὲν
2347 2541 2561 2611 Ἐφέσῳ
2586 2538 2883 2612 λῃστρικὸν
2925 2537 3203 2608 συνέδριον
3240 2533 3429 2589 τοῦτον
3466 2530 3685 2600 διελύθη
3720 2529 3810 2581 τὸν

2235 2636 2457 2704 τρόπον.

546 2727 862 2802 Sophronio
879 2730 1154 2802 quaedam,
1192 2731 1284 2800 qui
1319 2739 1432 2784 tum
1459 2729 2013 2800 Constantinopolim,
2087 2732 2327 2787 visendas
2378 2733 2499 2804 ejus
2561 2733 2754 2802 gratia,
2826 2738 3073 2796 venerat,
3106 2738 3162 2784 et
3190 2728 3293 2782 alia
3333 2730 3556 2798 insuper
3581 2739 3698 2794 quae
3752 2724 3808 2781 in

546 2831 686 2885 actis
743 2831 1130 2885 continentur.
1170 2827 1569 2884 Przedatorium
1601 2828 1805 2897 Ephesi
1828 2829 2126 2885 concilium
2166 2828 2412 2885 adhunc
2441 2830 2682 2904 solutum
2709 2839 2797 2884 est
2830 2828 3076 2883 modum.

983 2942 1143 3013 551
1195 2941 1423 2998 CAPUT
1465 2941 1703 2998 XLVIII.

548 3037 858 3108 Confutatio
891 3051 1075 3090 eorum
1101 3036 1200 3109 qui
1230 3035 1666 3090 Christianorum
1695 3053 1854 3090 sacra
1901 3037 2135 3109 maligne

620 3110 942 3180 exagitant:
992 3116 1041 3160 et
1086 3108 1400 3162 Graecarum
1431 3111 1816 3178 gentiliumque
1865 3108 2135 3178 nugarum

623 3180 914 3234 traductio.

621 3299 702 3356 Ne
736 3313 868 3353 vero
919 3298 998 3353 eis
1043 3297 1335 3370 quisquam
1385 3297 1481 3368 qui
1521 3298 1683 3354 aliter
1733 3299 2036 3369 opinantur
2082 3307 2140 3353 et

554 3375 716 3447 idolis
739 3391 946 3446 addicti
973 3399 1124 3452 sunt,
1147 3406 1247 3446 nos
1271 3391 1470 3456 rideat,
1491 3391 1721 3461 perinde
1745 3391 1901 3461 quasi
1929 3407 2029 3460 per
2051 3407 2140 3446 res

555 3500 725 3540 novas
747 3499 965 3555 semper
995 3483 1202 3554 aliquid
1234 3484 1302 3538 ad
1339 3485 1499 3539 fidem
1528 3485 1852 3548 aderamus,
1908 3495 1964 3540 et
1994 3486 2138 3556 apud

554 3594 655 3634 nos
703 3578 1040 3649 posteriores
1088 3576 1368 3647 prioribus
1424 3578 1717 3647 derogent.
1772 3579 1883 3632 Nos
1933 3579 2136 3632 ctenim

555 3669 892 3725 ineffabilem
911 3665 1082 3739 atque
1114 3669 1733 3738 incomprehensibilem
1767 3669 2008 3738 Deierga
2037 3684 2140 3725 nos

558 3759 951 3831 benignitatem
983 3771 1040 3813 et
1089 3759 1529 3815 miscricordiam
1584 3762 1952 3830 inquirentes,
1990 3775 2137 3816 eam-

557 3865 665 3920 que
724 3864 1077 3920 summopere
1104 3849 1288 3904 colere
1319 3860 1486 3920 atque
1533 3853 1886 3920 magnificare
1905 3860 2138 3907 conten-

561 3943 778 4008 dentes,
827 3957 894 3996 eo
926 3941 1071 4012 quod
1103 3958 1216 3997 rem
1265 3959 1384 3997 eam
1421 3943 1642 4013 assequi
1671 3960 1780 3999 non
1818 3961 2135 4016 possumus,

561 4039 669 4092 huc
699 4046 863 4106 atque
891 4034 1020 4092 illuc
1057 4052 1158 4092 nos
1205 4037 1598 4093 convertimus.
1631 4038 1823 4094 Nullus
1876 4057 2009 4097 sane
2041 4058 2139 4097 eo-

558 4145 676 4184 rum
705 4129 797 4200 qui
837 4130 889 4182 in
928 4129 1164 4185 haereses
1199 4130 1409 4199 delapsi
1447 4141 1599 4195 sunt,
1652 4132 1783 4186 illud
1810 4135 1866 4186 in
1906 4134 2141 4190 concilio

559 4225 836 4296 przecipue
877 4223 1092 4288 habuit,
1133 4234 1192 4276 ut
1228 4223 1479 4277 divinum
1523 4223 1736 4279 Numen
1783 4226 2144 4296 blasphemus

2819 2943 3072 2997 ΚΕΦΑΔ.
3109 2945 3250 2998 MH'.

2253 3040 2593 3106 Ἀντιλογοία
2613 3038 2767 3104 πρὸς
2785 3037 2929 3104 τοὺς
2951 3036 3418 3102 διατωθάζοντας
3436 3035 3507 3089 τὰ
3527 3036 3776 3104 ἡμέτερα
3792 3049 3808 3068 ⁸

2377 3110 2478 3164 καί
2515 3109 2854 3178 κατάλογος
2882 3107 3004 3162 τῶν
3049 3107 3426 3175 Ἑλληνικῶν
3447 3108 3666 3162 ὕθλων.

2313 3284 2478 3343 Ἀλλά
2507 3291 2583 3360 μή
2612 3307 2697 3352 τις
2727 3290 2877 3360 ἡμᾶς
2904 3288 3015 3343 τῶν
3043 3287 3216 3350 ἄλλως
3244 3286 3594 3351 δοξαζόντων,
3621 3286 3713 3338 καὶ
3737 3289 3816 3339 et-

2239 3383 2428 3448 δώλοις
2458 3359 2914 3454 προστετηκότων
2941 3380 3281 3450 ἐπιγελάσοι,
3310 3380 3386 3444 ὡς
3414 3381 3502 3435 ἀεὶ
3528 3381 3816 3450 καινότερα

2242 3479 2307 3547 τῇ
2359 3476 2543 3529 πίστει
2589 3476 3025 3548 ποριζομένους,
3074 3477 3173 3528 καὶ
3212 3475 3322 3529 τῶν
3373 3475 3648 3546 προτέρων
3690 3476 3814 3538 τοὺς

2243 3568 2531 3638 δευτέρους
2572 3566 2990 3637 καθαιροῦντας.
3035 3565 3233 3635 Ἡμεῖς
3277 3569 3377 3637 μὲν
3413 3570 3521 3638 γὰρ
3555 3567 3653 3640 τὴν
3689 3570 3816 3639 περὶ

2244 3663 2395 3733 ἡμᾶς
2438 3660 2732 3730 ἀδιήγητόν
2775 3677 2834 3712 τε
2880 3663 2977 3713 καὶ
3019 3660 3413 3730 ἀκατάληπτον
3453 3661 3585 3714 Θεοῦ
3628 3660 3818 3730 φιλαν-

2248 3756 2498 3828 θρωπίαν
2531 3755 2931 3824 ἀναδιφῶντες,
2964 3757 3058 3808 καὶ
3075 3757 3386 3826 ,ὑπερφυῶς
3419 3757 3694 3829 γεραίρειν
3721 3759 3816 3810 καὶ

2250 3847 2578 3918 μεγαλύνειν
2610 3847 2950 3918 βουλόμενοι,
2984 3848 3059 3919 τῷ
3087 3849 3523 3921 δυσκαταλήπτῳ
3553 3850 3644 3904 τοῦ
3677 3853 3818 3922 πρά-

2246 3960 2456 4014 γματος
2485 3945 2925 4000 ἕνθεν,κάκεῖθεν
2954 3945 3404 4016 περιτρεπόμεθα
3423 3965 3439 3981 ο
3467 3947 3644 4010 οὐδεὶς
3692 3949 3818 4018 μέν-

2225 4055 2327 4106 ﬁrm
2361 4038 2469 4090 τῶν
2504 4037 2585 4100 είς
2622 4038 2869 4107 αἱρέσεις
2901 4037 3303 4108 ὀλισθησάντων
3335 4039 3466 4091 αὐτὸ
3500 4038 3658 4092 τοῦτο
3692 4039 3818 4108 βλα-

2250 4150 2360 4202 σφη
2369 4135 2490 4202 μεῖν
2509 4133 2569 4185 τὸ
2583 4133 2737 4186 Θεῖον
2755 4133 2921 4204 ὴθέλη
2931 4135 3066 4206 σενῆ
3087 4135 3354 4204 ἀτιμάσαι
3375 4137 3814 4207 προηγουμένως·

2251 4226 2388 4278 ἀλλά
2407 4227 2766 4298 λογισάμενος
2790 4230 3039 4298 κρεῖττον
3057 4232 3308 4299 ὲφευρεῖν
3325 4231 3466 4301 ἥπερ
3487 4233 3532 4283 el
3553 4231 3626 4300 τῷ
3643 4233 3818 4304 χρόνῳ

559 4317 856 4372 maledicto
878 4319 1320 4371 autcoutumelia
1355 4318 1630 4373 alliceret:
1669 4320 1763 4372 sed
1791 4321 2131 4387 praastantius

2251 4320 2664 4392 προειληφότες,
2713 4323 2830 4388 εἴγε
2875 4322 2992 4374 τόδε
3043 4322 3421 4392 πρεσϐεύσειε.
3469 4325 3550 4379 Τά
3597 4342 3661 4394 γε
3708 4327 3816 4396 μὴν

557 4407 858 4477 quidquam
925 4422 983 4460 se
1039 4408 1386 4476 prolaturum
1445 4424 1588 4471 esse,
1670 4425 1834 4476 quant
1902 4409 2142 4478 majores

559 4502 810 4566 fecerint,
844 4502 888 4555 si
922 4501 1027 4555 hoc
1057 4502 1138 4556 \el
1181 4501 1314 4556 illud
1343 4501 1746 4570 promulgaret,
1779 4501 2137 4557 existimavit.

559 4593 810 4652 Universi
859 4591 1116 4662 equidem
1167 4591 1445 4646 communi
1521 4593 1770 4646 omnium
1821 4593 2138 4658 concordia,

559 4702 681 4756 qua!
741 4686 817 4757 (l)
853 4687 1133 4758 praecipua
1184 4684 1467 4756 religionis
1510 4695 1709 4742 nostra:
1741 4695 1890 4747 sunt,
1920 4694 1978 4739 et
2019 4703 2142 4758 quae

559 4779 740 4833 cultus
793 4777 966 4833 divini
1023 4792 1246 4833 causam
1283 4777 1595 4840 continent,
1643 4777 1866 4846 capita,”
1911 4778 2141 4847 profite-

560 4888 706 4926 mur.
726 4871 967 4927 Trinitas
983 4870 1130 4926 enim
1149 4871 1203 4924 in
1237 4871 1443 4925 unitate
1465 4882 1681 4925 natura:
1704 4869 1903 4925 divinae
1925 4887 1955 4926 a
1977 4871 2142 4927 nobis

558 4964 978 5033 depraedicatur
1002 4981 1015 5017 :
1052 4971 1108 5019 et
1135 4973 1260 5018 ante
1286 4962 1579 5016 luciferum
1621 4964 2142 5032 supersubstantiali

555 5055 707 5111 Patri
763 5057 978 5127 genitus
1011 5056 1158 5112 Deus
1186 5054 1452 5120 Verbum,
1478 5055 1624 5126 quod
1659 5053 1944 5110 nativitate
1973 5057 2143 5113 altera

563 5154 884 5222 incorrupte
939 5163 1163 5224 propter
1224 5151 1551 5206 immensam
1627 5165 1755 5222 erga
1827 5161 2141 5208 creaturam

559 5257 717 5297 suam
772 5241 1208 5297 misericordiam
1262 5253 1486 5294 carnem
1524 5239 1844 5310 assumpsit.
1896 5241 2054 5307 Quod
2094 5243 2138 5298 si

560 5345 828 5404 praeterea
851 5342 1080 5405 propter
1128 5332 1422 5386 obscuram
1459 5328 1732 5386 Numinis
1765 5331 2135 5404 cognitionem

554 5424 811 5478 homines
864 5423 995 5479 novi
1055 5421 1358 5492 quidquam
1380 5420 1642 5486 afferunt,
1685 5436 1799 5476 non
1828 5437 2058 5489 novum,
2084 5425 2136 5479 id

549 5525 654 5581 est,
692 5518 839 5588 quod
869 5519 1043 5582 Deus,
1071 5515 1405 5585 utequidem
1434 5525 1587 5584 puto,
1620 5523 1912 5586 propterea
1957 5517 2137 5575 libero

553 5610 786 5665 arbitrio
845 5612 1033 5667 locum
1079 5609 1317 5675 dederit,
1359 5616 1420 5663 ut
1443 5607 1689 5663 Ecclesia
1717 5611 1834 5678 ejus
1866 5613 2138 5670 catholica

627 5789 702 5861 (l)
730 5789 1035 5846 Συνεκτικά
1072 5791 1164 5847 καὶ
1196 5789 1384 5864 κύρια.
1408 5792 1606 5859 Ενειεςτ.
1634 5791 1730 5847 lib.
1761 5805 1801 5856 ι,
1835 5807 1958 5859 cap.
1993 5795 2048 5849 ‘2.

2249 4415 2404 4466 κοινὰ
2439 4416 2535 4467 καὶ
2567 4416 2757 4484 καίρια
2791 4416 2882 4468 καὶ
2917 4417 3355 4486 συνεκτικώτερα
3386 4418 3484 4487 τῆς
3523 4418 3814 4489 θρησκείας

2246 4504 2454 4558 ἅπασιν
2493 4507 2884 4578 ὡμολόγηται·
2933 4506 3104 4577 Τριᾶς
3147 4508 3254 4578 γὰρ
3294 4511 3352 4561 τὸ
3397 4513 3812 4579 κηρυττόμενον,

2246 4600 2304 4649 ὲν
2336 4598 2525 4667 μονάδι
2560 4600 2778 4668 φύσεως
2809 4602 3212 4671 γνωριζόμενον
3239 4618 3252 4632 °
3286 4607 3379 4656 καὶ
3405 4605 3434 4655 ὁ
3465 4605 3570 4672 πρὸ
3600 4607 3812 4674 φωσφό-

2248 4705 2344 4759 ρου
2394 4691 2676 4760 γεννηθεὶς
2726 4691 2859 4755 Θεὸς
2911 4694 3084 4762 Λόγος
3129 4693 3208 4765 τῷ
3259 4695 3567 4766 ύπερουσίῳ
3616 4699 3814 4768 Πατρὶ,

2248 4785 2431 4850 σάρκα
2481 4784 2995 4853 προσειλημμένος,
3046 4785 3279 4856 δευτέρᾳ
3326 4789 3571 4860 γεννήσει
3623 4792 3817 4862 ἀῤῥεύ-

2247 4892 2388 4938 στως
2423 4876 2598 4943 φειδοῖ
2627 4875 2721 4930 τοῦ
2756 4878 3100 4947 πλάσματος.
3131 4881 3192 4932 El
3221 4879 3268 4934 δ’
3291 4881 3385 4932 ἐπὶ
3415 4881 3625 4946 τούτοις
3659 4888 3819 4936 καινά

2245 4984 2368 5019 τινα
2391 4967 2468 5037 τῷ
2501 4971 2630 5039 περὶ
2662 4969 2723 5022 τὸ
2751 4970 2908 5023 Θεῖον
2931 4971 3113 5042 ἀδήλῳ
3142 4975 3256 5036 τοῖς
3286 4973 3600 5043 ἀνθρώποις
3627 4994 3820 5030 νεωτε-

2250 5059 2488 5129 ρίζεται,
2523 5062 2584 5115 τὸ
2607 5062 2796 5117 καινὸν
2828 5063 2982 5116 οὐδέν
3002 5079 3018 5095 ⁸
3043 5064 3182 5118 Θεοῦ
3217 5083 3306 5135 γε,
3334 5061 3509 5135 οἶμαι,
3537 5067 3613 5138 τῷ
3638 5067 3820 5134 αὐτεξο

2248 5152 2420 5222 ουσίῳ
2456 5153 2642 5224 χώραν
2689 5155 2960 5223 διδόντος,
2997 5155 3065 5211 ἵν’
3100 5157 3351 5234 ἐντεῦθεν
3383 5161 3416 5229 ἡ
3452 5161 3620 5214 αὐτοῦ
3657 5161 3816 5215 καθο-

2247 5244 2374 5316 λικὴ
2391 5247 2711 5318 Ἐκκλησία,
2733 5251 2988 5304 κάκεῖθεν
3003 5252 3064 5305 τὸ
3084 5257 3164 5316 είς
3182 5253 3415 5326 διάφορα
3435 5260 3817 5328 μεταρρέπειν,

2249 5339 2383 5407 πρὸς
2417 5341 2476 5392 τὸ
2508 5341 2628 5394 δέον
2661 5342 2756 5395 καὶ
2791 5343 3182 5415 εὐσεϐέστερον
3221 5347 3422 5416 μᾶλλον
3453 5349 3523 5402 τὰ
3555 5349 3819 5420 λεγόμενα

2248 5432 2667 5501 αἰχμαλωτίσοι,
2706 5437 2803 5489 καὶ
2835 5436 2975 5504 πρὸς
3008 5438 3138 5506 μίαν
3164 5439 3283 5492 ὁδὸν
3312 5440 3525 5494 εὐθεῖαν
3554 5445 3644 5494 καὶ
3687 5445 3818 5496 άπεο

2248 5524 2523 5595 ξεσμένην
2568 5526 2668 5597 τὴν
2718 5529 2813 5580 τοῦ
2866 5529 3103 5599 ἀληθοῦς
3159 5532 3360 5604 δηλαδὴ
3419 5533 3635 5605 εὕρεσιν
3682 5537 3819 5590 αὐτὰ

2249 5618 2571 5689 ποδηγὴσοι,
2605 5621 2694 5691 ἐφ’
2719 5615 2763 5690 ᾧ
2794 5615 3068 5693 καὶμάλα
3111 5626 3405 5697 σύμφωνον
3439 5629 3613 5681 έκεῖνο
3646 5631 3704 5683 τδ
3740 5634 3816 5702 τῷ
