4092 6500
358 352 497 422 1³29

1286 344 1890 417 EC'CLESiASTtCAi
1927 342 2319 416 HISTORIA;
2358 352 2500 417 LIB.
2548 344 2704 416 xxv.

3492 354 3625 423 12m

356 473 671 545 Ἀποστόλῳ
705 472 872 545 ῥηθὲν
908 471 1140 543 εὓρηται
1167 487 1181 504 ⁸
1217 471 1317 524 Δεῖ
1345 471 1414 524 δὲ
1448 470 1545 523 καὶ
1578 468 1841 536 αἱρέσεις
1875 467 1933 519 ἐν

2048 476 2105 523 et
2145 469 2445 537 apostolica
2475 470 2601 522 hinc
2643 478 2698 522 et
2745 467 2869 520 inde
2935 465 3002 520 ad
3054 467 3304 524 diversas
3332 468 3625 539 opiniones

354 566 498 633 ὑμῖν
522 563 708 628 εἶναι,
741 566 842 619 ἵνα
874 567 970 618 καὶ
1001 567 1056 618 οἱ
1087 562 1320 626 δόκιμοι
1351 561 1597 632 φανεροὶ
1630 561 1926 629 γίνωνται.

365 656 522 725 Ἐμοὶ
557 656 614 710 δὲ
652 658 753 710 κάν
786 656 962 726 τούτῳ
1000 654 1306 724 θαυμάζειν
1339 656 1439 725 τὴν
1474 656 1717 727 ἄρρητον
1753 653 1930 706 ἔπεισι

2033 660 2143 709 vet.
2192 662 2242 706 et
2279 652 2346 705 ad
2413 652 2684 706 veriorem
2722 654 2976 720 pietatem
3012 651 3238 717 referat,

352 747 449 803 τοῦ
489 748 623 803 Θεοῦ
670 750 885 818 σοφίαν,
925 750 1015 803 διὰ
1054 749 1149 802 τοῦ
1194 748 1360 802 αὐτοῦ
1386 748 1720 802 Ἀπνστόλου
1764 747 1932 801 πάλαι

357 842 729 912 προειποῦσαν
755 859 769 873 ·
813 842 878 897 Ἠ
919 841 1031 911 γὰρ
1074 842 1332 912 δύναμίς
1374 858 1493 911 μου
1537 840 1609 893 ἐν
1649 841 1935 906 ἀσθενείᾳ

354 931 706 985 τελειοῦται.
743 931 821 1001 Τῇ
855 933 964 999 γὰρ
996 932 1251 1003 ἀσθενείᾳ
1280 933 1380 998 τῆς
1411 930 1648 1000 ἀληθοῦς
1680 931 1934 997 γνώσεως

355 1024 696 1094 διερρωγότα
727 1023 795 1075 τὰ
839 1023 979 1093 μέλη
1015 1021 1116 1091 τῆς
1142 1021 1510 1091 Ἐκκλησίας,
1545 1019 1607 1074 τὸ
1648 1021 1804 1084 guilt;
1843 1022 1939 1075 καὶ

356 1113 731 1183 ἀπεξεσμένον
776 1112 887 1165 τῶν
927 1113 1217 1183 δογμάτων
1259 1110 1615 1184 ᾠκοδομήθη.
1657 1118 1754 1166 καὶ
1801 1113 1937 1182 πρὸς

369 1206 593 1274 μείζονα
624 1204 723 1275 τὴν
754 1204 926 1274 αὔξην
955 1206 1198 1259 ἐπέδωκε
1220 1246 1234 1270 ,
1266 1205 1408 1274 πρὸς
1436 1194 1692 1275 οὐράνιόν
1720 1222 1778 1256 τε
1811 1206 1937 1257 ἀνέ-

364 1292 574 1366 ὂραμεν
605 1295 810 1367 ὕψωμα
844 1299 877 1367 ή
913 1296 1179 1368 καθολικὴ
1213 1298 1311 1349 καὶ
1342 1288 1677 1368 ἀποστολικὴ
1701 1295 1938 1367 Ἐκκλη-

361 1390 472 1442 σία.
502 1389 567 1440 Oi
598 1389 653 1441 δὲ
684 1391 782 1459 τῆς
812 1388 1136 1458 Ἑλληνικῆς
1165 1387 1453 1459 τερθρείας
1483 1387 1844 1457 ἐντραφέντες
1872 1390 1940 1459 τῇ

361 1478 565 1552 πλάνῃ,
588 1478 714 1533 οὔτε
735 1480 872 1534 Θεὸν
894 1481 923 1533 ὅ
946 1481 1000 1535 τί
1024 1481 1159 1534 ποτέ
1181 1483 1302 1558 ἐστι
1329 1479 1649 1550 βουλόμενοι
1671 1479 1940 1549 ἐξευρεῖν,

355 1574 388 1641 ἢ
418 1574 517 1640 τὴν
547 1573 826 1643 ἄφραστον
854 1574 1020 1627 αὑτοῦ
1049 1574 1141 1635 καὶ
1170 1573 1558 1641 ἀκατάληπτον
1588 1573 1939 1643 κηδεμονίαν,

353 1660 624 1730 ἀλλήλους
670 1677 730 1712 τε
778 1662 871 1714 καὶ
916 1662 1148 1724 ἑαυτοὺς
1200 1661 1351 1714 ἐστιν
1396 1662 1487 1714 ὅτε
1535 1659 1900 1714 καταλύουσιν
1926 1675 1941 1691 ⁸

2033 559 2337 628 appelletis,
2364 561 2508 613 dictu
2529 561 2740 620 omnia.
2773 576 2874 629 ltro
2907 576 2972 614 eo
3010 571 3175 628 atque
3235 562 3415 624 decet,
3445 565 3625 633 capti-

3318 667 3492 722 eaque
3560 654 3626 707 ad

2038 759 2200 798 unam
2269 754 2471 798 rectam
2534 744 2864 813 plenamque
2961 744 3127 807 viam,
3181 745 3434 799 veritatis
3522 745 3628 799 sci-

2039 838 2167 895 licet
2218 838 2614 902 inventionem,
2658 839 2916 892 deducat.
2974 838 3073 893 Cui
3135 839 3428 894 sententiae
3490 840 3621 894 illud

2038 929 2244 982 dictum
2276 928 2433 982 valde
2463 944 2768 984 consonum
2800 929 2869 982 ab
2894 928 3158 998 Apostolo
3200 938 3287 984 est
3311 932 3581 998 prolatum
3608 950 3622 984 :

2045 1040 2063 1071 ι
2100 1018 2315 1087 Oportet
2377 1030 2550 1076 autem
2602 1024 2827 1076 haereses
2866 1024 3025 1076 etiam
3082 1024 3138 1076 in
3191 1023 3331 1077 vobis
3376 1039 3505 1090 esse,
3567 1030 3625 1077 ut

2039 1114 2128 1181 qui
2167 1113 2372 1175 probati
2414 1122 2561 1181 sunt,
2583 1116 2851 1184 manifesti
2879 1115 3015 1183 ﬁant
3043 1116 3083 1168 ¹.
3109 1116 3223 1180 Qua
3256 1115 3308 1168 in
3340 1132 3398 1170 re
3428 1115 3623 1170 ineffa-

2041 1206 2208 1260 bilem
2260 1221 2479 1275 quoque
2506 1207 2601 1260 Dei
2653 1206 2981 1275 sapientiam
3049 1206 3236 1261 mirari
3299 1207 3471 1272 libet,’
3503 1223 3626 1276 qua!

2042 1298 2175 1352 olim
2225 1314 2325 1368 per
2354 1297 2676 1367 A'postolum
2738 1313 2899 1351 suum
2934 1298 3225 1367 praedixit:
3273 1299 3448 1351 Virtus
3478 1287 3657 1351 enim‘

2044 1404 2184 1451 mea,
2224 1388 2511 1459 inquiens,
2560 1388 2621 1442 in
2662 1373 2982 1458 inﬁrmitate
3031 1389 3304 1456 perﬁcitur
3332 1390 3374 1443 ’.
3434 1390 3508 1443 Ex
3561 1405 3628 1443 eo

2046 1495 2285 1548 namque
2317 1468 2464 1551 quod
2488 1492 2716 1552 propter
2751 1482 3183 1536 imbecillitatem
3240 1495 3381 1536 verae
3442 1484 3629 1552 cogni-

2048 1575 2215 1630 tionis
2256 1572 2447 1645 partes
2495 1578 2744 1645 quaedam
2801 1580 2871 1630 ab
2908 1567 3169 1631 Ecclesiae
3210 1586 3488 1631 structura
3537 1591 3627 1630 re-

2046 1677 2211 1723 secta:
2234 1676 2384 1734 sunt,
2421 1668 2677 1739 dogmata
2704 1680 2853 1723 recta
2894 1668 3138 1738 et'plana
3175 1684 3274 1738 per
3308 1667 3626 1722 aediﬁcatio-

352 1752 490 1806 ἀλλὰ
517 1752 749 1816 πολλοὺς
778 1755 876 1806 καὶ
897 1752 1177 1816 ποικίλους
1198 1752 1541 1814 ἐπινοοῦντες
1562 1752 1744 1817 θεοὺς,
1773 1768 1933 1822 προσ-

2050 1773 2175 1813 nem
2211 1761 2509 1815 constituta
2552 1771 2701 1827 sunt,
2730 1773 2785 1816 et
2819 1761 3175 1818 incrementis
3223 1760 3528 1830 majoribus
3560 1761 3624 1813 ad

356 1846 558 1915 φόρους
589 1849 703 1909 τοῖς
755 1846 908 1914 σφῶν
952 1842 1358 1913 ὲπιφημίζουσι
1409 1844 1650 1898 πάθεσν
1690 1842 1933 1912 συγγνώ-

2043 1853 2321 1908 emlestem
2388 1854 2784 1909 sublimitatem
2822 1854 3150 1909 universalis
3204 1862 3262 1906 et
3326 1850 3625 1921 apostolica

359 1937 488 2008 μην,
524 1939 601 2002 ὡς
637 1937 704 1991 ἄν
736 1954 823 2002 τις
859 1939 1025 2003 είποι,
1063 1940 1175 2001 ταῖς
1212 1937 1377 2000 ίδίαις
1411 1937 1731 2000 ἀκολασίαις
1767 1953 1938 2007 προσ-

357 2031 748 2102 ποριζόμενοι,
791 2030 989 2096 ἄλλους
1034 2026 1122 2084 ἐπ’
1152 2030 1347 2093 ἄλλους
1390 2028 1782 2101 χειροτονοῦσι.
1829 2030 1939 2083 Καὶ

352 2123 488 2193 δῆτα
519 2110 549 2178 ό
579 2125 710 2195 παρ’
731 2125 916 2188 αὐτοῖς
944 2124 1175 2187 ὕστατος
1203 2128 1403 2193 πατὴρ
1430 2124 1669 2193 ἀνδρῶν
1692 2140 1757 2177 τε
1785 2121 1938 2178 θεῶν

352 2233 436 2282 τε,
468 2218 564 2269 τὸν
593 2217 881 2285 νεανίσκον
907 2215 1098 2288 Φρύγα
1127 2219 1204 2281 είς
1232 2217 1421 2288 ὄρνεον
1447 2218 1545 2287 τὴν
1574 2216 1738 2284 φύσιν
1768 2232 1937 2286 μετα-

351 2308 553 2374 ϐαλὼν,
600 2309 953 2378 ἀνάρπαστον
995 2309 1055 2374 ἐξ
1096 2309 1388 2377 ἀσελγείας
1432 2310 1606 2363 ἐποίει
1634 2325 1646 2338 ·
1696 2309 1792 2363 καὶ
1832 2308 1937 2379 τὴν

350 2400 700 2471 ἀντιμισθίαν
751 2401 852 2470 τῆς
903 2401 1303 2472 αἰσχρουργίας
1354 2403 1558 2456 κύλικα
1608 2402 1933 2476 ἐχαρίζετο,

350 2492 654 2564 ἐπιτρέψας
699 2493 990 2563 προπίνειν
1031 2497 1129 2562 τὴν
1173 2496 1535 2567 φιλοτησίαν
1579 2496 1646 2548 ἵν’
1673 2495 1810 2566 ὁμοῦ
1855 2494 1936 2566 τῷ

349 2585 572 2654 νέκταρι
601 2585 697 2638 καὶ
721 2585 792 2638 τά
818 2585 998 2655 ὀνείδη
1022 2586 1122 2655 τῆς
1150 2586 1366 2657 ὖὸρεως
1391 2590 1546 2660 κοίνῇ
1576 2588 1806 2643 πίνοιεν.
1836 2588 1935 2649 Ὃς

346 2674 486 2748 δῆτα
536 2679 627 2731 καὶ
680 2664 898 2741 πολλοῖς
943 2679 1125 2743 ἄλλοις
1169 2697 1278 2735 των
1320 2682 1579 2752 ἀθέσμων
1619 2681 1802 2753 ἔργων
1840 2681 1936 2734 καὶ

350 2770 604 2840 πράξεων
624 2811 640 2836 ,
673 2768 710 2824 ἀ
746 2772 842 2823 καὶ
870 2774 986 2834 τοῖς
1017 2771 1139 2825 λίαν
1168 2773 1385 2836 οὐδενὸς
1413 2773 1586 2851 ἀξίοις
1620 2773 1935 2844 ἀπηγόρευέ-

346 2876 474 2923 ται,
508 2859 589 2921 είς
622 2859 886 2922 παντοίας
920 2859 1067 2923 ἰδέας
1102 2861 1318 2929 ἀλόγων
1353 2863 1930 2933 μετασχηματισθεὶς,

346 2949 594 3021 αίσχρῶς
621 2952 808 3022 ᾑρεῖτο
836 2950 988 3021 βιοῦν
1010 2968 1025 2982 ⁸
1058 2953 1154 3005 καὶ
1178 2954 1297 3015 θεὸς
1327 2954 1656 3025 ἀνδρόγυνος
1683 2955 1894 3023 γίνεται
1915 2996 1931 3022 ,

346 3042 397 3093 εί
426 3046 522 3096 καὶ
556 3044 631 3114 μὴ
660 3047 726 3114 τῇ
758 3047 979 3112 γαστρὶ,
1008 3044 1087 3115 τῷ
1123 3061 1188 3112 γε
1214 3044 1311 3098 νῦν
1341 3045 1525 3117 μηρῷ,
1554 3047 1844 3118 κυοφορῶν
1870 3048 1931 3101 τὸ
2030 3094 2033 3097 ,

343 3134 535 3205 ἀτελὲς
573 3135 816 3205 ἔμϐρυον
842 3150 858 3166 ⁸
896 3137 987 3190 ἵνα
1029 3154 1142 3200 πως
1184 3139 1289 3190 κάν
1321 3139 1533 3203 τούτοις
1571 3137 1679 3206 ἔξω
1714 3140 1930 3206 φύσεως
1957 3178 2000 3236 c

343 3227 404 3278 τὸ
436 3227 814 3297 πραττόμενον
841 3229 927 3297 εῐη
956 3244 970 3258 ⁸
1003 3228 1062 3294 ἐξ
1089 3228 1149 3282 οὗ
1180 3229 1419 3298 προῆλθε
1453 3230 1550 3282 καὶ
1576 3232 1637 3283 τὸ
1663 3230 1930 3300 διθύραμ-

343 3319 439 3373 ϐον
466 3319 656 3390 κύημα
680 3336 695 3350 ⁸
725 3319 802 3383 ὼς
832 3320 898 3374 ἂν
929 3322 1021 3374 καὶ
1049 3321 1183 3391 πρὸς
1213 3322 1483 3393 ἑκατέραν
1516 3322 1796 3395 ἑνυϐρίσοι
1829 3323 1930 3391 φύ-

344 3426 431 3464 σιν
482 3409 604 3473 θεὸς
656 3406 985 3482 ὀρχούμενος
1038 3414 1096 3462 ὲν
1151 3413 1504 3484 ἀνδρογύνοις
1558 3415 1925 3483 λιγύσμασιν,

340 3500 574 3571 ἔξαρχος
607 3501 779 3572 μέθης
798 3540 814 3568 ,
845 3504 1160 3575 κραιπάλης
1190 3521 1249 3557 τε
1281 3506 1378 3558 καὶ
1408 3506 1796 3574 οἰνοφλυγίας,
1833 3508 1927 3560 καί

341 3610 406 3662 γε
436 3593 833 3664 ἐωλοκρασίας,
863 3596 957 3648 καὶ
982 3595 1092 3648 τῶν
1116 3597 1182 3648 ἐκ
1209 3595 1318 3649 τῶν
1343 3597 1604 3667 τοιούτων
1627 3598 1929 3670 ἀπορρεόν-

339 3703 451 3739 των
480 3687 696 3744 δεινῶν.
731 3686 922 3758 Τούτῳ
969 3687 1035 3758 δὴ
1069 3686 1147 3758 τῷ
1183 3688 1301 3760 Θεῷ
1333 3689 1411 3759 τῷ
1446 3690 1779 3764 ὲριὸρεμέτῃ
1800 3731 1815 3752 ,
1850 3692 1930 3761 τῷ

341 3782 594 3851 αίγιόχῳ,
641 3784 737 3836 καὶ
786 3781 918 3836 ἄλλο
968 3782 1315 3854 ὐπέρσεμνον
1361 3783 1681 3855 χαρίζονται
1729 3784 1925 3854 ὄνομα,

343 3873 683 3943 πατραλοίαν
713 3874 1121 3939 ἀποκαλοῦντες
1149 3875 1246 3946 τὴν
1277 3876 1518 3947 ἐσχάτην
1549 3877 1646 3929 καὶ
1699 3879 1927 3946 πρώτην

342 3969 478 4040 παρ’
504 3967 819 4040 ἀνθρώποις
859 3972 1054 4042 ποινήν
1076 3984 1090 4000 ⁸
1125 3970 1223 4026 am
1258 3970 1323 4037 δὴ
1363 3973 1570 4043 Κρόνον
1603 3972 1693 4025 τὸν
1725 3972 1927 4025 οἰκεῖον

342 4058 559 4126 πατέρα
587 4059 940 4129 προσήκοντα
969 4060 1111 4129 δρῶν
1140 4058 1215 4123 ὡς
1242 4060 1485 4114 τοιοῦτον
1509 4060 1588 4131 τῷ
1616 4060 1717 4133 βίῳ
1747 4078 1926 4133 παρα-

343 4151 587 4220 γαγόντα
627 4151 719 4204 καὶ
751 4152 994 4222 αἰσχρῶς
1026 4153 1125 4223 τῆς
1159 4154 1339 4223 ἀρχῆς
1373 4153 1744 4224 ἐξωθήσαντα.
1779 4154 1846 4207 Τί
1882 4154 1927 4207 δ’

340 4243 407 4298 ἄν
452 4259 537 4306 τις
582 4243 729 4295 εἴποι
772 4246 906 4311 περὶ
955 4243 1056 4312 τῆς
1103 4244 1537 4314 θεουργηῦείσης
1583 4247 1714 4316 παρ’
1743 4247 1928 4310 αὐτοῖς

341 4334 637 4405 παρνείας;
674 4328 741 4406 ἦς
784 4326 979 4404 ἔφορον
1005 4333 1335 4405 Ἀφροδίτην
1367 4336 1465 4405 τὴν
1496 4336 1794 4407 κοχλογενῆ
1828 4337 1928 4408 τὴν

342 4419 602 4496 Κυπρίαν
630 4426 924 4494 ἐφιστῶσιν
945 4442 958 4455 ⁸
988 4425 1022 4496 ἦ
1051 4426 1149 4497 τὴν
1182 4426 1282 4496 μὲν
1313 4426 1674 4497 σωφροσύνην
1701 4428 1776 4492 ὡς
1804 4432 1928 4485 ἐναι-

2039 1944 2285 2000 Ecclesia
2312 1944 2575 2001 excurrit.
2608 1945 2713 2012 Qui
2752 1954 2880 1999 vero
2908 1946 2961 1999 in
2997 1944 3320 2000 seductione
3351 1952 3406 1998 et
3433 1958 3637 2021 errore

2037 2036 2240 2093 Graecae
2288 2040 2701 2109 superstitionis
2767 2039 2984 2093 educati
3036 2047 3202 2100 sunt,
3263 2036 3424 2107 552
3500 2052 3626 2106 pro-

2039 2141 2227 2200 pterea
2275 2132 2423 2201 quod
2478 2148 2657 2202 neque
2708 2133 2916 2194 Deum,
2972 2131 3236 2200 quidnam
3293 2139 3398 2193 sxt,
3446 2144 3624 2199 neque

2040 2223 2371 2280 ineffabilem
2441 2225 2563 2295 ejus
2630 2234 2686 2280 et
2752 2223 3370 2294 incomprehensibilem
3432 2237 3622 2277 curam

2035 2324 2200 2386 atque
2238 2317 2640 2388 providentiam
2687 2317 2934 2372 invenire
2987 2318 3181 2379 velint.
3231 2317 3324 2371 alii
3386 2315 3620 2370 aliorum

2038 2407 2184 2462 inter
2215 2423 2296 2474 se,
2335 2417 2498 2477 atque
2533 2408 2634 2478 ipsi
2661 2408 2994 2479 quandoque
3022 2424 3149 2463 suas
3173 2409 3337 2462 etiam
3373 2407 3621 2474 ipsorum

2034 2499 2338 2554 sententias
2367 2499 2643 2555 refellunt.
2693 2501 2760 2554 Et
2805 2499 3009 2554 multos
3057 2499 3346 2565 variosque
3393 2499 3623 2553 commi-

2036 2591 2314 2646 niscentes
2341 2590 2511 2653 deos.
2562 2591 2882 2646 nominibus
2934 2605 3030 2644 eos
3076 2604 3200 2658 qua:
3238 2589 3624 2645 aﬂectionibus

2030 2680 2151 2735 suis
2176 2682 2508 2737 conveniant
2540 2676 2977 2751 prosequuntur.
3011 2681 3080 2735 Et
3109 2696 3236 2735 eum
3272 2682 3410 2737 alios
3457 2698 3624 2751 super

2035 2774 2174 2828 alios
2205 2773 2310 2828 sibi
2344 2774 2447 2844 ipsi
2481 2774 2777 2845 designant
2807 2784 2864 2828 et
2889 2773 3122 2842 eligunt,
3159 2774 3401 2841 veniam,
3432 2781 3492 2828 ut
3520 2773 3626 2828 ali-

2034 2865 2161 2934 quis
2183 2864 2354 2930 dieat,
2375 2867 2609 2935 impuris
2632 2866 2957 2921 libidinibus
2981 2866 3096 2920 suis
3127 2874 3496 2937 aucupantur.
3527 2864 3621 2922 Sic

2033 2958 2129 3027 qui
2161 2959 2308 3029 apud
2338 2958 2459 3014 illos
2483 2965 2570 3013 est
2593 2973 2844 3013 summus

2327 3092 2685 3147 ...Homiuum
2708 3102 2863 3164 pater
2890 3101 3048 3163 atque
3088 3092 3330 3157 deorum,

2035 3240 2232 3287 natura
2263 3245 2364 3286 sua
2395 3228 2460 3290 in,
2498 3243 2656 3283 avem
2688 3242 2862 3293 versa,
2898 3227 3032 3283 Redi
3072 3227 3249 3299 stupri
3279 3230 3455 3300 gratia
3485 3230 3621 3285 ado-

2034 3323 2400 3381 lescentulum
2421 3323 2693 3395 Pbygem
2713 3322 2920 3393 rapuit,
2938 3330 2995 3379 et
3016 3339 3112 3391 pro
3135 3325 3390 3379 mercede
3415 3324 3618 3400 impuri

2030 3417 2226 3489 ﬂagitii
2260 3417 2523 3488 poculum
2579 3418 2630 3471 ei
2670 3416 2847 3472 dedit.
2905 3426 3175 3486 potestate
3205 3417 3293 3471 illa
3327 3419 3618 3488 permissa,

2036 3518 2096 3563 ut
2124 3509 2233 3564 sibi
2263 3509 2365 3564 ille
2401 3508 2845 3564 benevolentiam
2891 3518 2948 3563 et
2985 3522 3231 3564 amorem
3272 3511 3616 3579 pr0pinnret,

2032 3610 2090 3658 et
2148 3611 2381 3671 uterque
2439 3602 2604 3656 simul
2663 3616 2789 3656 cum
2853 3609 3080 3655 nectare
3139 3602 3615 3671 constuprationis

2032 3695 2296 3763 probrum
2350 3701 2408 3747 et
2463 3692 2708 3748 dedecus
2748 3701 2983 3761 potaret.
3017 3690 3121 3758 Qui
3150 3692 3378 3761 insuper
3427 3693 3619 3749 multis

2033 3789 2158 3842 aliis
2202 3785 2432 3842 nefariis
2468 3785 2794 3851 seeleribus,
2831 3799 2955 3854 quae
3003 3785 3170 3839 etiam
3215 3785 3426 3840 nullius
3454 3786 3615 3856 pretii

2034 3870 2356 3932 heroinibus
2394 3892 2655 3932 concessa
2684 3892 2795 3930 non
2824 3884 2975 3941 sunt,
3008 3875 3062 3929 in
3109 3877 3286 3931 varias
3319 3878 3613 3929 irrationa-

2033 3972 2168 4025 lium
2224 3970 2589 4025 animantium
2645 3970 2861 4043 species
2894 3966 3338 4031 transformatus,
3376 3967 3616 4036 turpiter

2031 4064 2136 4117 sibi
2167 4063 2333 4115 vitam
2356 4062 2684 4130 degendam
2731 4060 2964 4114 statuit:
3006 4068 3062 4112 et
3108 4058 3483 4128 audrogynus,
3511 4073 3615 4111 an-

2030 4156 2295 4227 cipitique
2338 4154 2482 4207 inter
2517 4168 2722 4206 marem
2778 4162 2836 4205 et
2889 4151 3150 4205 feminam
3184 4165 3319 4203 sexu
3363 4149 3500 4202 deus
3530 4148 3611 4203 l‘a-

2030 4258 2175 4315 ctus,
2209 4259 2319 4300 non
2371 4244 2623 4312 equidem
2657 4242 2708 4294 in
2760 4249 2975 4305 ventre,
3022 4239 3117 4293 sed
3151 4238 3362 4293 femore
3391 4247 3612 4292 uterum

2029 4344 2268 4406 gestans.
2313 4332 2695 4402 imperfectum
2753 4330 2878 4383 tulit
2925 4329 3134 4394 fetum,
3176 4339 3238 4382 ut
3268 4342 3332 4382 ea
3392 4342 3613 4398 quoque

2034 4443 2125 4482 res
2154 4435 2352 4497 praeter
2384 4434 2635 4479 naturam
2676 4423 2853 4477 ﬁeret.
2889 4421 3042 4478 Unde
3067 4421 3453 4493 dithyrambus
3513 4436 3609 4475 seu

340 4517 437 4586 γὲς
476 4517 832 4584 ἀπεσείσατο,
867 4517 1090 4581 ἀτόποις
1132 4517 1188 4569 δὲ
1229 4518 1366 4570 πᾶσι
1404 4518 1594 4587 σχεδὸν
1633 4522 1926 4590 αἰσχρουρ-

2033 4520 2115 4576 bis
2143 4521 2363 4589 genitus
2391 4518 2574 4572 iniens
2592 4516 2817 4585 prodiit,
2851 4515 2946 4584 qui
2973 4515 3195 4584 utrique
3222 4526 3434 4595 natura‘
3456 4513 3609 4585 igno-
3660 4530 3661 4535 ‘

338 4612 588 4680 γήμασιν
614 4609 874 4679 ἡδομένη,
906 4608 994 4662 διὰ
1023 4609 1230 4661 τούτων
1262 4611 1356 4663 καὶ
1388 4609 1773 4674 ἐξιλάσκεσθαι
1803 4612 1927 4681 βού-

338 4703 520 4757 λεται·
551 4702 671 4774 μεθ’
688 4698 755 4773 ἧς
778 4704 951 4772 Ἀρης
977 4702 1332 4771 ἀσχημονῶν,
1358 4704 1575 4779 τέχναις
1599 4702 1925 4771 Ἡφαίστου,

338 4793 436 4848 καὶ
468 4794 828 4863 μηχανήμασι
858 4794 969 4855 τοῖς
1004 4792 1209 4853 λοιποῖς
1239 4794 1347 4844 τῶν
1382 4792 1521 4846 θεῶν
1551 4793 1927 4864 θεατρίζεται,

338 4882 675 4956 παιζόμενός
715 4899 775 4935 τε
821 4885 956 4952 ὁμοῦ
1004 4884 1097 4936 καὶ
1141 4881 1472 4952 γελώμενος.
1520 4885 1586 4938 Oi.
1629 4884 1686 4936 δὲ
1736 4885 1930 4954 φαλλοὶ

338 4979 469 5049 παρ’
492 4978 678 5039 αὐτοῖς
705 4976 801 5029 καὶ
832 4975 1113 5045 ἰθύφαλλοι
1141 4979 1235 5028 καὶ
1261 4979 1330 5030 τὰ
1356 4978 1722 5048 φαλλαγὼγια
1748 4978 1917 5033 πόσου

335 5071 401 5125 ἂν
435 5072 524 5139 είη
554 5068 649 5122 τοῦ
685 5066 964 5136 γέλωτος;
1019 5069 1046 5121 ὁ
1080 5069 1138 5121 δὲ
1173 5069 1322 5135 Πὰν,
1368 5071 1396 5123 ὁ
1428 5069 1484 5121 δὲ
1521 5071 1769 5140 Πρίηπος
1792 5111 1805 5132 ,
1839 5071 1918 5143 τῷ

334 5164 491 5235 παρὰ
529 5163 691 5235 φύσιν
725 5163 998 5233 ἁσχήμονι
1039 5164 1214 5234 μορίῳ
1247 5163 1545 5234 χαριέντως
1578 5167 1916 5238 τιμώμενος.

334 5255 400 5309 Τί
431 5256 490 5308 δέ
522 5273 605 5309 σοι
635 5256 887 5326 βούλεται
916 5256 1109 5309 καὶτὰ
1140 5259 1197 5310 ἐν
1231 5256 1502 5311 Ἐλευσῖνι
1535 5261 1847 5330 μυστήρια;
1881 5259 1919 5313 ἃ

331 5346 702 5416 διαφερόντως
735 5346 942 5417 μισῶν,
970 5347 1093 5401 καθ’
1115 5347 1174 5401 ἒν
1206 5349 1367 5419 μόνον
1391 5350 1679 5405 ὲπαινέσαι
1710 5354 1921 5421 βουλοί-

336 5457 470 5509 μην,
493 5440 576 5494 ὅτι
609 5440 688 5512 μὴ
710 5442 844 5512 όρᾷν
869 5439 1047 5494 ταῦτα
1072 5440 1165 5493 τὸν
1189 5442 1341 5512 ἥλιον
1368 5442 1703 5514 ἐδοκίμασαν
1724 5462 1739 5477 ⁸
1769 5447 1919 5515 μάλα

334 5535 391 5587 δὲ
421 5533 500 5604 τῷ
528 5532 677 5605 ἔργῳ
704 5535 883 5587 οἰκεία
913 5535 1271 5606 πράττοντες,
1301 5537 1370 5607 τῇ
1401 5537 1639 5609 ἀφανείᾳ
1669 5538 1763 5591 τοῦ
1798 5540 1923 5592 σκό-

329 5643 455 5689 τους
493 5629 848 5698 κατέκριναν.
878 5626 1045 5681 Ἀλλὰ
1076 5627 1249 5682 ταῦτα
1283 5625 1398 5694 τοῖς
1435 5629 1677 5702 αἰσχρῶς
1713 5631 1920 5702 τιμῶσι

406 5809 426 5839 ⁹
471 5807 647 5866 lCor.
685 5827 759 5874 xu,
798 5811 885 5866 19.
971 5813 991 5843 ⁸
1019 5809 1153 5866 Cor.
1190 5825 1288 5875 xu,
1316 5811 1375 5866 9.

2029 4609 2214 4664 ιιιὶιιίεε
2235 4609 2483 4662 inureret
2515 4615 2725 4670 notam,
2752 4606 3004 4659 muliebri
3040 4615 3190 4659 motu
3214 4606 3420 4661 saltans
3442 4605 3610 4660 semi-

2029 4701 2113 4754 vir
2148 4700 2285 4754 deus
2312 4716 2328 4749 :
2379 4698 2687 4761 ebrietatis,
2728 4698 2988 4766 crapulae,
3045 4696 3379 4756 vinulentiae,
3435 4705 3609 4751 temu-

2027 4794 2194 4850 lenta:
2242 4791 2562 4863 gravedinis
2617 4790 2964 4857 aliorumque
3032 4788 3161 4842 inde
3216 4788 3609 4857 prolluentium

2031 4886 2301 4939 malorum
2366 4892 2582 4936 auctor.
2637 4880 2775 4935 Huic
2802 4882 2905 4935 deo
2940 4879 3253 4935 altitonanti
3294 4890 3351 4934 et
3382 4881 3609 4951 :rgidem

2027 4978 2225 5031 ferenti
2250 4975 2634 5029 admirandum
2655 4974 2819 5026 etiam
2850 4973 2998 5026 aliud
3029 4988 3229 5025 nomen
3262 4972 3606 5039 indiderunt;

2027 5085 2153 5125 nam
2191 5068 2520 5138 parricidam
2573 5076 2859 5129 vocarunt,
2892 5065 2981 5118 cui
3017 5065 3166 5137 ppud
3208 5064 3463 5120 homines
3507 5082 3609 5120 CX".

2028 5172 2262 5216 tremum
2291 5171 2343 5213 et
2397 5160 2631 5229 primum
2681 5158 3043 5212 constitutum
3096 5167 3181 5211 est
3228 5157 3605 5227 supplicium:

2028 5266 2085 5313 ut
2105 5258 2513 5328 quiSaturuum
2545 5269 2753 5325 patrem
2784 5269 2971 5318 suum,
2997 5268 3096 5323 pro
3126 5269 3194 5308 eo
3223 5264 3387 5321 atque
3417 5252 3605 5307 decuit

2024 5351 2253 5417 iaciens,
2278 5350 2421 5420 quod
2443 5350 2603 5404 talem
2640 5350 2819 5417 ipsum
2845 5349 2935 5402 ille
2967 5348 3020 5400 in
3059 5345 3226 5399 vitam
3265 5345 3605 5414 protulisset,

2024 5442 2263 5512 turpiter
2314 5457 2483 5511 regno
2527 5441 2766 5495 exuerit.
2827 5439 2971 5502 Quid
3017 5453 3148 5491 vero
3175 5436 3243 5489 de
3298 5434 3606 5489 meretricia

1979 5524 1985 5533 ’
2025 5534 2274 5592 nuditate
2313 5534 2458 5604 apud
2485 5548 2580 5587 eos
2606 5532 2660 5585 in
2701 5543 2995 5584 numerum
3028 5529 3260 5583 deorum
3320 5526 3489 5580 relata
3520 5525 3606 5578 di-

2027 5646 2145 5685 cam
2169 5630 2193 5683 ?
2215 5629 2301 5684 cui
2335 5630 2624 5683 tutelarem
2650 5627 2807 5694 deam
2844 5624 3111 5679 Venerem
3144 5621 3317 5691 ipsam
3348 5619 3608 5691 Cypriani

2566 5763 2652 5781 ,ιο-ι
