4092 6466
548 468 684 532 1Ξ35
1214 474 1222 478 ’
1786 484 1829 543 Ν
1838 484 2138 546 ICEPllOl

2242 487 2586 550 CALLlS'I‘I
2770 458 2803 469 ’

540 579 692 634 varia
730 580 949 639 vivendi
988 583 1128 639 ratio

1187 602 1199 638 :
1260 587 1357 642 sed
1415 589 1499 644 bat
1547 590 1613 646 ad
1669 610 1839 649 unum
1892 612 2119 665 prorsus

2240 598 2334 669 τὰρ
2355 598 2494 669 ὁμοῦ
2521 600 2770 665 διαζῶσι,
2804 601 2996 671 μηδενὶ
3021 601 3204 665 τῶνές
3238 602 3341 670 γῆν
3393 603 3658 657 νευόντων
3698 622 3797 659 κα-

511 673 762 747 .pietatis
811 677 975 730 linem
1038 687 1308 746 Spectant.
1363 680 1595 747 Quidam
1642 700 1882 756 namque
1954 688 2120 743 simul

2240 693 2591 763 ιασυρόμενοι
2616 710 2630 724 ·
2659 695 2718 748 ἐν
2738 688 2817 758 οἷς
2843 696 2906 749 οὐ
2958 694 3183 765 χρυσὸς,
3216 696 3336 749 ούδέ
3378 712 3432 748 τι
3467 697 3571 748 τῶν
3625 697 3800 751 ἄλλων

539 766 749 822 eisdem
775 767 830 822 in
855 769 1068 826 tedibus
1091 771 1306 837 vivunt,
1338 789 1397 828 re
1432 776 1582 830 nulla
1609 792 1733 847 quae
1769 779 2029 834 homines
2063 779 2120 834 in

2240 785 2611 852 μεταλλικῶν,
2659 786 2780 839 ἀλλ’
2819 785 2932 840 οὐδ’
2995 786 3160 856 ἐσθὴς
3216 788 3519 856 ῖδιάζουσα,
3574 791 3695 845 οὖδέ
3746 809 3800 843 τι

541 866 745 912 terram
774 858 1038 931 deprimit
1065 861 1343 921 distracti.
1391 867 1551 938 Apud
1583 869 1685 923 bos
1719 886 1898 940 neque
1922 886 2122 925 aurum

2240 875 2359 929 ἰλλο
2394 876 2506 930 τῶν
2534 877 2635 931 ὅσα
2665 877 2875 931 σαίνειν
2902 873 3012 930 οἵδε
3060 878 3330 949 γαστέρα.
3380 882 3444 933 Ὀ
3486 883 3594 950 γὰρ
3644 875 3800 945 οἶτος

539 960 643 1016 est,
678 966 859 1021 neque
886 953 1037 1009 aliud
1081 956 1380 1028 quodpiam
1429 960 1748 1027 metallum;
1790 962 1887 1017 sed
1942 977 2124 1032 neque

2240 968 2471 1039 τήμερον
2501 969 2791 1040 τριϐώνιον
2826 970 2859 1041 ἢ
2891 970 3132 1040 ἐξωμίδα
3189 971 3372 1042 φέρει,
3426 970 3618 1044 αὔριον
3670 974 3800 1038 ἴδοις

539 1046 709 1098 vestis
735 1045 970 1118 alicujus
993 1048 1244 1117 propria,
1285 1066 1469 1121 neque
1495 1068 1681 1107 rerum
1707 1053 1938 1109 aliarum
1965 1053 2126 1125 quid-

2240 1058 2298 1113 ὶν
2330 1058 2517 1129 ἕτερον
2550 1061 2972 1132 ἀμπεσχόμενον
3007 1078 3023 1095 ο
3055 1060 3130 1125 ὡς
3178 1061 3493 1127 λογίζεσθαι
3533 1064 3655 1126 ἑνὸς
3706 1066 3799 1136 καὶ

539 1153 728 1207 quam,
784 1138 934 1208 quod
989 1149 1241 1195 ventrem
1288 1142 1625 1200 demulceat.
1675 1146 1832 1213 Quod
1886 1163 2127 1216 namque

2240 1152 2360 1221 μίαν
2390 1151 2654 1222 εἶναιτὴν
2703 1154 2928 1207 πάντων
2959 1153 3185 1223 ἐσθῆτα,
3220 1154 3313 1207 καὶ
3345 1154 3443 1225 τὴν
3475 1151 3630 1220 αὖθις
3684 1157 3800 1219 ἐνὸς

539 1227 707 1281 hodie
738 1228 959 1297 pallium
991 1240 1086 1285 aut
1117 1231 1403 1289 humerale
1436 1235 1525 1291 hic
1551 1237 1676 1300 l‘ert,
1706 1252 1774 1292 eo
1797 1253 1922 1294 cras
1953 1239 2122 1294 alium

542 1319 798 1373 indutum
829 1324 1141 1392 conslticias
1180 1341 1195 1378 :
1226 1324 1368 1381 adeo
1405 1337 1464 1381 ut
1498 1329 1663 1384 unius
1695 1340 1905 1386 vestem
1953 1347 2121 1387 unam

539 1414 809 1478 omnium,
869 1425 924 1469 et
976 1433 1195 1474 rursum
1254 1422 1503 1479 omnium
1560 1423 1728 1479 unius
1769 1440 1892 1480 esse
1943 1436 2125 1496 putes.

540 1504 812 1560 Omnibus
852 1517 1036 1563 autem
1062 1516 1374 1568 communis
1398 1517 1730 1585 preponitur
1764 1534 1976 1584 mensa,
2013 1536 2124 1574 non

542 1596 785 1652 conditis
827 1600 1107 1677 variisque
1144 1613 1201 1658 et
1237 1596 1533 1675 eiqnisitis
1580 1609 1830 1674 cibariis,
1872 1626 1969 1667 eas
1999 1628 2123 1682 qua:

543 1690 648 1744 sub
681 1702 877 1748 ventre
912 1704 1041 1749 sunt
1071 1699 1325 1766 Corporis
1354 1711 1540 1770 partes
1565 1703 1632 1757 ad
1682 1703 1967 1760 lasciviam
2002 1706 2127 1760 irri-

2230 1243 2511 1299 ἁπάντων.
2544 1246 2756 1299 Ἅπασι
2780 1245 2835 1299 δὲ
2870 1246 3027 1316 κοινὴ
3077 1246 3327 1318 τράπεζα
3386 1238 3693 1318 πρόκειται,
3739 1250 3799 1301 ού

2229 1337 2553 1405 καρυκείαις
2585 1338 2697 1390 τισὶ
2729 1340 2822 1391 καὶ
2852 1339 3120 1401 ποικίλοις
3178 1339 3443 1409 ἐδέσμασι
3490 1339 3559 1393 τὰ
3601 1341 3802 1409 ὕπογά-

2231 1442 2394 1497 στρια
2424 1426 2856 1497 γαργαλίζουσα,
2895 1428 3030 1481 ἀλλὰ
3093 1427 3321 1498 βραχέσι
3372 1429 3648 1499 λαχάνοις,
3706 1428 3801 1482 καί

2228 1536 2373 1573 τισιν
2419 1520 2694 1591 ὀσπρίοις,
2757 1522 2853 1574 καὶ
2913 1521 3163 1583 τούτοις.
3215 1523 3342 1575 ὅσον
3383 1523 3593 1591 ἀποζῇν
3646 1525 3802 1591 μόνον

2229 1614 2574 1684 δεξιουμένη.
2603 1616 2801 1669 Κοιναλ.
2823 1614 2882 1669 δέ
2905 1615 3089 1678 αὐτοῖς
3140 1618 3247 1669 εἰσι
3301 1616 3397 1669 καὶ
3417 1617 3472 1668 αί
3506 1616 3640 1687 πρὸς
3671 1616 3803 1669 Θεὸν

2229 1706 2394 1773 λιταὶ,
2416 1707 2483 1759 δι’
2515 1706 2731 1776 ἡμέρας
2765 1707 2859 1758 καὶ
2892 1707 3021 1775 ὅλης
3054 1710 3248 1767 νυκτὸς
3280 1707 3541 1770 πολλάκις
3574 1707 3680 1760 δέει
3707 1707 3805 1760 καὶ

544 1792 688 1849 tans,
721 1785 817 1839 sed
851 1788 1039 1855 paucis
1059 1791 1391 1859 quibusdam
1424 1794 1673 1850 oleribus
1700 1805 1867 1867 atque
1895 1798 2128 1869 legumi-

2240 1799 2659 1867 κατεσταλμένῳ
2695 1798 2773 1868 τῷ
2796 1798 2919 1869 ἧθει
2953 1799 3257 1867 γινόμεναι.
3298 1798 3456 1852 eam
3480 1799 3536 1852 δὲ
3570 1800 3803 1860 καὶτοῖς

544 1874 731 1941 nibus,
766 1887 1031 1948 quantum
1066 1883 1132 1936 ad
1166 1884 1334 1939 vitam
1373 1886 1568 1942 saltem
1614 1887 1955 1944 tolerandam
1986 1890 2120 1946 satis

2240 1891 2419 1953 πόνοις
2453 1892 2595 1957 σφᾶς
2633 1891 2831 1953 αὐτοὺς
2863 1891 3233 1956 ἐκπιέζουσιν,
3261 1891 3335 1954 ὡς
3388 1892 3641 1960 ἄντικρυς
3673 1891 3804 1954 ζῶν-

545 1968 634 2033 sit,
663 1970 925 2027 convivas
953 1974 1257 2044 excipiens.
1295 1977 1631 2035 Communes
1659 1980 1851 2036 itidem
1878 1984 1962 2037 eis
1996 1990 2127 2037 sunt

2240 1998 2328 2046 τας
2357 1980 2747 2053 εἷναινεκροῦς
2770 1984 2913 2055 ὑπὲρ
2935 1985 3060 2052 γῆν.
3103 1976 3263 2038 Οὗτοι
3289 1984 3347 2037 δὲ
3405 1984 3661 2045 πολλάκις
3712 1986 3805 2036 καὶ

545 2058 611 2112 ad
645 2060 811 2114 Deum
852 2065 1290 2133 supplicationes
1316 2079 1370 2123 et
1406 2086 1622 2140 preces,
1674 2088 1815 2142 quas
1857 2073 2126 2138 interdiu,

544 2162 600 2206 et
629 2167 772 2222 saepe
796 2157 960 2210 etiam
999 2168 1161 2214 nocte
1189 2170 1325 2227 tota,
1354 2178 1482 2218 cum
1515 2164 1736 2231 timore,
1776 2167 1966 2222 habitu
2017 2177 2129 2222 sta-

464 2280 469 2285 ς
549 2253 717 2314 tuque
768 2250 1023 2318 corporis
1076 2253 1378 2321 submisso,
1431 2266 1721 2329 peragunt.
1777 2257 1989 2314 Labore
2040 2275 2130 2315 se-

547 2339 698 2411 ipsos
733 2342 809 2395 ita
842 2343 1176 2412 conﬁciunt,
1211 2356 1271 2407 ut
1303 2348 1553 2406 viventes
1583 2350 1767 2406 adhuc
1812 2366 1981 2421 super
2019 2360 2129 2407 ter-

548 2446 664 2483 ram
720 2443 970 2491 mortuos
1020 2452 1251 2507 prorsus
1304 2455 1427 2496 esse
1482 2441 1656 2497 dicas.
1712 2441 1754 2496 li
1816 2444 2017 2512 sapius
2075 2444 2129 2497 in

553 2522 781 2577 biduum
815 2537 870 2579 et
902 2527 1148 2582 triduum
1179 2528 1460 2600 jejunium
1495 2532 1804 2601 proferunt.
1843 2532 1983 2589 Sunt
2028 2534 2126 2603 qui

549 2616 746 2672 diebus
779 2618 1047 2688 quinque,
1087 2630 1144 2676 et
1172 2623 1410 2694 longius.
1449 2626 1635 2679 cibum
1667 2643 1774 2681 non
1804 2628 2085 2698 attingunt
2113 2646 2129 2684 :

550 2705 714 2778 556
734 2724 973 2780 eumue
1002 2713 1223 2769 tandem
1256 2714 1595 2771 necessitate
1623 2727 1878 2788 urgente,
1910 2726 1969 2772 et
2006 2718 2131 2788 qui-

549 2796 674 2853 dem
704 2816 833 2856 cum
876 2805 1218 2872 pareimonia
1249 2808 1444 2870 multa,
1475 2821 1728 2864 sumunt.
1774 2809 1960 2879 Aliqui
1996 2825 2133 2866 vero

549 2895 776 2950 diverso
801 2895 871 2949 ab
903 2897 985 2951 eis
1010 2898 1106 2967 qui
1145 2898 1220 2952 ita
1254 2900 1418 2954 simul
1455 2901 1651 2956 vivunt
1684 2902 1872 2967 modo,
1920 2903 2133 2973 seipsos

549 3003 577 3039 ιι
625 2987 814 3045 multis
859 2999 1255 3060 segregantes,
1325 2993 1559 3048 solitarii
1621 2995 1868 3066 degunt,
1917 2998 2135 3067 exiguis

555 3081 790 3141 maxime
848 3082 1096 3138 a-diculis
1146 3099 1207 3140 se
1265 3086 1635 3153 includentes,
1694 3104 1819 3158 quae
1876 3105 1939 3145 ea
2003 3102 2134 3145 sunt

551 3171 846 3235 latitudine
877 3183 933 3231 et
966 3175 1286 3241 altitudine,
1341 3190 1400 3237 ut
1453 3196 1634 3251 neque
1684 3181 1901 3239 directe
1955 3194 2132 3250 stare,

2230 2074 2313 2138 δὶς
2344 2076 2443 2129 καὶ
2471 2078 2588 2147 τρὶς
2626 2076 2993 2147 ὑπερθέμενοι
3031 2076 3141 2141 τῶν
3182 2077 3402 2146 ἡμερῶν
3434 2092 3448 2106 ·
3501 2077 3605 2129 εἰσὶ
3652 2077 3708 2129 δέ
3755 2074 3806 2128 οἳ

2232 2164 2328 2218 καὶ
2388 2167 2696 2235 πεμπταῖοι
2757 2167 2851 2219 καὶ
2908 2165 3047 2237 πρὸς
3104 2165 3442 2219 διατελοῦσιν
3500 2167 3758 2232 ἄγευστοι
3789 2182 3804 2194 ·

2236 2256 2388 2327 μόλις
2420 2257 2477 2310 δὲ
2529 2258 2639 2310 τῶν
2669 2245 2988 2324 ἀναγκαίων
3022 2257 3120 2310 καὶ
3174 2256 3380 2310 τούτων
3428 2257 3600 2325 φειδοῖ
3639 2257 3805 2325 πολλῇ

2233 2348 2518 2404 ἅπτονται.
2554 2350 2741 2404 ’Ἄλλοι
2769 2349 2816 2403 δ’
2850 2349 2943 2404 ἀπ’
2974 2349 3223 2412 ἐναντίας
3250 2351 3364 2411 τοῖς
3387 2347 3642 2417 ὁμιλαδὸν
3684 2365 3808 2401 συν·

2232 2442 2476 2497 οικοῦσιν
2516 2446 2711 2508 ἰόντες,
2769 2443 2910 2511 σφᾶς
2939 2442 3144 2507 αὐτοὺς
3184 2442 3293 2495 τῶν
3348 2441 3560 2494 πολλῶν
3582 2442 3809 2511 ἀποκρε-

2237 2553 2446 2599 νοντες,
2476 2536 2601 2589 καθ’
2621 2537 2851 2598 ἑαυτοὺς
2879 2534 3157 2597 διαζῶσιν,
3181 2536 3444 2598 οίκίσκοις
3471 2536 3579 2588 τισὶ
3605 2534 3808 2605 βραχυ-

2242 2630 2431 2691 τάτοις
2488 2630 2716 2691 ἑαυτοὺς
2781 2632 3081 2700 εἴργοντες,
3116 2629 3209 2681 ἐπὶ
3241 2628 3398 2683 τόσον
3431 2629 3639 2698 εύρυνο;
3668 2629 3807 2689 ένοις

2234 2723 2331 2776 καὶ
2360 2725 2439 2786 εἰς
2471 2721 2604 2792 ὕψος
2631 2721 3041 2793 ἐκφερομένοις,
3075 2720 3150 2786 ὡς
3178 2722 3303 2790 μηδ’
3325 2720 3679 2789 ἀνορθοῦσθαι
3698 2715 3810 2772 οἷόν

2233 2831 2293 2867 τε
2320 2817 2414 2869 xei.
2437 2813 2535 2875 τὰς
2588 2813 2792 2874 κλίσεις
2819 2813 3064 2882 εὐχερῶς
3102 2815 3359 2883 πράττειν
3394 2827 3408 2842 ⁶
3440 2812 3721 2882 σπηλαίοις
3752 2813 3807 2864 δέ

2233 2924 2346 2968 τισι
2370 2906 2465 2959 καὶ
2493 2909 2591 2975 τῆς
2622 2906 2725 2975 γῆς
2750 2907 2869 2966 ταῖς
2896 2906 3082 2970 ὀπαῖς,
3173 2923 3339 2975 φησιν
3382 2908 3412 2960 ὁ
3466 2904 3808 2971 Ἀπόπολος,

2234 2998 2685 3070 ἐμφωλεύοντεςο
2737 3001 2787 3052 οἱ
2830 2999 2876 3053 δ’
2944 2998 3205 3069 ὕπαιθροι
3262 2999 3477 3069 θηρίοις
3538 2998 3808 3049 συνοικίαν

2235 3092 2521 3154 ποιοῦντες
2556 3106 2571 3122 ⁸
2598 3091 2648 3143 οι
2681 3091 2739 3144 δὲ
2788 3090 2886 3145 καὶ
2927 3090 3300 3164 ἀτεκμάρτοις
3334 3091 3439 3145 ὑπὸ
3481 3091 3587 3160 γῆν
3616 3091 3809 3153 οἰκίαις

2236 3184 2589 3256 κεχρημένοι,
2622 3184 2742 3238 ἐκεῖ
2771 3183 2836 3255 δὴ
2873 3185 3025 3253 μόνοι
3067 3183 3216 3255 μόνῳ
3260 3184 3620 3261 προσλαλοῦσι
3669 3183 3806 3251 Θεῷ.

554 3280 735 3352 neque
771 3264 931 3329 facile
967 3273 1173 3326 cubare
1220 3274 1453 3341 possint,
1483 3274 1766 3343 speluncis
1795 3276 2128 3346 quibusdam

2247 3282 2415 3351 ’Δτὰρ
2433 3280 2497 3354 δὴ
2524 3281 2621 3335 καὶ
2652 3280 2844 3352 ἕτερον
2867 3276 3008 3343 εἶδος
3034 3284 3103 3351 τῇ
3134 3282 3264 3353 περὶ
3289 3282 3425 3335 Θεὸν
3455 3283 3657 3353 στροφῇ
3691 3280 3811 3333 τούς

553 3346 611 3412 et
642 3350 1118 3427 teme‘cavernis,
1147 3365 1313 3425 sicuti
1343 3366 1642 3436 Apostolus
1691 3369 1874 3439 inquit
1907 3372 1946 3438 ¹,
1980 3371 2138 3427 incu-

556 3450 775 3506 bantes.
807 3453 1074 3511 Nonnulli
1115 3456 1221 3512 sub
1277 3458 1371 3514 dio
1420 3476 1546 3518 cum
1605 3462 1740 3519 l‘eris
1794 3463 2134 3531 habitantes,

553 3542 725 3613 aliqui
758 3560 890 3603 vero
915 3548 1153 3606 occultis
1181 3552 1286 3604 sub
1318 3562 1462 3607 terra
1499 3552 1761 3625 hospitiis
1790 3564 2030 3620 utentes,
2060 3555 2135 3610 ibi

555 3650 684 3691 eum
735 3639 859 3693 solo
922 3641 1324 3711 colloquuntur
1391 3644 1524 3699 Deo.
1590 3646 1796 3702 Verum
1853 3648 2139 3703 enimvero

558 3727 705 3787 aliud
742 3744 972 3799 quoque
992 3748 1167 3800 genus
1200 3737 1652 3793 conversationis
1684 3739 1889 3794 divinae.
1925 3739 1996 3794 ab
2030 3740 2141 3795 illis

561 3821 937 3889 techgitatum
976 3834 1082 3888 cst,
1113 3827 1262 3895 quod
1295 3842 1461 3883 onme
1509 3830 1691 3886 virilis
1729 3833 2056 3888 constantiae
2084 3844 2141 3890 et

560 3912 904 3974 fortitudinis
927 3919 1209 3985 Specimen
1234 3914 1397 3991 lenge
1423 3932 1669 3992 superat.
1693 3923 1752 3980 In
1780 3924 2137 3982 solitudinem

557 4005 706 4063 enim
742 4007 1040 4077 quamdam
1069 4010 1185 4066 sole
1216 4011 1470 4067 adustam
1513 4028 1573 4069 se
1601 4014 1892 4083 abdentes,
1922 4027 1978 4073 et
2017 4033 2139 4074 eam

560 4099 733 4161 solam
784 4102 1037 4170 corporis
1084 4113 1297 4174 partem
1356 4121 1519 4177 quam
1573 4117 1789 4165 natura:
1837 4112 2142 4169 necessitas

563 4202 762 4254 tectam
795 4210 922 4254 esse
956 4197 1096 4265 vult,
1128 4198 1398 4264 velantes,
1435 4217 1546 4257 non
1581 4202 1682 4257 viri
1722 4205 1909 4270 modo,
1943 4207 2038 4262 sed
2084 4217 2144 4262 et

564 4285 805 4349 feminae,
839 4290 1035 4343 eodem
1072 4290 1215 4345 inter
1253 4307 1313 4346 se
1344 4293 1468 4348 vitae
1516 4295 1770 4350 instituto
1818 4307 2144 4352 concertano

565 4388 673 4440 tes,
699 4380 908 4440 nullam
948 4382 1144 4452 reliqui
1178 4386 1432 4454 corporis
1462 4396 1664 4456 gerunt
1688 4402 1879 4443 curam
1900 4429 1914 4455 ,
1947 4390 2144 4462 frigori

564 4470 774 4540 ingenti
814 4482 982 4543 atque
1009 4477 1192 4543 aestui,
1238 4478 1523 4547 variisque
1557 4481 1704 4537 aeris
1739 4483 2146 4542 mutationibus

565 4565 783 4634 seipsos
827 4568 1264 4634 committentes,
1310 4571 1555 4640 algorem
1599 4574 1755 4643 juxta
1796 4583 1852 4629 et
1899 4576 2142 4631 calorem

567 4657 844 4723 tolerant,
879 4668 933 4713 et
973 4662 1170 4729 quovis
1200 4663 1347 4729 loco,
1387 4663 1459 4718 ita
1485 4676 1544 4720 ut
1579 4682 1702 4722 sors
1730 4667 1879 4733 tulit,
1908 4677 2059 4724 stant
2088 4679 2146 4725 et

564 4752 772 4813 cubant
807 4768 824 4806 :
859 4753 1125 4823 omnique
1155 4755 1399 4812 bumano
1425 4758 1691 4815 alimento
1720 4761 1949 4816 omnino
1981 4778 2146 4831 τοριιο

565 4844 741 4907 diato,
770 4844 964 4900 berbis
993 4845 1331 4915 quibusdam
1372 4858 1431 4902 et
1476 4849 1778 4916 radicibus,
1809 4866 1948 4921 quas
1997 4862 2143 4907 terra

566 4951 664 4989 sua
698 4945 895 5005 sponte
940 4936 1070 4999 l‘ert,
1098 4937 1297 4994 vivunt
1327 4959 1340 4992 :
1379 4940 1473 5009 qui
1503 4939 1671 4994 etiam
1701 4942 1772 4996 ab
1799 4942 2142 5011 ejusc'emodi

567 5030 747 5084 victus
789 5046 992 5098 genere
1045 5030 1257 5099 βόσκοι,
1307 5032 1414 5088 hoc
1457 5042 1563 5099 est,
1614 5033 1970 5102 pabulatores
2015 5034 2150 5090 dicti

567 5130 714 5177 sunt.
748 5122 831 5179 Illi
860 5123 1027 5177 etiam
1064 5135 1315 5195 tempore
1345 5127 1466 5193 ipso
1492 5126 1676 5195 specie
1697 5141 1893 5183 eorum
1917 5136 2150 5193 mutata,

568 5215 701 5271 leris
736 5217 1140 5284 assimilanlur,
1173 5227 1231 5273 et
1276 5230 1520 5277 mentem
1569 5235 1793 5290 quoque
1839 5236 1869 5274 a
1922 5220 2152 5290 reliquis

574 5309 895 5366 hominibus
915 5310 1158 5367 alienam
1187 5312 1461 5371 obtinent.
1496 5311 1646 5378 Quos
1674 5312 1719 5369 si
1754 5312 1979 5383 quando
2008 5313 2153 5368 forte

569 5403 872 5472 conspicati
915 5403 1143 5471 fuerint,
1193 5404 1431 5474 fugiunt.
1482 5405 1639 5473 Quod
1690 5406 1736 5462 si
1785 5406 1951 5461 etiam
2008 5406 2154 5459 insc-

572 5508 836 5564 qucntem
867 5499 1189 5568 quempiam
1217 5500 1481 5562 sentiant,
1514 5498 1756 5559 celerius
1790 5514 1849 5554 se
1883 5499 1936 5553 in
1985 5498 2155 5569 pedes

573 5589 897 5657 conjiciunt,
930 5602 1157 5662 propter
1184 5594 1464 5650 levitatem
1490 5608 1721 5664 prorsus
1743 5594 1801 5648 in
1826 5609 1957 5649 aere
1984 5593 2157 5649 subli—

575 5693 691 5733 mes
722 5680 994 5738 volantes.
1028 5684 1437 5756 Nonnunquam
1466 5699 1688 5755 quoque
1722 5686 1999 5740 inaccessa
2050 5686 2154 5739 sub

578 5782 723 5823 terra
755 5771 877 5829 loca
911 5774 1252 5843 subeuntes,
1289 5776 1476 5836 subito
1524 5777 1811 5847 disparent
1847 5794 1859 5830 :
1904 5776 2157 5847 plurimi—

663 5959 677 5992 ³
705 5956 877 6017 Hebr.
911 5973 987 6023 XI,
1020 5957 1108 6013 δῖ.

2239 3391 2353 3437 τοις
2384 3374 2756 3444 ἐπινενόηται,
2777 3374 2981 3443 δεῖγμα
3013 3374 3199 3443 πάσης
3228 3373 3451 3443 ἀνδρίας
3488 3381 3579 3427 καὶ
3620 3391 3813 3444 καρτε-

2245 3464 2459 3538 ρίας⁶ἐν
2492 3463 2732 3534 δευτέρῳ
2772 3462 2948 3518 τιθέν.
3014 3463 3142 3518 Ἐπὶ
3206 3464 3315 3533 γάρ
3364 3481 3469 3517 τινι
3505 3463 3690 3533 ἐρήμῳ
3735 3462 3812 3530 τῷ

2244 3554 2477 3626 φλογμῷ
2496 3555 2591 3608 τοῦ
2621 3554 2776 3626 ἡλίου
2800 3551 3200 3623 ἐπικεκαυμένοι
3232 3554 3371 3622 σφᾶς
3389 3552 3694 3619 διαφέντες,
3720 3551 3814 3603 καὶ

2243 3647 2311 3701 τὰ
2340 3647 2444 3716 τῆς
2471 3648 2687 3717 φύσεως
2714 3646 2775 3712 ἐξ
2801 3646 3102 3715 ἀναγκαίου
3139 3643 3586 3714 περιστέλλεσθαι
3623 3642 3809 3695 εἰωθό-

2241 3759 2312 3797 τα
2348 3742 2488 3812 μόνα
2520 3738 3045 3809 περικαλύπτοντες,
3088 3738 3187 3789 οὐκ
3223 3724 3419 3806 ἄνδρες
3477 3736 3651 3805 μόνον,
3682 3733 3815 3787 ἀλλὰ

2243 3835 2339 3888 καὶ
2365 3832 2568 3901 γύναια
2597 3830 2737 3901 πρὸς
2760 3829 2862 3902 τὴν
2890 3829 3014 3900 ῐσην
3041 3828 3318 3882 πολιτείαν
3339 3825 3811 3894 ἀνθαμιλλώμενα,

2242 3926 2303 3981 τδ
2329 3924 2520 3979 λοιπὸν
2593 3923 2727 3978 ἐῶσι
2787 3922 2949 3992 σῶμα
3014 3919 3353 3993 προμηθείας
3422 3906 3598 3989 πᾶσης
3638 3919 3811 3979 ἐκτὸς,

2243 4021 2480 4090 κρυμοῖς
2507 4016 2773 4082 ἐξαισίοις
2823 4015 2922 4070 καὶ
2961 4014 3189 4068 καύσονι
3237 4014 3332 4067 καί
3382 4014 3500 4075 ταῖς
3544 4009 3815 4071 ποικίλαις

2244 4113 2340 4166 τοῦ
2371 4112 2532 4182 ἀέρος
2569 4108 2901 4182 μεταϐολαῖς
2955 4106 3184 4170 ἑαυτοὺς
3235 4104 3552 4168 ἐκδιδόντες,
3597 4104 3655 4155 ὲν
3717 4102 3817 4171 τεῳ

2246 4206 2342 4276 καὶ
2364 4207 2533 4276 κρύος
2569 4204 2665 4256 καὶ
2706 4202 2912 4264 θάλπος
2941 4200 3035 4253 καὶ
3070 4198 3260 4252 στάσιν
3284 4198 3376 4249 καὶ
3409 4196 3585 4248 κλίσιν
3607 4195 3695 4247 ἐπὶ
3724 4194 3815 4245 τοῦ

2235 4266 2502 4365 ⁸τυχόντος
2526 4292 2839 4362 ποιούμενοι
2877 4304 2893 4321 ·
2920 4289 3103 4344 πᾶσαν
3132 4286 3176 4339 δ’
3200 4283 3550 4355 ἀνθρωπίνην
3599 4284 3820 4336 ἀποσει-

2245 4392 2432 4461 όμενοι
2459 4387 2665 4451 τέλεον,
2690 4386 2851 4445 πόαις
2881 4382 2994 4435 τισὶ
3023 4381 3117 4433 καὶ
3150 4379 3332 4452 ῥίζαις
3360 4376 3427 4438 ἃς
3451 4377 3484 4447 ἡ
3536 4375 3609 4445 γῆ
3657 4375 3815 4426 αύτο-

2252 4484 2436 4555 μάτως
2480 4480 2728 4534 ἐκδίδωσι
2776 4475 3070 4546 τρέφονται
3103 4488 3118 4503 ·
3168 4472 3220 4525 o'i
3281 4471 3372 4526 xui.
3414 4469 3609 4523 Βοσκοὶ
3649 4466 3818 4536 όνομα

2179 4621 2223 4677 D
2251 4579 2412 4648 ισχον
2442 4574 2520 4646 τῷ
2543 4571 2732 4643 τοιῷδε
2763 4570 2865 4639 τῆς
2892 4567 3042 4639 ζωῆς
3074 4564 3353 4638 πορισμῷ,
3383 4562 3491 4677 Κῗί
3520 4578 3581 4630 γε
3616 4559 3817 4677 prmio};

2253 4673 2333 4738 τῷ
2361 4671 2543 4741 χρόνῳ
2588 4663 3009 4735 ἀφομοιοῦνται,
3066 4657 3560 4730 παρα-τρεπομένης
3606 4654 3700 4724 μὲν
3724 4651 3821 4718 τῆς

2256 4764 2427 4828 ίδέας,
2462 4762 2562 4831 τῆς
2588 4760 2645 4813 δὲ
2674 4756 2905 4827 γνώμης
2963 4752 3232 4824 μηδαμῶς
3262 4748 3663 4818 συμϐαινούσης
3711 4744 3821 4806 τοῖς

2253 4856 2461 4917 λοιποῖς
2490 4853 2601 4905 τῶν
2637 4847 2942 4920 ἀνθρώπων
2971 4862 2985 4877 ⁶
3031 4842 3127 4907 οὓς
3162 4843 3257 4897 καὶ
3294 4841 3349 4895 rl'
3398 4856 3529 4893 ποτε
3583 4835 3819 4906 συμϐαίη

2257 4945 2583 5009 θεάσασθαι,
2650 4938 3126 5009 διαδιδράσκουσιν
3154 4951 3168 4966 ·
3205 4935 3254 4988 εί
3280 4932 3338 4987 δὲ
3386 4933 3481 4985 καὶ
3522 4932 3698 5000 γνοῖεν
3740 4929 3818 4981 ὅτι

2251 5040 2555 5102 διώκοιντο,
2592 5033 2893 5103 ἐπιμᾶλλον
2917 5030 2995 5101 τῷ
3018 5028 3172 5099 τάχει
3201 5029 3498 5099 κέχρηνται
3526 5024 3634 5077 τῶν
3651 5020 3821 5075 ποδῶν

2252 5133 2515 5202 ἄντικρυς
2576 5127 2811 5197 αἰθέριοι
2851 5126 2915 5194 τῇ
2949 5122 3242 5190 λεπτότητι
3282 5119 3639 5189 διιπτάμενοι.
3672 5114 3821 5167 Ἔστι

2251 5223 2298 5277 δ’
2331 5224 2420 5276 ὅτε
2450 5222 2547 5275 καὶ
2591 5215 2947 5287 δυσεμϐόλοις
2995 5212 3214 5282 χωρίοις
3247 5210 3358 5263 τῶν
3401 5207 3506 5261 ὑπὸ
3555 5206 3657 5276 γῆν
3688 5204 3824 5272 ἀφα-

2224 5336 2235 5352 ο
2255 5316 2371 5378 νεῖς
2393 5309 2735 5379 γίνονται,τδ
2757 5305 2942 5360 λαθεῖν
2968 5303 3113 5357 οὕτω
3136 5300 3391 5375 βιοῦντες,
3414 5298 3545 5369 περὶ
3574 5296 3822 5348 πλείστου

2263 5405 2580 5474 ποιούμενοι
2614 5417 2630 5434 ο
2658 5399 2754 5453 καὶ
2785 5399 2977 5467 ἕτερον
3005 5395 3064 5449 δὲ
3092 5392 3233 5455 εἶδος
3266 5390 3551 5467 ἀσκήσεως
3578 5387 3826 5457 διηγήσοο

2266 5515 2389 5567 μαι,
2415 5498 2443 5549 θ
2472 5493 2672 5566 μικροῦ
2704 5508 2773 5562 με
2807 5489 3081 5558 διέδρασε,
3122 5489 3303 5539 καίτοι
3336 5499 3398 5552 γε
3447 5482 3515 5534 τὰ
3567 5477 3826 5549 πρεσϐεῖα

2261 5594 2406 5646 κατὰ
2448 5590 2672 5643 πάντων
2703 5586 2968 5658 φέρεσθαι
2999 5584 3213 5639 δίκαιον
3243 5582 3365 5651 ἔχον
3388 5592 3404 5609 ⁶
3444 5578 3500 5630 ἐν
3529 5573 3830 5643 ἐλαχίστοις

2261 5685 2321 5737 δὲ
2359 5682 2595 5753 μάλιστα
2611 5681 2673 5734 τὸ
2694 5681 2934 5734 τοιοῦτον
2961 5678 3265 5748 ἐγγίνεται.
3306 5675 3425 5728 Εἰσὶ
3454 5673 3562 5742 γὰρ
3594 5668 3657 5739 δή
3686 5680 3830 5728 τινες

2262 5775 2338 5842 οἳ,
2371 5777 2515 5829 ἐπὰν
2550 5774 2640 5827 διὰ
2666 5772 2878 5825 πολλῶν
2921 5764 3134 5842 μόχθῐιιν
3166 5768 3263 5838 τῆς
3294 5764 3494 5836 ἀρετῆς
3514 5762 3575 5816 τὸ
3600 5757 3830 5817 ἀπαθεῖς
