4092 6508
194 797 233 832 \

256 874 273 904 ι

332 512 485 571 1237.

1283 516 1884 579 ECCLESIASTICAE
1924 520 2310 581 HISTORIA;
2349 521 2502 582 LIB.
2544 521 2693 610 ξιιν.

3432 518 3452 573 1
3461 518 3564 573 238

323 616 466 674 εἶναι
496 618 889 691 κληρώσαιντο,
938 624 1072 694 πρὸς
1115 625 1205 678 τὶν
1257 630 1462 703 κόσμον
1529 614 1897 700 ἐπανήκουσιν

2001 647 2109 702 que
2161 632 2250 695 id,
2286 633 2333 687 si
2373 633 2446 689 ita
2494 635 2662 688 vitam
2720 632 2986 687 ducentes
3032 629 3274 693 lateant,
3331 628 3562 682 faciunt.

325 705 506 772 αὖθις.
537 712 903 783 Παραφόρους
939 713 986 765 δ’
1015 716 1245 780 ἑαυτοὺς
1279 714 1418 773 εἶναι
1461 724 1702 793 σχῆμασί
1755 742 1896 777 τισιν

322 801 584 865 ἀτάκτοις
630 803 1119 874 ἐπαγγελλόμενοι,
1175 807 1321 862 οὕτω
1379 811 1478 882 τὴν
1532 814 1694 884 κενὴν
1736 814 1897 880 δόξαν

330 893 777 962 περιφρονοῦσιν.
846 897 943 949 Ὃν
998 897 1311 953 τελευταῖον
1378 901 1615 972 χιτῶνα,
1671 906 1896 961 Πλάτων

321 984 489 1054 φησὶν
518 987 548 1037 ὁ
580 986 895 1056 φιλόσοφος,
946 992 978 1059 ἡ
1045 989 1191 1062 ψυχὴ
1232 994 1474 1063 πέφυκεν
1517 996 1894 1054 ἀποτίθεσθαι.

321 1078 430 1132 Καί
469 1096 546 1147 γε
620 1082 1006 1151 φιλοσιφοῦσιν
1078 1087 1373 1154 ἀπάθειαν,
1442 1089 1670 1156 ἀπαθῶς
1735 1093 1896 1164 δῆθεν

319 1170 613 1239 ἐσθίοντες,
649 1174 753 1228 κᾶν
789 1176 848 1228 ἐν
879 1178 1161 1250 καπηλείῳ
1207 1183 1238 1247 ἢ
1276 1185 1628 1256 μαστροπείῳ
1659 1186 1706 1238 εί
1735 1185 1895 1239 τοῦτο

315 1260 500 1331 δεήσοι
529 1264 683 1334 δρᾷν,
708 1263 831 1320 οὔτε
869 1269 1159 1339 πρόσωπον
1184 1267 1330 1327 οὗτοι
1354 1274 1424 1329 δι’
1453 1276 1634 1341 αἰδοῦς
1675 1278 1895 1349 τιθέμε-

315 1369 418 1404 νοι.
464 1354 507 1405 ll
516 1354 871 1422 ροσόάλλουσι
903 1356 955 1412 δέ
978 1360 1173 1432 ἀθρόον
1202 1363 1295 1417 καὶ
1325 1364 1629 1434 βαλανείοις
1676 1370 1894 1436 γυναιξὶ

318 1443 694 1514 συλλούμενοι,
730 1448 993 1515 πολλάκις
1056 1453 1484 1525 εὑρισκομέναις
1511 1461 1605 1511 καὶ
1640 1460 1715 1522 ὡς
1744 1461 1895 1529 έχου-

317 1553 371 1588 σι
407 1537 645 1605 φύσεως,
679 1540 775 1593 καὶ
804 1543 904 1596 σὺν
962 1544 1203 1609 ἐκείναις
1257 1547 1594 1613 αὐλίζονται.
1641 1541 1797 1606 σῦτω
1837 1553 1894 1608 δὲ

314 1629 426 1681 τῶν
448 1631 638 1685 παθῶν
671 1635 1066 1705 περιγίνονται,
1097 1640 1172 1702 ὡς
1204 1641 1297 1694 καὶ
1325 1641 1425 1711 τῆς
1459 1645 1700 1714 φυσικῆς
1726 1648 1903 1718 ὑπερ-Δ

316 1721 533 1775 κεῖσθαι
565 1724 869 1795 δυνάμεως,
902 1730 999 1781 καλ⁵
1024 1734 1308 1799 τυραννεῖν
1338 1735 1509 1806 αὑτήν
1542 1753 1556 1769 ο
1597 1736 1711 1791 οὔτ’
1751 1740 1893 1810 ὕψει,

312 1811 442 1867 οὔτε
473 1814 607 1883 άφῇ,
641 1816 825 1885 πολλῷ
851 1834 917 1886 γε
972 1820 1080 1890 μὴν
1112 1821 1295 1887 αὐτοῖς
1327 1826 1597 1897 φιλήμασι
1631 1834 1897 1901 τεχνικοῖς

314 1906 408 1956 καὶ
441 1907 804 1973 περιπλοκαῖς
821 1909 941 1971 ταῖς
962 1910 1057 1963 τοῦ
1083 1911 1276 1980 θήλεος
1301 1916 1435 1986 πρὸς
1460 1917 1526 1971 τά
1553 1920 1651 1989 τῆς
1679 1925 1894 1989 φύσεως

316 1992 718 2061 ἀποκρίνεσθαι
750 1994 1023 2066 ἰδιώματα
1047 2014 1060 2027 ·
1089 1999 1209 2052 ἀλλ’
1258 1981 1460 2057 ὡσανεὶ
1517 1981 1643 2074 μετ’⁷
1684 1981 1895 2085 avessz
1933 1981 1973 2031 Β

314 2084 713 2154 διατρίϐοντας,
744 2087 942 2161 ἄνδρας
985 2084 1148 2156 εἶναι,
1184 2094 1404 2160 γυναιξὶ
1434 2095 1480 2151 δ’
1527 2096 1682 2162 αὖθις
1722 2119 1894 2171 προσ-

312 2176 658 2245 οςιιλοῦντας,
710 2184 979 2247 γυναῖκας
1013 2199 1029 2215 ο
1066 2183 1280 2251 φύσεώς
1330 2204 1392 2241 τε
1434 2189 1704 2262 ἑκατέρας
1736 2195 1899 2263 μετέ-

313 2283 530 2335 χοντας,
556 2269 732 2325 δοκεῖν
756 2266 897 2326 εἶναι
928 2276 1018 2327 ἐπὶ
1054 2277 1185 2347 μιᾶς
1218 2292 1234 2310 ⁸
1276 2280 1370 2334 καὶ
1400 2281 1552 2346 τέλος
1602 2285 1800 2352 εἰπεῖν,
1839 2287 1899 2339 ἐν

314 2357 392 2429 τῷ
427 2360 656 2433 τοιούτῳ
692 2363 966 2435 ὑπερφυεῖ
999 2366 1099 2438 βίῳ
1128 2369 1225 2440 τὴν
1257 2371 1460 2442 ἀρετὴν
1498 2376 1897 2447 ἀντιπράττου-

314 2470 416 2505 σαν
458 2452 621 2521 φύσει
647 2457 962 2527 καταπῆξαι
997 2459 1216 2530 νόμους,
1271 2461 1400 2517 ὥστ’
1445 2468 1505 2519 ἐν
1545 2468 1738 2537 μηδενὶ
1789 2470 1899 2523 τῶν

312 2542 875 2611 ἀναγκαίωνιέφεῖναι
916 2548 1087 2619 αὐτὴν
1137 2552 1301 2623 κόρον
1361 2557 1532 2625 σχεῖν.
1584 2558 1784 2629 Πεινῇν
1839 2561 1897 2614 δὲ

314 2635 496 2689 πάντα
526 2636 624 2689 καὶ
652 2637 835 2709 διψῇν,
866 2642 961 2695 καὶ
992 2642 1063 2699 δι’
1092 2645 1424 2715 ἐγκρατείας
1465 2648 1624 2719 ἣκειν
1677 2651 1899 2724 ἀπάσης

311 2730 344 2781 ό
374 2728 526 2797 σφῶν
550 2729 716 2799 νόμος
740 2735 1044 2798 νομοθετεῖ.
1091 2735 1217 2790 Ἐπὶ
1242 2737 1400 2792 τόσον
1427 2739 1483 2793 δὲ
1513 2743 1609 2795 καὶ
1635 2743 1700 2796 τὸ
1736 2746 1897 2815 σῶμα

315 2822 695 2889 περιστέλλειν
727 2824 925 2893 ὁρίζει,
948 2828 1073 2882 ὅσον
1096 2828 1189 2899 βίᾳ
1227 2832 1328 2901 τὴν
1349 2833 1594 2905 ἀνάγκην
1627 2838 1894 2910 συνέχειν.

315 2913 428 2965 Καὶ
458 2914 551 2968 ἐπὶ
578 2915 737 2969 τόσον
772 2918 958 2980 αὐτοῖς
977 2919 1387 2992 ἠκριϐωμένοις
1436 2927 1701 2998 σταθμοῖς
1746 2931 1898 2984 ἀντι-

314 3003 726 3072 ταλαντεύεται,
759 3006 834 3069 ὡς
864 3008 929 3061 ἐκ
981 3009 1277 3082 διαμέτρου
1322 3013 1617 3083 χωροῦσιν,
1671 3020 1899 3073 ἀνεπαί-

319 3095 519 3164 σθητον
551 3096 739 3160 αὐτοῖς
773 3097 875 3168 τὴν
911 3100 1086 3172 ῥοπὴν
1111 3102 1463 3159 καθεστάναι.
1495 3107 1601 3159 Καὶ
1632 3109 1789 3163 τόσον
1818 3108 1894 3180 ’δὴ

312 3189 578 3242 τάναντία
611 3192 810 3260 κρατεῖ
835 3191 966 3263 παρ’
999 3193 1187 3257 αὐτοῖς
1213 3196 1311 3247 καὶ
1359 3196 1660 3268 ὑπερφυῶς
1694 3202 1895 3274 κέκρα-

312 3295 426 3343 ται,
450 3278 552 3370 τῇς
580 3280 728 3344 θείας
755 3281 979 3353 χάριτος
1012 3285 1091 3348 εἰς
1125 3283 1184 3337 ἓν
1214 3289 1556 3361 συναγούσης
1573 3293 1639 3345 τά
1660 3293 1891 3363 ἄμικτα,
1922 3310 1965 3370 c

316 3371 413 3422 καὶ
452 3366 521 3424 αὖ
555 3372 720 3425 πάλιν
752 3374 926 3445 καιρῷ
985 3379 1320 3448 προσήκοντι
1362 3380 1699 3453 διαιρούσης,
1753 3384 1893 3440 ὥστε

312 3459 376 3510 τὸ
403 3457 553 3523 ξένον
582 3459 661 3523 είς
694 3459 864 3532 ἀκοὴν
925 3461 1072 3533 ζωὴν
1125 3466 1184 3517 ἐν
1233 3468 1412 3538 ταυτῷ
1479 3471 1573 3522 καὶ
1626 3472 1897 3543 νέκρωσιν

317 3549 504 3614 αὐτοῖς
532 3554 831 3618 κατοικεῖν,
866 3555 1027 3623 φύσει
1057 3557 1427 3615 ἐναντιώτατα
1462 3564 1558 3617 καὶ
1612 3564 1755 3636 λόγῳ
1801 3569 1896 3621 καὶ

316 3641 630 3709 πράγματι.
658 3644 835 3698 Ὅπου
881 3646 982 3716 μὲν
1005 3649 1114 3718 γάρ
1149 3667 1200 3703 τι
1234 3650 1341 3704 τῶν
1398 3654 1588 3708 παθῶν
1639 3656 1893 3729 ὑφέρπει,

314 3732 451 3797 ἴδοις
479 3733 546 3788 ἂν
578 3735 740 3806 σῶμα
789 3738 985 3808 νεκρὸν
1034 3741 1203 3810 μηδὲν
1247 3741 1392 3814 δρῶν
1443 3746 1543 3799 ὅσα
1589 3750 1683 3800 καὶ
1736 3750 1895 3821 τάφῳ

323 3825 579 3894 κείμενον
611 3843 623 3858 ο
659 3828 787 3881 ἔνθα
821 3832 868 3883 δ’
896 3831 1100 3901 ἀρετῆς
1138 3836 1373 3907 ἐργασίᾳ
1428 3837 1524 3891 καὶ
1580 3841 1714 3911 πρὸς
1763 3842 1896 3895 Θεὸν

318 3919 529 3989 ἱκετείᾳ
560 3920 752 3990 ῥώμην
771 3922 965 3993 καινὴν
991 3924 1087 3977 καὶ
1122 3926 1282 3995 σῶμα
1324 3926 1492 3993 ξένως
1520 3933 1770 4003 σφριγῶν
1797 3934 1896 4004 τὴν

316 4010 508 4079 ἀκμήν
539 4025 552 4040 ·
591 4012 696 4064 κᾶν
723 4014 820 4067 καὶ
850 4017 1160 4088 γεγηρικῖις
1201 4018 1288 4093 siin
1316 4022 1520 4093 σφόδρα
1552 4028 1644 4078 καὶ
1672 4025 1892 4098 ἔξωρον.

322 4098 501 4168 Καίγ’
531 4101 795 4172 ἑκάτερος
848 4104 963 4173 βίος
990 4107 1164 4172 οὕτως
1220 4112 1451 4177 ἐκείνοις
1498 4117 1893 4186 συμπλέκεται,

316 4190 452 4244 ὥστ’
488 4193 688 4263 ἀμέλει
719 4195 813 4248 καὶ
830 4195 929 4266 τὴν
956 4199 1138 4269 σάρκα
1173 4203 1407 4272 πάμπαν
1440 4208 1814 4277 νεκρώσαντές
1834 4228 1893 4265 τε

318 4285 415 4338 καὶ
441 4283 795 4354 ἀποθέμενοι,
824 4284 994 4351 ζῶσιν
1020 4289 1108 4344 ἀεί
1135 4307 1148 4320 ·
1180 4293 1276 4345 καὶ
1341 4296 1480 4365 μετὰ
1519 4299 1629 4352 τῶν
1677 4295 1895 4362 ζώντων

313 4372 517 4427 ὡσανεὶ⁵
559 4375 929 4444 συνδιάγουσι,
957 4378 1026 4433 τὰ
1061 4380 1287 4435 ἐκείνων
1316 4387 1587 4451 παντοίως
1621 4388 1893 4459 θεραπεύ-

315 4482 474 4528 οντες
499 4466 755 4537 σώματα,
780 4468 875 4523 καὶ
929 4469 1030 4535 τὰς
1079 4472 1189 4526 τῶν
1240 4475 1512 4545 δεομένων
1560 4478 1714 4544 λιτάς
1774 4481 1894 4554 Θεῷ

316 4559 706 4629 ἀναφέρουσιν,
741 4561 940 4630 ἐπίσης
981 4563 1047 4633 τῇ
1082 4564 1330 4636 προτέρᾳ
1361 4565 1511 4638 βιοτῇ
1573 4568 1889 4640 διαζῶντες,

2002 724 2164 779 Aliud
2204 734 2469 794 prmterea
2524 725 2812 779 monastici
2865 722 3113 778 exercitii
3166 736 3361 789 genus,
3416 720 3563 791 quod

2000 829 2193 884 parum
2226 815 2399 870 abluit
2435 817 2569 886 quin
2604 815 2961 885 praeterirem,
2995 809 3564 867 commemorabo.-ld

2003 920 2117 975 pra:
2148 904 2269 960 aliis
2301 907 2502 962 merito
2546 907 2751 976 primas
2801 906 2949 960 ferre
2996 913 3279 967 censetur,
3323 912 3378 957 et
3422 901 3567 971 apud

2003 996 2370 1065 paucissimos
2394 997 2691 1066 reperitur.
2725 995 2867 1051 Sunt
2894 1010 3131 1065 namque
3160 986 3435 1055 nonnulli,
3469 992 3561 1061 qui

2003 1101 2129 1141 cum
2166 1102 2263 1156 per
2294 1087 2497 1142 multos
2529 1087 2752 1142 virtutis
2800 1086 3019 1141 labores
3067 1100 3133 1139 eo
3172 1084 3470 1144 evaserint,
3513 1090 3571 1135 ut

2000 1178 2259 1244 ἀπαθεῖς,
2294 1177 2401 1234 boc
2435 1186 2539 1244 est,
2579 1177 2907 1241 indolentes,
2946 1185 3001 1231 et
3030 1174 3418 1230 atlectionibus
3443 1187 3567 1242 per-

2003 1270 2469 1341 pessionibusque
2519 1268 2779 1325 omnibus
2826 1269 2989 1324 liberi
3030 1269 3164 1332 sint,
3202 1266 3256 1320 in
3303 1263 3565 1320 mundum

2002 1360 2319 1415 recurrunt.
2373 1361 2439 1415 Et
2486 1359 2733 1431 gestibus
2792 1360 3126 1429 quibusdam
3190 1357 3568 1428 incompositis

2000 1453 2290 1507 dementes
2320 1468 2378 1507 se
2407 1469 2527 1507 esse
2553 1452 2965 1518 assimulantes,
2996 1452 3070 1507 ita
3108 1466 3300 1511 vanam
3326 1460 3570 1506 contem-

2003 1551 2140 1596 nunt
2191 1541 2442 1610 gloriam,
2493 1556 2659 1611 quam
2718 1551 3026 1596 extremam
3081 1540 3319 1594 tunicam
3385 1539 3570 1608 (jux‘a

2008 1631 2291 1689 Platonem
2322 1632 2735 1702 pliilOSOphum)
2753 1632 2933 1686 anima
2978 1631 3258 1701 deponere
3299 1628 3457 1683 solet.
3510 1630 3569 1683 In

2001 1724 2266 1795 ἀπαθείᾳ,
2301 1725 2407 1779 hoc
2428 1731 2533 1790 est,
2558 1723 2859 1780 indolentia
2893 1722 3376 1795 philosophantur,
3411 1717 3571 1793 55']

2000 1815 2119 1887 sine
2169 1816 2462 1872 affectione
2503 1826 2669 1887 atque
2707 1815 2876 1871 animi
2919 1813 3310 1877 commotione,
3345 1811 3401 1869 in
3432 1826 3567 1866 cau-

2001 1925 2145 1981 pona
2175 1917 2292 1976 aut,
2318 1909 2364 1965 si
2386 1924 2524 1980 opus
2556 1911 2649 1976 sit,
2682 1911 2737 1965 in
2767 1907 3017 1979 lupanari
3044 1907 3226 1962 cibum
3263 1904 3567 1974 capientes,

2002 2009 2058 2055 et
2089 2015 2269 2071 neque
2300 2009 2654 2071 conspectum
2683 2000 3028 2070 cujusquam,
3053 2012 3231 2067 neque
3261 1996 3441 2050 locum
3474 1992 3571 2046 ali-

2001 2108 2165 2162 quem
2196 2100 2541 2146 reverentes.
2569 2089 2768 2145 Balnea
2799 2104 3020 2162 quoque
3073 2085 3484 2157 ingrediuntur,
3517 2094 3572 2136 ct

2001 2197 2128 2237 eum
2159 2181 2506 2238 mulierculis
2535 2196 2678 2251 saepe
2703 2181 2892 2245 etiam,
2921 2189 2981 2235 ut
3014 2188 3208 2234 natura
3251 2178 3377 2242 fert,
3410 2174 3576 2228 nudis

2001 2272 2208 2337 lavant,
2243 2279 2296 2326 ct
2328 2286 2456 2327 cum
2489 2271 2698 2326 eisdem
2742 2270 3016 2325 habitant.
3062 2268 3214 2327 Adeo
3258 2282 3390 2322 vero
3434 2265 3572 2320 alle-

2001 2363 2284 2419 ctionibus
2332 2363 2893 2433 perpessionibusque
2954 2361 3268 2430 superiores
3317 2369 3465 2424 sunt,
3514 2368 3574 2413 ut

2002 2461 2213 2509 naturae
2243 2455 2352 2509 vim
2384 2462 2670 2523 superent,
2705 2461 2761 2508 et
2790 2452 3137 2524 tyrannidem
3175 2449 3231 2506 in
3255 2464 3376 2505 eam
3417 2465 3574 2504 exer-

2000 2556 2160 2602 ceant
2188 2564 2203 2601 :
2231 2545 2471 2615 denique
2502 2554 2563 2601 ut
2599 2560 2778 2616 neque
2807 2554 3054 2614 aspectu,
3086 2556 3263 2612 neque
3292 2548 3569 2603 contactu,

2002 2652 2184 2707 neque
2217 2638 2359 2693 adeo
2399 2637 2468 2693 ah
2519 2649 2638 2692 arte
2672 2637 2862 2708 petitis
2887 2635 3114 2698 osvulis,
3157 2643 3325 2703 atque
3374 2631 3574 2686 mulie-

2005 2730 2198 2785 bribus
2222 2729 2623 2800 complexibus,
2658 2728 2724 2784 ad
2756 2743 2876 2782 eam
2922 2743 3043 2798 qua:
3086 2725 3309 2796 propria
3360 2732 3574 2778 natura:

1999 2830 2083 2877 est
2109 2808 2614 2893 concupiscentiam
2643 2829 3119 2878 commoveantur.
3168 2818 3304 2873 Cum
3330 2817 3465 2870 viris
3493 2814 3575 2869 illi

2001 2923 2285 2969 versantes
2318 2914 2423 2968 viri
2464 2923 2614 2979 sunt,
2641 2928 2766 2968 cum
2799 2910 3126 2966 mulieribus
3176 2907 3455 2963 mulieres.
3509 2905 3576 2960 Et

2001 3023 2123 3062 cum
2157 3008 2441 3077 utriusque
2463 3023 2624 3063 sexus
2648 3009 2754 3069 vim
2785 3005 3036 3063 obtinere
3062 3005 3372 3066 videantur.
3399 3018 3570 3057 unum

1999 3100 2271 3156 obtinent.
2305 3100 2482 3169 Atque
2523 3107 2581 3153 ut
2605 3098 2777 3153 semel
2800 3097 2999 3163 dicam,
3032 3098 3086 3151 in
3119 3096 3226 3151 hoe
3261 3097 3385 3150 vitae
3407 3108 3573 3165 gene-

2002 3206 2082 3255 re,
2122 3191 2270 3262 quod
2298 3201 2520 3261 captum
2565 3199 2777 3246 natura:
2820 3198 3065 3260 superat,
3129 3188 3306 3241 virtus
3356 3195 3572 3241 natura:

2001 3284 2266 3340 adversas
2289 3282 2440 3354 leges
2484 3282 2623 3349 ﬁxit,
2652 3292 2713 3336 ut
2742 3281 2798 3337 in
2830 3280 2978 3335 nulla
3005 3294 3191 3335 earum
3216 3292 3399 3332 rerum
3448 3292 3573 3347 quae

2000 3375 2326 3431 necessaria:
2360 3384 2511 3438 sunt,
2553 3374 2776 3430 satietas
2826 3372 2942 3443 ipsa
2990 3371 3169 3426 locum
3223 3369 3442 3424 habeat.
3491 3369 3573 3424 Ita

1999 3469 2075 3526 illi
2111 3484 2332 3537 semper
2379 3466 2634 3523 esuriunt
2679 3475 2735 3522 et
2768 3467 2987 3526 sitiunt,
3038 3461 3574 3535 temperantiamque

1999 3570 2055 3616 et
2086 3558 2492 3615 continentiam
2527 3560 2584 3614 in
2614 3558 2786 3613 rebus
2834 3556 3096 3612 omnibus
3143 3554 3383 3610 retinere
3422 3554 3574 3624 leges

1996 3666 2187 3707 eorum
2208 3652 2428 3722 jubent.
2453 3652 2604 3707 Adeo
2631 3653 2797 3707 etiam
2830 3650 2938 3705 illa!
2966 3663 3165 3718 corpus
3197 3647 3573 3717 constringere

1996 3743 2346 3813 praecipiunt,
2389 3753 2447 3797 ut
2498 3743 2546 3798 vi
2595 3743 2760 3798 etiam
2806 3741 3112 3797 necessitas
3154 3740 3570 3811 comprimatur.

1998 3833 2129 3886 Tam
2179 3848 2335 3902 aequa
2367 3833 2531 3887 etiam
2568 3846 2665 3902 per
2690 3829 3096 3886 exactissimam
3130 3828 3402 3884 rationem
3457 3838 3572 3883 sta-

1998 3929 2112 3976 tera
2141 3922 2253 3978 vita
2306 3923 2387 3978 eis
2433 3923 2694 3986 libratur,
2744 3931 2804 3977 ut
2852 3921 2980 3978 dum
3025 3921 3153 3976 lanx
3215 3929 3448 3990 utraque
3474 3935 3573 3990 per

1996 4013 2332 4069 diametrum
2361 4023 2415 4068 et
2441 4014 2645 4067 lineam
2675 4011 2911 4066 mediam
2954 4013 3100 4066 inter
3146 4026 3205 4066 se
3235 4010 3421 4076 distat,
3448 4010 3570 4065 nul-

1995 4108 2106 4161 lum
2138 4108 2409 4161 sentiatur
2439 4113 2801 4159 momentum.
2835 4104 2903 4157 Et
2953 4112 3244 4173 tantOpere
3290 4119 3381 4158 res
3424 4103 3571 4156 inter

1997 4215 2055 4255 se
2089 4199 2380 4255 contrariae
2406 4199 2459 4251 in
2495 4197 2578 4252 eis
2613 4207 2669 4251 et
2699 4203 2920 4251 exstant
2945 4205 3002 4250 et
3032 4197 3355 4258 miscentur,
3384 4195 3569 4249 divina

1996 4288 2170 4356 gratia
2204 4300 2268 4339 ea
2320 4300 2443 4359 quae
2490 4286 2710 4340 misceri
2755 4292 3040 4355 nequeunt
3084 4285 3474 4356 conjungente,
3515 4293 3568 4339 et

1998 4390 2247 4450 tempore
2281 4395 2499 4435 rursum
2531 4395 2633 4435 suo
2663 4378 3036 4449 disjungente,
3090 4389 3154 4434 ut
3181 4378 3328 4449 quod
3375 4379 3568 4433 auditu

1995 4472 2194 4526 mirum
2242 4481 2346 4538 est,
2390 4472 2446 4526 in
2495 4471 2688 4527 eodem
2740 4485 2974 4541 corpore
3020 4479 3077 4526 et
3126 4472 3238 4527 vita
3292 4471 3455 4526 simul
3515 4480 3567 4526 et

1995 4564 2346 4620 mortiﬁcatio
2379 4563 2607 4630 habitet,
2632 4578 2755 4634 quae
2784 4572 3003 4629 natura,
3031 4565 3247 4617 ratione
3282 4570 3338 4618 et
3365 4570 3425 4617 re
3454 4562 3569 4632 ipsa

318 4649 459 4720 πλὴν
489 4649 599 4720 ὅσῳ
631 4652 705 4722 μὴ
734 4650 843 4706 τῶν
860 4653 1174 4722 ἀναγκαίων
1196 4656 1395 4721 ἐνδεεῖς
1428 4652 1568 4712 εἷναι
1611 4663 1706 4715 καὶ
1741 4662 1891 4735 τόπῳ

1999 4653 2146 4711 inter
2177 4669 2237 4711 se
2278 4654 2515 4710 maxime
2555 4663 2686 4709 sunt
2721 4653 3042 4724 pugnantia.
3087 4652 3226 4709 Cum
3258 4652 3404 4708 enim
3435 4652 3569 4711 atie-

319 4741 765 4812 περιορίζεσθαι,
820 4745 955 4797 πᾶσι
997 4746 1043 4797 δ’
1087 4747 1286 4818 ἀκαρεὶ
1333 4751 1595 4815 συνεῖναι,
1641 4752 1737 4807 καὶ
1795 4755 1895 4820 τὰς

321 4833 584 4889 ἁπάντων
623 4834 846 4888 ἀκούειν
899 4838 1107 4904 φωνὰς,
1172 4840 1265 4893 καὶ
1314 4842 1448 4894 πᾶσι
1500 4843 1892 4911 συγγίνεσθαι·

321 4916 401 4977 ὧν
435 4926 631 4994 συχναὶ
662 4928 902 4994 γονάτων
934 4927 1143 4993 κλίσεις
1176 4931 1237 4981 τὸ
1270 4931 1451 5002 ἔργον,
1519 4933 1791 5004 σύμπονοί
1835 4955 1895 4991 τε

318 5014 741 5081 ἐπαναστάσεις,
768 5015 865 5085 τῆς
886 5015 1125 5084 ἐφέσεως
1151 5017 1321 5086 μόνης
1344 5020 1442 5090 τὴν
1468 5020 1687 5090 ἡλικίαν
1719 5023 1894 5078 ὑπαν-

319 5102 575 5171 εχούσης,
614 5105 709 5157 καὶ⁸
755 5108 854 5175 τὴν
901 5106 1148 5162 ἑκούσιον
1179 5108 1468 5164 ἀσθένειαν
1502 5112 1897 5187 ἀναζωπυρούο

322 5210 424 5263 σης
454 5210 467 5223 ·
498 5195 734 5264 ἄσαρκοί
762 5213 910 5260 τινες
961 5197 1193 5269 ἀθληταὶ
1225 5200 1322 5255 καὶ
1352 5200 1646 5272 ἀναίμονές
1694 5206 1896 5260 παλαι-

327 5284 473 5337 σταί.
505 5278 598 5347 Οἷς
616 5285 815 5358 ἀρίστη
844 5287 1147 5343 πανδαισία
1178 5291 1274 5345 καὶ
1301 5294 1484 5367 τρυφὴ
1531 5296 1786 5365 νηστείας
1834 5297 1897 5352 τὸ

322 5378 635 5445 κράτιστον,
661 5378 757 5431 καὶ
785 5378 1073 5448 σφριγῶσα
1101 5381 1352 5453 τράπεζα
1376 5384 1438 5438 τὸ
1473 5387 1643 5456 μηδὲν
1679 5387 1895 5443 ἑλέσθαι

320 5466 397 5529 ὡς
426 5461 539 5519 οἷόν
571 5484 631 5519 τε
668 5469 1060 5536 ἀπογεύεσθαι.
1094 5474 1157 5527 Et
1190 5473 1248 5526 δέ
1281 5491 1386 5528 που
1422 5475 1573 5540 ξένος
1602 5477 1894 5551 ἐπιδημοίη

323 5552 429 5606 κᾶν
454 5552 514 5620 ἐξ
540 5553 787 5620 ἑωθινοῦ,
813 5553 957 5609 οὕτω
989 5558 1328 5628 φιλοφρόνως
1345 5561 1644 5618 διάκεινται
1676 5566 1899 5638 φιλοτη-

326 5643 473 5705 σίαις
496 5647 712 5707 καιναῖς
741 5646 1100 5718 δεξιούμενοι,
1152 5651 1228 5715 ὡς
1255 5653 1477 5707 εἰκάσαι
1542 5656 1709 5727 μηδὲν
1760 5658 1896 5712 ἄλλο

326 5735 468 5802 σφᾶς
496 5734 585 5787 διὰ
616 5735 732 5804 βίου
769 5738 1089 5806 σπουδάσαι,
1125 5740 1159 5812 ἢ
1189 5742 1320 5795 αὐτὸ
1353 5742 1418 5815 δὴ
1445 5743 1604 5799 τοῦτο
1637 5749 1851 5819 τρυφᾷν
1875 5766 1892 5783 ο

325 5827 786 5896 παρηλλαγμένον
812 5827 955 5894 εἶδος
999 5838 1256 5902 νηστείας
1286 5836 1635 5901 ἐπινοοῦντες
1670 5856 1686 5871 ·
1719 5841 1895 5903 ἀδεῶς

324 5918 488 5987 ego“
542 5921 741 5974 ἐσθίειν
796 5923 870 5993 μὴ
932 5923 1290 5996 βο’.;ὀομένους
1322 5945 1337 5961 ο
1394 5929 1470 5995 ὡς
1519 5930 1780 5996 ἔκπληξιν
1833 5933 1894 5988 τὺ

1997 4748 2110 4803 ctio
2139 4745 2410 4817 quaepiam
2447 4760 2542 4800 seu
2570 4743 2856 4814 perpessio
2886 4744 3189 4813 subrepsit,
3221 4752 3336 4798 tum
3367 4757 3569 4812 corpus

1997 4839 2189 4894 videas
2218 4844 2496 4892 mortuum
2530 4845 2588 4892 et
2612 4835 2751 4890 nihil
2795 4849 2985 4903 agens,
3022 4834 3254 4905 perinde
3306 4844 3476 4904 atque
3509 4836 3568 4891 in

1996 4931 2255 5000 sepulcro
2307 4928 2612 4998 repositum
2664 4934 2832 4983 esset.
2880 4925 3017 4982 Cum
3053 4936 3240 4981 autem
3280 4927 3565 4997 egregium

1996 5021 2216 5076 virtutis
2245 5034 2394 5090 opus
2410 5020 2806 5089 peragendum,
2838 5027 2891 5072 et
2922 5031 3111 5087 preces
3139 5016 3208 5071 ad
3236 5017 3404 5071 Deum
3433 5017 3561 5071 fun-

1996 5110 2191 5166 dendas
2226 5116 2378 5177 sunt,
2407 5119 2522 5164 tum
2559 5109 2731 5180 robur
2754 5122 2959 5163 novum
2989 5116 3048 5163 et
3087 5123 3294 5180 corpus
3336 5108 3570 5164 miriﬁce

1996 5200 2244 5257 vividum
2267 5215 2481 5267 cernas,
2517 5201 2731 5257 etiamsi
2760 5201 2813 5256 id
2851 5200 3011 5257 senio
3028 5201 3141 5272 jam
3169 5200 3485 5257 coniectum
3513 5209 3568 5257 et

1996 5291 2274 5346 exoletum
2301 5290 2597 5348 admodum
2634 5291 2729 5348 sit.
2783 5291 2960 5348 Vitam
3006 5301 3236 5371 utraque
3271 5292 3372 5359 illi,
3431 5308 3567 5363 prae-

1996 5390 2210 5437 sentem
2259 5383 2518 5439 videlicet
2565 5394 2622 5440 et
2669 5383 2950 5451 futuram,
3004 5384 3075 5439 ita
3138 5385 3478 5455 eomplicant
3512 5395 3569 5442 et

1996 5476 2363 5547 coniungunt,
2397 5484 2460 5532 ut
2499 5491 2666 5531 carne
2697 5491 2927 5547 prorsus
2958 5477 3014 5531 in
3047 5478 3203 5533 obitu
3235 5475 3567 5533 mortiﬁcata

1997 5557 2164 5637 atque
2198 5567 2474 5638 deposita,
2515 5582 2740 5638 semper
2783 5569 2993 5637 vivant,
3054 5577 3109 5625 et
3155 5568 3566 5640 quodammodo

1997 5675 2123 5715 cum
2158 5661 2475 5716 viventibus
2506 5663 2674 5717 simul
2703 5673 3130 5731 conversentur,
3161 5677 3395 5734 corpora
3440 5663 3566 5720 illo-

1996 5765 2121 5806 rum
2149 5751 2303 5807 varie
2346 5761 2630 5822 curantes,
2681 5762 2737 5809 et
2781 5755 3210 5826 supplicantium
3258 5770 3454 5826 preces
3494 5755 3565 5812 ad

1996 5843 2169 5899 Deum
2204 5843 2510 5901 referentes
2543 5862 2557 5899 :
2590 5845 2784 5900 itidem
2811 5855 2872 5899 ut
2900 5862 2954 5901 in
2985 5849 3170 5917 priore
3204 5849 3312 5903 vita
3360 5847 3567 5918 degen-

1999 5944 2104 5997 tes.
2132 5949 2499 6001 praeterquam
2530 5936 2683 5995 uuod
2715 5938 2884 5994 rebus
2924 5939 3256 5997 necessariis
3280 5955 3391 5996 non
3416 5939 3565 5996 india
