4092 6462
443 420 568 493 seu
745 516 749 520 ι
1202 520 1205 523 _
1351 432 1948 496 ECCLESIASTECE
1989 437 2021 496 ιι

2122 436 2373 497 roma
2408 440 2550 527 Lm.
2597 439 2751 503 XIV.
3554 443 3691 511 tate

432 535 798 591 immortalem
825 538 1145 608 emigrasset
1171 549 1357 606 Vitam,
1385 544 1609 599 condita
1637 557 1743 612 est,
1792 556 1992 616 quarto
2034 552 2218 620 magni
2256 549 2459 605 Leonis
2518 550 2735 621 imperii
2772 566 2941 615 anno,
3008 566 3134 609 cum
3166 551 3255 606 hic
3291 552 3436 623 piam
3463 553 3687 626 Deoque

433 631 687 700 placitam
773 636 1046 706 exegisset
1105 636 1293 691 vitam.
1359 639 1626 696 Defuncta
1703 651 1885 697 autem
1952 653 2043 727 est.
2111 646 2287 699 a-tatis
2350 649 2691 717 sexagesimo
2746 648 2984 718 septimo
3044 663 3227 703 anno:
3295 663 3421 703 nam
3484 651 3680 721 viginti

432 739 610 779 annos
650 737 800 792 nata,
845 729 1162 800 imperatori
1182 728 1506 788 Theodosio
1528 736 1819 806 conjuncta
1849 746 1954 792 est.
2007 736 2074 790 Et
2113 735 2164 790 in
2198 738 2320 792 aula
2357 739 2631 809 imperiali
2681 740 2785 796 sub
2838 752 3038 806 matre,
3073 740 3379 811 eademque
3439 743 3685 812 Augusta

431 817 742 890 Pulcheria,
776 824 971 896 viginti
1005 842 1198 881 novem
1224 831 1508 900 transegit.
1554 831 1675 901 lpsa
1701 847 1831 888 vero
1861 832 1999 898 sola,
2037 833 2245 904 absque
2284 835 2601 902 Pulcheria,
2637 836 2936 907 imperium
2965 837 3129 892 annis
3176 846 3387 905 septem
3434 838 3683 893 admini-

430 913 648 967 stravit.
681 914 854 969 Porro
878 915 1277 991 Hierosolymis
1307 923 1561 979 undecim
1594 926 1881 997 transegit.
1913 927 1995 982 Ex
2032 942 2100 982 eo
2169 937 2414 999 tempore
2442 943 2681 1000 quatuor
2747 931 2886 986 νιιίι
2917 935 3111 992 annos.
3168 930 3497 986 universalis
3522 931 3683 986 Chal-

430 1007 657 1062 eedonis
680 1010 874 1079 synodi
905 1021 1025 1067 acta
1074 1030 1186 1069 non
1233 1016 1567 1085 approbans,
1617 1018 1784 1075 sicuti
1816 1031 2003 1090 postea
2042 1020 2314 1077 dicemus.
2382 1022 2676 1094 Postquam
2739 1032 2923 1079 autem
2957 1021 3151 1095 synodi
3182 1023 3302 1093 ejus
3324 1022 3548 1079 decreta
3572 1037 3686 1083 rata

431 1110 699 1171 grataque
724 1103 941 1174 habuit,
977 1108 1115 1164 alios
1150 1110 1315 1165 etiam
1363 1113 1625 1184 transegit
1670 1125 1946 1184 quatuor;
1986 1127 2044 1171 et
2086 1118 2306 1172 tandem
2355 1128 2570 1175 mortua
2602 1128 2708 1175 est.
2782 1119 2860 1176 De
2902 1136 3010 1190 qua
3054 1118 3380 1189 prophetam
3422 1119 3683 1174 Davidem

433 1190 563 1245 illud
595 1195 763 1250 etiam
802 1198 1006 1256 dixisse
1052 1202 1238 1260 ferunt
1272 1220 1286 1260 :
1328 1204 1623 1277 Benc‘fac,
1670 1206 1920 1273 Domine,
1967 1209 2023 1262 in
2065 1210 2202 1265 bona
2246 1209 2517 1267 voluntate
2549 1220 2643 1266 tua
2677 1210 2830 1279 Sion,
2866 1221 2917 1266 et
2975 1211 3306 1279 adiﬁcantur
3344 1212 3484 1265 amri
3527 1210 3689 1266 Jeru-

428 1288 593 1342 salem
633 1292 673 1346 ¹.
704 1292 814 1350 Res
854 1295 1111 1354 Eudocia:
1141 1299 1511 1372 imperatricis
1540 1303 1610 1359 ad
1641 1303 1791 1361 hunc
1828 1320 1887 1360 se
1911 1305 2159 1361 habuere
2191 1306 2442 1364 modum.

1005 1436 1259 1492 KEQAA.
1314 1437 1446 1494 ΝΜ.

433 1545 570 1616 Περὶ
598 1545 706 1603 τοῦ
731 1545 905 1622 ἁγίου
936 1548 1202 1622 Συμεὼν.
1228 1549 1305 1622 de;
1346 1550 1577 1622 πρῶτος
1622 1550 1737 1622 τὴν
1765 1552 1867 1608 ἐπι
1895 1553 2007 1610 τοῦ
2032 1564 2039 1571 '

831 1618 1035 1685 κίονος
1053 1619 1352 1688 ἐπενόησε
1376 1621 1622 1679 στάσιν.

468 1760 479 1765 ι
504 1730 663 1784 Κατὰ
715 1730 772 1787 δὲ
841 1730 1035 1788 τοῦτον
1081 1732 1174 1788 τὸν
1230 1737 1425 1806 χρόνον
1481 1738 1577 1791 καὶ
1638 1737 1935 1811 Συμεών-ης
1979 1738 2010 1794 δ

436 1821 601 1884 πάνυ,
633 1823 662 1874 δ
696 1825 794 1893 τῆς
845 1824 1000 1888 δσίας
1040 1826 1134 1879 καὶ
1191 1827 1436 1896 ἀοιδίμου
1497 1830 1740 1902 μνήμης,
1793 1830 2010 1900 πρῶτος

434 1912 534 1983 τὴν
564 1914 659 1966 ἐπὶ
695 1914 874 1979 κίονος
932 1916 1126 1972 στάσιν
1192 1919 1509 1989 ἐπινοήσας,
1563 1920 1777 1992 ἢκμαζέ
1803 1940 1861 1976 τε
1914 1923 2009 1977 καὶ

434 2005 784 2074 ιγνωρίζετο.
817 2008 957 2079 ἔχων
986 2010 1046 2062 τὸ
1085 2011 1292 2065 ἄνωθεν
1322 2010 1417 2064 τοῦ
1448 2013 1624 2077 κίονος
1660 2014 2006 2085 ἐνδιαίτημα,

434 2100 637 2170 ἔπηχυ
664 2100 724 2154 τδ
762 2101 884 2155 ὅλον
947 2102 1280 2172 περίμετρον
1312 2118 1328 2133 ·
1359 2105 1593 2174 ὁπηνίκα
1651 2105 1855 2173 Δόμνος
1910 2108 2011 2168 τὰς

440 2193 591 2261 ίεράς
621 2194 780 2263 ἡνίας
838 2193 939 2264 τῆς
1006 2193 1283 2264 Ἀντιόχου
1340 2193 1712 2266 διεχειρίζετο.
1763 2198 1861 2259 ’ος
1915 2197 2012 2250 καὶ

437 2283 626 2355 ἐπειδὴ
658 2284 898 2347 ἀκούσας
926 2284 987 2340 τὸ
1044 2285 1207 2356 ἔργον
1249 2285 1379 2355 παρ’
1408 2286 1570 2339 αὐτὸν
1617 2286 1877 2355 ἐγεγόνει.
1919 2288 2011 2340 ἔκ·-

437 2375 679 2445 πληκτος
709 2376 829 2437 ὃλος
854 2371 945 2445 ἦν,
974 2378 1067 2429 καὶ
1111 2378 1535 2448 μυστικωτέρως
1585 2380 1769 2447 ἐφίετο
1820 2380 2010 2432 συνελ-

438 2468 573 2523 ύεῑν.
613 2468 764 2519 Ἐπεὶ
784 2467 830 2520 δ’
869 2466 962 2521 οὖν
983 2468 1154 2540 ἄμφω
1185 2469 1472 2539 συνῆλθον,
1499 2470 1597 2540 τὴν
1622 2471 1887 2540 ἄχραντον
1916 2468 2011 2524 καὶ

437 2558 777 2629 ἀναίμακτον
831 2560 1024 2614 θυσίαν
1053 2561 1394 2625 τελέσαντες,
1426 2563 1522 2631 τῆς
1579 2562 1844 2626 ζωοποιοῦ
1899 2580 2010 2616 κοι-

439 2650 635 2716 νωνίας
654 2651 902 2720 ἀλλήλοις
929 2653 1244 2722 μετέδοσαν.
1271 2654 1380 2705 Καὶ
1402 2654 1582 2705 τοίνυν
1614 2655 1640 2705 ὁ
1664 2657 1835 2724 μέγας
1858 2648 2012 2716 οὗτος

442 2741 581 2810 μετά
608 2743 700 2795 τοῦ
730 2744 884 2797 κάτω
909 2743 1188 2815 βρίθοντος
1214 2747 1488 2814 σώματος,
1519 2745 1616 2815 τὴν
1638 2747 1744 2797 τῶν
1768 2745 2012 2813 ἀγγέλων

441 2831 724 2886 πολιτείαν
754 2834 1231 2904 ἐκμιμησάμενος,
1276 2836 1441 2888 πᾶσιν
1472 2837 1841 2890 ἀποτάσσεται
1870 2837 2014 2903 πρά-

439 2943 615 2995 γμασι
650 2943 664 2957 ’
696 2925 791 2997 βίᾳ
840 2927 898 2981 δὲ
949 2926 1169 2994 φύσεως
1231 2928 1297 2979 τὰ
1366 2928 1618 2998 μετέωρα
1686 2929 2016 2982 καταλαϐεῖν

440 3020 815 3088 ἐπειγόμενος,
850 3021 1020 3088 μέσον
1057 3018 1290 3088 ούρανοῦ
1321 3021 1417 3072 καὶ
1449 3020 1555 3089 γῆς
1592 3022 1654 3072 τὸ
1695 3021 2019 3091 ἐνδιαίτημα

441 3115 734 3181 πήγνυσιν,
771 3111 911 3166 ὥστε
937 3112 1068 3164 Θεὸν
1094 3113 1381 3184 ἀταράχως
1408 3113 1731 3181 δοξολογεῖν,
1765 3116 1861 3168 καὶ
1900 3115 2016 3184 μετ’

441 3206 693 3276 ἀγγέλων
715 3205 982 3276 ἀσίγητον
1019 3208 1217 3276 ἐκείνῳ
1271 3207 1498 3259 πλέκειν
1539 3208 1640 3277 τὴν
1701 3208 1976 3277 ὑμνῳδίαν
2000 3224 2014 3237 ο

444 3298 509 3347 ἐκ
539 3294 641 3365 μὶν
673 3294 778 3363 γῆς
838 3297 938 3358 τὰς
991 3295 1101 3349 τῶν
1164 3296 1469 3366 ἀνθρώπων
1519 3297 1733 3367 δεήσεις
1800 3295 1890 3353 οἷά
1926 3316 2019 3361 ,τις

448 3387 613 3454 μέσος
642 3387 1023 3457 καθεστηκὼς,
1048 3389 1344 3458 προσάγων
1377 3386 1520 3459 Θεῷ,
1556 3390 1764 3442 ἐκεῖθεν
1806 3389 1862 3443 δὲ
1920 3391 2020 3462 τὴν

444 3478 675 3547 ἄφθονον
702 3480 865 3551 χάριν
893 3479 987 3532 καὶ
1010 3481 1069 3533 τὸ
1104 3480 1336 3550 ἄπειρον
1368 3481 1465 3550 τῆς
1511 3483 1801 3550 εὐμενείας
1845 3483 2010 3538 κατά·

445 3587 556 3635 γων
587 3572 791 3635 αὐτοῖς.
828 3564 903 3624 Οἶι
951 3573 1018 3624 τὰ
1078 3572 1358 3643 παράδοξα
1416 3573 1524 3624 τῶν
1579 3574 1754 3641 ἔργων
1804 3574 2020 3639 πολλοῖς

449 3668 546 3731 μὲν
580 3665 859 3733 ἱστόρηται
894 3664 1190 3728 αύτόπταις
1227 3666 1335 3719 τῶν
1364 3667 1684 3737 παραδόξων
1717 3669 2022 3739 γεγενημέ-

445 3774 553 3813 νοις
580 3772 596 3787 ⁸
626 3754 863 3820 ἐπαξίως
896 3756 951 3808 δὲ
990 3756 1134 3824 μάλα
1169 3760 1261 3810 καὶ
1282 3757 1481 3826 λογίως
1528 3761 1622 3811 καὶ
1671 3757 2019 3829 Θεοδώρητος

446 3847 843 3917 κπῡιστδρησεν
871 3850 899 3899 ὁ
926 3848 1026 3918 τὴν
1056 3849 1426 3917 Κυρεστηνῶν
1466 3848 1762 3917 ἐκκλησίαν
1795 3852 2022 3904 ἐπισκο-

449 3937 626 4008 πήσας
656 3938 713 3991 ὲν
745 3941 810 4008 τῇ
844 3922 973 4008 παρ’
1000 3938 1147 4008 αὐτῷ
1198 3941 1460 4007 Φιλοθέῳ
1510 3944 1742 4008 Ιστορι’ᾳ
1794 3944 2025 4014 ἐπιγρα-

447 4031 628 4102 φείσῃ.
671 4032 800 4083 Ὅτι
831 4033 1012 4085 τοίνυν
1037 4033 1064 4084 δ
1095 4033 1336 4102 ἐπίγειος
1366 4026 1518 4097 οὗτος
1542 4034 1774 4102 ἅγγελος
1802 4035 2024 4103 Συμεώ-

2040 1445 2091 1502 Α

2729 1442 2957 1500 CAPUT
3003 1442 3090 1498 LI.

2109 1551 2189 1609 De
2215 1562 2404 1611 sancto
2427 1553 2711 1641 Symeqne,
2747 1559 2839 1641 qui
2880 1559 3086 1641 prima:
3126 1559 3290 1641 eitum
3328 1566 3378 1613 et
3403 1566 3689 1617 strabonem

2597 1636 2653 1681 in
2687 1636 2937 1682 columna
2969 1636 3188 1683 invenit.

2179 1734 2293 1792 Hoc
2332 1738 2452 1807 ipso
2510 1746 2755 1808 tempore
2811 1739 2987 1795 etiam
3048 1754 3281 1810 magnus
3350 1741 3683 1812 Symeones,

2108 1838 2310 1883 sanctae
2356 1838 2412 1883 et
2444 1828 2682 1883 celebris
2739 1829 3169 1894 recordationis,
3202 1831 3295 1901 qui
3330 1834 3545 1902 primus
3574 1842 3688 1889 sta—

2111 1919 2314 1973 tionem
2375 1920 2429 1973 in
2483 1920 2735 1974 columna
2791 1921 3027 1984 invenit,
3081 1924 3304 1993 viguit:
3357 1934 3413 1979 et
3470 1925 3692 1980 celebre

2110 2019 2443 2079 consecutus
2480 2021 2563 2066 est
2604 2026 2832 2075 nomen,
2855 2011 3201 2067 domicilium
3233 2029 3400 2083 super
3431 2016 3691 2073 columna

2111 2099 2412 2153 bicuhitale
2444 2104 2812 2171 undequaque
2844 2102 3077 2166 habens,
3108 2117 3221 2172 quo
3249 2112 3495 2172 tempore
3529 2105 3695 2159 Dom-

2112 2205 2217 2244 nus
2271 2205 2457 2244 sacras
2512 2190 2873 2245 Antiochense
2940 2190 3099 2246 urbis
3151 2192 3399 2248 habenas
3455 2195 3689 2250 tenuit:

2111 2281 2205 2351 qui
2233 2281 2398 2335 etiam
2434 2297 2497 2335 ea
2552 2297 2612 2337 re
2680 2282 2889 2346 audita,
2930 2298 3056 2337 cum
3115 2283 3182 2336 ad
3251 2300 3378 2338 eum
3425 2286 3691 2350 venisset,

2113 2382 2259 2426 totus
2284 2381 2675 2430 consternatus
2705 2383 2813 2439 est,
2841 2386 2899 2429 et
2928 2389 3053 2429 cum
3086 2389 3154 2429 eo
3180 2376 3414 2447 mystico
3461 2392 3694 2431 arcano-

2111 2479 2219 2536 que
2249 2480 2543 2535 congressu
2576 2467 2877 2522 convenire
2908 2467 3214 2537 exoptavit.
3265 2467 3692 2524 Convenerunt-

2112 2573 2220 2627 que
2263 2557 2400 2612 adeo
2446 2558 2631 2623 ambo,
2683 2567 2738 2613 et
2779 2559 3053 2614 sacriﬁcio
3109 2560 3465 2615 immaculato
3528 2571 3693 2630 atquc

2115 2651 2405 2705 incruento
2432 2660 2678 2720 peracto,
2706 2652 2846 2705 alter
2867 2650 3025 2704 alteri
3054 2651 3327 2705 viviﬁcam
3352 2654 3695 2706 communio-

2116 2756 2241 2795 nem
2275 2741 2539 2810 porrexit.
2567 2739 2730 2812 560
2768 2741 2996 2814 Magnus
3048 2742 3220 2812 igitur
3250 2748 3336 2798 vir
3373 2743 3501 2807 iste,
3526 2743 3692 2797 etiam

2120 2833 2174 2887 in
2234 2848 2470 2902 corpore
2504 2833 2766 2889 deorsum
2801 2850 3022 2889 versum
3058 2843 3341 2906 vergente,
3376 2836 3695 2905 angelorum

2116 2924 2334 2979 vivendi
2417 2926 2727 2980 institutum
2778 2927 3046 2993 imitatus,
3125 2927 3293 2981 rebus
3348 2926 3693 2998 negotiisque

2115 3017 2374 3071 omnibus
2408 3018 2661 3073 nuntium
2706 3018 2956 3073 remisit:
2983 3028 3037 3071 et
3068 3018 3117 3072 vi
3148 3029 3352 3075 natura
3384 3019 3557 3084 illata,
3624 3019 3693 3072 ad

2117 3110 2375 3165 sublimia
2405 3110 2689 3180 aspiravit,
2728 3119 2895 3179 atque
2923 3111 3166 3164 medium
3211 3111 3360 3165 inter
3394 3112 3596 3166 cmlunt
3640 3120 3699 3166 et

2121 3214 2321 3257 terram
2381 3203 2721 3259 domicilium
2774 3204 2878 3259 sibi
2922 3198 3060 3260 ﬁxit.
3100 3214 3160 3258 ut
3198 3215 3353 3258 extra
3390 3204 3609 3258 turbam
3642 3212 3701 3257 et

2120 3299 2414 3353 tumultum
2450 3312 2674 3353 omnem
2723 3300 2956 3367 positus.
3023 3298 3195 3352 Deum
3233 3297 3606 3367 gloriﬁcaret,
3644 3306 3705 3352 et

2118 3391 2404 3460 perpetuis
2434 3405 2558 3444 cum
2609 3389 2819 3460 angelis
2855 3390 3182 3462 hymnorum
3236 3390 3499 3447 laudibus
3556 3391 3702 3445 cele—

2120 3482 2329 3535 braret.
2356 3480 2515 3549 _Hinc
2542 3482 2766 3552 quidem
2798 3483 2971 3537 veluti
3015 3482 3286 3536 mediator
3316 3481 3539 3550 quidam
3570 3496 3704 3551 δυρ-

2080 3574 2449 3643 ,plicantium
2509 3575 2799 3647 hominum
2838 3589 3031 3643 preces
3072 3574 3139 3629 ad
3204 3574 3376 3629 Deum
3431 3572 3699 3636 referens,

2120 3663 2249 3719 inde
2288 3675 2471 3721 autem
2504 3665 2817 3721 allluentem
2848 3674 3012 3734 atque
3040 3664 3368 3717 immensam
3393 3662 3705 3731 benignita-

2126 3758 2195 3813 tis
2228 3758 2465 3827 gratiam
2490 3757 2601 3812 illis
2645 3754 3517 3827 impertiens.Cujusadmirauda
3536 3768 3704 3824 opera

2123 3865 2155 3905 a
2188 3850 2381 3905 multis
2417 3850 2662 3920 quidem,
2695 3850 2789 3917 qui
2815 3865 2879 3904 ea
2924 3850 3107 3904 oculis
3136 3849 3239 3918 ipsi
3274 3850 3394 3904 sitis
3422 3848 3702 3902 viderunt.

2127 3942 2411 3997 memoria:
2433 3943 2643 4011 prodita
2676 3952 2828 3996 sunt.
2857 3940 3162 3996 Commode
3187 3951 3372 3995 autem
3394 3949 3450 3994 et
3477 3938 3707 4007 pulchre

2127 4048 2190 4087 ea
2225 4034 2594 4088 Theodoritus
2639 4031 2766 4103 Cyri
2804 4033 3119 4102 episcopus,
3156 4032 3210 4086 in
3278 4030 3375 4085 Dei
3423 4037 3705 4083 amantum

450 4140 570 4192 νης,
603 4123 696 4176 καὶ
714 4126 769 4176 ἐν
791 4126 957 4194 σαρκὶ
1009 4128 1075 4196 τῇ
1104 4127 1373 4179 ἀνωτάτω
1418 4127 1879 4198 πολιτευσάμενος
1923 4128 2021 4181 Ἱε-

2133 4124 2361 4178 historia
2391 4134 2478 4179 est
2501 4134 2848 4193 prosecutus.
2878 4124 2984 4178 Sed
3006 4124 3155 4178 enim
3187 4122 3281 4178 ubi
3315 4132 3574 4176 terrenus
3602 4122 3706 4174 iste

454 4215 884 4288 ρουσαλὴμ,τὴν
935 4218 1139 4287 ἀτριϐῆ
1196 4221 1288 4271 καὶ
1348 4217 1505 4288 ξένην
1561 4219 1790 4287 ταυτηνὶ
1839 4219 2030 4290 τρίϐον

452 4309 639 4362 ἀνύειν
668 4309 927 4372 ἐπέϐαλε,
990 4309 1391 4379 φιλανθρώπως
1447 4310 1497 4361 οἱ
1558 4309 1654 4373 τὰς
1702 4311 1811 4362 τῶν
1853 4312 2024 4382 ὁρέων

452 4401 696 4466 κορυφάς
757 4396 1152 4465 κατειληφότες
1207 4399 1446 4464 Πατέρες
1509 4398 1870 4461 διατεθέντες,
1917 4399 2027 4451 τῶν

450 4509 602 4553 τινας
629 4491 834 4543 ἑαυτῶν
866 4490 1292 4561 ἀποκρίναντες,
1323 4490 1605 4543 στέλλουσι
1654 4491 1782 4561 παρ’
1836 4492 2025 4555 αὐτὸν,

456 4582 608 4636 ταῦτ’
639 4583 817 4634 εἰπεῖν
846 4581 1219 4649 ἐντειλάμενοι
1244 4596 1257 4609 ⁸
1294 4581 1360 4632 Τί
1394 4598 1474 4632 σοι
1525 4580 1779 4649 βούλεται
1814 4585 1846 4654 ἡ
1879 4581 2026 4646 ξενο-

455 4674 670 4745 πρεπὴς
726 4673 864 4741 αὕτη
921 4672 1181 4740 οἴκησις;
1234 4673 1303 4725 Τί
1351 4672 1451 4743 τὴν
1516 4677 1888 4743 τετριμμένην
1937 4678 2029 4727 καὶ

454 4766 637 4836 σχεδὸν
666 4766 782 4828 τοῖς
811 4765 978 4818 πᾶσιν
1011 4765 1188 4831 ἁγίοις
1215 4764 1616 4833 πεπατημένην
1645 4764 1761 4817 ὁδὸν
1793 4765 2027 4833 διαφεὶς,

455 4858 925 4931 παρηλλαγμένην
984 4856 1109 4909 τινὰ
1156 4858 1249 4909 καὶ
1301 4856 1520 4923 ἀγνῶτα
1574 4846 1832 4922 καϋάπαξ
1884 4860 2031 4915 εἵλου

454 4948 662 5002 ὁδεύειν
687 4966 702 5014 ;
738 4949 875 5017 Πρὸς
898 4947 964 5019 δὴ
986 4947 1199 5011 τούτοις
1230 4949 1656 5018 ὲπιτετράφασι,
1683 4951 2033 5005 καταϐαίνειν

458 5041 673 5096 ἐκεῖθεν
731 5041 1008 5107 κελεῦσαι,
1044 5042 1141 5093 xa't
1177 5040 1276 5110 τὴν
1300 5040 1413 5093 τῶν
1460 5040 1730 5095 ἐκλεκτῶν
1776 5043 2034 5113 Πατέρων

455 5135 660 5189 ὁδεύειν
692 5133 969 5202 αἱρεῖσθαι
1002 5148 1016 5162 ·
1054 5131 1155 5185 κᾶν
1190 5133 1288 5193 μὲν
1315 5133 1597 5202 πρόθυμος
1651 5133 1862 5201 γένοιτο
1898 5137 2033 5205 πρὶς

458 5228 555 5299 τὴν
583 5225 793 5279 ἐκεῖθεν
826 5223 1133 5279 κατάϐασιν
1165 5225 1356 5277 ἑαυτὸν
1403 5225 1691 5287 ἐκδιδόναι,
1730 5231 2036 5296 συγχωρεῖν

458 5316 729 5382 ἐκέλευον,
755 5315 850 5368 καὶ
881 5314 1099 5385 τρίχειν
1124 5315 1192 5378 ἦν
1230 5316 1520 5386 ῄρετίσατο
1542 5329 1556 5344 ⁶
1596 5316 1756 5385 δῆλον
1813 5316 1920 5385 γὰρ
1968 5320 2033 5388 τῇ

459 5408 674 5477 ὑπακοῇ
697 5405 769 5467 ὡς
794 5404 924 5467 Θεὸς
942 5405 1136 5475 δδηγὸς
1170 5407 1318 5458 ἐστιν
1345 5399 1446 5472 ᾦδε
1468 5408 1703 5459 διαθλείν
1723 5409 1832 5478 ᾑρη
1841 5409 1986 5479 μένῳ
2017 5427 2030 5441 ο

458 5501 508 5553 εί
536 5501 592 5553 δέ
620 5515 684 5568 γε
715 5497 898 5561 δοῦλος
933 5498 1068 5560 ἰδίας
1087 5497 1317 5568 ὀρέξεως
1348 5499 1579 5565 γένοιτο,
1638 5502 1734 5553 καὶ
1784 5501 2031 5554 ἀλιτιϐαῖο

458 5607 571 5643 νειν
608 5587 867 5660 πειρῷτο,
896 5589 994 5641 καὶ
1031 5590 1111 5659 μὴ
1147 5589 1282 5658 πρὸς
1341 5589 1440 5660 τὴν
1500 5589 1804 5659 ἐπιτροπὴν
1858 5589 2028 5654 ὀξέως

460 5679 883 5752 εὐθυδρομήσειε
934 5681 1068 5751 πρὸς
1105 5681 1223 5753 βίαν
1272 5682 1337 5733 ἐκ
1370 5679 1525 5744 ποδός
1569 5682 1771 5748 ἕλκειν,
1804 5684 1895 5735 καὶ
1950 5684 2027 5749 εἰς

569 5868 582 5898 ¹
628 5864 747 5926 Psal
802 5877 852 5927 ι,
881 5862 973 5916 ’3οο

2126 4217 2375 4285 angelus,
2400 4225 2574 4289 atque
2614 4217 2914 4270 etiamnum
2945 4216 2998 4269 in
3035 4229 3200 4269 carne
3233 4228 3505 4282 suprema:
3555 4212 3708 4265 illius

2129 4306 2431 4362 Jerusalem
2471 4306 2609 4360 civis
2640 4314 2693 4358 et
2724 4306 2904 4360 incola
2933 4306 3258 4377 Symeones,
3286 4318 3317 4357 a
3356 4302 3576 4356 neruine
3612 4317 3710 4355 an-

2131 4410 2215 4454 tea
2270 4399 2453 4453 tritam
2509 4414 2818 4467 novamque
2871 4399 3030 4466 plane
3083 4397 3224 4450 viam
3272 4396 3549 4466 ingressus
3600 4405 3708 4457 est,

2130 4503 2376 4543 summos
2418 4487 2687 4541 montium
2730 4486 2967 4540 vertices
2995 4485 3302 4540 incolentes
3342 4483 3533 4537 Patres
3580 4498 3710 4551 per-

2131 4582 2368 4651 benigne
2406 4595 2535 4649 erga
2561 4594 2688 4633 eum
2722 4577 2975 4640 animati,
3005 4576 3250 4630 delectos
3283 4590 3349 4628 ex
3384 4589 3578 4628 eorum
3609 4588 3711 4625 ηιμ

2138 4688 2285 4727 mero
2322 4671 2582 4741 quosdam
2611 4670 2678 4723 ad
2718 4684 2845 4724 eum
2903 4669 3126 4730 misere,
3151 4666 3315 4735 eique
3361 4666 3476 4719 haec
3507 4679 3713 4718 renun-

2134 4766 2272 4819 tiare
2292 4763 2506 4833 jnssere
2531 4779 2545 4815 :
2571 4759 2719 4826 Quid
2758 4760 2863 4814 sibi
2907 4760 3024 4812 vult
3055 4758 3306 4813 insolens
3326 4756 3442 4811 ha’c
3468 4766 3523 4811 et
3550 4770 3715 4825 pere.

2132 4855 2287 4927 grina
2323 4852 2629 4908 habitatio?
2654 4849 2769 4907 Cur
2792 4851 2973 4905 tritam
3022 4850 3165 4903 hanc
3192 4859 3250 4903 et
3287 4862 3318 4902 a
3353 4848 3559 4902 sanctis
3598 4847 3714 4899 fere

2135 4946 2396 5001 omnibus
2445 4945 2709 4999 calcatam
2744 4943 2886 4997 viam
2928 4940 3270 5009 relinquens,
3306 4938 3468 4992 aliam
3523 4954 3716 5007 quam-

2137 5038 2261 5094 dam
2319 5045 2375 5092 et
2416 5053 2643 5107 prorsus
2705 5036 2945 5106 ignotam
3001 5033 3255 5087 semitam
3305 5028 3519 5085 iniisti?
3578 5028 3716 5085 Illud

2137 5140 2403 5200 pra-terea
2443 5120 2760 5183 mandatum
2805 5127 2886 5181 eis
2928 5125 3155 5191 dedere,
3193 5132 3253 5178 ut
3282 5121 3622 5179 descendere
3651 5121 3720 5174 il-

2139 5224 2275 5284 lum,
2300 5231 2356 5277 et
2383 5222 2688 5276 electorum
2721 5219 2943 5274 Patrum
2969 5216 3199 5286 vestigia
3231 5216 3391 5284 sequi
3423 5214 3712 5285 juberent.

2110 5302 2216 5373 'Ac
2248 5312 2525 5381 siquidem
2585 5321 2901 5382 promptum
2954 5325 3036 5375 se,
3095 5317 3154 5363 ut
3204 5321 3273 5362 ex
3306 5306 3565 5360 columna
3615 5304 3716 5358 de-

2141 5406 2457 5470 scenderet,
2484 5406 2793 5475 praeberet:
2829 5404 3152 5475 permittere
3183 5402 3259 5465 ei,
3282 5409 3341 5455 ut
3366 5414 3529 5470 quam
3553 5397 3714 5452 vellet

2142 5497 2362 5552 vivendi
2432 5496 2705 5551 rationem
2777 5503 3242 5566 persequeretur,
3310 5500 3715 5564 praceperunt.

2138 5588 2523 5644 Obetlicutiam
2564 5604 2806 5660 namque
2845 5589 2988 5660 ejus,
3017 5588 3062 5642 si
3102 5589 3242 5642 Deus
3275 5584 3512 5642 instituti
3564 5584 3716 5653 ejus-

2140 5681 2352 5737 cemodi
2388 5682 2497 5735 dux
2534 5690 2700 5746 esset,
2750 5679 3153 5739 declaraturam
3186 5691 3306 5734 esse
3357 5683 3715 5732 censuerunt.
