4092 6514
390 451 528 523 m3

1621 462 2051 525 NICEPHORI
2095 460 2442 524 CALLISTI

3524 461 3653 525 1244

388 571 489 626 Sin
521 572 814 643 cupiditati
844 574 962 646 ipse
1004 591 1120 633 suae
1147 578 1466 646 inserviret,
1500 589 1555 635 et
1611 588 1802 635 contra
1860 577 1966 634 sibi

2074 577 2180 644 γῆν
2210 575 2373 638 εὐθὺς
2404 576 2717 648 κατασπᾷν.
2757 573 2846 638 Ὠς
2882 572 2942 627 δὲ
2997 574 3134 644 πρὸς
3176 573 3341 628 αὐτὸν
3382 573 3652 644 ἐγένοντο,

389 665 678 721 nitendum
736 682 858 723 esse
907 670 1158 735 duceret,
1232 688 1411 743 neque
1473 673 1731 729 celeriter
1784 675 1970 730 statim

389 759 707 815 mandatum
770 762 1083 831 huiusmodi
1150 775 1568 836 exsequeretur,
1642 767 1876 838 pedibus
1919 767 1971 823 vi

390 866 676 923 arreptum
720 855 870 910 illico
886 855 1187 914 detrahere
1210 860 1518 927 jusserunt.
1555 861 1627 918 Ut
1651 862 1728 916 illi
1752 862 1819 916 ad
1843 876 1972 917 eum

392 953 681 1007 venerunt,
718 955 772 1000 et
803 946 1028 1001 Patrum
1066 944 1386 1004 mandatum
1411 962 1812 1020 exposuerunt,
1844 966 1976 1008 con-

389 1034 568 1088 festim
595 1035 688 1090 ille
715 1037 892 1091 altero
926 1037 1064 1106 pede
1106 1039 1346 1108 prolato,
1392 1041 1461 1096 ad
1492 1041 1970 1109 descendendum,

387 1133 444 1179 et
476 1129 687 1196 absque
752 1127 862 1183 ulla
907 1129 1319 1188 deliberatione
1375 1141 1432 1188 et
1479 1132 1854 1201 dissensione,
1903 1136 1973 1191 ad

388 1228 722 1288 preceptum
740 1236 934 1277 eorum
960 1223 1304 1293 implendum
1333 1235 1620 1296 promptus
1634 1236 1975 1299 paratusque

390 1310 494 1365 fuit
527 1328 540 1367 :
571 1321 627 1366 et
657 1314 862 1383 gratias
889 1315 999 1371 illis
1033 1318 1166 1388 egit,
1195 1316 1293 1387 qui
1354 1328 1561 1373 tantam
1597 1320 1666 1375 de
1699 1335 1769 1375 eo
1817 1337 1975 1392 gere-

390 1411 514 1457 rent
538 1418 752 1469 curam,
815 1407 988 1463 veluti
1029 1409 1334 1478 quidquam
1382 1421 1583 1481 praeter
1632 1413 1972 1471 voluntatem

385 1506 443 1551 et
463 1498 793 1553 sententiam
824 1499 923 1554 Dei
949 1500 1135 1557 facere
1166 1506 1516 1573 occaepisset.
1543 1503 1718 1560 Porro
1740 1506 1818 1561 illi
1844 1522 1974 1565 eum

388 1588 444 1642 in
468 1588 749 1653 instituto,
775 1590 923 1660 quod
956 1591 1061 1647 sibi
1091 1603 1475 1663 proposuerat,
1501 1611 1823 1665 permanere
1845 1606 1975 1653 sunt

387 1681 535 1751 passi
568 1685 858 1754 :potestati
882 1685 1002 1755 ejus
1030 1687 1433 1756 permittentes,
1459 1698 1520 1745 ut
1549 1705 1710 1761 quem
1734 1692 1973 1762 cepisset

388 1791 611 1830 cursum
648 1784 865 1833 teneret
898 1795 915 1834 :
968 1778 1101 1833 illud
1135 1779 1366 1850 insuper
1394 1781 1743 1854 adjicienles,
1809 1781 1968 1855 561

392 1865 567 1922 Fortis
599 1878 741 1931 esto,
778 1877 834 1922 et
861 1868 1099 1925 viriliter
1123 1886 1245 1942 age.
1273 1871 1492 1929 Videris
1545 1890 1788 1946 namque
1822 1876 1967 1931 divi-

386 1957 541 2012 nitus
568 1958 636 2012 ad
673 1958 820 2013 hanc
852 1959 1076 2041 vivendi
1118 1962 1259 2017 viam
1293 1963 1602 2034 perductus
1626 1982 1773 2032 esse,
1804 1978 1967 2023 antea
2002 1944 2042 1998 Β

388 2050 653 2117 ignotam.
717 2052 906 2122 itaque
969 2053 1234 2124 deinceps
1283 2072 1479 2128 magna
1553 2058 1645 2113 ille
1703 2072 1970 2127 concepta

392 2140 614 2207 liducia,
643 2153 886 2212 coeptum
940 2143 996 2199 id
1061 2147 1237 2217 magis
1290 2157 1375 2204 est
1435 2150 1780 2219 prosecutus.
1836 2152 1969 2220 Tam

388 2234 598 2301 prolixe
628 2246 813 2290 autem
856 2235 1046 2292 divina
1078 2239 1131 2293 in
1169 2254 1238 2294 eo
1258 2240 1393 2295 -viro
1427 2242 1630 2297 enituit
1662 2245 1857 2314 gratia,
1913 2257 1971 2302 ut

384 2338 510 2380 cum
543 2326 893 2385 Theodosius
922 2331 1210 2387 sanctione
1239 2332 1476 2402 quadam
1509 2333 1712 2390 Iudaeis
1735 2352 1942 2408 synago

384 2435 479 2488 gas
513 2419 568 2473 in
598 2421 733 2475 urbe
758 2421 1097 2478 Antiochena
1151 2438 1183 2477 a
1212 2422 1543 2481 Christianis
1575 2429 1658 2483 eis
1682 2428 1971 2498 ademptas

387 2509 679 2565 restituere
707 2512 982 2582 iussisset,
1010 2524 1067 2568 et
1098 2512 1403 2585 Symeones
1436 2532 1632 2589 magna
1660 2519 1881 2574 dicendi
1911 2502 1970 2576 et

384 2601 713 2672 objurgandi
752 2603 1008 2658 libertate
1038 2621 1191 2671 usus,
1223 2607 1437 2663 litteras
1458 2609 1524 2663 ad
1542 2625 1670 2663 eum
1695 2610 1964 2678 dedisset,

388 2688 647 2757 princeps
667 2689 735 2754 is,
763 2691 1109 2761 jussionihus
1137 2695 1251 2750 suis
1278 2696 1526 2763 abolitis,
1550 2714 1614 2753 ea
1633 2716 1754 2771 quae
1775 2712 1969 2757 sancto

393 2780 511 2834 viro
540 2788 596 2837 et
624 2780 957 2838 Christianis
990 2784 1352 2854 placuissent,
1389 2789 1606 2857 fecerit,
1632 2800 1798 2863 atque
1831 2810 1968 2864 pra:-

386 2871 530 2926 t‘ecto
557 2871 630 2937 ei,
659 2872 818 2942 cujus
848 2889 1015 2929 suasu
1054 2889 1141 2931 res
1182 2891 1248 2932 ea
1299 2879 1547 2935 instituta
1587 2881 1787 2953 fuerat,
1851 2893 1965 2939 tum

384 2964 711 3033 dignitatem
748 2965 1061 3023 ademerit:
1095 2980 1528 3043 precatoresque
1575 2975 1846 3032 maximos
1896 2978 1965 3033 ad

385 3072 607 3113 aereum
663 3069 959 3131 martyrem
1015 3061 1248 3127 miserit,
1300 3066 1393 3135 qui
1438 3066 1592 3121 illum
1647 3077 1709 3123 ut
1761 3084 1862 3138 pro
1906 3085 1964 3125 se

387 3150 556 3204 Deum
582 3160 842 3206 exoraret
856 3163 912 3208 et
928 3169 1121 3223 preces
1149 3171 1277 3211 suas
1298 3172 1484 3212 secum
1505 3162 1962 3230 communicaret,

385 3249 659 3309 rogarent.
687 3239 820 3307 Quae
855 3251 1040 3298 autem
1075 3244 1169 3300 ille
1195 3245 1517 3303 admiranda
1557 3250 1795 3342 ediderit
1829 3252 1963 3307 faci-
1989 3284 2034 3342 ο

382 3347 543 3395 nora.
575 3341 630 3388 et
660 3348 823 3403 quam
847 3338 1138 3392 commode
1167 3353 1291 3392 eum
1323 3339 1636 3411 quibusque
1654 3341 1964 3398 collocutus

382 3425 477 3489 sit,
500 3427 626 3495 quis
656 3425 938 3496 sigillatim
970 3430 1249 3498 exponat?
1276 3431 1408 3498 Quae
1437 3432 1485 3488 si
1518 3434 1645 3504 quis
1677 3449 1840 3490 nosse
1869 3451 1968 3490 ve—

386 3516 468 3579 lit,
496 3532 621 3571 eum
676 3517 745 3572 ad
797 3518 1086 3574 historiam
1117 3520 1238 3591 ejus
1267 3521 1561 3591 legendam
1599 3526 1961 3592 remittimus,

381 3626 490 3679 qua
515 3629 546 3662 ιι
588 3619 715 3680 post
740 3626 1000 3682 magnum
1036 3612 1440 3671 Theodoritum
1490 3617 1700 3686 optime
1756 3634 1965 3690 cogno-

384 3705 551 3758 minis
583 3704 635 3757 ei
677 3703 917 3774 Symeon
944 3704 1346 3774 Metaphrastes
1374 3708 1732 3779 conscripsit,
1760 3725 1962 3765 novum

383 3796 658 3866 quoddam
688 3806 744 3851 et
770 3797 1160 3851 admirandum
1205 3799 1260 3852 in
1290 3813 1356 3853 ea
1385 3816 1453 3855 ex
1502 3803 1685 3857 omnis
1743 3802 1965 3872 generis

381 3887 610 3941 cibariis
634 3886 950 3941 convivium
971 3887 1230 3943 omnibus
1250 3904 1583 3959 proponens.
1619 3891 1679 3946 ln
1708 3893 1812 3948 hoc
1840 3894 1966 3949 vitae

383 3979 636 4033 instituto
674 3977 988 4044 decertans,
1037 3978 1439 4050 quinquaginta
1504 3991 1560 4037 et
1602 3998 1698 4038 sex
1749 3987 1964 4056 peregit

380 4068 808 4125 annus.Novem
839 4070 986 4125 enim
1014 4072 1071 4126 in
1103 4075 1309 4142 priore,
1343 4073 1436 4130 ubi
1478 4076 1764 4148 principiis
1795 4093 1966 4134 sacrae

383 4165 666 4234 religionis
698 4164 946 4220 imbutus
994 4178 1102 4234 est,
1147 4166 1337 4222 schola
1390 4171 1774 4240 consumpsit:
1829 4187 1962 4243 qua-

380 4257 632 4327 draginta
660 4265 845 4312 autem
885 4264 942 4313 et
975 4267 1208 4330 septem,
1241 4262 1295 4315 in
1329 4276 1393 4317 ea
1429 4278 1551 4332 qur
1576 4263 1782 4319 dicitur
1808 4265 1963 4321 Man-

380 4351 477 4404 dra
509 4366 524 4403 :
558 4351 672 4406 sive
711 4360 772 4406 ut
800 4352 895 4407 alii
931 4353 1179 4418 tradunt,
1210 4354 1403 4411 decem
1455 4355 1548 4411 hic
1593 4357 1648 4410 in
1690 4359 1963 4429 angustiis

379 4443 710 4511 quibusdam
747 4446 978 4517 peregit;
1015 4456 1225 4517 septem
1272 4464 1407 4504 vero
1440 4448 1492 4503 in
1532 4449 1844 4507 minoribus
1872 4467 1956 4507 eo-

378 4535 602 4597 lumnis,
633 4545 690 4591 et
714 4538 934 4593 tandem
964 4538 1016 4593 in
1054 4540 1312 4594 columna
1347 4541 1710 4612 quadraginta
1742 4543 1961 4598 cubito-

2077 669 2174 721 καὶ
2235 666 2335 738 τὴν
2379 667 2490 721 τῶν
2543 667 2807 739 Πατέρων
2866 664 3093 735 ἐντολὴν
3147 665 3437 737 ἧγγελλον,
3492 666 3653 731 εὐθὺς

2076 758 2303 830 θάτερον
2320 758 2429 812 τῶν
2455 758 2635 813 ποδῶν
2682 757 2994 829 προτείνας,
3037 759 3287 812 κατιέναι
3316 757 3412 811 τοῦ
3460 757 3651 811 στύλου

2075 853 2292 922 ἕτοιμος
2312 847 2403 923 ἦν,
2438 851 2536 907 καὶ
2554 852 2657 922 τὴν
2695 853 2808 906 τῶν
2865 850 3128 921 Πατέρων
3177 850 3484 920 ἐπιτροπὴν
3542 849 3654 905 ἀδι-

2078 941 2329 1006 στάκτως
2378 940 2609 994 «ἀνύεινο
2642 941 2739 995 καὶ
2798 940 2962 1011 χάριν
3010 939 3208 993 εἰδέναι
3261 939 3473 1002 τούτοις
3526 939 3653 991 διωο

2082 1034 2304 1104 μολόγει
2334 1075 2349 1101 ,
2401 1031 2548 1087 οὕτω
2613 1034 2934 1103 κηδομένοις
2980 1034 3253 1099 ἐκείνου,Δ
3285 1036 3360 1105 μὴ
3413 1034 3555 1088 κατὰ
3594 1033 3654 1085 τὸ

2075 1126 2232 1191 δόξαν
2258 1125 2379 1197 Θεῷ
2411 1125 2618 1180 ὡσανεὶ
2659 1127 3014 1196 πράττοντος.
3051 1126 3115 1181 Οί
3146 1127 3192 1180 δ’
3239 1126 3414 1190 οὕτως
3462 1127 3654 1194 ἔχοντα

2078 1218 2304 1290 μᾶλλον,
2358 1218 2436 1283 ῶς
2490 1235 2555 1287 γε
2592 1202 2678 1289 ’ἦν
2738 1218 3087 1290 ὡρισμένον,
3129 1217 3292 1283 εῐων,
3337 1219 3655 1289 ἐπιτρέπον-

2073 1328 2167 1376 τες
2221 1312 2325 1381 τὴν
2379 1312 2450 1383 ἢν
2495 1310 2768 1382 προύθετο
2825 1311 3056 1381 πορείαν
3086 1310 3305 1366 ἀνύτειν
3341 1325 3357 1342 ⁸
3392 1311 3649 1365 ἐπειπόν-

2074 1421 2189 1470 τες,
2229 1402 2413 1474 Ἰσχυε
2446 1405 2543 1457 καὶ
2584 1402 2838 1473 ἀνδρίζου
2863 1417 2881 1435 ·
2929 1400 3119 1465 ἔοικας
3158 1400 3268 1477 γὰρ
3297 1402 3485 1458 θεόθεν
3516 1403 3654 1474 πρὸς

2074 1499 2176 1570 τὴν
2234 1485 2426 1570 τρίϐὁν
2490 1494 2703 1567 ταύτην
2767 1493 3191 1564 ποδηγηθῆναι,
3241 1495 3459 1563 ἀγνῶτα
3518 1498 3653 1564 πρό-

2073 1606 2233 1660 τερον
2262 1588 2454 1643 οὖσαν.
2499 1587 2558 1642 '0
2591 1587 2694 1658 μὲν
2724 1585 2818 1641 οὖν
2851 1585 3142 1640 τουλοιποῦ
3177 1585 3480 1658 θαρρήσας,
3528 1588 3650 1641 ὲπι-

2078 1681 2282 1751 μᾶλλον
2320 1680 2400 1751 τῷ
2439 1681 2590 1753 ἔργῳ
2639 1678 2897 1734 ἐπέϐαλε.
2952 1679 3126 1732 Τόσον
3172 1678 3280 1749 δ’ή
3327 1678 3449 1732 θεία
3492 1680 3651 1751 χάρις

2076 1764 2344 1844 ἐνέσκηψε
2388 1772 2469 1843 τῷ
2500 1773 2677 1844 ἀνδρὶ,
2727 1772 2803 1836 ὡς
2841 1770 2946 1827 ’καὶ
3002 1773 3310 1837 Θεοδόσιον,
3364 1774 3651 1844 γράμματι

2076 1861 2418 1916 θεσπίσαντα
2451 1863 2554 1927 τὰς
2582 1865 2983 1934 ἀφαιρεθείσας
3011 1866 3180 1919 πάλαι
3224 1865 3496 1922 Ἰουδαίων
3524 1885 3651 1921 συν-

2071 1955 2297 2024 αγωγάς
2326 1955 2471 2009 κατὰ
2501 1956 2600 2027 τὴν
2637 1956 2926 2027 Ἀντιόχου
2949 1957 3102 2030 παρὰ
3129 1959 3475 2029 Χριστιανῶν
3498 1956 3650 2023 αὖθις

2073 2047 2432 2118 ἀποδοθῆναι,
2468 2048 2613 2103 οὕτω
2644 2049 2743 2102 σὺν
2771 2049 3063 2122 παρρησίᾳ
3095 2050 3262 2123 πολλῇ
3306 2051 3516 2124 γράψαι
3557 2054 3655 2107 καὶ

2072 2142 2412 2212 ἐπιτιμῆσαι
2448 2143 2839 2214 σφοδρότερον,
2876 2143 2949 2208 ὡς
2988 2148 3091 2198 καὶ
3117 2144 3281 2198 αὑτὸν
3319 2146 3526 2200 ἐκεῖνον
3559 2145 3654 2201 τὸν

2072 2234 2383 2305 κρατοῦντα
2408 2235 2508 2298 τὰς
2558 2238 2833 2306 σφετέρας
2878 2236 3368 2307 ἁνακαλεσάμενον
3412 2254 3653 2308 προστα-

2069 2325 2195 2391 γὰς,
2228 2324 2298 2377 τὰ
2325 2324 2460 2395 πρὸς
2500 2324 2662 2396 χάριν
2691 2324 2772 2396 τῷ
2809 2326 2945 2394 ὁσίῳ
2984 2326 3080 2380 καὶ
3126 2326 3472 2398 Χριστιανοῒς
3494 2329 3649 2383 ἐκτε-

2069 2416 2225 2470 λέσαι
2253 2432 2266 2446 °
2315 2417 2635 2488 παραλῦσαι
2685 2417 2746 2471 δὲ
2785 2419 2882 2471 καὶ
2930 2417 3022 2472 τὸν
3065 2418 3364 2489 τηνικαῦτα
3411 2417 3653 2491 ὕπαρχον

2024 2530 2039 2537 κ
2069 2507 2170 2578 τῆς
2198 2509 2380 2574 ἀξίας,
2402 2508 2501 2581 τὴν
2526 2508 2730 2583 πρᾶξιν
2761 2510 3231 2582 είσηγησάμενον⁶
3257 2511 3357 2565 καὶ
3387 2511 3651 2582 μεγίστην

2071 2600 2379 2671 ἐπιπέμψαι
2403 2600 2481 2672 τῷ
2510 2603 2685 2674 ἀερίῳ
2718 2602 2960 2676 μάρτυρι
2984 2602 3194 2675 δέησιν,
3223 2601 3355 2656 ὥσθ’
3387 2603 3524 2674 ὑπὲρ
3549 2604 3675 2662 αύο.

2069 2692 2164 2745 τοῦ
2211 2691 2346 2745 Θεὸν
2403 2692 2703 2760 δυσωπεῖν,
2749 2695 2851 2748 καὶ
2893 2694 3005 2748 τῶν
3039 2694 3262 2749 οίκείων
3310 2695 3650 2767 μεταδιδόναι

2070 2784 2267 2854 εὐχῶν.
2323 2786 2470 2839 Ὅσα
2522 2786 2582 2840 δὲ
2638 2787 2787 2840 κατά
2839 2787 3006 2859 μέρος
3058 2786 3266 2858 ἔπραξε
3315 2787 3428 2840 τῶν
3475 2785 3650 2858 ἔργων

2069 2878 2372 2948 παράδοξα,
2404 2879 2499 2932 καὶ
2525 2877 2723 2949 ὡμίλει
2769 2878 2987 2962 ἑκάστῳ
3018 2880 3090 2931 τὰ
3114 2879 3425 2950 πρόσφορα,
3455 2879 3540 2943 τίς
3584 2878 3650 2932 ἂν

2070 2965 2213 3019 κατὰ
2263 2965 2429 3037 μέρος
2459 2965 2891 3035 ἐκδιηγήσαιτο;
2939 2964 3032 3036 Τῷ
3075 2982 3141 3036 γε
3196 2965 3304 3038 μὴν
3338 2965 3648 3037 βουλομένῳ

2070 3061 2135 3129 τῇ
2168 3057 2290 3112 κατ’
2336 3058 2502 3113 αὑτὸν
2539 3056 2758 3130 ἱστορίᾳ
2801 3059 3050 3128 ἐντυχεῖν
3100 3057 3550 3129 προτρεπόμεθα,
3582 3058 3649 3129 ἢν

2068 3151 2270 3222 ἄριστα
2333 3150 2474 3221 μετὰ
2523 3150 2617 3204 τὸν
2665 3151 2839 3205 πολὺν
2894 3134 3248 3224 Θεοδὼρητον
3293 3151 3323 3207 ό
3364 3149 3648 3222 ὁμώνυμος

2069 3240 2219 3311 αὑτῷ
2248 3240 2479 3310 Συμεὼν
2507 3243 2536 3295 ὁ
2581 3241 2999 3313 Μεταφραστὴς
3029 3238 3322 3312 ἐπεξῆλθε,
3370 3242 3507 3295 πᾶσι
3531 3248 3657 3296 και-’

2067 3331 2165 3401 νήν
2194 3348 2319 3386 τινα
2371 3331 2466 3384 καὶ
2504 3331 2665 3398 ξένην
2705 3331 3043 3386 πανδαισίαν
3093 3332 3163 3384 τὰ
3207 3329 3418 3384 ἐκείνου
3457 3329 3652 3401 προθέ-

2068 3440 2249 3494 μενος.
2288 3425 2412 3479 Ἐπὶ
2446 3425 2505 3479 δὲ
2531 3424 2711 3499 ταύτῃ
2750 3427 2818 3498 τῇ
2854 3424 3110 3497 διατριϐῇ
3136 3423 3434 3490 ἀεθλεύων,
3467 3423 3528 3489 ἐξ
3557 3425 3651 3477 καὶ

2068 3520 2416 3590 πεντήκοντα
2462 3518 2775 3572 διετέλεσεν
2805 3519 2903 3588 ἔτη
2931 3534 2945 3550 ·
2980 3517 3137 3571 ἐννέα
3173 3518 3273 3588 μὲν
3298 3515 3376 3588 τῷ
3403 3515 3651 3587 προτέρῳ

2068 3611 2478 3682 φροντιστηρίῳ
2518 3610 2649 3666 ἔνθα
2688 3611 3022 3682 κατήχηται,
3060 3611 3201 3665 ἑπτὰ
3245 3609 3288 3663 δ’
3341 3613 3397 3663 ὲν
3435 3613 3501 3682 τῇ
3547 3627 3647 3662 κα-

2068 3702 2315 3776 λουμένῃ
2343 3705 2575 3775 Μόινδρε]⁸
2603 3702 2701 3757 καὶ
2737 3703 3174 3774 τεσσαράκονταο
3203 3702 3337 3757 δέκα
3363 3702 3465 3770 μὲν
3500 3701 3648 3755 ἔτεσι

2068 3795 2334 3867 στενωπῷ
2366 3813 2473 3848 τινι
2502 3797 2594 3848 τὸν
2629 3795 2819 3865 ἀγῶνα
2842 3796 3136 3867 διηνυκὼς,
3168 3795 3315 3849 κίοσι
3349 3794 3406 3848 δὲ
3439 3794 3647 3868 βραχυ-

2065 3887 2246 3956 τέροις
2292 3886 2459 3939 ἑπτά·
2510 3888 2604 3940 ἐπὶ
2656 3887 2713 3941 δὲ
2750 3887 2842 3940 τὸν
2890 3888 3500 3960 τεσσαρακοντάπηχυν
3553 3888 3646 3960 ῑτη

2066 3977 2384 4048 τριάκοντα.
2420 3976 2495 4030 υῦ
2526 3978 2588 4030 τὸ
2635 3977 2780 4048 ἱερὸν
2832 3979 2928 4033 καὶ
2966 3977 3272 4033 πολύαθλον
3316 3978 3479 4050 σῶμα
3513 3979 3648 4048 μετὰ

2064 4074 2165 4139 τὴν
2196 4070 2411 4125 ἐνθένδε
2451 4071 2782 4141 ἀπαλλαγὴν
2814 4072 2991 4142 χρόνῳ
3027 4070 3257 4142 ὕστερον
3292 4073 3522 4137 Λέοντος
3550 4070 3644 4126 οιοῦ

2069 4162 2311 4233 μεγάλου
2336 4162 2405 4216 τὰ
2440 4164 2698 4234 σκῆπτρα
2740 4164 3032 4235 Ῥωμαίων
3061 4165 3345 4230 διέποντος
3386 4166 3531 4220 κατὰ
3556 4166 3646 4219 τὸν

2078 4254 2354 4323 Ἀντιόχου
2404 4255 2660 4326 εἰσήχθη,
2708 4256 3038 4326 Μαρτυρίου
3087 4274 3150 4310 τε
3197 4258 3289 4313 ἐπὶ
3334 4257 3444 4312 τῶν
3480 4258 3643 4330 ἱερῶν

2063 4348 2264 4401 οἰάκων
2281 4348 2737 4419 προκαθημένου,
2784 4348 3176 4421 Ἀρδαόυυρίου
3211 4349 3269 4405 δὲ
3306 4350 3414 4406 τῶν
3461 4351 3644 4423 Ἐᾠων

2065 4441 2372 4511 ἡγουμένου
2395 4442 2697 4513 ταγμάτων
2724 4442 2867 4511 μετὰ
2895 4443 3003 4496 τῶν
3030 4444 3170 4513 ἀμφ’
3195 4443 3356 4499 αὐτὸν
3384 4461 3646 4515 στρατιω-

2063 4536 2194 4599 τῶν,
2243 4536 2335 4588 καὶ
2370 4534 2548 4589 ἄλλων
2581 4535 2855 4590 πλείστων
2888 4535 2999 4590 τῶν
3042 4539 3100 4590 ἐν
3150 4537 3298 4591 τέλει
3338 4538 3639 4608 παρόντων.

381 4643 500 4681 rum
572 4628 937 4699 longitudinis
993 4630 1370 4701 undetriginta
1428 4634 1693 4703 transegit
1750 4649 1947 4691 annos.

2067 4625 2123 4679 Ui
2152 4627 2215 4696 δὴ
2246 4626 2447 4690 πάντες
2470 4625 2589 4696 ἅμα
2624 4627 2721 4681 καὶ
2747 4627 2980 4700 ἀπείρου
3010 4630 3237 4698 στίφους
3276 4629 3639 4700 ἐφεπομένου,

377 4720 549 4790 Cujus
575 4734 793 4774 sacrum
827 4720 1066 4776 cadaver
1091 4730 1214 4792 post
1246 4730 1327 4777 tot
1358 4724 1687 4789 certamina,
1725 4735 1781 4780 et
1811 4741 1956 4781 mor-

380 4823 487 4865 tem
522 4812 692 4880 ipsam
720 4813 949 4878 ohitam,
978 4822 1167 4882 postea
1206 4816 1308 4870 sub
1348 4814 1553 4871 Leonis
1575 4815 1754 4888 Magni
1784 4819 1957 4889 impe-

379 4903 460 4958 rio
481 4904 830 4961 Antiochiam
871 4917 955 4960 est
984 4906 1272 4973 perlatum,
1307 4907 1588 4979 Martyrio,
1610 4911 1706 4979 qui
1739 4918 1850 4964 tum
1879 4909 1956 4965 ibi

374 4995 748 5066 episcopatum
780 4996 1029 5064 gerebat,
1060 5008 1224 5067 atque
1255 4999 1568 5058 Ardaburio
1595 4999 1955 5057 Orientalium

375 5088 660 5164 cupiarum
707 5088 959 5154 ductore,
997 5106 1122 5145 cum
1186 5092 1461 5148 militibus
1518 5095 1657 5160 suis,
1713 5106 1769 5150 et
1830 5096 1956 5151 aliis

377 5181 632 5250 plurimis
707 5182 1575 5256 magistratibuspraesentibus.
1625 5188 1729 5253 Qui
1791 5189 1954 5243 simul

374 5290 586 5340 omnes,
618 5274 857 5329 maximo
878 5292 972 5331 eos
994 5278 1292 5333 comitante
1308 5282 1577 5342 exercitu,
1607 5282 1673 5335 ad
1700 5282 1955 5337 divinum

377 5367 511 5420 illud
544 5367 883 5436 tuguriolum
946 5369 1241 5435 advenere,
1272 5380 1329 5425 et
1384 5373 1763 5426 veneramlum
1811 5372 1957 5428 illius

372 5459 605 5513 cadaver
624 5474 749 5514 cum
783 5462 1091 5517 reverentia
1132 5471 1185 5517 et
1230 5465 1493 5518 comitatu
1538 5465 1714 5519 multo
1773 5465 1954 5534 (multi

375 5561 612 5615 namque
641 5547 805 5602 etiam
838 5564 904 5604 ex
928 5552 1246 5608 monasticis
1295 5553 1638 5623 philosophis
1671 5554 1956 5624 undequa-

372 5651 482 5704 qne
534 5653 601 5692 ex
648 5639 845 5696 vicinis
896 5642 1030 5697 locis
1087 5645 1156 5698 ad
1223 5660 1437 5700 sacram
1498 5646 1752 5715 corporis
1806 5646 1957 5701 illius

375 5730 791 5795 productionem
817 5743 872 5790 et
903 5752 1154 5806 pompam
1192 5753 1256 5793 eo
1286 5753 1345 5792 se
1392 5740 1760 5808 contulerant)
1793 5737 1954 5809 562

375 5835 756 5889 :zsscrvarunt,
796 5843 862 5882 ne
900 5830 1148 5885 ﬁnitima:
1178 5830 1342 5884 urbes
1378 5829 1723 5885 conﬂuentes
1777 5832 1826 5885 id
1871 5848 1957 5885 ra-

377 5924 565 5969 uercnt
604 5919 791 5977 τίμιοι
850 5919 953 5973 ilhc
980 5921 1121 5975 inter
1149 5937 1227 5981 se.
1270 5938 1520 5979 numnam
1557 5922 1690 5976 illud
1724 5924 1947 5978 sortirc‘

2060 4719 2202 4773 κατὰ
2228 4718 2326 4790 τὴν
2363 4719 2516 4772 θείαν
2550 4720 2795 4791 μάνδραν
2831 4708 3144 4791 γενόμενοι,
3197 4722 3291 4774 τὸν
3322 4722 3638 4776 ⁶ιὲἇινσεπτον

2059 4812 2273 4866 ἐκείνου
2300 4813 2493 4883 νεκρὸν
2536 4814 2633 4867 σὺν
2679 4814 2825 4867 αἰδοῖ
2859 4815 2955 4867 καὶ
2990 4814 3294 4887 δορυφορίᾳ
3324 4815 3492 4887 πολλῇ
3531 4822 3641 4868 διε-

2061 4906 2310 4957 σώσαντο
2341 4903 2562 4976 (πολλοῦ
2599 4905 2663 4976 δὴ
2697 4905 2942 4976 πλήθους
2989 4907 3301 4974 φιλοσόφων
3330 4908 3539 4979 ἀνδρῶν
3580 4909 3643 4960 ἐκ

2057 4997 2170 5050 τῶν
2200 4997 2525 5068 περικύκλῳ
2548 5000 3082 5068 καταφοιτησάντων
3112 5002 3177 5070 τῇ
3202 4999 3297 5053 τοῦ
3329 5000 3474 5066 ίεροῦ
3503 5000 3645 5053 ὲκεί-

2059 5107 2152 5142 νου
2184 5091 2423 5161 σκήνους
2464 5091 2586 5161 ἱερᾷ
2617 5091 2971 5160 προπομπῇ),
3027 5091 3103 5154 ὡς
3148 5090 3213 5145 ἂν
3263 5095 3340 5163 μὴ
3382 5093 3439 5145 αί
3478 5091 3642 5164 πέριξ

2058 5175 2241 5244 πόλεις
2302 5186 2654 5255 ἐπιῤῥυεῖσαι
2708 5187 2798 5237 τὸν
2852 5184 3140 5255 ζωηφόρον
3185 5187 3377 5258 νεκρὸν
3409 5186 3644 5255 διαρπά-

2061 5294 2216 5343 σωσι,
2252 5276 2683 5347 φιλονεικοῦσαι,
2717 5278 2845 5334 ποία
2882 5281 3013 5332 ποτε
3040 5280 3259 5349 γένοιτο
3287 5280 3480 5333 τοῦτον
3508 5279 3639 5351 κλη-

2062 5371 2369 5438 ρῶσασθαι.
2403 5372 2572 5435 Μόλις
2607 5373 2665 5426 δὲ
2698 5373 2979 5441 διαφυγὼν
3008 5375 3136 5436 τοὺς
3169 5374 3517 5444 ἁρπάζοντας
3546 5372 3643 5426 σὺν

2060 5462 2309 5532 θαύμασι
2344 5465 2485 5517 κατὰ
2528 5465 2629 5533 τὴν
2675 5465 2993 5536 ὁδοιπορίαν
3039 5467 3450 5536 γεγενημένοις,
3500 5465 3640 5521 κατὰ

2058 5556 2158 5624 τὴν
2203 5555 2485 5629 Ἀντιόχου
2514 5554 2698 5622 ἐτέθη.
2756 5552 2823 5607 Ὃ
2857 5555 2953 5607 καὶ
2981 5555 3132 5608 Λέων
3165 5554 3397 5624 ὕστερον
3422 5555 3448 5607 ὁ
3478 5554 3641 5607 αὐτο-

2060 5649 2285 5716 κράτωρ
2349 5648 2673 5717 Ἀντιοχέων
2713 5649 2887 5702 ἐδεῖτο
2931 5647 3223 5719 λήψεσθαι.
3271 5648 3334 5701 Οἱ
3375 5647 3431 5700 δὲ
3457 5644 3640 5715 δέησιν

2059 5736 2497 5804 ἐπιπέμψαντες,
2531 5737 2668 5806 πρὸς
2691 5736 2802 5799 τοῖς
2831 5735 3012 5799 ἄλλοις
3035 5738 3129 5789 καὶ
3153 5734 3330 5788 ταῦτα
3359 5738 3427 5806 τῇ
3456 5735 3640 5804 δεήσει

2059 5829 2420 5899 γεγράφασι·
2455 5846 2473 5880 ι
2511 5830 2612 5883 Διὰ
2649 5829 2711 5882 τὸ
2742 5828 2818 5900 μὴ
2858 5830 3127 5901 ὑπάρχειν
3158 5831 3339 5900 τεῖχος
3370 5832 3437 5899 τῇ
3486 5828 3639 5882 πόλει

2061 5921 2346 5979 (πέπτωκε
2386 5919 2496 5986 γὰρ
2532 5925 2589 5975 ὲν
2635 5922 2774 5987 όργῇ
2805 5918 3032 5988 σεισμοῦ
3064 5920 3302 5988 μεγάλου
3335 5920 3633 5987 γεγενημέο
