4092 6532
444 509 579 574 1245

433 721 592 791 ἡμῖν,
622 720 855 789 γένηται
917 727 1097 795 τεῖχος
1159 723 1254 777 καὶ
1305 724 1610 795 ὀχύρωμα⁸
1657 743 1676 778 ι
1723 723 1806 789 οἷς
1859 726 2014 797 μόλις

431 811 803 881 δυσωπηθεὶς,
830 814 1018 878 ἐνδούς
1047 831 1110 867 τε
1133 818 1205 885 τῇ
1232 816 1422 886 δεήσει
1457 817 1706 883 δκείνων,
1729 817 1790 871 τὸ
1812 819 2016 871 σεπτὸν

433 905 667 968 ἐκείνοις
701 907 850 959 εῐασε
885 906 1046 974 σῶμα
1074 907 1169 961 τοῦ
1206 908 1457 978 Συμεὼν,
1492 909 1521 962 δ
1559 909 1655 963 καὶ
1699 910 1863 981 μέχρι
1906 910 2015 963 τῶν

437 993 735 1062 κατωτέρω
790 995 1002 1062 χρόνων
1055 997 1239 1049 ἐκεῖσε
1292 997 1358 1067 δὴ
1406 997 1774 1065 φυλάττεσθαι
1827 1000 1921 1053 καὶ
1956 999 2016 1063 ἐς

432 1083 598 1153 δεῦρο
625 1085 829 1153 ἔγνων.
868 1087 985 1154 Ἐφ’
1011 1081 1056 1156 ᾧ
1079 1088 1143 1159 δὴ
1177 1089 1273 1144 καί
1300 1106 1355 1142 τι
1381 1089 1691 1158 παράδοξον
1719 1091 2015 1162 ἱστορεῖται

436 1180 545 1241 τοῖς
574 1178 913 1248 θεωρήσασι.
952 1182 1066 1243 Τὰς
1102 1182 1211 1251 γὰρ
1239 1184 1380 1235 κατὰ
1406 1183 1507 1253 τῆς
1535 1184 1777 1255 κεφαλῆς
1804 1183 2013 1239 καὶτοῦ

436 1271 700 1339 πώγωνος
732 1272 1046 1341 προσούσας
1068 1275 1264 1345 τρίχας
1293 1276 1370 1345 μὴ
1398 1277 1702 1340 διαπεσεῖν,
1731 1278 1870 1347 μήτε
1905 1278 2010 1349 μὴν

436 1363 511 1432 τῷ
534 1365 713 1435 χρόνῳ
736 1366 1127 1437 διαφθαρῆναι,
1167 1370 1323 1437 φασί·
1352 1371 1651 1436 νικήσασαι
1680 1370 1736 1423 δὲ
1766 1370 1857 1423 τὸν
1887 1373 2011 1441 χρο-

436 1474 546 1522 νον,
582 1457 666 1511 ἐτι
719 1460 1104 1528 διαφαίνονται
1156 1460 1434 1526 σώζουσαι
1474 1464 1553 1533 τῷ
1601 1463 1741 1534 ὁσίῳ,
1776 1463 1867 1515 τὸν
1911 1482 2013 1534 χα-

437 1550 711 1620 ρακτῆρα,
740 1551 932 1621 ὥσπερ
964 1552 1129 1616 ζῶντι
1169 1554 1264 1607 καὶ
1298 1553 1609 1623 ἀνθρώποις
1643 1556 2009 1626 διομιλοῦντιο

437 1641 838 1710 περισώζεσθαι
866 1644 923 1698 δὲ
953 1645 1106 1714 αὐτῷ
1141 1648 1235 1699 καὶ
1282 1646 1430 1700 ἅπαν
1456 1649 1516 1700 τὸ
1548 1647 1744 1718 δέρμα,
1794 1649 1874 1718 τῷ
1910 1664 2014 1717 μα-

439 1736 553 1805 κρῴ
586 1738 735 1807 πόνῳ
769 1741 865 1791 καὶ
909 1740 1089 1810 χρόνῳ
1136 1742 1570 1810 ὲρῤυτιδωμένον
1617 1759 1679 1796 τε
1728 1743 1826 1795 καὶ
1871 1744 2013 1795 ἁπε-

440 1831 697 1899 σκ).ηκός·
729 1832 864 1901 πρὸς
893 1832 948 1885 δὲ
980 1833 1075 1885 καὶ
1102 1835 1150 1886 ol
1184 1837 1324 1886 κατὰ
1354 1833 1450 1886 τοῦ
1485 1834 1754 1904 στόματος
1780 1835 2014 1899 ὀδόντες,

439 1922 580 1991 πλὴν
636 1925 862 1977 ἐκείνων
913 1926 1030 1978 ὅσοι
1086 1925 1295 1978 πιστῶν
1355 1927 1546 1996 χερσὶν
1596 1927 2020 1996 ἀνεσπάσθησαν
2053 1937 2092 1988 Β

438 2014 647 2086 φίλτρῳ
670 2017 748 2085 τῷ
772 2018 907 2086 πρὸς
935 2018 1121 2072 αὐτόν.
1161 2020 1227 2071 "A
1255 2017 1327 2091 δὴ
1358 2020 1532 2072 πάντα
1571 2017 1906 2089 κηρύττουσι
1929 2019 2020 2071 διὰ

437 2103 533 2157 τοῦ
568 2107 874 2175 σχήματος,
915 2101 1029 2171 οἷός
1061 2125 1119 2159 τε
1152 2108 1250 2161 καὶ
1273 2107 1462 2174 πόσος,
1498 2108 1726 2178 πηλίκος
1762 2126 1823 2171 τε
1858 2111 1884 2162 ὁ
1922 2107 2016 2161 τοῦ

438 2199 575 2251 Θεοῦ
599 2199 890 2271 ἄνθρωπος
934 2198 1004 2272 ἦν
1035 2198 1285 2271 Συμεώνῖ
1332 2201 1674 2271 Παράκειται
1704 2202 1759 2254 δὲ
1806 2202 1884 2270 τῷ
1916 2202 2020 2254 σώ-

442 2309 575 2359 ματι
608 2292 708 2346 καὶ
736 2295 766 2346 ὁ
813 2295 876 2347 ἐκ
924 2294 1152 2363 σιδήρου
1192 2295 1571 2363 πεποιημένος
1599 2294 1799 2356 κλοιός·
1834 2294 1892 2356 ὃς
1924 2295 2018 2348 καὶ

438 2386 621 2453 αὐτὸς,
651 2388 874 2457 σύναμα
905 2388 984 2455 τῷ
1009 2388 1328 2459 καρτερικῷ
1351 2388 1567 2439 ἐκείνου
1600 2386 1698 2440 καὶ
1731 2386 2019 2456 πολυάθλῳ

441 2480 655 2549 σώματι
689 2481 1088 2544 συναεθλεύων,
1141 2486 1238 2537 καὶ
1284 2484 1397 2535 τῶν
1442 2487 1505 2535 ἐκ
1538 2482 1676 2535 Θεοῦ
1709 2484 2017 2551 μετέσχηκε

436 2571 680 2641 δωρεῶν.
719 2572 857 2624 Οὐδὲ
892 2575 997 2640 γὰρ
1027 2573 1232 2643 καίπερ
1282 2572 1633 2626 ἀποθανόντα
1670 2572 1761 2627 τὸν
1792 2570 2018 2640 Συμεὼν

437 2665 465 2715 ὁ
493 2667 731 2735 ἐραστὴς
764 2665 937 2734 αὐτῷ,
971 2666 1112 2719 είπω
1145 2665 1191 2717 δ’
1221 2666 1303 2718 ὅτι
1346 2665 1441 2717 καὶ
1485 2663 1762 2734 ἐρώμενος
1800 2663 2018 2733 σίδηρος

437 2756 826 2821 ἀπολέλοιπεν,
846 2756 1042 2827 ὥσπερ
1068 2758 1490 2827 ἀποσκιρτήσας
1515 2759 1612 2827 τῆς
1631 2756 1800 2824 καλῆς
1827 2756 2012 2820 ξυναυ-

437 2848 577 2910 λίας·
611 2848 727 2901 ἀλλ’
760 2849 958 2919 ἐκείνῳ
991 2849 1352 2917 παράκειται,
1383 2849 1486 2902 ὅσα
1509 2847 1574 2918 δὴ
1606 2849 1701 2900 καὶ
1726 2847 1788 2899 τὸ
1809 2846 2021 2900 ἐκείνου

443 2942 604 3011 σῶμα
642 2941 1142 3009 διαπραττόμενος.
1181 2940 1369 3002 Οὕτως
1410 2941 1602 3008 ἔμοιγε
1632 2940 1747 3002 τοῖς
1781 2939 2021 2992 καθέκα-

442 3052 567 3091 στον
613 3035 722 3087 τῶν
757 3035 968 3086 ἐκείνου
1010 3034 1150 3101 ἔρως
1182 3032 1528 3096 ἐπεξελθεῖν,
1580 3033 1853 3102 ὠφέλειαν
1889 3050 2025 3103 προ-

442 3124 727 3197 ξενήσουσι
749 3125 1094 3195 διηγουμένῳ
1120 3126 1214 3176 καὶ
1242 3127 1356 3185 τοῖς
1387 3124 1835 3192 ἐντυγχάνουσιν,
1869 3125 1917 3174 εἰ
1945 3125 2020 3193 μὴ

441 3219 873 3291 προειρημένοις
904 3216 1070 3279 θείοις
1102 3215 1360 3284 ἀνδράσιν
1388 3214 1554 3280 ἀξίως
1582 3214 1680 3278 καὶ
1712 3215 1858 3284 μάλα
1880 3215 2023 3285 λαμ·-

441 3313 597 3383 ⁴ιιρῶς
629 3312 726 3365 καὶ
761 3312 841 3373 εἰς
890 3309 1097 3374 πλάτος
1145 3309 1327 3364 πάντα
1378 3311 1688 3377 πεπόνηται
1709 3324 1724 3337 ·
1754 3307 1928 3370 ἄλλως
1959 3325 2020 3360 τε

442 3408 540 3459 καὶ
575 3404 715 3475 πρὸς
760 3403 896 3458 ἄλλα
927 3403 1029 3470 τῆς
1068 3400 1407 3469 ἐπαγγελίας
1451 3401 1577 3470 ἐμοὶ
1624 3399 2019 3470 προκειμένης,

440 3495 579 3555 τέως
654 3493 795 3561 ὅπερ
859 3490 1092 3551 ἐκείνοις
1159 3488 1599 3560 παραλέλειπται
1661 3487 2021 3559 διηγήσομαι.

444 3582 702 3652 Μάνδραν
757 3581 880 3652 μὲν,
925 3578 1000 3642 ὡς
1038 3576 1280 3648 εἴρηται,
1329 3576 1420 3630 τὸν
1454 3577 1634 3648 χῶρον
1682 3575 1938 3629 καλοῦσιν
1972 3576 2023 3627 οἱ

445 3670 734 3744 ἐπιχώριοι
762 3673 861 3741 τῆς
883 3672 1198 3740 ἀσκήσεως,
1228 3669 1327 3723 τοῦ
1353 3671 1501 3722 ὁσίου
1524 3670 1621 3739 τὴν
1652 3668 1847 3738 κλῆσιν
1874 3666 2024 3737 αὒτῷ

446 3764 857 3827 ἐπιδεδωκότος.
888 3764 1154 3835 Διέστηκε
1189 3763 1246 3817 δὲ
1282 3762 1633 3826 Θεουπόλεως
1659 3761 1897 3825 σταδίοις
1923 3763 2025 3832 μά-

447 3858 605 3911 λιστα
652 3857 992 3927 τριακοσίοις
1039 3859 1177 3926 πρὸς
1210 3855 1343 3909 αὐτὸ
1371 3855 1432 3908 τδ
1465 3854 1695 3917 ἄναντες
1729 3854 1827 3922 τῆς
1861 3871 2027 3925 κορυ-

447 3950 554 4019 φῆς
578 3950 672 4003 τοῦ
702 3950 861 4021 ὅρους
889 3950 1239 4019 διακειμένηο
1266 3948 1327 4000 τὸ
1358 3947 1403 4000 δ’
1433 3947 1694 4001 ἐπέκεινα
1723 3945 2025 4015 πρόσαντες

445 4044 631 4114 διήκει
667 4045 906 4106 σταδίοις
935 4042 1170 4096 εἴκοσινο
1208 4041 1294 4110 ἐφ’
1344 4040 1373 4093 ὃ
1419 4040 1514 4093 καὶ⁸
1544 4037 1679 4102 νεὼς
1721 4038 1919 4107 ἀνέστη
1949 4034 2028 4104 τῷ

449 4138 594 4206 ἁγίῳ
638 4138 696 4198 ἒς
744 4135 986 4204 σταυροῦ
1018 4135 1206 4206 σχῆμα
1243 4131 1696 4200 διατυπούμενος,
1737 4131 1803 4182 ὲκ
1828 4130 2027 4183 τεσσά-

454 4245 562 4298 ρων
603 4225 858 4296 πλευρῶν
887 4224 1068 4288 θόλοις
1100 4223 1506 4293 κοσμούμενος.
1531 4220 1724 4283 Κίονες
1747 4220 1806 4273 δὲ
1838 4218 2026 4283 ξεστοῦ

450 4324 603 4385 λίθου
630 4318 1000 4389 πεποιημένοι
1030 4316 1490 4386 παρατετάχαται
1521 4314 1643 4375 ταῖς
1677 4313 1862 4371 στοαῖς
1893 4310 2028 4379 πρὸς

448 4415 512 4469 τὸ
541 4411 1013 4486 εὐπρεπέστερον,
1062 4408 1125 4462 εὖ
1181 4407 1331 4479 μάλα
1381 4408 1480 4476 τὴν
1527 4404 1736 4475 ὀροφὴν
1775 4405 1866 4466 εἰς.
1898 4402 2031 4472 ’ὕψος

451 4507 795 4577 ἐπαίροντες*
838 4505 902 4557 τὸ
950 4501 1009 4561 δὲ
1053 4501 1218 4570 μέσον
1257 4500 1395 4569 αὐλή
1421 4499 1504 4577 τίς
1531 4501 1682 4551 ἐστιν
1717 4495 2027 4566 ὑπαίθριος,

1374 480 1972 581 ΕεςιΕεΙΑεΤιεΑε
2010 522 2396 586 HlS'l‘ORI/E
2435 530 2576 592 LIB.
2622 532 2781 594 x1v.

433 626 551 696 νου)
580 627 865 698 ἠγάγομεν
891 630 950 683 τὸ
970 631 1240 700 πανὰγιον
1270 633 1430 701 σῶμα
1464 633 1560 687 τοῦ
1582 634 1833 703 Συμεὼν,
1859 634 2007 696 ὅπως

2126 651 2223 701 .ur,
2259 639 2611 696 decertarent

3565 532 3702 599 1216

2660 659 2675 696 :
2726 652 2890 712 atque
2931 642 2985 697 id
3042 643 3134 697 vix
3180 643 3401 699 tandem
3464 644 3696 707 salvum,

2117 729 2303 784 multis
2334 732 2391 785 in
2422 731 2620 789 itinere
2651 734 2934 805 miraculis
2954 735 3239 801 exhibitis,
3273 735 3580 791 Antiochia:
3615 753 3707 792 τον

2116 822 2356 893 positum
2385 833 2489 878 est.
2531 825 2588 878 ld
2622 827 2790 880 etiam
2826 836 3012 895 postea
3047 827 3352 896 imperator
3384 826 3430 881 is
3464 828 3533 883 ab
3590 827 3703 883 An-

2116 914 2391 971 tiochenis
2421 917 2525 972 sibi
2553 917 2671 972 dari
2710 918 2889 988 petiit.
2942 921 3011 975 At
3053 919 3128 974 illi
3188 919 3577 989 precaturibus
3628 921 3697 975 ad

2115 1022 2242 1061 eum
2275 1008 2477 1073 missis,
2518 1009 2666 1063 inter
2687 1010 2791 1064 alia
2818 1023 2874 1065 et
2906 1010 3022 1064 bzec
3045 1011 3300 1080 precibus
3325 1013 3440 1066 suis
3469 1011 3702 1085 addide-

2116 1115 2176 1154 re
2207 1118 2221 1155 :
2255 1119 2275 1152 ι
2315 1101 2614 1170 Propterea
2646 1105 2789 1172 quod
2828 1105 2960 1158 urbs
2985 1114 3170 1158 nostra
3199 1120 3417 1159 murum
3453 1122 3560 1160 non
3601 1105 3706 1159 ha-

2114 1193 2294 1256 beret,
2320 1194 2416 1262 qui
2468 1209 2666 1264 magno
2702 1203 3053 1249 terraamotus
3097 1198 3301 1264 impetu
3338 1196 3569 1258 corruit,
3611 1212 3702 1250 sa-

2116 1295 2463 1340 crosanctum
2501 1286 2792 1356 Symeonis
2847 1301 3050 1357 corpus
3095 1291 3203 1342 huc
3235 1288 3590 1353 addi-ximus,
3644 1296 3703 1341 ut

2118 1379 2278 1432 nobis
2304 1393 2403 1448 pro
2464 1394 2622 1433 muro
2653 1388 2710 1432 et
2744 1380 2889 1433 vallo
2928 1390 3098 1433 esset.
3174 1398 3194 1431 ›
3246 1381 3460 1445 Quibus
3518 1379 3704 1433 verbis

2116 1485 2262 1541 aegre
2313 1471 2424 1525 Leo
2488 1480 2792 1537 exoratus,
2836 1469 3095 1541 precibus
3148 1484 3340 1527 eorum
3402 1471 3589 1537 cessit,
3649 1482 3704 1526 et

2118 1574 2369 1617 sanctum
2402 1562 2695 1635 Symeonis
2756 1579 2963 1634 corpus
2994 1565 3075 1619 eis
3116 1564 3360 1633 reliquit.
3419 1562 3573 1628 Quod
3627 1562 3704 1618 ibi

2119 1657 2528 1725 posterioribus
2581 1654 2921 1726 temporibus
2965 1659 3032 1710 ad
3092 1655 3199 1710 hoc
3247 1672 3423 1724 usque
3486 1666 3705 1725 tempus

2121 1760 2398 1803 Servatum
2423 1762 2545 1804 esse
2578 1748 2784 1802 scimus
2820 1747 2920 1819 (l).
2959 1748 3034 1821 De
3063 1747 3169 1802 hoc
3200 1747 3513 1823 mirandum
3546 1748 3707 1816 quid-

2121 1842 2268 1903 dam,
2311 1841 2405 1911 qui
2430 1841 2484 1897 id
2523 1842 2801 1899 viderunt.
2828 1851 3158 1895 memorant.
3189 1840 3323 1894 Nam
3353 1840 3548 1910 capitis
3585 1841 3708 1907 ejus

2122 1930 2196 1986 ct.
2235 1934 2418 1988 barba:
2456 1932 2685 2002 capillos
2717 1948 2827 1987 non
2882 1932 3175 1995 excidisse,
3226 1946 3407 2000 neque
3449 1941 3701 2002 tempore

2123 2023 2443 2092 longissimo
2480 2022 2832 2077 intercidisse
2860 2020 3059 2076 aiunt:
3094 2018 3189 2089 qui
3226 2021 3276 2072 vi
3310 2020 3578 2089 temporis
3609 2035 3705 2074 su-

2122 2126 2332 2186 perata,
2363 2115 2594 2170 formam
2620 2115 2804 2169 adhuc
2829 2114 2932 2169 viri
2956 2113 3137 2169 sancti
3176 2113 3350 2167 veluti
3390 2113 3628 2167 viventis
3648 2120 3705 2165 et

2121 2210 2263 2264 inter
2302 2209 2555 2264 homines
2578 2209 2848 2263 versantis
2878 2208 3277 2263 conservarint.
3301 2207 3517 2276 Integra
3535 2206 3701 2260 etiam

2120 2302 2242 2370 ejus
2281 2301 2428 2356 dicta
2456 2311 2540 2356 est
2593 2300 2763 2355 fuisse
2794 2299 2936 2354 cutis
2972 2299 3176 2364 omnis,
3213 2307 3379 2368 atque
3413 2298 3468 2351 in
3521 2296 3704 2351 fronte

2122 2393 2399 2463 praecipue
2417 2393 2608 2448 labore
2645 2402 2700 2446 et
2730 2401 2978 2461 tempore
3032 2390 3208 2444 multo
3244 2388 3499 2459 rugosior
3535 2398 3704 2456 atque

2121 2482 2315 2537 durior
2346 2483 2511 2536 facta.
2535 2480 2660 2537 Oris
2685 2482 2815 2536 item
2847 2481 3069 2544 dentes,
3108 2479 3216 2534 illis
3267 2477 3516 2547 exceptis
3564 2492 3706 2546 quos

2123 2576 2365 2631 ﬁdelium
2396 2591 2590 2629 manus
2629 2583 2856 2644 propter
2887 2573 3169 2641 egregium
3217 2572 3428 2626 ineunt
3458 2584 3702 2624 amorem

2122 2668 2424 2724 abstulere.
2460 2667 2591 2733 Qua:
2617 2682 2751 2720 sane
2783 2667 2969 2720 omnia
3001 2676 3275 2720 staturam
3310 2664 3433 2730 ejus
3462 2671 3518 2715 et
3547 2660 3706 2715 habi-

2125 2771 2265 2823 tum,
2298 2760 2481 2830 qualis
2502 2768 2559 2812 et
2609 2770 2853 2829 quantus
2902 2757 2997 2812 Dei
3035 2758 3204 2811 homo
3230 2755 3534 2825 Symeones
3584 2752 3707 2806 fue-

2124 2855 2219 2914 rit.
2256 2853 2523 2908 declarat.
2560 2853 2724 2906 Juxta
2748 2866 2956 2919 corpus
2985 2850 3110 2919 ejus
3133 2847 3301 2902 etiam
3334 2856 3564 2915 torques
3594 2843 3708 2898 fer-

2124 2961 2257 3001 reus
2280 2946 2497 3014 positus
2522 2952 2608 2999 cst
2646 2961 2661 2998 :
2691 2942 2786 3012 qui
2823 2952 2881 2997 et
2918 2943 3058 3011 ipse,
3101 2940 3249 3009 quod
3282 2938 3558 3007 constanti
3621 2938 3704 2991 illi

2123 3048 2179 3093 et
2212 3036 2341 3090 forti
2402 3036 2457 3090 in
2505 3033 2905 3090 certaminibus
2946 3032 3117 3086 variis
3166 3029 3389 3098 corpori
3440 3027 3706 3092 adfuerit,

2124 3128 2394 3189 honorem
2427 3140 2554 3180 eum
2605 3139 2634 3178 a
2664 3125 2778 3178 Deo
2807 3132 3143 3178 consecutus
3189 3129 3295 3173 est.
3352 3117 3486 3172 Nam
3527 3130 3704 3185 quan-

2125 3220 2329 3275 tumvis
2360 3217 2682 3273 delunctum
2712 3215 3045 3288 Symeonem
3085 3228 3278 3267 amans
3317 3210 3488 3273 illius,
3522 3208 3704 3262 dicam

2123 3314 2289 3368 etiam
2311 3318 2552 3367 amatum
2577 3309 2761 3364 abillo
2788 3311 3022 3370 ferrum,
3042 3322 3153 3360 non
3178 3302 3424 3373 reliquit,
3449 3310 3704 3369 tanquam

2124 3401 2193 3456 ab
2224 3401 2374 3456 illius
2403 3400 2635 3470 pulchra
2669 3396 3076 3459 consuetudine
3112 3394 3368 3448 resiliens
3393 3407 3409 3444 :
3434 3391 3527 3446 sed
3548 3390 3703 3461 juxta

2124 3495 2280 3550 illum
2313 3493 2479 3549 situm
2504 3501 2608 3557 est,
2646 3491 2816 3548 veluti
2851 3504 3055 3559 corpus
3077 3488 3227 3541 illius
3257 3484 3578 3556 perlicieus.
3612 3484 3702 3536 ln-

2124 3605 2259 3659 gens
2290 3602 2423 3643 vero
2457 3586 2594 3641 mihi
2648 3585 2851 3655 cupido
2891 3583 3218 3646 incesserat,
3243 3595 3333 3633 res
3353 3578 3477 3647 ejus
3503 3576 3709 3646 sigilla-

2127 3682 2224 3735 tim
2269 3678 2620 3743 recensendi,
2652 3676 2945 3730 utilitatem
2978 3682 3034 3729 et
3056 3672 3191 3726 mihi
3219 3667 3705 3730 commemoranti,

2125 3781 2182 3826 et
2213 3771 2502 3826 historiam
2537 3772 2679 3825 hanc
2706 3767 2908 3838 legenti
2972 3765 3242 3820 aliaturas
3285 3781 3299 3818 :
3340 3762 3446 3816 nisi
3499 3761 3568 3814 ab
3603 3759 3708 3823 eis,

2127 3879 2266 3932 quos
2288 3862 2424 3928 dixi,
2456 3862 2661 3917 sanctis
2685 3861 2819 3916 viris
2850 3874 2948 3929 pro
2975 3872 3043 3911 co
3097 3865 3266 3925 atque
3305 3856 3488 3917 decet,
3542 3852 3706 3906 lucu-

2128 3955 2308 4009 lenter
2335 3963 2391 4008 et
2414 3952 2640 4023 copiose
2668 3959 2857 4008 essent
2886 3948 3183 4018 descriptae
3217 3964 3230 4000 :
3262 3945 3539 4015 praecipue
3581 3956 3709 3995 cum

2130 4045 2196 4099 ad
2228 4046 2334 4099 alia
2368 4060 2491 4114 qure
2523 4044 2759 4099 instituti
2792 4042 3158 4112 promissique
3189 4039 3368 4092 nostri
3412 4044 3544 4091 sunt
3569 4033 3712 4087 refe-

2132 4137 2300 4191 renda
2331 4136 2494 4191 nobis
2533 4134 2941 4205 properandum
2969 4134 3062 4189 sit.
3102 4132 3285 4197 Quare
3317 4128 3710 4184 unum'saitem

2129 4227 2277 4295 quod
2314 4226 2519 4280 abillis
2551 4226 2988 4295 praetermissum
3036 4234 3143 4290 est,
3184 4239 3333 4277 nunc
3372 4232 3712 4282 commemo-

2132 4321 2284 4374 rabo.
2312 4319 2618 4380 Mandram,
2646 4318 2810 4372 sicuti
2841 4316 3050 4371 dictum
3093 4323 3200 4378 est,
3228 4310 3518 4365 monastici
3549 4324 3711 4363 εἰει-ο
3744 4364 3753 4371 ,

2133 4412 2249 4467 citii
2283 4412 2407 4481 ejus
2434 4410 2619 4466 locum
2648 4410 2846 4465 incolas
2870 4411 3182 4472 nominant,
3215 4404 3585 4475 appellatione
3620 4401 3716 4455 tali

2134 4503 2183 4556 ei
2210 4518 2241 4557 a
2274 4512 2465 4558 sancto
2489 4503 2607 4571 ipso
2638 4503 2757 4556 viro
2780 4500 3058 4570 imposita.
3078 4497 3237 4568 563
3265 4498 3439 4550 Distat
3476 4510 3506 4547 a
3533 4493 3719 4547 Theo-

451 4575 615 4671 τέχνη
643 4600 706 4669 δή
754 4614 860 4655 τινι
910 4594 1378 4669 π).είστῃ.ἄκρως
1422 4575 1850 4663 ἐξειργασμένῳ
1893 4590 2024 4643 ὅπου

2136 4594 2245 4665 poli
2276 4596 2470 4651 stadiis
2496 4596 2796 4666 plurimum
2844 4595 3131 4655 trecentis,
3164 4591 3232 4645 ad
3268 4588 3533 4644 acclirem
3562 4600 3720 4638 mon-

453 4693 595 4746 κατὰ
632 4692 800 4759 μέσον
846 4692 874 4742 ὁ
929 4687 1534 4759 τεσσαρακοντάπηχυς
1588 4687 1799 4748 ἐκεῖνος
1849 4684 2034 4753 ἵδρυτο

455 4783 624 4836 κίων·
674 4773 720 4848 ᾧ
770 4779 1126 4850 χρησάμενος
1172 4778 1201 4830 ὁ
1245 4778 1395 4840 ὅσιος
1425 4777 1681 4846 κλίμακι,
1714 4776 1744 4835 ὁ
1771 4773 2034 4843 ἔνσαρκος

452 4874 687 4941 ἄγγελος
717 4872 854 4941 πρὸς
883 4871 975 4928 τὸν
1003 4871 1261 4940 οὐράνιον
1288 4870 1566 4939 ἀνέδραμε
1599 4868 1804 4938 χῶρον.
1835 4866 1957 4920 Τῶν
1991 4863 2036 4919 δ’

455 4965 764 5037 εἰρημένων
799 4982 892 5034 μοι
943 4963 1117 5016 στοῶν
1163 4962 1301 5031 πρὸς
1352 4964 1419 5032 τῇ
1465 4963 1683 5031 κορυφῇ
1732 4958 2034 5027 κλειθρίδιά

455 5073 577 5109 τινα
603 5054 959 5117 καθεστᾶσιν,
983 5053 1131 5122 ειπερ
1162 5051 1296 5105 ἔνιοι
1321 5050 1547 5121 θυρίδας
1582 5050 1764 5102 καλεῖν
1788 5049 2030 5102 εἰώθασι.

461 5148 605 5219 Πρὸς
639 5148 832 5209 αὑταῖς
860 5145 928 5216 δὴ
950 5147 1071 5207 ταῖς
1093 5147 1294 5206 ’στοαῖς
1327 5145 1423 5204 καὶ
1446 5145 1510 5197 τὸ
1542 5143 1709 5213 ῥηθὲν
1743 5139 2035 5211 προαύλιον

457 5241 730 5312 ὕπαιθρον
778 5239 1166 5311 ἀποκρίνεται,
1226 5238 1324 5292 καὶ
1372 5238 1558 5307 χώραν
1615 5235 1889 5298 διδούσαις
1924 5236 2035 5295 τοῖς

458 5333 759 5402 ᾑρημένοις
812 5329 970 5390 ἐκτὸς
1007 5329 1144 5399 ὁρᾷν
1178 5326 1402 5391 ἔσωθεν,
1442 5326 1538 5380 καὶ
1580 5325 1692 5378 ἔσω
1741 5323 1905 5378 πάλιν
1931 5323 2038 5376 ἀπὸ

459 5425 571 5477 τῶν
611 5422 835 5490 ἔξωθεν.
894 5420 1068 5481 Ἔνθα
1114 5420 1208 5472 τὸν
1248 5420 1684 5490 παρακύπτοντα
1727 5418 1863 5487 ὁρᾷν
1888 5416 2038 5469 ἐστιν

458 5517 667 5587 ἀστέρα
692 5516 817 5569 τινὰ
847 5513 1210 5585 ὑπερμεγέθη
1237 5512 1360 5566 καθ’
1391 5512 1538 5573 ᾆπαν
1568 5513 1628 5565 τὸ
1653 5512 1892 5581 θυρίδιον
1920 5511 2039 5563 δια·

463 5610 655 5661 θέοντα
689 5605 1129 5677 καὶίπεριφανῶς
1158 5605 1647 5672 σελαγίζοντα,καὶ
1670 5604 1873 5657 ὡσανεὶ
1894 5620 2036 5655 παυ-

532 5766 611 5836 (l)
659 5766 873 5837 Corpus
911 5765 1183 5821 Simcouis
1218 5781 1388 5835 usque
1420 5766 1485 5837 ad
1541 5763 1756 5834 Evagrii
1808 5761 2035 5819 Schola-

463 5835 854 5906 stiCiteutpora
878 5838 1152 5906 integrum
1180 5838 1413 5889 duravit.
1436 5835 1606 5905 Hujus
1630 5845 1795 5904 caput
1819 5850 1876 5889 se
1904 5849 2030 5906 cum

468 5907 653 5960 multis
681 5904 1059 5960 sacerdotibus
1105 5908 1306 5959 vidisse
1352 5904 1543 5960 scribit
1592 5906 1857 5974 Evagrius
1913 5904 2032 5971 cpi-

467 5992 689 6039 scottutn
742 5976 1047 6037 Antiochia:
1101 5985 1291 6039 agente
1348 5977 1707 6034 celeberrimo
1742 5975 2029 6035 Gregorio,

2145 4688 2213 4743 tis
2242 4688 2510 4743 verticem
2545 4688 2671 4743 sita.
2714 4687 2993 4742 Ascensus
3050 4682 3258 4738 arduus
3296 4678 3604 4735 stadiorum
3635 4676 3720 4728 vi-

2139 4782 2276 4852 ginti
2306 4789 2412 4843 est,
2462 4779 2555 4834 ubi
2601 4788 2658 4833 et
2704 4778 2971 4847 templum
3006 4773 3127 4828 viro
3157 4780 3370 4837 sancto,
3423 4768 3477 4822 in
3533 4765 3721 4821 crucis

2139 4872 2378 4942 Speciem
2415 4856 2916 4935 conformatum,et
2946 4884 3013 4922 ex
3043 4874 3285 4936 quatuor
3311 4859 3567 4933 partibus
3588 4874 3720 4928 por-

2142 4966 2341 5039 ticibus
2370 4972 2727 5029 exornatum,
2758 4962 3064 5018 excitatum
3129 4968 3236 5014 est.
3272 4957 3435 5013 Juxta
3467 4954 3722 5026 porticus

2136 5070 2231 5111 eas
2256 5072 2324 5110 ex
2370 5069 2503 5110 saxo
2528 5054 2697 5124 polito
2723 5054 2997 5108 columna:
3020 5048 3413 5105 decentissime
3432 5054 3724 5102 construc—

2142 5159 2208 5203 tae
2241 5158 2391 5213 sunt,
2422 5163 2546 5218 qua:
2599 5161 2871 5202 summam
2905 5144 3242 5200 testudinem
3274 5139 3613 5212 perpulchre
3662 5139 3720 5191 in

2140 5240 2374 5295 sublime
2395 5238 2673 5293 attollunt.
2709 5237 2767 5291 ιιι
2799 5235 2984 5291 medio
3008 5234 3315 5306 hypaethra,
3347 5231 3465 5286 sive
3488 5228 3719 5285 subdia-

2139 5332 2211 5387 lis
2236 5332 2359 5386 aula
2386 5340 2491 5397 est,
2526 5342 2645 5386 arte
2671 5329 2943 5399 exquisita
2976 5333 3041 5381 atl
3074 5339 3354 5382 summum
3415 5323 3715 5379 elaborata.

2140 5424 2199 5479 lu
2226 5423 2403 5478 media
2438 5438 2525 5486 ea,
2560 5423 2818 5477 columna
2853 5420 2945 5475 illa
2978 5418 3344 5490 quadraginta
3399 5413 3719 5468 cubitorum

2140 5525 2270 5579 stat,
2320 5531 2425 5584 qua
2466 5522 2690 5569 sanctus
2720 5504 2811 5569 ille
2838 5514 2924 5567 vir
2970 5519 3027 5566 et
3049 5509 3288 5565 carnalis
3339 5506 3566 5576 angelus
3598 5513 3722 5557 tan-

2141 5623 2305 5678 quam
2337 5607 2500 5663 scalis
2528 5620 2682 5672 usus,
2718 5605 2784 5674 ad
2821 5604 3105 5659 caelestem
3138 5598 3468 5656 conscendit
3530 5595 3717 5666 regio-

2138 5778 2261 5817 cuut
2296 5760 2638 5832 Philippicus
2668 5756 3013 5814 orientalium
3048 5754 3331 5832 copiarum
3367 5748 3722 5832 (luxu-praesi-

2136 5835 2207 5887 tlii
2231 5848 2397 5963 lcausa
2428 5822 2531 5889 sibi
2565 5845 2747 5887 sacras
2772 5835 3085 5883 sanctorum
3116 5822 3386 5893 reliquias
3423 5822 3565 5875 tnitti
3615 5832 3718 5889 po-

2136 5919 2222 5958 stu
2254 5912 2390 5963 aret,

2136 5919 2390 5963 Slulill‘el.
