4092 6484
450 322 584 390 1251

1651 322 2075 384 NICEPHORI
2117 318 2462 384 CALLIS’I‘I

3593 319 3615 381 l
3627 314 3725 378 253

447 450 636 494 monte
661 436 950 491 monachis
977 433 1194 504 przefuit
1221 450 1234 489 :
1265 432 1426 488 Nilus
1449 440 1502 486 ct
1531 431 1748 487 Marcus
1779 433 2029 504 praeclari

2150 432 2332 494 Νεῖλός
2371 429 2563 504 τεκαὶ
2613 427 2848 498 Μάρκος
2892 427 2941 480 οἱ
2995 426 3311 498 περιϐόητοι
3346 428 3615 498 ἁσκηταί·
3645 428 3706 482 Et

447 539 675 594 ascette,
709 539 768 584 et
824 528 1044 596 sapiens
1084 527 1212 580 item
1248 525 1375 596 Cyri
1409 524 1486 594 (l)
1523 525 1772 580 ecclesia-
1810 525 2042 581 antistes

446 624 861 685 Theodoritus,
896 636 1134 690 quorum
1177 633 1371 688 magna
1405 617 1580 686 gloria
1613 625 1697 671 est
1719 657 1734 680 ,
1778 627 1838 670 ut
1866 627 2044 687 poetae

449 717 639 771 verbis
673 725 816 770 utar.
864 715 1210 782 Pracceptore
1256 711 1292 764 ii
1331 710 1384 764 in
1420 717 1657 778 utraque
1689 710 2044 779 philosolihia

449 789 650 878 magno
685 806 770 861 usi
819 815 951 860 sunt
994 803 1416 874 Chrysostomo.
1470 801 1640 871 Igitur
1683 802 1903 858 divinus
1949 803 2046 858 lsi-

449 902 622 955 dorus
658 900 770 970 jam
817 897 948 952 inde
994 896 1063 950 ab
1109 895 1485 951 adolescentia
1517 896 1593 949 ita
1629 896 1684 950 in
1721 895 2045 952 monasticis

448 994 731 1048 laboribus
761 991 1088 1056 desudavit,
1119 1000 1176 1046 et
1213 993 1288 1047 ita
1321 1007 1573 1058 carnem,
1602 992 1847 1046 animam
1879 1007 2044 1047 arca-

453 1085 538 1138 nis
567 1083 1103 1152 sublimioribusque
1145 1081 1420 1137 doctrinis
1452 1082 1680 1148 fovens,
1716 1085 2044 1151 maceravit,

450 1187 511 1231 ut
560 1177 931 1246 evangelicam
985 1191 1218 1246 prorsus
1268 1175 1496 1245 degeret
1548 1175 1762 1242 vitam;
1815 1185 1871 1230 et
1919 1177 2043 1231 viva

450 1268 806 1338 animataque
839 1267 1127 1323 monastici
1163 1266 1406 1321 instituti
1444 1267 1758 1336 divinaeque
1791 1278 2044 1323 contem-

452 1361 712 1430 platiouis
743 1361 1001 1418 columna
1025 1400 1039 1424 ,
1075 1368 1132 1414 et
1170 1359 1339 1412 veluti
1381 1357 1710 1427 primarium
1757 1359 2040 1427 quoddam

449 1453 764 1520 exemplum
798 1452 1081 1522 ﬂagrantis
1112 1450 1482 1506 aemulationis
1517 1451 1901 1521 doctrinaeque
1933 1452 2045 1520 spi-

453 1545 667 1598 ritualis
700 1553 866 1598 esset.
901 1544 1071 1598 Multa
1105 1545 1173 1597 ab
1203 1559 1273 1597 eo
1299 1543 1504 1612 scripta
1540 1553 1691 1609 sunt,
1724 1545 1890 1599 variae
1930 1545 2042 1599 uti~

450 1636 623 1690 litatis
688 1637 893 1705 plena:
953 1636 1302 1705 potissimum
1372 1645 1602 1698 autem,
1673 1636 2041 1706 epistolarum

450 1727 632 1780 omnis
685 1727 902 1796 generis
965 1727 1156 1781 divina
1210 1728 1378 1782 simul
1436 1742 1495 1782 et
1554 1729 1799 1782 humana
1858 1731 2037 1799 gratia

451 1817 816 1882 refertarum,
854 1834 1026 1888 prope
1072 1819 1241 1873 millia
1276 1820 1503 1879 decem.
1544 1823 1598 1874 in
1645 1823 1847 1891 quibus
1881 1821 2036 1876 Scri-

452 1920 670 1981 pturam
703 1927 926 1967 omnem
957 1913 1166 1966 clarius
1195 1913 1446 1982 exponit,
1480 1925 1538 1968 et
1567 1928 1760 1967 omnes
1790 1914 2038 1968 omnium

455 2005 742 2060 hominum
773 2021 956 2061 mores
999 2007 1278 2070 instituit,
1309 2007 1516 2078 quippe
1555 2009 1650 2077 qui
1687 2007 1910 2062 dicendi
1943 2023 2039 2077 ge-

449 2098 586 2153 nere
635 2099 702 2154 ad
756 2098 1069 2154 docendum
1119 2101 1538 2155 accommodato
1589 2100 1643 2153 in
1692 2100 1775 2154 eis
1827 2109 2038 2155 utatur.

452 2190 598 2246 Satis
639 2207 861 2261 quoque
895 2192 987 2247 ille
1019 2191 1293 2259 declarat,
1331 2208 1442 2262 quo
1474 2192 1674 2247 ardore
1709 2206 1844 2264 erga
1864 2192 2043 2246 hone-

450 2292 676 2348 atatem,
711 2299 839 2354 erga
873 2285 1200 2349 Ecclesiam,
1237 2295 1291 2339 et
1331 2300 1429 2341 eos
1461 2287 1556 2356 qui
1598 2295 1805 2340 temere
1842 2286 2043 2357 injuria

452 2375 824 2442 aﬂicerentur,
871 2376 1146 2446 flagravit.
1197 2377 1425 2431 Multum
1471 2389 1742 2446 praeterea
1779 2377 1833 2431 in
1884 2377 2046 2431 lucu-

453 2463 812 2520 brationibus
848 2467 967 2522 suis
1000 2445 1304 2522 invehitur
1336 2451 1388 2522 in
1412 2483 1508 2522 eos
1533 2469 1624 2538 qui
1658 2483 1767 2521 non
1794 2466 1899 2522 rite
1927 2468 2045 2537 epi-

452 2556 661 2625 scopali
685 2558 1130 2628 sacerdotalique
1152 2575 1379 2613 munere
1399 2558 1784 2630 fungerentur.
1812 2561 1876 2613 Et
1898 2559 2046 2629 quod

453 2656 646 2717 aperte
675 2648 1136 2720 Chrysostomum
1171 2651 1524 2714 defenderet,
1558 2651 1918 2706 vehementer
1945 2653 2050 2706 Ar-

454 2739 674 2792 cadium
712 2750 767 2794 et
811 2740 1113 2812 Cyrillum,
1157 2753 1322 2812 atque
1370 2743 1536 2815 hujus
1574 2754 1835 2813 patruum
1863 2745 2047 2800 Theo-

455 2832 667 2899 philum
721 2833 1080 2902 perstringit,
1131 2849 1441 2904 eorumque
1490 2836 1748 2890 sinistras
1780 2837 2080 2902 adversus

400 2953 405 2960 -
455 2927 636 2980 virum
665 2942 790 2981 eum
829 2938 1120 2995 susceptas
1156 2929 1482 2984 molitioucs
1515 2939 1664 2984 taxat
1694 2951 1708 2985 :
1741 2947 1864 3001 quae
1895 2932 2046 2986 illum

455 3019 650 3070 eodem
679 3033 803 3070 cum
825 3017 905 3072 eis
927 3027 1173 3088 tempore
1196 3021 1443 3090 viguisse
1463 3029 1759 3076 testantur.
1785 3022 2048 3094 Cyrillum
2078 3043 2084 3048 ·

2150 526 2205 578 δέ
2236 524 2330 576 καὶ
2361 524 2388 574 ό
2409 522 2508 591 τὴν
2534 519 2729 588 σοφίαν
2755 520 2921 583 πολὺς
2948 520 3295 590 Θεοδώρητος
3322 522 3420 590 τῆς
3438 522 3730 591 Κυρεστῶι

2149 615 2451 686 ἐκκλησίας
2488 611 2860 683 ἱερατεύσας·
2920 607 2995 666 ὧν
3049 613 3182 682 εὐρὺ
3241 613 3400 676 κλέος
3450 616 3586 666 κατὰ
3628 616 3725 683 τὴν

2152 710 2397 778 ποίησιν·
2447 707 2755 777 διδασκάλῳ
2810 706 2888 778 τῷ
2943 707 3163 776 μεγάλῳ
3212 707 3582 776 Χρυσοσιόμῳ
3635 712 3729 760 καί

2149 802 2272 856 κατ’
2301 800 2472 871 ἄμφω
2501 799 2839 870 φιλοσοφίας
2869 802 3120 870 χρησάμε
3135 816 3228 851 νοι.
3266 799 3326 851 '0
3356 797 3454 867 μὲν
3477 797 3568 850 οὖν
3592 799 3731 861 θεῖος

2159 896 2432 965 Ἰσίδωρος
2465 894 2528 960 ἐξ
2559 894 2636 948 ἔτι
2670 895 2791 947 νέου
2828 898 2946 957 τοῖς
2979 893 3304 963 ἀσκητικοῖς
3356 891 3500 944 οὓτω
3548 891 3730 954 πόνοις

2150 985 2434 1054 ἐνίδρωσε,
2464 986 2560 1038 καὶ
2604 985 2706 1055 τὴν
2740 987 2924 1054 σάρκα
2961 983 3254 1054 κατέτηξε,
3283 983 3379 1055 τὴν
3407 983 3584 1054 ψυχὴν
3619 985 3729 1044 τοῖς

2149 1077 2527 1146 ἀναγωγικοῖς
2569 1078 2776 1139 πιάνας
2830 1077 2940 1130 τῶν
2972 1076 3168 1144 λόγων,
3201 1076 3275 1140 ὼς
3321 1077 3614 1144 άγγελικὺν
3637 1075 3729 1128 ἇν-

2148 1182 2342 1236 τικρυς
2395 1166 2685 1237 μετελθεῖν
2738 1166 2876 1238 βίον,
2931 1167 3025 1220 καὶ
3069 1167 3274 1238 στήλην
3321 1167 3506 1232 ζῶσάν
3548 1181 3606 1217 τε
3638 1167 3731 1217 καὶ

2149 1261 2397 1330 ἔμψυχον
2431 1263 2534 1326 τῆς
2581 1280 2640 1316 τε
2695 1260 3037 1331 μοναστικῆς
3093 1261 3307 1330 διαίτης
3356 1259 3449 1312 καὶ
3498 1258 3597 1328 τῆς
3654 1261 3731 1320 sic

2147 1354 2281 1406 Θεὸν
2322 1353 2582 1422 θεωρίας,
2621 1353 2714 1406 καλ⁴
2745 1349 2858 1406 οἷόν
2891 1369 2945 1405 τι
2978 1351 3288 1422 ἀρχέτυπον
3324 1349 3491 1419 ζήλου
3523 1349 3616 1402 καὶ
3647 1349 3726 1401 διο

2148 1445 2457 1508 δασκαλίας
2503 1445 2893 1520 ,πνευματικῆς
2925 1444 3279 1513 ἐγγενέσθαι.
3309 1444 3418 1496 Καὶ
3449 1443 3512 1512 δὴ
3563 1441 3731 1494 πολλὰ

2150 1541 2250 1608 μὲν
2291 1539 2444 1608 αὑτῷ
2479 1539 2700 1609 ἐγράφη
2741 1537 3016 1607 ὠφελείας
3067 1537 3283 1606 ἁπάσης
3331 1535 3575 1605 ἐμπλεω·
3629 1533 3733 1604 μά·-

2148 1631 2308 1684 λιστα
2339 1633 2382 1685 δ’
2414 1632 2723 1698 ἐπιστολαὶ,
2766 1633 2990 1703 χάριτος
3037 1633 3299 1686 παντοίας
3330 1630 3547 1698 μεσταὶ,
3583 1627 3731 1689 θείας

2146 1739 2206 1774 τε
2233 1723 2351 1791 ἅμα
2390 1725 2487 1776 καὶ
2513 1723 2886 1792 ἀνθρωπίνης,
2935 1723 3070 1775 ὡσεὶ
3107 1721 3345 1792 χιλιάδες
3375 1721 3528 1774 δέκα·
3557 1719 3625 1772 δι’
3655 1713 3730 1771 ὧν

2144 1816 2328 1868 πᾶσάν
2356 1831 2414 1867 τε
2447 1815 2677 1886 Γραφὴν
2710 1813 3025 1883 σαφηνίζει,
3065 1817 3158 1866 καὶ
3191 1813 3416 1880 σύμπαν
3448 1808 3574 1882 ἦθος
3609 1830 3732 1865 παι*

2141 1905 2312 1973 δεύει,
2349 1906 2896 1975 διδασκαλικώτερον
2932 1905 3260 1975 ποιούμενος
3295 1905 3394 1976 τὴν
3428 1904 3726 1974 ὑφήγησιν.

2155 2000 2450 2068 Ἐμφαίνει
2481 2002 2536 2053 δέ
2570 2001 2662 2054 καὶ
2711 2001 2770 2053 ὃν
2813 1996 2961 2071 εἶχεν
3015 2000 3160 2066 ὑπὲρ
3205 1999 3296 2052 τοῦ
3349 1998 3518 2052 καλοῦ
3569 1998 3730 2068 ζῆλον

2145 2092 2291 2164 ὑπέρ
2325 2109 2387 2145 τε
2413 2093 2520 2161 ,τῆς
2559 2093 2896 2163 Ἐκκλησίας
2933 2094 3027 2146 καὶ
3058 2093 3168 2145 τῶν
3218 2093 3394 2156 ἄλλως
3439 2092 3730 2161 ἀδικουμέ-

2146 2202 2278 2239 νων.
2315 2184 2529 2256 Πολλὴν
2585 2186 2642 2238 δέ
2701 2188 2795 2240 καὶ
2830 2185 3186 2256 καταδρομὴν
3234 2184 3349 2237 ἐστι
3393 2187 3507 2246 τοῖς
3540 2187 3730 2255 ἐκείνῳ

2147 2281 2471 2350 πονηθεῖσιν
2503 2280 2687 2350 εὑρεῖν
2720 2274 2803 2343 οἷς
2837 2277 3094 2350 ἱερᾶσθαι
3128 2279 3260 2348 παρ’
3293 2277 3449 2342 ἀξίαν
3506 2279 3726 2346 συνέϐη.

2151 2373 2452 2442 Ἀντικρυς
2479 2372 2525 2426 δ’
2575 2373 2719 2443 ὑπὲρ
2750 2372 2844 2425 τοῦ
2880 2371 3276 2441 Χρυσοστόμου
3325 2372 3535 2432 πνέων,
3565 2371 3731 2425 πολλά

2148 2481 2208 2517 τε
2256 2463 2548 2532 ’ᾼρκαδίου
2592 2463 2687 2517 καὶ
2739 2462 3018 2532 Κυρίλλου
3069 2462 3164 2515 καὶ
3217 2461 3310 2514 τοῦ
3361 2462 3509 2516 θείου
3542 2465 3729 2530 ἐκείνῳ

2149 2556 2416 2626 Θεοφίλου
2449 2556 2822 2625 καθάπτεται,
2865 2555 3164 2627 διελέγχων
3199 2557 3299 2626 τὴν
3329 2559 3469 2609 κατὰ
3519 2559 3611 2609 τοῦ
3641 2560 3732 2609 ἀν,-

2148 2651 2277 2720 δρδς
2311 2649 2492 2704 αὐτῶν
2530 2650 2860 2720 σκαιωρίαν·
2897 2648 2966 2703 δι’
3005 2644 3081 2702 ὧν
3132 2648 3407 2701 δείκνυται
3452 2651 3548 2702 καὶ
3593 2650 3730 2702 κατὰ

2151 2745 2243 2795 τὸν
2278 2745 2445 2795 αὐτὸν
2504 2743 2738 2804 ἐκείνοις
2795 2743 3148 2814 συνακμάσαι
3199 2744 3413 2813 χρόνον.
3464 2742 3730 2813 Κύριλλον

2149 2835 2284 2903 γοῦν
2340 2835 2417 2896 ὡς
2477 2835 2772 2906 ταραχώδη
2832 2835 2995 2903 δῆθεν
3049 2835 3441 2901 ἀναστέλλων,
3483 2837 3576 2889 καὶ
3616 2837 3729 2890 τάδ’

2151 2928 2481 2982 ἐπιστέλλει·
2533 2946 2552 2978 ι
2588 2929 3074 2996 Προσπάθειαομέν
3108 2930 3207 2982 οὐκ
3235 2929 3559 3001 ὀξυδορκεῖ·
3586 2931 3732 2984 ἀντι-

2153 3022 2357 3075 πάθεια
2391 3022 2448 3074 δὲ
2477 3022 2616 3085 ὅλως
2648 3023 2747 3091 οὐχ
2780 3024 2903 3093 ὁρᾷ.
2939 3021 3000 3074 Εί
3033 3023 3211 3074 τοίνυν
3242 3022 3514 3091 ἑκατέρας
3555 3022 3730 3095 λύμης

454 3123 590 3163 sane
626 3107 850 3177 quidem
900 3119 959 3162 ut
1002 3110 1283 3164 hominem
1331 3112 1712 3168 turbulentum
1767 3115 2046 3181 refellens,

2156 3110 2337 3180 βούλει
2388 3114 2591 3164 σαυτὸν
2638 3111 3000 3181 καθαρεῦσαι,
3057 3111 3134 3181 μὴ
3189 3111 3370 3180 βιαίας
3427 3114 3728 3182 ἀποφάσεις

457 3200 571 3251 haec
621 3214 843 3268 quoque
895 3200 1136 3255 serihit:
1177 3220 1195 3252 ‹
1253 3202 1486 3258 Fat-oris
1539 3206 1764 3274 quidem
1827 3208 2050 3265 affectio

456 3299 682 3343 acutum
719 3306 829 3344 non
869 3291 1036 3355 videt,
1070 3292 1287 3348 hostilis
1321 3310 1450 3350 vero
1483 3297 1656 3352 animi
1689 3300 1877 3354 odium
1911 3301 2050 3356 nihil

458 3399 688 3453 prorsus
717 3386 915 3439 cernit.
955 3385 1114 3457 567
1149 3387 1306 3452 Quod
1345 3392 1390 3442 si
1425 3399 1661 3461 utroque
1694 3393 1799 3448 hoc
1827 3395 1959 3450 \‘itio
1997 3406 2049 3452 te

460 3492 698 3547 purgare
749 3479 930 3548 ipsum
965 3489 1022 3534 et
1067 3480 1307 3536 liberare
1339 3482 1452 3545 vis,
1507 3501 1578 3540 ne
1609 3486 1882 3544 violentas
1923 3506 2052 3546 sen-

462 3571 666 3626 tentias
705 3581 1070 3641 extorqueto,
1103 3574 1196 3628 sed
1237 3575 1392 3644 justo
1426 3576 1640 3647 judicio
1670 3595 1865 3636 causas
1896 3597 2050 3638 com-

461 3663 687 3718 mittito.
732 3665 1194 3736 Quandoquidem
1235 3678 1292 3724 et
1335 3670 1468 3735 Deo,
1505 3671 1598 3740 qui
1647 3675 1830 3728 omnia
1872 3677 2051 3745 prius.

460 3769 626 3822 quam
673 3753 805 3808 ﬁant
851 3759 1042 3822 novit,
1075 3758 1496 3824 perhumaniter
1528 3769 1583 3814 et
1612 3761 1847 3831 benigne
1876 3765 2049 3834 placi-

463 3856 577 3898 tum
613 3845 717 3898 fuit
768 3855 829 3900 ut
857 3847 1242 3912 descenderet,
1265 3860 1323 3904 et
1353 3850 1652 3906 clamorem
1680 3853 2048 3913 Sodomorum

459 3938 699 4002 videret,
727 3949 897 3994 certa:
926 3950 980 3994 ct
1009 3951 1218 3995 exacta:
1249 3941 1632 4011 inquisitionis
1658 3945 1820 4000 nobis
1852 3962 2050 4017 propo-

461 4045 602 4083 nens
632 4032 970 4101 exemplum.
1017 4032 1170 4086 Multi
1206 4049 1442 4104 namque
1487 4036 1580 4105 qui
1628 4037 1826 4106 Ephesi
1863 4049 2045 4095 tecum

461 4124 780 4192 congregati
831 4123 1008 4190 fuere,
1043 4125 1261 4194 publice
1311 4135 1364 4181 te
1411 4128 1730 4194 traducunt,
1762 4132 1911 4200 quod
1943 4133 2049 4187 ini-

463 4215 702 4269 micitias
758 4223 882 4269 tuas
932 4228 1262 4285 persecutus
1311 4219 1390 4274 sis
1424 4238 1436 4273 :
1468 4230 1524 4273 et
1565 4236 1673 4276 non
1724 4222 1827 4278 rite
1879 4236 2047 4295 atque

460 4305 678 4368 ordine,
709 4307 864 4376 juxta
898 4315 1060 4362 rectae
1096 4307 1223 4364 ﬁdei
1259 4312 1610 4372 sententiam,
1668 4329 1730 4368 ea
1770 4330 1890 4384 quae
1916 4316 2046 4371 Jcsu

459 4394 669 4448 Christi
702 4405 852 4461 sunt,
885 4398 1230 4466 qua-siveris.
1265 4400 1583 4471 Theophili,
1610 4404 1892 4474 inquiunt,
1920 4423 2045 4462 cum

2152 3202 2402 3269 ἐκόίαζε,
2457 3202 2598 3256 ἀλλὰ
2633 3205 2816 3272 κρίσει
2844 3205 3031 3274 δικαίᾳ
3064 3206 3164 3269 τὰς
3196 3205 3376 3266 αίτίας
3419 3207 3729 3275 ἐπίτρεψον.

2165 3295 2389 3364 Ἐπειδὴ
2420 3296 2514 3349 καὶ
2539 3295 2672 3360 Θεὸς
2699 3300 2727 3350 ὁ
2758 3297 2937 3351 πάντα
2963 3296 3120 3360 εἰδὼς
3152 3299 3259 3367 πρὸ
3279 3299 3544 3364 γενέσεως
3568 3316 3732 3350 κατα-

2153 3386 2318 3456 ϐῆναι
2343 3389 2436 3440 καὶ
2472 3388 2572 3459 τὴν
2595 3389 2849 3460 κραυγὴν
2888 3390 3020 3443 ίδείν
3050 3390 3303 3459 Σοδόμων
3335 3391 3731 3462 φιλανθρώπως

2151 3480 2479 3550 ηὐδόκησεν,
2511 3483 2661 3552 ἡμᾶς
2693 3482 2963 3552 ἀκριϐοῦς
3023 3483 3256 3553 ἐρεύνης
3302 3483 3567 3537 διδάσκων
3598 3488 3730 3538 {md-

2155 3573 2327 3628 θεσιν.
2356 3575 2553 3628 Πολλοὶ
2575 3575 2686 3646 γάρ
2715 3592 2775 3628 σε
2806 3575 3137 3646 κωμῳδοῦσι
3173 3558 3280 3629 τῶν
3304 3578 3732 3644 συνειλεγμένων

2152 3663 2233 3723 εἰς
2273 3663 2533 3732 Ἔφεσον,
2573 3663 2650 3728 ὡς
2708 3665 2917 3718 οίκείαν
2965 3667 3308 3737 ἀμυνόμενον
3353 3667 3572 3737 ἔχθραν,
3617 3670 3728 3720 αλλ’

2153 3755 2213 3806 οὐ
2245 3756 2314 3809 τὰ
2364 3756 2543 3824 Ἰησοῦ
2575 3757 2817 3827 Χριστοῦ
2846 3758 3144 3829 ὀρθοδόξως
3169 3759 3457 3829 ζητοῦντα.
3495 3761 3730 3829 Ἀδελφι·

2153 3847 2277 3910 δοῦς
2311 3847 2450 3915 ἐστι,
2503 3851 2661 3918 φασὶ,
2698 3851 2962 3920 Θεοφίλου
3013 3851 3357 3922 μιμούμενος
3395 3855 3604 3908 ἐκείνου
3636 3856 3731 3925 τὴν

2153 3940 2406 4010 γνώμην.
2444 3943 2661 4013 ’Ὥσπερ
2700 3943 2810 4013 γὰρ
2837 3945 3047 4008 ἐκεῖνος
3073 3944 3276 4013 μανίαν
3299 3945 3446 4013 σαφῆ
3476 3949 3731 3999 κατεσκευ-

2151 4031 2282 4084 δασε
2336 4037 2478 4086 κατὰ
2531 4035 2626 4087 τοῦ
2679 4034 2946 4106 θεοφόρου
2999 4037 3094 4089 καὶ
3131 4037 3419 4106 θεοφιλοῦς
3461 4038 3729 4101 Ἰωάννου,

2149 4124 2326 4186 οὕτως
2350 4125 2617 4196 ἐπιθυμεῖ
2646 4128 3038 4197 καυχήσασθαι
3072 4128 3171 4181 καί
3197 4127 3376 4193 οὗτος,
3404 4131 3452 4182 εί
3480 4133 3572 4184 καὶ
3599 4131 3730 4184 πολὺ

2149 4215 2258 4269 τῶν
2316 4218 2656 4286 κρινομένων
2686 4221 2804 4271 ἐστὶ
2857 4219 2919 4272 τὸ
2950 4220 3230 4291 διάφορον.
3271 4241 3290 4274 ι
3343 4224 3452 4275 Καὶ
3479 4220 3634 4286 αὖθις
3674 4228 3731 4276 ἐν

2152 4311 2350 4380 ἑτέρῳ,
2411 4331 2430 4364 ι
2464 4315 2624 4367 Φοῆεῖ
2661 4331 2752 4383 με,
2811 4317 2968 4386 φησὶ,
3025 4317 3094 4369 τὰ
3146 4318 3248 4386 τῆς
3306 4318 3458 4382 θείας
3514 4321 3731 4389 Γραφῆς

2152 4402 2554 4473 ὑποδείγματα,
2589 4407 2688 4458 καὶ
2722 4406 2961 4475 γράφειν
2988 4407 3056 4459 τὰ
3085 4409 3272 4477 χρεὼν
3323 4411 3724 4482 ἀναγκάζομαι.

381 4543 388 4553 1
463 4486 650 4539 fratris
699 4486 846 4541 illius
887 4489 982 4552 sit,
1037 4501 1278 4545 mentem
1329 4507 1392 4546 ac
1441 4496 1773 4550 sententiam
1823 4513 2044 4569 quoque

2153 4492 2276 4546 Εἴτε
2315 4496 2424 4566 γὰρ
2478 4499 2664 4568 πατήρ
2718 4500 2858 4568 εῖμι,
2890 4499 2964 4562 ὡς
3017 4500 3154 4570 ἐφης
3191 4503 3377 4569 αὐτὸς,
3437 4505 3587 4560 δέδια
3639 4507 3729 4560 τοῦ

464 4577 615 4631 illius
649 4577 922 4635 imitatur.
969 4579 1452 4646 Quemadmodum
1485 4587 1634 4641 enim
1669 4590 1760 4644 ille
1797 4601 2041 4660 apertam

462 4668 732 4722 insaniam
785 4671 841 4724 in
894 4680 1147 4725 sanctum
1200 4683 1258 4729 et
1303 4675 1414 4730 Deo
1463 4676 1725 4733 dilectum
1775 4681 2041 4738 Joannem

461 4759 678 4824 eﬂ‘udit,
726 4759 802 4814 ita
849 4771 904 4815 et
936 4763 1038 4817 iste
1070 4764 1302 4834 gloriam
1349 4770 1543 4823 eodem
1587 4770 1810 4828 affectat
1858 4775 2045 4842 modo,

461 4853 712 4923 quamvis
741 4869 920 4909 causae
951 4857 1082 4924 ipsae
1111 4867 1165 4912 et
1195 4875 1282 4914 res
1311 4859 1381 4915 de
1422 4862 1626 4930 quibus
1657 4867 2042 4922 controversia

461 4954 547 4998 est
573 4959 908 5014 magnopere
940 4950 1088 5004 inter
1122 4964 1183 5004 se
1209 4951 1540 5006 dissideant.
1572 4971 1593 5005 ι
1626 4953 1682 5009 in
1715 4957 1822 5010 alia
1854 4973 2048 5015 rursus

462 5038 698 5108 epistola
731 5039 848 5093 hmc
876 5041 1073 5096 scribit
1107 5059 1121 5095 :
1159 5057 1179 5094 ι
1205 5044 1443 5100 Terrent
1475 5061 1561 5100 me
1595 5063 1716 5117 quae
1751 5049 1806 5104 in
1842 5051 2048 5108 divinis

461 5129 768 5200 Scripturis
799 5133 1017 5202 prodita
1051 5146 1183 5189 sunt
1219 5138 1492 5206 exempla,
1527 5147 1582 5194 et
1613 5157 1738 5210 quae
1779 5159 1919 5212 opus
1960 5157 2046 5202 est

462 5225 781 5277 necessario
816 5223 1064 5280 scribere
1097 5241 1286 5296 cogor.
1323 5227 1451 5284 Sive
1486 5232 1634 5286 enim
1669 5244 1850 5304 pater,
1878 5239 2047 5295 sicuti

506 5419 610 5501 _(l)
646 5419 787 5502 .Cyri
823 5420 1034 5502 oppidi,
1069 5423 1160 5476 ubi
1213 5422 1585 5502 Thcodoritus
1642 5433 2050 5491 ecclesiasticus

462 5490 764 5568 historicus
817 5494 1193 5568 episcopatum
1249 5498 1440 5563 gessit.
1477 5514 1618 5568 saepe
1660 5503 1710 5554 in
1748 5505 1832 5558 his
1891 5490 2051 5561 libris

461 5563 600 5614 facta
653 5571 762 5641 est“
803 5562 1033 5641 mentio.
1086 5562 1263 5641 Situm
1317 5577 1403 5620 est
1443 5569 1495 5622 in
1543 5562 1722 5641 Syria,
1755 5590 1782 5626 a
1819 5574 2046 5640 .ludzeis,

461 5648 584 5714 cum
623 5647 701 5714 ex“
727 5632 1011 5714 lfalgestina
1040 5634 1387 5714 anhledorum
1404 5632 1664 5714 exercitu
1702 5632 1753 5702 in
1809 5632 2048 5714 captivi;

460 5708 620 5782 tatem
655 5701 982 5782 abducti,et
1008 5719 1037 5756 a
1073 5703 1212 5782 (gyro
1238 5709 1698 5782 regeJPersarum
1728 5714 1782 5766 in
1813 5701 2048 5782 pairiam

461 5771 700 5825 restituti
733 5781 938 5841 essent,
975 5784 1033 5829 ut
1068 5771 1326 5841 aliquanf
1355 5777 1432 5832 illi
1467 5796 1564 5843 pro
1597 5791 1748 5836 tanto
1777 5771 2049 5840 beneficio

2159 4586 2309 4640 Ἠλεὶ
2349 4590 2449 4660 τὴν
2498 4592 2852 4663 κατάκρισιν,
2902 4595 2986 4646 ὅτι
3034 4597 3160 4658 τοὺς
3196 4595 3346 4658 υἱοὺς
3385 4599 3729 4669 ἁμαρτόντας

2147 4679 2248 4734 οὐκ
2276 4683 2672 4753 ἐσωφρόνισεν·
2706 4683 2818 4738 εἴτε
2849 4687 2963 4750 υίός
2998 4704 3091 4740 σου
3114 4692 3394 4760 τυγχάνω,
3423 4694 3496 4756 ὡς
3528 4695 3727 4761 μᾶλλον

2150 4771 2462 4843 ἐπίσταμαι
2491 4776 2584 4828 τὸν
2621 4777 2799 4846 μέγαν
2829 4779 3269 4850 σχηματίζοντος
3308 4784 3555 4851 Μάρκον,
3583 4789 3728 4850 άγωι

2148 4865 2247 4918 νιῶ
2285 4868 2381 4920 τοῦ
2422 4870 2680 4924 Ἰωνάθαν
2715 4871 2779 4924 τὸ
2808 4874 3092 4942 ἐπιτίμιον
3115 4889 3128 4906 ·
3163 4877 3243 4928 ὅτι
3271 4875 3362 4929 τὸν
3395 4880 3604 4949 πατέρα
3636 4880 3727 4948 ζη-

2148 4960 2392 5029 τήσαντα
2430 4965 2878 5036 ἐγγαστρίμυθον
2909 4968 3010 5020 οὐκ
3039 4969 3306 5022 ἐκώλυσε·
3339 4972 3435 5024 καὶ
3461 4973 3723 5043 πρότερο,

2150 5053 2245 5104 τοῦ
2281 5055 2706 5126 ἁμαρτήσαντος
2749 5059 2778 5110 ὁ
2825 5060 3072 5114 κωλῦσαι
3129 5061 3436 5132 δυνάμενος
3471 5065 3729 5137 τέθνηκεν

2152 5149 2234 5209 είς
2265 5149 2358 5200 τὸν
2402 5150 2660 5220 πόλεμον.
2694 5152 2823 5205 Ἰνα
2859 5154 3039 5208 τοίνυν
3072 5156 3228 5223 κάγὼ
3273 5157 3349 5228 μὴ
3393 5158 3725 5228 κατακριθῶ,

2154 5239 2252 5292 καὶ
2284 5241 2451 5305 αὐτὸς
2489 5244 2646 5315 παρὰ
2693 5245 2830 5299 Θεοῦ
2869 5247 2946 5318 μὴ
2978 5247 3196 5319 κριθῇς,
3225 5250 3434 5304 παῦσον
3466 5253 3564 5316 τὰς
3615 5253 3727 5322 ἐρι-

2153 5441 2419 5516 memoris
2441 5443 2607 5516 animi
2640 5443 2911 5500 referrent
2937 5447 3186 5516 gratiam,
3219 5448 3520 5505 conditum.
3555 5451 3606 5506 ld
3637 5453 3727 5507 ad-

2153 5511 2380 5592 modum
2437 5513 2768 5592 aliquandiu
2802 5511 3140 5586 neglectum,
3171 5511 3511 5592 Justinianus
3543 5533 3725 5591 postea

2155 5588 2800 5660 instauravit,__munivi-t
2837 5599 2895 5641 et
2945 5589 3272 5660 exornavit,
3322 5588 3556 5660 propter
3592 5594 3729 5647 duos

2154 5651 2496 5732 Cosmarnnet
2535 5655 2874 5732 Damianum,
2909 5659 3000 5727 qui
3033 5657 3100 5712 ad
3152 5659 3206 5712 id
3243 5651 3499 5730 oppidum
3530 5666 3724 5732 sepulti

2155 5731 2336 5775 erant.
2379 5723 2662 5794 (l‘roc0p.)
