  <div class='ocr_page' id='page_1' title='image "/cluster/home/n/w/nwhite01/storage/ocr_20150623/146:no.2/coo.31924054870518/634.png"; bbox 0 0 4092 6460; ppageno 0'>
   <div class='ocr_carea' id='block_1_1' title="bbox 424 321 2002 394">
    <p class='ocr_par' dir='ltr' id='par_1_1' title="bbox 424 321 2002 388">
     <span class='ocr_line' id='line_1_1' title="bbox 424 321 2002 388; baseline 0.003 -5"><span class='ocrx_word' id='word_1_1' title='bbox 424 321 562 385; x_wconf 70' lang='grc'><strong>1253</strong></span> <span class='ocrx_word' id='word_1_2' title='bbox 1348 326 1948 388; x_wconf 66' lang='lat' dir='ltr'><strong>ECCLESIASTICIE</strong></span> <span class='ocrx_word' id='word_1_3' title='bbox 1990 329 2002 388; x_wconf 83' lang='lat'>1</span> 
     </span>
    </p>
   </div>
   <div class='ocr_carea' id='block_1_2' title="bbox 2107 321 3689 394">
    <p class='ocr_par' dir='ltr' id='par_1_2' title="bbox 2107 326 3689 394">
     <span class='ocr_line' id='line_1_2' title="bbox 2107 326 3689 394; baseline 0.004 -8"><span class='ocrx_word' id='word_1_4' title='bbox 2107 326 2380 389; x_wconf 76' lang='lat' dir='ltr'><strong>iTORLE</strong></span> <span class='ocrx_word' id='word_1_5' title='bbox 2418 327 2567 387; x_wconf 85' lang='lat' dir='ltr'><strong>LIB.</strong></span> <span class='ocrx_word' id='word_1_6' title='bbox 2612 328 2767 389; x_wconf 79' lang='grc' dir='ltr'>Χιν.</span> <span class='ocrx_word' id='word_1_7' title='bbox 3557 335 3689 394; x_wconf 71' lang='grc'><strong>1254</strong></span> 
     </span>
    </p>
   </div>
   <div class='ocr_carea' id='block_1_3' title="bbox 416 435 2002 511">
    <p class='ocr_par' dir='ltr' id='par_1_3' title="bbox 416 435 2002 511">
     <span class='ocr_line' id='line_1_3' title="bbox 416 435 2002 511; baseline 0.001 -22"><span class='ocrx_word' id='word_1_8' title='bbox 416 437 533 499; x_wconf 81' lang='grc' dir='ltr'>δας⁶</span> <span class='ocrx_word' id='word_1_9' title='bbox 581 435 657 508; x_wconf 82' lang='grc' dir='ltr'>μὴ</span> <span class='ocrx_word' id='word_1_10' title='bbox 713 438 925 502; x_wconf 75' lang='grc' dir='ltr'><strong>οἰκείας</strong></span> <span class='ocrx_word' id='word_1_11' title='bbox 977 437 1189 508; x_wconf 80' lang='grc' dir='ltr'>ὓϐρεως</span> <span class='ocrx_word' id='word_1_12' title='bbox 1237 440 1473 509; x_wconf 77' lang='grc' dir='ltr'><strong>ἄμυναν,</strong></span> <span class='ocrx_word' id='word_1_13' title='bbox 1534 442 1567 509; x_wconf 81' lang='grc' dir='ltr'>ἢ</span> <span class='ocrx_word' id='word_1_14' title='bbox 1604 442 1753 511; x_wconf 70' lang='grc' dir='ltr'>παρὰ</span> <span class='ocrx_word' id='word_1_15' title='bbox 1796 441 2002 509; x_wconf 69' lang='grc' dir='ltr'>θνητῶν</span> 
     </span>
    </p>
   </div>
   <div class='ocr_carea' id='block_1_4' title="bbox 2107 435 3685 511">
    <p class='ocr_par' dir='ltr' id='par_1_4' title="bbox 2114 437 3685 508">
     <span class='ocr_line' id='line_1_4' title="bbox 2114 437 3685 508; baseline 0.002 -18"><span class='ocrx_word' id='word_1_16' title='bbox 2114 437 2229 507; x_wconf 89' lang='lat' dir='ltr'><strong>ipse</strong></span> <span class='ocrx_word' id='word_1_17' title='bbox 2264 438 2425 500; x_wconf 87' lang='lat' dir='ltr'><strong>dicis,</strong></span> <span class='ocrx_word' id='word_1_18' title='bbox 2452 437 2725 508; x_wconf 85' lang='lat' dir='ltr'><strong>judicium</strong></span> <span class='ocrx_word' id='word_1_19' title='bbox 2764 446 2820 493; x_wconf 89' lang='lat' dir='ltr'><strong>et</strong></span> <span class='ocrx_word' id='word_1_20' title='bbox 2857 439 3376 494; x_wconf 74' lang='lat' dir='ltr'><strong>condemnationem</strong></span> <span class='ocrx_word' id='word_1_21' title='bbox 3414 439 3533 495; x_wconf 83' lang='lat' dir='ltr'><strong>Heli</strong></span> <span class='ocrx_word' id='word_1_22' title='bbox 3572 456 3685 495; x_wconf 88' lang='lat' dir='ltr'><strong>me-</strong></span> 
     </span>
    </p>
   </div>
   <div class='ocr_carea' id='block_1_5' title="bbox 419 527 2002 603">
    <p class='ocr_par' dir='ltr' id='par_1_5' title="bbox 419 528 2002 603">
     <span class='ocr_line' id='line_1_5' title="bbox 419 528 2002 603; baseline 0.003 -23"><span class='ocrx_word' id='word_1_23' title='bbox 419 528 854 600; x_wconf 86' lang='grc' dir='ltr'>κεχρεώστηται,</span> <span class='ocrx_word' id='word_1_24' title='bbox 888 531 988 601; x_wconf 80' lang='grc' dir='ltr'>τὴν</span> <span class='ocrx_word' id='word_1_25' title='bbox 1021 532 1205 596; x_wconf 81' lang='grc' dir='ltr'>ζῶσαν</span> <span class='ocrx_word' id='word_1_26' title='bbox 1237 532 1570 603; x_wconf 82' lang='grc' dir='ltr'>Ἐκκλησίαν</span> <span class='ocrx_word' id='word_1_27' title='bbox 1604 533 1882 602; x_wconf 52' lang='lat' dir='ltr'><strong>asseasse.</strong></span> <span class='ocrx_word' id='word_1_28' title='bbox 1907 536 2002 585; x_wconf 69' lang='lat' dir='ltr'><strong>mi.</strong></span> 
     </span>
    </p>
   </div>
   <div class='ocr_carea' id='block_1_6' title="bbox 2107 527 3691 603">
    <p class='ocr_par' dir='ltr' id='par_1_6' title="bbox 2107 527 3691 595">
     <span class='ocr_line' id='line_1_6' title="bbox 2107 527 3691 595; baseline 0.006 -19"><span class='ocrx_word' id='word_1_29' title='bbox 2107 533 2220 588; x_wconf 89' lang='lat' dir='ltr'><strong>tuo,</strong></span> <span class='ocrx_word' id='word_1_30' title='bbox 2244 527 2390 595; x_wconf 85' lang='lat' dir='ltr'><strong>quod</strong></span> <span class='ocrx_word' id='word_1_31' title='bbox 2426 527 2566 580; x_wconf 86' lang='lat' dir='ltr'><strong>lilios</strong></span> <span class='ocrx_word' id='word_1_32' title='bbox 2590 537 2881 595; x_wconf 73' lang='lat' dir='ltr'><strong>peccantes</strong></span> <span class='ocrx_word' id='word_1_33' title='bbox 2908 545 3013 581; x_wconf 86' lang='lat' dir='ltr'><strong>non</strong></span> <span class='ocrx_word' id='word_1_34' title='bbox 3040 531 3351 585; x_wconf 82' lang='lat' dir='ltr'><strong>ceercuerit</strong></span> <span class='ocrx_word' id='word_1_35' title='bbox 3379 548 3391 585; x_wconf 90' lang='lat'><strong>:</strong></span> <span class='ocrx_word' id='word_1_36' title='bbox 3424 547 3520 585; x_wconf 90' lang='lat' dir='ltr'><strong>seu</strong></span> <span class='ocrx_word' id='word_1_37' title='bbox 3546 532 3691 586; x_wconf 81' lang='lat' dir='ltr'><strong>ﬁlius</strong></span> 
     </span>
    </p>
   </div>
   <div class='ocr_carea' id='block_1_7' title="bbox 420 618 2002 693">
    <p class='ocr_par' dir='ltr' id='par_1_7' title="bbox 420 621 2002 693">
     <span class='ocr_line' id='line_1_7' title="bbox 420 621 2002 693; baseline 0.004 -22"><span class='ocrx_word' id='word_1_38' title='bbox 420 622 641 675; x_wconf 84' lang='grc' dir='ltr'>αἰώνιον</span> <span class='ocrx_word' id='word_1_39' title='bbox 676 621 814 692; x_wconf 78' lang='grc' dir='ltr'>αὐτῇ</span> <span class='ocrx_word' id='word_1_40' title='bbox 863 621 1136 693; x_wconf 85' lang='grc' dir='ltr'>διχόνοιαν</span> <span class='ocrx_word' id='word_1_41' title='bbox 1190 626 1248 677; x_wconf 91' lang='grc' dir='ltr'><strong>ἐν</strong></span> <span class='ocrx_word' id='word_1_42' title='bbox 1300 628 1657 693; x_wconf 82' lang='grc' dir='ltr'><strong>προσχήματι</strong></span> <span class='ocrx_word' id='word_1_43' title='bbox 1714 624 2002 687; x_wconf 81' lang='grc' dir='ltr'>εὐσεϐείας</span> 
     </span>
    </p>
   </div>
   <div class='ocr_carea' id='block_1_8' title="bbox 2107 618 3781 693">
    <p class='ocr_par' dir='ltr' id='par_1_8' title="bbox 2107 618 3781 692">
     <span class='ocr_line' id='line_1_8' title="bbox 2107 618 3781 692; baseline 0.002 -21"><span class='ocrx_word' id='word_1_44' title='bbox 2107 626 2254 681; x_wconf 89' lang='lat' dir='ltr'><strong>tuus,</strong></span> <span class='ocrx_word' id='word_1_45' title='bbox 2302 620 2395 686; x_wconf 86' lang='lat' dir='ltr'><strong>qui</strong></span> <span class='ocrx_word' id='word_1_46' title='bbox 2444 618 2626 688; x_wconf 87' lang='lat' dir='ltr'><strong>magni</strong></span> <span class='ocrx_word' id='word_1_47' title='bbox 2662 619 2814 672; x_wconf 85' lang='lat' dir='ltr'><strong>Sauli</strong></span> <span class='ocrx_word' id='word_1_48' title='bbox 2861 634 3156 688; x_wconf 84' lang='lat' dir='ltr'><strong>personam</strong></span> <span class='ocrx_word' id='word_1_49' title='bbox 3205 622 3401 690; x_wconf 81' lang='lat' dir='ltr'><strong>refers,</strong></span> <span class='ocrx_word' id='word_1_50' title='bbox 3449 638 3591 692; x_wconf 86' lang='lat' dir='ltr'><strong>sum,</strong></span> <span class='ocrx_word' id='word_1_51' title='bbox 3634 626 3688 679; x_wconf 87' lang='lat' dir='ltr'><strong>id</strong></span> <span class='ocrx_word' id='word_1_52' title='bbox 3780 672 3781 675; x_wconf 44' lang='grc' dir='ltr'><strong>η</strong></span> 
     </span>
    </p>
   </div>
   <div class='ocr_carea' id='block_1_9' title="bbox 424 714 1999 786">
    <p class='ocr_par' dir='ltr' id='par_1_9' title="bbox 424 714 1999 786">
     <span class='ocr_line' id='line_1_9' title="bbox 424 714 1999 786; baseline 0.004 -23"><span class='ocrx_word' id='word_1_53' title='bbox 424 714 829 780; x_wconf 79' lang='grc' dir='ltr'>μετασκεύαζε.</span> <span class='ocrx_word' id='word_1_54' title='bbox 864 732 884 765; x_wconf 70' lang='grc' dir='ltr'><strong>ι</strong></span> <span class='ocrx_word' id='word_1_55' title='bbox 926 716 1034 768; x_wconf 80' lang='grc' dir='ltr'>Καὶ</span> <span class='ocrx_word' id='word_1_56' title='bbox 1062 715 1229 769; x_wconf 86' lang='grc' dir='ltr'>πάλιν</span> <span class='ocrx_word' id='word_1_57' title='bbox 1271 716 1403 785; x_wconf 65' lang='grc' dir='ltr'><strong>περὶ¹</strong></span> <span class='ocrx_word' id='word_1_58' title='bbox 1447 716 1543 769; x_wconf 82' lang='grc' dir='ltr'>τοῦ</span> <span class='ocrx_word' id='word_1_59' title='bbox 1584 717 1999 786; x_wconf 82' lang='grc' dir='ltr'>Χρυσοστόμου’</span> 
     </span>
    </p>
   </div>
   <div class='ocr_carea' id='block_1_10' title="bbox 427 801 2005 877">
    <p class='ocr_par' dir='ltr' id='par_1_10' title="bbox 427 801 2005 877">
     <span class='ocr_line' id='line_1_10' title="bbox 427 801 2005 877; baseline 0.005 -24"><span class='ocrx_word' id='word_1_60' title='bbox 427 818 446 852; x_wconf 76' lang='grc' dir='ltr'><strong>ι</strong></span> <span class='ocrx_word' id='word_1_61' title='bbox 484 801 725 873; x_wconf 80' lang='grc' dir='ltr'>Ἐρωτᾷς</span> <span class='ocrx_word' id='word_1_62' title='bbox 754 803 853 874; x_wconf 80' lang='grc' dir='ltr'>τὴν</span> <span class='ocrx_word' id='word_1_63' title='bbox 890 805 1019 875; x_wconf 76' lang='grc' dir='ltr'>περὶ</span> <span class='ocrx_word' id='word_1_64' title='bbox 1049 805 1141 857; x_wconf 78' lang='grc' dir='ltr'><strong>τὸν</strong></span> <span class='ocrx_word' id='word_1_65' title='bbox 1178 804 1468 859; x_wconf 86' lang='grc' dir='ltr'>θεσπέσιον</span> <span class='ocrx_word' id='word_1_66' title='bbox 1497 807 1755 877; x_wconf 85' lang='grc' dir='ltr'>Ἰωάννην</span> <span class='ocrx_word' id='word_1_67' title='bbox 1785 824 2005 877; x_wconf 68' lang='grc' dir='ltr'>τραγῳα</span> 
     </span>
    </p>
   </div>
   <div class='ocr_carea' id='block_1_11' title="bbox 422 892 2003 969">
    <p class='ocr_par' dir='ltr' id='par_1_11' title="bbox 422 892 2003 969">
     <span class='ocr_line' id='line_1_11' title="bbox 422 892 2003 969; baseline 0.003 -24"><span class='ocrx_word' id='word_1_68' title='bbox 422 892 541 946; x_wconf 90' lang='grc' dir='ltr'>δίαν</span> <span class='ocrx_word' id='word_1_69' title='bbox 572 908 587 923; x_wconf 84' lang='grc'><em>’</em></span> <span class='ocrx_word' id='word_1_70' title='bbox 617 895 934 964; x_wconf 83' lang='grc' dir='ltr'>άναφράσαι</span> <span class='ocrx_word' id='word_1_71' title='bbox 963 897 1166 964; x_wconf 87' lang='grc' dir='ltr'>ταύτην</span> <span class='ocrx_word' id='word_1_72' title='bbox 1196 898 1407 968; x_wconf 79' lang='grc' dir='ltr'>ἀπορῶ.</span> <span class='ocrx_word' id='word_1_73' title='bbox 1460 899 1607 969; x_wconf 74' lang='grc' dir='ltr'>Νικᾷ</span> <span class='ocrx_word' id='word_1_74' title='bbox 1635 900 1745 969; x_wconf 82' lang='grc' dir='ltr'><strong>γάρ</strong></span> <span class='ocrx_word' id='word_1_75' title='bbox 1771 900 1938 969; x_wconf 82' lang='grc' dir='ltr'>αὐτὴν</span> <span class='ocrx_word' id='word_1_76' title='bbox 1969 900 2003 968; x_wconf 78' lang='grc' dir='ltr'>ὴ</span> 
     </span>
    </p>
   </div>
   <div class='ocr_carea' id='block_1_12' title="bbox 428 986 2004 1062">
    <p class='ocr_par' dir='ltr' id='par_1_12' title="bbox 428 986 2004 1062">
     <span class='ocr_line' id='line_1_12' title="bbox 428 986 2004 1062; baseline 0.005 -24"><span class='ocrx_word' id='word_1_77' title='bbox 428 986 567 1055; x_wconf 83' lang='grc' dir='ltr'>μέθη</span> <span class='ocrx_word' id='word_1_78' title='bbox 591 988 686 1040; x_wconf 78' lang='grc' dir='ltr'>τοῦ</span> <span class='ocrx_word' id='word_1_79' title='bbox 717 990 1065 1057; x_wconf 88' lang='grc' dir='ltr'>πράγματος.</span> <span class='ocrx_word' id='word_1_80' title='bbox 1090 992 1282 1059; x_wconf 78' lang='grc' dir='ltr'>Μικρὰ</span> <span class='ocrx_word' id='word_1_81' title='bbox 1306 992 1360 1045; x_wconf 82' lang='grc' dir='ltr'>δὲ</span> <span class='ocrx_word' id='word_1_82' title='bbox 1396 993 1658 1060; x_wconf 76' lang='grc' dir='ltr'>μάνθανε.</span> <span class='ocrx_word' id='word_1_83' title='bbox 1679 993 1714 1047; x_wconf 77' lang='grc' dir='ltr'>ἃ</span> <span class='ocrx_word' id='word_1_84' title='bbox 1742 995 1773 1062; x_wconf 83' lang='grc' dir='ltr'>ἠ</span> <span class='ocrx_word' id='word_1_85' title='bbox 1805 995 2004 1061; x_wconf 83' lang='grc' dir='ltr'>γείτων</span> 
     </span>
    </p>
   </div>
   <div class='ocr_carea' id='block_1_13' title="bbox 424 1076 2003 1155">
    <p class='ocr_par' dir='ltr' id='par_1_13' title="bbox 424 1076 2003 1155">
     <span class='ocr_line' id='line_1_13' title="bbox 424 1076 2003 1155; baseline 0.006 -25"><span class='ocrx_word' id='word_1_86' title='bbox 424 1076 706 1144; x_wconf 79' lang='grc' dir='ltr'>Αἴγυπτος</span> <span class='ocrx_word' id='word_1_87' title='bbox 738 1080 990 1149; x_wconf 83' lang='grc' dir='ltr'><strong>συνήθως</strong></span> <span class='ocrx_word' id='word_1_88' title='bbox 1025 1083 1294 1153; x_wconf 75' lang='grc' dir='ltr'>ἡνόμησε,</span> <span class='ocrx_word' id='word_1_89' title='bbox 1325 1084 1417 1137; x_wconf 78' lang='grc' dir='ltr'><strong>τὸν</strong></span> <span class='ocrx_word' id='word_1_90' title='bbox 1452 1087 1653 1137; x_wconf 83' lang='grc' dir='ltr'>Μωσέα</span> <span class='ocrx_word' id='word_1_91' title='bbox 1700 1102 2003 1155; x_wconf 81' lang='grc' dir='ltr'>παραιτου-</span> 
     </span>
    </p>
   </div>
   <div class='ocr_carea' id='block_1_14' title="bbox 430 1169 2008 1248">
    <p class='ocr_par' dir='ltr' id='par_1_14' title="bbox 430 1169 2008 1248">
     <span class='ocr_line' id='line_1_14' title="bbox 430 1169 2008 1248; baseline 0.007 -28"><span class='ocrx_word' id='word_1_92' title='bbox 430 1169 587 1238; x_wconf 81' lang='grc' dir='ltr'>μένη,</span> <span class='ocrx_word' id='word_1_93' title='bbox 616 1170 693 1240; x_wconf 85' lang='grc' dir='ltr'>τῷ</span> <span class='ocrx_word' id='word_1_94' title='bbox 723 1171 926 1238; x_wconf 80' lang='grc' dir='ltr'>Φαραὼ</span> <span class='ocrx_word' id='word_1_95' title='bbox 971 1174 1347 1247; x_wconf 78' lang='grc' dir='ltr'>οἰκειουμένη,</span> <span class='ocrx_word' id='word_1_96' title='bbox 1389 1177 1519 1241; x_wconf 83' lang='grc' dir='ltr'>τοὺς</span> <span class='ocrx_word' id='word_1_97' title='bbox 1570 1178 1871 1240; x_wconf 79' lang='grc' dir='ltr'>ταπεινοὺς</span> <span class='ocrx_word' id='word_1_98' title='bbox 1904 1196 2008 1248; x_wconf 90' lang='grc' dir='ltr'>μα-</span> 
     </span>
    </p>
   </div>
   <div class='ocr_carea' id='block_1_15' title="bbox 429 1260 2010 1337">
    <p class='ocr_par' dir='ltr' id='par_1_15' title="bbox 429 1260 2010 1337">
     <span class='ocr_line' id='line_1_15' title="bbox 429 1260 2010 1337; baseline 0.007 -25"><span class='ocrx_word' id='word_1_99' title='bbox 429 1260 711 1327; x_wconf 77' lang='grc' dir='ltr'>στίζουσα,</span> <span class='ocrx_word' id='word_1_100' title='bbox 762 1265 892 1325; x_wconf 84' lang='grc' dir='ltr'>τοὺς</span> <span class='ocrx_word' id='word_1_101' title='bbox 938 1269 1314 1337; x_wconf 81' lang='grc' dir='ltr'>κοπτομένους</span> <span class='ocrx_word' id='word_1_102' title='bbox 1377 1270 1658 1337; x_wconf 87' lang='grc' dir='ltr'>θλίϐουσα,</span> <span class='ocrx_word' id='word_1_103' title='bbox 1700 1272 1885 1334; x_wconf 86' lang='grc' dir='ltr'>πόλεις</span> <span class='ocrx_word' id='word_1_104' title='bbox 1926 1273 2010 1323; x_wconf 81' lang='lat' dir='ltr'><strong>ol-</strong></span> 
     </span>
    </p>
   </div>
   <div class='ocr_carea' id='block_1_16' title="bbox 428 1349 2006 1433">
    <p class='ocr_par' dir='ltr' id='par_1_16' title="bbox 428 1349 2006 1433">
     <span class='ocr_line' id='line_1_16' title="bbox 428 1349 2006 1433; baseline 0.007 -32"><span class='ocrx_word' id='word_1_105' title='bbox 428 1349 758 1418; x_wconf 83' lang='grc' dir='ltr'>κοδομοῦσα,</span> <span class='ocrx_word' id='word_1_106' title='bbox 778 1356 870 1405; x_wconf 79' lang='grc' dir='ltr'>καὶ</span> <span class='ocrx_word' id='word_1_107' title='bbox 891 1356 1019 1417; x_wconf 80' lang='grc' dir='ltr'>τοὺς</span> <span class='ocrx_word' id='word_1_108' title='bbox 1042 1356 1266 1425; x_wconf 77' lang='grc' dir='ltr'>μισθοὺς</span> <span class='ocrx_word' id='word_1_109' title='bbox 1293 1360 1696 1431; x_wconf 79' lang='grc' dir='ltr'>ἁποστεροῦσα,</span> <span class='ocrx_word' id='word_1_110' title='bbox 1720 1362 1816 1414; x_wconf 84' lang='grc' dir='ltr'><strong>καὶ</strong></span> <span class='ocrx_word' id='word_1_111' title='bbox 1841 1360 2006 1433; x_wconf 83' lang='grc' dir='ltr'>μέχρι</span> 
     </span>
    </p>
   </div>
   <div class='ocr_carea' id='block_1_17' title="bbox 426 1439 2009 1523">
    <p class='ocr_par' dir='ltr' id='par_1_17' title="bbox 426 1439 2009 1523">
     <span class='ocr_line' id='line_1_17' title="bbox 426 1439 2009 1523; baseline 0.008 -30"><span class='ocrx_word' id='word_1_112' title='bbox 426 1439 522 1493; x_wconf 81' lang='grc' dir='ltr'>τοῦ</span> <span class='ocrx_word' id='word_1_113' title='bbox 549 1440 648 1494; x_wconf 78' lang='grc' dir='ltr'>νῦν</span> <span class='ocrx_word' id='word_1_114' title='bbox 679 1442 893 1507; x_wconf 81' lang='grc' dir='ltr'>τούτοις</span> <span class='ocrx_word' id='word_1_115' title='bbox 926 1444 1310 1514; x_wconf 82' lang='grc' dir='ltr'>ἐμμελετῶσα.</span> <span class='ocrx_word' id='word_1_116' title='bbox 1347 1451 1452 1503; x_wconf 86' lang='grc' dir='ltr'><strong>Τὸν</strong></span> <span class='ocrx_word' id='word_1_117' title='bbox 1486 1450 1756 1521; x_wconf 83' lang='grc' dir='ltr'>λιθομανῆ</span> <span class='ocrx_word' id='word_1_118' title='bbox 1776 1452 1889 1523; x_wconf 85' lang='grc' dir='ltr'><strong>γὰρ</strong></span> <span class='ocrx_word' id='word_1_119' title='bbox 1912 1453 2009 1506; x_wconf 73' lang='grc' dir='ltr'><strong>καὶ</strong></span> 
     </span>
    </p>
   </div>
   <div class='ocr_carea' id='block_1_18' title="bbox 426 1534 2008 1614">
    <p class='ocr_par' dir='ltr' id='par_1_18' title="bbox 426 1534 2008 1614">
     <span class='ocr_line' id='line_1_18' title="bbox 426 1534 2008 1614; baseline 0.01 -31"><span class='ocrx_word' id='word_1_120' title='bbox 426 1534 808 1606; x_wconf 83' lang='grc' dir='ltr'>χρυσολάτρην</span> <span class='ocrx_word' id='word_1_121' title='bbox 846 1539 1267 1611; x_wconf 85' lang='grc' dir='ltr'>προϐαλλομένη</span> <span class='ocrx_word' id='word_1_122' title='bbox 1299 1541 1583 1611; x_wconf 81' lang='grc' dir='ltr'>Θεόφιλον,</span> <span class='ocrx_word' id='word_1_123' title='bbox 1613 1545 1708 1597; x_wconf 77' lang='grc' dir='ltr'>καὶ</span> <span class='ocrx_word' id='word_1_124' title='bbox 1741 1544 2008 1614; x_wconf 73' lang='grc' dir='ltr'>τέσσαρσι</span> 
     </span>
    </p>
   </div>
   <div class='ocr_carea' id='block_1_19' title="bbox 431 1629 2006 1709">
    <p class='ocr_par' dir='ltr' id='par_1_19' title="bbox 431 1629 2006 1709">
     <span class='ocr_line' id='line_1_19' title="bbox 431 1629 2006 1709; baseline 0.01 -33"><span class='ocrx_word' id='word_1_125' title='bbox 431 1629 772 1700; x_wconf 75' lang='grc' dir='ltr'>συνεργοίςῆ</span> <span class='ocrx_word' id='word_1_126' title='bbox 817 1632 1024 1698; x_wconf 80' lang='grc' dir='ltr'>μᾶλλον</span> <span class='ocrx_word' id='word_1_127' title='bbox 1070 1636 1511 1701; x_wconf 80' lang='grc' dir='ltr'>συναποστάταις</span> <span class='ocrx_word' id='word_1_128' title='bbox 1560 1639 1738 1691; x_wconf 74' lang='grc' dir='ltr'>εἰπεῖν</span> <span class='ocrx_word' id='word_1_129' title='bbox 1790 1638 2006 1709; x_wconf 81' lang='grc' dir='ltr'>ὀχυρω-</span> 
     </span>
    </p>
   </div>
   <div class='ocr_carea' id='block_1_20' title="bbox 429 1718 2009 1801">
    <p class='ocr_par' dir='ltr' id='par_1_20' title="bbox 429 1718 2009 1801">
     <span class='ocr_line' id='line_1_20' title="bbox 429 1718 2009 1801; baseline 0.008 -29"><span class='ocrx_word' id='word_1_130' title='bbox 429 1718 614 1784; x_wconf 81' lang='grc' dir='ltr'>θέντα,</span> <span class='ocrx_word' id='word_1_131' title='bbox 666 1722 761 1774; x_wconf 80' lang='grc' dir='ltr'><strong>τὸν</strong></span> <span class='ocrx_word' id='word_1_132' title='bbox 818 1724 1043 1795; x_wconf 74' lang='grc' dir='ltr'>θεοφιλῆ</span> <span class='ocrx_word' id='word_1_133' title='bbox 1094 1727 1191 1778; x_wconf 78' lang='grc' dir='ltr'>καὶ</span> <span class='ocrx_word' id='word_1_134' title='bbox 1247 1727 1500 1797; x_wconf 79' lang='grc' dir='ltr'>θεολόγον</span> <span class='ocrx_word' id='word_1_135' title='bbox 1553 1731 2009 1801; x_wconf 81' lang='grc' dir='ltr'><strong>κατεπολέμησεν</strong></span> 
     </span>
    </p>
   </div>
   <div class='ocr_carea' id='block_1_21' title="bbox 2103 712 3690 787">
    <p class='ocr_par' dir='ltr' id='par_1_21' title="bbox 2103 712 3690 787">
     <span class='ocr_line' id='line_1_21' title="bbox 2103 712 3690 787; baseline 0.006 -24"><span class='ocrx_word' id='word_1_136' title='bbox 2103 712 2252 779; x_wconf 85' lang='lat' dir='ltr'><strong>quod</strong></span> <span class='ocrx_word' id='word_1_137' title='bbox 2301 712 2475 781; x_wconf 84' lang='lat' dir='ltr'><strong>magis</strong></span> <span class='ocrx_word' id='word_1_138' title='bbox 2528 728 2806 782; x_wconf 87' lang='lat' dir='ltr'><strong>agnosco,</strong></span> <span class='ocrx_word' id='word_1_139' title='bbox 2860 713 3114 769; x_wconf 74' lang='lat' dir='ltr'><strong>Jonatha:</strong></span> <span class='ocrx_word' id='word_1_140' title='bbox 3169 731 3390 784; x_wconf 77' lang='lat' dir='ltr'><strong>pmnam</strong></span> <span class='ocrx_word' id='word_1_141' title='bbox 3438 718 3690 787; x_wconf 89' lang='lat' dir='ltr'><strong>trepidus</strong></span> 
     </span>
    </p>
   </div>
   <div class='ocr_carea' id='block_1_22' title="bbox 2104 802 3689 879">
    <p class='ocr_par' dir='ltr' id='par_1_22' title="bbox 2104 802 3689 879">
     <span class='ocr_line' id='line_1_22' title="bbox 2104 802 3689 879; baseline 0.005 -24"><span class='ocrx_word' id='word_1_142' title='bbox 2104 802 2461 869; x_wconf 84' lang='lat' dir='ltr'><strong>exhorresce,</strong></span> <span class='ocrx_word' id='word_1_143' title='bbox 2510 804 2660 873; x_wconf 90' lang='lat' dir='ltr'><strong>quod</strong></span> <span class='ocrx_word' id='word_1_144' title='bbox 2708 814 2920 873; x_wconf 92' lang='lat' dir='ltr'><strong>patrem</strong></span> <span class='ocrx_word' id='word_1_145' title='bbox 2970 806 3361 873; x_wconf 81' lang='lat' dir='ltr'><strong>Pythonissam</strong></span> <span class='ocrx_word' id='word_1_146' title='bbox 3399 808 3500 879; x_wconf 86' lang='lat' dir='ltr'><strong>(l)_</strong></span> <span class='ocrx_word' id='word_1_147' title='bbox 3540 825 3689 878; x_wconf 79' lang='lat' dir='ltr'><strong>qua:-</strong></span> 
     </span>
    </p>
   </div>
   <div class='ocr_carea' id='block_1_23' title="bbox 2106 875 3688 970">
    <p class='ocr_par' dir='ltr' id='par_1_23' title="bbox 2106 875 3688 970">
     <span class='ocr_line' id='line_1_23' title="bbox 2106 875 3688 970; baseline 0.005 -24"><span class='ocrx_word' id='word_1_148' title='bbox 2106 902 2319 949; x_wconf 85' lang='lat' dir='ltr'><strong>rentem</strong></span> <span class='ocrx_word' id='word_1_149' title='bbox 2366 907 2478 947; x_wconf 85' lang='lat' dir='ltr'><strong>non</strong></span> <span class='ocrx_word' id='word_1_150' title='bbox 2525 894 2883 964; x_wconf 90' lang='lat' dir='ltr'><strong>impedierit:</strong></span> <span class='ocrx_word' id='word_1_151' title='bbox 2932 904 2989 951; x_wconf 89' lang='lat' dir='ltr'><strong>et</strong></span> <span class='ocrx_word' id='word_1_152' title='bbox 3035 907 3332 967; x_wconf 81' lang='lat' dir='ltr'><strong>propterea</strong></span> <span class='ocrx_word' id='word_1_153' title='bbox 3379 875 3688 970; x_wconf 46' lang='lat' dir='ltr'><strong>prius—ipse</strong></span> 
     </span>
    </p>
   </div>
   <div class='ocr_carea' id='block_1_24' title="bbox 2107 985 3687 1062">
    <p class='ocr_par' dir='ltr' id='par_1_24' title="bbox 2107 985 3687 1062">
     <span class='ocr_line' id='line_1_24' title="bbox 2107 985 3687 1062; baseline 0.004 -23"><span class='ocrx_word' id='word_1_154' title='bbox 2107 985 2202 1054; x_wconf 88' lang='lat' dir='ltr'><strong>qui</strong></span> <span class='ocrx_word' id='word_1_155' title='bbox 2238 985 2537 1054; x_wconf 86' lang='lat' dir='ltr'><strong>prohibere</strong></span> <span class='ocrx_word' id='word_1_156' title='bbox 2583 987 2639 1041; x_wconf 89' lang='lat' dir='ltr'><strong>id</strong></span> <span class='ocrx_word' id='word_1_157' title='bbox 2688 988 2968 1057; x_wconf 89' lang='lat' dir='ltr'><strong>potuerit,</strong></span> <span class='ocrx_word' id='word_1_158' title='bbox 3000 1005 3164 1059; x_wconf 88' lang='lat' dir='ltr'><strong>quam</strong></span> <span class='ocrx_word' id='word_1_159' title='bbox 3198 993 3293 1061; x_wconf 90' lang='lat' dir='ltr'><strong>qui</strong></span> <span class='ocrx_word' id='word_1_160' title='bbox 3338 1006 3687 1062; x_wconf 84' lang='lat' dir='ltr'><strong>peccaverat,</strong></span> 
     </span>
    </p>
   </div>
   <div class='ocr_carea' id='block_1_25' title="bbox 2109 1076 3692 1153">
    <p class='ocr_par' dir='ltr' id='par_1_25' title="bbox 2109 1076 3692 1153">
     <span class='ocr_line' id='line_1_25' title="bbox 2109 1076 3692 1153; baseline 0.008 -25"><span class='ocrx_word' id='word_1_161' title='bbox 2109 1085 2290 1144; x_wconf 86' lang='lat' dir='ltr'><strong>pater,</strong></span> <span class='ocrx_word' id='word_1_162' title='bbox 2326 1076 2381 1130; x_wconf 93' lang='lat' dir='ltr'><strong>in</strong></span> <span class='ocrx_word' id='word_1_163' title='bbox 2414 1076 2560 1133; x_wconf 84' lang='lat' dir='ltr'><strong>bello</strong></span> <span class='ocrx_word' id='word_1_164' title='bbox 2591 1079 2815 1136; x_wconf 85' lang='lat' dir='ltr'><strong>occidit.</strong></span> <span class='ocrx_word' id='word_1_165' title='bbox 2851 1080 3042 1151; x_wconf 85' lang='lat' dir='ltr'><strong>itaque</strong></span> <span class='ocrx_word' id='word_1_166' title='bbox 3073 1098 3141 1136; x_wconf 91' lang='lat' dir='ltr'><strong>ne</strong></span> <span class='ocrx_word' id='word_1_167' title='bbox 3179 1097 3279 1151; x_wconf 91' lang='lat' dir='ltr'><strong>ego</strong></span> <span class='ocrx_word' id='word_1_168' title='bbox 3307 1099 3528 1153; x_wconf 88' lang='lat' dir='ltr'><strong>quoque</strong></span> <span class='ocrx_word' id='word_1_169' title='bbox 3558 1099 3692 1139; x_wconf 88' lang='lat' dir='ltr'><strong>con-</strong></span> 
     </span>
    </p>
   </div>
   <div class='ocr_carea' id='block_1_26' title="bbox 2108 1167 3692 1241">
    <p class='ocr_par' dir='ltr' id='par_1_26' title="bbox 2108 1167 3692 1241">
     <span class='ocr_line' id='line_1_26' title="bbox 2108 1167 3692 1241; baseline 0.006 -19"><span class='ocrx_word' id='word_1_170' title='bbox 2108 1167 2362 1234; x_wconf 87' lang='lat' dir='ltr'><strong>demner,</strong></span> <span class='ocrx_word' id='word_1_171' title='bbox 2387 1178 2442 1224; x_wconf 93' lang='lat' dir='ltr'><strong>et</strong></span> <span class='ocrx_word' id='word_1_172' title='bbox 2474 1185 2543 1225; x_wconf 91' lang='lat' dir='ltr'><strong>ne</strong></span> <span class='ocrx_word' id='word_1_173' title='bbox 2575 1171 2715 1225; x_wconf 90' lang='lat' dir='ltr'><strong>adeo</strong></span> <span class='ocrx_word' id='word_1_174' title='bbox 2741 1172 2859 1241; x_wconf 89' lang='lat' dir='ltr'><strong>ipse</strong></span> <span class='ocrx_word' id='word_1_175' title='bbox 2887 1174 3054 1227; x_wconf 90' lang='lat' dir='ltr'><strong>etiam</strong></span> <span class='ocrx_word' id='word_1_176' title='bbox 3079 1189 3108 1227; x_wconf 89' lang='lat' dir='ltr'><strong>a</strong></span> <span class='ocrx_word' id='word_1_177' title='bbox 3139 1174 3250 1229; x_wconf 88' lang='lat' dir='ltr'><strong>Deo</strong></span> <span class='ocrx_word' id='word_1_178' title='bbox 3279 1175 3692 1239; x_wconf 87' lang='lat' dir='ltr'><strong>condemneris.</strong></span> 
     </span>
    </p>
   </div>
   <div class='ocr_carea' id='block_1_27' title="bbox 2109 1264 3689 1336">
    <p class='ocr_par' dir='ltr' id='par_1_27' title="bbox 2109 1264 3689 1336">
     <span class='ocr_line' id='line_1_27' title="bbox 2109 1264 3689 1336; baseline 0.003 -18"><span class='ocrx_word' id='word_1_179' title='bbox 2109 1264 2499 1319; x_wconf 87' lang='lat' dir='ltr'><strong>contentiones</strong></span> <span class='ocrx_word' id='word_1_180' title='bbox 2530 1265 2711 1334; x_wconf 90' lang='lat' dir='ltr'><strong>sopito</strong></span> <span class='ocrx_word' id='word_1_181' title='bbox 2736 1280 2750 1315; x_wconf 90' lang='lat'><strong>:</strong></span> <span class='ocrx_word' id='word_1_182' title='bbox 2786 1279 2886 1320; x_wconf 90' lang='lat' dir='ltr'><strong>nec</strong></span> <span class='ocrx_word' id='word_1_183' title='bbox 2914 1264 3130 1334; x_wconf 71' lang='lat' dir='ltr'><strong>injuria:</strong></span> <span class='ocrx_word' id='word_1_184' title='bbox 3156 1267 3396 1336; x_wconf 81' lang='lat' dir='ltr'><strong>propria:</strong></span> <span class='ocrx_word' id='word_1_185' title='bbox 3420 1268 3689 1331; x_wconf 86' lang='lat' dir='ltr'><strong>vindicta.</strong></span> 
     </span>
    </p>
   </div>
   <div class='ocr_carea' id='block_1_28' title="bbox 2111 1354 3689 1433">
    <p class='ocr_par' dir='ltr' id='par_1_28' title="bbox 2111 1354 3689 1433">
     <span class='ocr_line' id='line_1_28' title="bbox 2111 1354 3689 1433; baseline 0.001 -25"><span class='ocrx_word' id='word_1_186' title='bbox 2111 1369 2236 1424; x_wconf 73' lang='lat' dir='ltr'><strong>qua:</strong></span> <span class='ocrx_word' id='word_1_187' title='bbox 2268 1355 2338 1410; x_wconf 90' lang='lat' dir='ltr'><strong>ab</strong></span> <span class='ocrx_word' id='word_1_188' title='bbox 2386 1354 2712 1433; x_wconf 76' lang='lat' dir='ltr'><strong>hominibus</strong></span> <span class='ocrx_word' id='word_1_189' title='bbox 2741 1357 3030 1425; x_wconf 81' lang='lat' dir='ltr'><strong>provenit,</strong></span> <span class='ocrx_word' id='word_1_190' title='bbox 3075 1356 3354 1431; x_wconf 77' lang='lat' dir='ltr'><strong>viventem</strong></span> <span class='ocrx_word' id='word_1_191' title='bbox 3388 1359 3689 1414; x_wconf 90' lang='lat' dir='ltr'><strong>Ecclesiam</strong></span> 
     </span>
    </p>
   </div>
   <div class='ocr_carea' id='block_1_29' title="bbox 2110 1448 3691 1520">
    <p class='ocr_par' dir='ltr' id='par_1_29' title="bbox 2110 1448 3691 1520">
     <span class='ocr_line' id='line_1_29' title="bbox 2110 1448 3691 1520; baseline 0.001 -17"><span class='ocrx_word' id='word_1_192' title='bbox 2110 1462 2210 1518; x_wconf 89' lang='lat' dir='ltr'><strong>per</strong></span> <span class='ocrx_word' id='word_1_193' title='bbox 2252 1456 2465 1503; x_wconf 86' lang='lat' dir='ltr'><strong>astulas</strong></span> <span class='ocrx_word' id='word_1_194' title='bbox 2498 1448 2750 1505; x_wconf 86' lang='lat' dir='ltr'><strong>actiones</strong></span> <span class='ocrx_word' id='word_1_195' title='bbox 2795 1450 3007 1516; x_wconf 83' lang='lat' dir='ltr'><strong>fallite,</strong></span> <span class='ocrx_word' id='word_1_196' title='bbox 3056 1466 3236 1519; x_wconf 89' lang='lat' dir='ltr'><strong>neque</strong></span> <span class='ocrx_word' id='word_1_197' title='bbox 3270 1451 3318 1504; x_wconf 90' lang='lat' dir='ltr'><strong>ei</strong></span> <span class='ocrx_word' id='word_1_198' title='bbox 3364 1460 3691 1520; x_wconf 88' lang='lat' dir='ltr'><strong>perpetuam</strong></span> 
     </span>
    </p>
   </div>
   <div class='ocr_carea' id='block_1_30' title="bbox 2110 1541 3687 1612">
    <p class='ocr_par' dir='ltr' id='par_1_30' title="bbox 2110 1541 3687 1612">
     <span class='ocr_line' id='line_1_30' title="bbox 2110 1541 3687 1612; baseline -0.001 -16"><span class='ocrx_word' id='word_1_199' title='bbox 2110 1541 2214 1596; x_wconf 85' lang='lat' dir='ltr'><strong>sub</strong></span> <span class='ocrx_word' id='word_1_200' title='bbox 2258 1541 2482 1612; x_wconf 89' lang='lat' dir='ltr'><strong>pietatis</strong></span> <span class='ocrx_word' id='word_1_201' title='bbox 2526 1552 2798 1609; x_wconf 57' lang='lat' dir='ltr'><strong>pratextu</strong></span> <span class='ocrx_word' id='word_1_202' title='bbox 2851 1545 3255 1601; x_wconf 83' lang='lat' dir='ltr'><strong>dissensionem</strong></span> <span class='ocrx_word' id='word_1_203' title='bbox 3306 1546 3622 1599; x_wconf 88' lang='lat' dir='ltr'><strong>conciliato.</strong></span> <span class='ocrx_word' id='word_1_204' title='bbox 3669 1563 3687 1595; x_wconf 73' lang='grc' dir='ltr'><strong>ι</strong></span> 
     </span>
    </p>
   </div>
   <div class='ocr_carea' id='block_1_31' title="bbox 2112 1633 3693 1706">
    <p class='ocr_par' dir='ltr' id='par_1_31' title="bbox 2112 1633 3693 1706">
     <span class='ocr_line' id='line_1_31' title="bbox 2112 1633 3693 1706; baseline -0.001 -16"><span class='ocrx_word' id='word_1_205' title='bbox 2112 1634 2181 1690; x_wconf 87' lang='lat' dir='ltr'><strong>Et</strong></span> <span class='ocrx_word' id='word_1_206' title='bbox 2217 1633 2287 1689; x_wconf 92' lang='lat' dir='ltr'><strong>de</strong></span> <span class='ocrx_word' id='word_1_207' title='bbox 2317 1633 2719 1706; x_wconf 84' lang='lat' dir='ltr'><strong>Chrysostomo</strong></span> <span class='ocrx_word' id='word_1_208' title='bbox 2752 1651 3017 1691; x_wconf 85' lang='lat' dir='ltr'><strong>rursum:</strong></span> <span class='ocrx_word' id='word_1_209' title='bbox 3057 1655 3075 1688; x_wconf 80' lang='grc' dir='ltr'><strong>ι</strong></span> <span class='ocrx_word' id='word_1_210' title='bbox 3117 1636 3194 1691; x_wconf 91' lang='lat' dir='ltr'><strong>De</strong></span> <span class='ocrx_word' id='word_1_211' title='bbox 3238 1635 3413 1690; x_wconf 88' lang='lat' dir='ltr'><strong>divini</strong></span> <span class='ocrx_word' id='word_1_212' title='bbox 3464 1635 3693 1690; x_wconf 84' lang='lat' dir='ltr'><strong>Joannis</strong></span> 
     </span>
    </p>
   </div>
   <div class='ocr_carea' id='block_1_32' title="bbox 2116 1726 3695 1796">
    <p class='ocr_par' dir='ltr' id='par_1_32' title="bbox 2116 1726 3695 1796">
     <span class='ocr_line' id='line_1_32' title="bbox 2116 1726 3695 1796; baseline -0.001 -16"><span class='ocrx_word' id='word_1_213' title='bbox 2116 1726 2382 1794; x_wconf 71' lang='lat' dir='ltr'><strong>tragmdia</strong></span> <span class='ocrx_word' id='word_1_214' title='bbox 2412 1727 2637 1794; x_wconf 63' lang='lat' dir='ltr'><strong>quaeris.</strong></span> <span class='ocrx_word' id='word_1_215' title='bbox 2679 1727 2807 1779; x_wconf 84' lang='lat' dir='ltr'><strong>Eam</strong></span> <span class='ocrx_word' id='word_1_216' title='bbox 2838 1742 2969 1781; x_wconf 83' lang='lat' dir='ltr'><strong>vero</strong></span> <span class='ocrx_word' id='word_1_217' title='bbox 2999 1741 3273 1795; x_wconf 77' lang='lat' dir='ltr'><strong>exponere</strong></span> <span class='ocrx_word' id='word_1_218' title='bbox 3302 1742 3535 1796; x_wconf 78' lang='lat' dir='ltr'><strong>nequeo,</strong></span> <span class='ocrx_word' id='word_1_219' title='bbox 3568 1740 3695 1795; x_wconf 89' lang='lat' dir='ltr'><strong>pro-</strong></span> 
     </span>
    </p>
   </div>
   <div class='ocr_carea' id='block_1_33' title="bbox 426 1811 2002 1894">
    <p class='ocr_par' dir='ltr' id='par_1_33' title="bbox 426 1811 2002 1894">
     <span class='ocr_line' id='line_1_33' title="bbox 426 1811 2002 1894; baseline 0.008 -28"><span class='ocrx_word' id='word_1_220' title='bbox 426 1811 738 1883; x_wconf 79' lang='grc' dir='ltr'>ἄνθρωπον,</span> <span class='ocrx_word' id='word_1_221' title='bbox 783 1817 886 1888; x_wconf 78' lang='grc' dir='ltr'>τὴν</span> <span class='ocrx_word' id='word_1_222' title='bbox 919 1820 1051 1889; x_wconf 79' lang='grc' dir='ltr'>περὶ</span> <span class='ocrx_word' id='word_1_223' title='bbox 1078 1821 1171 1874; x_wconf 70' lang='grc' dir='ltr'><strong>τὸν</strong></span> <span class='ocrx_word' id='word_1_224' title='bbox 1204 1823 1339 1892; x_wconf 77' lang='grc' dir='ltr'>ἐμὸν</span> <span class='ocrx_word' id='word_1_225' title='bbox 1367 1823 1661 1893; x_wconf 83' lang='grc' dir='ltr'>ὁμώνυμον</span> <span class='ocrx_word' id='word_1_226' title='bbox 1694 1824 2002 1894; x_wconf 77' lang='grc' dir='ltr'>ἀπέχθειαν</span> 
     </span>
    </p>
   </div>
   <div class='ocr_carea' id='block_1_34' title="bbox 2107 1811 3691 1894">
    <p class='ocr_par' dir='ltr' id='par_1_34' title="bbox 2108 1814 3691 1886">
     <span class='ocr_line' id='line_1_34' title="bbox 2108 1814 3691 1886; baseline 0.003 -20"><span class='ocrx_word' id='word_1_227' title='bbox 2108 1822 2231 1883; x_wconf 89' lang='lat' dir='ltr'><strong>pter</strong></span> <span class='ocrx_word' id='word_1_228' title='bbox 2279 1814 2360 1868; x_wconf 87' lang='lat' dir='ltr'><strong>rei</strong></span> <span class='ocrx_word' id='word_1_229' title='bbox 2417 1815 2591 1884; x_wconf 90' lang='lat' dir='ltr'><strong>ipsius</strong></span> <span class='ocrx_word' id='word_1_230' title='bbox 2647 1816 3002 1871; x_wconf 88' lang='lat' dir='ltr'><strong>insolentiam</strong></span> <span class='ocrx_word' id='word_1_231' title='bbox 3051 1829 3218 1886; x_wconf 88' lang='lat' dir='ltr'><strong>atque</strong></span> <span class='ocrx_word' id='word_1_232' title='bbox 3276 1815 3691 1886; x_wconf 77' lang='lat' dir='ltr'><strong>indignitatem.</strong></span> 
     </span>
    </p>
   </div>
   <div class='ocr_carea' id='block_1_35' title="bbox 428 1905 2003 1985">
    <p class='ocr_par' dir='ltr' id='par_1_35' title="bbox 428 1905 2003 1985">
     <span class='ocr_line' id='line_1_35' title="bbox 428 1905 2003 1985; baseline 0.006 -26"><span class='ocrx_word' id='word_1_233' title='bbox 428 1905 773 1975; x_wconf 79' lang='grc' dir='ltr'>ὁρμητήριον</span> <span class='ocrx_word' id='word_1_234' title='bbox 801 1908 903 1978; x_wconf 84' lang='grc' dir='ltr'>τῆς</span> <span class='ocrx_word' id='word_1_235' title='bbox 935 1912 1144 1976; x_wconf 74' lang='grc' dir='ltr'>οἰκείας</span> <span class='ocrx_word' id='word_1_236' title='bbox 1168 1912 1467 1984; x_wconf 75' lang='grc' dir='ltr'>ἀθεότητος</span> <span class='ocrx_word' id='word_1_237' title='bbox 1498 1915 1818 1985; x_wconf 73' lang='grc' dir='ltr'>εὑρηκότες.</span> <span class='ocrx_word' id='word_1_238' title='bbox 1857 1914 2003 1969; x_wconf 83' lang='grc' dir='ltr'>Ἀλλ’</span> 
     </span>
    </p>
   </div>
   <div class='ocr_carea' id='block_1_36' title="bbox 425 1991 2001 2073">
    <p class='ocr_par' dir='ltr' id='par_1_36' title="bbox 425 1991 2001 2073">
     <span class='ocr_line' id='line_1_36' title="bbox 425 1991 2001 2073; baseline 0.009 -26"><span class='ocrx_word' id='word_1_239' title='bbox 425 1994 456 2047; x_wconf 80' lang='grc' dir='ltr'>ὁ</span> <span class='ocrx_word' id='word_1_240' title='bbox 484 1991 634 2051; x_wconf 74' lang='grc' dir='ltr'>οἰκος</span> <span class='ocrx_word' id='word_1_241' title='bbox 665 1998 830 2052; x_wconf 77' lang='grc' dir='ltr'>Δαυτδ</span> <span class='ocrx_word' id='word_1_242' title='bbox 856 2003 1218 2069; x_wconf 83' lang='grc' dir='ltr'>κραταιοῦται</span> <span class='ocrx_word' id='word_1_243' title='bbox 1243 2018 1259 2034; x_wconf 85' lang='lat'><strong><em>°</em></strong></span> <span class='ocrx_word' id='word_1_244' title='bbox 1290 2005 1511 2059; x_wconf 84' lang='grc' dir='ltr'>ἀσθενεῖ</span> <span class='ocrx_word' id='word_1_245' title='bbox 1538 2005 1596 2060; x_wconf 76' lang='grc' dir='ltr'>δὲ</span> <span class='ocrx_word' id='word_1_246' title='bbox 1631 2007 1660 2059; x_wconf 92' lang='grc' dir='ltr'><strong>ό</strong></span> <span class='ocrx_word' id='word_1_247' title='bbox 1682 2006 1777 2061; x_wconf 81' lang='grc' dir='ltr'>τοῦ</span> <span class='ocrx_word' id='word_1_248' title='bbox 1806 2000 2001 2073; x_wconf 79' lang='grc' dir='ltr'>Σαοὺλ,</span> 
     </span>
    </p>
   </div>
   <div class='ocr_carea' id='block_1_37' title="bbox 428 2079 2006 2172">
    <p class='ocr_par' dir='ltr' id='par_1_37' title="bbox 428 2079 2006 2172">
     <span class='ocr_line' id='line_1_37' title="bbox 428 2079 2006 2172; baseline 0.01 -32"><span class='ocrx_word' id='word_1_249' title='bbox 428 2089 610 2151; x_wconf 88' lang='grc' dir='ltr'>καθὼς</span> <span class='ocrx_word' id='word_1_250' title='bbox 649 2079 804 2161; x_wconf 65' lang='grc' dir='ltr'>ὁρᾷς,</span> <span class='ocrx_word' id='word_1_251' title='bbox 835 2094 884 2145; x_wconf 89' lang='grc' dir='ltr'><strong>εί</strong></span> <span class='ocrx_word' id='word_1_252' title='bbox 928 2095 1153 2164; x_wconf 73' lang='grc' dir='ltr'>καὶτῆς</span> <span class='ocrx_word' id='word_1_253' title='bbox 1187 2096 1357 2168; x_wconf 78' lang='grc' dir='ltr'>ζάλης</span> <span class='ocrx_word' id='word_1_254' title='bbox 1386 2098 1692 2169; x_wconf 79' lang='grc' dir='ltr'>ὑπεξῆλθεν</span> <span class='ocrx_word' id='word_1_255' title='bbox 1729 2102 1757 2154; x_wconf 93' lang='grc' dir='ltr'><strong>ό</strong></span> <span class='ocrx_word' id='word_1_256' title='bbox 1791 2100 2006 2172; x_wconf 83' lang='grc' dir='ltr'>ἄνθρω-</span> 
     </span>
    </p>
   </div>
   <div class='ocr_carea' id='block_1_38' title="bbox 428 2183 1996 2266">
    <p class='ocr_par' dir='ltr' id='par_1_38' title="bbox 428 2183 1996 2266">
     <span class='ocr_line' id='line_1_38' title="bbox 428 2183 1996 2266; baseline 0.011 -34"><span class='ocrx_word' id='word_1_257' title='bbox 428 2197 528 2243; x_wconf 86' lang='grc' dir='ltr'><strong>πος</strong></span> <span class='ocrx_word' id='word_1_258' title='bbox 548 2184 644 2236; x_wconf 84' lang='grc' dir='ltr'><strong>τοῦ</strong></span> <span class='ocrx_word' id='word_1_259' title='bbox 666 2183 807 2253; x_wconf 86' lang='grc' dir='ltr'>βίου,</span> <span class='ocrx_word' id='word_1_260' title='bbox 831 2189 926 2240; x_wconf 74' lang='grc' dir='ltr'>καὶ</span> <span class='ocrx_word' id='word_1_261' title='bbox 953 2189 1092 2258; x_wconf 80' lang='grc' dir='ltr'>πρὸς</span> <span class='ocrx_word' id='word_1_262' title='bbox 1121 2189 1222 2258; x_wconf 78' lang='grc' dir='ltr'>τὴν</span> <span class='ocrx_word' id='word_1_263' title='bbox 1254 2191 1371 2245; x_wconf 85' lang='grc' dir='ltr'><strong>άνω</strong></span> <span class='ocrx_word' id='word_1_264' title='bbox 1401 2192 1647 2263; x_wconf 82' lang='grc' dir='ltr'>γαλήνην</span> <span class='ocrx_word' id='word_1_265' title='bbox 1672 2196 1996 2266; x_wconf 79' lang='grc' dir='ltr'>μετετέθη.»</span> 
     </span>
    </p>
   </div>
   <div class='ocr_carea' id='block_1_39' title="bbox 429 2272 2003 2359">
    <p class='ocr_par' dir='ltr' id='par_1_39' title="bbox 429 2272 2003 2359">
     <span class='ocr_line' id='line_1_39' title="bbox 429 2272 2003 2359; baseline 0.011 -34"><span class='ocrx_word' id='word_1_266' title='bbox 429 2272 619 2339; x_wconf 85' lang='grc' dir='ltr'>Ὅπως</span> <span class='ocrx_word' id='word_1_267' title='bbox 670 2275 729 2331; x_wconf 80' lang='grc' dir='ltr'>δὲ</span> <span class='ocrx_word' id='word_1_268' title='bbox 787 2278 879 2332; x_wconf 85' lang='grc' dir='ltr'><strong>τὸν</strong></span> <span class='ocrx_word' id='word_1_269' title='bbox 930 2281 1109 2349; x_wconf 78' lang='grc' dir='ltr'>μέγαν</span> <span class='ocrx_word' id='word_1_270' title='bbox 1141 2281 1331 2335; x_wconf 83' lang='grc' dir='ltr'>τοῦτον</span> <span class='ocrx_word' id='word_1_271' title='bbox 1359 2286 1580 2339; x_wconf 80' lang='grc' dir='ltr'>ἐπαίνου</span> <span class='ocrx_word' id='word_1_272' title='bbox 1618 2287 1872 2353; x_wconf 82' lang='grc' dir='ltr'>καταξιοῑ</span> <span class='ocrx_word' id='word_1_273' title='bbox 1901 2290 2003 2359; x_wconf 83' lang='grc' dir='ltr'>τῆς</span> 
     </span>
    </p>
   </div>
   <div class='ocr_carea' id='block_1_40' title="bbox 430 2363 2003 2448">
    <p class='ocr_par' dir='ltr' id='par_1_40' title="bbox 430 2363 2003 2448">
     <span class='ocr_line' id='line_1_40' title="bbox 430 2363 2003 2448; baseline 0.014 -35"><span class='ocrx_word' id='word_1_274' title='bbox 430 2363 747 2431; x_wconf 79' lang='grc' dir='ltr'>ὑπερφυοῦς</span> <span class='ocrx_word' id='word_1_275' title='bbox 818 2369 1112 2437; x_wconf 83' lang='grc' dir='ltr'>φράσεως,</span> <span class='ocrx_word' id='word_1_276' title='bbox 1172 2376 1267 2427; x_wconf 80' lang='grc' dir='ltr'>καὶ</span> <span class='ocrx_word' id='word_1_277' title='bbox 1327 2374 1501 2430; x_wconf 79' lang='grc' dir='ltr'>ταῦτα</span> <span class='ocrx_word' id='word_1_278' title='bbox 1551 2379 1690 2448; x_wconf 67' lang='grc' dir='ltr'>πρὸς</span> <span class='ocrx_word' id='word_1_279' title='bbox 1753 2366 2003 2448; x_wconf 71' lang='grc' dir='ltr'>Ὀιρέλιον</span> 
     </span>
    </p>
   </div>
   <div class='ocr_carea' id='block_1_41' title="bbox 425 2454 2002 2544">
    <p class='ocr_par' dir='ltr' id='par_1_41' title="bbox 425 2454 2002 2544">
     <span class='ocr_line' id='line_1_41' title="bbox 425 2454 2002 2544; baseline 0.015 -37"><span class='ocrx_word' id='word_1_280' title='bbox 425 2454 521 2507; x_wconf 68' lang='grc' dir='ltr'>τὸν</span> <span class='ocrx_word' id='word_1_281' title='bbox 554 2461 946 2527; x_wconf 74' lang='grc' dir='ltr'>γραμματικὸν</span> <span class='ocrx_word' id='word_1_282' title='bbox 968 2462 1332 2534; x_wconf 75' lang='grc' dir='ltr'>διεξέρχεταιο</span> <span class='ocrx_word' id='word_1_283' title='bbox 1366 2467 1505 2522; x_wconf 78' lang='grc' dir='ltr'><strong>«Τοῦ</strong></span> <span class='ocrx_word' id='word_1_284' title='bbox 1536 2475 2002 2544; x_wconf 82' lang='grc' dir='ltr'>καταπεπλῆχθαι</span> 
     </span>
    </p>
   </div>
   <div class='ocr_carea' id='block_1_42' title="bbox 425 2545 2005 2629">
    <p class='ocr_par' dir='ltr' id='par_1_42' title="bbox 425 2545 2005 2629">
     <span class='ocr_line' id='line_1_42' title="bbox 425 2545 2005 2629; baseline 0.013 -30"><span class='ocrx_word' id='word_1_285' title='bbox 425 2545 489 2599; x_wconf 75' lang='grc' dir='ltr'><strong>οὗ</strong></span> <span class='ocrx_word' id='word_1_286' title='bbox 519 2565 664 2618; x_wconf 82' lang='grc' dir='ltr'>φημι</span> <span class='ocrx_word' id='word_1_287' title='bbox 693 2554 818 2614; x_wconf 84' lang='grc' dir='ltr'>τοὺς</span> <span class='ocrx_word' id='word_1_288' title='bbox 850 2552 1047 2617; x_wconf 75' lang='grc' dir='ltr'>ἄλλους</span> <span class='ocrx_word' id='word_1_289' title='bbox 1079 2554 1304 2627; x_wconf 74' lang='grc' dir='ltr'>(μικρὸν</span> <span class='ocrx_word' id='word_1_290' title='bbox 1334 2560 1444 2629; x_wconf 85' lang='grc' dir='ltr'>γὰρ</span> <span class='ocrx_word' id='word_1_291' title='bbox 1475 2562 1609 2625; x_wconf 72' lang='grc' dir='ltr'>ἴσως</span> <span class='ocrx_word' id='word_1_292' title='bbox 1637 2565 1855 2628; x_wconf 82' lang='grc' dir='ltr'>πολλοῖς</span> <span class='ocrx_word' id='word_1_293' title='bbox 1883 2567 2005 2619; x_wconf 81' lang='grc' dir='ltr'>τοῦ·</span> 
     </span>
    </p>
   </div>
   <div class='ocr_carea' id='block_1_43' title="bbox 428 2642 2004 2731">
    <p class='ocr_par' dir='ltr' id='par_1_43' title="bbox 428 2642 2004 2731">
     <span class='ocr_line' id='line_1_43' title="bbox 428 2642 2004 2731; baseline 0.013 -39"><span class='ocrx_word' id='word_1_294' title='bbox 428 2642 535 2709; x_wconf 87' lang='grc' dir='ltr'>το),</span> <span class='ocrx_word' id='word_1_295' title='bbox 564 2642 704 2695; x_wconf 82' lang='grc' dir='ltr'>ἀλλὰ</span> <span class='ocrx_word' id='word_1_296' title='bbox 754 2644 848 2698; x_wconf 82' lang='grc' dir='ltr'>καὶ</span> <span class='ocrx_word' id='word_1_297' title='bbox 893 2646 1058 2701; x_wconf 76' lang='grc' dir='ltr'>αὑτὸν</span> <span class='ocrx_word' id='word_1_298' title='bbox 1106 2650 1368 2706; x_wconf 85' lang='grc' dir='ltr'>Λιϐάνιον</span> <span class='ocrx_word' id='word_1_299' title='bbox 1419 2653 1512 2707; x_wconf 80' lang='grc' dir='ltr'>τὸν</span> <span class='ocrx_word' id='word_1_300' title='bbox 1566 2657 1654 2709; x_wconf 78' lang='grc' dir='ltr'>ἐπ’</span> <span class='ocrx_word' id='word_1_301' title='bbox 1699 2658 2004 2731; x_wconf 78' lang='grc' dir='ltr'>εὐγλωττίᾳ</span> 
     </span>
    </p>
   </div>
   <div class='ocr_carea' id='block_1_44' title="bbox 430 2734 2003 2819">
    <p class='ocr_par' dir='ltr' id='par_1_44' title="bbox 430 2734 2003 2819">
     <span class='ocr_line' id='line_1_44' title="bbox 430 2734 2003 2819; baseline 0.013 -33"><span class='ocrx_word' id='word_1_302' title='bbox 430 2734 583 2807; x_wconf 72' lang='grc' dir='ltr'>παρὰ</span> <span class='ocrx_word' id='word_1_303' title='bbox 617 2738 752 2790; x_wconf 80' lang='grc' dir='ltr'>πᾶσι</span> <span class='ocrx_word' id='word_1_304' title='bbox 783 2737 1137 2810; x_wconf 77' lang='grc' dir='ltr'>βεϐοημένον,</span> <span class='ocrx_word' id='word_1_305' title='bbox 1172 2741 1272 2814; x_wconf 80' lang='grc' dir='ltr'><strong>τὴν</strong></span> <span class='ocrx_word' id='word_1_306' title='bbox 1319 2746 1414 2799; x_wconf 77' lang='grc' dir='ltr'><strong>τοῦ</strong></span> <span class='ocrx_word' id='word_1_307' title='bbox 1464 2747 1715 2819; x_wconf 80' lang='grc' dir='ltr'>ἀοιδίμου</span> <span class='ocrx_word' id='word_1_308' title='bbox 1750 2748 2003 2806; x_wconf 81' lang='grc' dir='ltr'>Ἰωάννου</span> 
     </span>
    </p>
   </div>
   <div class='ocr_carea' id='block_1_45' title="bbox 424 2826 2005 2917">
    <p class='ocr_par' dir='ltr' id='par_1_45' title="bbox 424 2826 2005 2917">
     <span class='ocr_line' id='line_1_45' title="bbox 424 2826 2005 2917; baseline 0.013 -39"><span class='ocrx_word' id='word_1_309' title='bbox 424 2826 700 2894; x_wconf 82' lang='grc' dir='ltr'>γλῶτταν,</span> <span class='ocrx_word' id='word_1_310' title='bbox 757 2832 965 2887; x_wconf 82' lang='grc' dir='ltr'>καὶτὰ</span> <span class='ocrx_word' id='word_1_311' title='bbox 1019 2834 1193 2906; x_wconf 82' lang='grc' dir='ltr'>κάλλη</span> <span class='ocrx_word' id='word_1_312' title='bbox 1246 2837 1357 2893; x_wconf 86' lang='grc' dir='ltr'>τῶν</span> <span class='ocrx_word' id='word_1_313' title='bbox 1407 2840 1709 2910; x_wconf 85' lang='grc' dir='ltr'>ὀνομάτων,</span> <span class='ocrx_word' id='word_1_314' title='bbox 1762 2845 1857 2897; x_wconf 76' lang='grc' dir='ltr'><strong>καὶ</strong></span> <span class='ocrx_word' id='word_1_315' title='bbox 1905 2845 2005 2917; x_wconf 74' lang='grc' dir='ltr'>τὴν</span> 
     </span>
    </p>
   </div>
   <div class='ocr_carea' id='block_1_46' title="bbox 426 2919 2004 3003">
    <p class='ocr_par' dir='ltr' id='par_1_46' title="bbox 426 2919 2004 3003">
     <span class='ocr_line' id='line_1_46' title="bbox 426 2919 2004 3003; baseline 0.011 -34"><span class='ocrx_word' id='word_1_316' title='bbox 426 2919 748 3003; x_wconf 84' lang='grc' dir='ltr'>πυκνότητα</span> <span class='ocrx_word' id='word_1_317' title='bbox 801 2921 912 2974; x_wconf 87' lang='grc' dir='ltr'>τῶν</span> <span class='ocrx_word' id='word_1_318' title='bbox 965 2923 1347 2996; x_wconf 81' lang='grc' dir='ltr'>ἐνθυμήσεων,</span> <span class='ocrx_word' id='word_1_319' title='bbox 1411 2930 1720 3001; x_wconf 76' lang='grc' dir='ltr'>τεκμήριον</span> <span class='ocrx_word' id='word_1_320' title='bbox 1770 2931 1852 2986; x_wconf 79' lang='grc' dir='ltr'><strong>ἐτι</strong></span> <span class='ocrx_word' id='word_1_321' title='bbox 1898 2933 2004 3003; x_wconf 78' lang='grc' dir='ltr'>νέῳ</span> 
     </span>
    </p>
   </div>
   <div class='ocr_carea' id='block_1_47' title="bbox 426 3002 1999 3093">
    <p class='ocr_par' dir='ltr' id='par_1_47' title="bbox 426 3002 1999 3093">
     <span class='ocr_line' id='line_1_47' title="bbox 426 3002 1999 3093; baseline 0.014 -39"><span class='ocrx_word' id='word_1_322' title='bbox 426 3002 541 3093; x_wconf 77' lang='grc' dir='ltr'>δντι</span> <span class='ocrx_word' id='word_1_323' title='bbox 570 3006 665 3059; x_wconf 75' lang='grc' dir='ltr'>καὶ</span> <span class='ocrx_word' id='word_1_324' title='bbox 688 3006 971 3076; x_wconf 78' lang='grc' dir='ltr'>βασιλικὸν</span> <span class='ocrx_word' id='word_1_325' title='bbox 995 3012 1204 3068; x_wconf 79' lang='grc' dir='ltr'>εἰπόντι</span> <span class='ocrx_word' id='word_1_326' title='bbox 1234 3014 1392 3085; x_wconf 86' lang='grc' dir='ltr'>λόγον</span> <span class='ocrx_word' id='word_1_327' title='bbox 1417 3021 1696 3088; x_wconf 78' lang='grc' dir='ltr'>γραφεῖσα</span> <span class='ocrx_word' id='word_1_328' title='bbox 1717 3002 1999 3093; x_wconf 60' lang='grc' dir='ltr'>ἐπιστολή.</span> 
     </span>
    </p>
   </div>
   <div class='ocr_carea' id='block_1_48' title="bbox 429 3092 2004 3182">
    <p class='ocr_par' dir='ltr' id='par_1_48' title="bbox 429 3092 2004 3182">
     <span class='ocr_line' id='line_1_48' title="bbox 429 3092 2004 3182; baseline 0.015 -40"><span class='ocrx_word' id='word_1_329' title='bbox 429 3092 504 3142; x_wconf 86' lang='grc' dir='ltr'><strong>Οὐ</strong></span> <span class='ocrx_word' id='word_1_330' title='bbox 565 3093 729 3162; x_wconf 92' lang='grc' dir='ltr'>μόνον</span> <span class='ocrx_word' id='word_1_331' title='bbox 778 3098 888 3167; x_wconf 80' lang='grc' dir='ltr'>γὰρ</span> <span class='ocrx_word' id='word_1_332' title='bbox 938 3101 1104 3155; x_wconf 81' lang='grc' dir='ltr'>αὐτὸν</span> <span class='ocrx_word' id='word_1_333' title='bbox 1159 3106 1462 3176; x_wconf 78' lang='grc' dir='ltr'>μακαρίζει</span> <span class='ocrx_word' id='word_1_334' title='bbox 1512 3107 1659 3163; x_wconf 75' lang='grc' dir='ltr'>οὓτω</span> <span class='ocrx_word' id='word_1_335' title='bbox 1700 3092 2004 3182; x_wconf 83' lang='grc' dir='ltr'>δυνάμενον</span> 
     </span>
    </p>
   </div>
   <div class='ocr_carea' id='block_1_49' title="bbox 2112 1904 3695 1978">
    <p class='ocr_par' dir='ltr' id='par_1_49' title="bbox 2112 1904 3695 1978">
     <span class='ocr_line' id='line_1_49' title="bbox 2112 1904 3695 1978; baseline 0.001 -18"><span class='ocrx_word' id='word_1_336' title='bbox 2112 1904 2293 1960; x_wconf 87' lang='lat' dir='ltr'><strong>Pauca</strong></span> <span class='ocrx_word' id='word_1_337' title='bbox 2347 1914 2529 1961; x_wconf 89' lang='lat' dir='ltr'><strong>tamen</strong></span> <span class='ocrx_word' id='word_1_338' title='bbox 2584 1906 2664 1962; x_wconf 92' lang='lat' dir='ltr'><strong>sic</strong></span> <span class='ocrx_word' id='word_1_339' title='bbox 2715 1907 2952 1972; x_wconf 88' lang='lat' dir='ltr'><strong>habeto,</strong></span> <span class='ocrx_word' id='word_1_340' title='bbox 3006 1924 3129 1978; x_wconf 73' lang='lat' dir='ltr'><strong>qure</strong></span> <span class='ocrx_word' id='word_1_341' title='bbox 3187 1907 3366 1963; x_wconf 84' lang='lat' dir='ltr'><strong>vicina</strong></span> <span class='ocrx_word' id='word_1_342' title='bbox 3426 1907 3695 1978; x_wconf 57' lang='lat' dir='ltr'><strong>[Egyptus</strong></span> 
     </span>
    </p>
   </div>
   <div class='ocr_carea' id='block_1_50' title="bbox 2110 1999 3694 2069">
    <p class='ocr_par' dir='ltr' id='par_1_50' title="bbox 2110 1999 3694 2069">
     <span class='ocr_line' id='line_1_50' title="bbox 2110 1999 3694 2069; baseline 0.001 -17"><span class='ocrx_word' id='word_1_343' title='bbox 2110 2012 2267 2053; x_wconf 88' lang='lat' dir='ltr'><strong>more</strong></span> <span class='ocrx_word' id='word_1_344' title='bbox 2317 2013 2419 2052; x_wconf 83' lang='lat' dir='ltr'><strong>suo</strong></span> <span class='ocrx_word' id='word_1_345' title='bbox 2463 1999 2793 2069; x_wconf 86' lang='lat' dir='ltr'><strong>designavit.</strong></span> <span class='ocrx_word' id='word_1_346' title='bbox 2854 2001 3039 2056; x_wconf 82' lang='lat' dir='ltr'><strong>Mosen</strong></span> <span class='ocrx_word' id='word_1_347' title='bbox 3092 2010 3341 2055; x_wconf 82' lang='lat' dir='ltr'><strong>aversata</strong></span> <span class='ocrx_word' id='word_1_348' title='bbox 3389 2010 3503 2064; x_wconf 88' lang='lat' dir='ltr'><strong>est.</strong></span> <span class='ocrx_word' id='word_1_349' title='bbox 3553 2000 3694 2053; x_wconf 82' lang='lat' dir='ltr'><strong>Pha-</strong></span> 
     </span>
    </p>
   </div>
   <div class='ocr_carea' id='block_1_51' title="bbox 2111 2089 3689 2171">
    <p class='ocr_par' dir='ltr' id='par_1_51' title="bbox 2111 2089 3689 2171">
     <span class='ocr_line' id='line_1_51' title="bbox 2111 2089 3689 2171; baseline 0.002 -27"><span class='ocrx_word' id='word_1_350' title='bbox 2111 2089 2267 2144; x_wconf 91' lang='lat' dir='ltr'><strong>raoni</strong></span> <span class='ocrx_word' id='word_1_351' title='bbox 2298 2093 2658 2161; x_wconf 83' lang='lat' dir='ltr'><strong>mancipata:</strong></span> <span class='ocrx_word' id='word_1_352' title='bbox 2697 2092 2941 2147; x_wconf 85' lang='lat' dir='ltr'><strong>humiles</strong></span> <span class='ocrx_word' id='word_1_353' title='bbox 2985 2091 3168 2161; x_wconf 84' lang='lat' dir='ltr'><strong>ﬂagris</strong></span> <span class='ocrx_word' id='word_1_354' title='bbox 3210 2092 3486 2152; x_wconf 88' lang='lat' dir='ltr'><strong>concidit.</strong></span> <span class='ocrx_word' id='word_1_355' title='bbox 3534 2091 3689 2171; x_wconf 83' lang='lat' dir='ltr'><strong>labo-</strong></span> 
     </span>
    </p>
   </div>
   <div class='ocr_carea' id='block_1_52' title="bbox 2110 2180 3688 2250">
    <p class='ocr_par' dir='ltr' id='par_1_52' title="bbox 2110 2180 3688 2250">
     <span class='ocr_line' id='line_1_52' title="bbox 2110 2180 3688 2250; baseline 0.001 -16"><span class='ocrx_word' id='word_1_356' title='bbox 2110 2187 2298 2235; x_wconf 86' lang='lat' dir='ltr'><strong>rantes</strong></span> <span class='ocrx_word' id='word_1_357' title='bbox 2347 2180 2573 2237; x_wconf 82' lang='lat' dir='ltr'><strong>alllixit:</strong></span> <span class='ocrx_word' id='word_1_358' title='bbox 2604 2182 2857 2238; x_wconf 84' lang='lat' dir='ltr'><strong>civitates</strong></span> <span class='ocrx_word' id='word_1_359' title='bbox 2908 2185 3207 2250; x_wconf 79' lang='lat' dir='ltr'><strong>exstruxit,</strong></span> <span class='ocrx_word' id='word_1_360' title='bbox 3269 2193 3325 2240; x_wconf 90' lang='lat' dir='ltr'><strong>et</strong></span> <span class='ocrx_word' id='word_1_361' title='bbox 3375 2185 3688 2240; x_wconf 85' lang='lat' dir='ltr'><strong>mercedem</strong></span> 
     </span>
    </p>
   </div>
   <div class='ocr_carea' id='block_1_53' title="bbox 2110 2274 3690 2347">
    <p class='ocr_par' dir='ltr' id='par_1_53' title="bbox 2110 2274 3690 2347">
     <span class='ocr_line' id='line_1_53' title="bbox 2110 2274 3690 2347; baseline 0.001 -20"><span class='ocrx_word' id='word_1_362' title='bbox 2110 2274 2297 2342; x_wconf 87' lang='lat' dir='ltr'><strong>operis</strong></span> <span class='ocrx_word' id='word_1_363' title='bbox 2329 2289 2434 2328; x_wconf 87' lang='lat' dir='ltr'><strong>non</strong></span> <span class='ocrx_word' id='word_1_364' title='bbox 2466 2275 2750 2343; x_wconf 87' lang='lat' dir='ltr'><strong>persolvit.</strong></span> <span class='ocrx_word' id='word_1_365' title='bbox 2781 2274 2847 2329; x_wconf 85' lang='lat' dir='ltr'><strong>Et</strong></span> <span class='ocrx_word' id='word_1_366' title='bbox 2877 2291 3003 2330; x_wconf 93' lang='lat' dir='ltr'><strong>cum</strong></span> <span class='ocrx_word' id='word_1_367' title='bbox 3033 2276 3100 2330; x_wconf 89' lang='lat' dir='ltr'><strong>ad</strong></span> <span class='ocrx_word' id='word_1_368' title='bbox 3131 2277 3235 2331; x_wconf 87' lang='lat' dir='ltr'><strong>hoc</strong></span> <span class='ocrx_word' id='word_1_369' title='bbox 3264 2291 3441 2346; x_wconf 90' lang='lat' dir='ltr'><strong>usque</strong></span> <span class='ocrx_word' id='word_1_370' title='bbox 3472 2286 3690 2347; x_wconf 86' lang='lat' dir='ltr'><strong>tempus</strong></span> 
     </span>
    </p>
   </div>
   <div class='ocr_carea' id='block_1_54' title="bbox 2112 2366 3684 2437">
    <p class='ocr_par' dir='ltr' id='par_1_54' title="bbox 2112 2366 3684 2437">
     <span class='ocr_line' id='line_1_54' title="bbox 2112 2366 3684 2437; baseline 0.001 -18"><span class='ocrx_word' id='word_1_371' title='bbox 2112 2366 2167 2420; x_wconf 91' lang='lat' dir='ltr'><strong>in</strong></span> <span class='ocrx_word' id='word_1_372' title='bbox 2212 2366 2412 2421; x_wconf 89' lang='lat' dir='ltr'><strong>studiis</strong></span> <span class='ocrx_word' id='word_1_373' title='bbox 2464 2367 2589 2423; x_wconf 87' lang='lat' dir='ltr'><strong>istis</strong></span> <span class='ocrx_word' id='word_1_374' title='bbox 2626 2383 2685 2423; x_wconf 89' lang='lat' dir='ltr'><strong>se</strong></span> <span class='ocrx_word' id='word_1_375' title='bbox 2719 2368 3096 2433; x_wconf 75' lang='lat' dir='ltr'><strong>exercuisset,</strong></span> <span class='ocrx_word' id='word_1_376' title='bbox 3132 2369 3327 2423; x_wconf 85' lang='lat' dir='ltr'><strong>insano</strong></span> <span class='ocrx_word' id='word_1_377' title='bbox 3365 2368 3684 2437; x_wconf 85' lang='lat' dir='ltr'><strong>lapillorum</strong></span> 
     </span>
    </p>
   </div>
   <div class='ocr_carea' id='block_1_55' title="bbox 2110 2459 3688 2531">
    <p class='ocr_par' dir='ltr' id='par_1_55' title="bbox 2110 2459 3688 2531">
     <span class='ocr_line' id='line_1_55' title="bbox 2110 2459 3688 2531; baseline 0.003 -19"><span class='ocrx_word' id='word_1_378' title='bbox 2110 2473 2297 2513; x_wconf 88' lang='lat' dir='ltr'><strong>amore</strong></span> <span class='ocrx_word' id='word_1_379' title='bbox 2329 2459 2651 2529; x_wconf 83' lang='lat' dir='ltr'><strong>ﬂagrantem</strong></span> <span class='ocrx_word' id='word_1_380' title='bbox 2674 2500 2689 2523; x_wconf 90' lang='lat'><strong>,</strong></span> <span class='ocrx_word' id='word_1_381' title='bbox 2735 2475 3049 2531; x_wconf 89' lang='lat' dir='ltr'><strong>aurumque</strong></span> <span class='ocrx_word' id='word_1_382' title='bbox 3084 2462 3254 2516; x_wconf 86' lang='lat' dir='ltr'><strong>veluti</strong></span> <span class='ocrx_word' id='word_1_383' title='bbox 3288 2461 3461 2516; x_wconf 91' lang='lat' dir='ltr'><strong>Deum</strong></span> <span class='ocrx_word' id='word_1_384' title='bbox 3495 2462 3688 2517; x_wconf 86' lang='lat' dir='ltr'><strong>colen-</strong></span> 
     </span>
    </p>
   </div>
   <div class='ocr_carea' id='block_1_56' title="bbox 2112 2550 3684 2622">
    <p class='ocr_par' dir='ltr' id='par_1_56' title="bbox 2112 2550 3684 2622">
     <span class='ocr_line' id='line_1_56' title="bbox 2112 2550 3684 2622; baseline 0.004 -19"><span class='ocrx_word' id='word_1_385' title='bbox 2112 2558 2243 2612; x_wconf 88' lang='lat' dir='ltr'><strong>tem,</strong></span> <span class='ocrx_word' id='word_1_386' title='bbox 2299 2550 2601 2618; x_wconf 79' lang='lat' dir='ltr'><strong>produxit:</strong></span> <span class='ocrx_word' id='word_1_387' title='bbox 2645 2551 3010 2622; x_wconf 78' lang='lat' dir='ltr'><strong>TlteOphilum</strong></span> <span class='ocrx_word' id='word_1_388' title='bbox 3067 2561 3304 2622; x_wconf 87' lang='lat' dir='ltr'><strong>quatuor</strong></span> <span class='ocrx_word' id='word_1_389' title='bbox 3347 2554 3550 2620; x_wconf 87' lang='lat' dir='ltr'><strong>sociis,</strong></span> <span class='ocrx_word' id='word_1_390' title='bbox 3586 2568 3684 2609; x_wconf 76' lang='lat' dir='ltr'><strong>seu</strong></span> 
     </span>
    </p>
   </div>
   <div class='ocr_carea' id='block_1_57' title="bbox 2110 2641 3688 2710">
    <p class='ocr_par' dir='ltr' id='par_1_57' title="bbox 2110 2641 3688 2710">
     <span class='ocr_line' id='line_1_57' title="bbox 2110 2641 3688 2710; baseline 0.004 -16"><span class='ocrx_word' id='word_1_391' title='bbox 2110 2641 2293 2710; x_wconf 87' lang='lat' dir='ltr'><strong>potius</strong></span> <span class='ocrx_word' id='word_1_392' title='bbox 2355 2644 2682 2700; x_wconf 81' lang='lat' dir='ltr'><strong>defectionis</strong></span> <span class='ocrx_word' id='word_1_393' title='bbox 2757 2645 3041 2700; x_wconf 87' lang='lat' dir='ltr'><strong>sodalibus</strong></span> <span class='ocrx_word' id='word_1_394' title='bbox 3113 2646 3230 2702; x_wconf 86' lang='lat' dir='ltr'><strong>suis</strong></span> <span class='ocrx_word' id='word_1_395' title='bbox 3301 2641 3688 2703; x_wconf 85' lang='lat' dir='ltr'><strong>circumvalla-</strong></span> 
     </span>
    </p>
   </div>
   <div class='ocr_carea' id='block_1_58' title="bbox 2113 2736 3685 2808">
    <p class='ocr_par' dir='ltr' id='par_1_58' title="bbox 2113 2736 3685 2808">
     <span class='ocr_line' id='line_1_58' title="bbox 2113 2736 3685 2808; baseline 0.004 -20"><span class='ocrx_word' id='word_1_396' title='bbox 2113 2742 2267 2801; x_wconf 89' lang='lat' dir='ltr'><strong>tum,</strong></span> <span class='ocrx_word' id='word_1_397' title='bbox 2337 2737 2431 2805; x_wconf 91' lang='lat' dir='ltr'><strong>qui</strong></span> <span class='ocrx_word' id='word_1_398' title='bbox 2518 2736 2612 2791; x_wconf 80' lang='lat' dir='ltr'><strong>Dei</strong></span> <span class='ocrx_word' id='word_1_399' title='bbox 2674 2747 2951 2791; x_wconf 89' lang='lat' dir='ltr'><strong>amantem</strong></span> <span class='ocrx_word' id='word_1_400' title='bbox 3034 2739 3319 2808; x_wconf 89' lang='lat' dir='ltr'><strong>Deumque</strong></span> <span class='ocrx_word' id='word_1_401' title='bbox 3383 2739 3685 2808; x_wconf 81' lang='lat' dir='ltr'><strong>deprecan-</strong></span> 
     </span>
    </p>
   </div>
   <div class='ocr_carea' id='block_1_59' title="bbox 2114 2828 3686 2900">
    <p class='ocr_par' dir='ltr' id='par_1_59' title="bbox 2114 2828 3686 2900">
     <span class='ocr_line' id='line_1_59' title="bbox 2114 2828 3686 2900; baseline 0.003 -20"><span class='ocrx_word' id='word_1_402' title='bbox 2114 2835 2223 2881; x_wconf 86' lang='lat' dir='ltr'><strong>tem</strong></span> <span class='ocrx_word' id='word_1_403' title='bbox 2281 2828 2461 2883; x_wconf 87' lang='lat' dir='ltr'><strong>virum</strong></span> <span class='ocrx_word' id='word_1_404' title='bbox 2517 2828 2800 2884; x_wconf 87' lang='lat' dir='ltr'><strong>hostiliter</strong></span> <span class='ocrx_word' id='word_1_405' title='bbox 2852 2830 3206 2899; x_wconf 81' lang='lat' dir='ltr'><strong>Opprimeret,</strong></span> <span class='ocrx_word' id='word_1_406' title='bbox 3273 2846 3398 2885; x_wconf 87' lang='lat' dir='ltr'><strong>cum</strong></span> <span class='ocrx_word' id='word_1_407' title='bbox 3459 2832 3686 2900; x_wconf 90' lang='lat' dir='ltr'><strong>quidem</strong></span> 
     </span>
    </p>
   </div>
   <div class='ocr_carea' id='block_1_60' title="bbox 2110 2915 3682 2991">
    <p class='ocr_par' dir='ltr' id='par_1_60' title="bbox 2110 2915 3682 2991">
     <span class='ocr_line' id='line_1_60' title="bbox 2110 2915 3682 2991; baseline 0.004 -19"><span class='ocrx_word' id='word_1_408' title='bbox 2110 2916 2188 2972; x_wconf 92' lang='lat' dir='ltr'><strong>illi</strong></span> <span class='ocrx_word' id='word_1_409' title='bbox 2274 2934 2370 2974; x_wconf 85' lang='lat' dir='ltr'><strong>eas</strong></span> <span class='ocrx_word' id='word_1_410' title='bbox 2449 2935 2590 2989; x_wconf 91' lang='lat' dir='ltr'><strong>quas</strong></span> <span class='ocrx_word' id='word_1_411' title='bbox 2669 2915 2935 2975; x_wconf 88' lang='lat' dir='ltr'><strong>adversus</strong></span> <span class='ocrx_word' id='word_1_412' title='bbox 3014 2923 3400 2991; x_wconf 86' lang='lat' dir='ltr'><strong>cognominem</strong></span> <span class='ocrx_word' id='word_1_413' title='bbox 3495 2938 3682 2978; x_wconf 88' lang='lat' dir='ltr'><strong>meum</strong></span> 
     </span>
    </p>
   </div>
   <div class='ocr_carea' id='block_1_61' title="bbox 2110 3012 3689 3080">
    <p class='ocr_par' dir='ltr' id='par_1_61' title="bbox 2110 3012 3689 3080">
     <span class='ocr_line' id='line_1_61' title="bbox 2110 3012 3689 3080; baseline 0.004 -16"><span class='ocrx_word' id='word_1_414' title='bbox 2110 3020 2402 3080; x_wconf 88' lang='lat' dir='ltr'><strong>gesserunt</strong></span> <span class='ocrx_word' id='word_1_415' title='bbox 2448 3012 2794 3078; x_wconf 87' lang='lat' dir='ltr'><strong>inimicitias,</strong></span> <span class='ocrx_word' id='word_1_416' title='bbox 2845 3015 3195 3067; x_wconf 69' lang='lat' dir='ltr'><strong>occasionem</strong></span> <span class='ocrx_word' id='word_1_417' title='bbox 3225 3021 3280 3068; x_wconf 90' lang='lat' dir='ltr'><strong>et</strong></span> <span class='ocrx_word' id='word_1_418' title='bbox 3324 3030 3545 3070; x_wconf 88' lang='lat' dir='ltr'><strong>causam</strong></span> <span class='ocrx_word' id='word_1_419' title='bbox 3582 3016 3689 3069; x_wconf 87' lang='lat' dir='ltr'><strong>iut-</strong></span> 
     </span>
    </p>
   </div>
   <div class='ocr_carea' id='block_1_62' title="bbox 2112 3100 3685 3175">
    <p class='ocr_par' dir='ltr' id='par_1_62' title="bbox 2112 3100 3685 3175">
     <span class='ocr_line' id='line_1_62' title="bbox 2112 3100 3685 3175; baseline 0.006 -22"><span class='ocrx_word' id='word_1_420' title='bbox 2112 3100 2332 3168; x_wconf 88' lang='lat' dir='ltr'><strong>pietatis</strong></span> <span class='ocrx_word' id='word_1_421' title='bbox 2365 3117 2479 3156; x_wconf 74' lang='lat' dir='ltr'><strong>sua:</strong></span> <span class='ocrx_word' id='word_1_422' title='bbox 2517 3103 2904 3171; x_wconf 89' lang='lat' dir='ltr'><strong>arripuissent.</strong></span> <span class='ocrx_word' id='word_1_423' title='bbox 2941 3104 3105 3175; x_wconf 83' lang='lat'><strong>568</strong></span> <span class='ocrx_word' id='word_1_424' title='bbox 3136 3103 3246 3160; x_wconf 89' lang='lat' dir='ltr'><strong>Sed</strong></span> <span class='ocrx_word' id='word_1_425' title='bbox 3282 3105 3482 3160; x_wconf 80' lang='lat' dir='ltr'><strong>demus</strong></span> <span class='ocrx_word' id='word_1_426' title='bbox 3512 3106 3685 3163; x_wconf 87' lang='lat' dir='ltr'><strong>David</strong></span> 
     </span>
    </p>
   </div>
   <div class='ocr_carea' id='block_1_63' title="bbox 429 3171 2002 3268">
    <p class='ocr_par' dir='ltr' id='par_1_63' title="bbox 429 3171 2002 3268">
     <span class='ocr_line' id='line_1_63' title="bbox 429 3171 2002 3268; baseline 0.016 -35"><span class='ocrx_word' id='word_1_427' title='bbox 429 3183 627 3251; x_wconf 82' lang='grc' dir='ltr'>εἰπεῖν,</span> <span class='ocrx_word' id='word_1_428' title='bbox 658 3185 794 3243; x_wconf 81' lang='grc' dir='ltr'>ἀλλὰ</span> <span class='ocrx_word' id='word_1_429' title='bbox 827 3191 924 3245; x_wconf 83' lang='grc' dir='ltr'>καὶ</span> <span class='ocrx_word' id='word_1_430' title='bbox 960 3194 1089 3257; x_wconf 82' lang='grc' dir='ltr'>τοὺς</span> <span class='ocrx_word' id='word_1_431' title='bbox 1117 3171 1636 3268; x_wconf 73' lang='grc' dir='ltr'>ἐγκωμιασθέντας.</span> <span class='ocrx_word' id='word_1_432' title='bbox 1687 3203 1785 3257; x_wconf 80' lang='grc' dir='ltr'>καὶ</span> <span class='ocrx_word' id='word_1_433' title='bbox 1829 3171 2002 3258; x_wconf 72' lang='grc' dir='ltr'>ταῦτα</span> 
     </span>
    </p>
   </div>
   <div class='ocr_carea' id='block_1_64' title="bbox 2107 3171 3684 3268">
    <p class='ocr_par' dir='ltr' id='par_1_64' title="bbox 2110 3171 3684 3265">
     <span class='ocr_line' id='line_1_64' title="bbox 2110 3171 3684 3265; baseline 0.008 -22"><span class='ocrx_word' id='word_1_434' title='bbox 2110 3190 2491 3246; x_wconf 89' lang='lat' dir='ltr'><strong>confortatur:</strong></span> <span class='ocrx_word' id='word_1_435' title='bbox 2523 3193 2675 3248; x_wconf 89' lang='lat' dir='ltr'><strong>Sauli</strong></span> <span class='ocrx_word' id='word_1_436' title='bbox 2706 3202 2912 3259; x_wconf 88' lang='lat' dir='ltr'><strong>autem,</strong></span> <span class='ocrx_word' id='word_1_437' title='bbox 2944 3171 3107 3250; x_wconf 46' lang='grc' dir='ltr'><strong>εἰς]ιῇ</strong></span> <span class='ocrx_word' id='word_1_438' title='bbox 3134 3196 3309 3263; x_wconf 85' lang='lat' dir='ltr'><strong>vides,</strong></span> <span class='ocrx_word' id='word_1_439' title='bbox 3333 3198 3684 3265; x_wconf 76' lang='lat' dir='ltr'><strong>infirmatur:</strong></span> 
     </span>
    </p>
   </div>
   <div class='ocr_carea' id='block_1_65' title="bbox 394 3271 2007 3358">
    <p class='ocr_par' dir='ltr' id='par_1_65' title="bbox 394 3271 2007 3358">
     <span class='ocr_line' id='line_1_65' title="bbox 394 3271 2007 3358; baseline 0.015 -33"><span class='ocrx_word' id='word_1_440' title='bbox 394 3271 673 3342; x_wconf 68' lang='grc' dir='ltr'>“βασιλεῖς</span> <span class='ocrx_word' id='word_1_441' title='bbox 728 3280 1117 3352; x_wconf 81' lang='grc' dir='ltr'>τυγχάνοντας,</span> <span class='ocrx_word' id='word_1_442' title='bbox 1173 3286 1257 3339; x_wconf 80' lang='grc' dir='ltr'>ὃτι</span> <span class='ocrx_word' id='word_1_443' title='bbox 1312 3287 1377 3358; x_wconf 83' lang='grc' dir='ltr'><strong>δὴ</strong></span> <span class='ocrx_word' id='word_1_444' title='bbox 1434 3289 1678 3344; x_wconf 85' lang='grc' dir='ltr'>τοιούτου</span> <span class='ocrx_word' id='word_1_445' title='bbox 1718 3293 2007 3348; x_wconf 86' lang='grc' dir='ltr'>ἐπαινέτου</span> 
     </span>
    </p>
   </div>
   <div class='ocr_carea' id='block_1_66' title="bbox 427 3368 2011 3458">
    <p class='ocr_par' dir='ltr' id='par_1_66' title="bbox 427 3368 2011 3458">
     <span class='ocr_line' id='line_1_66' title="bbox 427 3368 2011 3458; baseline 0.016 -41"><span class='ocrx_word' id='word_1_446' title='bbox 427 3368 816 3441; x_wconf 77' lang='grc' dir='ltr'>τετυχήκασιν.</span> <span class='ocrx_word' id='word_1_447' title='bbox 852 3375 1011 3430; x_wconf 88' lang='grc' dir='ltr'>Ἐστι</span> <span class='ocrx_word' id='word_1_448' title='bbox 1035 3376 1094 3430; x_wconf 71' lang='grc' dir='ltr'>δὲ</span> <span class='ocrx_word' id='word_1_449' title='bbox 1119 3376 1281 3450; x_wconf 73' lang='grc' dir='ltr'>αὕτη·</span> <span class='ocrx_word' id='word_1_450' title='bbox 1318 3399 1338 3435; x_wconf 75' lang='grc' dir='ltr'><strong>ι</strong></span> <span class='ocrx_word' id='word_1_451' title='bbox 1362 3383 1617 3449; x_wconf 83' lang='grc' dir='ltr'>Λιϐάνιος</span> <span class='ocrx_word' id='word_1_452' title='bbox 1641 3386 1887 3458; x_wconf 82' lang='grc' dir='ltr'>Ἰωάννῃ.</span> <span class='ocrx_word' id='word_1_453' title='bbox 1913 3390 2011 3441; x_wconf 79' lang='grc' dir='ltr'><strong>Δε-</strong></span> 
     </span>
    </p>
   </div>
   <div class='ocr_carea' id='block_1_67' title="bbox 428 3460 2006 3548">
    <p class='ocr_par' dir='ltr' id='par_1_67' title="bbox 428 3460 2006 3548">
     <span class='ocr_line' id='line_1_67' title="bbox 428 3460 2006 3548; baseline 0.012 -34"><span class='ocrx_word' id='word_1_454' title='bbox 428 3460 660 3530; x_wconf 79' lang='grc' dir='ltr'>ξάμενός</span> <span class='ocrx_word' id='word_1_455' title='bbox 694 3482 787 3519; x_wconf 94' lang='grc' dir='ltr'><strong>σου</strong></span> <span class='ocrx_word' id='word_1_456' title='bbox 811 3467 904 3522; x_wconf 73' lang='grc' dir='ltr'>τὸν</span> <span class='ocrx_word' id='word_1_457' title='bbox 934 3467 1094 3540; x_wconf 81' lang='grc' dir='ltr'>λόγον</span> <span class='ocrx_word' id='word_1_458' title='bbox 1124 3471 1216 3526; x_wconf 82' lang='grc' dir='ltr'>τὸν</span> <span class='ocrx_word' id='word_1_459' title='bbox 1240 3476 1407 3529; x_wconf 82' lang='grc' dir='ltr'>πολὺν</span> <span class='ocrx_word' id='word_1_460' title='bbox 1428 3478 1523 3531; x_wconf 60' lang='grc' dir='ltr'><strong>καὶ⁸</strong></span> <span class='ocrx_word' id='word_1_461' title='bbox 1544 3478 1731 3543; x_wconf 78' lang='grc' dir='ltr'>καλὸν,</span> <span class='ocrx_word' id='word_1_462' title='bbox 1762 3482 2006 3548; x_wconf 78' lang='grc' dir='ltr'>ἀνέγνων</span> 
     </span>
    </p>
   </div>
   <div class='ocr_carea' id='block_1_68' title="bbox 425 3555 2007 3638">
    <p class='ocr_par' dir='ltr' id='par_1_68' title="bbox 425 3555 2007 3638">
     <span class='ocr_line' id='line_1_68' title="bbox 425 3555 2007 3638; baseline 0.013 -32"><span class='ocrx_word' id='word_1_463' title='bbox 425 3555 657 3625; x_wconf 80' lang='grc' dir='ltr'>ἀνδράσι</span> <span class='ocrx_word' id='word_1_464' title='bbox 697 3555 872 3627; x_wconf 83' lang='grc' dir='ltr'>λόγων</span> <span class='ocrx_word' id='word_1_465' title='bbox 914 3564 1009 3615; x_wconf 82' lang='grc' dir='ltr'><strong>καὶ</strong></span> <span class='ocrx_word' id='word_1_466' title='bbox 1058 3564 1246 3629; x_wconf 77' lang='grc' dir='ltr'>αὐτοῖς</span> <span class='ocrx_word' id='word_1_467' title='bbox 1288 3566 1686 3638; x_wconf 85' lang='grc' dir='ltr'>δημιουργοῖς·</span> <span class='ocrx_word' id='word_1_468' title='bbox 1720 3564 1795 3624; x_wconf 83' lang='grc' dir='ltr'>ὧν</span> <span class='ocrx_word' id='word_1_469' title='bbox 1828 3572 2007 3635; x_wconf 76' lang='grc' dir='ltr'>οὐδεὶς</span> 
     </span>
    </p>
   </div>
   <div class='ocr_carea' id='block_1_69' title="bbox 424 3646 2005 3732">
    <p class='ocr_par' dir='ltr' id='par_1_69' title="bbox 424 3646 2005 3732">
     <span class='ocr_line' id='line_1_69' title="bbox 424 3646 2005 3732; baseline 0.009 -30"><span class='ocrx_word' id='word_1_470' title='bbox 424 3646 494 3719; x_wconf 80' lang='grc' dir='ltr'>ἦν</span> <span class='ocrx_word' id='word_1_471' title='bbox 525 3650 586 3714; x_wconf 83' lang='grc' dir='ltr'>ὃς</span> <span class='ocrx_word' id='word_1_472' title='bbox 614 3650 715 3704; x_wconf 86' lang='grc' dir='ltr'><strong>οὐκ</strong></span> <span class='ocrx_word' id='word_1_473' title='bbox 746 3654 920 3725; x_wconf 79' lang='grc' dir='ltr'>ἐπήδα</span> <span class='ocrx_word' id='word_1_474' title='bbox 966 3673 1028 3711; x_wconf 86' lang='grc' dir='ltr'><strong>τε</strong></span> <span class='ocrx_word' id='word_1_475' title='bbox 1078 3659 1173 3712; x_wconf 78' lang='grc' dir='ltr'>καὶ</span> <span class='ocrx_word' id='word_1_476' title='bbox 1222 3660 1373 3726; x_wconf 81' lang='grc' dir='ltr'>ἐϐόα,</span> <span class='ocrx_word' id='word_1_477' title='bbox 1424 3662 1520 3716; x_wconf 81' lang='grc' dir='ltr'>καὶ</span> <span class='ocrx_word' id='word_1_478' title='bbox 1560 3664 1742 3717; x_wconf 84' lang='grc' dir='ltr'>πάντα</span> <span class='ocrx_word' id='word_1_479' title='bbox 1776 3664 1907 3732; x_wconf 81' lang='grc' dir='ltr'>ἐδρα</span> <span class='ocrx_word' id='word_1_480' title='bbox 1938 3664 2005 3718; x_wconf 85' lang='grc' dir='ltr'>τὰ</span> 
     </span>
    </p>
   </div>
   <div class='ocr_carea' id='block_1_70' title="bbox 426 3744 2004 3827">
    <p class='ocr_par' dir='ltr' id='par_1_70' title="bbox 426 3744 2004 3827">
     <span class='ocr_line' id='line_1_70' title="bbox 426 3744 2004 3827; baseline 0.008 -31"><span class='ocrx_word' id='word_1_481' title='bbox 426 3744 534 3797; x_wconf 83' lang='grc' dir='ltr'>τῶν</span> <span class='ocrx_word' id='word_1_482' title='bbox 562 3746 1056 3818; x_wconf 77' lang='grc' dir='ltr'>ἐκπεπληγμένων.</span> <span class='ocrx_word' id='word_1_483' title='bbox 1088 3751 1306 3823; x_wconf 84' lang='grc' dir='ltr'>Ἤσθην</span> <span class='ocrx_word' id='word_1_484' title='bbox 1336 3753 1381 3807; x_wconf 85' lang='grc' dir='ltr'>δ’</span> <span class='ocrx_word' id='word_1_485' title='bbox 1412 3754 1495 3807; x_wconf 85' lang='grc' dir='ltr'>ὅτι</span> <span class='ocrx_word' id='word_1_486' title='bbox 1526 3754 1586 3810; x_wconf 82' lang='grc' dir='ltr'><strong>τὸ</strong></span> <span class='ocrx_word' id='word_1_487' title='bbox 1607 3755 1882 3809; x_wconf 80' lang='grc' dir='ltr'>δεικνύναι</span> <span class='ocrx_word' id='word_1_488' title='bbox 1905 3755 2004 3827; x_wconf 80' lang='grc' dir='ltr'>τὴν</span> 
     </span>
    </p>
   </div>
   <div class='ocr_carea' id='block_1_71' title="bbox 425 3838 1998 3917">
    <p class='ocr_par' dir='ltr' id='par_1_71' title="bbox 425 3838 1998 3917">
     <span class='ocr_line' id='line_1_71' title="bbox 425 3838 1998 3917; baseline 0.008 -28"><span class='ocrx_word' id='word_1_489' title='bbox 425 3838 625 3910; x_wconf 83' lang='grc' dir='ltr'>τέχνην</span> <span class='ocrx_word' id='word_1_490' title='bbox 654 3841 712 3895; x_wconf 75' lang='grc' dir='ltr'><strong>ἐν</strong></span> <span class='ocrx_word' id='word_1_491' title='bbox 760 3841 1141 3916; x_wconf 85' lang='grc' dir='ltr'>δικαστηρίοις</span> <span class='ocrx_word' id='word_1_492' title='bbox 1187 3848 1467 3917; x_wconf 80' lang='grc' dir='ltr'>προτιθεὶς</span> <span class='ocrx_word' id='word_1_493' title='bbox 1517 3848 1618 3912; x_wconf 78' lang='grc' dir='ltr'>τὰς</span> <span class='ocrx_word' id='word_1_494' title='bbox 1671 3848 1998 3917; x_wconf 81' lang='grc' dir='ltr'>ἀποδείξεις.</span> 
     </span>
    </p>
   </div>
   <div class='ocr_carea' id='block_1_72' title="bbox 429 3931 2002 4011">
    <p class='ocr_par' dir='ltr' id='par_1_72' title="bbox 429 3931 2002 4011">
     <span class='ocr_line' id='line_1_72' title="bbox 429 3931 2002 4011; baseline 0.008 -28"><span class='ocrx_word' id='word_1_495' title='bbox 429 3931 539 3984; x_wconf 76' lang='grc' dir='ltr'>Καὶ</span> <span class='ocrx_word' id='word_1_496' title='bbox 587 3934 881 4004; x_wconf 77' lang='grc' dir='ltr'>μακαρίζω</span> <span class='ocrx_word' id='word_1_497' title='bbox 929 3953 990 3988; x_wconf 89' lang='grc' dir='ltr'><strong>σε</strong></span> <span class='ocrx_word' id='word_1_498' title='bbox 1028 3935 1128 4005; x_wconf 81' lang='grc' dir='ltr'>μὲν</span> <span class='ocrx_word' id='word_1_499' title='bbox 1166 3936 1311 3991; x_wconf 76' lang='grc' dir='ltr'>οὕτω</span> <span class='ocrx_word' id='word_1_500' title='bbox 1359 3940 1637 4010; x_wconf 86' lang='grc' dir='ltr'>διαμένειν</span> <span class='ocrx_word' id='word_1_501' title='bbox 1694 3940 2002 4011; x_wconf 81' lang='grc' dir='ltr'>δυνάμενον</span> 
     </span>
    </p>
   </div>
   <div class='ocr_carea' id='block_1_73' title="bbox 426 4024 2004 4103">
    <p class='ocr_par' dir='ltr' id='par_1_73' title="bbox 426 4024 2004 4103">
     <span class='ocr_line' id='line_1_73' title="bbox 426 4024 2004 4103; baseline 0.007 -29"><span class='ocrx_word' id='word_1_502' title='bbox 426 4024 692 4089; x_wconf 82' lang='grc' dir='ltr'>ἐπαινεῖν,</span> <span class='ocrx_word' id='word_1_503' title='bbox 737 4028 1028 4081; x_wconf 74' lang='grc' dir='ltr'>ἐπαινέτου</span> <span class='ocrx_word' id='word_1_504' title='bbox 1077 4028 1136 4081; x_wconf 72' lang='grc' dir='ltr'>δὲ</span> <span class='ocrx_word' id='word_1_505' title='bbox 1162 4031 1409 4084; x_wconf 87' lang='grc' dir='ltr'>τοιούτου</span> <span class='ocrx_word' id='word_1_506' title='bbox 1458 4034 1826 4103; x_wconf 84' lang='grc' dir='ltr'>τετυχηκότας</span> <span class='ocrx_word' id='word_1_507' title='bbox 1860 4031 2004 4086; x_wconf 87' lang='grc' dir='ltr'>ἐκεί-</span> 
     </span>
    </p>
   </div>
   <div class='ocr_carea' id='block_1_74' title="bbox 425 4119 2002 4193">
    <p class='ocr_par' dir='ltr' id='par_1_74' title="bbox 425 4119 2002 4193">
     <span class='ocr_line' id='line_1_74' title="bbox 425 4119 2002 4193; baseline 0.008 -25"><span class='ocrx_word' id='word_1_508' title='bbox 425 4133 573 4180; x_wconf 83' lang='grc' dir='ltr'>νους,</span> <span class='ocrx_word' id='word_1_509' title='bbox 605 4119 698 4170; x_wconf 92' lang='grc' dir='ltr'><strong>τόν</strong></span> <span class='ocrx_word' id='word_1_510' title='bbox 728 4136 788 4172; x_wconf 88' lang='grc' dir='ltr'><strong>τε</strong></span> <span class='ocrx_word' id='word_1_511' title='bbox 816 4120 975 4175; x_wconf 86' lang='grc' dir='ltr'>δόντα</span> <span class='ocrx_word' id='word_1_512' title='bbox 1022 4126 1236 4193; x_wconf 85' lang='grc' dir='ltr'>πατέρα</span> <span class='ocrx_word' id='word_1_513' title='bbox 1270 4126 1361 4179; x_wconf 83' lang='grc' dir='ltr'>καὶ</span> <span class='ocrx_word' id='word_1_514' title='bbox 1400 4126 1528 4191; x_wconf 85' lang='grc' dir='ltr'>τοὺς</span> <span class='ocrx_word' id='word_1_515' title='bbox 1562 4126 1826 4191; x_wconf 85' lang='grc' dir='ltr'>λαϐόντας</span> <span class='ocrx_word' id='word_1_516' title='bbox 1866 4128 2002 4190; x_wconf 84' lang='grc' dir='ltr'>υίεῖς</span> 
     </span>
    </p>
   </div>
   <div class='ocr_carea' id='block_1_75' title="bbox 426 4208 1998 4289">
    <p class='ocr_par' dir='ltr' id='par_1_75' title="bbox 426 4208 1998 4289">
     <span class='ocr_line' id='line_1_75' title="bbox 426 4208 1998 4289; baseline 0.009 -30"><span class='ocrx_word' id='word_1_517' title='bbox 426 4208 528 4277; x_wconf 77' lang='grc' dir='ltr'>τὴν</span> <span class='ocrx_word' id='word_1_518' title='bbox 561 4208 864 4278; x_wconf 84' lang='grc' dir='ltr'>βασιλείαν.</span> <span class='ocrx_word' id='word_1_519' title='bbox 892 4230 910 4263; x_wconf 76' lang='grc' dir='ltr'><strong>ι</strong></span> <span class='ocrx_word' id='word_1_520' title='bbox 954 4215 1271 4289; x_wconf 30' lang='grc' dir='ltr'>Καὶδταῦτα</span> <span class='ocrx_word' id='word_1_521' title='bbox 1302 4218 1400 4284; x_wconf 81' lang='grc' dir='ltr'>μὲν</span> <span class='ocrx_word' id='word_1_522' title='bbox 1433 4218 1690 4282; x_wconf 85' lang='grc' dir='ltr'>Λιϐάνιος</span> <span class='ocrx_word' id='word_1_523' title='bbox 1733 4220 1998 4289; x_wconf 69' lang='grc' dir='ltr'>γέγραφε’</span> 
     </span>
    </p>
   </div>
   <div class='ocr_carea' id='block_1_76' title="bbox 431 4303 2001 4384">
    <p class='ocr_par' dir='ltr' id='par_1_76' title="bbox 431 4303 2001 4384">
     <span class='ocr_line' id='line_1_76' title="bbox 431 4303 2001 4384; baseline 0.008 -28"><span class='ocrx_word' id='word_1_524' title='bbox 431 4303 762 4377; x_wconf 77' lang='grc' dir='ltr'>Πλουτάρχῳ</span> <span class='ocrx_word' id='word_1_525' title='bbox 778 4306 838 4360; x_wconf 71' lang='grc' dir='ltr'>δὲ</span> <span class='ocrx_word' id='word_1_526' title='bbox 863 4309 922 4361; x_wconf 73' lang='grc' dir='ltr'>τὸ</span> <span class='ocrx_word' id='word_1_527' title='bbox 953 4312 1124 4375; x_wconf 70' lang='grc' dir='ltr'>σαφὲς</span> <span class='ocrx_word' id='word_1_528' title='bbox 1154 4310 1249 4363; x_wconf 77' lang='grc' dir='ltr'><strong>καὶ</strong></span> <span class='ocrx_word' id='word_1_529' title='bbox 1270 4309 1415 4364; x_wconf 67' lang='grc' dir='ltr'>λεῖον</span> <span class='ocrx_word' id='word_1_530' title='bbox 1439 4312 1591 4365; x_wconf 85' lang='grc' dir='ltr'>δοκεῖ</span> <span class='ocrx_word' id='word_1_531' title='bbox 1608 4310 1751 4366; x_wconf 75' lang='grc' dir='ltr'>εἶναι</span> <span class='ocrx_word' id='word_1_532' title='bbox 1777 4314 2001 4384; x_wconf 84' lang='grc' dir='ltr'>γνήσιον</span> 
     </span>
    </p>
   </div>
   <div class='ocr_carea' id='block_1_77' title="bbox 439 4397 1997 4477">
    <p class='ocr_par' dir='ltr' id='par_1_77' title="bbox 439 4397 1997 4477">
     <span class='ocr_line' id='line_1_77' title="bbox 439 4397 1997 4477; baseline 0.006 -27"><span class='ocrx_word' id='word_1_533' title='bbox 439 4397 714 4452; x_wconf 80' lang='grc' dir='ltr'>Ἀττικόν·</span> <span class='ocrx_word' id='word_1_534' title='bbox 757 4418 776 4451; x_wconf 73' lang='grc' dir='ltr'><strong>ι</strong></span> <span class='ocrx_word' id='word_1_535' title='bbox 806 4400 964 4453; x_wconf 77' lang='grc' dir='ltr'>Οὕτω</span> <span class='ocrx_word' id='word_1_536' title='bbox 987 4402 1117 4470; x_wconf 75' lang='grc' dir='ltr'>γὰρ,</span> <span class='ocrx_word' id='word_1_537' title='bbox 1142 4402 1327 4471; x_wconf 75' lang='grc' dir='ltr'>φησὶν,</span> <span class='ocrx_word' id='word_1_538' title='bbox 1358 4402 1631 4474; x_wconf 73' lang='grc' dir='ltr'>ἐλάλησαν</span> <span class='ocrx_word' id='word_1_539' title='bbox 1661 4406 1711 4458; x_wconf 91' lang='grc' dir='ltr'><strong>οί</strong></span> <span class='ocrx_word' id='word_1_540' title='bbox 1745 4407 1997 4477; x_wconf 78' lang='grc' dir='ltr'>ῥήτορες.</span> 
     </span>
    </p>
   </div>
   <div class='ocr_carea' id='block_1_78' title="bbox 2111 3284 3687 3356">
    <p class='ocr_par' dir='ltr' id='par_1_78' title="bbox 2111 3284 3687 3356">
     <span class='ocr_line' id='line_1_78' title="bbox 2111 3284 3687 3356; baseline 0.006 -22"><span class='ocrx_word' id='word_1_541' title='bbox 2111 3284 2367 3352; x_wconf 88' lang='lat' dir='ltr'><strong>quamvis</strong></span> <span class='ocrx_word' id='word_1_542' title='bbox 2400 3298 2464 3337; x_wconf 81' lang='lat' dir='ltr'><strong>ex</strong></span> <span class='ocrx_word' id='word_1_543' title='bbox 2499 3288 2625 3339; x_wconf 74' lang='lat' dir='ltr'><strong>vitae</strong></span> <span class='ocrx_word' id='word_1_544' title='bbox 2657 3285 2824 3355; x_wconf 84' lang='lat' dir='ltr'><strong>hujus</strong></span> <span class='ocrx_word' id='word_1_545' title='bbox 2861 3294 3187 3356; x_wconf 85' lang='lat' dir='ltr'><strong>tempestate</strong></span> <span class='ocrx_word' id='word_1_546' title='bbox 3219 3287 3310 3343; x_wconf 91' lang='lat' dir='ltr'><strong>ille</strong></span> <span class='ocrx_word' id='word_1_547' title='bbox 3335 3288 3594 3353; x_wconf 84' lang='lat' dir='ltr'><strong>evaserit,</strong></span> <span class='ocrx_word' id='word_1_548' title='bbox 3630 3296 3687 3343; x_wconf 91' lang='lat' dir='ltr'><strong>et</strong></span> 
     </span>
    </p>
   </div>
   <div class='ocr_carea' id='block_1_79' title="bbox 2113 3374 3684 3447">
    <p class='ocr_par' dir='ltr' id='par_1_79' title="bbox 2113 3374 3684 3447">
     <span class='ocr_line' id='line_1_79' title="bbox 2113 3374 3684 3447; baseline 0.008 -20"><span class='ocrx_word' id='word_1_549' title='bbox 2113 3374 2180 3427; x_wconf 88' lang='lat' dir='ltr'><strong>ad</strong></span> <span class='ocrx_word' id='word_1_550' title='bbox 2214 3375 2495 3431; x_wconf 75' lang='lat' dir='ltr'><strong>ctelestcm</strong></span> <span class='ocrx_word' id='word_1_551' title='bbox 2528 3378 2983 3447; x_wconf 88' lang='lat' dir='ltr'><strong>tranquillitatem</strong></span> <span class='ocrx_word' id='word_1_552' title='bbox 3010 3380 3347 3434; x_wconf 67' lang='lat' dir='ltr'><strong>transierit.»</strong></span> <span class='ocrx_word' id='word_1_553' title='bbox 3376 3378 3523 3435; x_wconf 86' lang='lat' dir='ltr'><strong>Idem</strong></span> <span class='ocrx_word' id='word_1_554' title='bbox 3551 3396 3684 3439; x_wconf 86' lang='lat' dir='ltr'><strong>vero</strong></span> 
     </span>
    </p>
   </div>
   <div class='ocr_carea' id='block_1_80' title="bbox 2112 3466 3685 3541">
    <p class='ocr_par' dir='ltr' id='par_1_80' title="bbox 2112 3466 3685 3541">
     <span class='ocr_line' id='line_1_80' title="bbox 2112 3466 3685 3541; baseline 0.005 -20"><span class='ocrx_word' id='word_1_555' title='bbox 2112 3466 2399 3523; x_wconf 84' lang='lat' dir='ltr'><strong>mirificam</strong></span> <span class='ocrx_word' id='word_1_556' title='bbox 2429 3469 2808 3541; x_wconf 85' lang='lat' dir='ltr'><strong>Chrysostomi</strong></span> <span class='ocrx_word' id='word_1_557' title='bbox 2836 3470 3137 3527; x_wconf 88' lang='lat' dir='ltr'><strong>dictionem</strong></span> <span class='ocrx_word' id='word_1_558' title='bbox 3166 3472 3428 3528; x_wconf 88' lang='lat' dir='ltr'><strong>laudibus</strong></span> <span class='ocrx_word' id='word_1_559' title='bbox 3453 3473 3685 3541; x_wconf 83' lang='lat' dir='ltr'><strong>vehens,</strong></span> 
     </span>
    </p>
   </div>
   <div class='ocr_carea' id='block_1_81' title="bbox 2110 3559 3683 3635">
    <p class='ocr_par' dir='ltr' id='par_1_81' title="bbox 2110 3559 3683 3635">
     <span class='ocr_line' id='line_1_81' title="bbox 2110 3559 3683 3635; baseline 0.006 -24"><span class='ocrx_word' id='word_1_560' title='bbox 2110 3559 2226 3616; x_wconf 75' lang='lat' dir='ltr'><strong>haec</strong></span> <span class='ocrx_word' id='word_1_561' title='bbox 2265 3577 2486 3631; x_wconf 91' lang='lat' dir='ltr'><strong>quoque</strong></span> <span class='ocrx_word' id='word_1_562' title='bbox 2536 3563 2604 3617; x_wconf 90' lang='lat' dir='ltr'><strong>ad</strong></span> <span class='ocrx_word' id='word_1_563' title='bbox 2648 3562 2940 3633; x_wconf 87' lang='lat' dir='ltr'><strong>Ophelium</strong></span> <span class='ocrx_word' id='word_1_564' title='bbox 2994 3565 3416 3635; x_wconf 86' lang='lat' dir='ltr'><strong>grammaticum</strong></span> <span class='ocrx_word' id='word_1_565' title='bbox 3448 3565 3683 3621; x_wconf 87' lang='lat' dir='ltr'><strong>scribit:</strong></span> 
     </span>
    </p>
   </div>
   <div class='ocr_carea' id='block_1_82' title="bbox 2114 3652 3681 3726">
    <p class='ocr_par' dir='ltr' id='par_1_82' title="bbox 2114 3652 3681 3726">
     <span class='ocr_line' id='line_1_82' title="bbox 2114 3652 3681 3726; baseline 0.004 -23"><span class='ocrx_word' id='word_1_566' title='bbox 2114 3668 2133 3703; x_wconf 77' lang='grc' dir='ltr'><strong>ι</strong></span> <span class='ocrx_word' id='word_1_567' title='bbox 2162 3652 2408 3707; x_wconf 79' lang='lat' dir='ltr'><strong>Celebris</strong></span> <span class='ocrx_word' id='word_1_568' title='bbox 2436 3652 2666 3709; x_wconf 83' lang='lat' dir='ltr'><strong>Joannis</strong></span> <span class='ocrx_word' id='word_1_569' title='bbox 2709 3655 2973 3724; x_wconf 83' lang='lat' dir='ltr'><strong>linguam,</strong></span> <span class='ocrx_word' id='word_1_570' title='bbox 3011 3655 3381 3726; x_wconf 86' lang='lat' dir='ltr'><strong>dictionisque</strong></span> <span class='ocrx_word' id='word_1_571' title='bbox 3416 3667 3681 3712; x_wconf 56' lang='lat' dir='ltr'><strong>venusta-</strong></span> 
     </span>
    </p>
   </div>
   <div class='ocr_carea' id='block_1_83' title="bbox 2109 3746 3805 3812">
    <p class='ocr_par' dir='ltr' id='par_1_83' title="bbox 2109 3746 3805 3812">
     <span class='ocr_line' id='line_1_83' title="bbox 2109 3746 3805 3812; baseline 0.004 -13"><span class='ocrx_word' id='word_1_572' title='bbox 2109 3755 2216 3800; x_wconf 92' lang='lat' dir='ltr'><strong>tem</strong></span> <span class='ocrx_word' id='word_1_573' title='bbox 2238 3786 2253 3811; x_wconf 92' lang='lat'><strong>,</strong></span> <span class='ocrx_word' id='word_1_574' title='bbox 2285 3755 2343 3801; x_wconf 91' lang='lat' dir='ltr'><strong>et</strong></span> <span class='ocrx_word' id='word_1_575' title='bbox 2390 3746 2792 3801; x_wconf 89' lang='lat' dir='ltr'><strong>sententiarum</strong></span> <span class='ocrx_word' id='word_1_576' title='bbox 2840 3747 3173 3803; x_wconf 85' lang='lat' dir='ltr'><strong>densitatem</strong></span> <span class='ocrx_word' id='word_1_577' title='bbox 3195 3788 3210 3812; x_wconf 88' lang='lat'><strong>,</strong></span> <span class='ocrx_word' id='word_1_578' title='bbox 3258 3764 3368 3804; x_wconf 89' lang='lat' dir='ltr'><strong>non</strong></span> <span class='ocrx_word' id='word_1_579' title='bbox 3401 3750 3526 3803; x_wconf 89' lang='lat' dir='ltr'><strong>aliis</strong></span> <span class='ocrx_word' id='word_1_580' title='bbox 3557 3749 3684 3804; x_wconf 91' lang='lat' dir='ltr'><strong>dico</strong></span> <span class='ocrx_word' id='word_1_581' title='bbox 3796 3783 3805 3795; x_wconf 73' lang='grc' dir='ltr'><strong>ι</strong></span> 
     </span>
    </p>
   </div>
   <div class='ocr_carea' id='block_1_84' title="bbox 2107 3838 3683 3912">
    <p class='ocr_par' dir='ltr' id='par_1_84' title="bbox 2107 3838 3683 3912">
     <span class='ocr_line' id='line_1_84' title="bbox 2107 3838 3683 3912; baseline 0.004 -21"><span class='ocrx_word' id='word_1_582' title='bbox 2107 3838 2323 3908; x_wconf 91' lang='lat' dir='ltr'><strong>(parum</strong></span> <span class='ocrx_word' id='word_1_583' title='bbox 2354 3839 2505 3893; x_wconf 82' lang='lat' dir='ltr'><strong>enim</strong></span> <span class='ocrx_word' id='word_1_584' title='bbox 2547 3839 2653 3895; x_wconf 90' lang='lat' dir='ltr'><strong>hoc</strong></span> <span class='ocrx_word' id='word_1_585' title='bbox 2687 3839 2918 3895; x_wconf 77' lang='lat' dir='ltr'><strong>fortasse</strong></span> <span class='ocrx_word' id='word_1_586' title='bbox 2951 3840 3094 3910; x_wconf 85' lang='lat' dir='ltr'><strong>apud</strong></span> <span class='ocrx_word' id='word_1_587' title='bbox 3135 3840 3336 3897; x_wconf 87' lang='lat' dir='ltr'><strong>multos</strong></span> <span class='ocrx_word' id='word_1_588' title='bbox 3361 3841 3551 3912; x_wconf 91' lang='lat' dir='ltr'><strong>esset),</strong></span> <span class='ocrx_word' id='word_1_589' title='bbox 3585 3841 3683 3898; x_wconf 87' lang='lat' dir='ltr'><strong>sed</strong></span> 
     </span>
    </p>
   </div>
   <div class='ocr_carea' id='block_1_85' title="bbox 2110 3929 3685 4005">
    <p class='ocr_par' dir='ltr' id='par_1_85' title="bbox 2110 3929 3685 4005">
     <span class='ocr_line' id='line_1_85' title="bbox 2110 3929 3685 4005; baseline 0.003 -21"><span class='ocrx_word' id='word_1_590' title='bbox 2110 3931 2211 4002; x_wconf 85' lang='lat' dir='ltr'><strong>ipsi</strong></span> <span class='ocrx_word' id='word_1_591' title='bbox 2249 3929 2511 3998; x_wconf 86' lang='lat' dir='ltr'><strong>Libanio,</strong></span> <span class='ocrx_word' id='word_1_592' title='bbox 2555 3933 2652 4003; x_wconf 92' lang='lat' dir='ltr'><strong>qui</strong></span> <span class='ocrx_word' id='word_1_593' title='bbox 2697 3933 2839 4004; x_wconf 91' lang='lat' dir='ltr'><strong>apud</strong></span> <span class='ocrx_word' id='word_1_594' title='bbox 2874 3949 3068 3989; x_wconf 90' lang='lat' dir='ltr'><strong>omnes</strong></span> <span class='ocrx_word' id='word_1_595' title='bbox 3099 3935 3153 3990; x_wconf 90' lang='lat' dir='ltr'><strong>in</strong></span> <span class='ocrx_word' id='word_1_596' title='bbox 3192 3935 3511 4005; x_wconf 85' lang='lat' dir='ltr'><strong>eloquentia</strong></span> <span class='ocrx_word' id='word_1_597' title='bbox 3545 3951 3685 4005; x_wconf 78' lang='lat' dir='ltr'><strong>pra:-</strong></span> 
     </span>
    </p>
   </div>
   <div class='ocr_carea' id='block_1_86' title="bbox 2108 4025 3678 4096">
    <p class='ocr_par' dir='ltr' id='par_1_86' title="bbox 2108 4025 3678 4096">
     <span class='ocr_line' id='line_1_86' title="bbox 2108 4025 3678 4096; baseline 0.001 -16"><span class='ocrx_word' id='word_1_598' title='bbox 2108 4026 2288 4080; x_wconf 88' lang='lat' dir='ltr'><strong>clarus</strong></span> <span class='ocrx_word' id='word_1_599' title='bbox 2319 4025 2572 4090; x_wconf 85' lang='lat' dir='ltr'><strong>habetur,</strong></span> <span class='ocrx_word' id='word_1_600' title='bbox 2607 4040 2814 4096; x_wconf 73' lang='lat' dir='ltr'><strong>magna:</strong></span> <span class='ocrx_word' id='word_1_601' title='bbox 2841 4026 3196 4081; x_wconf 90' lang='lat' dir='ltr'><strong>admirationi</strong></span> <span class='ocrx_word' id='word_1_602' title='bbox 3238 4027 3437 4092; x_wconf 86' lang='lat' dir='ltr'><strong>fuisse,</strong></span> <span class='ocrx_word' id='word_1_603' title='bbox 3469 4027 3678 4081; x_wconf 88' lang='lat' dir='ltr'><strong>indicio</strong></span> 
     </span>
    </p>
   </div>
   <div class='ocr_carea' id='block_1_87' title="bbox 2106 4116 3678 4187">
    <p class='ocr_par' dir='ltr' id='par_1_87' title="bbox 2106 4116 3678 4187">
     <span class='ocr_line' id='line_1_87' title="bbox 2106 4116 3678 4187; baseline 0 -17"><span class='ocrx_word' id='word_1_604' title='bbox 2106 4127 2190 4171; x_wconf 86' lang='lat' dir='ltr'><strong>est</strong></span> <span class='ocrx_word' id='word_1_605' title='bbox 2243 4116 2459 4171; x_wconf 87' lang='lat' dir='ltr'><strong>Libanii</strong></span> <span class='ocrx_word' id='word_1_606' title='bbox 2509 4116 2687 4187; x_wconf 89' lang='lat' dir='ltr'><strong>ipsius</strong></span> <span class='ocrx_word' id='word_1_607' title='bbox 2735 4117 3005 4186; x_wconf 82' lang='lat' dir='ltr'><strong>cpistola,</strong></span> <span class='ocrx_word' id='word_1_608' title='bbox 3046 4119 3111 4171; x_wconf 88' lang='lat' dir='ltr'><strong>ad</strong></span> <span class='ocrx_word' id='word_1_609' title='bbox 3166 4118 3321 4172; x_wconf 89' lang='lat' dir='ltr'><strong>illum</strong></span> <span class='ocrx_word' id='word_1_610' title='bbox 3372 4121 3678 4172; x_wconf 89' lang='lat' dir='ltr'><strong>etiamnum</strong></span> 
     </span>
    </p>
   </div>
   <div class='ocr_carea' id='block_1_88' title="bbox 2101 4208 3670 4280">
    <p class='ocr_par' dir='ltr' id='par_1_88' title="bbox 2101 4208 3670 4280">
     <span class='ocr_line' id='line_1_88' title="bbox 2101 4208 3670 4280; baseline 0.001 -18"><span class='ocrx_word' id='word_1_611' title='bbox 2101 4208 2386 4280; x_wconf 82' lang='lat' dir='ltr'><strong>juvenem,</strong></span> <span class='ocrx_word' id='word_1_612' title='bbox 2421 4223 2545 4263; x_wconf 92' lang='lat' dir='ltr'><strong>cum</strong></span> <span class='ocrx_word' id='word_1_613' title='bbox 2577 4209 2885 4263; x_wconf 87' lang='lat' dir='ltr'><strong>orationem</strong></span> <span class='ocrx_word' id='word_1_614' title='bbox 2925 4209 2980 4263; x_wconf 90' lang='lat' dir='ltr'><strong>in</strong></span> <span class='ocrx_word' id='word_1_615' title='bbox 3011 4210 3410 4278; x_wconf 89' lang='lat' dir='ltr'><strong>imperatorum</strong></span> <span class='ocrx_word' id='word_1_616' title='bbox 3452 4211 3670 4264; x_wconf 83' lang='lat' dir='ltr'><strong>laudent</strong></span> 
     </span>
    </p>
   </div>
   <div class='ocr_carea' id='block_1_89' title="bbox 2108 4301 3676 4371">
    <p class='ocr_par' dir='ltr' id='par_1_89' title="bbox 2108 4301 3676 4371">
     <span class='ocr_line' id='line_1_89' title="bbox 2108 4301 3676 4371; baseline 0.002 -14"><span class='ocrx_word' id='word_1_617' title='bbox 2108 4303 2409 4369; x_wconf 87' lang='lat' dir='ltr'><strong>habuisset,</strong></span> <span class='ocrx_word' id='word_1_618' title='bbox 2433 4301 2635 4371; x_wconf 90' lang='lat' dir='ltr'><strong>scripta</strong></span> <span class='ocrx_word' id='word_1_619' title='bbox 2663 4318 2676 4354; x_wconf 90' lang='lat'><strong>:</strong></span> <span class='ocrx_word' id='word_1_620' title='bbox 2708 4301 2761 4354; x_wconf 90' lang='lat' dir='ltr'><strong>in</strong></span> <span class='ocrx_word' id='word_1_621' title='bbox 2791 4317 2898 4371; x_wconf 91' lang='lat' dir='ltr'><strong>qua</strong></span> <span class='ocrx_word' id='word_1_622' title='bbox 2922 4318 3030 4356; x_wconf 90' lang='lat' dir='ltr'><strong>non</strong></span> <span class='ocrx_word' id='word_1_623' title='bbox 3055 4303 3234 4371; x_wconf 88' lang='lat' dir='ltr'><strong>ipsum</strong></span> <span class='ocrx_word' id='word_1_624' title='bbox 3261 4304 3426 4358; x_wconf 89' lang='lat' dir='ltr'><strong>modo</strong></span> <span class='ocrx_word' id='word_1_625' title='bbox 3458 4303 3676 4360; x_wconf 87' lang='lat' dir='ltr'><strong>felicem</strong></span> 
     </span>
    </p>
   </div>
   <div class='ocr_carea' id='block_1_90' title="bbox 2105 4395 3676 4466">
    <p class='ocr_par' dir='ltr' id='par_1_90' title="bbox 2105 4395 3676 4466">
     <span class='ocr_line' id='line_1_90' title="bbox 2105 4395 3676 4466; baseline 0.001 -16"><span class='ocrx_word' id='word_1_626' title='bbox 2105 4410 2226 4450; x_wconf 90' lang='lat' dir='ltr'><strong>esse</strong></span> <span class='ocrx_word' id='word_1_627' title='bbox 2285 4395 2570 4463; x_wconf 62' lang='lat' dir='ltr'><strong>priedicat,</strong></span> <span class='ocrx_word' id='word_1_628' title='bbox 2631 4396 2724 4464; x_wconf 92' lang='lat' dir='ltr'><strong>qui</strong></span> <span class='ocrx_word' id='word_1_629' title='bbox 2784 4396 2865 4449; x_wconf 91' lang='lat' dir='ltr'><strong>sic</strong></span> <span class='ocrx_word' id='word_1_630' title='bbox 2924 4395 3109 4450; x_wconf 90' lang='lat' dir='ltr'><strong>dicere</strong></span> <span class='ocrx_word' id='word_1_631' title='bbox 3167 4399 3428 4466; x_wconf 86' lang='lat' dir='ltr'><strong>potuerit.</strong></span> <span class='ocrx_word' id='word_1_632' title='bbox 3481 4413 3676 4454; x_wconf 85' lang='lat' dir='ltr'><strong>verum</strong></span> 
     </span>
    </p>
   </div>
   <div class='ocr_carea' id='block_1_91' title="bbox 426 4487 2002 4581">
    <p class='ocr_par' dir='ltr' id='par_1_91' title="bbox 426 4490 1999 4570">
     <span class='ocr_line' id='line_1_91' title="bbox 426 4490 1999 4570; baseline 0.006 -26"><span class='ocrx_word' id='word_1_633' title='bbox 426 4490 663 4562; x_wconf 85' lang='grc' dir='ltr'>Γοργίας</span> <span class='ocrx_word' id='word_1_634' title='bbox 714 4493 761 4546; x_wconf 84' lang='grc' dir='ltr'>δ’</span> <span class='ocrx_word' id='word_1_635' title='bbox 790 4496 819 4547; x_wconf 88' lang='grc' dir='ltr'><strong>ό</strong></span> <span class='ocrx_word' id='word_1_636' title='bbox 850 4496 1130 4558; x_wconf 73' lang='grc' dir='ltr'>Λεοντῖνος</span> <span class='ocrx_word' id='word_1_637' title='bbox 1185 4496 1405 4566; x_wconf 84' lang='grc' dir='ltr'>πρῶτος</span> <span class='ocrx_word' id='word_1_638' title='bbox 1453 4499 1554 4568; x_wconf 75' lang='grc' dir='ltr'><strong>τὴν</strong></span> <span class='ocrx_word' id='word_1_639' title='bbox 1602 4498 1760 4554; x_wconf 89' lang='grc' dir='ltr'>νόσον</span> <span class='ocrx_word' id='word_1_640' title='bbox 1794 4501 1999 4570; x_wconf 81' lang='grc' dir='ltr'>ταύτην</span> 
     </span>
    </p>
   </div>
   <div class='ocr_carea' id='block_1_92' title="bbox 2107 4487 3677 4581">
    <p class='ocr_par' dir='ltr' id='par_1_92' title="bbox 2107 4487 3677 4561">
     <span class='ocr_line' id='line_1_92' title="bbox 2107 4487 3677 4561; baseline 0.003 -20"><span class='ocrx_word' id='word_1_641' title='bbox 2107 4490 2271 4542; x_wconf 86' lang='lat' dir='ltr'><strong>etiam</strong></span> <span class='ocrx_word' id='word_1_642' title='bbox 2307 4489 2585 4557; x_wconf 88' lang='lat' dir='ltr'><strong>principes</strong></span> <span class='ocrx_word' id='word_1_643' title='bbox 2619 4487 2768 4556; x_wconf 88' lang='lat' dir='ltr'><strong>ipsos</strong></span> <span class='ocrx_word' id='word_1_644' title='bbox 2810 4501 2950 4556; x_wconf 88' lang='lat' dir='ltr'><strong>quos</strong></span> <span class='ocrx_word' id='word_1_645' title='bbox 2991 4487 3239 4542; x_wconf 84' lang='lat' dir='ltr'><strong>laudavit</strong></span> <span class='ocrx_word' id='word_1_646' title='bbox 3276 4492 3469 4545; x_wconf 86' lang='lat' dir='ltr'><strong>beatos</strong></span> <span class='ocrx_word' id='word_1_647' title='bbox 3497 4502 3677 4561; x_wconf 89' lang='lat' dir='ltr'><strong>putat,</strong></span> 
     </span>
    </p>
   </div>
   <div class='ocr_carea' id='block_1_93' title="bbox 424 4578 2002 4659">
    <p class='ocr_par' dir='ltr' id='par_1_93' title="bbox 424 4586 2002 4659">
     <span class='ocr_line' id='line_1_93' title="bbox 424 4586 2002 4659; baseline 0.004 -22"><span class='ocrx_word' id='word_1_648' title='bbox 424 4588 507 4648; x_wconf 81' lang='grc' dir='ltr'>εἰς</span> <span class='ocrx_word' id='word_1_649' title='bbox 540 4587 670 4651; x_wconf 84' lang='grc' dir='ltr'>τοὺς</span> <span class='ocrx_word' id='word_1_650' title='bbox 695 4586 1007 4650; x_wconf 82' lang='grc' dir='ltr'>πολιτικοὺς</span> <span class='ocrx_word' id='word_1_651' title='bbox 1039 4586 1233 4655; x_wconf 88' lang='grc' dir='ltr'>λόγους</span> <span class='ocrx_word' id='word_1_652' title='bbox 1263 4590 1531 4658; x_wconf 86' lang='grc' dir='ltr'>εἰσήγαγε</span> <span class='ocrx_word' id='word_1_653' title='bbox 1561 4589 1621 4641; x_wconf 82' lang='grc' dir='ltr'><strong>τὸ</strong></span> <span class='ocrx_word' id='word_1_654' title='bbox 1659 4590 1868 4659; x_wconf 76' lang='grc' dir='ltr'>ὑψηλὸν</span> <span class='ocrx_word' id='word_1_655' title='bbox 1908 4592 2002 4645; x_wconf 82' lang='grc' dir='ltr'><strong>καὶ</strong></span> 
     </span>
    </p>
   </div>
   <div class='ocr_carea' id='block_1_94' title="bbox 2107 4578 3681 4659">
    <p class='ocr_par' dir='ltr' id='par_1_94' title="bbox 2107 4578 3681 4653">
     <span class='ocr_line' id='line_1_94' title="bbox 2107 4578 3681 4653; baseline 0.002 -19"><span class='ocrx_word' id='word_1_656' title='bbox 2107 4589 2162 4634; x_wconf 90' lang='lat' dir='ltr'><strong>et</strong></span> <span class='ocrx_word' id='word_1_657' title='bbox 2195 4580 2418 4651; x_wconf 87' lang='lat' dir='ltr'><strong>quidem</strong></span> <span class='ocrx_word' id='word_1_658' title='bbox 2469 4581 2562 4649; x_wconf 88' lang='lat' dir='ltr'><strong>qui</strong></span> <span class='ocrx_word' id='word_1_659' title='bbox 2600 4578 2968 4649; x_wconf 88' lang='lat' dir='ltr'><strong>imperatores</strong></span> <span class='ocrx_word' id='word_1_660' title='bbox 2999 4589 3204 4646; x_wconf 89' lang='lat' dir='ltr'><strong>essent,</strong></span> <span class='ocrx_word' id='word_1_661' title='bbox 3248 4585 3394 4653; x_wconf 90' lang='lat' dir='ltr'><strong>quod</strong></span> <span class='ocrx_word' id='word_1_662' title='bbox 3430 4583 3681 4639; x_wconf 85' lang='lat' dir='ltr'><strong>laudatu-</strong></span> 
     </span>
    </p>
   </div>
   <div class='ocr_carea' id='block_1_95' title="bbox 424 4678 2006 4752">
    <p class='ocr_par' dir='ltr' id='par_1_95' title="bbox 424 4678 2006 4752">
     <span class='ocr_line' id='line_1_95' title="bbox 424 4678 2006 4752; baseline 0.001 -22"><span class='ocrx_word' id='word_1_663' title='bbox 424 4679 484 4732; x_wconf 87' lang='grc' dir='ltr'><strong>τδ</strong></span> <span class='ocrx_word' id='word_1_664' title='bbox 510 4680 773 4748; x_wconf 77' lang='grc' dir='ltr'>τροπικὸν</span> <span class='ocrx_word' id='word_1_665' title='bbox 809 4678 1227 4749; x_wconf 85' lang='grc' dir='ltr'>ἀσπασάμενος,</span> <span class='ocrx_word' id='word_1_666' title='bbox 1261 4679 1359 4733; x_wconf 74' lang='grc' dir='ltr'>καὶ</span> <span class='ocrx_word' id='word_1_667' title='bbox 1397 4682 1465 4750; x_wconf 78' lang='grc' dir='ltr'>τῇ</span> <span class='ocrx_word' id='word_1_668' title='bbox 1501 4681 1779 4752; x_wconf 76' lang='grc' dir='ltr'>σαφηνείᾳ</span> <span class='ocrx_word' id='word_1_669' title='bbox 1828 4681 2006 4751; x_wconf 87' lang='grc' dir='ltr'>λυμη-</span> 
     </span>
    </p>
   </div>
   <div class='ocr_carea' id='block_1_96' title="bbox 427 4771 2000 4843">
    <p class='ocr_par' dir='ltr' id='par_1_96' title="bbox 427 4771 2000 4843">
     <span class='ocr_line' id='line_1_96' title="bbox 427 4771 2000 4843; baseline 0.003 -20"><span class='ocrx_word' id='word_1_670' title='bbox 427 4771 680 4843; x_wconf 78' lang='grc' dir='ltr'>νάμενος.</span> <span class='ocrx_word' id='word_1_671' title='bbox 719 4771 937 4840; x_wconf 66' lang='grc' dir='ltr'>Ἥψατο</span> <span class='ocrx_word' id='word_1_672' title='bbox 984 4772 1063 4838; x_wconf 81' lang='grc' dir='ltr'>δὲ,</span> <span class='ocrx_word' id='word_1_673' title='bbox 1096 4772 1285 4840; x_wconf 80' lang='grc' dir='ltr'>φησὶν,</span> <span class='ocrx_word' id='word_1_674' title='bbox 1334 4771 1367 4843; x_wconf 75' lang='grc' dir='ltr'><strong>ἠ</strong></span> <span class='ocrx_word' id='word_1_675' title='bbox 1398 4771 1556 4836; x_wconf 86' lang='grc' dir='ltr'>νόσος</span> <span class='ocrx_word' id='word_1_676' title='bbox 1604 4771 1746 4843; x_wconf 79' lang='grc' dir='ltr'>αὕτη</span> <span class='ocrx_word' id='word_1_677' title='bbox 1783 4774 1881 4827; x_wconf 80' lang='grc' dir='ltr'><strong>καὶ</strong></span> <span class='ocrx_word' id='word_1_678' title='bbox 1906 4772 2000 4827; x_wconf 83' lang='grc' dir='ltr'>τοῦ</span> 
     </span>
    </p>
   </div>
   <div class='ocr_carea' id='block_1_97' title="bbox 428 4862 2000 4936">
    <p class='ocr_par' dir='ltr' id='par_1_97' title="bbox 428 4862 2000 4936">
     <span class='ocr_line' id='line_1_97' title="bbox 428 4862 2000 4936; baseline 0 -19"><span class='ocrx_word' id='word_1_679' title='bbox 428 4864 748 4936; x_wconf 73' lang='grc' dir='ltr'>θαυμαστοῦ</span> <span class='ocrx_word' id='word_1_680' title='bbox 784 4865 1092 4928; x_wconf 82' lang='grc' dir='ltr'>Πλάτωνος.</span> <span class='ocrx_word' id='word_1_681' title='bbox 1127 4883 1147 4916; x_wconf 73' lang='grc' dir='ltr'><strong>ι</strong></span> <span class='ocrx_word' id='word_1_682' title='bbox 1189 4866 1253 4918; x_wconf 79' lang='lat' dir='ltr'><strong>Ei</strong></span> <span class='ocrx_word' id='word_1_683' title='bbox 1284 4864 1463 4919; x_wconf 90' lang='grc' dir='ltr'>τοίνυν</span> <span class='ocrx_word' id='word_1_684' title='bbox 1492 4865 1599 4936; x_wconf 85' lang='grc' dir='ltr'>χρὴ</span> <span class='ocrx_word' id='word_1_685' title='bbox 1644 4864 1701 4918; x_wconf 85' lang='grc' dir='ltr'><strong>δέ</strong></span> <span class='ocrx_word' id='word_1_686' title='bbox 1735 4868 1793 4919; x_wconf 87' lang='grc' dir='ltr'><strong>ἐν</strong></span> <span class='ocrx_word' id='word_1_687' title='bbox 1822 4862 2000 4935; x_wconf 83' lang='grc' dir='ltr'>τούτῳ</span> 
     </span>
    </p>
   </div>
   <div class='ocr_carea' id='block_1_98' title="bbox 429 4956 1996 5031">
    <p class='ocr_par' dir='ltr' id='par_1_98' title="bbox 429 4956 1996 5031">
     <span class='ocr_line' id='line_1_98' title="bbox 429 4956 1996 5031; baseline -0.001 -20"><span class='ocrx_word' id='word_1_688' title='bbox 429 4960 760 5031; x_wconf 78' lang='grc' dir='ltr'>Πλουτάρχῳ</span> <span class='ocrx_word' id='word_1_689' title='bbox 836 4958 1126 5014; x_wconf 77' lang='grc' dir='ltr'>πείθεσθαι</span> <span class='ocrx_word' id='word_1_690' title='bbox 1154 4998 1170 5024; x_wconf 91' lang='lat'><strong>,</strong></span> <span class='ocrx_word' id='word_1_691' title='bbox 1225 4960 1543 5013; x_wconf 79' lang='grc' dir='ltr'>πλεονεκτεῖ</span> <span class='ocrx_word' id='word_1_692' title='bbox 1609 4958 1740 5020; x_wconf 80' lang='grc' dir='ltr'>τοὺς</span> <span class='ocrx_word' id='word_1_693' title='bbox 1801 4956 1996 5022; x_wconf 83' lang='grc' dir='ltr'>ἄλλους</span> 
     </span>
    </p>
   </div>
   <div class='ocr_carea' id='block_1_99' title="bbox 424 5050 2000 5123">
    <p class='ocr_par' dir='ltr' id='par_1_99' title="bbox 424 5050 2000 5123">
     <span class='ocr_line' id='line_1_99' title="bbox 424 5050 2000 5123; baseline -0.003 -16"><span class='ocrx_word' id='word_1_694' title='bbox 424 5055 672 5114; x_wconf 77' lang='grc' dir='ltr'>ἅπαντας</span> <span class='ocrx_word' id='word_1_695' title='bbox 708 5054 737 5107; x_wconf 87' lang='grc' dir='ltr'>ὁ</span> <span class='ocrx_word' id='word_1_696' title='bbox 761 5054 1008 5123; x_wconf 79' lang='grc' dir='ltr'>ἀοίδιμος</span> <span class='ocrx_word' id='word_1_697' title='bbox 1050 5054 1331 5123; x_wconf 85' lang='grc' dir='ltr'>Ἰωάννης,</span> <span class='ocrx_word' id='word_1_698' title='bbox 1363 5053 1463 5107; x_wconf 80' lang='grc' dir='ltr'>καὶ</span> <span class='ocrx_word' id='word_1_699' title='bbox 1495 5052 1637 5105; x_wconf 77' lang='grc' dir='ltr'>κατὰ</span> <span class='ocrx_word' id='word_1_700' title='bbox 1674 5052 1778 5117; x_wconf 84' lang='grc' dir='ltr'>τὴν</span> <span class='ocrx_word' id='word_1_701' title='bbox 1813 5050 2000 5119; x_wconf 71' lang='grc' dir='ltr'>φωνὴν</span> 
     </span>
    </p>
   </div>
   <div class='ocr_carea' id='block_1_100' title="bbox 436 5141 1995 5217">
    <p class='ocr_par' dir='ltr' id='par_1_100' title="bbox 436 5141 1995 5217">
     <span class='ocr_line' id='line_1_100' title="bbox 436 5141 1995 5217; baseline -0.003 -18"><span class='ocrx_word' id='word_1_702' title='bbox 436 5146 762 5213; x_wconf 79' lang='grc' dir='ltr'>’Δττικίσας,</span> <span class='ocrx_word' id='word_1_703' title='bbox 794 5147 890 5200; x_wconf 77' lang='grc' dir='ltr'>καὶ</span> <span class='ocrx_word' id='word_1_704' title='bbox 933 5148 1204 5217; x_wconf 75' lang='grc' dir='ltr'>σαφηνείᾳ</span> <span class='ocrx_word' id='word_1_705' title='bbox 1237 5146 1311 5209; x_wconf 86' lang='grc' dir='ltr'>ὡς</span> <span class='ocrx_word' id='word_1_706' title='bbox 1352 5146 1453 5198; x_wconf 83' lang='grc' dir='ltr'><strong>οὐκ</strong></span> <span class='ocrx_word' id='word_1_707' title='bbox 1481 5141 1579 5199; x_wconf 74' lang='grc' dir='ltr'>οἷδ’</span> <span class='ocrx_word' id='word_1_708' title='bbox 1611 5144 1664 5197; x_wconf 81' lang='grc' dir='ltr'>ετ</span> <span class='ocrx_word' id='word_1_709' title='bbox 1696 5160 1782 5207; x_wconf 81' lang='grc' dir='ltr'><strong>τις</strong></span> <span class='ocrx_word' id='word_1_710' title='bbox 1832 5141 1995 5205; x_wconf 78' lang='grc' dir='ltr'>ἄλλος</span> 
     </span>
    </p>
   </div>
   <div class='ocr_carea' id='block_1_101' title="bbox 420 5236 1918 5312">
    <p class='ocr_par' dir='ltr' id='par_1_101' title="bbox 420 5236 1918 5312">
     <span class='ocr_line' id='line_1_101' title="bbox 420 5236 1918 5312; baseline -0.003 -19"><span class='ocrx_word' id='word_1_711' title='bbox 420 5240 821 5312; x_wconf 78' lang='grc' dir='ltr'>χρησάμενος.»</span> <span class='ocrx_word' id='word_1_712' title='bbox 857 5238 1020 5293; x_wconf 80' lang='grc' dir='ltr'>Ἀλλὰ</span> <span class='ocrx_word' id='word_1_713' title='bbox 1047 5240 1223 5293; x_wconf 73' lang='grc' dir='ltr'>ταῦτα</span> <span class='ocrx_word' id='word_1_714' title='bbox 1253 5236 1356 5306; x_wconf 82' lang='grc' dir='ltr'><strong>μὲν</strong></span> <span class='ocrx_word' id='word_1_715' title='bbox 1388 5241 1416 5291; x_wconf 88' lang='grc' dir='ltr'>ὁ</span> <span class='ocrx_word' id='word_1_716' title='bbox 1448 5238 1589 5300; x_wconf 78' lang='grc' dir='ltr'>θεῖος</span> <span class='ocrx_word' id='word_1_717' title='bbox 1620 5236 1918 5305; x_wconf 87' lang='grc' dir='ltr'>Ἰσίδωρος.</span> 
     </span>
    </p>
   </div>
   <div class='ocr_carea' id='block_1_102' title="bbox 2105 4675 3680 4732">
    <p class='ocr_par' dir='ltr' id='par_1_102' title="bbox 2105 4675 3680 4732">
     <span class='ocr_line' id='line_1_102' title="bbox 2105 4675 3680 4732; baseline 0.003 -4"><span class='ocrx_word' id='word_1_718' title='bbox 2105 4690 2220 4730; x_wconf 92' lang='lat' dir='ltr'><strong>rem</strong></span> <span class='ocrx_word' id='word_1_719' title='bbox 2253 4676 2416 4730; x_wconf 83' lang='lat' dir='ltr'><strong>talem</strong></span> <span class='ocrx_word' id='word_1_720' title='bbox 2459 4675 2602 4729; x_wconf 85' lang='lat' dir='ltr'><strong>nacti</strong></span> <span class='ocrx_word' id='word_1_721' title='bbox 2627 4683 2832 4729; x_wconf 87' lang='lat' dir='ltr'><strong>essent.</strong></span> <span class='ocrx_word' id='word_1_722' title='bbox 2870 4675 2943 4729; x_wconf 87' lang='lat' dir='ltr'><strong>Ea</strong></span> <span class='ocrx_word' id='word_1_723' title='bbox 2993 4675 3073 4731; x_wconf 91' lang='lat' dir='ltr'><strong>sic</strong></span> <span class='ocrx_word' id='word_1_724' title='bbox 3111 4675 3318 4732; x_wconf 85' lang='lat' dir='ltr'><strong>habet:</strong></span> <span class='ocrx_word' id='word_1_725' title='bbox 3355 4693 3378 4729; x_wconf 77' lang='grc' dir='ltr'><strong>ι</strong></span> <span class='ocrx_word' id='word_1_726' title='bbox 3410 4676 3680 4732; x_wconf 86' lang='lat' dir='ltr'><strong>Libanius</strong></span> 
     </span>
    </p>
   </div>
   <div class='ocr_carea' id='block_1_103' title="bbox 2103 4766 3679 4838">
    <p class='ocr_par' dir='ltr' id='par_1_103' title="bbox 2103 4766 3679 4838">
     <span class='ocr_line' id='line_1_103' title="bbox 2103 4766 3679 4838; baseline -0.002 -14"><span class='ocrx_word' id='word_1_727' title='bbox 2103 4769 2326 4824; x_wconf 84' lang='lat' dir='ltr'><strong>Joanni.</strong></span> <span class='ocrx_word' id='word_1_728' title='bbox 2384 4766 2703 4822; x_wconf 91' lang='lat' dir='ltr'><strong>Orationem</strong></span> <span class='ocrx_word' id='word_1_729' title='bbox 2763 4775 2910 4822; x_wconf 89' lang='lat' dir='ltr'><strong>tuam</strong></span> <span class='ocrx_word' id='word_1_730' title='bbox 2965 4767 3235 4837; x_wconf 79' lang='lat' dir='ltr'><strong>prolixam</strong></span> <span class='ocrx_word' id='word_1_731' title='bbox 3284 4778 3342 4823; x_wconf 90' lang='lat' dir='ltr'><strong>et</strong></span> <span class='ocrx_word' id='word_1_732' title='bbox 3386 4768 3679 4838; x_wconf 89' lang='lat' dir='ltr'><strong>pulchram</strong></span> 
     </span>
    </p>
   </div>
   <div class='ocr_carea' id='block_1_104' title="bbox 2103 4858 3680 4931">
    <p class='ocr_par' dir='ltr' id='par_1_104' title="bbox 2103 4858 3680 4931">
     <span class='ocr_line' id='line_1_104' title="bbox 2103 4858 3680 4931; baseline -0.001 -16"><span class='ocrx_word' id='word_1_733' title='bbox 2103 4861 2315 4931; x_wconf 87' lang='lat' dir='ltr'><strong>accepi,</strong></span> <span class='ocrx_word' id='word_1_734' title='bbox 2351 4870 2407 4915; x_wconf 90' lang='lat' dir='ltr'><strong>et</strong></span> <span class='ocrx_word' id='word_1_735' title='bbox 2448 4860 2580 4914; x_wconf 85' lang='lat' dir='ltr'><strong>viris</strong></span> <span class='ocrx_word' id='word_1_736' title='bbox 2625 4858 2721 4925; x_wconf 91' lang='lat' dir='ltr'><strong>qui</strong></span> <span class='ocrx_word' id='word_1_737' title='bbox 2765 4868 2820 4915; x_wconf 86' lang='lat' dir='ltr'><strong>et</strong></span> <span class='ocrx_word' id='word_1_738' title='bbox 2856 4858 2957 4927; x_wconf 88' lang='lat' dir='ltr'><strong>ipsi</strong></span> <span class='ocrx_word' id='word_1_739' title='bbox 2992 4858 3275 4912; x_wconf 87' lang='lat' dir='ltr'><strong>orationes</strong></span> <span class='ocrx_word' id='word_1_740' title='bbox 3317 4859 3680 4914; x_wconf 82' lang='lat' dir='ltr'><strong>conscribunt</strong></span> 
     </span>
    </p>
   </div>
   <div class='ocr_carea' id='block_1_105' title="bbox 2101 4948 3673 5021">
    <p class='ocr_par' dir='ltr' id='par_1_105' title="bbox 2101 4948 3673 5021">
     <span class='ocr_line' id='line_1_105' title="bbox 2101 4948 3673 5021; baseline -0.001 -14"><span class='ocrx_word' id='word_1_741' title='bbox 2101 4952 2231 5021; x_wconf 87' lang='lat' dir='ltr'><strong>legi.</strong></span> <span class='ocrx_word' id='word_1_742' title='bbox 2262 4952 2457 5006; x_wconf 88' lang='lat' dir='ltr'><strong>Nullus</strong></span> <span class='ocrx_word' id='word_1_743' title='bbox 2490 4953 2542 5004; x_wconf 92' lang='lat' dir='ltr'><strong>in</strong></span> <span class='ocrx_word' id='word_1_744' title='bbox 2571 4952 2654 5004; x_wconf 90' lang='lat' dir='ltr'><strong>eis</strong></span> <span class='ocrx_word' id='word_1_745' title='bbox 2683 4950 2808 5011; x_wconf 88' lang='lat' dir='ltr'><strong>fuit,</strong></span> <span class='ocrx_word' id='word_1_746' title='bbox 2838 4948 2932 5019; x_wconf 88' lang='lat' dir='ltr'><strong>qui</strong></span> <span class='ocrx_word' id='word_1_747' title='bbox 2965 4964 3074 5003; x_wconf 86' lang='lat' dir='ltr'><strong>non</strong></span> <span class='ocrx_word' id='word_1_748' title='bbox 3103 4949 3413 5017; x_wconf 88' lang='lat' dir='ltr'><strong>exsiluerit,</strong></span> <span class='ocrx_word' id='word_1_749' title='bbox 3445 4961 3502 5006; x_wconf 90' lang='lat' dir='ltr'><strong>et</strong></span> <span class='ocrx_word' id='word_1_750' title='bbox 3524 4953 3673 5006; x_wconf 88' lang='lat' dir='ltr'><strong>voci-</strong></span> 
     </span>
    </p>
   </div>
   <div class='ocr_carea' id='block_1_106' title="bbox 2102 5041 3674 5114">
    <p class='ocr_par' dir='ltr' id='par_1_106' title="bbox 2102 5041 3674 5114">
     <span class='ocr_line' id='line_1_106' title="bbox 2102 5041 3674 5114; baseline 0.001 -17"><span class='ocrx_word' id='word_1_751' title='bbox 2102 5044 2312 5098; x_wconf 87' lang='lat' dir='ltr'><strong>feratus</strong></span> <span class='ocrx_word' id='word_1_752' title='bbox 2339 5041 2431 5104; x_wconf 87' lang='lat' dir='ltr'><strong>sit,</strong></span> <span class='ocrx_word' id='word_1_753' title='bbox 2462 5057 2636 5112; x_wconf 82' lang='lat' dir='ltr'><strong>caque</strong></span> <span class='ocrx_word' id='word_1_754' title='bbox 2665 5042 2847 5096; x_wconf 87' lang='lat' dir='ltr'><strong>omnia</strong></span> <span class='ocrx_word' id='word_1_755' title='bbox 2876 5041 3084 5107; x_wconf 88' lang='lat' dir='ltr'><strong>fecerit,</strong></span> <span class='ocrx_word' id='word_1_756' title='bbox 3113 5058 3235 5112; x_wconf 82' lang='lat' dir='ltr'><strong>qua:</strong></span> <span class='ocrx_word' id='word_1_757' title='bbox 3263 5059 3359 5113; x_wconf 91' lang='lat' dir='ltr'><strong>per</strong></span> <span class='ocrx_word' id='word_1_758' title='bbox 3389 5053 3674 5114; x_wconf 81' lang='lat' dir='ltr'><strong>stuporem</strong></span> 
     </span>
    </p>
   </div>
   <div class='ocr_carea' id='block_1_107' title="bbox 2103 5136 3674 5208">
    <p class='ocr_par' dir='ltr' id='par_1_107' title="bbox 2103 5136 3674 5208">
     <span class='ocr_line' id='line_1_107' title="bbox 2103 5136 3674 5208; baseline 0.003 -18"><span class='ocrx_word' id='word_1_759' title='bbox 2103 5137 2445 5192; x_wconf 83' lang='lat' dir='ltr'><strong>consternati</strong></span> <span class='ocrx_word' id='word_1_760' title='bbox 2481 5138 2683 5190; x_wconf 88' lang='lat' dir='ltr'><strong>solent.</strong></span> <span class='ocrx_word' id='word_1_761' title='bbox 2714 5136 2799 5191; x_wconf 82' lang='lat' dir='ltr'><strong>Me</strong></span> <span class='ocrx_word' id='word_1_762' title='bbox 2828 5136 2961 5190; x_wconf 90' lang='lat' dir='ltr'><strong>illud</strong></span> <span class='ocrx_word' id='word_1_763' title='bbox 2989 5137 3246 5203; x_wconf 87' lang='lat' dir='ltr'><strong>delectat,</strong></span> <span class='ocrx_word' id='word_1_764' title='bbox 3280 5138 3423 5208; x_wconf 88' lang='lat' dir='ltr'><strong>quod</strong></span> <span class='ocrx_word' id='word_1_765' title='bbox 3456 5138 3674 5196; x_wconf 88' lang='lat' dir='ltr'><strong>dicendi</strong></span> 
     </span>
    </p>
   </div>
   <div class='ocr_carea' id='block_1_108' title="bbox 2099 5227 3674 5300">
    <p class='ocr_par' dir='ltr' id='par_1_108' title="bbox 2099 5227 3674 5300">
     <span class='ocr_line' id='line_1_108' title="bbox 2099 5227 3674 5300; baseline 0.001 -16"><span class='ocrx_word' id='word_1_766' title='bbox 2099 5239 2272 5286; x_wconf 90' lang='lat' dir='ltr'><strong>artem</strong></span> <span class='ocrx_word' id='word_1_767' title='bbox 2294 5269 2310 5295; x_wconf 90' lang='lat'><strong>,</strong></span> <span class='ocrx_word' id='word_1_768' title='bbox 2346 5244 2511 5298; x_wconf 87' lang='lat' dir='ltr'><strong>quam</strong></span> <span class='ocrx_word' id='word_1_769' title='bbox 2544 5227 2776 5299; x_wconf 77' lang='lat' dir='ltr'><strong>agendis</strong></span> <span class='ocrx_word' id='word_1_770' title='bbox 2811 5228 2866 5282; x_wconf 92' lang='lat' dir='ltr'><strong>in</strong></span> <span class='ocrx_word' id='word_1_771' title='bbox 2903 5229 3025 5283; x_wconf 89' lang='lat' dir='ltr'><strong>foro</strong></span> <span class='ocrx_word' id='word_1_772' title='bbox 3057 5229 3239 5284; x_wconf 81' lang='lat' dir='ltr'><strong>causis</strong></span> <span class='ocrx_word' id='word_1_773' title='bbox 3279 5230 3539 5291; x_wconf 84' lang='lat' dir='ltr'><strong>exhibere</strong></span> <span class='ocrx_word' id='word_1_774' title='bbox 3573 5247 3674 5300; x_wconf 87' lang='lat' dir='ltr'><strong>po-</strong></span> 
     </span>
    </p>
   </div>
   <div class='ocr_carea' id='block_1_109' title="bbox 421 5330 3677 5408">
    <p class='ocr_par' dir='ltr' id='par_1_109' title="bbox 421 5330 3677 5408">
     <span class='ocr_line' id='line_1_109' title="bbox 421 5330 3677 5408; baseline -0.002 -15"><span class='ocrx_word' id='word_1_775' title='bbox 421 5338 611 5407; x_wconf 87' lang='lat' dir='ltr'><strong>tuisti,</strong></span> <span class='ocrx_word' id='word_1_776' title='bbox 672 5338 743 5392; x_wconf 85' lang='lat' dir='ltr'><strong>ad</strong></span> <span class='ocrx_word' id='word_1_777' title='bbox 782 5338 967 5408; x_wconf 79' lang='lat' dir='ltr'><strong>hujus-</strong></span> <span class='ocrx_word' id='word_1_778' title='bbox 990 5338 1210 5407; x_wconf 88' lang='lat' dir='ltr'><strong>generis</strong></span> <span class='ocrx_word' id='word_1_779' title='bbox 1253 5338 1675 5393; x_wconf 88' lang='lat' dir='ltr'><strong>demonstrativi</strong></span> <span class='ocrx_word' id='word_1_780' title='bbox 1720 5336 2004 5392; x_wconf 85' lang='lat' dir='ltr'><strong>orationes</strong></span> <span class='ocrx_word' id='word_1_781' title='bbox 2043 5333 2298 5388; x_wconf 89' lang='lat' dir='ltr'><strong>conferre</strong></span> <span class='ocrx_word' id='word_1_782' title='bbox 2347 5331 2609 5385; x_wconf 89' lang='lat' dir='ltr'><strong>malueris</strong></span> <span class='ocrx_word' id='word_1_783' title='bbox 2639 5348 2654 5387; x_wconf 89' lang='lat'><strong>:</strong></span> <span class='ocrx_word' id='word_1_784' title='bbox 2686 5341 2847 5400; x_wconf 86' lang='lat' dir='ltr'><strong>teque</strong></span> <span class='ocrx_word' id='word_1_785' title='bbox 2877 5330 3099 5387; x_wconf 86' lang='lat' dir='ltr'><strong>beatum</strong></span> <span class='ocrx_word' id='word_1_786' title='bbox 3152 5333 3358 5404; x_wconf 87' lang='lat' dir='ltr'><strong>judico,</strong></span> <span class='ocrx_word' id='word_1_787' title='bbox 3392 5335 3488 5405; x_wconf 91' lang='lat' dir='ltr'><strong>qui</strong></span> <span class='ocrx_word' id='word_1_788' title='bbox 3557 5345 3677 5388; x_wconf 85' lang='lat' dir='ltr'><strong>tau-</strong></span> 
     </span>
    </p>
   </div>
   <div class='ocr_carea' id='block_1_110' title="bbox 419 5425 3673 5505">
    <p class='ocr_par' dir='ltr' id='par_1_110' title="bbox 419 5425 3673 5505">
     <span class='ocr_line' id='line_1_110' title="bbox 419 5425 3673 5505; baseline -0.003 -14"><span class='ocrx_word' id='word_1_789' title='bbox 419 5445 605 5505; x_wconf 85' lang='lat' dir='ltr'><strong>tepere</strong></span> <span class='ocrx_word' id='word_1_790' title='bbox 659 5433 938 5503; x_wconf 87' lang='lat' dir='ltr'><strong>principes</strong></span> <span class='ocrx_word' id='word_1_791' title='bbox 977 5429 1233 5486; x_wconf 88' lang='lat' dir='ltr'><strong>laudibus</strong></span> <span class='ocrx_word' id='word_1_792' title='bbox 1278 5446 1481 5487; x_wconf 87' lang='lat' dir='ltr'><strong>ornare</strong></span> <span class='ocrx_word' id='word_1_793' title='bbox 1535 5430 1825 5501; x_wconf 86' lang='lat' dir='ltr'><strong>potueris:</strong></span> <span class='ocrx_word' id='word_1_794' title='bbox 1879 5443 1982 5484; x_wconf 88' lang='lat' dir='ltr'><strong>nec</strong></span> <span class='ocrx_word' id='word_1_795' title='bbox 2021 5426 2207 5481; x_wconf 90' lang='lat' dir='ltr'><strong>minus</strong></span> <span class='ocrx_word' id='word_1_796' title='bbox 2269 5425 2581 5480; x_wconf 89' lang='lat' dir='ltr'><strong>fortunatos</strong></span> <span class='ocrx_word' id='word_1_797' title='bbox 2613 5425 2739 5478; x_wconf 90' lang='lat' dir='ltr'><strong>illos</strong></span> <span class='ocrx_word' id='word_1_798' title='bbox 2766 5439 2890 5479; x_wconf 80' lang='lat' dir='ltr'><strong>esse</strong></span> <span class='ocrx_word' id='word_1_799' title='bbox 2954 5437 3107 5494; x_wconf 90' lang='lat' dir='ltr'><strong>puto,</strong></span> <span class='ocrx_word' id='word_1_800' title='bbox 3133 5437 3189 5482; x_wconf 89' lang='lat' dir='ltr'><strong>et</strong></span> <span class='ocrx_word' id='word_1_801' title='bbox 3213 5437 3427 5497; x_wconf 84' lang='lat' dir='ltr'><strong>patrem</strong></span> <span class='ocrx_word' id='word_1_802' title='bbox 3459 5429 3673 5482; x_wconf 72' lang='lat' dir='ltr'><strong>scilicet</strong></span> 
     </span>
    </p>
   </div>
   <div class='ocr_carea' id='block_1_111' title="bbox 486 5553 1981 5652">
    <p class='ocr_par' dir='ltr' id='par_1_111' title="bbox 486 5553 1981 5652">
     <span class='ocr_line' id='line_1_111' title="bbox 486 5553 1981 5652; baseline -0.016 -19"><span class='ocrx_word' id='word_1_803' title='bbox 486 5553 1080 5652; x_wconf 32' lang='lat' dir='ltr'><strong>(l)“EvTao§pfp.o0.ot</strong></span> <span class='ocrx_word' id='word_1_804' title='bbox 1127 5566 1540 5652; x_wconf 46' lang='lat' dir='ltr'><strong>veniisse-‘1:th</strong></span> <span class='ocrx_word' id='word_1_805' title='bbox 1567 5568 1679 5649; x_wconf 68' lang='grc' dir='ltr'>τῷν</span> <span class='ocrx_word' id='word_1_806' title='bbox 1714 5567 1981 5652; x_wconf 47' lang='lat' dir='ltr'><strong>saep-M6-</strong></span> 
     </span>
    </p>
   </div>
   <div class='ocr_carea' id='block_1_112' title="bbox 412 5639 1986 5787">
    <p class='ocr_par' dir='ltr' id='par_1_112' title="bbox 412 5639 1986 5787">
     <span class='ocr_line' id='line_1_112' title="bbox 412 5639 1986 5725; baseline -0.015 -14"><span class='ocrx_word' id='word_1_807' title='bbox 412 5639 745 5718; x_wconf 47' lang='grc' dir='ltr'>τωῖψυχςῇ</span> <span class='ocrx_word' id='word_1_808' title='bbox 789 5639 1144 5710; x_wconf 69' lang='grc' dir='ltr'>ἐξεκαλοῦντο</span> <span class='ocrx_word' id='word_1_809' title='bbox 1169 5657 1197 5708; x_wconf 21' lang='grc' dir='ltr'><strong>-δ</strong></span> <span class='ocrx_word' id='word_1_810' title='bbox 1230 5640 1332 5710; x_wconf 74' lang='grc' dir='ltr'>μιᾷ</span> <span class='ocrx_word' id='word_1_811' title='bbox 1382 5639 1440 5692; x_wconf 72' lang='grc' dir='ltr'>δὲ</span> <span class='ocrx_word' id='word_1_812' title='bbox 1480 5640 1664 5725; x_wconf 64' lang='grc' dir='ltr'>αὑτων</span> <span class='ocrx_word' id='word_1_813' title='bbox 1710 5639 1986 5720; x_wconf 65' lang='grc' dir='ltr'>ἐχρήσατο</span> 
     </span>
     <span class='ocr_line' id='line_1_113' title="bbox 413 5708 1980 5787; baseline -0.025 -7"><span class='ocrx_word' id='word_1_814' title='bbox 413 5719 610 5782; x_wconf 83' lang='grc' dir='ltr'>Σαοὺλ,</span> <span class='ocrx_word' id='word_1_815' title='bbox 645 5719 770 5787; x_wconf 70' lang='grc' dir='ltr'>ητις</span> <span class='ocrx_word' id='word_1_816' title='bbox 810 5713 1174 5787; x_wconf 77' lang='grc' dir='ltr'>ἐξεκαλέσατο</span> <span class='ocrx_word' id='word_1_817' title='bbox 1212 5711 1314 5787; x_wconf 73' lang='grc' dir='ltr'><strong>τῂν</strong></span> <span class='ocrx_word' id='word_1_818' title='bbox 1359 5708 1841 5787; x_wconf 33' lang='lat' dir='ltr'><strong>domu-Lamum</strong></span> <span class='ocrx_word' id='word_1_819' title='bbox 1886 5726 1980 5760; x_wconf 78' lang='grc' dir='ltr'><strong>του</strong></span> 
     </span>
    </p>
   </div>
   <div class='ocr_carea' id='block_1_113' title="bbox 415 5778 1977 5860">
    <p class='ocr_par' dir='ltr' id='par_1_113' title="bbox 415 5778 1977 5860">
     <span class='ocr_line' id='line_1_114' title="bbox 415 5778 1977 5860; baseline -0.006 -17"><span class='ocrx_word' id='word_1_820' title='bbox 415 5778 869 5860; x_wconf 25' lang='grc' dir='ltr'>προφήτουονὶιοὸ</span> <span class='ocrx_word' id='word_1_821' title='bbox 903 5792 1007 5851; x_wconf 82' lang='lat' dir='ltr'><strong>est,</strong></span> <span class='ocrx_word' id='word_1_822' title='bbox 1053 5778 1406 5853; x_wconf 71' lang='lat' dir='ltr'><strong>Ventriloquw</strong></span> <span class='ocrx_word' id='word_1_823' title='bbox 1448 5778 1694 5835; x_wconf 73' lang='lat' dir='ltr'><strong>mulieres</strong></span> <span class='ocrx_word' id='word_1_824' title='bbox 1741 5790 1977 5835; x_wconf 72' lang='lat' dir='ltr'><strong>mortuo-</strong></span> 
     </span>
    </p>
   </div>
   <div class='ocr_carea' id='block_1_114' title="bbox 2095 5564 3671 5633">
    <p class='ocr_par' dir='ltr' id='par_1_114' title="bbox 2095 5564 3671 5633">
     <span class='ocr_line' id='line_1_115' title="bbox 2095 5564 3671 5633; baseline -0.002 -13"><span class='ocrx_word' id='word_1_825' title='bbox 2095 5583 2213 5620; x_wconf 85' lang='lat' dir='ltr'><strong>rum</strong></span> <span class='ocrx_word' id='word_1_826' title='bbox 2247 5568 2453 5619; x_wconf 72' lang='lat' dir='ltr'><strong>animat</strong></span> <span class='ocrx_word' id='word_1_827' title='bbox 2477 5564 2782 5625; x_wconf 81' lang='lat' dir='ltr'><strong>evocabant,</strong></span> <span class='ocrx_word' id='word_1_828' title='bbox 2813 5580 3043 5633; x_wconf 80' lang='lat' dir='ltr'><strong>quorum</strong></span> <span class='ocrx_word' id='word_1_829' title='bbox 3077 5581 3184 5619; x_wconf 83' lang='lat' dir='ltr'><strong>una</strong></span> <span class='ocrx_word' id='word_1_830' title='bbox 3236 5582 3358 5619; x_wconf 82' lang='lat' dir='ltr'><strong>usus</strong></span> <span class='ocrx_word' id='word_1_831' title='bbox 3387 5574 3463 5619; x_wconf 76' lang='lat' dir='ltr'><strong>est</strong></span> <span class='ocrx_word' id='word_1_832' title='bbox 3500 5564 3671 5630; x_wconf 78' lang='lat' dir='ltr'><strong>Snul;</strong></span> 
     </span>
    </p>
   </div>
   <div class='ocr_carea' id='block_1_115' title="bbox 2092 5635 3667 5706">
    <p class='ocr_par' dir='ltr' id='par_1_115' title="bbox 2092 5635 3667 5706">
     <span class='ocr_line' id='line_1_116' title="bbox 2092 5635 3667 5706; baseline -0.001 -15"><span class='ocrx_word' id='word_1_833' title='bbox 2092 5654 2154 5691; x_wconf 87' lang='lat' dir='ltr'><strong>ea</strong></span> <span class='ocrx_word' id='word_1_834' title='bbox 2212 5637 2451 5690; x_wconf 82' lang='lat' dir='ltr'><strong>animam</strong></span> <span class='ocrx_word' id='word_1_835' title='bbox 2516 5637 2784 5706; x_wconf 66' lang='lat' dir='ltr'><strong>propheta</strong></span> <span class='ocrx_word' id='word_1_836' title='bbox 2845 5635 3111 5690; x_wconf 74' lang='lat' dir='ltr'><strong>Samuelis</strong></span> <span class='ocrx_word' id='word_1_837' title='bbox 3196 5639 3449 5691; x_wconf 79' lang='lat' dir='ltr'><strong>evocavit.</strong></span> <span class='ocrx_word' id='word_1_838' title='bbox 3508 5636 3667 5689; x_wconf 62' lang='lat' dir='ltr'><strong>Stud.</strong></span> 
     </span>
    </p>
   </div>
   <div class='ocr_carea' id='block_1_116' title="bbox 2092 5706 3092 5777">
    <p class='ocr_par' dir='ltr' id='par_1_116' title="bbox 2092 5706 3092 5777">
     <span class='ocr_line' id='line_1_117' title="bbox 2092 5706 3092 5777; baseline -0.004 -16"><span class='ocrx_word' id='word_1_839' title='bbox 2092 5707 2613 5777; x_wconf 80' lang='grc' dir='ltr'>Ἐγγαστριμάντις,</span> <span class='ocrx_word' id='word_1_840' title='bbox 2644 5706 2854 5760; x_wconf 66' lang='grc' dir='ltr'>πόθων.</span> <span class='ocrx_word' id='word_1_841' title='bbox 2923 5706 3092 5759; x_wconf 89' lang='lat' dir='ltr'><strong>Idem.</strong></span> 
     </span>
    </p>
   </div>
  </div>
