4092 6466
420 334 561 400 1255
1647 322 2074 391 NICEPHORI
2114 321 2469 384 CALLlS’I’I
3559 323 3690 390 1:53

416 450 511 521 qui
562 448 816 513 dederit,
860 457 919 504 et
969 446 1114 503 lilios
1164 446 1257 518 qni
1316 444 1637 514 acceperint
1683 440 2006 512 imperium,
2047 438 2193 507 quod
2262 435 2605 490 laudatorem
2644 434 2805 488 talem
2835 435 2945 488 sint
2968 436 3270 491 consecuti.
3304 455 3322 488 ι
3389 437 3510 493 Haec
3534 439 3690 497 Liba-

412 546 566 603 nius.
605 544 938 601 Plutarchus
1005 560 1139 599 vero
1185 540 1497 596 orationem
1575 534 1871 591 dilucidam
1918 542 1975 587 et
2016 531 2229 586 facilem
2280 544 2410 581 vere
2440 537 2491 580 et
2525 539 2784 596 germane
2827 526 3063 581 Atticam
3120 543 3244 584 esse
3287 542 3494 586 censet.
3540 552 3558 582 ι
3602 535 3693 589 Sic

415 642 594 705 enim,
638 638 823 710 inquit
857 637 974 703 ille,
1012 612 1266 692 oratores
1308 632 1594 687 dixerunt.
1623 627 1855 697 Gorgias
1885 631 2071 678 autem
2134 620 2444 676 Leontinus
2516 621 2728 689 primus
2795 618 2991 674 vitium
3021 619 3125 674 hoc
3162 620 3217 675 in
3257 623 3537 678 orationes
3564 625 3696 681 civi-

417 734 519 801 les,
549 734 787 789 sublime
819 740 872 786 et
910 729 1205 801 figuratum
1241 724 1461 781 dicendi
1498 736 1674 794 genus
1707 718 1995 781 aﬂ’ectans,
2040 715 2271 777 invexit,
2311 722 2370 768 et
2399 712 2810 783 perspicuitatis
2843 712 3149 771 luminibus
3171 715 3472 772 obstruxit.
3493 717 3692 775 Vitium

417 828 523 884 hoc
556 828 720 883 etiam
768 823 1156 879 admirandum
1195 821 1483 876 Platonem
1536 815 1790 883 contigit.
1824 828 1842 863 ι
1885 808 2042 877 Quod
2086 809 2133 864 si
2174 808 2277 862 hac
2335 806 2391 860 in
2426 820 2487 860 re
2525 806 2823 862 Plutarcho
2852 807 3195 862 credendum
3224 818 3330 867 est.
3358 818 3419 864 ut
3453 812 3695 881 profecto

415 934 500 979 cst
520 922 883 985 credendum,
914 919 1104 975 multis
1131 916 1314 973 modis
1343 914 1481 970 alios
1510 926 1704 968 omnes
1738 907 2038 980 praeclarus
2065 912 2292 976 superat
2313 902 2577 969 Joannes,
2618 903 2712 973 qui
2747 903 2801 958 in
2842 902 3186 960 orationibus
3216 903 3334 960 suis
3352 904 3692 962 Atticismutn

429 1022 622 1086 refert,
658 1030 713 1075 et
746 1018 1200 1090 perspicuitatem
1227 1014 1327 1080 ita,
1352 1009 1578 1067 uthaud
1620 1009 1787 1065 sciam
1820 1021 1888 1061 an
1920 1004 2062 1060 alius
2089 1003 2378 1075 quisquam
2407 999 2600 1073 magis,
2637 1002 2898 1057 retinet.»
2939 999 3069 1056 Hrec
3118 1000 3341 1057 divinus
3369 1002 3627 1060 Isidorus.

919 1155 1086 1227 569
1119 1153 1348 1210 CAPUT
1389 1151 1529 1207 Liv.

2718 1139 2970 1194 ΚΕΦΑΛ.
3016 1140 3141 1196 ΝΔ’.

424 1277 499 1330 De
543 1282 728 1329 sancto
763 1272 894 1327 Nilo
932 1289 949 1327 :
981 1272 1045 1325 de
1082 1242 1281 1326 Marco,
1299 1269 1557 1323 monacho
1588 1276 1636 1322 et
1667 1265 1732 1321 de
1781 1262 2016 1320 Theodo-

938 1353 1052 1398 reto
1079 1341 1210 1413 Cyri
1241 1343 1501 1411 episcopo.

497 1460 837 1515 Admiranda
885 1468 1072 1513 autem
1121 1456 1242 1512 Nilo
1280 1455 1455 1524 patria
1503 1448 2016 1520 Constantinopolis

426 1551 551 1615 fuit,
587 1553 745 1620 cujus
773 1551 940 1604 etiam
976 1557 1207 1619 propter
1240 1547 1520 1617 egregiam
1556 1544 1779 1615 generis
1813 1542 2015 1597 nobili-

426 1653 595 1699 tatem
649 1643 940 1714 prmfectus
991 1641 1116 1696 fuit.
1171 1639 1424 1695 Potentia
1471 1647 1658 1692 autem
1708 1643 1764 1690 et
1813 1634 2017 1705 opibus

426 1737 694 1797 afﬂuens,
744 1736 1048 1789 asceticam
1100 1732 1211 1787 illis
1268 1732 1513 1801 pru‘tttlit
1564 1732 1773 1796 vitam;
1810 1727 2015 1799 quippe

423 1829 517 1899 qtti
562 1833 628 1882 ad
669 1828 986 1897 exemplum
1031 1825 1207 1880 divini
1256 1824 1509 1887 Davidis,
1542 1824 1609 1879 ad
1658 1826 1884 1878 domum
1920 1822 2014 1878 Dei

421 1921 585 1992 abjici
611 1962 626 1986 ,
660 1935 828 1991 quam
869 1922 923 1973 in
963 1918 1340 1973 tabernaculis
1372 1926 1721 1987 peccatorum
1764 1914 2014 1971 habitare

423 2014 704 2069 maluerit.
732 2013 946 2068 Etcum
978 2011 1320 2083 eloquentiae
1344 2011 1396 2065 vi
1426 2010 1681 2080 polleret,
1705 2008 2016 2079 divinaeque

420 2111 610 2181 gratia:
636 2110 821 2165 nervis
849 2109 1065 2163 validus
1091 2116 1264 2169 esset,
1295 2106 1503 2174 scripta
1536 2105 1711 2166 varia,
1743 2119 1865 2173 quae
1889 2104 2016 2159 vitae

421 2201 743 2260 monasticae
790 2200 1121 2257 exercitium
1157 2201 1479 2263 instruunt,
1532 2196 1790 2266 reliquit,
1829 2194 2019 2252 verbis

420 2306 478 2349 et
525 2294 824 2350 sententiis
876 2293 950 2348 ita
1005 2294 1351 2364 composita,
1387 2302 1449 2345 ut
1495 2290 1720 2345 lectoris
1768 2290 2016 2345 animum

421 2392 596 2460 gratia
644 2389 961 2444 incredibili
1005 2397 1286 2443 recreent.
1330 2384 1568 2455 Scripsit
1615 2400 1839 2456 quoque
1869 2384 2015 2439 divi-

421 2497 621 2535 norum
661 2481 888 2536 Patrum
925 2480 981 2534 in
1019 2489 1207 2533 monte
1240 2477 1371 2532 Sina
1405 2477 1622 2531 obitum
1659 2481 2010 2547 martyrium,

425 2572 684 2627 facundia
724 2583 782 2627 et
822 2572 1024 2628 affectu
1068 2580 1257 2634 tanto,
1301 2580 1363 2625 ut
1401 2570 1536 2625 satis
1582 2568 1711 2624 inde
1754 2567 2016 2638 colligere

421 2667 610 2729 liceat,
649 2682 812 2736 quam
840 2665 1042 2721 eximia
1071 2664 1322 2720 doctrina
1348 2665 1502 2737 juxta
1533 2674 1589 2719 et
1621 2665 1828 2718 virtute
1854 2663 1940 2717 vir
1971 2663 2019 2719 is

424 2763 633 2817 fuerit:
674 2762 763 2817 ubi
795 2762 962 2817 etiam
991 2776 1118 2815 suas
1148 2770 1204 2815 et
1237 2759 1477 2814 filiorum
1517 2774 1607 2815 res
1636 2760 1831 2830 paucis
1865 2772 2019 2814 com-

425 2864 725 2916 memorat,
770 2852 1164 2908 miserabiliter
1191 2851 1363 2908 veluti
1400 2853 1453 2907 in
1487 2852 1754 2923 tragmdia
1788 2850 2020 2922 captivi-

425 2957 593 3001 tatem
640 2962 837 3002 eornm
884 2961 1211 3017 exponens,
1262 2962 1389 3002 cum
1439 2946 1671 3001 Barbari
1723 2946 2019 3019 Blemmym

424 3039 754 3096 excursione
786 3055 884 3094 sua
907 3039 1114 3094 ca-dem
1140 3040 1422 3110 ingentem
1451 3038 1666 3095 fecere:
1699 3038 1846 3110 quod
1878 3055 2020 3111 opu-

423 3133 640 3187 sculum
673 3140 933 3202 tanquam
982 3132 1273 3202 spirituale
1314 3131 1593 3203 quoddam
1644 3132 2020 3189 oblectamen-

2118 1255 2258 1321 Περὶ
2291 1253 2399 1308 τοῦ
2430 1253 2606 1324 ἁγίου
2638 1252 2881 1324 Νείλου,
2930 1252 3045 1324 καί
3076 1251 3326 1321 Μάρκου
3378 1254 3486 1309 τοῦ
3509 1255 3696 1324 ἀσκη-

2186 1324 2295 1380 τοῦ
2336 1325 2431 1379 καί
2466 1322 2852 1393 Θεοδωρήτου
2882 1323 2990 1379 τοῦ
3023 1323 3365 1380 ἐπισκόπου
3394 1325 3623 1394 Κύρου.

2189 1440 2283 1511 Τῷ
2310 1441 2369 1494 δὲ
2404 1439 2683 1508 θεσπεσίῳ
2722 1438 2904 1509 Νείλῳ
2948 1439 3153 1509 πατρὶς
3200 1440 3303 1509 μὲν
3336 1440 3370 1512 ἡ
3407 1441 3508 1511 τῆς
3537 1443 3692 1495 Κων.

2117 1534 2404 1590 σταντίνου
2444 1532 2716 1601 ἐτύγχανε
2761 1531 2943 1595 πόλις,
2975 1526 3045 1603 ἧς
3079 1531 3159 1602 τῷ
3189 1535 3440 1604 περιόντι
3475 1536 3577 1605 τῆς
3602 1537 3694 1589 εὖ-

2116 1628 2337 1696 γενείοις
2367 1627 2461 1678 καὶ
2494 1624 2740 1696 ἔπαρχος
2772 1625 3119 1694 ἐχρημάτισε
3145 1639 3162 1657 '
3206 1626 3428 1697 πλούτῳ
3455 1626 3513 1681 δὲ
3540 1628 3697 1699 βαθεῖ

2114 1719 2216 1772 καὶ
2258 1716 2559 1786 δυναστείᾳ
2615 1717 3078 1788 περιρρεόμενος,
3129 1717 3442 1790 ἀσκητικὴν
3497 1722 3694 1792 ἀντηλ-

2116 1812 2345 1866 λάττετο
2377 1810 2626 1880 ἀγωγὴν,
2654 1810 2800 1864 κατὰ
2820 1810 2914 1864 τὸν
2938 1810 3084 1864 θεῖον
3113 1810 3297 1876 Δαυῖδ,
3328 1814 3464 1883 οίκῳ
3495 1814 3695 1882 μᾶλλον

2117 1904 2254 1958 Θεοῦ
2287 1903 2675 1977 παρερμφθαι
2695 1902 3030 1974 αἱρούμενος
3061 1904 3094 1974 ἢ
3126 1904 3489 1976 σκηνώμασιν
3511 1909 3694 1978 ἁμαρ.

2118 1996 2312 2051 τωλῶν
2350 1997 2656 2050 κατοικεῖν.
2712 1997 2890 2064 Λόγου
2936 1997 2995 2051 δὲ
3031 1996 3265 2068 δυνάμει
3311 2000 3549 2068 κρατῶν,
3600 2002 3696 2054 καὶ

2117 2091 2186 2159 τῇ
2226 2087 2351 2160 θείᾳ
2376 2087 2745 2157 πυρούμενος
2773 2088 2983 2159 χάριτι,
3014 2090 3435 2159 συγγράμματα
3461 2091 3693 2163 διάφορα

2118 2180 2450 2235 καταλείπει
2495 2181 2635 2249 πρὸς
2678 2178 2915 2250 ἄσκησιν
2939 2180 3338 2249 ὑπαλείφοντα,
3380 2180 3522 2235 οὕτω
3555 2185 3693 2254 φρά·

2121 2289 2263 2337 σεως
2302 2273 2400 2327 καὶ
2444 2273 2740 2342 νοημάτων
2791 2273 3116 2344 μετέχοντα,
3169 2273 3248 2337 ὡς
3278 2275 3371 2328 τὸν
3426 2273 3695 2344 ἁναγινώ·

2121 2382 2326 2422 σκοντα
2399 2367 2627 2437 χάριτος
2696 2366 2983 2437 ἁφράστου
3043 2366 3271 2439 ἐμπλεω
3334 2367 3692 2423 καθεστάναι.

2120 2460 2257 2514 Μεθ’
2278 2453 2356 2516 ὧν
2386 2460 2484 2515 καὶ
2517 2462 2579 2514 τὸ
2607 2460 2774 2531 wn}.
2806 2460 3009 2531 Σιναίῳ
3036 2458 3158 2531 ὄρει
3187 2459 3299 2513 τῶν
3333 2459 3494 2515 θείων
3525 2462 3694 2515 Πατέ-

2122 2572 2236 2623 ρων
2260 2555 2567 2626 μαρτύριον
2592 2555 3002 2626 ἀναγράφεται,
3030 2554 3177 2609 οὕτω
3202 2553 3471 2626 λαμπρῶς
3491 2572 3549 2610 τε
3578 2556 3693 2627 ἅμα

2122 2647 2219 2702 καὶ
2250 2648 2604 2716 περιπαθῶς,
2639 2648 2716 2712 ὡς
2744 2647 2930 2702 ίκανδν
2959 2641 3106 2701 εἷναι
3154 2646 3404 2701 ιντεῦθεν
3436 2648 3693 2718 θηράσαι,

2118 2736 2234 2805 οἷος
2286 2740 2411 2794 κατ’
2445 2742 2619 2813 ἄμφω
2661 2741 2891 2810 γέγονεν
2915 2743 2946 2796 ὁ
2990 2740 3154 2811 ἀνὴρ,
3189 2738 3249 2792 εν
3278 2755 3342 2793 τε
3391 2740 3569 2809 λόγων
3603 2748 3697 2795 καὶ

2119 2834 2325 2905 ἀρετῆς
2355 2835 2673 2907 περιουσίᾳ.
2719 2834 2871 2888 Ἐκεῖ
2901 2836 2967 2907 δὴ
3002 2836 3101 2891 καὶ
3129 2834 3199 2891 τὰ
3231 2838 3354 2891 κατ’
3408 2836 3573 2892 αὐτὸν
3602 2838 3697 2890 ml

2120 2929 2251 2993 τοὺς
2307 2928 2510 2993 παῖδας
2555 2931 2805 2998 μετρίως
2845 2930 3129 2998 διίξεισιν,
3176 2932 3536 3003 ἐπιτραγῳδῶν
3581 2931 3698 2985 λίαν

2121 3021 2447 3095 περιπαθῶς
2469 3023 2575 3095 τὴν
2612 3023 3001 3095 αἰχμαλωσίαν
3046 3024 3250 3090 αὐτῶν,
3280 3024 3573 3096 βαρσάρων
3597 3044 3697 3080 κα-

2120 3118 2514 3189 ταδραμόντων
2544 3117 2595 3170 οἳ
2626 3116 2919 3187 Βλᾶμμυες
2940 3117 3258 3183 ικαλοῦντο,
3290 3120 3385 3173 καὶ
3410 3120 3569 3190 φόνον
3592 3122 3694 3174 οὐκ

427 3237 543 3280 tum
602 3227 873 3282 studiosis
909 3227 1157 3297 reliquit.
1194 3225 1366 3281 ‘Alios
1402 3226 1534 3281 item
1570 3225 1747 3282 libros
1777 3227 2016 3295 optimos

2120 3212 2414 3283 ὲλάχιστον
2471 3210 2848 3281 δεδρακότωνο
2882 3210 2915 3265 θ
2954 3210 3053 3266 καὶ
3085 3211 3307 3283 ἥδυσμά
3343 3228 3397 3266 τι
3447 3229 3693 3284 πνευμα-

428 3320 626 3385 edidit,
660 3320 968 3390 spiritualis
1000 3322 1189 3391 gratiae
1229 3336 1338 3376 non
1373 3329 1633 3389 expertes
1661 3339 1674 3376 :
1713 3322 1857 3376 inter
1879 3335 2016 3391 quos

2120 3308 2280 3360 τικδν
2325 3307 2443 3370 τοῖς
2488 3304 2833 3376 φιλομαθέσι
2890 3303 3310 3361 καταλέλοιπεν.
3362 3306 3610 3375 Ἀριστοι
3641 3308 3700 3362 δι

426 3411 636 3481 primas
681 3426 808 3466 eum
843 3410 989 3467 ferre
1039 3421 1215 3481 puto,
1249 3426 1415 3481 quem
1469 3412 1739 3467 adversus
1785 3413 2016 3483 gentiles

2122 3398 2274 3468 αὖτῷ
2321 3398 2418 3452 καὶ
2478 3398 2659 3468 ἕτεροι
2719 3396 2875 3483 λόγοι
2911 3395 3274 3467 πεπόνηνται.
3314 3398 3701 3470 πνευματικῆς

426 3505 671 3575 scripsit,
704 3513 762 3559 et
797 3518 1020 3557 rursum
1052 3503 1147 3573 qui
1183 3503 1252 3558 ab
1281 3517 1350 3558 eo
1379 3503 1445 3558 ad
1475 3502 1766 3575 Eulogium
1792 3481 2016 3575 compo-

2121 3494 2222 3547 οὐκ
2264 3490 2486 3561 ἄμοιροι
2531 3487 2760 3560 χάριτος
2782 3503 2800 3518 ο
2836 3481 2915 3544 ὧν
2972 3484 3134 3559 οἶμαι
3162 3488 3389 3543 πάντων
3413 3490 3481 3543 τὰ
3509 3490 3697 3560 πρῶτα

428 3594 522 3648 siti
557 3603 707 3649 sunt.
743 3592 936 3665 Capita
968 3602 1157 3650 autem
1197 3594 1425 3666 collegit
1459 3594 1643 3664 aliqua
1674 3594 1899 3665 quidem
1931 3594 2016 3650 fu-

2123 3585 2413 3657 φέρεσθαι,
2435 3584 2495 3639 ὃν
2526 3584 2665 3654 πρὸς
2695 3583 2972 3653 Ἕλληνας
2996 3583 3315 3653 ἑπιτράςρει,
3345 3584 3439 3637 καὶ
3473 3583 3542 3637 τὰ
3564 3582 3699 3654 πρδς

427 3686 564 3750 sius,
598 3685 768 3739 multa
797 3694 981 3740 autent
1013 3686 1471 3753 compendiosius
1510 3695 1768 3751 tractata,
1804 3687 1861 3742 in
1889 3688 2016 3758 qui-

2124 3680 2404 3749 Εὐλόγιον.
2427 3679 2718 3750 Κεφάλαια
2736 3677 2791 3731 δὶ
2812 3676 3121 3739 συντάττει.
3136 3676 3271 3733 ἄλλα
3291 3676 3391 3748 μὶν
3405 3678 3486 3740 είς
3503 3676 3699 3739 πλάτος

429 3775 534 3829 bus
562 3775 909 3844 spiritualem
939 3776 1211 3843 fructum,
1240 3778 1477 3847 perinde
1501 3788 1669 3849 atque
1698 3789 1892 3836 nectar
1924 3788 2016 3834 aut

2125 3773 2239 3841 ήπλ
2253 3772 2469 3841 ωμένα,
2495 3768 2670 3823 πολλά
2692 3767 2753 3822 δὲ
2781 3767 3088 3837 συντεμὼν,
3117 3767 3451 3822 εὐσύνοπτον
3470 3763 3581 3823 οἷον
3608 3767 3702 3822 καὶ

427 3869 768 3924 ambrosiam
805 3869 1076 3939 aliquam,
1106 3869 1283 3925 oculis
1307 3870 1644 3941 subjectum,
1672 3873 1743 3925 ita
1773 3879 1833 3925 ut
1859 3871 2016 3927 facile

2128 3864 2428 3935 πρόχειρον
2452 3863 2547 3916 τὸν
2594 3862 2973 3933 ⁴πνευματικὸν
3000 3861 3238 3933 καρπὸν.
3268 3858 3363 3915 οἶά
3408 3879 3462 3915 τι
3502 3862 3698 3931 νέκταρ

429 3963 639 4032 percipi
685 3971 909 4033 posset,
952 3963 1263 4033 proposuit.
1299 3961 1477 4030 Quem
1513 3964 1624 4018 vita
1669 3963 2016 4032 defunctum,

2123 3958 2158 4029 ἢ
2201 3955 2537 4028 ἀμϐροσίαν,
2583 3955 2979 4026 προϐάλλεται.
3015 3955 3117 4007 Ὃν
3147 3954 3295 4041 τέλει
3339 3954 3458 4025 βίου
3490 3957 3702 4027 χρησὰ-

426 4053 683 4110 Justinus
715 4058 989 4125 posterior
1013 4055 1146 4111 inde
1176 4056 1535 4123 translatum,
1575 4055 1630 4111 in
1659 4058 2016 4131 fundamento

2127 4064 2315 4119 μενον,
2381 4047 2676 4110 Ἰουστῖνος
2721 4049 2751 4101 ὀ
2801 4046 3029 4117 ὕστερος
3077 4045 3292 4101 ἐκεῖθεν
3337 4050 3700 4119 ἀνακομίσας,

428 4147 752 4204 sacratioris
796 4163 1034 4215 mensae,
1088 4149 1145 4205 in
1182 4164 1250 4206 eo
1279 4149 1430 4221 quod
1470 4150 1541 4207 ab
1572 4152 1728 4221 ipso,
1770 4151 1936 4209 Petro
1966 4162 2016 4209 et

2123 4142 2220 4196 liti
2243 4140 2324 4212 τῷ
2367 4139 2558 4213 βάθρῳ
2592 4141 2694 4214 τῆς
2736 4143 2891 4213 ίερᾶς
2932 4142 3221 4215 τραπέζης
3259 4143 3355 4198 τοῦ
3392 4143 3526 4216 παρ’
3551 4145 3702 4215 αὐτῷ

426 4241 599 4298 Paulo
647 4243 1027 4314 apostolorum
1085 4244 1477 4317 principibus,
1528 4246 1596 4301 ad
1648 4247 2016 4318 orphanotro-

2122 4234 2457 4306 δομηθέντος
2481 4235 2636 4289 οῐιιου
2671 4235 2866 4307 Πέτρῳ
2897 4237 2994 4290 καὶ
3016 4236 3217 4308 Παύλῳ
3241 4239 3355 4301 τοῖς
3382 4237 3700 4308 κορυφαίοις

382 4326 620 4404 ’ρίιίιιηι
675 4345 1059 4393 constructum
1119 4347 1244 4404 est,
1299 4339 1508 4409 templo
1566 4341 1842 4411 reposuit.
1897 4339 2016 4411 Ipse

2120 4331 2233 4384 τῶν
2262 4331 2586 4385 ἀποστόλων
2617 4329 2697 4401 τῷ
2729 4330 3179 4402 ὀρφανοτροφείφ
3226 4330 3512 4388 κατᾶθετο.
3542 4333 3694 4403 Mdg-

426 4440 649 4496 quoque
679 4425 900 4483 Marcus
929 4430 983 4483 in
1017 4430 1327 4485 monastica
1355 4430 1514 4500 prius
1541 4441 1811 4494 versatus,
1844 4431 2019 4487 multa

2122 4443 2219 4491 κος
2250 4426 2309 4480 δὲ
2339 4427 2437 4480 καὶ
2468 4426 2631 4489 αὐτὸς
2657 4424 2834 4479 πολλὰ
2869 4425 2973 4496 μιν
3019 4425 3438 4497 συγγράμματα
3466 4426 3703 4480 καταλέσ-

378 4552 395 4567 .
428 4527 554 4587 post
583 4533 645 4574 se
684 4519 915 4590 reliquit
947 4521 1182 4592 scripta.
1214 4522 1422 4577 Eorum
1452 4524 1550 4591 qui
1583 4522 1652 4579 ad
1676 4520 1791 4579 ~nos
1826 4538 2016 4594 perve-

2121 4518 2334 4583 λοιπεν,
2387 4520 2665 4590 ἀσκητικῇ
2715 4517 2988 4590 πρότερον
3048 4518 3299 4591 πολιτείᾳ
3355 4519 3702 4589 ἐγγυμνασά-

322 4620 329 4627 '
431 4622 657 4678 nerunt,
693 4611 823 4668 libri
860 4623 990 4668 octo
1025 4624 1179 4677 sunt,
1220 4614 1617 4669 universalium
1658 4614 2017 4671 affectionum

409 4699 722 4787 numerum
774 4716 1108 4777 aequantes:
1158 4715 1216 4761 et
1260 4707 1355 4763 alii
1407 4707 1634 4778 triginta
1682 4716 1739 4763 et
1787 4698 1932 4773 duo,
1961 4708 2018 4763 in

426 4799 630 4867 quibus
659 4798 781 4854 vias
813 4798 984 4856 totius
1025 4799 1280 4855 asceticae
1323 4800 1453 4855 vitae
1481 4814 1675 4856 omnes
1719 4800 2019 4870 prosequi.

434 4906 540 4951 tur,
573 4890 645 4945 ad
677 4903 800 4960 qum
828 4890 950 4946 loca
983 4891 1381 4955 secedendum.
1412 4900 1472 4946 et
1508 4891 1791 4962 quomodo
1824 4891 1892 4945 ad
1923 4906 2021 4946 vo-

2125 4628 2322 4684 μενοςο
2373 4611 2410 4667 ἃ
2441 4610 2490 4666 δ’
2544 4610 2644 4667 οὖν
2690 4612 2826 4681 ἡμῖν
2875 4612 3177 4665 συνέπεσεν
3228 4612 3495 4682 ἐντυχεῖν,
3550 4609 3700 4679 λόγοι

2119 4704 2289 4771 ὀκτὼ,
2334 4706 2620 4777 ίσάριθμοι
2653 4707 2769 4768 τοῖς
2796 4702 3114 4767 καθολικοῖς
3138 4703 3372 4759 πάθεσιν
3405 4704 3489 4775 είς
3517 4704 3700 4773 κείρας

2121 4796 2258 4871 ἧκον
2282 4817 2298 4835 ο
2353 4801 2450 4854 καὶ
2483 4799 2667 4870 ἕτεροι
2692 4798 2789 4851 δύο
2820 4797 2961 4869 πρὸς
3007 4800 3122 4862 τοῖς
3163 4797 3484 4869 τριάκοντα,
3529 4796 3600 4852 δι’
3625 4788 3701 4852 ὧν

2122 4896 2307 4949 πᾶσαν
2337 4895 2647 4965 ἀσκητικῆς
2692 4892 2977 4955 πολιτείας
3003 4891 3125 4945 όδδν
3157 4891 3521 4964 διεξέρχεται,
3555 4891 3704 4946 διδά-

428 4993 698 5038 mntatem
745 4984 838 5040 Dei
886 4999 1114 5055 gressus
1149 4984 1431 5055 dinigendi
1478 4986 1631 5040 sint:
1666 4983 1832 5056 57o
1874 4998 2016 5055 quo-

2124 5004 2273 5042 σκων
2375 4987 2557 5058 χρεῶν
2603 5002 2664 5039 τε
2694 4984 2795 5047 τὰς
2828 4984 3217 5055 ἀναχωρήσεις
3265 4986 3459 5047 ποιεῖν,
3495 4984 3612 5047 πῶς
3643 4998 3700 5036 τε

428 5075 594 5128 modo
633 5074 797 5128 etiam
832 5075 1000 5129 homo
1042 5075 1361 5132 daemonum
1401 5077 1738 5132 tentationes
1767 5085 2015 5147 superet,

2124 5080 2416 5153 ῥυθμίζειν
2451 5079 2521 5133 τὰ
2548 5077 2696 5133 κατὰ
2733 5076 2872 5131 Θεὸν
2912 5077 3235 5147 διαδήματα
3265 5090 3279 5106 ·
3311 5077 3407 5130 καὶ
3437 5076 3514 5139 ὡς
3545 5093 3702 5146 περιο

428 5178 785 5239 mentemque
837 5178 1124 5241 repnrget,
1175 5179 1343 5241 atque
1374 5170 1444 5225 ad
1486 5180 1736 5226 veterem
1782 5171 2016 5243 dignita-

2121 5176 2334 5243 γίνεται
2362 5173 2486 5242 ,τῆς
2543 5172 2655 5226 τῶν
2698 5170 2977 5239 δαιμόνιόν
3024 5170 3227 5240 πείρας
3278 5172 3309 5223 ὁ
3367 5169 3660 5240 ἄνθρωπος
3688 5183 3700 5198 ·

427 5272 535 5316 tem
583 5263 1002 5333 progrediatur.
1037 5273 1095 5319 et
1133 5279 1261 5319 cum
1295 5265 1409 5319 Deo
1438 5250 2013 5320 cmleste'institutum

2121 5267 2271 5330 ὅπως
2295 5282 2354 5319 τε
2406 5266 2437 5318 ό
2481 5263 2610 5326 νοῦς
2643 5263 2998 5334 καθαίρεται,
3049 5262 3317 5335 καὶπρὸς
3361 5261 3426 5314 τὸ
3471 5260 3701 5331 ἀρχαῖον

426 5365 672 5412 sectatus
713 5357 882 5411 vivat.
920 5357 1308 5412 Theodoretus
1339 5371 1469 5412 vero
1516 5358 1746 5412 natione
1784 5358 2011 5428 quidem

2121 5358 2344 5428 ἀξίωμα
2376 5359 2622 5430 πρόεισι,
2666 5359 2767 5410 καὶ
2807 5356 2928 5427 Θεῷ
2968 5357 3308 5425 συγγίνεται.
3345 5356 3439 5408 ἐπὶ
3468 5356 3570 5423 γῆς
3603 5354 3702 5423 τὴν

428 5448 600 5521 Syrus
634 5450 759 5512 fuit,
801 5459 1047 5505 sectator
1076 5461 1262 5503 autem
1296 5449 1478 5520 magni
1508 5447 1741 5509 Joannis
1765 5449 2013 5522 Chryso-

2120 5453 2379 5520 οὐράνιον
2440 5448 2649 5520 μετιὼν
2701 5447 3005 5503 πολιτείαν.
3057 5447 3406 5518 Θεοδώρητος
3442 5444 3501 5500 δὲ
3532 5445 3700 5515 Σύρος

424 5544 622 5606 stomi,
674 5544 945 5615 illumque
998 5543 1102 5597 sibi
1141 5542 1299 5613 quasi
1349 5543 1674 5614 primarium
1724 5544 2010 5614 exemplar

2123 5545 2224 5616 μὲν
2255 5539 2323 5616 ἦν
2352 5544 2509 5613 γένος
2533 5560 2549 5574 ·
2591 5541 2671 5614 τῷ
2708 5542 2932 5612 μεγάλῳ
2964 5541 3022 5594 δὲ
3069 5541 3336 5611 φοιτήσας
3378 5536 3601 5609 Ἰωάννῃ
3623 5535 3701 5605 τῷ

423 5635 563 5705 ston
589 5635 994 5705 conformanda
1021 5636 1367 5705 propositum
1394 5636 1608 5691 habuit.
1637 5636 1854 5691 Etenim
1887 5636 2014 5691 flui-

422 5727 528 5781 dus
565 5728 863 5782 admodum
907 5738 964 5784 et
994 5730 1256 5799 cepiosus
1278 5768 1293 5792 ,
1338 5730 1393 5784 in
1425 5731 1740 5786 elocutione
1773 5730 2007 5797 facilius,

423 5831 477 5873 ct
513 5824 747 5877 Atticam
781 5823 1011 5894 gratiam
1048 5824 1319 5879 rcdolcns.
1358 5824 1804 5880 Lucubratiunes
1841 5823 1909 5878 ab
1942 5839 2008 5877 eo

2119 5636 2523 5707 Χρυσοστόμῳ,
2574 5633 2889 5704 ἀρχέτυπον
2942 5625 3057 5685 οἷιν
3107 5633 3231 5685 ὅσον
3276 5630 3345 5683 τὰ
3403 5630 3462 5692 ἐς
3505 5627 3699 5695 λόγους

2120 5732 2362 5798 ἐγένετο.
2394 5727 2604 5799 Εὖρους
2633 5727 2745 5797 γάρ
2780 5728 2897 5779 ἐστι
2933 5725 3081 5795 μάλα
3118 5724 3214 5777 καὶ
3239 5723 3483 5793 γόνιμος,
3508 5720 3610 5790 τήν
3639 5734 3698 5772 τε

2121 5825 2329 5891 φράςιν
2359 5823 2528 5887 λεῖος,
2562 5821 2701 5892 μετὰ
2731 5819 2833 5889 τῆς
2881 5819 3143 5887 Ἀττικῆς
3167 5820 3393 5889 χάριτος
3418 5812 3697 5884 προηγμέι
