4092 6468
472 378 609 444 1259

1686 378 2112 444 NICEPHORI
2153 382 2242 444 CA
2254 384 2500 447 LLISTI

3602 380 3735 447 1260

471 497 707 550 formam
736 491 1059 563 reipublicm
1088 490 1156 546 ab
1185 489 1521 561 imperatore
1547 493 1798 562 regendae
1819 497 2058 566 comple-

2163 515 2301 568 ρουο
2353 501 2400 553 οἱ
2430 499 2525 552 δύο
2551 497 2678 566 περὶ
2733 495 3008 566 προνοίας,
3037 494 3128 558 οὓς
3155 494 3519 563 Αἰγυπτίους
3546 496 3700 548 καλεῖ
3720 507 3734 522 ⁹

467 600 647 643 ctens.
693 586 1030 656 ()pusculum
1078 583 1150 638 Dc
1198 587 1495 640 insomniis.
1541 587 1622 640 Ad
1655 587 1934 642 Paconium
1981 589 2057 643 De

466 681 604 732 dono
635 678 796 732 liber.
819 678 894 732 De
917 675 1268 731 Providentia
1303 677 1426 730 libri
1449 677 1579 741 duo,
1609 692 1748 748 quos
1774 678 2054 750 zEgyptio:

446 768 736 842 nominat.
776 768 908 822 Item
956 766 1099 822 Laus
1142 769 1370 822 caluitii.
1408 767 1470 821 Et
1504 768 1690 840 bymni
1724 770 1950 840 quidam
1986 772 2053 825 ad

478 862 647 914 Deum
700 875 965 928 perquam
1010 863 1146 915 scite
1189 863 1257 916 ab
1317 877 1382 916 eo
1424 862 1742 933 compositi.
1775 863 2052 918 Caeterum

465 968 588 1023 ego,
613 954 706 1022 qui
731 953 1020 1006 veritatem
1049 954 1298 1023 proferre
1321 954 1540 1017 studeo,
1563 955 1856 1025 epistolam
1878 955 2054 1026 ipsius

469 1049 555 1100 hic
599 1060 906 1116 apponam,
953 1061 1118 1114 quam
1162 1048 1230 1101 ad
1279 1046 1502 1102 fratrem
1547 1047 1818 1118 Evopium
1857 1047 2048 1104 dedit:

469 1139 616 1194 unde
672 1138 982 1208 intelligere
1032 1139 1199 1200 licet,
1250 1141 1317 1194 de
1367 1140 1700 1209 quibusnam
1755 1140 1925 1194 rebus
1972 1139 2051 1194 illi

467 1228 798 1298 ambigenti,
841 1244 941 1297 per
969 1229 1319 1282 commodam
1362 1230 1831 1300 dispensationem
1865 1246 2052 1285 sacer-

464 1321 599 1374 dotii
649 1319 974 1390 dignitatem
1020 1322 1304 1391 suscipere
1351 1323 1685 1392 permissum
1721 1333 1824 1378 est.
1856 1323 1930 1377 Ea
1965 1333 2051 1378 est

465 1413 633 1467 talis:
671 1431 689 1464 ι
731 1412 1176 1470 lnconsidcratus
1220 1430 1352 1470 sane
1399 1431 1580 1471 essent
1609 1455 1624 1483 ,
1675 1416 1778 1470 nisi
1821 1417 2048 1471 multam

457 1501 725 1560 haberem
768 1503 1126 1562 Ptolemaidis
1159 1507 1374 1563 civibus
1402 1509 1658 1578 gratiam,
1691 1510 1787 1579 qui
1827 1525 1913 1565 me
1949 1510 2053 1564 lto-

465 1613 600 1652 nore
622 1612 710 1660 eo,
737 1612 848 1666 quo
891 1599 1165 1668 mcipsum
1213 1599 1498 1670 indignum
1550 1611 1706 1671 puto,
1756 1601 2050 1657 honestum

460 1705 584 1745 esse
631 1689 844 1744 volunt.
897 1689 1102 1746 Verum
1153 1707 1263 1745 non
1296 1706 1366 1746 an
1416 1692 1494 1746 illi
1543 1709 1741 1763 magna
1780 1693 2049 1760 tribuant,

458 1777 555 1833 sed
600 1781 787 1848 potius
817 1794 888 1833 an
933 1795 999 1834 ea
1045 1795 1074 1834 a
1114 1795 1201 1836 me
1248 1781 1567 1850 recipienda
1613 1784 1747 1848 sint,
1797 1793 2051 1854 spectare

2162 590 2256 644 καὶ
2286 589 2345 643 ὃν
2391 587 2690 658 ἐπιγράφει
2721 586 3043 653 Φαλάκρας
3086 585 3411 656 ἐγκώμιον*
3462 585 3556 640 καί
3589 603 3734 648 τινες

2161 683 2300 754 πρὸς
2328 683 2463 736 Θεὸν
2495 681 2657 750 ὕμνοι
2685 680 2922 743 εὐτόνως
2948 679 3126 749 τούτῳ
3170 679 3550 748 πεποιημένοι.
3594 678 3735 745 Ἐγὼ

2160 777 2218 830 δὲ
2245 775 2480 845 τάληθὲς
2515 775 2604 829 ἀεὶ
2638 771 3019 844 πρυτανεύων,
3052 771 3147 824 καὶ
3195 771 3366 840 αὐτὴν
3399 773 3614 838 ἐκείνην
3641 771 3737 822 αύ-

2158 867 2252 919 τοῦ
2286 867 2385 937 τὴν
2427 865 2717 936 ἐπιστολὴν
2752 863 3166 935 παραθήσομαι,
3205 864 3269 934 ἣν
3321 861 3458 932 πρὸς
3505 863 3735 914 Εύόπιον

2158 959 2363 1029 γράφει
2381 958 2472 1011 τδν
2488 958 2734 1027 ἀδελφὸν,
2752 957 2872 1010 τίνα
2899 956 3081 1024 ζητῶν
3105 954 3420 1025 ἐξεχωρήθη
3445 955 3566 1007 κατ’
3589 955 3734 1006 nixo-

2163 1054 2357 1123 νομίαν
2375 1053 2474 1122 τὴν
2500 1051 2804 1121 ἱερωσύνην
2824 1050 3197 1104 ).α6εῖν.”Εστι
3221 1049 3278 1102 δὲ
3309 1046 3445 1117 αῦτη
3472 1061 3486 1076 '
3512 1067 3532 1098 ε
3557 1049 3737 1116 ’Δνόη-

2157 1165 2247 1212 τος
2277 1148 2344 1202 ἂν
2371 1147 2578 1215 sim/,5!
2605 1147 2680 1216 μὴ
2714 1143 2918 1215 πολλὴν
2941 1143 3103 1214 χάριν
3135 1142 3334 1212 εἰδείην
3364 1142 3732 1210 Πτολεμαίοις,

2155 1241 2240 1295 ὃτι
2275 1258 2343 1311 με
2373 1238 2646 1293 τοσούτων
2667 1235 2914 1302 ἀξιοῦσιν
2954 1237 3082 1289 ὅσον
3111 1233 3219 1286 οὐδ’
3255 1234 3320 1285 ἂν
3351 1231 3510 1294 αὐτὸς
3557 1232 3727 1299 ἐμαυ-

2153 1334 2266 1388 τόν.
2306 1331 2446 1386 Ἀλλ’
2475 1331 2575 1384 οὐκ
2619 1331 2668 1383 εί
2723 1329 2939 1398 μεγάλα
2987 1325 3326 1398 χαρίζονται,
3355 1325 3516 1378 τοῦτο
3564 1341 3734 1394 προσο

2154 1425 2277 1492 ήκει
2333 1422 2595 1473 σκοπεῖν·
2629 1417 2746 1472 ἁλλ’
2779 1420 2826 1471 εί
2861 1417 3046 1470 λαϐεῖν
3081 1417 3206 1485 ἐμοὶ⁴
3257 1415 3461 1469 δυνατά
3488 1433 3502 1446 ·
3539 1415 3598 1467 τὸ
3628 1416 3733 1484 γὰρ

2155 1514 2449 1584 ἄνθρωπον
2480 1512 2611 1566 ὄντα
2644 1509 2844 1582 μικροῦ
2879 1510 3030 1573 θείας
3060 1507 3408 1576 καρποῦσθαι
3439 1509 3629 1578 τιμὰς,
3656 1509 3735 1561 διο

2156 1607 2300 1676 καίῳ
2343 1605 2444 1675 μὲν
2501 1604 2616 1658 ὄντι
2672 1603 2987 1672 τυγχάνειν,
3034 1602 3252 1673 ἥδιστον
3305 1604 3386 1662 είς
3436 1600 3736 1655 ἀπόλαυσιν

2156 1698 2378 1771 ἔρχεται
2403 1737 2419 1764 ,
2447 1697 2763 1768 λειπομένῳ
2793 1696 2850 1748 δὲ
2881 1695 3174 1764 παραπολὺ
3213 1694 3311 1764 τῆς
3342 1693 3519 1758 ἀξίας,
3543 1694 3736 1752 ἐλπίδα

2159 1790 2367 1862 πικρὰν
2397 1789 2674 1843 ὑποτείνει
2706 1786 2800 1841 τοῦ
2850 1787 3140 1858 μέλλοντος
3163 1802 3177 1819 ⁸
3215 1787 3276 1840 οὐ
3321 1787 3431 1857 γὰρ
3471 1785 3734 1856 νεώτερόν

458 1871 741 1926 convenit.
773 1871 930 1938 Quod
961 1871 1008 1927 si
1038 1875 1187 1926 enim
1222 1873 1384 1928 homo
1415 1874 1605 1928 divino
1632 1891 1803 1944 prope
1835 1875 2050 1930 fruatur

2163 1881 2273 1932 ἐστι
2323 1879 2385 1931 τὸ
2413 1879 2552 1943 δέος,
2581 1877 2716 1931 ἀλλὰ
2759 1875 2883 1930 λίαν
2933 1879 3204 1946 ἀρχαῖον·
3250 1875 3311 1930 τὸ
3359 1875 3435 1946 μή
3502 1892 3555 1928 τι
3604 1873 3738 1944 περὶ

461 1964 695 2030 honore.
731 1967 1006 2037 siquidem
1034 1969 1220 2039 justus
1253 1969 1345 2035 sit,
1383 1969 1773 2026 dulcissimum
1813 1973 2056 2042 percipit

460 2060 746 2114 fructum:
800 2058 886 2113 sin
941 2058 1215 2129 dignitate
1267 2077 1332 2116 ea
1391 2061 1559 2132 longe
1619 2064 1692 2118 sit
1747 2065 2052 2135 indignior,

459 2155 714 2208 acerbam
744 2150 915 2206 futuri
944 2153 1184 2207 sustinet
1210 2157 1709 2224 exspectationem.
1738 2157 1912 2212 Porro
1940 2173 2052 2212 non

459 2259 640 2299 novus
673 2243 802 2309 hic,
846 2243 943 2299 sed
986 2255 1240 2300 vetustus
1277 2246 1576 2302 admodum
1620 2257 1705 2302 est
1736 2259 1949 2312 metus.
1983 2266 2054 2306 ne

444 2336 593 2407 tquid
626 2336 682 2390 in
715 2333 888 2389 Deum
925 2336 1303 2401 committens,
1337 2340 1604 2393 honorem
1633 2339 1701 2393 ab
1734 2340 2056 2396 hominibus

459 2429 822 2486 commissum
874 2431 1071 2487 ieram.
1115 2431 1228 2501 Ego
1260 2445 1392 2485 sane
1436 2431 1530 2500 qui
1585 2431 1855 2501 mcipsum
1901 2431 2052 2496 novi,

462 2522 796 2593 ineptiorem
828 2527 1059 2578 omnino
1088 2525 1396 2593 comperio,
1429 2539 1594 2593 quam
1635 2534 1694 2578 ιιι
1721 2525 2054 2579 sacerdotali

463 2612 717 2683 dignitati
747 2614 1002 2683 gerenda:
1034 2612 1267 2667 idoneus
1293 2612 1417 2666 sim.
1448 2613 1609 2682 572
1641 2614 1880 2669 Proinde
1907 2615 2052 2685 apud

463 2712 516 2759 te
559 2701 628 2758 dc
661 2703 830 2756 animi
864 2702 971 2757 mei
1013 2701 1258 2755 motibus
1289 2711 1345 2756 et
1387 2701 1822 2770 cegitationibus
1870 2717 2053 2772 agam;

462 2794 586 2850 Non
643 2793 794 2850 enim
845 2793 1016 2847 alium
1081 2791 1284 2852 habeo.
1337 2793 1482 2862 apud
1532 2807 1698 2863 quem
1749 2792 1804 2846 id
1846 2794 2056 2849 rectius

463 2886 688 2952 faciant,
721 2901 887 2956 quam
919 2896 992 2951 te,
1019 2884 1353 2956 percbarum
1391 2885 1524 2938 mihi
1558 2899 1886 2955 mecumque
1919 2886 2058 2940 edu-

462 2985 649 3034 catum
683 2986 873 3048 caput.
920 2975 998 3032 Te
1043 2991 1282 3046 namque
1328 2992 1550 3046 a-quum
1597 2985 1682 3031 est
1723 2977 2054 3046 participem

461 3085 587 3126 esse
618 3083 876 3125 curarum
926 3083 1196 3132 mearum,
1229 3082 1293 3122 ac
1329 3077 1494 3122 noctu
1529 3069 1847 3138 vigilantem
1911 3069 2056 3124 deli-

464 3164 702 3229 berare,
743 3171 800 3217 et
830 3162 1071 3217 interdiu
1115 3162 1451 3232 cogitantem
1490 3161 1870 3227 considerare,
1911 3171 2056 3216 utet

465 3257 600 3313 boni
661 3256 799 3312 mihi
848 3255 1056 3326 aliquid
1105 3258 1425 3327 contingat,
1481 3266 1538 3312 et
1592 3256 1718 3310 mali
1772 3256 2054 3326 quidpiam

463 3349 751 3421 effugiam.
806 3349 1012 3419 Accipe
1043 3348 1214 3419 igitur
1270 3364 1382 3418 quo
1433 3348 1558 3402 loco
1609 3364 1699 3403 res
1749 3365 1882 3403 meae
1919 3349 2053 3412 sint,

464 3457 590 3513 qua:
630 3440 732 3496 tibi
779 3441 945 3496 etiam
988 3439 1198 3511 majore
1238 3455 1304 3493 ex
1353 3448 1534 3508 parte,
1565 3439 1788 3508 opinor,
1823 3440 2060 3510 cognitze

465 3542 618 3590 sunt.
665 3533 837 3588 Fasce
877 3531 1079 3603 exiguo
1123 3531 1365 3596 sublato,
1406 3531 1639 3601 pulchre
1686 3531 1821 3585 mihi
1867 3531 2060 3586 vidi-or

462 3625 758 3695 hucusque
782 3623 1187 3694 philosophiam
1214 3623 1388 3693 ipsam
1415 3624 1732 3693 pertulisse.
1759 3621 1898 3678 Cum
1927 3637 2060 3676 vero

461 3721 537 3776 ab
567 3717 890 3773 hominibus
923 3732 1032 3772 non
1063 3731 1293 3786 prorsus
1321 3731 1602 3787 perperam
1637 3716 1690 3770 in
1719 3732 1784 3772 ea
1812 3726 2062 3770 versatus

458 3825 593 3869 esse
631 3825 896 3877 censear,
948 3810 1232 3863 laudatum
1281 3825 1314 3864 ιι
1362 3809 1736 3879 quibusdam,
1791 3808 2061 3876 ampliore

470 3918 620 3960 nunc
646 3903 864 3957 honore
893 3916 980 3956 me
1008 3909 1266 3954 ornatum
1303 3914 1426 3954 esse
1453 3899 1672 3964 volunt,
1708 3898 1802 3968 qui
1834 3897 1902 3952 de
1940 3897 2061 3952 ido-

471 4001 596 4055 neis
658 3998 831 4053 animi
889 3997 994 4052 mei
1049 3997 1261 4051 viribus
1310 3995 1568 4064 judicare
1633 4010 1744 4048 non
1803 4002 2057 4064 possunt.

473 4093 680 4148 Vereor
718 4100 902 4147 autem
936 4106 1007 4146 ne
1039 4090 1084 4146 si
1112 4105 1206 4160 per
1234 4091 1472 4161 ineptam
1494 4089 1852 4143 ambitionem
1879 4088 2058 4159 digni-

472 4195 644 4242 tatem
703 4185 944 4240 oblatam
1006 4183 1312 4252 recipiam,
1373 4192 1638 4237 neutrum
1700 4196 2057 4250 consequar:

472 4278 732 4334 videlicet
788 4291 972 4346 neque
1030 4275 1250 4330 laudem
1310 4290 1377 4330 ex
1445 4275 1658 4330 honore
1717 4285 2056 4344 contempto,

477 4387 657 4442 neque
710 4371 942 4443 gloriam
993 4385 1062 4424 cx
1113 4369 1384 4438 dignitate
1437 4368 1624 4423 minus
1681 4380 1829 4422 recte
1881 4378 2055 4437 gesta.

479 4467 612 4520 Rem
665 4463 838 4534 ipsam
867 4461 948 4518 sic
978 4475 1190 4515 mecum
1239 4459 1556 4516 considera.
1612 4459 1796 4515 Rebus
1844 4459 2062 4513 duabus

2079 3217 2126 3281 Ο

2158 1971 2293 2024 Θεὸν
2337 1969 2666 2040 ἀμπλακὼν,
2725 1971 2896 2038 τιμὰς
2944 1970 3081 2040 πρὸς
3137 1969 3444 2041 ἀνθρώπων
3495 1968 3731 2039 ἐφεύρω.

2173 2063 2316 2133 Ἐγὼ
2345 2064 2403 2118 δέ
2464 2063 2904 2134 καταμανθάνων
2949 2063 3212 2133 ἐμαυτὸν,
3250 2061 3488 2133 εὑρίσκω
3529 2061 3736 2115 παντά-

2159 2172 2330 2208 πασιν
2361 2154 2729 2224 ἐνδεέστερον,
2759 2153 2791 2224 ἦ
2821 2152 2896 2216 ῶς
2929 2154 3168 2225 ἁρμόσαι
3208 2156 3272 2223 τῇ
3303 2152 3402 2221 τῆς
3436 2151 3734 2223 ἱερωσύνης

2160 2247 2478 2319 σεμνότητι.
2515 2247 2622 2298 Kal.
2669 2246 2810 2316 δῆτα
2839 2245 3159 2314 διαλέξομαι
3207 2245 3340 2315 πρός
3371 2261 3429 2298 σε
3461 2244 3593 2314 περὶ
3626 2245 3732 2298 τῶν

2157 2341 2256 2406 τῆς
2291 2335 2534 2406 ἐμαυτοῦ
2569 2337 2750 2408 ψυχῆς
2801 2337 3122 2406 κινημάτων
3151 2352 3166 2368 θ
3198 2337 3258 2390 οὐ
3305 2336 3410 2406 γὰρ
3459 2335 3568 2406 ἔχω
3603 2336 3736 2406 πρὸς

2159 2432 2346 2485 ὅντινα
2374 2430 2535 2485 ἄλλον
2564 2433 2688 2484 ἀντὶ
2711 2430 2813 2500 τῆς
2860 2431 2958 2500 σῆς
2991 2431 3154 2500 φίλης
3190 2431 3285 2482 καὶ
3320 2429 3617 2498 συντρόφου
3643 2445 3734 2499 μοι

2159 2523 2426 2592 κεφαλῆς.
2463 2522 2528 2574 Σὲ
2571 2525 2680 2593 γὰρ
2712 2523 2858 2584 είκὺς
2891 2523 2986 2574 καὶ
3033 2522 3284 2591 μετέχειν
3328 2537 3421 2589 μοι
3454 2520 3561 2572 τῶν
3601 2521 3734 2573 ῐσων

2160 2615 2492 2688 φροντίδων·
2524 2617 2618 2668 καὶ
2651 2614 2870 2686 νύκτωρ
2906 2616 3233 2684 ἀγρυπνεῖν,
3284 2615 3376 2666 καὶ
3411 2611 3731 2682 μεθημέραν

2161 2717 2409 2779 σκοπεῖν,
2435 2714 2584 2772 ὅπως
2611 2711 2677 2765 ἂν
2713 2708 2919 2776 ἀγαθόν
2955 2707 3006 2759 τί
3043 2722 3134 2775 μοι
3164 2706 3375 2774 γένοιτο
3397 2743 3414 2768 ,
3456 2703 3550 2757 καὶ
3589 2703 3731 2765 ὅπως

2159 2809 2225 2861 ἂν
2283 2808 2453 2861 κακόν
2507 2823 2560 2858 τι
2609 2803 2968 2870 διαφύγοιμι.
3030 2801 3236 2851 ’Δκουε
3291 2798 3471 2851 τοίνυν
3502 2796 3573 2858 ῶς
3620 2795 3732 2864 ἔχει

2158 2902 2344 2969 τάμά·
2385 2899 2452 2951 τὰ
2489 2896 2658 2949 πλείω
2711 2895 2755 2946 δ’
2797 2895 2863 2946 ἂν
2917 2890 3094 2944 αὐτῶν
3127 2888 3223 2943 καὶ
3271 2889 3489 2958 εἰδείης.
3523 2888 3732 2958 Μικρὸν

2160 2993 2437 3062 ἀράμενος
2473 2989 2718 3058 φορτίον,
2759 2983 2940 3047 καλῶς
2974 2983 3221 3049 ἐνεγκεῖν
3265 2998 3358 3050 μοι
3389 2980 3528 3034 δοκῶ
3551 2980 3610 3032 τὸ
3643 2979 3737 3048 μέ-

2161 3101 2255 3154 χρι
2281 3083 2436 3136 τοῦξε
2470 3081 2820 3149 φιλοσοφίαν.
2855 3077 2953 3129 Διὰ
2983 3075 3038 3128 δὲ
3068 3075 3128 3126 τὸ
3158 3071 3308 3137 δόξαι
3351 3071 3427 3142 μὴ
3457 3071 3736 3126 παντάπα-

2164 3195 2250 3229 σιν
2282 3176 2467 3236 αὐτοῖς
2506 3173 2870 3242 ἁμαρτάνειν,
2895 3167 3202 3229 ἐπαινεθεὶς
3233 3165 3324 3218 ὑπ’
3349 3165 3528 3229 ἐνίων,
3561 3161 3738 3230 ἀξιοῦ-

2166 3285 2264 3336 μαι
2309 3265 2577 3335 μειζόνων
2609 3262 2764 3333 παρὰ
2795 3260 2904 3315 τῶν
2936 3260 3036 3311 οὐκ
3083 3257 3301 3310 εἰδότων
3334 3259 3519 3327 κρῖναι
3560 3257 3737 3327 ψυχῆς

2162 3359 2610 3428 ἐπιτηδειότητα.
2646 3353 2922 3424 Φοϐοῦμαι
2973 3351 3053 3416 δὲ,
3105 3349 3181 3420 μὴ
3209 3350 3406 3420 χαῦνος
3447 3349 3737 3421 γενόμενος

2161 3451 2261 3504 καὶ
2294 3451 2634 3520 προσέμενος
2665 3448 2764 3518 τὴν
2811 3445 3005 3514 τιμὴν,
3047 3443 3252 3512 ἀμφοῖν
3283 3442 3571 3512 διαμάρτω
3596 3456 3609 3472 ⁶
3642 3441 3736 3494 τοῦ

2165 3546 2264 3618 μὲν
2300 3545 2597 3615 ὑπεριδὼν,
2635 3541 2732 3594 τοῦ
2790 3540 2846 3594 δὲ
2873 3542 2972 3608 τῆς
3024 3539 3185 3604 ἀξίας
3224 3536 3326 3589 οὐκ
3375 3535 3692 3605 ἐφικόμενος
3718 3549 3736 3566 ⁶

2164 3635 2361 3688 σκόπει
2395 3635 2501 3704 γὰρ
2532 3634 2696 3686 οὕτω.
2734 3632 2838 3684 Δύο
2872 3631 3082 3693 τούτοις
3115 3629 3374 3681 ἑκάστοτε
3413 3625 3617 3697 μερίζω
3644 3627 3736 3677 τὸν

2162 3731 2377 3802 χρόνον,
2413 3727 2604 3798 παιδιᾷ
2648 3726 2742 3778 καὶ
2796 3725 3028 3794 σπουδῇ.
3069 3722 3180 3775 Καὶ
3230 3719 3567 3783 σπουδάζων,
3605 3718 3736 3781 ἴδιός

2164 3825 2305 3892 εἰμι,
2340 3821 2578 3886 μάλιστά
2615 3836 2677 3886 γε
2706 3818 2774 3870 τὰ
2817 3817 2938 3870 θεῖα
2961 3831 2976 3845 '
3011 3815 3107 3868 καὶ
3137 3814 3369 3877 παίζων,
3407 3812 3735 3874 κοινότατος.

2165 3911 2339 3969 Οἶσθα
2371 3916 2481 3984 γὰρ
2515 3913 2588 3974 ὼς
2624 3913 2753 3965 ὅταν
2784 3907 3051 3978 ἀνακύψω
3085 3907 3192 3961 τῶν
3235 3906 3478 3974 βιϐλίων,
3522 3906 3738 3977 ἐπιρρε-

2167 4009 2274 4076 πῆς
2311 4009 2427 4075 εἰμι
2455 4006 2589 4075 πρὸς
2627 4006 2850 4058 ἃπασαν
2885 4003 3110 4055 παιδιάν
3135 4043 3149 4069 ,
3177 4001 3459 4071 πολιτικῆς
3489 4000 3543 4053 δὲ
3572 4016 3735 4070 φρον-

2165 4099 2308 4161 τίδος
2340 4099 2556 4168 ἀμοιρῶ
2603 4099 2696 4150 καὶ
2727 4097 2893 4164 φύσει
2942 4097 3037 4150 καὶ
3072 4093 3292 4165 μελέτῃ.
3342 4092 3446 4145 Τὸν
3487 4093 3542 4146 δὲ
3589 4092 3738 4163 ἱερέα

2164 4191 2332 4260 ἄνδρα
2365 4189 2446 4242 δεῖ
2495 4189 2788 4242 θεσπέσιον
2831 4185 2996 4252 εῖναι,
3033 4186 3168 4255 πρὸς
3205 4186 3304 4254 μὲν
3347 4184 3566 4237 παιδ.ὰν
3596 4184 3738 4237 ᾶπα-

2168 4301 2288 4348 σαν,
2331 4283 2420 4335 ἴσα
2457 4282 2552 4334 καὶ
2579 4281 2697 4350 Θεῷ
2725 4280 3046 4350 ἀμείλικτον
3075 4277 3214 4331 εἶναι
3243 4276 3368 4347 χρὴ,
3395 4276 3454 4337 ὃς
3484 4277 3570 4328 ῖνα
3599 4277 3737 4345 τηρῇ

2164 4376 2263 4445 τὴν
2298 4375 2558 4428 ὑπόθεσιν
2595 4373 2701 4427 ὑπὸ
2749 4373 2959 4444 μυρίων
2987 4370 3254 4442 ὀμμάτων
3286 4371 3596 4438 φρουρεῖται
3624 4383 3639 4398 ⁸
3663 4361 3739 4422 ὧν

2164 4470 2319 4524 οὐδὲν
2369 4470 2401 4538 ἢ
2452 4468 2650 4539 μικρὸν
2691 4466 2906 4536 ὄφελος,
2952 4467 3002 4518 εί
3051 4467 3126 4534 μή
3167 4483 3250 4525 τις
3281 4463 3367 4534 εἴη
3408 4479 3738 4516 κατεσκευα-

476 4571 697 4625 semper
752 4563 969 4624 tempus
1018 4568 1183 4606 omne
1240 4552 1465 4617 tribuo,
1527 4551 1732 4606 studiis
1793 4559 1849 4604 et
1901 4549 2056 4603 ludo.

2169 4565 2390 4631 σμένος,
2426 4562 2660 4623 σύννους
2693 4577 2752 4612 τε
2799 4561 2895 4612 καὶ
2931 4559 3070 4626 πρὸς
3107 4559 3326 4610 ἃπασαν
3359 4555 3738 4624 γλυκυθυμίαν

480 4648 704 4704 Litteris
743 4660 965 4711 vacans,
1013 4655 1072 4699 et
1117 4645 1397 4715 praecipue
1442 4643 1670 4707 divinis,
1717 4641 1872 4696 solus
1912 4655 2058 4695 sum.

479 4743 632 4798 Ludo
665 4757 885 4810 operam
917 4739 1076 4803 dans,
1109 4753 1275 4809 quam
1317 4739 1588 4808 plurimos
1621 4735 1876 4790 admitto.
1906 4732 2060 4788 Nosti

478 4840 653 4904 enim,
698 4852 824 4893 cum
871 4851 902 4890 a
948 4834 1106 4890 libris
1153 4847 1412 4903 exsurgo,
1463 4841 1642 4886 totum
1694 4845 1779 4885 me
1825 4831 1880 4883 in
1913 4828 2063 4884 ludis

481 4947 599 4990 esse
631 4971 647 4998 ,
685 4945 716 4985 a
757 4909 1013 4984 civilibus
1047 4937 1232 4982 autem
1279 4926 1432 4980 curis
1475 4935 1532 4978 et
1567 4932 1763 4976 natura
1799 4930 1855 4977 et
1891 4920 2061 4975 animi

483 5025 848 5084 destinatione
872 5022 1198 5076 abluet-rere.
1234 5017 1596 5074 Sacerdotem
1628 5026 1811 5070 autem
1844 5023 2065 5084 oportet

466 5135 599 5177 ,τιςδο
631 5118 812 5169 virum
848 5115 1118 5175 divinum,
1148 5122 1205 5167 et
1245 5113 1312 5166 ad
1345 5111 1536 5166 luduttt
1574 5126 1795 5165 omnem
1830 5110 2066 5179 perinde

479 5219 646 5278 atque
677 5207 848 5263 Deum
875 5206 1148 5260 didicilem
1174 5215 1230 5258 et
1258 5206 1479 5263 durum.
1505 5203 1596 5273 qui
1629 5212 1688 5256 ut
1715 5201 2063 5274 prOpOsitum

481 5303 912 5370 institutumque
948 5313 1110 5353 suum
1144 5305 1360 5361 teneat,
1404 5295 1727 5351 innumeros
1762 5297 1816 5349 in
1852 5310 1909 5350 se
1944 5294 2067 5364 plu-

485 5393 750 5447 rimorum
805 5404 1108 5446 conversos
1155 5389 1322 5442 habet
1364 5389 1581 5444 oculos.
1620 5389 1700 5444 Ad
1743 5405 1885 5458 quos
1916 5389 2067 5443 nulla

483 5497 542 5540 ut
568 5495 719 5541 certe
755 5498 922 5553 parva
956 5481 1210 5552 pervenit
1245 5481 1474 5546 utilitas,
1511 5481 1616 5536 nisi
1651 5483 1852 5550 aliquis
1893 5481 2066 5551 probe

481 5580 786 5634 instructus
832 5589 890 5631 et
940 5575 1204 5630 cordatus
1251 5578 1346 5642 sit,
1397 5584 1451 5630 et
1487 5591 1518 5631 a
1570 5577 1844 5630 suavitate
1891 5575 2062 5628 animi
2111 5565 2114 5568 ’

483 5673 633 5728 omni
681 5672 938 5726 alienus.
978 5669 1036 5725 In
1069 5670 1138 5724 iis
1163 5679 1348 5724 autem
1401 5684 1525 5740 qua:
1569 5669 1637 5724 ad
1687 5670 1860 5724 Deum
1901 5669 2070 5740 perti-

483 5776 640 5830 nent,
674 5781 782 5818 non
826 5765 1086 5834 privatim
1118 5763 1270 5817 solus
1303 5777 1424 5818 esse
1455 5772 1657 5833 potest,
1694 5763 1791 5818 sed
1827 5762 1882 5816 in
1917 5776 2070 5816 com-

484 5858 636 5914 mutii
677 5866 954 5918 conventu
989 5859 1132 5914 inter
1155 5856 1428 5928 plurimos
1463 5865 1740 5927 versatur,
1771 5869 1898 5915 cum
1926 5853 2068 5926 legis

2168 4652 2476 4710 ἁνένδοτος.
2501 4650 2580 4704 Τά
2608 4650 2662 4702 δέ
2689 4666 2752 4716 γε
2781 4648 2916 4716 πρὸς
2941 4646 3033 4698 τὸν
3055 4645 3188 4699 Θεὸν
3213 4646 3311 4698 οὐκ
3339 4646 3404 4697 ἂν
3432 4645 3580 4707 ἴϐιος,
3601 4642 3735 4696 ἀλλὰ

2167 4745 2484 4808 κοινότατος
2513 4745 2598 4813 εἴη
2627 4741 3088 4812 νομοδιδάσκαλος
3124 4738 3222 4806 ῶν,
3253 4739 3347 4792 καὶ
3379 4737 3739 4807 νενομισμένα

2167 4839 2569 4908 φθεγγόμενος.
2599 4837 2724 4908 Χρὴ
2753 4837 2810 4890 δὲ
2835 4836 2996 4888 αὐτὸν
3028 4833 3124 4886 καὶ
3153 4833 3457 4902 πράγματα
3480 4829 3740 4900 πράττειν

2166 4930 2343 4982 ὁπόσα
2395 4929 2598 4991 πάντες
2646 4927 2788 4998 ἅμα.
2850 4927 2932 4978 Τὰ
2981 4926 3089 4994 γὰρ
3135 4923 3393 4976 ἁπάντων
3450 4923 3613 4986 μόνον
3664 4919 3741 4971 δεῖ

2169 5023 2457 5092 πράττειν,
2490 5021 2523 5092 ἢ
2557 5020 2765 5082 πάσαις
2795 5017 3001 5080 αίτίαις
3033 5015 3338 5088 ἐνέχεσθαι.
3375 5014 3494 5076 Πῶς
3526 5011 3620 5065 οῦν
3645 5011 3740 5063 οὐκ

2170 5114 2506 5182 εὐμεγέθους
2548 5112 2728 5182 ψυχῆς
2756 5112 2852 5163 καὶ
2880 5109 3186 5180 κρατίστης
3233 5107 3456 5174 ἐνέγκαι
3491 5102 3742 5157 τοσοῦτον

2169 5207 2337 5276 όγκον
2368 5207 2695 5276 φροντίδων,
2724 5207 2819 5258 καὶ
2856 5203 2930 5273 μὴ
2975 5201 3323 5256 κατακλύσαι
3351 5199 3444 5253 τδν
3475 5196 3620 5262 νοῦν,
3653 5194 3744 5248 καὶ

2175 5299 2251 5368 μὴ
2288 5297 2760 5350 κατασϐεσθεῖσαν
2793 5297 2849 5347 ἐν
2870 5296 2937 5362 τῇ
2968 5292 3116 5363 ψυχῇ
3150 5289 3415 5360 πριιδεῖλι
3441 5286 3541 5355 τὴν
3573 5285 3743 5348 Θείαν,

2170 5390 2315 5444 οὕτω
2344 5387 2709 5443 παντοδαπῶν
2733 5385 3190 5453 ἐπιτηδευμάτων
3207 5382 3533 5448 ἀπαγόντων
3554 5377 3743 5440 αὐτόνς

2172 5477 2246 5536 Εὖ
2281 5478 2377 5534 οἶδ’
2410 5482 2494 5535 ὅτι
2527 5479 2755 5533 δυνατὸν
2781 5476 2946 5539 ἐνίοις
2975 5476 3156 5540 τοῦτο,
3197 5473 3290 5528 καὶ
3333 5469 3622 5541 μακαρίζω
3647 5468 3746 5530 τὰς

2173 5575 2366 5644 φύσεις
2419 5573 2638 5626 αὐτῶνθ
2687 5570 2982 5632 κάκείνους
3031 5567 3254 5639 ἀληθῶς
3309 5561 3450 5618 εἶναι
3506 5561 3747 5633 ἠγοῦμαι

2171 5671 2299 5732 τοὺς
2332 5668 2514 5731 θείους
2546 5666 2768 5736 ἄνδρας,
2799 5663 2892 5726 οὓς
2922 5664 2981 5717 τὸ
3008 5663 3220 5733 ὁμιλεῖν
3260 5661 3400 5714 πάνυ
3429 5660 3746 5725 πράγμασιν

2173 5761 2544 5833 ἀνθρωπίνοις
2595 5759 2672 5830 μὴ
2723 5759 3032 5812 ἀποκόπτοι
3075 5753 3172 5809 τοῦ
3205 5754 3384 5807 Θείου.
3440 5750 3601 5804 Ἀλλὰ
3650 5747 3745 5800 καὶ

2174 5852 2563 5936 ἐμαυτδνέοίδα
2593 5857 2676 5920 είς
2717 5852 2854 5908 ἄστυ
2889 5869 2948 5908 τε
2983 5850 3266 5921 κατιόντα,
3301 5849 3395 5904 καὶ⁵
3438 5844 3524 5900 ἐπ’
3560 5844 3747 5903 ἄστεος
