4092 6528
378 512 506 574 I‘ZM

1331 516 1933 578 ECCLESIASTlCzE
1977 516 2363 575 ΠΙδΊὍΠΙιΕ
2400 517 2542 576 LIB.
2588 518 2737 576 XIV.

3477 516 3617 579 19.62

371 627 616 690 ἀνιόντα,
670 625 764 677 καὶ
801 625 1180 696 ἐνειλούμενον
1229 633 1340 695 τοῖς
1376 632 1608 698 n;.b;1:i
1632 631 1828 701 ’γεώδη
1871 648 1936 700 με

2041 628 2233 682 doctor
2271 633 2376 691 sit,
2417 641 2468 684 et
2516 630 2649 682 nihil
2701 629 2848 683 aliud
2891 644 3053 698 quam
3088 627 3234 699 quod
3297 629 3610 696 legitimum
3670 680 3677 683 .

370 717 648 777 ἕλκουσιν,
685 719 780 770 xa‘:
814 718 1236 787 ἐμπιπλάμενον
1286 724 1503 792 κηλῖδος
1544 724 1646 777 οὐκ
1688 725 1754 777 ἂν
1794 725 1941 776 εἴποι

370 824 454 870 τις
480 808 616 875 ὅσης
641 823 654 837 °
685 807 766 877 τῷ
794 810 905 878 γὰρ
932 811 1173 874 οἰκείους
1206 808 1348 866 εἶναι
1396 831 1486 884 μοι
1521 817 1616 868 καὶ
1650 815 1795 882 μάλα
1841 832 1942 882 μο-

370 896 636 965 λυσμοὺς,
691 899 788 952 καὶ
835 902 897 953 τὸ
948 903 1109 972 τυχὸν
1165 904 1333 974 μέρος
1394 906 1806 972 ἐπιγενόμενον,
1860 905 1942 968 είς

371 990 695 1061 προσθήκην
747 994 1146 1063 συμϐάλλεται.
1185 996 1373 1068 Ῥώμη
1406 997 1452 1050 δ’
1492 999 1591 1051 οὐκ
1649 997 1765 1051 ἐστι
1823 1015 1936 1068 μοι,

368 1082 438 1135 τὰ
475 1097 536 1135 τε
572 1082 723 1136 ἔνδον
749 1085 850 1155 οὐχ
879 1084 1033 1156 ὑγιῆ,
1067 1087 1162 1140 καὶ
1184 1089 1252 1140 τὰ
1279 1089 1416 1158 πρὸς
1445 1089 1602 1153 ἐκτὸς
1628 1090 1820 1160 ἀρκεῖν
1843 1090 1940 1159 οὐχ

366 1166 481 1234 οἷός
512 1172 571 1225 τέ
605 1174 724 1242 ειμι
749 1193 768 1211 ο
807 1179 901 1229 καὶ
929 1178 1128 1231 πολλοῦ
1151 1179 1259 1233 δέω
1287 1179 1387 1251 τὴν
1416 1181 1480 1233 ὲκ
1513 1179 1608 1233 τοῦ
1637 1180 1942 1245 συνειδότος

370 1262 560 1329 φέρειν
606 1263 784 1319 ἀνίαν.
815 1266 927 1320 Καὶ
958 1266 1152 1331 ὁσάκις
1199 1268 1268 1322 ἄν
1302 1270 1371 1338 μέ
1405 1286 1489 1332 τις
1528 1268 1744 1338 ἔρηται,
1789 1269 1942 1341 διαρ·

368 1352 545 1421 ῥήδην
583 1351 767 1421 λέγειν
794 1357 896 1410 οὐκ
928 1357 1250 1428 ἀναδύομαι,
1274 1358 1351 1422 ὡς
1380 1359 1471 1413 τὸν
1506 1359 1656 1429 ἱερέα
1691 1360 1780 1414 διὰ
1808 1362 1943 1414 πάν-

366 1457 478 1493 των
504 1444 839 1511 ἀκηλίξωτον
864 1443 1003 1500 εἶναι
1033 1450 1304 1520 προσήκει
1348 1449 1533 1519 πολλῷ
1562 1449 1640 1521 τῷ
1668 1453 1937 1522 περιόντι,

363 1531 445 1594 ὡς
470 1534 569 1586 καὶ
600 1536 812 1605 ἑτέροις
839 1537 949 1590 τῶν
993 1541 1323 1608 μιασμάτων
1352 1541 1689 1596 ἑκπλύνοντα
1717 1544 1940 1597 κάκεῖνο

361 1623 450 1676 δεῖ
476 1629 771 1709 προσεῖναι
785 1629 898 1692 τοῖς
924 1633 1061 1700 πρὸς
1087 1632 1182 1684 τὸν
1208 1631 1437 1700 ἀδελφὸν
1459 1636 1771 1705 γράμμασι.
1800 1638 1940 1690 Πάν-

366 1734 475 1781 τως
524 1718 583 1772 δὲ
637 1719 1043 1788 ἀναγνώσονται
1097 1725 1289 1793 συχνοὶ
1339 1725 1438 1794 τὴν
1490 1727 1798 1798 ἐπιστολήν.
1834 1729 1939 1783 Καὶ

362 1810 479 1877 γὰρ
526 1810 626 1880 οὐχ
662 1811 866 1881 ἥκιστα
909 1813 1102 1867 τούτου
1148 1815 1309 1884 χάριν
1354 1814 1525 1887 αὐτὴν
1584 1818 1940 1889 ὑπηγόρευσα

364 1901 461 1952 τοῦ
497 1904 638 1954 πᾶσι
696 1903 1011 1971 καταφανὲς
1056 1899 1198 1958 εἶναι
1240 1906 1303 1960 τὸ
1335 1909 1593 1978 πρᾶγμα,
1625 1910 1696 1963 ἶν’
1724 1912 1752 1964 δ
1780 1929 1836 1964 τι
1870 1912 1938 1965 ἂν

2044 720 2135 781 sit,
2210 731 2387 775 sonet.
2474 721 2700 790 Negotia
2758 736 2881 774 eum
2935 735 3123 789 gerere
3191 728 3433 788 oportet,
3491 734 3613 786 qum

2043 811 2206 867 simul
2275 827 2466 868 omnes
2539 824 2788 882 tangunt.
2874 813 3006 879 Quae
3077 813 3225 866 enim
3289 810 3607 866 communia

2042 902 2289 955 omnium
2323 913 2470 963 sunt.
2503 919 2669 956 unum
2719 903 2893 971 ipsum
2946 917 3142 957 curare
3181 916 3322 971 opus
3352 909 3462 963 est,
3503 900 3609 953 nisi

2042 992 2368 1049 criminibus
2401 996 2656 1049 omnibus
2682 994 2954 1048 obnoxius
2985 1010 3108 1050 esse
3138 995 3293 1048 velit.
3327 991 3613 1059 Quomodo

2044 1086 2212 1155 igitur
2256 1101 2365 1140 non
2417 1088 2636 1141 maximi
2687 1088 3088 1157 fortissimique
3127 1087 3297 1143 animi
3337 1089 3444 1149 sit,
3492 1072 3643 1162 tan-ll

2046 1178 2153 1224 tam
2186 1186 2443 1227 curarum
2477 1175 2674 1229 molem
2717 1178 2789 1229 ita
2818 1177 2985 1241 ferre,
3019 1183 3077 1229 ut
3108 1191 3264 1231 mens
3294 1174 3402 1229 'non
3443 1175 3612 1229 obru-

2040 1272 2200 1323 atur,
2246 1270 2303 1316 et
2340 1264 2604 1318 exstincta
2647 1266 2702 1319 in
2740 1266 2923 1318 anima
2958 1266 3229 1334 particula
3277 1266 3461 1320 divina
3499 1280 3609 1319 non

2043 1351 2375 1422 negligatur,
2407 1354 2452 1407 si
2484 1355 2609 1423 quis
2649 1364 2726 1408 tot
2772 1357 2968 1410 studiis
3003 1365 3060 1410 ct
3100 1357 3407 1412 actionibus
3443 1355 3613 1411 variis

2042 1444 2417 1499 distineatur?
2454 1444 2641 1514 Neque
2676 1447 2865 1511 ignoro
2896 1463 3016 1501 esse
3049 1449 3337 1515 quosdam,
3370 1448 3466 1517 qui
3503 1447 3611 1501 hoc
3640 1512 3643 1514 η

2041 1542 2300 1604 praestare
2340 1536 2552 1604 possint
2577 1554 2590 1590 :
2617 1547 2671 1591 et
2697 1537 2911 1593 felicem
2936 1554 3129 1597 eorum
3157 1548 3408 1592 naturam
3436 1548 3605 1607 atque
3636 1525 3645 1537 ’

2042 1625 2260 1679 beatam
2275 1668 2288 1693 ,
2308 1626 2562 1695 ipsosque
2583 1643 2707 1682 vere
2725 1630 2941 1683 divinos
2966 1630 3112 1684 viros
3131 1645 3252 1685 esse
3273 1644 3494 1695 censeo,
3515 1628 3608 1698 qui
3636 1696 3645 1716 ι

2042 1732 2169 1772 cum
2202 1717 2257 1771 in
2295 1718 2485 1773 multis
2517 1719 2774 1775 humanis
2801 1732 3089 1775 versentur
3119 1721 3376 1792 negotiis,
3397 1736 3507 1776 non
3535 1730 3612 1774 ta-

2296 1768 2482 1773 --ψρ-
2541 1768 2773 1775 ----_----_
2812 1768 3079 1775 .--_------
3119 1768 3376 1792 -.-οηηη
3401 1768 3507 1776 --,.-
3537 1768 3584 1774 --

2040 1821 2165 1861 men
2207 1807 2379 1862 divini
2405 1808 2660 1864 Numinis
2692 1826 2823 1864 cura
2847 1811 3123 1865 excidant.
3166 1812 3278 1881 Ego
3304 1826 3437 1866 vero
3466 1810 3607 1866 mei-

2039 1906 2203 1967 psum
2226 1899 2317 1967 qui
2341 1899 2393 1952 in
2425 1899 2617 1955 urbem
2640 1902 2973 1958 descendere
2995 1912 3050 1957 et
3067 1902 3135 1956 ab
3153 1903 3289 1957 urbe
3310 1901 3609 1957 ascendere

365 1993 546 2063 ἀποϐῇ
597 1994 852 2065 καὶπρὸς
893 1995 1026 2050 Θεοῦ
1073 1997 1171 2050 καὶ
1222 1998 1550 2067 ἀνθρώπων,
1594 2003 1840 2065 ἀναίτιος
1867 1995 1932 2067 ὧ,

2040 1987 2265 2053 soleam,
2284 1989 2442 2060 573
2464 1991 2627 2046 rebus
2653 1993 2962 2047 involutum
2990 2009 3110 2061 quae
3140 1993 3206 2049 ad
3239 2004 3491 2048 terrenas
3516 2006 3611 2046 cu»

363 2087 458 2139 καὶ
488 2086 691 2156 ἥκιστα
725 2089 864 2159 πρὶς
901 2087 998 2141 τοῦ
1031 2092 1237 2161 πατρὸς
1269 2091 1559 2161 Θεοφίλου.
1600 2094 1644 2147 Τ
1650 2094 1939 2168 ιθεὶςγὰρ

365 2176 424 2231 ἰν
462 2179 614 2248 μέσῳ
650 2180 822 2249 τάμὰ,
873 2181 968 2234 καὶ
997 2182 1176 2247 διδοὺς
1223 2184 1282 2250 ἑξ
1323 2187 1581 2240 ἁπάντων
1634 2188 1784 2258 αὐτῷ
1817 2189 1942 2257 βου-

363 2271 663 2329 λεύσσσθαι
694 2276 821 2346 περὶ
850 2276 1030 2345 ἡμῶν,
1067 2279 1186 2343 πῶς
1218 2282 1285 2334 ἂν
1309 2282 1561 2346 ὑπαίτιος
1584 2285 1746 2356 sint);
1785 2285 1941 2354 Ἐμοὶ

362 2364 656 2435 τοιγαροῦν
698 2367 726 2420 ὃ
758 2384 818 2419 τε
852 2367 1010 2434 Θεὸς,
1042 2372 1140 2424 καὶ
1173 2374 1201 2425 δ
1238 2375 1426 2443 νόμος,
1466 2375 1501 2446 ἦ
1549 2393 1611 2429 τε
1645 2377 1767 2448 ἱερὰ
1805 2379 1939 2430 Θεο-

367 2455 526 2522 φίλου
568 2459 689 2527 χεὶρ
750 2463 988 2527 γυναῖκα
1039 2463 1301 2518 ἐπέδωκε.
1353 2468 1715 2538 Προαγορεύω
1760 2470 1941 2523 τοίνυν

365 2546 538 2599 ᾶπασι
569 2550 664 2603 καὶ
710 2550 1083 2621 μαρτύρομαι,
1129 2555 1202 2616 ὡς
1234 2554 1407 2624 ἔγωγε
1442 2559 1647 2625 ταύτης
1684 2558 1807 2613 οὔτε
1846 2560 1940 2613 ἀλ-

365 2632 735 2704 λοτριὼσομαι
793 2637 1073 2704 καθάπαξ.
1112 2639 1318 2705 οὗθ’ὠς
1351 2643 1539 2714 μοιχὸς
1585 2645 1722 2716 αὐτῇ
1767 2646 1941 2715 λάθρα

368 2725 665 2794 συνὲσομαι
689 2741 704 2755 ο
736 2727 799 2780 τὸ
832 2729 932 2797 μὲν
962 2730 1070 2799 γὰρ
1111 2731 1318 2802 ἥκιστα
1355 2734 1600 2798 εὐσεϐὲς,
1629 2737 1690 2788 τὸ
1734 2735 1793 2790 δὲ
1817 2739 1942 2804 ἥκι-

367 2833 468 2868 στα
518 2817 771 2888 νόμιμον.
826 2820 985 2874 Ἀλλὰ
1036 2821 1373 2894 βουλήσομαι
1430 2842 1489 2878 τε
1529 2828 1626 2881 καὶ
1683 2825 1936 2897 εὔξομαι,

365 2909 534 2977 συχνά
573 2926 665 2978 μοι
696 2910 839 2963 πάνυ
890 2913 989 2965 καὶ
1026 2916 1241 2983 χρηστὰ
1292 2917 1549 2983 γενέσθαι
1590 2918 1800 2972 παιδία.
1834 2920 1933 2972 Ἐν

361 2998 426 3067 δὴ
453 2999 612 3052 τοῦτο
638 3002 721 3053 δεῖ
753 3002 845 3054 τὸν
878 3005 1069 3073 κύριον
1112 3005 1215 3074 τῆς
1253 3009 1592 3077 χε;ροτονίας
1629 3011 1705 3080 μὴ
1738 3011 1938 3080 ἀγνοῆ-

366 3105 479 3144 σαι.
530 3092 766 3146 Maestus
796 3092 855 3146 δὲ
900 3096 1034 3149 αὐτὸ
1061 3098 1217 3166 παρὰ
1263 3104 1375 3153 τῶν
1417 3101 1561 3169 ἀμφὶ
1587 3101 1679 3155 τὸν
1718 3102 1936 3172 ἑταῖρον

363 3184 577 3238 Παῦλον
626 3186 720 3239 καὶ
779 3187 1096 3240 Διονύσιονο
1136 3187 1232 3252 οὓς
1287 3190 1633 3260 πρεσϐευτὰς
1690 3191 1934 3261 ᾑρῆσθαι

364 3276 516 3345 παρὰ
564 3274 657 3327 τοῦ
701 3276 877 3344 δήμου
910 3277 1273 3347 πυνθάνομαι.
1312 3281 1520 3333 Ἐκεῖνο
1561 3279 1620 3332 δὲ
1671 3281 1826 3334 οὐδὲν
1852 3281 1935 3334 δεῖ

362 3337 563 3435 μαθεῖν
611 3337 799 3433 αὐτὸν,
836 3369 955 3422 ἀλλ’
1002 3337 1447 3441 ὑπομνησθῆναι.
1504 3372 1833 3444 Διαλέξομαι
1877 3373 1935 3426 δὲ
1962 3337 2004 3395 c

366 3456 537 3510 πλείω
563 3459 692 3529 περὶ
722 3458 908 3512 αὑτοῦ.
948 3462 1060 3514 Καὶ
1082 3462 1190 3530 γὰρ
1219 3457 1285 3515 ἃν
1313 3462 1533 3515 ἅπαντα
1559 3464 1729 3517 τᾶλλα
1761 3463 1934 3534 μικρὰ

366 3548 502 3618 πρὸς
527 3548 587 3601 ἓν
621 3566 711 3612 τις
756 3552 916 3604 τοῦτο
951 3553 1121 3617 θεῖτο,
1162 3553 1404 3622 χαλεπόν
1445 3555 1617 3618 ἔστιν,
1651 3555 1700 3607 τί
1730 3555 1806 3624 μὴ
1839 3553 1936 3608 καὶ

366 3641 485 3693 λίαν
516 3640 802 3706 ἀδύνατον,
833 3643 914 3705 είς
939 3641 1118 3713 ψυχὴν
1144 3645 1209 3696 τὰ
1238 3644 1306 3697 δι’
1341 3645 1660 3716 ἐπιστήμης
1689 3645 1770 3708 τίς
1797 3645 1937 3699 ἀπό.

359 3734 535 3796 δειξιν
577 3733 803 3787 ἐλθόντα
851 3734 1100 3803 δόγματα
1154 3735 1507 3806 σαλευθῆναι.
1553 3734 1731 3792 Οἶσθα
1757 3735 1805 3791 δ’
1850 3738 1936 3791 ὅτι

367 3824 539 3875 πολλὰ
585 3824 876 3892 φιλοσοφία
911 3828 1027 3888 τοῖς
1069 3825 1486 3895 θρυλλουμένοις
1531 3826 1745 3889 τούτοις
1780 3828 1936 3880 ἀντι-

367 3917 619 3968 τάττεται
640 3917 929 3984 δόγμασιν.
949 3917 1004 3970 'A
1014 3918 1164 3986 μέλει
1183 3920 1276 3971 καὶ
1292 3919 1390 3987 τὴν
1409 3919 1591 3990 ψυχὴν
1606 3919 1707 3972 οὐκ
1720 3919 1938 3984 ἀξιώσω

367 4008 503 4059 ποτὲ
542 4007 798 4075 σώματος
839 4012 968 4062 ὑστε
981 4011 1176 4077 ρογενῆ
1208 4011 1477 4079 νομίζειν.
1510 4011 1616 4065 Τὸν
1641 4011 1847 4078 κόσμον
1875 4010 1937 4064 οὐ

367 4095 530 4162 φήσω
570 4096 667 4147 καὶ
692 4094 862 4147 τᾶλλα
895 4096 1034 4166 μέρη
1067 4096 1505 4167 διαφθείρεσθαι.
1543 4095 1655 4167 Τὴν
1695 4098 1940 4166 καθωμι-

370 4183 615 4252 λημένην
638 4184 936 4250 ἀνάστασιν
970 4189 1012 4240 is
1024 4189 1118 4257 ρόν
1143 4206 1196 4241 τι
1223 4192 1322 4242 καί¹
1354 4190 1667 4261 ἀπόρρητον
1688 4189 1935 4260 {impar

369 4280 465 4329 καὶ
495 4278 693 4330 πολλοῦ
724 4277 829 4330 δέω
869 4281 992 4340 ταῖς
1034 4280 1127 4333 τοῦ
1163 4282 1402 4351 πλήθους
1431 4283 1769 4353 ὑπολήψεσιν
1806 4285 1939 4352 ὁμο-

370 4369 621 4437 λογῆσαι.
655 4370 799 4433 Νοῦς
828 4370 927 4439 μὲν
957 4366 1053 4425 οὖν
1095 4373 1407 4440 φιλόσοφος,
1440 4375 1684 4444 ἐπόπτης
1710 4373 1786 4427 ὢν
1839 4376 1938 4428 τὰ·

370 4462 590 4532 ληθοῦς,
621 4465 897 4532 συγχωρεῖ
915 4466 980 4532 τῇ
1002 4465 1167 4534 χρείᾳ
1188 4463 1283 4517 τοῦ
1303 4466 1599 4534 ψεύδεσθαι
1624 4483 1641 4500 ·
1673 4467 1939 4534 ἀνάλογον

368 4558 481 4624 γάρ
512 4556 628 4607 ἐστι
671 4556 789 4623 φῶς
837 4557 973 4626 πρὸς
1004 4558 1284 4627 ἀλήθειαν,
1325 4561 1420 4612 καὶ
1465 4559 1625 4630 ὄμμα
1668 4563 1806 4631 πρὸς
1844 4561 1941 4629 δῆ-

371 4665 494 4714 μον.
549 4648 620 4699 Ἢ
676 4644 777 4702 οὖν
804 4648 1086 4719 ὀφθαλμὸς
1131 4651 1212 4713 είς
1258 4652 1426 4705 κακὸν
1466 4652 1533 4707 ἂν
1578 4652 1939 4707 ἀπολαύσειεν

371 4740 653 4807 ἀπλήστου
710 4741 909 4809 φωτὸς,
957 4736 1056 4815 ἣῇ
1103 4746 1218 4805 τοῖς
1267 4745 1612 4815 ὀφθαλμιῶσι
1639 4746 1699 4799 τὸ
1749 4746 1940 4809 σκότος

368 4830 816 4903 ὠφελιμώτερον,
845 4836 1016 4906 ταύτῃ
1051 4838 1147 4891 καὶ
1174 4838 1233 4889 τὸ
1271 4836 1467 4904 ψεῦδος
1502 4838 1694 4905 ὄφελος
1721 4839 1940 4908 τίθεμαι

371 4924 528 4993 δήμῳ
554 4940 566 4954 ⁸
601 4925 697 4976 καὶ
740 4924 1007 4996 βλαϐερὸν
1040 4927 1136 4996 τὴν
1157 4927 1420 4997 ἀλήθειαν
1450 4931 1562 4992 τοῖς
1603 4931 1703 4983 οὐκ
1731 4928 1942 5000 ίσχύου-

372 5032 461 5068 σιν
513 5018 822 5069 ὲνατενίσαι
862 5018 1001 5087 πρὸς
1035 5019 1137 5088 τὴν
1178 5019 1290 5071 τῶν
1318 5019 1488 5073 ὄντων
1535 5020 1848 5091 ἐνάργειαν.
1878 5020 1943 5073 Εῖ

372 5107 551 5162 ταῦτα
590 5110 686 5161 καὶ
714 5109 765 5161 οῖ
809 5110 910 5179 τῆς
939 5110 1062 5163 καθ’
1093 5113 1241 5180 ἡμᾶς
1279 5113 1582 5181 ίερωσύνης
1623 5112 1944 5184 συγχωροῦ-

374 5216 461 5252 σ;ν
485 5200 637 5268 spot,
661 5199 930 5268 δυναίμην
965 5203 1030 5255 ἂν
1067 5201 1345 5272 ίερᾶσθαι,
1377 5205 1444 5257 τὰ
1479 5207 1580 5274 μὶν
1626 5208 1763 5260 οῖκοι
1792 5206 1947 5274 φιλο-

375 5291 577 5360 σοφῶν,
603 5292 672 5343 τὰ
712 5291 759 5345 δ’
784 5292 889 5356 ἔξω
915 5293 1235 5361 φιλομυθῶν
1253 5310 1266 5325 ’
1298 5297 1347 5348 εί
1385 5295 1460 5368 μὴ
1508 5297 1798 5360 διδάσκων,
1826 5298 1942 5352 ἀλλ’

372 5382 498 5435 οὐδὲ
534 5385 717 5449 μέντοι
776 5384 1220 5451 μεταδιδάσκωνο
1269 5388 1452 5454 μένειν
1483 5388 1528 5441 δ’
1568 5389 1672 5442 ἐῶν
1702 5390 1797 5442 ἐπὶ
1839 5391 1944 5456 τῆς

375 5471 724 5538 προλήψεως.
767 5470 828 5523 El
861 5471 920 5524 δέ
973 5490 1140 5540 φασιν
1170 5473 1315 5527 οὕτω
1360 5475 1470 5528 δεῖν
1516 5479 1612 5530 καὶ
1676 5478 1942 5532 κινεῖσθαι

375 5564 468 5617 καὶ
496 5565 668 5633 δῆμον
698 5561 838 5616 εῖναι
881 5565 974 5618 τὸν
1002 5567 1155 5635 ἱερέα
1196 5570 1314 5630 ταῖς
1345 5567 1543 5634 δόξαις,
1582 5570 1680 5621 οὐκ
1717 5570 1783 5623 ἂν
1807 5571 1947 5638 φθά-

377 5674 525 5725 νοιμι
574 5658 809 5726 φανερὸν
848 5658 1023 5711 ἅπασι
1072 5659 1375 5722 καθιστάς*
1406 5653 1565 5732 δῆμῳ
1613 5664 1722 5733 γὰρ
1747 5664 1812 5732 δὴ
1850 5664 1947 5716 καὶ

377 5749 670 5819 φιλοσοφίᾳ
696 5751 751 5801 τί
781 5750 917 5818 πρὸς
948 5749 1153 5821 ἄλληλα
1178 5768 1193 5814 ;
1230 5754 1341 5821 Τὴν
1368 5755 1465 5821 μὲν
1489 5753 1750 5823 ἀλήθειαν
1772 5756 1947 5826 ἀπόρ-

379 5844 546 5911 ρητον
594 5840 705 5892 τῶν
731 5840 891 5894 θείων
921 5830 1063 5896 εἶναι
1112 5842 1229 5896 δεῖο
1270 5844 1334 5897 τὸ
1375 5845 1433 5898 δὲ
1478 5845 1704 5913 πλῆθος,
1751 5846 1946 5917 ἑτέρας

378 5934 546 5998 ἕξεως
576 5932 769 5988 δεῖται.
796 5931 960 6000 Αὖθις
986 5936 1040 5992 δὲ
1069 5938 1161 5992 καὶ
1187 5937 1448 6003 πολλάκις
1482 5939 1594 6005 ἐρῶ
1619 5955 1632 5971 ·
1672 5939 1946 6008 μηδεμιᾶς

2043 2093 2134 2133 ras
2158 2080 2387 2134 trahunt
2407 2121 2423 2146 ,
2456 2090 2624 2150 atque
2659 2083 3134 2151 inquinationibus
3163 2084 3432 2153 repletum
3460 2094 3607 2144 esse,

2040 2186 2277 2241 quarum
2307 2188 2419 2229 non
2456 2173 2619 2229 facile
2664 2175 2956 2245 quisquam
2992 2175 3426 2246 magnitudinem
3451 2167 3610 2229 dixe-

2038 2266 2137 2327 rit.
2160 2261 2292 2319 scio.
2324 2263 2459 2319 Nam
2484 2279 2603 2333 qua!
2624 2264 2694 2319 ad
2717 2267 2897 2321 nativa
2928 2276 2984 2321 et
3016 2266 3237 2336 propria
3263 2264 3486 2320 aliunde
3511 2264 3611 2318 ad-

2040 2357 2275 2413 veniunt
2297 2358 2601 2426 piacula,in
2635 2357 2969 2415 accessionis
2997 2360 3268 2414 rationem
3311 2355 3610 2413 conferum-

2040 2459 2157 2504 tur.
2194 2448 2460 2519 Corporis
2491 2450 2663 2503 robur
2696 2450 2832 2505 mihi
2863 2466 2974 2505 non
3020 2458 3124 2510 est.
3169 2448 3437 2506 interiora
3483 2457 3609 2501 mea

2040 2556 2153 2597 non
2184 2551 2335 2596 recte
2360 2556 2420 2596 se
2461 2542 2684 2597 habent.
2735 2544 2819 2599 Ab
2859 2543 3109 2598 externis
3135 2544 3302 2597 etiam
3329 2543 3512 2611 aliqua
3539 2551 3607 2592 ex

2040 2642 2198 2702 parte
2223 2633 2495 2688 destituor
2518 2651 2532 2688 :
2567 2641 2682 2686 tum
2715 2642 2899 2686 autem
2924 2631 3283 2686 conscientiae
3310 2638 3611 2683 maerorem

2043 2723 2190 2779 ferre
2247 2738 2483 2793 nequeo.
2546 2721 2611 2776 Et
2675 2724 3118 2793 quotiescunque
3196 2733 3286 2775 me
3333 2718 3609 2790 quispiam

2042 2824 2223 2884 rogat,
2260 2815 2483 2869 disertis
2524 2814 2712 2869 verbis
2750 2812 2934 2869 statim
2975 2813 3132 2879 'dico,
3173 2815 3516 2867 sacerdotem
3553 2810 3612 2863 in

2042 2912 2211 2967 rebus
2262 2909 2525 2965 omnibus
2581 2909 2819 2963 maxime
2879 2922 2909 2961 a
2966 2905 3187 2974 probris
3229 2903 3437 2959 debere
3486 2915 3613 2957 esse

2038 3004 2307 3068 alienum,
2340 3000 2575 3057 multum
2612 3010 2673 3055 ut
2725 3000 2778 3055 ei
2816 3000 3078 3070 supersit,
3108 2998 3315 3068 quippe
3344 2994 3441 3065 qui
3468 2993 3612 3048 alio-

2042 3111 2169 3151 rum
2198 3108 2420 3166 quoque
2461 3093 2655 3150 sordes
2694 3092 2896 3163 expiet.
2924 3091 3127 3147 Verum
3154 3089 3438 3145 enimvero
3472 3084 3611 3140 illud

2039 3202 2261 3257 quoque
2293 3186 2496 3241 litteris
2530 3186 2596 3240 ad
2630 3184 2855 3240 fratrem
2880 3182 3026 3238 datis
3047 3183 3296 3238 inserere
3322 3178 3606 3234 convenit.

2042 3278 2306 3335 Perniulti
2333 3279 2480 3334 enim
2520 3278 2809 3349 epistolam
2843 3278 2987 3331 hanc
3013 3275 3221 3346 legent,
3247 3282 3303 3328 et
3325 3287 3390 3328 ea
3429 3270 3609 3342 gratia

2039 3369 2188 3424 illam
2228 3355 2846 3439 potissimum'dictavi,
2896 3375 2958 3420 ut
2989 3381 3115 3421 cum
3167 3380 3256 3420 res
3304 3364 3423 3434 ipsa
3471 3369 3608 3416 nota

2034 3461 2297 3516 omnibus
2333 3461 2447 3526 flat,
2484 3471 2600 3515 tum
2657 3469 2941 3530 utrunque
2967 3473 3032 3514 ea
3068 3456 3354 3529 procedat,
3379 3466 3437 3510 et
3459 3453 3609 3522 apud

2037 3553 2209 3609 Deum
2254 3562 2311 3608 et
2359 3553 2515 3623 apud.
2544 3552 2818 3616 homines,
2864 3567 2969 3607 nec
3012 3552 3195 3606 minus
3239 3550 3383 3620 apud
3425 3546 3609 3618 ipsum

2037 3656 2249 3716 patrem
2281 3645 2654 3715 Theophilum
2694 3651 2854 3714 culpa
2878 3657 3122 3700 caream.
3155 3639 3444 3711 Siquidem
3478 3652 3608 3693 cum

2035 3755 2126 3795 res
2162 3753 2312 3794 meas
2346 3740 2401 3794 in
2440 3739 2681 3794 medium
2713 3737 3062 3809 protulerim,
3098 3745 3155 3791 et
3187 3733 3447 3805 potestati
3485 3733 3612 3797 eius

2036 3830 2308 3901 quidquid
2340 3830 2474 3886 velit
2519 3831 2588 3886 de
2625 3845 2711 3886 me
2752 3826 3037 3885 statuendi
3072 3827 3434 3898 permiserim,
3466 3838 3609 3894 quo-

2038 3923 2204 3978 modo
2228 3922 2448 3978 crimini
2498 3923 2664 3978 alicui
2701 3923 2975 3977 obnoxius
3019 3920 3166 3976 simi
3199 3920 3331 3975 Mihi
3367 3928 3425 3974 et
3467 3919 3611 3972 Deus

2039 4014 2246 4085 ipse.et
2278 4015 2446 4084 leges,
2476 4015 2705 4083 ipsaque
2738 4028 2895 4069 sacra
2924 4012 3218 4082 Theophili
3244 4025 3442 4066 manus
3470 4024 3613 4063 uxoo

2040 4123 2155 4162 rem
2209 4104 2382 4161 dedit.
2428 4105 2782 4174 Quapropter
2824 4105 3085 4159 omnibus
3127 4102 3390 4172 prmdico,
3441 4109 3615 4156 testa-

2042 4207 2269 4267 tumque
2297 4213 2418 4252 esse
2453 4198 2607 4258 volo,
2645 4212 2732 4251 me
2775 4196 2922 4250 illam
2975 4210 3205 4263 prorsus
3255 4196 3609 4249 deserturum

2042 4304 2151 4343 non
2183 4303 2326 4350 esse,
2362 4301 2542 4356 neque
2574 4301 2698 4339 cum
2739 4285 2829 4339 illa
2863 4284 3034 4338 veluti
3076 4283 3352 4339 mmcbum
3382 4280 3614 4337 claude»

2043 4383 2244 4437 stinam
2285 4379 2749 4435 consuetudinem
2787 4376 3131 4431 habiturum.
3170 4376 3418 4430 Alterum
3459 4373 3613 4429 enim

2043 4472 2267 4526 minimc
2302 4470 2471 4540 pium.
2498 4470 2731 4523 alterum
2761 4469 2985 4523 minime
3008 4468 3310 4537 legitimum
3336 4477 3442 4522 est.
3467 4465 3615 4531 Quin

2044 4566 2229 4631 potius
2254 4572 2311 4617 et
2346 4562 2470 4615 volo
2492 4570 2548 4615 et
2574 4573 2728 4629 opto,
2764 4560 2950 4630 plures
2982 4559 3117 4613 mihi
3144 4566 3202 4613 et
3227 4558 3433 4627 probos
3462 4557 3616 4612 nasci

1973 4657 2272 4735 Dliberos.
2334 4655 2454 4710 Hoc
2522 4655 2701 4726 ipsum
2761 4652 3129 4708 ordinationis
3189 4660 3478 4705 auctorem
3556 4660 3618 4704 et

2045 4749 2352 4819 principem
2393 4748 2647 4817 ignorare
2683 4762 2791 4799 non
2824 4752 3061 4815 oportet.
3101 4743 3295 4800 Sciant
3345 4742 3399 4796 id
3449 4741 3615 4796 amici

2043 4844 2211 4895 etiam
2261 4839 2437 4894 nostri
2486 4839 2689 4893 Paulus
2733 4846 2791 4891 et
2841 4836 3153 4907 Dionysius,
3210 4848 3351 4912 quos
3410 4833 3618 4902 legatos

2044 4932 2190 4989 hanc
2216 4933 2290 4985 ob
2318 4945 2538 4984 causam
2571 4943 2601 4984 a
2634 4930 2836 4998 par-Ith
2878 4928 3050 4982 lectos
3076 4940 3199 4982 esse
3222 4925 3418 4982 audio.
3459 4925 3615 4980 Illam

2043 5038 2177 5078 vero
2207 5037 2323 5078 rem
2357 5021 2668 5090 Theophilo
2702 5036 2811 5074 non
2837 5017 3162 5089 signiﬁcari,
3188 5019 3287 5074 sed
3319 5017 3375 5071 in
3408 5031 3618 5071 memo—

2046 5116 2183 5169 riam
2223 5124 2435 5170 tantum
2467 5113 2711 5168 remeavi
2753 5128 2892 5182 opus
2920 5121 3028 5167 est.
3065 5112 3141 5167 De
3167 5125 3229 5166 ea
3261 5121 3448 5166 autem
3491 5110 3618 5179 piu-

2045 5207 2201 5260 ribus
2235 5206 2435 5268 dicam,
2482 5219 2608 5259 cum
2640 5217 2746 5273 qua
2778 5203 3002 5274 quidem
3048 5218 3155 5256 una
3185 5202 3476 5273 quisquam
3509 5200 3619 5254 alia

2045 5299 2231 5353 omnia
2284 5298 2484 5353 collata
2542 5310 2707 5367 parva
2768 5311 2892 5350 esse
2946 5295 3180 5366 iudicet.
3233 5293 3461 5349 Diliicile
3510 5302 3616 5356 est,

2047 5403 2212 5458 atque
2257 5393 2397 5445 adeo
2440 5391 2558 5445 fieri
2606 5390 2835 5444 omnino
2881 5405 2992 5443 non
3044 5398 3249 5459 potest,
3297 5397 3359 5442 ut
3401 5386 3622 5440 animus

2047 5485 2319 5553 dogmata,
2367 5498 2490 5553 qua:
2544 5498 2644 5554 per
2686 5482 3056 5537 eruditionem
3105 5489 3164 5535 et
3214 5479 3504 5535 scientiam
3561 5478 3619 5531 in

2046 5588 2252 5629 certam
2304 5576 2784 5643 necessariamque
2839 5573 3258 5643 persuasionem
3313 5570 3617 5631 evaserint,

2048 5666 2316 5720 ﬂuctuare
2361 5677 2418 5722 et
2473 5667 2527 5721 in
2556 5666 2786 5721 dubium
2817 5666 3001 5718 vocari
3035 5665 3203 5718 sinat.
3238 5662 3393 5718 Nosti
3431 5676 3621 5731 porro,

2051 5758 2454 5829 philosophiam
2503 5757 2801 5812 admodum
2847 5756 3145 5825 divulgatis
3190 5755 3317 5808 istis
3349 5752 3623 5808 Ehristia-

2051 5864 2248 5903 norum
2273 5847 2552 5903 adversari
2573 5847 2948 5916 opinionibus.
2968 5847 3156 5916 itaque
3187 5845 3331 5899 haud
3376 5856 3622 5912 unquam

2049 5941 2315 6006 adducar,
2346 5949 2408 5996 ut
2440 5939 2718 6006 posterius
2751 5938 2991 5993 animam
3020 5951 3186 6004 quam
3226 5949 3430 6002 corpus
3470 5932 3621 6002 gigni
