4092 6538
479 471 616 539 1273

1360 469 1966 534 ECCLESIASTICE
1996 469 2390 536 HISTORIA!
2428 474 2580 538 LIB.
2622 475 2782 540 XIV.

3573 465 3713 531 12H

470 590 690 660 ψαντος,
733 588 1014 652 Θεοδόσιος
1065 585 1162 657 τῆς
1195 586 1404 647 πόλεως
1436 584 1656 653 ἐξῆλθεν
1674 583 2034 651 ίππάσασθαι,

2147 585 2289 643 urbe
2311 601 2568 660 egressus
2597 597 2703 652 est,
2745 593 2804 642 ut
2849 582 3189 656 equitatione
3221 589 3280 639 et
3312 570 3604 658 venatione
3652 595 3711 635 se

473 679 568 732 καὶ
619 679 896 746 κυνηγίοις
935 677 1130 732 ἑαυτὸν
1173 677 1406 730 ἀνεῖναι.
1440 676 1532 728 Ἐν
1561 671 1643 740 οἷς
1690 675 1734 728 δ’
1771 673 2039 736 ἱππάζετο

470 771 564 823 τοῦ
596 771 765 822 ἵππου
811 768 1225 839 ὲκσφαιρισθεὶς
1247 810 1262 834 ,
1298 767 1367 821 τὰ
1400 766 1557 838 ,περὶ
1601 767 1696 821 τὸν
1750 767 2040 820 σπόνδυλον

473 861 790 930 πλήττεταιο
833 862 930 914 καὶ
982 861 1334 922 κατακλιθεὶς
1381 858 1666 927 λεκτικίῳ,
1707 859 1885 929 εἰσῄει
1939 857 2040 926 τὴν

471 955 648 1006 πόλιν.
699 953 854 1005 Ἐπεὶ
884 952 942 1005 δὲ
975 951 1182 1022 ᾔσθετο
1207 951 1411 1013 ἀπιὼν,
1481 953 1536 1003 ἐν
1583 951 1882 1020 ἀπορρήτῳ
1939 949 2038 1018 τὴν

471 1048 702 1116 ἀδελφὴν
740 1047 1074 1118 Πουλχερίαν
1123 1044 1650 1115 μεταστειλάμενος,
1715 1045 1846 1112 περὶ
1879 1043 2038 1111 Μαρ-

469 1141 657 1192 κιανοῦ
683 1137 778 1192 τοῦ
805 1139 915 1192 ἀπὸ
943 1137 1248 1207 τριϐούνων
1293 1138 1430 1207 αὐτῇ
1485 1122 1776 1204 διελέγετο,
1823 1136 1898 1198 ὡς
1927 1136 2038 1206 ἄρα

469 1225 624 1294 φίλον
663 1225 752 1294 εἴη
792 1223 914 1294 Θεῷ
943 1223 1063 1294 μετ’
1095 1224 1262 1278 αὐτὸν
1312 1223 1523 1276 ἐκεῖνον
1582 1223 1686 1292 τὴν
1742 1222 2037 1288 Ῥωμαίων

469 1316 646 1388 ἀρχὴν
679 1315 924 1370 διοικεῖν.
972 1316 1083 1369 Καὶ
1113 1315 1142 1367 ό
1173 1314 1272 1384 μὲν
1319 1313 1472 1368 ταῦτ’
1524 1313 1727 1379 εἰπὼν,
1759 1314 2037 1368 ἐτελεύτα.

473 1408 596 1461 Ἔτι
626 1407 673 1460 δ’
699 1409 894 1476 ἁγνοου
904 1407 1072 1476 μένης
1099 1407 1196 1476 τῆς
1219 1405 1577 1468 ἀποσιώσεως
1613 1405 1692 1474 τῷ
1723 1403 2037 1476 κρατοῦντι,

464 1499 558 1552 τὸν
604 1499 925 1568 Μαρκιανὸν
981 1498 1290 1570 Πουλχερία
1337 1498 1684 1568 ποιησαμένη
1749 1497 2039 1568 μετάπεμ-

468 1607 624 1654 πτον,
681 1590 850 1661 ἄνδρα
885 1591 1212 1662 σωφροσύνῃ
1263 1591 1357 1643 καὶ
1407 1591 1704 1659 σεμνότητι
1750 1589 1868 1659 βίου
1920 1589 2040 1643 δια-

467 1685 678 1754 πρεπῆ,
706 1684 804 1736 καὶ
833 1683 982 1752 γήρᾳ
1021 1682 1124 1752 ἤδη
1161 1682 1568 1751 κοσμούμενον,
1613 1681 1746 1750 περὶ
1785 1683 1884 1750 τῆς
1937 1681 2038 1750 ἀρ-

467 1776 570 1844 χῆς
602 1773 900 1828 ἐκοινοῦτο·
934 1775 1043 1826 Καὶ
1083 1775 1176 1836 σὲ,
1220 1775 1406 1843 φησιν,
1439 1772 1550 1840 ἐγὼ
1567 1773 1678 1825 τῶν
1725 1771 1902 1826 ἄλλων
1935 1773 2037 1842 τῆς

467 1864 775 1932 συγκλήτου
806 1863 997 1932 ἄρχειν
1016 1861 1322 1930 προκρίνω.
1347 1860 1539 1930 Ὀρκῳ
1586 1858 1770 1913 τοίνυν
1803 1859 2038 1929 ἀσφαλι-

2142 690 2436 734 recrearet.
2469 679 2649 748 Atque
2682 682 2825 732 inter
2851 677 3209 747 equitandum
3249 689 3395 745 equo
3427 675 3710 743 delapsus,

2140 769 2310 837 spinae
2361 770 2674 824 vertebram
2727 767 2955 824 luxavit.
3005 769 3355 837 Quapropter
3401 765 3598 820 lcetica
3652 763 3706 818 in

2143 861 2332 914 urbem
2369 863 2574 916 relatus
2605 869 2710 916 est.
2749 864 2927 932 Atque
2976 859 3067 915 ubi
3117 875 3174 915 se
3221 857 3551 914 moriturum
3586 872 3710 912 esse

2141 951 2338 1016 sensit,
2371 965 2496 1005 eum
2543 951 2828 1007 Puleheria
2861 967 3055 1007 sorore
3098 961 3316 1007 secreto
3354 949 3431 1028 ad
3474 964 3534 1004 se
3579 963 3712 1004 evo-

2141 1051 2284 1108 cata,
2319 1043 2385 1097 de
2438 1045 2706 1098 Martiano
2751 1060 2820 1098 ex
2865 1045 3106 1098 tribunis
3157 1043 3378 1098 locutus
3429 1051 3559 1098 est:
3594 1041 3707 1094 Deo

2139 1141 2355 1202 gratum
2405 1135 2777 1204 placitumque
2815 1151 2934 1190 esse
2972 1135 3183 1191 dicens.
3237 1141 3296 1186 ut
3339 1134 3430 1187 ille
3474 1143 3599 1202 post
3645 1147 3706 1186 se

2141 1224 2443 1280 Romanam
2475 1227 2889 1282 administraret
2927 1226 3216 1280 ditionem.
3256 1225 3324 1280 Et
3359 1225 3450 1280 ille
3480 1225 3703 1295 quidem

2139 1330 2264 1368 cum
2312 1315 2426 1370 haec
2477 1317 2707 1372 dixisset
2765 1326 3014 1372 mortuus
3059 1327 3164 1372 est.
3215 1315 3472 1372 Nondum
3522 1325 3709 1370 autem

2139 1405 2494 1474 imperatoris
2525 1418 2703 1464 morte
2724 1421 3024 1478 comperta,
3054 1407 3347 1464 Pulcher-ia
3379 1407 3710 1462 Martianum

2141 1499 2402 1562 accersit,
2435 1501 2617 1554 virum
2665 1503 3029 1572 temperantia
3069 1510 3126 1556 et
3175 1501 3443 1570 gravitate
3491 1514 3707 1552 morum

2142 1591 2490 1658 praclarum,
2523 1599 2578 1645 et
2619 1593 2774 1646 senio
2800 1592 2909 1662 jam
2951 1591 3352 1657 venerandum,
3389 1600 3445 1646 et
3478 1590 3709 1644 consilio

2137 1679 2205 1734 de
2259 1681 2474 1748 imperii
2529 1681 2880 1737 successione
2936 1697 3060 1736 cum
3120 1697 3188 1736 eo
3249 1681 3658 1738 communicato
3691 1721 3708 1746 ,

2139 1769 2298 1840 581
2341 1771 2437 1835 Te,
2477 1772 2678 1841 inquit,
2707 1787 2810 1842 ego
2842 1788 2905 1826 ex
2938 1782 3136 1828 senatu
3167 1774 3314 1827 omni
3351 1789 3464 1844 prae
3492 1774 3708 1833 caeteris

2136 1861 2371 1928 imperio
2409 1861 2634 1931 dignum
2667 1863 2876 1933 judico.
2910 1863 3150 1918 Proinde
3179 1863 3539 1935 iurisiurandi
3573 1866 3708 1919 reli-

467 1955 702 2024 σάμινος
731 1953 805 2018 ὡς
827 1954 927 2006 οὐκ
958 1951 1336 2006 ἂνιὲπίϐουλον
1381 1951 1507 2020 ἐμοὶ
1529 1950 1630 2020 τῆς
1675 1951 1819 2017 ζωῆς
1850 1968 1908 2004 τε
1941 1951 2034 2004 καὶ

2139 1953 2298 2020 gione
2346 1952 2694 2022 interposita,
2750 1965 2800 2010 te
2850 1955 2974 2010 vitae
3027 1966 3083 2010 et
3135 1957 3418 2026 potestati,
3475 1957 3709 2016 maxime

463 2049 564 2116 τῆς
585 2047 762 2117 ἀρχῆς
812 2049 916 2116 κλει).⁴
935 2045 1172 2116 μάλιστα
1225 2045 1322 2112 τῆς
1381 2043 1686 2114 παρθενίας
1734 2045 2030 2113 φρονήσῃς,

465 2141 534 2212 ἢν
579 2139 642 2190 ὲκ
675 2137 795 2190 νέου
853 2136 1127 2206 ἀνεθέμην
1175 2134 1316 2206 Θεῷ,
1369 2133 1616 2202 λάμϐανε
1669 2127 1798 2204 τῆν’
1837 2137 2035 2204 ἀρχήν.

465 2230 575 2288 Τοῦ
607 2231 668 2286 δέ,
705 2229 758 2300 γ’
802 2232 876 2294 ὡς
933 2231 1106 2282 ἐδόκει
1143 2230 1208 2298 τῇ
1261 2226 1494 2296 βασιλίδι
1546 2225 1884 2296 πράξαντος,
1939 2227 2034 2306 τὸν

466 2325 815 2394 πατριάρχην
861 2321 1170 2375 Ἀνατόλιον
1198 2321 1378 2387 (οὗτος
1415 2319 1520 2387 γὰρ
1553 2320 1690 2388 μετὰ
1737 2318 2034 2374 Φλαϐιανδν

465 2415 766 2482 ἐγεγόνει),
793 2412 1260 2483 μεταστειλαμένη
1291 2411 1385 2462 καὶ
1427 2410 1525 2480 τὴν
1562 2409 1866 2478 σύγκλητον
1897 2411 2035 2464 ᾶπα-

465 2521 590 2569 σαν,
611 2506 751 2558 κατὰ
771 2504 1142 2574 τδοἝεδομον,
1161 2503 1384 2572 βασιλέα
1413 2501 1700 2569 Ῥωμαίων
1721 2502 1884 2561 εὐθὺς
1906 2503 2036 2570 ἀνη-

464 2599 682 2670 γόρευε.
715 2597 990 2659 Θεοδόσιος
1029 2595 1162 2658 δ”ἑξ
1201 2584 1372 2661 αὐτῆς
1404 2595 1462 2645 ἐν
1515 2593 1582 2663 τῇ
1620 2591 1854 2662 πατρῴᾳ
1890 2592 2032 2663 θήκῃ

465 2690 751 2752 ἐτέθαπτο,
781 2688 998 2740 κατὰτὸ
1040 2687 1215 2750 δεξιὸν
1255 2684 1510 2754 ὑπερῷον
1559 2683 1656 2736 τοῦ
1711 2685 1821 2736 τῶν
1870 2683 2036 2739 Ἀπο-

466 2783 668 2837 στόλων
709 2780 876 2852 σηκοῦ
906 2782 960 2832 ὲν
993 2779 1123 2846 λίθῳ
1161 2778 1442 2846 Ῥωμαίῳ,
1481 2771 1524 2845 ᾧ
1561 2777 1764 2846 δηλαδὴ
1794 2777 2030 2848 ὑπερῴῳ

464 2875 541 2944 τῷ
573 2873 678 2944 ἴσῳ
702 2874 834 2942 λίθῳ
873 2871 968 2924 καὶ
1003 2872 1031 2923 ό
1063 2871 1246 2940 πατὴρ
1309 2871 1617 2940 Ἀρκάδιος,
1647 2870 1738 2922 καὶ
1767 2873 1799 2940 ἡ
1855 2872 2036 2941 μήτηρ

465 2949 710 3029 Εὖδοξία,
735 2963 830 3016 καὶ
879 2965 906 3015 ὁ
938 2961 1159 3022 πάππος
1207 2959 1374 3013 αὑτοῦ
1401 2961 1679 3023 Θεοδόσιος
1742 2962 2036 3028 κατετέθη-

447 3073 586 3110 σαν.
635 3056 724 3107 Ἐν
744 3055 799 3106 δὲ
823 3052 902 3122 τῷ
931 3054 1264 3122 καταντικρὺ
1314 3052 1409 3104 καὶ
1458 3051 1740 3122 ἀριστερῷ
1799 3051 2033 3121 ὑπερῴῳ

465 3149 562 3201 τοῦ
623 3147 768 3200 θείου
819 3145 1083 3214 τεμένους
1150 3143 1438 3206 Ἰουλιανός
1496 3161 1554 3194 τε
1619 3145 1716 3196 καὶ
1772 3142 2032 3206 Ἰοϐιανὸς

463 3243 694 3293 κεῖνται.
727 3237 968 3306 Τελευτᾷ
995 3237 1052 3288 δὲ
1081 3237 1110 3288 ό
1144 3234 1400 3304 βασιλεὺς
1429 3235 1734 3301 Θεοδόσιος,
1770 3235 1906 3288 ὲτῶν
1933 3251 2030 3309 γε-

463 3331 684 3400 νόμενος
708 3328 825 3389 ἐνὸς
879 3329 970 3380 καὶ
1026 3327 1388 3396 πεντήκονταο
1443 3325 1536 3396 ἀφ’
1567 3319 1642 3381 ὧν
1690 3327 1758 3380 τὰ
1811 3326 1904 3380 δύο
1935 3329 2028 3381 καὶ

463 3423 873 3491 τεσσαράκοντα
903 3419 1272 3471 εὐσεϐέστατα
1320 3416 1510 3488 ἧρξεν,
1559 3419 1686 3488 ὅρον
1745 3419 2028 3489 βασιλείας

462 3514 554 3565 τὸν
584 3511 696 3583 βίον
748 3511 845 3564 καὶ
896 3510 994 3577 τὴν
1057 3510 1232 3579 ἀρχὴν
1279 3511 1539 3578 ἄντικρυς
1595 3511 2022 3576 καταλελοιπώς.

466 3602 713 3670 ιῖεριέχει
735 3601 790 3652 δὲ
819 3601 916 3652 καὶ
949 3604 980 3668 ὴ
1005 3600 1256 3668 παροῦσα
1295 3593 1866 3670 τεσσαρεσκαιδεκάτη
1933 3621 2028 3672 μοι

463 3692 572 3744 τῶν
603 3691 856 3760 ἱστοριῶν
889 3692 1086 3762 χρόνον
1129 3691 1266 3744 ἑτῶν
1309 3692 1718 3761 τεσσαράκοντα
1773 3695 1908 3764 πρὸς
1937 3695 2032 3747 δυ-

466 3783 572 3834 σίν’
615 3781 853 3850 ὁπηνίκα
911 3783 1115 3852 κόσμου
1166 3783 1264 3851 μὲν
1295 3781 1416 3844 ἔτος
1442 3783 1629 3854 ,εῗξεπ
1675 3783 1782 3836 ἀπὸ
1835 3787 1890 3838 δὲ
1929 3786 2030 3855 τῆς

465 3870 616 3934 Θείας
668 3872 761 3924 τοῦ
811 3872 1014 3940 Κυρίου
1063 3860 1385 3944 ’γεννήσεως
1439 3876 1889 3946 τετρακοσιοστὸν
1936 3879 2032 3932 καὶ

465 3962 756 4033 ἑξηκοστὸν
785 3965 1128 4035 ἐπεραίνετο.

531 4213 610 4287 (1)
629 4191 945 4270 Secundum
987 4215 1293 4274 neotericos
1320 4213 1483 4271 4451.

2137 2055 2320 2098 autem
2354 2045 2656 2115 virginitati
2695 2062 2852 2109 meae,
2885 2063 3049 2117 quam
3080 2063 3109 2102 a
3137 2049 3317 2118 prima
3367 2049 3708 2104 adolesentia

2138 2134 2249 2189 Deo
2277 2139 2616 2203 consecravi,
2645 2155 2751 2192 non
2785 2139 3176 2196 insidiaturum
3222 2157 3363 2208 esse,
3415 2141 3708 2210 imperium

2137 2226 2316 2294 ipsum
2357 2242 2511 2298 cape.
2545 2227 2834 2300 Postquam
2879 2232 2969 2286 ille
3015 2235 3160 2300 quod
3207 2234 3449 2302 Augusta
3493 2232 3712 2286 volebat

2144 2322 2374 2391 peregit,
2412 2325 2726 2392 patriarcha
2758 2326 3036 2387 Anatolio,
3063 2327 3158 2394 qui
3197 2326 3455 2380 Flaviano
3487 2339 3710 2380 succes-

2138 2423 2308 2476 serat,
2337 2423 2393 2467 et
2423 2416 2682 2470 universo
2708 2424 2898 2469 senatu
2929 2418 3245 2471 convocatis
3276 2418 3342 2471 ad
3377 2417 3706 2485 Septimum,

2137 2503 2320 2556 statim
2358 2520 2483 2558 eum
2534 2505 2926 2574 imperatorem
2961 2507 3192 2562 crearit.
3225 2506 3568 2562 Theodosius
3604 2522 3708 2562 au-

2137 2601 2246 2648 tem
2285 2607 2474 2664 postea
2518 2613 2642 2651 mox
2694 2600 2745 2652 in
2798 2608 3029 2668 paterno
3063 2609 3419 2653 monumento
3473 2599 3711 2654 Romani

2137 2688 2336 2756 lapidis
2365 2693 2642 2758 repositus
2681 2702 2786 2754 est,
2817 2693 2872 2746 in
2901 2695 3092 2748 dextra
3127 2695 3346 2748 Sublimi
3387 2707 3705 2751 sanctorum

2135 2780 2526 2850 Apostolorum
2566 2784 2754 2853 templi
2805 2785 3059 2853 porticu:
3100 2786 3154 2839 in
3186 2801 3291 2855 qua
3341 2787 3580 2856 porticu,
3611 2805 3708 2841 eo-

2137 2873 2374 2942 demque
2411 2875 2612 2943 lapide,
2659 2886 2814 2944 pater
2843 2893 3065 2945 quoque
3102 2879 3396 2940 Arcadius,
3442 2889 3496 2933 et
3532 2889 3707 2936 mater

2136 2965 2406 3032 Eudoxia,
2459 2981 2672 3020 necnon
2721 2984 2858 3022 avus
2903 2968 3250 3023 Theodosius
3299 2971 3387 3024 siti
3439 2983 3586 3026 sunt.
3645 2974 3703 3032 lu

2137 3053 2359 3109 sinistra
2407 3066 2614 3119 autem,
2642 3073 2764 3125 quae
2807 3073 2872 3112 ex
2919 3061 3150 3113 adverso
3179 3071 3262 3114 est
3299 3063 3525 3130 porticu.
3564 3069 3706 3120 sacri

2136 3146 2254 3215 ejus
2285 3145 2495 3214 templi,
2517 3146 2772 3202 Julianus
2809 3159 2864 3204 et
2893 3151 3218 3205 Jovinianus
3265 3154 3429 3222 jacet.
3463 3153 3709 3212 Mortuus

2136 3243 2220 3288 est
2249 3235 2548 3305 imperator
2585 3238 2934 3296 Theodosius
2983 3259 3158 3297 annos
3207 3245 3602 3314 quinquaginta
3654 3259 3710 3302 et

2140 3339 2306 3377 unum
2338 3336 2502 3382 natus
2531 3344 2546 3381 :
2585 3343 2652 3383 ex
2683 3331 2886 3400 quibus
2935 3333 3295 3402 quadraginta
3324 3345 3378 3386 et
3408 3336 3546 3388 duos
3593 3351 3701 3388 ma-

2134 3417 2278 3470 xima
2311 3431 2438 3472 eum
2474 3419 2677 3488 pietate
2734 3422 3156 3491 imperarit,lita
3208 3435 3268 3478 ut
3307 3427 3466 3478 vitam
3515 3427 3630 3494 ipse
3655 3438 3710 3482 c4:

2131 3509 2443 3576 posteritati
2463 3511 2994 3568 administrationem
3021 3531 3174 3570 suam
3209 3527 3466 3586 tanquam
3489 3520 3706 3588 imperii

2135 3600 2366 3656 formam
2402 3604 2709 3673 reliquerit.
2733 3607 3130 3676 Complectttur
3173 3611 3420 3665 decimus
3479 3627 3708 3680 quar.us

2134 3693 2404 3748 isteliber
2438 3711 2614 3752 annos
2647 3698 3009 3768 quadraginta
3057 3702 3220 3765 duos,
3243 3717 3364 3756 cum
3423 3717 3452 3756 a
3503 3704 3708 3758 mundo

2137 3783 2364 3836 condito
2400 3779 2698 3855 quinquies
2733 3789 3054 3843 millesimus
3083 3791 3593 3860 noniugentesimus
3621 3806 3706 3843 se-

2136 3877 2444 3942 xagesimus
2471 3877 2698 3944 quintus
2723 3878 2823 3949 (ιι),
2843 3893 2870 3930 a
2895 3879 3079 3946 divina
3109 3889 3293 3933 autem
3322 3879 3534 3933 Domini
3569 3879 3708 3933 nati-

2135 3965 2308 4020 vitate
2339 3971 2915 4042 quadringentesimus
2949 3981 3006 4030 et
3045 3974 3416 4045 sexagesimus
3449 3982 3704 4044 ageretur

2137 4074 2338 4118 annus.
