  <div class='ocr_page' id='page_1' title='image "/cluster/home/n/w/nwhite01/storage/ocr_20150623/146/hvd.32044054760053/009.png"; bbox 0 0 2059 3094; ppageno 0'>
   <div class='ocr_carea' id='block_1_1' title="bbox 842 107 1182 175">
    <p class='ocr_par' dir='ltr' id='par_1_1' title="bbox 842 107 1182 175">
     <span class='ocr_line' id='line_1_1' title="bbox 842 107 1182 175; baseline -0.006 0"><span class='ocrx_word' id='word_1_1' title='bbox 842 107 1182 175; x_wconf 88' lang='lat' dir='ltr'>ELENCHUS</span> 
     </span>
    </p>
   </div>
   <div class='ocr_carea' id='block_1_2' title="bbox 179 270 1846 314">
    <p class='ocr_par' dir='ltr' id='par_1_2' title="bbox 179 270 1846 314">
     <span class='ocr_line' id='line_1_2' title="bbox 179 270 1846 314; baseline -0.003 -3"><span class='ocrx_word' id='word_1_2' title='bbox 179 274 442 311; x_wconf 82' lang='lat' dir='ltr'>AUGTORUM</span> <span class='ocrx_word' id='word_1_3' title='bbox 464 274 520 310; x_wconf 92' lang='lat' dir='ltr'>ET</span> <span class='ocrx_word' id='word_1_4' title='bbox 543 273 736 310; x_wconf 75' lang='lat' dir='ltr'>OPERUM</span> <span class='ocrx_word' id='word_1_5' title='bbox 761 273 838 314; x_wconf 81' lang='lat' dir='ltr'>QUI</span> <span class='ocrx_word' id='word_1_6' title='bbox 865 272 908 309; x_wconf 81' lang='lat' dir='ltr'>IN</span> <span class='ocrx_word' id='word_1_7' title='bbox 934 271 1029 308; x_wconf 71' lang='lat' dir='ltr'>H06</span> <span class='ocrx_word' id='word_1_8' title='bbox 1057 270 1308 307; x_wconf 88' lang='lat' dir='ltr'>VOLUMINE</span> <span class='ocrx_word' id='word_1_9' title='bbox 1332 270 1477 307; x_wconf 81' lang='lat' dir='ltr'>CXLVI</span> <span class='ocrx_word' id='word_1_10' title='bbox 1501 270 1846 307; x_wconf 83' lang='lat' dir='ltr'>CONTINENTUH</span> 
     </span>
    </p>
   </div>
   <div class='ocr_carea' id='block_1_3' title="bbox 833 421 1197 434">
    <p class='ocr_par' dir='ltr' id='par_1_3' title="bbox 833 421 1197 434">
     <span class='ocr_line' id='line_1_3' title="bbox 833 421 1197 434; baseline -0.003 -2"><span class='ocrx_word' id='word_1_11' title='bbox 833 421 1197 434; x_wconf 43' lang='grc' dir='ltr'>-ᾴοὺ--γ-</span> 
     </span>
    </p>
   </div>
   <div class='ocr_carea' id='block_1_4' title="bbox 637 533 1335 566">
    <p class='ocr_par' dir='ltr' id='par_1_4' title="bbox 637 533 1335 566">
     <span class='ocr_line' id='line_1_4' title="bbox 637 533 1335 566; baseline -0.004 -4"><span class='ocrx_word' id='word_1_12' title='bbox 637 534 822 562; x_wconf 77' lang='lat' dir='ltr'>OTHLONUS</span> <span class='ocrx_word' id='word_1_13' title='bbox 851 533 1043 561; x_wconf 79' lang='lat' dir='ltr'>MONACllUS</span> <span class='ocrx_word' id='word_1_14' title='bbox 1059 534 1087 561; x_wconf 88' lang='lat' dir='ltr'>S.</span> <span class='ocrx_word' id='word_1_15' title='bbox 1104 533 1152 566; x_wconf 64' lang='lat' dir='ltr'>E31</span> <span class='ocrx_word' id='word_1_16' title='bbox 1160 533 1335 561; x_wconf 76' lang='lat' dir='ltr'>MERAMMI.</span> 
     </span>
    </p>
   </div>
   <div class='ocr_carea' id='block_1_5' title="bbox 234 608 1794 644">
    <p class='ocr_par' dir='ltr' id='par_1_5' title="bbox 234 608 1794 644">
     <span class='ocr_line' id='line_1_5' title="bbox 234 608 1794 644; baseline -0.001 -8"><span class='ocrx_word' id='word_1_17' title='bbox 234 609 354 637; x_wconf 83' lang='lat' dir='ltr'>Libellus</span> <span class='ocrx_word' id='word_1_18' title='bbox 369 610 402 636; x_wconf 81' lang='lat' dir='ltr'>de</span> <span class='ocrx_word' id='word_1_19' title='bbox 418 610 474 635; x_wconf 82' lang='lat' dir='ltr'>suis</span> <span class='ocrx_word' id='word_1_20' title='bbox 489 609 694 641; x_wconf 68' lang='lat' dir='ltr'>tentutiunilms,</span> <span class='ocrx_word' id='word_1_21' title='bbox 711 608 788 636; x_wconf 75' lang='lat' dir='ltr'>varia</span> <span class='ocrx_word' id='word_1_22' title='bbox 803 608 912 636; x_wconf 78' lang='lat' dir='ltr'>fortuna</span> <span class='ocrx_word' id='word_1_23' title='bbox 940 612 968 636; x_wconf 88' lang='lat' dir='ltr'>et</span> <span class='ocrx_word' id='word_1_24' title='bbox 983 608 1102 644; x_wconf 82' lang='lat' dir='ltr'>scriptis.</span> <span class='ocrx_word' id='word_1_25' title='bbox 1627 608 1692 635; x_wconf 87' lang='lat' dir='ltr'>Col.</span> <span class='ocrx_word' id='word_1_26' title='bbox 1763 610 1794 634; x_wconf 72' lang='lat'>23</span> 
     </span>
    </p>
   </div>
   <div class='ocr_carea' id='block_1_6' title="bbox 235 644 1789 680">
    <p class='ocr_par' dir='ltr' id='par_1_6' title="bbox 235 644 1789 680">
     <span class='ocr_line' id='line_1_6' title="bbox 235 644 1789 680; baseline -0.001 -9"><span class='ocrx_word' id='word_1_27' title='bbox 235 645 369 680; x_wconf 82' lang='lat' dir='ltr'>Dialogus</span> <span class='ocrx_word' id='word_1_28' title='bbox 385 645 417 672; x_wconf 78' lang='lat' dir='ltr'>de</span> <span class='ocrx_word' id='word_1_29' title='bbox 435 646 521 671; x_wconf 76' lang='lat' dir='ltr'>tribus</span> <span class='ocrx_word' id='word_1_30' title='bbox 538 645 747 679; x_wconf 62' lang='lat' dir='ltr'>quaestionilms.</span> <span class='ocrx_word' id='word_1_31' title='bbox 868 679 873 680; x_wconf 98' lang='lat'>7</span> <span class='ocrx_word' id='word_1_32' title='bbox 1046 679 1050 680; x_wconf 98' lang='lat'>7</span> <span class='ocrx_word' id='word_1_33' title='bbox 1759 644 1789 669; x_wconf 84' lang='grc'>61</span> 
     </span>
    </p>
   </div>
   <div class='ocr_carea' id='block_1_7' title="bbox 235 679 1794 715">
    <p class='ocr_par' dir='ltr' id='par_1_7' title="bbox 235 679 1794 715">
     <span class='ocr_line' id='line_1_7' title="bbox 235 679 1794 715; baseline -0.001 -8"><span class='ocrx_word' id='word_1_34' title='bbox 235 679 357 715; x_wconf 77' lang='lat' dir='ltr'>Epistola</span> <span class='ocrx_word' id='word_1_35' title='bbox 375 681 407 707; x_wconf 82' lang='lat' dir='ltr'>de</span> <span class='ocrx_word' id='word_1_36' title='bbox 428 681 613 714; x_wconf 80' lang='lat' dir='ltr'>permissiunis</span> <span class='ocrx_word' id='word_1_37' title='bbox 630 681 763 714; x_wconf 78' lang='lat' dir='ltr'>bonorum</span> <span class='ocrx_word' id='word_1_38' title='bbox 779 682 806 706; x_wconf 86' lang='lat' dir='ltr'>et</span> <span class='ocrx_word' id='word_1_39' title='bbox 820 679 956 707; x_wconf 84' lang='lat' dir='ltr'>malorum</span> <span class='ocrx_word' id='word_1_40' title='bbox 975 679 1080 707; x_wconf 85' lang='lat' dir='ltr'>causis.</span> <span class='ocrx_word' id='word_1_41' title='bbox 1746 680 1794 705; x_wconf 86' lang='grc'>137</span> 
     </span>
    </p>
   </div>
   <div class='ocr_carea' id='block_1_8' title="bbox 235 715 1794 750">
    <p class='ocr_par' dir='ltr' id='par_1_8' title="bbox 235 715 1794 750">
     <span class='ocr_line' id='line_1_8' title="bbox 235 715 1794 750; baseline -0.001 -7"><span class='ocrx_word' id='word_1_42' title='bbox 235 716 314 743; x_wconf 84' lang='lat' dir='ltr'>Liber</span> <span class='ocrx_word' id='word_1_43' title='bbox 329 716 363 742; x_wconf 89' lang='lat' dir='ltr'>de</span> <span class='ocrx_word' id='word_1_44' title='bbox 379 724 461 742; x_wconf 65' lang='lat' dir='ltr'>cursu</span> <span class='ocrx_word' id='word_1_45' title='bbox 477 715 622 750; x_wconf 83' lang='lat' dir='ltr'>spirituali.</span> <span class='ocrx_word' id='word_1_46' title='bbox 774 749 779 750; x_wconf 98' lang='lat'>7</span> <span class='ocrx_word' id='word_1_47' title='bbox 1050 749 1054 750; x_wconf 98' lang='lat'>7</span> <span class='ocrx_word' id='word_1_48' title='bbox 1137 749 1141 750; x_wconf 98' lang='lat'>7</span> <span class='ocrx_word' id='word_1_49' title='bbox 1746 716 1794 741; x_wconf 84' lang='grc'>139</span> 
     </span>
    </p>
   </div>
   <div class='ocr_carea' id='block_1_9' title="bbox 233 749 1796 785">
    <p class='ocr_par' dir='ltr' id='par_1_9' title="bbox 233 749 1796 785">
     <span class='ocr_line' id='line_1_9' title="bbox 233 749 1796 785; baseline -0.001 -7"><span class='ocrx_word' id='word_1_50' title='bbox 233 751 360 778; x_wconf 76' lang='lat' dir='ltr'>Narratio</span> <span class='ocrx_word' id='word_1_51' title='bbox 387 751 495 778; x_wconf 69' lang='lat' dir='ltr'>Utliloni</span> <span class='ocrx_word' id='word_1_52' title='bbox 512 751 545 777; x_wconf 80' lang='lat' dir='ltr'>de</span> <span class='ocrx_word' id='word_1_53' title='bbox 561 750 693 777; x_wconf 78' lang='lat' dir='ltr'>miraculo</span> <span class='ocrx_word' id='word_1_54' title='bbox 709 749 781 784; x_wconf 83' lang='lat' dir='ltr'>quod</span> <span class='ocrx_word' id='word_1_55' title='bbox 797 757 886 785; x_wconf 81' lang='lat' dir='ltr'>nuper</span> <span class='ocrx_word' id='word_1_56' title='bbox 900 750 997 777; x_wconf 81' lang='lat' dir='ltr'>accidit</span> <span class='ocrx_word' id='word_1_57' title='bbox 1012 749 1120 777; x_wconf 88' lang='lat' dir='ltr'>cuidam</span> <span class='ocrx_word' id='word_1_58' title='bbox 1136 749 1220 777; x_wconf 86' lang='lat' dir='ltr'>laico.</span> <span class='ocrx_word' id='word_1_59' title='bbox 1744 750 1796 776; x_wconf 73' lang='grc'>242</span> 
     </span>
    </p>
   </div>
   <div class='ocr_carea' id='block_1_10' title="bbox 229 785 1794 813">
    <p class='ocr_par' dir='ltr' id='par_1_10' title="bbox 229 785 1794 813">
     <span class='ocr_line' id='line_1_10' title="bbox 229 785 1794 813; baseline -0.001 0"><span class='ocrx_word' id='word_1_60' title='bbox 229 786 310 813; x_wconf 89' lang='lat' dir='ltr'>Liber</span> <span class='ocrx_word' id='word_1_61' title='bbox 326 788 357 813; x_wconf 89' lang='lat' dir='ltr'>de</span> <span class='ocrx_word' id='word_1_62' title='bbox 373 786 559 813; x_wconf 75' lang='lat' dir='ltr'>admonitione</span> <span class='ocrx_word' id='word_1_63' title='bbox 576 786 740 813; x_wconf 84' lang='lat' dir='ltr'>clericorum</span> <span class='ocrx_word' id='word_1_64' title='bbox 756 789 781 811; x_wconf 81' lang='lat' dir='ltr'>et</span> <span class='ocrx_word' id='word_1_65' title='bbox 796 785 941 813; x_wconf 83' lang='lat' dir='ltr'>laicorum.</span> <span class='ocrx_word' id='word_1_66' title='bbox 1744 785 1794 811; x_wconf 72' lang='grc'>243</span> 
     </span>
    </p>
   </div>
   <div class='ocr_carea' id='block_1_11' title="bbox 233 820 1795 856">
    <p class='ocr_par' dir='ltr' id='par_1_11' title="bbox 233 820 1795 856">
     <span class='ocr_line' id='line_1_11' title="bbox 233 820 1795 856; baseline -0.001 -8"><span class='ocrx_word' id='word_1_67' title='bbox 233 823 273 855; x_wconf 82' lang='lat' dir='ltr'>De</span> <span class='ocrx_word' id='word_1_68' title='bbox 292 822 417 849; x_wconf 80' lang='lat' dir='ltr'>doctrina</span> <span class='ocrx_word' id='word_1_69' title='bbox 439 821 573 856; x_wconf 86' lang='lat' dir='ltr'>spirituali</span> <span class='ocrx_word' id='word_1_70' title='bbox 594 821 662 848; x_wconf 86' lang='lat' dir='ltr'>liber</span> <span class='ocrx_word' id='word_1_71' title='bbox 682 820 824 847; x_wconf 87' lang='lat' dir='ltr'>metricus.</span> <span class='ocrx_word' id='word_1_72' title='bbox 1745 822 1795 847; x_wconf 73' lang='lat'>263</span> 
     </span>
    </p>
   </div>
   <div class='ocr_carea' id='block_1_12' title="bbox 233 857 1792 892">
    <p class='ocr_par' dir='ltr' id='par_1_12' title="bbox 233 857 1792 892">
     <span class='ocr_line' id='line_1_12' title="bbox 233 857 1792 892; baseline -0.001 -8"><span class='ocrx_word' id='word_1_73' title='bbox 233 857 314 884; x_wconf 91' lang='lat' dir='ltr'>Liber</span> <span class='ocrx_word' id='word_1_74' title='bbox 332 857 541 892; x_wconf 89' lang='lat' dir='ltr'>proverbiorum</span> <span class='ocrx_word' id='word_1_75' title='bbox 594 891 597 892; x_wconf 99' lang='lat'>7</span> <span class='ocrx_word' id='word_1_76' title='bbox 1742 857 1792 892; x_wconf 75' lang='grc'>299</span> 
     </span>
    </p>
   </div>
   <div class='ocr_carea' id='block_1_13' title="bbox 233 891 1794 926">
    <p class='ocr_par' dir='ltr' id='par_1_13' title="bbox 233 891 1794 926">
     <span class='ocr_line' id='line_1_13' title="bbox 233 891 1794 926; baseline -0.001 -7"><span class='ocrx_word' id='word_1_77' title='bbox 233 891 342 919; x_wconf 32' lang='lat' dir='ltr'>Sermo’</span> <span class='ocrx_word' id='word_1_78' title='bbox 350 892 377 918; x_wconf 89' lang='lat' dir='ltr'>in</span> <span class='ocrx_word' id='word_1_79' title='bbox 392 892 475 919; x_wconf 80' lang='lat' dir='ltr'>natali</span> <span class='ocrx_word' id='word_1_80' title='bbox 495 891 681 926; x_wconf 75' lang='lat' dir='ltr'>apostolorum</span> <span class='ocrx_word' id='word_1_81' title='bbox 689 912 695 918; x_wconf 89' lang='lat'>.</span> <span class='ocrx_word' id='word_1_82' title='bbox 1744 891 1794 918; x_wconf 83' lang='lat'>337</span> 
     </span>
    </p>
   </div>
   <div class='ocr_carea' id='block_1_14' title="bbox 234 927 1789 955">
    <p class='ocr_par' dir='ltr' id='par_1_14' title="bbox 234 927 1789 955">
     <span class='ocr_line' id='line_1_14' title="bbox 234 927 1789 955; baseline -0.001 -1"><span class='ocrx_word' id='word_1_83' title='bbox 234 928 316 955; x_wconf 86' lang='lat' dir='ltr'>Liber</span> <span class='ocrx_word' id='word_1_84' title='bbox 335 927 476 953; x_wconf 86' lang='lat' dir='ltr'>visionum.</span> <span class='ocrx_word' id='word_1_85' title='bbox 1742 927 1789 953; x_wconf 80' lang='grc'>341</span> 
     </span>
    </p>
   </div>
   <div class='ocr_carea' id='block_1_15' title="bbox 233 960 1617 997">
    <p class='ocr_par' dir='ltr' id='par_1_15' title="bbox 233 960 1617 997">
     <span class='ocr_line' id='line_1_15' title="bbox 233 960 1617 997; baseline -0.001 -8"><span class='ocrx_word' id='word_1_86' title='bbox 233 963 428 997; x_wconf 76' lang='lat' dir='ltr'>Fragmentum</span> <span class='ocrx_word' id='word_1_87' title='bbox 449 962 589 989; x_wconf 81' lang='lat' dir='ltr'>relationis</span> <span class='ocrx_word' id='word_1_88' title='bbox 609 962 643 988; x_wconf 89' lang='lat' dir='ltr'>de</span> <span class='ocrx_word' id='word_1_89' title='bbox 664 961 842 989; x_wconf 83' lang='lat' dir='ltr'>translatione</span> <span class='ocrx_word' id='word_1_90' title='bbox 862 961 893 988; x_wconf 93' lang='lat' dir='ltr'>S.</span> <span class='ocrx_word' id='word_1_91' title='bbox 919 961 1041 997; x_wconf 86' lang='lat' dir='ltr'>Dionysii</span> <span class='ocrx_word' id='word_1_92' title='bbox 1057 970 1070 988; x_wconf 94' lang='lat' dir='ltr'>e</span> <span class='ocrx_word' id='word_1_93' title='bbox 1086 961 1204 989; x_wconf 83' lang='lat' dir='ltr'>Francia</span> <span class='ocrx_word' id='word_1_94' title='bbox 1219 961 1245 988; x_wconf 93' lang='lat' dir='ltr'>in</span> <span class='ocrx_word' id='word_1_95' title='bbox 1265 960 1441 988; x_wconf 82' lang='lat' dir='ltr'>Germaniam</span> <span class='ocrx_word' id='word_1_96' title='bbox 1456 961 1488 987; x_wconf 82' lang='lat' dir='ltr'>ad</span> <span class='ocrx_word' id='word_1_97' title='bbox 1505 968 1617 987; x_wconf 84' lang='lat' dir='ltr'>monas—</span> 
     </span>
    </p>
   </div>
   <div class='ocr_carea' id='block_1_16' title="bbox 270 997 1792 1025">
    <p class='ocr_par' dir='ltr' id='par_1_16' title="bbox 270 997 1792 1025">
     <span class='ocr_line' id='line_1_16' title="bbox 270 997 1792 1025; baseline -0.001 -1"><span class='ocrx_word' id='word_1_98' title='bbox 270 998 368 1025; x_wconf 84' lang='lat' dir='ltr'>terium</span> <span class='ocrx_word' id='word_1_99' title='bbox 389 999 419 1024; x_wconf 73' lang='lat' dir='ltr'>S.</span> <span class='ocrx_word' id='word_1_100' title='bbox 446 998 649 1024; x_wconf 75' lang='lat' dir='ltr'>Emmeratmmi.</span> <span class='ocrx_word' id='word_1_101' title='bbox 1742 997 1792 1023; x_wconf 81' lang='lat'>387</span> 
     </span>
    </p>
   </div>
   <div class='ocr_carea' id='block_1_17' title="bbox 234 1033 1790 1068">
    <p class='ocr_par' dir='ltr' id='par_1_17' title="bbox 234 1033 1790 1068">
     <span class='ocr_line' id='line_1_17' title="bbox 234 1033 1790 1068; baseline -0.001 -9"><span class='ocrx_word' id='word_1_102' title='bbox 234 1033 295 1059; x_wconf 77' lang='lat' dir='ltr'>Vita</span> <span class='ocrx_word' id='word_1_103' title='bbox 316 1034 347 1060; x_wconf 75' lang='lat' dir='ltr'>S.</span> <span class='ocrx_word' id='word_1_104' title='bbox 368 1033 542 1068; x_wconf 68' lang='lat' dir='ltr'>W&#39;olfkangi.</span> <span class='ocrx_word' id='word_1_105' title='bbox 1741 1033 1790 1059; x_wconf 82' lang='lat'>389</span> 
     </span>
    </p>
   </div>
   <div class='ocr_carea' id='block_1_18' title="bbox 233 1068 1046 1096">
    <p class='ocr_par' dir='ltr' id='par_1_18' title="bbox 233 1068 507 1096">
     <span class='ocr_line' id='line_1_18' title="bbox 233 1068 507 1096; baseline -0.004 0"><span class='ocrx_word' id='word_1_106' title='bbox 233 1069 293 1096; x_wconf 76' lang='lat' dir='ltr'>Vita</span> <span class='ocrx_word' id='word_1_107' title='bbox 315 1069 341 1094; x_wconf 66' lang='grc' dir='ltr'>δ.</span> <span class='ocrx_word' id='word_1_108' title='bbox 364 1068 507 1095; x_wconf 68' lang='lat' dir='ltr'>Bonil&#39;zicii.</span> 
     </span>
    </p>
   </div>
   <div class='ocr_carea' id='block_1_19' title="bbox 978 1068 1791 1096">
    <p class='ocr_par' dir='ltr' id='par_1_19' title="bbox 1377 1068 1791 1094">
     <span class='ocr_line' id='line_1_19' title="bbox 1377 1068 1791 1094; baseline 0.005 -3"><span class='ocrx_word' id='word_1_109' title='bbox 1377 1084 1386 1091; x_wconf 46' lang='grc' dir='ltr'><strong><em>κ</em></strong></span> <span class='ocrx_word' id='word_1_110' title='bbox 1740 1068 1791 1094; x_wconf 77' lang='grc'>427</span> 
     </span>
    </p>
   </div>
   <div class='ocr_carea' id='block_1_20' title="bbox 231 1104 1792 1131">
    <p class='ocr_par' dir='ltr' id='par_1_20' title="bbox 231 1104 1792 1131">
     <span class='ocr_line' id='line_1_20' title="bbox 231 1104 1792 1131; baseline -0.001 0"><span class='ocrx_word' id='word_1_111' title='bbox 231 1104 355 1131; x_wconf 77' lang='lat' dir='ltr'>Precatio</span> <span class='ocrx_word' id='word_1_112' title='bbox 376 1104 525 1131; x_wconf 71' lang='lat' dir='ltr'>Tlieotlisca</span> <span class='ocrx_word' id='word_1_113' title='bbox 1741 1104 1792 1130; x_wconf 65' lang='lat'>42&quot;]</span> 
     </span>
    </p>
   </div>
   <div class='ocr_carea' id='block_1_21' title="bbox 716 1137 1309 1166">
    <p class='ocr_par' dir='ltr' id='par_1_21' title="bbox 716 1137 1309 1166">
     <span class='ocr_line' id='line_1_21' title="bbox 716 1137 1309 1166; baseline -0.003 0"><span class='ocrx_word' id='word_1_114' title='bbox 716 1138 863 1166; x_wconf 80' lang='lat' dir='ltr'>ADAMUS</span> <span class='ocrx_word' id='word_1_115' title='bbox 883 1137 1082 1166; x_wconf 80' lang='lat' dir='ltr'>CANONICUS</span> <span class='ocrx_word' id='word_1_116' title='bbox 1102 1138 1309 1165; x_wconf 82' lang='lat' dir='ltr'><strong>BREMENSIS.</strong></span> 
     </span>
    </p>
   </div>
   <div class='ocr_carea' id='block_1_22' title="bbox 232 1198 1788 1236">
    <p class='ocr_par' dir='ltr' id='par_1_22' title="bbox 232 1198 1788 1236">
     <span class='ocr_line' id='line_1_22' title="bbox 232 1198 1788 1236; baseline -0.001 -9"><span class='ocrx_word' id='word_1_117' title='bbox 232 1201 316 1228; x_wconf 76' lang='lat' dir='ltr'>Gesta</span> <span class='ocrx_word' id='word_1_118' title='bbox 335 1200 598 1236; x_wconf 76' lang='lat' dir='ltr'>Hammaburgensis</span> <span class='ocrx_word' id='word_1_119' title='bbox 621 1200 751 1227; x_wconf 78' lang='lat' dir='ltr'>Ecclesiae</span> <span class='ocrx_word' id='word_1_120' title='bbox 770 1198 938 1235; x_wconf 85' lang='lat' dir='ltr'>pontiﬁcum.</span> <span class='ocrx_word' id='word_1_121' title='bbox 1742 1200 1788 1225; x_wconf 76' lang='grc'>451</span> 
     </span>
    </p>
   </div>
   <div class='ocr_carea' id='block_1_23' title="bbox 232 1235 1791 1272">
    <p class='ocr_par' dir='ltr' id='par_1_23' title="bbox 232 1235 1791 1272">
     <span class='ocr_line' id='line_1_23' title="bbox 232 1235 1791 1272; baseline -0.001 -9"><span class='ocrx_word' id='word_1_122' title='bbox 232 1235 386 1270; x_wconf 76' lang='lat' dir='ltr'>Descriptio</span> <span class='ocrx_word' id='word_1_123' title='bbox 406 1235 560 1272; x_wconf 79' lang='lat' dir='ltr'>insularum</span> <span class='ocrx_word' id='word_1_124' title='bbox 576 1235 728 1270; x_wconf 86' lang='lat' dir='ltr'>Aquilonis.</span> <span class='ocrx_word' id='word_1_125' title='bbox 784 1271 796 1272; x_wconf 84' lang='lat'>7</span> <span class='ocrx_word' id='word_1_126' title='bbox 832 1270 860 1272; x_wconf 96' lang='lat'>__</span> <span class='ocrx_word' id='word_1_127' title='bbox 893 1269 981 1272; x_wconf 68' lang='lat'><em>_77__7</em></span> <span class='ocrx_word' id='word_1_128' title='bbox 1004 1269 1224 1272; x_wconf 83' lang='lat'>7__7___7_____</span> <span class='ocrx_word' id='word_1_129' title='bbox 1742 1236 1791 1261; x_wconf 81' lang='grc'>619</span> 
     </span>
    </p>
   </div>
   <div class='ocr_carea' id='block_1_24' title="bbox 779 1269 1239 1298">
    <p class='ocr_par' dir='ltr' id='par_1_24' title="bbox 779 1269 1239 1298">
     <span class='ocr_line' id='line_1_24' title="bbox 779 1269 1239 1298; baseline 0 -1"><span class='ocrx_word' id='word_1_130' title='bbox 779 1271 806 1297; x_wconf 91' lang='lat' dir='ltr'>S.</span> <span class='ocrx_word' id='word_1_131' title='bbox 827 1269 983 1297; x_wconf 78' lang='lat' dir='ltr'>JOANNES</span> <span class='ocrx_word' id='word_1_132' title='bbox 999 1269 1225 1297; x_wconf 83' lang='lat' dir='ltr'>GUALBERTUS</span> <span class='ocrx_word' id='word_1_133' title='bbox 1232 1291 1239 1298; x_wconf 90' lang='lat'>.</span> 
     </span>
    </p>
   </div>
   <div class='ocr_carea' id='block_1_25' title="bbox 230 1306 1789 1334">
    <p class='ocr_par' dir='ltr' id='par_1_25' title="bbox 230 1306 1789 1334">
     <span class='ocr_line' id='line_1_25' title="bbox 230 1306 1789 1334; baseline -0.001 -1"><span class='ocrx_word' id='word_1_134' title='bbox 230 1307 330 1334; x_wconf 84' lang='lat' dir='ltr'>Preces</span> <span class='ocrx_word' id='word_1_135' title='bbox 337 1328 343 1334; x_wconf 88' lang='lat'>.</span> <span class='ocrx_word' id='word_1_136' title='bbox 1739 1306 1789 1332; x_wconf 82' lang='lat'>969</span> 
     </span>
    </p>
   </div>
   <div class='ocr_carea' id='block_1_26' title="bbox 230 1341 1789 1377">
    <p class='ocr_par' dir='ltr' id='par_1_26' title="bbox 230 1341 1789 1377">
     <span class='ocr_line' id='line_1_26' title="bbox 230 1341 1789 1377; baseline -0.001 -9"><span class='ocrx_word' id='word_1_137' title='bbox 230 1342 361 1377; x_wconf 58' lang='lat' dir='ltr'>Epistolas</span> <span class='ocrx_word' id='word_1_138' title='bbox 381 1341 413 1368; x_wconf 87' lang='lat' dir='ltr'>ad</span> <span class='ocrx_word' id='word_1_139' title='bbox 430 1341 538 1368; x_wconf 83' lang='lat' dir='ltr'>fratres.</span> <span class='ocrx_word' id='word_1_140' title='bbox 617 1376 621 1377; x_wconf 99' lang='lat'>7</span> <span class='ocrx_word' id='word_1_141' title='bbox 657 1375 696 1377; x_wconf 73' lang='lat'>77</span> <span class='ocrx_word' id='word_1_142' title='bbox 710 1376 729 1377; x_wconf 96' lang='lat'>7</span> <span class='ocrx_word' id='word_1_143' title='bbox 740 1376 746 1377; x_wconf 88' lang='lat'>7</span> <span class='ocrx_word' id='word_1_144' title='bbox 773 1376 776 1377; x_wconf 88' lang='lat'>7</span> <span class='ocrx_word' id='word_1_145' title='bbox 805 1375 816 1377; x_wconf 76' lang='lat'>7</span> <span class='ocrx_word' id='word_1_146' title='bbox 891 1375 945 1377; x_wconf 79' lang='lat'>777</span> <span class='ocrx_word' id='word_1_147' title='bbox 956 1375 1130 1377; x_wconf 84' lang='lat'><em>7_____7777</em></span> <span class='ocrx_word' id='word_1_148' title='bbox 1145 1375 1184 1377; x_wconf 76' lang='lat'>777</span> <span class='ocrx_word' id='word_1_149' title='bbox 1206 1375 1257 1377; x_wconf 81' lang='lat'>777</span> <span class='ocrx_word' id='word_1_150' title='bbox 1268 1376 1276 1377; x_wconf 90' lang='lat'>7</span> <span class='ocrx_word' id='word_1_151' title='bbox 1331 1376 1337 1377; x_wconf 90' lang='lat'>7</span> <span class='ocrx_word' id='word_1_152' title='bbox 1352 1376 1373 1377; x_wconf 91' lang='lat'>77</span> <span class='ocrx_word' id='word_1_153' title='bbox 1385 1376 1391 1377; x_wconf 90' lang='lat'>7</span> <span class='ocrx_word' id='word_1_154' title='bbox 1739 1341 1789 1367; x_wconf 83' lang='lat'>979</span> 
     </span>
    </p>
   </div>
   <div class='ocr_carea' id='block_1_27' title="bbox 608 1375 1406 1403">
    <p class='ocr_par' dir='ltr' id='par_1_27' title="bbox 608 1375 1406 1403">
     <span class='ocr_line' id='line_1_27' title="bbox 608 1375 1406 1403; baseline 0 -1"><span class='ocrx_word' id='word_1_155' title='bbox 608 1375 872 1403; x_wconf 79' lang='lat' dir='ltr'>GUNDECHARUS</span> <span class='ocrx_word' id='word_1_156' title='bbox 891 1375 1186 1402; x_wconf 78' lang='lat' dir='ltr'>EISCHTETTENSIS</span> <span class='ocrx_word' id='word_1_157' title='bbox 1205 1375 1406 1403; x_wconf 72' lang='lat' dir='ltr'>EPISCOPUS.</span> 
     </span>
    </p>
   </div>
   <div class='ocr_carea' id='block_1_28' title="bbox 230 1411 1791 1447">
    <p class='ocr_par' dir='ltr' id='par_1_28' title="bbox 230 1411 1791 1447">
     <span class='ocr_line' id='line_1_28' title="bbox 230 1411 1791 1447; baseline -0.001 -8"><span class='ocrx_word' id='word_1_158' title='bbox 230 1412 311 1440; x_wconf 87' lang='lat' dir='ltr'>Liber</span> <span class='ocrx_word' id='word_1_159' title='bbox 331 1411 495 1447; x_wconf 81' lang='lat' dir='ltr'>pontiﬁcalis</span> <span class='ocrx_word' id='word_1_160' title='bbox 514 1411 734 1439; x_wconf 76' lang='lat' dir='ltr'>Eisclitettensis.</span> <span class='ocrx_word' id='word_1_161' title='bbox 1739 1411 1791 1438; x_wconf 82' lang='grc'>985</span> 
     </span>
    </p>
   </div>
   <div class='ocr_carea' id='block_1_29' title="bbox 746 1457 1265 1486">
    <p class='ocr_par' dir='ltr' id='par_1_29' title="bbox 746 1457 1265 1486">
     <span class='ocr_line' id='line_1_29' title="bbox 746 1457 1265 1486; baseline 0.002 -1"><span class='ocrx_word' id='word_1_162' title='bbox 746 1459 953 1486; x_wconf 77' lang='lat' dir='ltr'><strong>LAMBERTUS</strong></span> <span class='ocrx_word' id='word_1_163' title='bbox 968 1457 1251 1485; x_wconf 83' lang='lat' dir='ltr'>HERSFELDENSIS</span> <span class='ocrx_word' id='word_1_164' title='bbox 1258 1479 1265 1486; x_wconf 93' lang='lat'>.</span> 
     </span>
    </p>
   </div>
   <div class='ocr_carea' id='block_1_30' title="bbox 228 1495 1041 1523">
    <p class='ocr_par' dir='ltr' id='par_1_30' title="bbox 228 1496 358 1523">
     <span class='ocr_line' id='line_1_30' title="bbox 228 1496 358 1523; baseline -0.008 0"><span class='ocrx_word' id='word_1_165' title='bbox 228 1496 358 1523; x_wconf 80' lang='lat' dir='ltr'>Annales.</span> 
     </span>
    </p>
   </div>
   <div class='ocr_carea' id='block_1_31' title="bbox 973 1495 1786 1523">
    <p class='ocr_par' dir='ltr' id='par_1_31' title="bbox 1721 1495 1786 1521">
     <span class='ocr_line' id='line_1_31' title="bbox 1721 1495 1786 1521; baseline -0.015 0"><span class='ocrx_word' id='word_1_166' title='bbox 1721 1495 1786 1521; x_wconf 81' lang='grc'>1053</span> 
     </span>
    </p>
   </div>
   <div class='ocr_carea' id='block_1_32' title="bbox 687 1528 1321 1557">
    <p class='ocr_par' dir='ltr' id='par_1_32' title="bbox 687 1528 1321 1557">
     <span class='ocr_line' id='line_1_32' title="bbox 687 1528 1321 1557; baseline 0.002 -2"><span class='ocrx_word' id='word_1_167' title='bbox 687 1529 821 1557; x_wconf 84' lang='lat' dir='ltr'>PETRUS</span> <span class='ocrx_word' id='word_1_168' title='bbox 837 1528 1103 1556; x_wconf 85' lang='lat' dir='ltr'>MALLEACENSIS</span> <span class='ocrx_word' id='word_1_169' title='bbox 1119 1529 1321 1556; x_wconf 82' lang='lat' dir='ltr'>MONACHUS.</span> 
     </span>
    </p>
   </div>
   <div class='ocr_carea' id='block_1_33' title="bbox 227 1564 1795 1595">
    <p class='ocr_par' dir='ltr' id='par_1_33' title="bbox 227 1564 1795 1595">
     <span class='ocr_line' id='line_1_33' title="bbox 227 1564 1795 1595; baseline -0.002 -2"><span class='ocrx_word' id='word_1_170' title='bbox 227 1567 266 1593; x_wconf 91' lang='lat' dir='ltr'>De</span> <span class='ocrx_word' id='word_1_171' title='bbox 286 1566 412 1593; x_wconf 68' lang='lat' dir='ltr'>cmnobio</span> <span class='ocrx_word' id='word_1_172' title='bbox 433 1565 620 1593; x_wconf 75' lang='lat' dir='ltr'>ltlallcacensis</span> <span class='ocrx_word' id='word_1_173' title='bbox 637 1564 739 1592; x_wconf 80' lang='lat' dir='ltr'>insulae.</span> <span class='ocrx_word' id='word_1_174' title='bbox 1721 1565 1795 1595; x_wconf 70' lang='grc'>1249.</span> 
     </span>
    </p>
   </div>
   <div class='ocr_carea' id='block_1_34' title="bbox 812 1599 1195 1627">
    <p class='ocr_par' dir='ltr' id='par_1_34' title="bbox 812 1599 1195 1627">
     <span class='ocr_line' id='line_1_34' title="bbox 812 1599 1195 1627; baseline 0 -1"><span class='ocrx_word' id='word_1_175' title='bbox 812 1600 1032 1627; x_wconf 83' lang='lat' dir='ltr'><strong>ALEXANDER</strong></span> <span class='ocrx_word' id='word_1_176' title='bbox 1052 1599 1074 1626; x_wconf 85' lang='lat' dir='ltr'>ll</span> <span class='ocrx_word' id='word_1_177' title='bbox 1091 1600 1132 1626; x_wconf 81' lang='lat' dir='ltr'>PA</span> <span class='ocrx_word' id='word_1_178' title='bbox 1140 1600 1180 1626; x_wconf 83' lang='grc' dir='ltr'><strong>ΡΑ</strong></span> <span class='ocrx_word' id='word_1_179' title='bbox 1188 1620 1195 1627; x_wconf 92' lang='grc'><strong>.</strong></span> 
     </span>
    </p>
   </div>
   <div class='ocr_carea' id='block_1_35' title="bbox 225 1637 1787 1671">
    <p class='ocr_par' dir='ltr' id='par_1_35' title="bbox 225 1637 1787 1671">
     <span class='ocr_line' id='line_1_35' title="bbox 225 1637 1787 1671; baseline 0 -8"><span class='ocrx_word' id='word_1_180' title='bbox 225 1637 355 1671; x_wconf 69' lang='lat' dir='ltr'>Epistola:</span> <span class='ocrx_word' id='word_1_181' title='bbox 374 1641 399 1665; x_wconf 90' lang='lat' dir='ltr'>et</span> <span class='ocrx_word' id='word_1_182' title='bbox 419 1637 541 1664; x_wconf 86' lang='lat' dir='ltr'>decreta.</span> <span class='ocrx_word' id='word_1_183' title='bbox 763 1669 786 1671; x_wconf 69' lang='lat'>77</span> <span class='ocrx_word' id='word_1_184' title='bbox 808 1670 813 1671; x_wconf 99' lang='lat'>7</span> <span class='ocrx_word' id='word_1_185' title='bbox 869 1670 903 1671; x_wconf 76' lang='lat'>77</span> <span class='ocrx_word' id='word_1_186' title='bbox 930 1670 933 1671; x_wconf 99' lang='lat'>7</span> <span class='ocrx_word' id='word_1_187' title='bbox 958 1670 979 1671; x_wconf 88' lang='lat'>7</span> <span class='ocrx_word' id='word_1_188' title='bbox 1000 1669 1024 1671; x_wconf 69' lang='lat'>77</span> <span class='ocrx_word' id='word_1_189' title='bbox 1046 1670 1057 1671; x_wconf 75' lang='lat'>7</span> <span class='ocrx_word' id='word_1_190' title='bbox 1080 1670 1100 1671; x_wconf 88' lang='lat'>7</span> <span class='ocrx_word' id='word_1_191' title='bbox 1129 1670 1134 1671; x_wconf 99' lang='lat'>7</span> <span class='ocrx_word' id='word_1_192' title='bbox 1187 1669 1196 1671; x_wconf 62' lang='lat'>7</span> <span class='ocrx_word' id='word_1_193' title='bbox 1241 1670 1244 1671; x_wconf 99' lang='lat'>7</span> <span class='ocrx_word' id='word_1_194' title='bbox 1721 1637 1787 1663; x_wconf 79' lang='grc'>1279</span> 
     </span>
    </p>
   </div>
   <div class='ocr_carea' id='block_1_36' title="bbox 723 1669 1281 1698">
    <p class='ocr_par' dir='ltr' id='par_1_36' title="bbox 723 1669 1281 1698">
     <span class='ocr_line' id='line_1_36' title="bbox 723 1669 1281 1698; baseline 0.002 -1"><span class='ocrx_word' id='word_1_195' title='bbox 723 1669 820 1698; x_wconf 86' lang='lat' dir='ltr'>HUGO</span> <span class='ocrx_word' id='word_1_196' title='bbox 841 1669 1060 1698; x_wconf 84' lang='lat' dir='ltr'>ITRECENSIS</span> <span class='ocrx_word' id='word_1_197' title='bbox 1079 1669 1281 1698; x_wconf 78' lang='lat' dir='ltr'>EPISCOPUS.</span> 
     </span>
    </p>
   </div>
   <div class='ocr_carea' id='block_1_37' title="bbox 224 1719 1787 1756">
    <p class='ocr_par' dir='ltr' id='par_1_37' title="bbox 224 1719 1787 1756">
     <span class='ocr_line' id='line_1_37' title="bbox 224 1719 1787 1756; baseline -0.001 -9"><span class='ocrx_word' id='word_1_198' title='bbox 224 1720 348 1756; x_wconf 86' lang='lat' dir='ltr'>Epistola</span> <span class='ocrx_word' id='word_1_199' title='bbox 367 1721 489 1756; x_wconf 80' lang='lat' dir='ltr'>Hugonis</span> <span class='ocrx_word' id='word_1_200' title='bbox 504 1720 538 1746; x_wconf 82' lang='lat' dir='ltr'>ad</span> <span class='ocrx_word' id='word_1_201' title='bbox 553 1719 782 1747; x_wconf 72' lang='lat' dir='ltr'>Bartliolomaeum</span> <span class='ocrx_word' id='word_1_202' title='bbox 797 1719 1034 1754; x_wconf 86' lang='lat' dir='ltr'>archiepiscopum</span> <span class='ocrx_word' id='word_1_203' title='bbox 1048 1719 1149 1745; x_wconf 88' lang='lat' dir='ltr'>Turon.</span> <span class='ocrx_word' id='word_1_204' title='bbox 1720 1720 1787 1747; x_wconf 76' lang='grc'>1435</span> 
     </span>
    </p>
   </div>
   <div class='ocr_carea' id='block_1_38' title="bbox 679 1780 1328 1810">
    <p class='ocr_par' dir='ltr' id='par_1_38' title="bbox 679 1780 1328 1810">
     <span class='ocr_line' id='line_1_38' title="bbox 679 1780 1328 1810; baseline 0.003 -3"><span class='ocrx_word' id='word_1_205' title='bbox 679 1780 884 1807; x_wconf 83' lang='lat' dir='ltr'>DEODUINUS</span> <span class='ocrx_word' id='word_1_206' title='bbox 899 1780 1110 1807; x_wconf 90' lang='lat' dir='ltr'>LEODlENSIS</span> <span class='ocrx_word' id='word_1_207' title='bbox 1129 1780 1328 1810; x_wconf 84' lang='lat' dir='ltr'>EPISCOPUS.</span> 
     </span>
    </p>
   </div>
   <div class='ocr_carea' id='block_1_39' title="bbox 223 1816 1785 1851">
    <p class='ocr_par' dir='ltr' id='par_1_39' title="bbox 223 1816 1785 1851">
     <span class='ocr_line' id='line_1_39' title="bbox 223 1816 1785 1851; baseline -0.001 -8"><span class='ocrx_word' id='word_1_208' title='bbox 223 1816 352 1851; x_wconf 63' lang='lat' dir='ltr'>Epistolre</span> <span class='ocrx_word' id='word_1_209' title='bbox 373 1820 400 1843; x_wconf 89' lang='lat' dir='ltr'>et</span> <span class='ocrx_word' id='word_1_210' title='bbox 420 1816 575 1851; x_wconf 85' lang='lat' dir='ltr'>privilegia.</span> <span class='ocrx_word' id='word_1_211' title='bbox 671 1849 679 1851; x_wconf 70' lang='lat'>7</span> <span class='ocrx_word' id='word_1_212' title='bbox 709 1849 880 1851; x_wconf 77' lang='lat'><em>77777_7777</em></span> <span class='ocrx_word' id='word_1_213' title='bbox 908 1849 921 1851; x_wconf 77' lang='lat'>7</span> <span class='ocrx_word' id='word_1_214' title='bbox 951 1849 1016 1851; x_wconf 89' lang='lat'><em>77__</em></span> <span class='ocrx_word' id='word_1_215' title='bbox 1058 1849 1171 1851; x_wconf 52' lang='lat'><em>77777777</em></span> <span class='ocrx_word' id='word_1_216' title='bbox 1190 1850 1200 1851; x_wconf 99' lang='lat'>77</span> <span class='ocrx_word' id='word_1_217' title='bbox 1218 1850 1225 1851; x_wconf 99' lang='lat'>7</span> <span class='ocrx_word' id='word_1_218' title='bbox 1300 1850 1305 1851; x_wconf 99' lang='lat'>7</span> <span class='ocrx_word' id='word_1_219' title='bbox 1719 1816 1785 1842; x_wconf 74' lang='lat' dir='ltr'>M39</span> 
     </span>
    </p>
   </div>
   <div class='ocr_carea' id='block_1_40' title="bbox 621 1849 1391 1878">
    <p class='ocr_par' dir='ltr' id='par_1_40' title="bbox 621 1849 1391 1878">
     <span class='ocr_line' id='line_1_40' title="bbox 621 1849 1391 1878; baseline 0.003 -2"><span class='ocrx_word' id='word_1_220' title='bbox 621 1851 648 1876; x_wconf 84' lang='lat' dir='ltr'>S.</span> <span class='ocrx_word' id='word_1_221' title='bbox 669 1849 882 1876; x_wconf 86' lang='lat' dir='ltr'>LlETBERTUS</span> <span class='ocrx_word' id='word_1_222' title='bbox 903 1849 1173 1877; x_wconf 79' lang='lat' dir='ltr'>CAMERACENSIS</span> <span class='ocrx_word' id='word_1_223' title='bbox 1189 1850 1391 1878; x_wconf 85' lang='lat' dir='ltr'>EPISCOPUS.</span> 
     </span>
    </p>
   </div>
   <div class='ocr_carea' id='block_1_41' title="bbox 224 1910 1787 1947">
    <p class='ocr_par' dir='ltr' id='par_1_41' title="bbox 224 1910 1787 1947">
     <span class='ocr_line' id='line_1_41' title="bbox 224 1910 1787 1947; baseline 0 -8"><span class='ocrx_word' id='word_1_224' title='bbox 224 1912 325 1940; x_wconf 81' lang='lat' dir='ltr'>Charta</span> <span class='ocrx_word' id='word_1_225' title='bbox 346 1912 380 1939; x_wconf 90' lang='lat' dir='ltr'>de</span> <span class='ocrx_word' id='word_1_226' title='bbox 396 1912 594 1940; x_wconf 72' lang='lat' dir='ltr'>constituendis</span> <span class='ocrx_word' id='word_1_227' title='bbox 610 1912 748 1940; x_wconf 84' lang='lat' dir='ltr'>canonicis</span> <span class='ocrx_word' id='word_1_228' title='bbox 769 1910 943 1947; x_wconf 83' lang='lat' dir='ltr'>regularibus</span> <span class='ocrx_word' id='word_1_229' title='bbox 958 1910 985 1937; x_wconf 93' lang='lat' dir='ltr'>in</span> <span class='ocrx_word' id='word_1_230' title='bbox 1006 1910 1120 1938; x_wconf 88' lang='lat' dir='ltr'>ecclesia</span> <span class='ocrx_word' id='word_1_231' title='bbox 1140 1911 1168 1938; x_wconf 90' lang='lat' dir='ltr'>S.</span> <span class='ocrx_word' id='word_1_232' title='bbox 1184 1911 1320 1939; x_wconf 84' lang='lat' dir='ltr'>Autbcrti.</span> <span class='ocrx_word' id='word_1_233' title='bbox 1721 1913 1787 1939; x_wconf 70' lang='grc'>1184</span> 
     </span>
    </p>
   </div>
   <div class='ocr_carea' id='block_1_42' title="bbox 689 1972 1337 2002">
    <p class='ocr_par' dir='ltr' id='par_1_42' title="bbox 689 1972 1337 2002">
     <span class='ocr_line' id='line_1_42' title="bbox 689 1972 1337 2002; baseline -0.003 0"><span class='ocrx_word' id='word_1_234' title='bbox 689 1973 760 2002; x_wconf 76' lang='lat' dir='ltr'>ROG</span> <span class='ocrx_word' id='word_1_235' title='bbox 766 1972 868 2001; x_wconf 83' lang='lat' dir='ltr'><strong>ERIUS</strong></span> <span class='ocrx_word' id='word_1_236' title='bbox 883 1972 1187 2001; x_wconf 80' lang='lat' dir='ltr'>JURISCONSULTUS</span> <span class='ocrx_word' id='word_1_237' title='bbox 1206 1973 1337 2001; x_wconf 80' lang='lat' dir='ltr'>ITALUS.</span> 
     </span>
    </p>
   </div>
   <div class='ocr_carea' id='block_1_43' title="bbox 224 2009 1785 2045">
    <p class='ocr_par' dir='ltr' id='par_1_43' title="bbox 224 2009 1785 2045">
     <span class='ocr_line' id='line_1_43' title="bbox 224 2009 1785 2045; baseline -0.001 -8"><span class='ocrx_word' id='word_1_238' title='bbox 224 2010 263 2037; x_wconf 87' lang='lat' dir='ltr'>De</span> <span class='ocrx_word' id='word_1_239' title='bbox 276 2010 391 2037; x_wconf 87' lang='lat' dir='ltr'>diversis</span> <span class='ocrx_word' id='word_1_240' title='bbox 408 2009 673 2045; x_wconf 66' lang='lat' dir='ltr'>priescriptionibus.</span> <span class='ocrx_word' id='word_1_241' title='bbox 1717 2010 1785 2036; x_wconf 70' lang='grc'>1485</span> 
     </span>
    </p>
   </div>
   <div class='ocr_carea' id='block_1_44' title="bbox 223 2045 1786 2081">
    <p class='ocr_par' dir='ltr' id='par_1_44' title="bbox 223 2045 1786 2081">
     <span class='ocr_line' id='line_1_44' title="bbox 223 2045 1786 2081; baseline -0.001 -9"><span class='ocrx_word' id='word_1_242' title='bbox 223 2045 356 2081; x_wconf 82' lang='lat' dir='ltr'>Dialogus</span> <span class='ocrx_word' id='word_1_243' title='bbox 375 2046 409 2073; x_wconf 83' lang='lat' dir='ltr'>de</span> <span class='ocrx_word' id='word_1_244' title='bbox 425 2045 687 2081; x_wconf 67' lang='lat' dir='ltr'>praescriptionibus.</span> <span class='ocrx_word' id='word_1_245' title='bbox 1720 2045 1786 2071; x_wconf 69' lang='lat'><strong>{£95</strong></span> 
     </span>
    </p>
   </div>
   <div class='ocr_carea' id='block_1_45' title="bbox 716 2091 1297 2121">
    <p class='ocr_par' dir='ltr' id='par_1_45' title="bbox 716 2091 1297 2121">
     <span class='ocr_line' id='line_1_45' title="bbox 716 2091 1297 2121; baseline 0 0"><span class='ocrx_word' id='word_1_246' title='bbox 716 2093 829 2121; x_wconf 89' lang='lat' dir='ltr'>GUIDO</span> <span class='ocrx_word' id='word_1_247' title='bbox 849 2091 1086 2120; x_wconf 82' lang='lat' dir='ltr'>AMBIANENSIS</span> <span class='ocrx_word' id='word_1_248' title='bbox 1101 2093 1297 2121; x_wconf 82' lang='lat' dir='ltr'>EPISCOPUS.</span> 
     </span>
    </p>
   </div>
   <div class='ocr_carea' id='block_1_46' title="bbox 222 2128 1783 2165">
    <p class='ocr_par' dir='ltr' id='par_1_46' title="bbox 222 2128 1783 2165">
     <span class='ocr_line' id='line_1_46' title="bbox 222 2128 1783 2165; baseline -0.002 -8"><span class='ocrx_word' id='word_1_249' title='bbox 222 2129 349 2165; x_wconf 66' lang='lat' dir='ltr'>Epistolas</span> <span class='ocrx_word' id='word_1_250' title='bbox 364 2134 390 2157; x_wconf 89' lang='lat' dir='ltr'>et</span> <span class='ocrx_word' id='word_1_251' title='bbox 406 2131 519 2158; x_wconf 57' lang='lat' dir='ltr'>charta.</span> <span class='ocrx_word' id='word_1_252' title='bbox 638 2164 641 2165; x_wconf 98' lang='lat'>7</span> <span class='ocrx_word' id='word_1_253' title='bbox 808 2164 814 2165; x_wconf 98' lang='lat'>7</span> <span class='ocrx_word' id='word_1_254' title='bbox 870 2164 874 2165; x_wconf 99' lang='lat'>7</span> <span class='ocrx_word' id='word_1_255' title='bbox 1719 2128 1783 2165; x_wconf 78' lang='lat' dir='ltr'>l587</span> 
     </span>
    </p>
   </div>
   <div class='ocr_carea' id='block_1_47' title="bbox 226 2164 1783 2201">
    <p class='ocr_par' dir='ltr' id='par_1_47' title="bbox 226 2164 1783 2201">
     <span class='ocr_line' id='line_1_47' title="bbox 226 2164 1783 2201; baseline -0.002 -9"><span class='ocrx_word' id='word_1_256' title='bbox 226 2164 328 2192; x_wconf 82' lang='lat' dir='ltr'>Versus</span> <span class='ocrx_word' id='word_1_257' title='bbox 348 2165 382 2193; x_wconf 91' lang='lat' dir='ltr'>de</span> <span class='ocrx_word' id='word_1_258' title='bbox 402 2165 584 2201; x_wconf 77' lang='lat' dir='ltr'>Angelranno</span> <span class='ocrx_word' id='word_1_259' title='bbox 600 2164 699 2192; x_wconf 80' lang='lat' dir='ltr'>abbate</span> <span class='ocrx_word' id='word_1_260' title='bbox 720 2164 889 2192; x_wconf 85' lang='lat' dir='ltr'>Centulensi.</span> <span class='ocrx_word' id='word_1_261' title='bbox 1720 2164 1783 2190; x_wconf 82' lang='grc'>1509</span> 
     </span>
    </p>
   </div>
  </div>
