4118 6188
352 466 3762 496 m

1714 666 1875 713 ANNO
1919 665 2102 713 DOMIN
2112 667 2142 711 Ἠ
2172 667 2410 712 MLXXIII

1421 830 2717 961 0THLONUS

785 1052 1204 1110 PRESBYTER
1241 1055 1334 1110 ΕΤ
1373 1053 1754 1112 MONACHUS
1793 1053 2114 1111 COENOBII
2152 1054 2209 1110 S.
2253 1053 2698 1111 EMMERAMMI
2739 1055 3324 1114 RATISBONENSIS.

1129 1315 1274 1401 DE
1346 1316 1612 1400 VITA
1689 1315 1835 1400 ET
1903 1315 2406 1404 SCRIPTIS
2481 1316 3002 1406 OTHLONI

1525 1511 2591 1659 DISQUISITIO.

605 1734 798 1807 (Apud-
831 1734 896 1790 Β.
930 1734 991 1789 Ρ.
1025 1733 1388 1789 Bernardum
1431 1731 1684 1804 Pezium,
1716 1734 2042 1790 Dissertatio
2071 1735 2346 1806 isagogica
2375 1736 2436 1789 in
2465 1743 2593 1790 tom.
2626 1736 2702 1790 III
2738 1736 2996 1792 Thesauri
3021 1737 3240 1805 Amat,
3273 1751 3404 1811 pag.
3437 1739 3517 1810 κ.)

434 2020 546 2076 Res
577 2018 810 2075 Othloni
842 2017 927 2073 vel
959 2016 1192 2074 Othlohi
1238 2017 1392 2089 apud
1448 2017 1754 2089 plerosque
1810 2033 2010 2073 recen-
2038 2021 2094 2087 Α
2125 2041 2154 2068 ‹‹
2189 2023 2324 2074 ante
2343 2018 2828 2091 solitumtempus
2851 2020 3132 2090 discendi,
3150 2021 3275 2077 sine
3287 2022 3462 2093 jussu
3477 2025 3768 2098 magistri,

358 2111 560 2176 tiores,
592 2114 930 2163 Browerum
962 2112 1259 2179 putamus,
1289 2106 1604 2170 Oudinum,
1627 2106 1880 2174 Pinium,
1901 2106 2016 2162 Ma-
2131 2131 2150 2157 α
2190 2112 2372 2164 artem
2406 2108 2627 2164 discere
2659 2109 2972 2164 scribendi.
3016 2110 3247 2166 Furtivo
3272 2113 3427 2168 enim
3452 2117 3508 2170 et
3535 2114 3768 2172 insolito

359 2199 671 2256 billonium
705 2196 987 2267 aliosque,
1023 2199 1306 2268 quotquot
1339 2197 1466 2265 ejus
1498 2193 2017 2266 mentioneminje-
2127 2218 2154 2246 «
2189 2197 2381 2265 modo,
2418 2213 2522 2251 nec
2554 2213 2669 2252 non
2697 2198 2823 2253 sine
2853 2199 3092 2254 docente
3122 2199 3288 2255 nisus
3327 2211 3458 2256 sum
3502 2203 3769 2259 eamdem

364 2291 588 2358 cerunt,
616 2285 1049 2342 obscurissimae
1082 2289 1238 2350 sunt,
1273 2283 1410 2339 licet
1438 2300 1536 2339 eas
1563 2284 1688 2355 ipse
1728 2282 2018 2340 Othlonus
2134 2305 2157 2334 «
2188 2289 2369 2340 artem
2401 2284 2689 2340 scribendi
2722 2286 3174 2357 apprehendere.
3201 2288 3322 2351 Qua
3356 2290 3428 2345 de
3449 2307 3508 2346 re
3529 2291 3774 2365 contigit

363 2373 1272 2448 amplissimecandidissimeque
1293 2373 1642 2443 perscriptas
1660 2373 1732 2426 ad
1755 2377 2018 2443 posteros
2128 2394 2157 2423 «
2188 2378 2252 2428 ut
2282 2389 2530 2444 pennam
2563 2374 2631 2428 ad
2667 2374 3042 2430 scribendum
3077 2375 3295 2432 inrecto
3353 2393 3465 2434 usu
3524 2380 3772 2438 retinere

359 2464 777 2521 transmiserit.
812 2462 1015 2517 Paucis
1037 2461 1236 2518 omnia
1257 2460 1702 2532 complectimur
1729 2477 1742 2514 :
1770 2459 1867 2516 ille
1892 2460 2018 2532 ipse
2129 2483 2156 2512 «
2191 2477 2656 2526 consuescerem,
2689 2479 2794 2517 nec
2823 2468 3023 2540 postea
3052 2464 3123 2518 ab
3157 2464 3275 2520 ullo
3307 2466 3548 2523 docente
3597 2482 3774 2541 super

363 2558 704 2626 Anonymus
735 2550 1200 2623 Ratisponensis,
1225 2551 1394 2620 cujus
1422 2550 1885 2605 libellumdesuis
1907 2554 2020 2604 ten-
2128 2571 2157 2598 «
2191 2550 2297 2604 hoc
2324 2550 2536 2621 corrigi
2561 2549 2834 2604 valerem.
2869 2550 3102 2606 Nimius
3132 2569 3388 2626 namque
3437 2571 3582 2611 usus
3641 2573 3773 2629 pro-

369 2643 688 2712 tationibus,
719 2642 880 2696 varia
905 2640 1132 2710 fortuna
1151 2647 1202 2694 et
1221 2640 1436 2709 scriptis
1459 2638 1713 2693 Joannes
1753 2637 2016 2693 Mabillo-
2130 2661 2158 2687 ‹‹
2190 2637 2384 2692 hibuit
2413 2654 2505 2693 me
2536 2639 2863 2695 emendare.
2897 2641 3058 2703 Quod
3090 2657 3222 2697 cum
3264 2643 3526 2698 viderent
3554 2643 3772 2716 plures,

364 2732 500 2788 nius
531 2747 598 2786 ex
630 2729 826 2786 codice
860 2727 1386 2783 Emmerammensi
1419 2727 1479 2782 in
1510 2731 1668 2782 tomo
1715 2726 2020 2782 Analecto-
2130 2748 2157 2776 «
2192 2727 2462 2781 dixerunt
2491 2744 2694 2783 omnes
2726 2745 3030 2800 nunquam
3062 2746 3153 2784 me
3188 2731 3333 2786 bene
3391 2733 3773 2804 scripturum.

365 2835 496 2876 rum
530 2835 563 2874 a
590 2835 722 2890 pag.
758 2818 858 2872 404
891 2817 950 2871 in
983 2816 1174 2872 lucem
1205 2815 1432 2882 extulit,
1465 2815 1560 2871 hic
1578 2821 1776 2871 noster
1819 2813 2018 2870 Othlo-
2134 2835 2160 2864 «
2190 2815 2301 2869 Sed
2331 2815 2499 2870 aliter
2527 2817 2717 2870 evenit
2745 2833 2814 2870 ex
2863 2817 3054 2888 gratia
3111 2818 3235 2884 Dei,
3295 2820 3448 2874 sicut
3503 2821 3778 2892 plurimis

365 2919 500 2977 nus,
534 2907 859 2963 monachus
890 2910 946 2962 et
986 2905 1250 2960 Decanus
1311 2905 1634 2976 imperialis
1680 2903 2019 2960 monasterii
2137 2925 2157 2953 α
2192 2906 2398 2958 notum
2426 2909 2532 2959 est.
2558 2905 2701 2959 Nam
2724 2921 2855 2959 cum
2885 2905 2942 2960 in
2967 2907 3212 2977 pueritia
3235 2907 3480 2980 ipsoque
3516 2913 3778 2983 tempore

365 3001 425 3052 S.
459 2995 879 3053 Emmerammi
910 2995 1038 3049 fuit.
1075 2995 1230 3049 Idem
1259 2994 1511 3064 conjecit
1545 2993 1779 3065 quidem
1804 2994 2019 3048 acutis-
2133 3013 2160 3041 «
2196 3008 2310 3062 quo
2339 2991 2540 3046 tabula
2574 2992 2716 3046 mihi
2750 2993 2886 3048 data
2916 2999 3006 3048 est
3051 3011 3186 3049 cum
3245 2995 3374 3051 aliis
3427 2996 3646 3068 pueris,
3704 2999 3776 3054 ad

365 3085 556 3143 simus
577 3085 950 3142 Mabil‘lonius
973 3084 1031 3138 in
1045 3069 1454 3138 Admonitione
1473 3082 1684 3154 praevia
1704 3082 1776 3137 ad
1799 3081 2019 3136 dictum
2133 3102 2160 3130 «
2194 3080 2534 3136 discendam
2567 3081 2915 3152 scripturam
2965 3083 3194 3139 viderer
3242 3083 3461 3155 aliquid
3525 3087 3779 3143 scribere

364 3178 756 3248 Anonymum,
790 3172 936 3228 nihil
968 3177 1165 3228 tamen
1207 3170 1366 3227 certi
1409 3169 1786 3242 pronuntiare
1842 3186 2022 3225 ausus
2139 3169 2750 3234 «nosse,miraculum
2774 3186 2888 3224 non
2912 3187 3154 3242 parvum
3178 3173 3399 3244 praebui
3423 3174 3774 3230 videntibus.

365 3269 474 3332 est,
506 3281 623 3320 non
653 3261 796 3319 visis
832 3261 1128 3330 omnibus,
1161 3277 1288 3332 quae
1319 3276 1354 3314 a
1387 3276 1448 3315 se
1480 3260 1637 3315 edita
1668 3259 1848 3314 fuisse
1870 3273 2021 3313 com-
2131 3280 2158 3307 ‹‹
2193 3257 2412 3312 Deinde
2437 3274 2570 3313 vero
2605 3275 2716 3313 non
2751 3263 2881 3330 post
2913 3258 3152 3331 longum
3185 3265 3420 3333 tempus
3460 3267 3580 3318 tam
3630 3264 3780 3319 bene

366 3355 655 3408 memorat
671 3347 1361 3422 Anonymus,opusculis,
1379 3348 1701 3420 praesertim
1718 3349 2024 3419 Dialogode
2053 3395 2100 3459 B
2131 3368 2160 3397 «
2193 3347 2446 3402 scribere
2477 3347 2645 3418 coepi,
2679 3353 3024 3419 tantumque
3055 3349 3325 3404 affectum
3350 3352 3420 3406 ad
3444 3351 3553 3407 hoc
3574 3351 3774 3418 habui,

366 3450 396 3459 .,
432 3442 462 3459 οι
527 3457 542 3459 ᾼ
610 3439 987 3459 .μΑ,-λ9-.μ.·ιη-
1021 3439 1071 3459 ξ..
1151 3454 1256 3459 ξ---
1321 3449 1609 3459 __----_--_-.-
1674 3441 1721 3459 ,ι
1767 3453 1926 3459 --_-...
1971 3441 2019 3459 ,Δ
2155 3456 2161 3459 .
2196 3439 2254 3459 --ι
2290 3440 2339 3459 ,ι
2373 3436 2427 3459 ε..
2464 3435 2585 3459 1,-..
2621 3435 2717 3459 ιιι..
2781 3452 2888 3459 ---Α
2922 3435 3055 3459 L_l.'_
3096 3436 3264 3459 .‘l:.l!-£
3320 3438 3375 3459 :J
3414 3443 3495 3459 --Α
3545 3439 3598 3459 :__
3670 3453 3740 3459 ,μ

362 3442 544 3497 tribus
601 3439 992 3511 quastionibus
1020 3439 1079 3493 in
1147 3454 1261 3509 quo
1315 3449 1615 3509 personam
1670 3441 1725 3493 et
1764 3453 1930 3492 suam
1966 3441 2024 3492 et
2053 3435 2100 3459 υ
2135 3456 2161 3486 ‹‹
2196 3439 2259 3488 ut
2287 3440 2344 3489 et
2373 3436 2433 3489 in
2464 3435 2588 3489 loco
2621 3435 2745 3502 illo,
2778 3452 2891 3506 quo
2922 3435 3063 3490 talia
3091 3436 3286 3501 didici,
3320 3438 3376 3491 id
3408 3443 3499 3493 est
3545 3439 3604 3492 in
3663 3453 3775 3494 cce-

355 3530 610 3585 Henrici
642 3528 905 3584 monachi
937 3526 1252 3599 Augiensis
1282 3526 1627 3598 patefecisse
1674 3541 1736 3581 se
1796 3525 2019 3580 scribit.
2132 3546 2161 3573 «
2194 3523 2366 3578 nobio
2399 3524 2720 3595 Tegernsee
2753 3523 2928 3588 dicto,
2963 3523 3177 3578 multos
3199 3524 3380 3580 libros
3404 3527 3774 3597 scripsissem

362 3619 486 3675 Sed
522 3618 789 3683 omne,si
820 3616 973 3688 quod
1005 3631 1134 3670 esse
1166 3615 1374 3686 potuit,
1428 3614 1676 3669 dubium
1732 3613 2023 3669 sustulere
2135 3634 2162 3662 «
2193 3616 2250 3667 et
2303 3612 2361 3665 in
2422 3610 2724 3666 Franciam
2785 3612 3143 3682 (Orientalem
3211 3629 3309 3668 seu
3392 3615 3776 3689 Franconiam)

364 3709 485 3762 duo
514 3705 776 3777 insignes
809 3721 986 3760 manu
1007 3703 1222 3759 exarati
1254 3703 1502 3772 codices,
1528 3702 1700 3757 ambo
1733 3702 2022 3773 quingen-
2131 3721 2160 3749 «
2192 3699 2514 3755 translatus
2543 3699 2732 3754 adhuc
2765 3715 2930 3771 puer,
2962 3700 3160 3770 ibique
3191 3699 3250 3754 in
3301 3704 3533 3756 tantum
3592 3702 3779 3760 multa

360 3802 562 3852 torum
593 3809 1162 3865 annorum,qu0rum
1187 3807 1371 3846 unum
1395 3791 1454 3846 in
1481 3789 1833 3846 bibliotheca
1856 3795 2022 3845 Lam-
2132 3811 2160 3839 «
2195 3789 2504 3843 scribendo
2536 3788 2916 3855 laborassem,
2941 3794 3004 3843 ut
3034 3789 3169 3844 inde
3197 3789 3428 3846 rediens
3470 3807 3617 3863 pene
3647 3793 3778 3849 visu

364 3883 605 3940 bacensi
640 3883 812 3950 in-40,
845 3880 1091 3937 alterum
1133 3881 1193 3936 in
1253 3879 1730 3935 Sanct-Crucensi
1787 3878 2022 3934 in-folio
2131 3901 2159 3926 «
2195 3877 2453 3949 privatus
2475 3877 2971 3942 fuissem—Quae
2992 3877 3143 3944 ideo,
3169 3900 3197 3926 ››
3222 3879 3528 3950 subjungit
3577 3879 3776 3936 Othlo-

364 3973 717 4045 reperimus,
749 3972 808 4026 in
843 3971 1058 4042 quibus
1087 3969 1184 4026 ille
1211 3968 1503 4041 Dialogus,
1528 3967 2021 4040 expressisintor-
2131 3983 2264 4032 nus,
2297 3988 2325 4015 ‹‹
2359 3967 2616 4037 proferre
2646 3966 2894 4034 decrevi,
2929 3970 2993 4021 ut
3049 3965 3280 4038 aliquos
3341 3968 3647 4024 incitarem
3704 3970 3779 4025 ad

358 4061 698 4117 locatorum
735 4060 1095 4126 nominibus,
1129 4057 1361 4114 Henrici
1394 4057 1663 4112 videlicet
1685 4061 1742 4112 et
1763 4055 2018 4125 Othloni,
2131 4077 2159 4104 «
2193 4053 2446 4110 similem
2477 4055 2748 4109 affectum
2773 4054 3097 4123 laborandi,
3122 4057 3492 4128 gratiamque
3522 4058 3778 4129 Dei,qum

357 4155 744 4206 conservatus
774 4153 884 4204 est.
922 4147 991 4203 Ut
1016 4147 1158 4203 adeo
1191 4145 1336 4200 nihil
1383 4146 1599 4201 certius
1652 4161 1780 4202 esse
1835 4145 2023 4217 possit
2136 4165 2158 4194 α
2192 4147 2357 4198 tanta
2387 4142 2527 4197 mihi
2558 4143 2844 4199 beneﬁcia
2875 4143 3140 4214 przebuit,
3173 4144 3305 4200 aliis
3355 4163 3622 4214 narrans,
3677 4162 3775 4203 eos

359 4255 546 4312 quam
579 4240 953 4310 Anonymum
977 4235 1142 4291 illum
1167 4235 1653 4307 Ratisponensem
1679 4235 1754 4290 De
1773 4236 2023 4291 tentatio-
2132 4254 2159 4282 ‹‹
2189 4232 2262 4287 ad
2294 4231 2793 4304 magniﬁcandam
2824 4232 3090 4287 eamdem
3121 4233 3368 4304 gratiam
3400 4235 3498 4290 Dei
3549 4251 3778 4292 mecum

358 4329 546 4398 nibus,
578 4329 733 4382 varia
762 4329 989 4398 fortuna
1042 4332 1096 4380 et
1152 4325 1370 4395 scriptis
1424 4326 1540 4378 suis
1598 4339 1632 4378 a
1689 4322 2020 4379 Mabillonio
2132 4343 2159 4371 «
2191 4321 2441 4377 traham.
2477 4342 2505 4370 »
2540 4321 2607 4375 Et
2639 4321 2893 4391 profecto
2925 4325 3013 4376 tot
3042 4321 3342 4378 volumina
3358 4325 3594 4393 juvenis
3641 4324 3778 4380 dili-

361 4417 932 4489 evulgatum,unum
953 4413 1342 4484 eamdemque
1365 4428 1491 4468 esse
1513 4411 2019 4483 atqueOthlonum
2128 4410 2511 4484 gentissimus
2541 4409 2909 4480 conscripsit,
2945 4415 3026 4477 ut,
3063 4410 3173 4466 nisi
3195 4411 3318 4483 ipse
3348 4413 3458 4468 sub
3495 4413 3670 4469 finem
3702 4415 3782 4470 oi-

363 4505 732 4561 monacbum
759 4505 1375 4558 Emmerammensem.
1400 4500 1599 4572 Itaque
1619 4501 1719 4571 qui
1741 4502 1869 4572 ejus
1891 4501 2018 4555 vitae
2129 4500 2232 4556 tati
2261 4499 2395 4554 libri
2427 4499 2659 4570 singula
2689 4505 3034 4568 recenseret,
3070 4516 3240 4555 nemo
3273 4501 3441 4557 facile
3491 4507 3555 4556 ut
3583 4504 3781 4559 credat

361 4595 679 4651 historiam
713 4609 885 4648 nosse
916 4592 1097 4664 cupit,
1131 4590 1374 4646 citatum
1405 4594 1630 4645 tomum
1661 4588 2022 4644 4Analecto-
2129 4589 2395 4644 animum
2429 4592 2625 4659 posset
2653 4588 2946 4642 inducere.
2982 4590 3255 4653 Quasdam
3289 4591 3399 4661 ipsi
3450 4590 3508 4644 in
3567 4590 3778 4646 biblio-

360 4701 502 4740 rum
535 4681 857 4738 Mabillonii
883 4680 1123 4744 evolvat.
1156 4679 1236 4734 Ne
1265 4684 1460 4735 tamen
1493 4679 1711 4750 quibus
1746 4678 2020 4734 Analecta
2129 4678 2300 4734 theca
2324 4675 2742 4748 Tegernseensi
2761 4681 2818 4732 et
2843 4677 3364 4732 Emmerammensi
3389 4678 3780 4750 spectavimus

360 4775 435 4829 ad
475 4788 722 4827 manum
756 4787 872 4825 non
905 4773 1062 4834 sunt,
1094 4768 1242 4823 nihil
1273 4769 1344 4823 de
1373 4767 1608 4823 Othloni
1637 4769 1754 4823 vita
1794 4768 2027 4824 dedisse
2057 4763 2098 4829 C
2137 4767 2194 4822 in
2229 4783 2439 4821 manus
2470 4771 2527 4820 et
2556 4765 2878 4820 litterarum
2911 4765 3257 4837 elegantiam
3297 4769 3354 4821 et
3408 4768 3778 4824 accuratissi-

357 4862 697 4926 videamur,
731 4875 802 4914 en
834 4859 964 4929 ejus
993 4856 1173 4912 veluti
1190 4855 1502 4928 epitomen.
1524 4855 1728 4910 Editus
1750 4856 1808 4910 in
1832 4855 2022 4912 lucem
2133 4871 2291 4912 mam
2322 4855 2842 4910 conformationem
2875 4854 3065 4909 deﬁxi.
3101 4857 3385 4911 Caeterum
3417 4856 3706 4914 Othlonus
3750 4873 3781 4913 θ

359 4952 480 5006 fuit
510 4947 799 5004 Othlonus
831 4948 985 5002 circa
1015 4960 1238 5001 annum
1270 4946 1428 5014 1013,
1465 4945 1521 4999 in
1555 4945 1787 5001 dioecesi
1814 4944 2025 5001 Frisin-
2133 4943 2376 4999 Francia
2406 4958 2670 4998 reversus
2702 4937 2874 5013 paulo
2906 4947 3039 5014 post
3061 4943 3387 4999 liberalium
3423 4945 3637 5001 artium
3668 4946 3784 5002 dis-

361 5036 560 5111 gensi,
581 5040 647 5091 ut
677 5051 746 5090 ex
775 5035 950 5090 variis
975 5034 1327 5106 scriptorum
1350 5032 2021 5105 ejuslocisintelligitur.
2136 5032 2367 5106 ciplinis
2399 5047 2459 5086 se
2508 5031 2894 5086 imbuendum
2955 5032 3254 5104 magistris
3313 5035 3580 5106 praebuit,
3639 5037 3782 5092 adeo

369 5124 685 5198 Ingenium
718 5123 905 5180 docile
935 5139 1001 5178 ac
1034 5123 1201 5178 facile
1234 5127 1440 5177 nactus
1467 5138 1500 5176 a
1548 5123 1737 5193 prima
1779 5122 2027 5193 pueritia
2137 5120 2533 5178 annuentibus
2563 5121 2743 5175 Musis
2773 5125 2835 5175 ut
2863 5121 3438 5177 contentionislaude
3469 5139 3671 5181 omnes
3695 5127 3784 5180 so-

360 5213 694 5286 singularis
723 5210 1572 5283 diligentiaeSpeciminadedit,
1597 5215 1780 5266 artem
1803 5211 2027 5266 litteras
2136 5208 2296 5265 dales
2328 5208 2494 5264 facile
2541 5209 2808 5264 anteiret.
2864 5209 3111 5264 Poeticis
3167 5211 3477 5282 precipue,
3539 5216 3603 5266 ut
3660 5212 3785 5284 ipse

356 5303 669 5374 eleganter
691 5299 969 5373 pingendi
990 5301 1115 5355 sine
1134 5299 1401 5371 magistri
1432 5316 1538 5370 ope
1570 5299 2028 5354 acinstitutione
2136 5302 2407 5364 testatur,
2492 5297 2907 5368 delectabatur,
2977 5299 3332 5376 ardebatque
3393 5303 3552 5355 tanto
3609 5301 3785 5372 proti-

357 5392 594 5447 discere
625 5405 964 5463 aggressus.
1001 5387 1141 5443 Rem
1175 5388 1298 5460 ipse
1339 5387 1628 5442 Othlonus
1672 5387 1731 5441 in
1774 5387 1922 5442 libro
1951 5389 2030 5442 De
2139 5388 2327 5443 ciendi
2361 5391 2523 5455 aestu,
2559 5391 2622 5441 ut
2655 5391 2833 5442 Deum
2879 5391 3215 5442 constanter
3271 5392 3497 5460 rogaret
3554 5393 3620 5445 ut
3672 5388 3786 5447 sibi

361 5481 768 5536 cantationibus
791 5483 841 5533 et
867 5479 1086 5548 scriptis
1105 5479 1220 5533 suis
1239 5476 1295 5532 in
1319 5476 1473 5532 hunc
1494 5477 1734 5532 modum
1757 5481 2026 5534 enarrat:
2144 5501 2171 5530 «
2201 5476 2394 5532 locum
2427 5480 2748 5548 praestaret,
2781 5476 2840 5530 in
2871 5492 2985 5548 quo
3029 5475 3254 5548 copiam
3312 5477 3552 5534 haberet
3609 5477 3786 5534 libro-

359 5592 390 5620 α
427 5569 579 5625 Cum
621 5583 833 5640 parvus
863 5565 1458 5638 scholaridiscipllnae
1479 5565 1736 5621 traditus
1757 5565 2028 5638 fuissem,
2143 5585 2296 5622 rum.
2330 5588 2358 5617 »
2418 5567 2558 5621 Inde
2616 5582 2646 5620 e
2705 5565 2920 5622 scholis
2975 5581 3246 5638 egressus
3278 5564 3530 5623 clericali
3562 5565 3784 5623 militia

357 5681 391 5715 κ
422 5656 778 5734 litteraeqm
805 5655 1068 5714 celeriter
1096 5655 1461 5728 didicissem,
1487 5655 1632 5732 coepi
1662 5656 1838 5714 etiam
1861 5655 2033 5738 longe
2066 5673 2079 5685 δ
2142 5656 2432 5732 ascriptus
2460 5656 2568 5723 est,
2604 5657 2765 5728 patre
2816 5652 3004 5711 filium
3065 5652 3341 5730 opulento
3397 5654 3630 5713 cuidam
3688 5669 3786 5712 sa-

661 5787 922 5849 Ρλτιιοι.
973 5781 1228 5852 CXLVI.

3474 5783 3611 5870 ζ’
