4114 6184
360 321 429 387 11
1280 326 1697 390 OTHLONUS
1742 324 2173 389 MONACHUS
2221 325 2283 385 S.
2329 322 2843 387 EMMERAMMI.
3690 321 3765 384 12

361 460 618 516 cerdotio
650 459 980 529 devovente,
1010 460 1119 516 Sed
1154 461 1438 517 Othlonus
1499 482 1526 513 α
1577 460 1853 517 libentius
1919 460 2007 515 in-
2036 462 2085 528 Α
2122 482 2149 507 ‹‹
2182 457 2415 513 illorum
2448 458 2746 531 petitione,
2780 458 2996 529 quibus
3029 456 3279 538 scribere
3306 454 3473 528 coepi,
3515 456 3585 512 ad
3619 456 3764 513 scri-

357 554 448 605 ter
477 550 771 606 studiosos
804 566 1066 621 quosque
1096 555 1152 605 et
1191 551 1478 607 doctiores
1527 550 1764 606 clericos
1822 566 1999 622 quam

357 638 512 694 inter
566 638 812 694 villanos
870 640 1084 694 versari
1144 656 1294 711 saepe
1346 640 1735 697 desiderabat.
1784 662 1805 689 κ
1867 640 2000 703 Quin

355 727 645 783 desideria
688 732 745 783 et
796 727 1039 783 consilia
1097 734 1161 783 ut
1218 730 1569 800 quantocius
1625 728 1880 800 expleret
1936 744 2001 783 ac

354 822 766 887 exsequeretur
793 816 1065 872 stimulos
1096 816 1145 871 ei
1177 818 1405 872 addidit
1436 816 1788 890 permolesta
1844 833 1999 889 qua:-

357 905 491 958 dam
523 920 658 960 cum
688 905 1054 961 Werinhario
1088 906 1635 978 archipresbyterio,
1681 928 1708 955 ‹‹
1772 907 1829 959 in
1882 904 2003 977 epi-

355 998 598 1066 scopatu
622 993 979 1065 Frisingensi
998 995 1509 1066 praestantissimo,
1538 1017 1565 1044 ››
1590 994 2001 1061 controversia,

356 1099 534 1154 quam
563 1081 686 1154 ipse
728 1084 787 1137 in
849 1082 990 1139 libro
1052 1084 1348 1151 Visz'onum,
1404 1084 1625 1140 visione
1654 1086 1707 1150 3,
1768 1083 1881 1138 late
1940 1098 2004 1137 ac

358 1176 556 1243 aperte
585 1172 879 1227 denarrat.
910 1178 959 1225 Α
991 1188 1107 1243 qua
1137 1177 1204 1227 ut
1233 1189 1293 1228 se
1324 1174 1641 1245 expediret,
1680 1194 1708 1223 ‹‹
1763 1171 2002 1238 relictis,

362 1280 390 1309 ‹‹
420 1260 521 1325 ait,
551 1261 620 1315 ad
642 1265 874 1332 tempus
897 1261 1043 1315 meis
1066 1261 1361 1329 omnibus,
1387 1263 1611 1333 perrexi
1632 1262 1706 1316 ad
1734 1260 2006 1331 Ratispo-

360 1371 387 1397 «
422 1364 560 1403 nam
590 1348 905 1419 civitatem,
939 1349 1139 1420 ibique
1171 1350 1568 1405 Burchardum
1607 1349 2005 1405 venerandum

358 1459 387 1485 «
421 1437 691 1492 abbatem
723 1438 968 1493 coanobii
1002 1439 1059 1493 S.
1094 1439 1506 1493 Emmerammi
1531 1454 1634 1510 pro
1666 1437 1779 1491 mei
1809 1452 2006 1491 susce-

359 1548 389 1575 «
422 1525 617 1597 ptione
647 1543 881 1598 rogans,
913 1528 1024 1580 cito
1048 1526 1351 1597 impetravi
1382 1531 1604 1598 rogata,
1638 1542 1741 1597 pro
1764 1542 1829 1581 eo
1856 1525 2007 1581 scili-

365 1634 387 1663 ι
420 1619 509 1669 cet
544 1615 697 1685 quod
719 1612 964 1669 coenobii
986 1616 1249 1683 ejusdem
1271 1615 1541 1669 monachi
1572 1616 2006 1687 profectuosum

364 1725 385 1752 ι
421 1702 535 1757 sibi
566 1704 685 1757 fore
714 1703 1151 1758 arbitrabantur
1180 1720 1375 1758 meum
1408 1704 1557 1758 scire
1580 1703 1642 1758 in
1696 1703 2006 1759 scribendo

365 1811 387 1840 ι
417 1791 506 1847 vel
537 1792 594 1847 in
627 1793 887 1847 docendo
901 1792 1211 1847 canonicos
1230 1791 1541 1863 quoslibet.
1567 1792 1843 1848 »Ρτωῖυῆ
1867 1794 2008 1847 Bur-

355 1880 630 1951 chardus,
664 1898 733 1935 ex
762 1884 1113 1937 monasterio
1135 1882 1333 1955 Augisa
1366 1882 1571 1937 Divitis
1602 1883 1673 1937 ad
1707 1882 2003 1937 abbatiam

356 1970 955 2026 Emmerammensem
980 1976 1345 2043 assumptus,
1381 1972 1452 2026 ab
1483 1988 1635 2026 anno
1664 1972 1799 2025 1030
1821 1986 2006 2041 usque

358 2058 432 2112 ad
466 2058 600 2112 1037
627 2058 736 2113 sub
763 2074 878 2130 quo
908 2060 1172 2114 omnium
1205 2059 1315 2115 loci
1346 2076 1610 2115 censuum
1640 2069 1693 2115 et
1731 2060 2008 2113 redituum

358 2146 643 2217 descriptio
674 2147 825 2202 facta
867 2153 955 2203 est
1010 2165 1162 2203 anno
1221 2150 1377 2214 1031,
1436 2148 1687 2203 Arnoldo
1746 2166 1847 2203 seu
1900 2150 2005 2202 Ar-

360 2234 596 2307 nolpho,
612 2252 680 2291 ex
700 2236 913 2292 comite
934 2237 1219 2292 monacho
1243 2242 1299 2293 et
1317 2238 1625 2310 praposito
1647 2236 1879 2309 singula
1899 2237 2008 2291 dis-

360 2324 625 2395 quirente,
658 2341 836 2396 quam
871 2326 1156 2398 integram
1191 2326 1370 2381 habes
1420 2326 1665 2397 hujusce
1720 2326 2005 2381 Thesauri

361 2418 503 2469 tom.
534 2414 577 2483 Ι,
609 2420 754 2484 part.
784 2430 866 2484 ιιι,
900 2413 1005 2469 col.
1040 2415 1130 2468 67.
1162 2415 1283 2469 Sub
1304 2416 1508 2471 eodem
1531 2416 1863 2470 Burchardo
1885 2420 2006 2469 stu-

362 2502 460 2557 dia
490 2502 723 2574 pietatis
742 2508 797 2558 et
818 2502 1144 2559 litterarum
1163 2504 1391 2576 egregie
1418 2505 1476 2560 in
1496 2504 1849 2560 monasterio
1873 2506 2003 2558 Em-

361 2593 776 2648 merammensi
810 2592 1077 2648 ﬂoruisse
1110 2609 1243 2647 mox
1290 2599 1650 2648 memoratus
1710 2592 2003 2647 Arnoldus

359 2680 746 2752 gravissimus
776 2681 941 2736 testis
971 2686 1081 2747 est,
1115 2682 1217 2754 qui
1247 2699 1381 2738 eum
1414 2706 1442 2733 ‹‹
1473 2683 1575 2738 tali
1598 2682 1723 2737 loco
1747 2684 2004 2738 destina-

358 2774 487 2824 tum
518 2786 646 2825 esse
674 2769 771 2839 ait,
806 2770 864 2823 in
899 2787 1013 2843 quo
1044 2771 1327 2827 hactenus
1350 2772 1497 2843 ipso,
1522 2773 1774 2827 donante
1796 2776 1852 2827 et
1871 2787 2005 2825 san-

358 2858 626 2915 ctissima
654 2859 889 2931 Virgine
917 2862 1095 2915 Maria
1119 2861 1449 2931 adjuvante,
1483 2862 1785 2916 abundant
1808 2860 2006 2914 Patres

359 2952 419 3003 et
446 2948 654 3003 fratres
672 2948 790 3003 sive
812 2949 966 3019 apud
991 2949 1198 3017 Deum,
1220 2950 1338 3005 sive
1369 2951 1522 3021 apud
1546 2950 1821 3005 saeculum
1843 2948 2010 3005 valde

359 3036 605 3091 nobiles.
637 3058 667 3086 »
701 3038 829 3108 [pse
859 3036 1147 3093 Othlonus
1179 3039 1237 3092 in
1269 3038 1369 3091 lib.
1396 3039 1472 3094 De
1487 3039 1878 3093 tentationibus
1893 3040 2008 3093 suis

359 3129 629 3193 testatur,
655 3148 682 3175 «
717 3126 776 3180 in
799 3142 863 3181 eo
893 3125 1038 3193 loco,
1064 3142 1177 3196 quo
1199 3131 1365 3194 (anno
1400 3127 1555 3197 1032)
1582 3128 1901 3182 monachus
1924 3128 2009 3181 fa-

2039 1842 2086 1907 B

2114 571 2142 599 ‹‹
2175 548 2453 603 bendum.
2490 570 2517 597 ››
2547 549 2673 604 Haec
2696 549 2819 620 ipse
2841 547 3150 613 Othlonus,
3185 546 3282 618 qui
3315 546 3453 619 quid
3477 546 3763 613 sibi,dum

2113 638 2427 709 quemdam
2451 638 2875 708 discipulorum
2900 637 3093 692 acrius
3110 636 3475 709 castigasset,
3491 636 3764 704 evenerit,

2111 726 2171 781 in
2205 727 2347 781 libro
2383 728 2696 795 Visionum,
2730 727 2953 783 visione
2985 726 3174 796 tertia,
3200 725 3499 795 describit,
3520 726 3674 797 quod
3698 726 3769 780 iis

2112 831 2426 886 puerorum
2465 816 2764 887 magistris
2788 816 2990 870 terrori
3014 830 3142 870 esse
3176 815 3378 887 possit,
3414 815 3514 885 qui
3538 813 3768 869 nullum

2111 905 2170 958 in
2200 904 2512 975 puniendis
2533 906 2871 960 eorumdem
2898 906 3103 959 erratis
3128 905 3367 959 modum
3391 920 3619 959 servare
3638 919 3769 961 con.

2113 998 2446 1048 sueverunt.
2472 993 2636 1048 Circa
2667 1011 2886 1048 annum
2918 996 3052 1047 1055
3074 994 3377 1049 decaniam
3403 994 3763 1048 Emmeram-

2113 1084 2333 1138 mensis
2357 1086 2697 1139 monasterii
2718 1084 3149 1139 administravit
3170 1084 3227 1137 in
3243 1100 3358 1154 qua
3381 1106 3408 1131 ‹‹
3436 1084 3644 1138 abbate
3662 1084 3766 1138 Re-

2115 1194 2143 1221 ‹‹
2177 1172 2462 1243 ginhardo
2496 1190 2608 1228 non
2631 1174 2800 1242 juxta
2829 1173 3039 1244 regulze
3069 1178 3280 1227 sancta:
3310 1173 3598 1239 instituta,
3662 1172 3764 1227 sed

2116 1283 2144 1309 ‹‹
2164 1262 2486 1315 secundum
2507 1262 2759 1332 episcopi
2782 1267 3157 1333 praeceptum,
3189 1260 3274 1316 vel
3292 1262 3596 1331 juniorum
3620 1275 3762 1331 quo-

2116 1371 2145 1399 «
2164 1350 2435 1405 rumdam
2450 1351 2722 1405 affectum
2746 1351 2999 1421 plurima
3020 1350 3158 1405 illuc
3180 1350 3544 1421 disponente,
3565 1348 3761 1403 Othlo-

2121 1458 2149 1487 ‹‹
2170 1438 2534 1509 nusjugiter,
2556 1442 2843 1509 quantum
2867 1439 3075 1509 potuit,
3100 1437 3402 1509 praeceptis
3426 1436 3763 1507 hujusmodi

2116 1548 2145 1574 ‹‹
2180 1527 2507 1581 consentire
2538 1527 2739 1581 noluit.
2775 1528 2897 1590 Qua
2927 1528 2997 1581 de
3030 1544 3088 1581 re
3119 1528 3269 1581 inter
3289 1527 3485 1598 ipsum
3509 1533 3565 1581 et
3584 1527 3761 1581 abha-

2120 1636 2148 1663 ‹‹
2178 1620 2295 1669 tem
2329 1616 2621 1670 discordia
2653 1632 2866 1687 magna
2896 1621 3094 1671 exorta
3123 1622 3231 1683 est,
3266 1632 3399 1670 cum
3424 1631 3611 1685 neque
3668 1613 3764 1669 ille

2118 1720 2243 1771 sua,
2279 1721 2383 1759 nec
2414 1721 2517 1776 ego
2545 1706 2729 1774 (verba
2760 1705 2981 1760 Othloni
3008 1712 3139 1759 sunt
3167 1721 3235 1759 ea:
3264 1704 3449 1757 [ιιιΒο
3514 1702 3761 1770 νιειοΝη

2122 1814 2143 1840 οι
2179 1794 2385 1847 visione
2414 1795 2488 1863 li),
2524 1810 2652 1848 mea
2682 1798 2813 1847 vota
2843 1800 3069 1848 mutare
3098 1792 3325 1848 vellem.
3358 1797 3583 1847 Interea
3631 1805 3763 1845 vero

2120 1902 2148 1929 «
2180 1898 2331 1952 sezpe
2361 1899 2463 1953 per
2494 1882 2926 1952 memetipsum,
2961 1898 3109 1953 saepe
3140 1897 3242 1953 per
3282 1880 3427 1935 alios
3472 1878 3637 1934 illum
3672 1895 3762 1934 ro-

2118 1992 2146 2017 «
2174 1987 2341 2040 gans,
2376 1976 2440 2024 ut
2470 1972 2812 2041 quiamores
2840 1971 2952 2024 mei
2978 1969 3342 2025 sibiomnino
3366 1968 3760 2038 displicerent,

2123 2079 2145 2106 α
2180 2075 2272 2113 me
2302 2076 2336 2113 a
2365 2060 2607 2114 decania
2638 2060 2953 2115 commissa
2982 2060 3323 2125 absolveret,
3360 2074 3465 2113 nec
3496 2058 3603 2112 hoc
3661 2074 3763 2129 per

2117 2170 2145 2197 «
2179 2154 2442 2219 tempora
2462 2149 2647 2203 multa
2671 2149 2931 2203 obtinere
2952 2149 3127 2203 valui.
3155 2148 3314 2203 Unde
3342 2148 3559 2202 factum
3588 2153 3675 2201 est
3694 2150 3760 2199 ut

2120 2258 2147 2285 ‹‹
2178 2238 2315 2307 quia
2346 2238 2507 2292 nulla
2536 2238 2687 2309 apud
2722 2253 2857 2291 eum
2890 2239 3201 2308 impetrare
3231 2236 3413 2308 potui,
3452 2235 3571 2291 zelo
3631 2234 3760 2306 plus

2116 2348 2143 2375 ‹‹
2168 2326 2332 2396 justo
2362 2328 2573 2381 ductus
2595 2344 2801 2397 aspera
2824 2329 3173 2397 incauteque
3194 2326 3346 2381 dicta
3366 2326 3629 2396 quaedam
3682 2325 3761 2379 ita

2122 2434 2143 2462 α
2179 2423 2380 2469 contra
2400 2432 2533 2469 eum
2558 2422 2968 2486 prol'errem,ut
2991 2432 3080 2469 me
3103 2431 3336 2484 quoque
3360 2413 3759 2469 meledictione

2115 2526 2143 2552 «
2179 2510 2599 2559 connecterem.
2625 2527 2651 2554 ››
2679 2506 2859 2569 Quem
2884 2504 3165 2575 impetum
3198 2503 3379 2557 animi
3400 2519 3516 2573 qua
3538 2502 3761 2556 ratione

2114 2592 2287 2645 luerit
2314 2591 2437 2663 lege
2466 2594 2699 2647 citatam
2733 2592 3027 2647 Visnonem
3061 2598 3352 2662 quartam,
3386 2609 3510 2662 qua:
3569 2591 3759 2662 gravi-

2115 2685 2230 2735 tate
2262 2698 2369 2735 sua
2399 2698 2602 2735 omnes
2638 2681 2786 2735 viros
2814 2681 3116 2751 religiosos
3150 2689 3498 2752 permoveat,
3534 2688 3596 2733 ut
3625 2680 3764 2734 vitia

2117 2787 2358 2825 suorum
2392 2774 2795 2841 prastectorum
2820 2769 3069 2825 terocius
3092 2776 3147 2824 et
3178 2768 3557 2840 impotentius
3588 2784 3659 2822 ne
3683 2770 3762 2822 fe-

2118 2866 2266 2913 rant.
2302 2860 2475 2913 Porro
2507 2865 2563 2913 et
2595 2860 2778 2929 poenis
2810 2859 2922 2913 sibi
2954 2858 3237 2912 divinitus
3278 2857 3516 2911 inﬂictis
3574 2872 3761 2910 emer-

2118 2963 2260 3018 gens
2283 2966 2434 3003 anno
2460 2949 2595 3001 1002
2611 2947 2853 3003 Fuldam
2872 2948 3129 3003 secessit.
3145 2967 3165 2994 α
3184 2946 3327 3000 Cum
3348 2946 3561 3011 enim,»
3576 2944 3766 3016 inquit

2120 3036 2179 3090 in
2202 3035 2301 3091 lib.
2331 3038 2403 3090 De
2433 3045 2584 3106 (ent,
2621 3053 2751 3108 pag.
2782 3038 2908 3103 441,
2943 3059 2962 3085 α
3002 3036 3419 3091 monasterium
3470 3040 3761 3101 nostrum,

2121 3149 2149 3177 ‹‹
2183 3126 2243 3180 in
2274 3127 2415 3181 urbe
2447 3126 2764 3181 Ratisbona
2795 3127 3197 3191 constitutum,
3247 3126 3407 3180 varia
3463 3125 3762 3195 episcopo-

361 3237 389 3265 «
424 3218 521 3269 tus
550 3220 659 3284 est,
694 3231 825 3269 cum
851 3214 1133 3286 plurimos
1155 3216 1396 3270 diversae
1420 3215 1718 3286 qualitatis
1737 3216 2004 3272 homines
2036 3208 2079 3275 C
2118 3237 2145 3264 (ι
2180 3232 2311 3269 rum
2338 3216 2737 3285 persecutione
2767 3216 2989 3270 destrui
3015 3216 3289 3282 viderem,
3316 3214 3510 3284 ibique
3533 3228 3635 3285 per
3655 3212 3763 3266 tri-

366 3325 388 3352 ι
419 3303 755 3371 invenisset,
786 3304 1069 3375 quosdam
1096 3304 1277 3359 libros
1310 3304 1545 3375 quidem
1568 3304 2011 3376 gentiles,quos~

369 3413 395 3444 α
420 3393 556 3449 dam
587 3409 719 3448 vero
750 3410 975 3448 sacram
998 3394 1357 3465 Scripturam
1381 3393 1659 3465 legentes,
1685 3410 1747 3449 se
1767 3395 2009 3466 coepisse

362 3504 391 3532 α
418 3480 551 3537 illos
573 3481 940 3537 solummodo
965 3483 1202 3553 imitari,
1230 3500 1377 3553 quos
1400 3483 1849 3538 videbatdivinaz
1873 3484 2013 3538 insi-

367 3593 395 3621 ‹‹
422 3574 569 3625 stere
592 3571 886 3626 lectioni.»
910 3572 1132 3635 Quibus
1149 3572 1331 3626 sacris
1348 3572 1557 3626 studiis
1579 3572 1720 3625 dum
1744 3589 1804 3625 se
1820 3578 2005 3627 totum

366 3658 653 3714 Othlonus
681 3661 994 3730 immergit,
1028 3659 1368 3714 incredibile
1394 3664 1483 3713 est
1514 3660 1571 3713 in
1596 3664 1865 3730 quantas,
1891 3678 2005 3715 ma-

365 3746 640 3802 chinante
665 3749 817 3802 malo
840 3748 1119 3817 daemone,
1144 3748 1491 3802 tentationes
1512 3752 1568 3802 et
1588 3747 1769 3801 animi
1789 3749 2008 3803 crucia-

362 3841 461 3892 tus
489 3836 774 3892 inciderit.
802 3841 1001 3891 Exstat
1030 3836 1187 3892 deiis
1210 3834 1526 3907 singularis
1555 3835 1719 3903 liber,
1744 3841 1809 3891 ut
1828 3854 2007 3909 supra

355 3926 482 3997 jam
515 3926 793 3993 diximus,
825 3943 858 3980 a
878 3926 1207 3980 Mabillonio
1229 3927 1441 3980 editus.
1472 3926 1749 3981 Eamdem
1773 3926 2007 3981 calami-

363 4021 553 4070 tatum
586 4031 827 4070 suarum
858 4014 1163 4069 historiam
1195 4014 1434 4069 totidem
1466 4014 1581 4069 fere
1628 4015 1818 4070 verbis
1876 4032 2003 4086 per-

363 4104 505 4159 texit
535 4104 594 4159 in
626 4103 772 4159 libro
802 4105 876 4159 De
904 4120 1069 4159 cursu
1097 4104 1406 4175 spirituali,
1440 4119 1473 4157 a
1501 4120 1627 4175 cap.
1667 4106 1760 4170 21,
1820 4121 2006 4175 usque

365 4192 437 4248 ad
467 4194 621 4260 26,et
648 4193 706 4247 in
738 4192 884 4247 libro
916 4194 1175 4248 metrico.
1214 4194 1283 4247 De
1318 4192 1569 4247 doctrina
1613 4194 1914 4264 spirituali,
1974 4210 2007 4248 a

363 4297 489 4353 cap.
518 4282 580 4335 14
599 4282 670 4336 ad
695 4282 1110 4337 19.0thlonum
1134 4281 1347 4339 scholis
1367 4283 2006 4340 Emmerammensibus

365 4370 698 4443 prafectum
726 4371 906 4426 fuisse
940 4371 1225 4427 discimus
1254 4388 1322 4426 ex
1350 4370 1451 4425 lib.
1494 4372 1569 4426 De
1616 4374 2004 4429 tentationibus

363 4460 500 4530 suis,
533 4474 664 4532 pag.
702 4460 825 4525 449,
850 4459 949 4513 ubi
982 4464 1289 4531 postquam
1324 4465 1639 4527 narrasset,
1676 4476 1737 4515 se
1766 4481 1787 4509 ι
1814 4479 1947 4517 mox
1973 4480 2005 4518 a

2118 3326 2147 3353 ‹‹
2180 3304 2342 3375 ginta
2372 3320 2555 3359 annos
2578 3304 2819 3358 meliora
2844 3321 3086 3375 sperans
3109 3304 3513 3371 subsisterem,
3535 3300 3760 3356 occulto

2119 3416 2146 3443 «
2181 3393 2527 3463 Deijudicio
2558 3399 2726 3465 longe
2759 3393 2925 3448 aliter
2964 3410 3137 3464 quem
3198 3407 3492 3463 sperarem
3547 3391 3757 3446 evenit.

2117 3505 2146 3533 «
2180 3482 2439 3547 Qualiter
2494 3488 2689 3537 autem
2748 3483 3063 3537 destructio
3130 3482 3402 3550 evenerit,
3460 3481 3597 3551 quia
3653 3495 3757 3534 nec

2125 3593 2150 3622 (ι
2185 3572 2431 3626 breviter
2456 3571 2699 3642 proferri
2730 3570 2898 3641 valet,
2929 3588 3031 3626 nec
3063 3572 3313 3641 ineptias
3333 3574 3525 3625 tantas
3548 3569 3643 3623 hic
3662 3584 3756 3623 ex-

2118 3680 2144 3707 «
2178 3676 2392 3729 ponere
2413 3659 2573 3725 libet,
2597 3661 2727 3714 aliis
2750 3660 3091 3731 proferenda
3112 3658 3396 3728 relinquo,
3415 3658 3519 3711 hoc
3534 3657 3755 3711 solum-

2121 3768 2143 3793 α
2178 3748 2351 3801 modo
2382 3764 2659 3803 enarrans
2682 3751 2819 3819 quia
2838 3764 2969 3802 cum
2994 3749 3277 3801 exteriora
3298 3744 3635 3800 monasterii
3658 3760 3755 3798 no-

2121 3855 2147 3886 ι
2177 3836 2282 3890 stri
2314 3840 2620 3893 commoda
2642 3838 2869 3909 penitus
2896 3836 3115 3890 destrui
3137 3836 3535 3902 sensissem,et
3554 3836 3756 3888 contra

2118 3947 2145 3973 ‹‹
2179 3923 2298 3978 haec
2331 3925 2411 3978 nil
2441 3926 2872 3996 praevaluissem
2901 3942 2915 3992 ;
2950 3926 3090 3995 quin
3124 3925 3239 3978 imo
3273 3942 3306 3979 a
3331 3923 3609 3977 fratribus
3630 3922 3757 3993 qui-

2116 4036 2143 4061 ‹‹
2179 4014 2427 4068 busdam
2445 4016 2781 4082 juvenibus,
2804 4014 3017 4083 quibus
3040 4014 3445 4085 displicebam,
3470 4012 3623 4082 apud
3642 4008 3759 4081 epi-

2120 4124 2147 4151 «
2178 4118 2419 4173 scopum
2443 4105 2970 4169 accusatus,varias
2992 4104 3344 4158 mihiminas
3362 4102 3432 4156 ab
3456 4100 3553 4155 illo
3577 4100 3759 4153 illius-

2122 4212 2148 4243 (ι
2177 4208 2289 4262 que
2319 4192 2707 4248 familiaribus
2730 4194 2821 4265 agi
2840 4195 3054 4265 saepius
3075 4194 3395 4258 audissem,
3420 4195 3558 4244 tunc
3578 4188 3761 4260 petita

2121 4303 2141 4329 α
2178 4282 2249 4335 ab
2264 4281 2737 4349 abbatelicentia,
2754 4284 2824 4336 ad
2845 4282 3267 4337 monasterium
3282 4280 3566 4335 Fuldense
3586 4276 3757 4349 quasi

2121 4390 2143 4420 ι
2182 4370 2292 4424 cito
2325 4387 2661 4425 reversurus
2692 4372 2935 4441 perrexi.
2970 4364 3383 4425 Verumtamen
3412 4385 3525 4423 non
3552 4367 3756 4422 dubito

2116 4481 2143 4507 «
2178 4459 2315 4529 quin
2334 4464 2560 4513 tantam
2582 4460 3033 4514 destructionem
3058 4474 3228 4513 nemo
3244 4459 3302 4512 in
3321 4472 3425 4512 nos
3439 4472 3609 4529 agere
3626 4472 3758 4527 pos-

364 4571 392 4598 «
426 4554 694 4621 suscepto
727 4549 1047 4603 monastico
1105 4548 1330 4617 habitu,
1388 4550 1779 4619 quorumdam
1838 4568 2004 4623 prece
2035 4576 2083 4641 D
2116 4570 2143 4597 «
2178 4553 2285 4615 set,
2322 4548 2433 4602 nisi
2461 4551 2617 4617 justo
2636 4547 2975 4617 Deijudicio
2997 4547 3367 4618 peccatisque
3398 4546 3613 4600 nostris
3639 4542 3759 4599 exi-

363 4660 391 4687 ‹‹
424 4638 743 4708 pulsatum,
770 4642 932 4692 tanto
954 4636 1167 4692 iterum
1192 4636 1483 4692 scribendi
1505 4638 1697 4693 studio
1719 4638 1899 4695 fuisse
1918 4657 2007 4695 oc-

366 4745 393 4777 ι
422 4732 718 4797 cupatum,
751 4731 813 4780 ut
830 4743 958 4781 raro
980 4725 1093 4781 nisi
1119 4725 1179 4779 in
1202 4725 1423 4781 festivis
1447 4726 1655 4783 diebus
1675 4733 1775 4783 aut
1797 4728 1854 4783 in
1873 4728 2002 4785 aliis

364 4836 392 4866 α
423 4814 582 4869 horis
600 4815 787 4869 incom
796 4816 1125 4886 petentibus
1143 4816 1214 4871 ab
1236 4815 1344 4871 hoc
1356 4833 1527 4888 opere
1541 4821 1999 4887 cessaret,»sub-

347 4904 567 4976 jungit,
598 4925 627 4953 «
651 4902 873 4961 interea
893 4904 1245 4959 successisse
1274 4909 1331 4959 et
1359 4905 1539 4961 alium
1570 4906 1999 4965 laborem.Nam

365 5012 386 5041 ι
422 5009 526 5064 pro
556 5007 643 5064 eo,
678 4993 777 5059 ait,
810 4992 966 5064 quod
999 4992 1211 5063 saepius
1242 4992 1451 5066 legere,
1486 5000 1588 5051 aut
1618 4998 2000 5065 scribere,aut

360 5100 389 5133 α
418 5081 637 5137 dictare
666 5080 923 5147 videbar,
957 5080 1439 5138 scholasticorum
1471 5100 1610 5139 cura
1646 5085 1793 5140 mihi
1840 5103 1995 5141 com-

355 5193 383 5221 (ι
406 5169 588 5225 missa
603 5173 718 5236 est;
742 5185 809 5223 ex
824 5168 1037 5239 quibus
1056 5170 1335 5225 nimirum
1358 5172 1632 5227 omnibus
1654 5174 1732 5228 ita
1756 5190 1859 5245 per
1874 5192 1996 5246 gra-

357 5281 385 5310 ‹‹
413 5261 556 5313 tiam
587 5257 685 5313 Dei
709 5258 1171 5328 constringebar,
1198 5265 1262 5313 ut
1292 5277 1442 5331 saepe
1464 5278 1676 5333 corpus
1699 5264 1878 5333 quieti
1898 5278 1997 5318 ne-

354 5370 383 5398 ‹‹
407 5348 671 5403 cessaris:
688 5362 802 5401 non
826 5346 1449 5418 permitterertradcre.
1466 5354 1725 5421 Cumque
1739 5352 1995 5406 dictandi

356 5458 378 5486 ι
415 5435 675 5490 studium
702 5436 1017 5504 inesset,ad
1047 5436 1154 5491 hoc
1168 5437 1488 5509 saepissime
1510 5454 1626 5493 non
1641 5438 1817 5493 habui
1850 5446 1995 5495 tem-

347 5546 377 5575 ‹‹
413 5540 547 5597 pus,
581 5524 694 5580 nisi
720 5523 779 5579 in
803 5525 1023 5580 festivis
1050 5526 1276 5595 diebus,
1304 5530 1404 5581 aut
1433 5526 1720 5595 noctibus,
1746 5529 1991 5585 constri-

348 5635 381 5695 ρ(
411 5618 542 5674 ctus
570 5613 838 5674 videlicet
856 5618 913 5673 et
933 5631 1248 5693 puerorum
1271 5631 1412 5674 cura
1441 5616 1511 5678 ad
1536 5616 1886 5695 docendum,
1937 5622 1993 5677 et

2119 4658 2147 4687 «
2178 4638 2449 4707 gentibus
2481 4636 2841 4708 permissus;
2876 4637 3031 4705 quod
3063 4637 3283 4690 scilicet
3311 4635 3515 4691 exinde
3564 4634 3758 4705 palam

2119 4749 2140 4776 ε
2176 4729 2349 4781 datur
2374 4726 2620 4798 intelligi
2639 4726 2776 4797 quia
2808 4726 3009 4796 inipso
3040 4724 3413 4779 discessionis
3444 4740 3582 4779 meae
3605 4738 3756 4777 anno

2117 4838 2145 4865 ‹‹
2176 4816 2278 4886 qui
2304 4823 2425 4870 erat
2456 4817 2528 4870 ab
2560 4814 2956 4870 incarnatione
2987 4814 3219 4869 Domini
3254 4815 3387 4867 1002
3427 4811 3756 4867 miserando

2118 4923 2139 4952 ι
2152 4920 2498 4975 semperque
2516 4904 2766 4977 lugendo
2790 4904 2922 4976 igne
2939 4905 3313 4958 combustum
3332 4906 3419 4957 est
3432 4899 3761 4956 cmnobium

2112 5015 2139 5043 ‹‹
2171 4998 2460 5048 nostrum.
2488 5016 2514 5042 »
2545 4997 2676 5047 Jam
2700 5010 2830 5048 vero
2855 5008 2969 5062 quo
2992 5008 3143 5045 anno
3169 4992 3546 5062 ltatisponam
3570 5005 3762 5044 rever-

2110 5100 2211 5137 sus
2237 5083 2332 5149 sit,
2359 5082 2567 5137 nullibi
2600 5087 2689 5137 sat
2714 5082 2865 5136 clare
2896 5081 3145 5150 explicat
3174 5079 3480 5136 Othlonus.
3507 5079 3567 5134 Si
3610 5078 3758 5133 ratio

2110 5171 2395 5226 habeatur
2424 5170 2840 5243 opusculorum
2872 5176 2929 5223 et
2960 5169 3255 5223 variorum
3286 5172 3413 5239 ejus
3446 5169 3758 5223 diverticu-

2108 5260 2299 5316 lorum
2332 5279 2457 5332 quae
2492 5262 2549 5314 in
2582 5262 2783 5315 eodem
2802 5261 2875 5313 De
2897 5260 3289 5314 tentationibus
3316 5262 3431 5313 suis
3460 5258 3608 5311 libro
3630 5262 3753 5311 tam

2106 5349 2166 5403 in
2197 5366 2436 5404 accessu
2460 5366 2637 5420 quam
2661 5366 2889 5403 recessu
2913 5348 3189 5404 Fuldensi
3212 5350 3412 5404 fecisse
3438 5361 3500 5400 se
3524 5345 3753 5413 scribit,

2106 5444 2238 5493 ante
2250 5454 2470 5492 annum
2486 5439 2698 5502 1068,is
2714 5439 2935 5493 reditus
2948 5436 3659 5509 vix.contigerit.Peraeque
3672 5434 3759 5489 in-

2105 5531 2326 5581 certum
2344 5534 2432 5581 est
2445 5527 2515 5582 ad
2533 5544 2707 5599 quem
2722 5528 2935 5584 Christi
2950 5546 3169 5584 annum
3184 5528 3359 5583 vitam
3374 5525 3749 5599 produxerit;

2100 5632 2233 5675 vero
2246 5619 2442 5674 tamen
2458 5617 2825 5677 simillimum
2840 5618 3243 5690 esteumjntra
3255 5631 3474 5674 annum
3488 5615 3628 5674 1083
3640 5614 3755 5685 vita
