4114 6184
298 368 373 453 is
1228 376 1647 441 0THLONUS
1689 372 2119 438 MONACHUS
2169 376 2232 436 s.
2282 372 2769 437 EMMERAMMI
3626 352 3709 436 te

300 546 329 574 «
361 514 675 578 incitentur
706 516 777 572 ad
812 513 1146 587 legendum.
1182 536 1208 561 ››
1249 512 1562 582 Hucusque
1617 510 1685 564 de
1712 510 1940 577 Dialogo
1969 511 2021 578 Α
2055 525 2120 563 ex
2151 509 2350 564 eodem
2385 509 2577 565 codice
2600 508 2975 579 adjunximus
2995 512 3373 581 fragmentum
3404 507 3703 563 Relationis

299 611 469 669 trium
501 605 863 681 quaestionum
895 602 1019 674 ipse
1050 599 1586 671 Othlonus,quibus
1619 598 1940 670 quidquam

302 696 692 773 superaddere
724 706 1217 765 supervacaneum
1252 689 1445 745 fuerit.

371 808 425 861 2.
457 803 699 875 Epistola
727 800 790 854 de
825 798 1203 871 per-missionis
1261 798 1530 852 bonorum
1586 796 1636 849 ei
1667 794 1946 850 malorum

299 896 572 951 causis.—
601 889 920 946 Othlonum
952 885 1228 959 epistolas
1253 886 1538 957 quasdam
1569 889 1625 939 et
1647 900 1945 939 sermones

300 980 610 1055 scripsisse
640 978 871 1033 constat
900 992 969 1031 ex
994 976 1068 1045 iis
1098 992 1222 1047 qum
1269 974 1327 1029 in
1380 973 1529 1028 libro
1579 974 1652 1027 De
1686 972 1946 1027 tentatio-

298 1071 464 1127 nibus
501 1072 554 1124 et
584 1067 802 1138 scriptis
833 1081 949 1120 suis
980 1064 1258 1136 prodidit.
1297 1062 1501 1118 «Inter
1523 1060 1949 1134 haec,inquit,et

304 1183 331 1212 «
354 1173 653 1216 sermones
679 1155 967 1227 quosdam
985 1170 1088 1208 nec
1103 1169 1216 1207 non
1231 1150 1507 1224 epistolas
1526 1167 1626 1223 pro
1650 1148 1947 1206 communi

306 1273 325 1301 α
362 1248 613 1304 utilitate
634 1245 853 1323 scripsi
880 1261 897 1297 :
924 1259 1070 1314 quas
1102 1242 1147 1297 si
1182 1241 1314 1312 quis
1348 1240 1493 1296 forte
1542 1239 1733 1312 legere
1752 1238 1947 1295 volue-

302 1362 331 1389 ‹‹
360 1338 456 1404 rit,
488 1335 641 1409 apud
675 1350 781 1389 nos
812 1332 1069 1387 invenire
1132 1330 1360 1403 poterit.
1394 1352 1422 1379 »
1457 1330 1534 1383 Ex
1563 1328 1656 1383 his
1688 1345 1802 1384 non
1835 1327 1947 1383 nisi

300 1426 453 1482 hanc
485 1425 742 1489 unicam,
774 1420 960 1497 ipsius
1008 1419 1243 1476 Othloni
1300 1435 1479 1473 manu
1537 1422 1830 1473 exaratam
1888 1416 1950 1471 in

302 1504 501 1571 codice
531 1513 904 1569 membranco
936 1509 1084 1564 ixi-4°
1113 1508 1460 1579 reperimus,
1506 1505 1567 1562 in
1599 1523 1714 1578 qua
1738 1505 1949 1562 doctri-

302 1620 441 1660 nam
467 1604 525 1657 in
560 1598 905 1674 praecedenti
958 1597 1197 1670 Dialogo
1254 1596 1529 1652 traditam
1587 1595 1764 1651 veluti
1799 1612 1951 1652 com-

303 1692 513 1765 pendio
534 1692 662 1762 jam
691 1705 865 1744 senex
889 1686 1099 1760 repetit
1124 1690 1179 1742 et
1210 1686 1485 1741 inculcat.

376 1800 429 1853 3.
460 1797 625 1853 Liber
662 1796 915 1851 decursu
946 1794 1328 1865 spirituati.-
1355 1792 1594 1848 Librum
1630 1792 1783 1848 hunc
1806 1791 1949 1847 0th-

304 1888 479 1943 lonus
510 1884 743 1957 collegit
764 1888 1077 1955 postquam
1126 1880 1311 1937 Fulda
1368 1898 1636 1937 reversus
1684 1880 1957 1951 pluscula
2063 1869 2586 1931 Emmerammensi
2619 1867 2816 1922 codice
2845 1866 2929 1921 in-

307 1976 446 2032 allia
474 1972 759 2047 opuscula
785 1973 1083 2029 edidisset.
1118 1971 1195 2026 De
1228 1986 1292 2026 eo
1326 1971 1404 2027 ita
1432 1970 1558 2043 ipse
1606 1971 1868 2042 loquitur
1896 1970 1956 2024 in

306 2065 456 2120 libro
488 2069 565 2120 De
593 2063 990 2119 tentationibus
1020 2065 1071 2115 et
1098 2061 1316 2132 scriptis
1358 2060 1474 2116 suis
1506 2078 1523 2114 :
1555 2082 1583 2109 ‹‹
1643 2064 1783 2114 Post
1837 2058 1958 2113 haec

312 2176 341 2203 «
371 2158 567 2209 autem
600 2167 735 2207 cum
764 2150 1021 2206 viderem
1048 2148 1225 2204 simul
1268 2153 1327 2203 et
1382 2148 1644 2203 audirem
1703 2146 1961 2218 undique

316 2265 344 2293 ιι
378 2242 722 2297 Christianae
754 2238 1053 2311 religionis
1086 2236 1570 2305 destructionem,
1592 2240 1884 2291 rectorum
1906 2241 1962 2290 et

322 2350 345 2379 α
379 2331 716 2404 principum
742 2327 1160 2401 negligentiam
1191 2326 1250 2382 in
1270 2326 1687 2393 subditos,tam
1710 2325 1769 2379 in
1792 2325 1961 2397 spiri-

320 2443 347 2471 ‹‹
372 2418 517 2475 tuali
541 2434 715 2491 quam
738 2416 1001 2473 saeculari
1017 2417 1133 2471 vita
1153 2414 1784 2487 positos,doleremque
1804 2414 1962 2485 jugi-

317 2530 344 2559 «
368 2512 457 2564 ter
474 2524 578 2580 pro
600 2504 1275 2578 talibus,cogitare,ccepi
1298 2508 1361 2559 ut
1383 2504 1523 2574 quia
1542 2502 1743 2559 nullus
1763 2502 1963 2573 digna-

319 2621 347 2648 «
383 2603 545 2653 retur
574 2612 669 2652 me
700 2596 905 2651 audire
953 2594 1255 2651 communi
1301 2609 1569 2648 sermone
1600 2591 1958 2663 loquentem,

319 2708 347 2739 (ι
379 2702 483 2759 pro
514 2687 845 2757 miseraque
874 2689 1034 2741 tanta
1063 2682 1490 2751 condolentem,
1532 2680 1621 2738 vel
1652 2681 1961 2736 scribendo

316 2775 573 2847 «oliqua
631 2792 812 2831 sacrae
865 2774 1163 2845 Siripturse
1210 2772 1387 2827 verba
1438 2770 1757 2843 proferrem
1806 2772 1961 2826 unde

282 2912 283 2917 η
316 2889 346 2915 ‹‹
378 2864 610 2937 aliquos
630 2864 917 2920 aediﬁcare
940 2861 1319 2935 possem.Hac
1347 2861 1527 2933 igitur
1540 2877 1720 2916 causa
1750 2860 1960 2931 scripsi

321 2981 348 3005 (ι
369 2954 584 3010 librum
605 2955 717 3010 mei
736 2970 969 3025 quoque
985 2951 1176 3024 operis
1200 2947 1961 3018 novissimum,cuititu1um

325 3068 346 3094 α
382 3044 637 3115 imposui
668 3044 743 3098 De
772 3060 940 3098 cursu
970 3041 1354 3113 spirituali.1n
1385 3056 1500 3111 quo
1523 3038 1792 3095 videlicet
1813 3037 1961 3094 libro

319 3154 349 3183 ‹‹
381 3136 669 3203 quantum
701 3148 802 3204 per
833 3149 1009 3187 sacrae
1043 3131 1378 3201 Scripturaa,
1439 3128 1806 3200 maximeque
1862 3143 1965 3200 per

322 3242 350 3272 «
384 3219 650 3276 Psalterii
672 3226 729 3276 et
751 3219 1349 3291 Evangelii,campum
1373 3234 1605 3273 currere
1627 3216 1963 3289 potui,scri-
1992 3230 1995 3231 '

320 3331 351 3359 ς(
382 3309 570 3385 bendo
603 3307 874 3381 protuli.»
908 3307 1041 3370 Quae
1076 3308 1191 3362 fere
1221 3306 1419 3361 erdem
1451 3305 1659 3376 repetit
1686 3303 1748 3358 in
1780 3303 1966 3375 prolo-

318 3413 392 3471 go
423 3398 728 3470 praesentis
757 3396 1069 3466 libri,eruti
1102 3412 1171 3451 ex
1200 3393 1564 3467 autographo
1596 3394 1793 3448 codice
1824 3394 1969 3448 in-lie

320 3504 494 3558 quem
520 3487 710 3543 adhuc
734 3486 1086 3542 bibliotheca
1104 3483 1662 3540 Emmerammensis
1686 3482 1963 3554 possidet.

319 3576 492 3630 Aliud
516 3577 781 3645 ejusdem
806 3576 997 3646 operis
1023 3574 1354 3645 exemplum
1380 3574 1437 3627 in
1468 3572 1663 3627 codice
1687 3573 1968 3641 Tegerns—

319 3664 480 3721 censi
508 3665 662 3721 in-8°
685 3665 931 3719 vidimus
964 3664 1034 3718 ab
1067 3664 1194 3734 ipso
1227 3662 1401 3716 etiam
1458 3660 1708 3715 Othlono
1766 3676 1964 3714 exara-

321 3759 475 3821 tum,
505 3760 561 3810 et
590 3753 740 3825 grati
772 3752 954 3807 animi
1012 3767 1192 3806 causa
1245 3748 1784 3821 Tegernseensibus
1830 3763 1964 3803 cum

316 3842 740 3901 Proverbiorum
771 3842 931 3910 libro,
962 3844 1095 3910 etc.,
1129 3840 1431 3895 donatum.
1652 3828 1723 3903 ξ·
1777 3845 1790 3863 ν

389 3932 439 3988 4.
475 3932 740 3988 Narratio
769 3930 836 3985 de
862 3931 1102 4001 quodam
1130 3929 1404 3984 miraculo
1460 3932 1569 3984 etc:
1593 3952 1670 3985 :—
1700 3924 1964 3998 Narratio

244 4028 245 4031 ‘
317 4021 438 4077 haec
467 4021 526 4076 in
553 4022 755 4077 eodem
789 4018 983 4075 codice
1014 4019 1169 4074 unde
1193 4018 1410 4074 librum
1475 4019 1551 4073 De
1602 4034 1767 4073 cursu
1790 4018 1965 4089 spiri-

314 4111 465 4166 tuali
493 4110 849 4182 accepimus,
885 4113 1092 4175 exstat,
1127 4114 1181 4165 et
1207 4108 1444 4179 quidem
1476 4124 1594 4163 una
1640 4108 1965 4176 eademque

318 4216 520 4267 manu,
555 4199 613 4254 id
646 4204 733 4254 est
755 4197 1013 4266 ()thloni,
1048 4198 1390 4269 perscripta.
1438 4196 1567 4272 ῌίεο
1618 4197 1726 4253 etsi
1774 4195 1965 4250 brevis

317 4288 412 4355 sit,
440 4288 709 4360 quaedam
739 4292 935 4343 tamen
967 4287 1222 4342 continet
1243 4302 1370 4357 quae
1405 4286 1611 4342 veteris
1643 4284 1965 4357 disciplinae

317 4377 769 4433 consuetudines
798 4377 1026 4449 egregie
1057 4375 1330 4431 iliustret.
1388 4376 1579 4431 Primo
1611 4374 1765 4429 enim
1799 4373 1963 4429 lucu-

316 4466 543 4523 lentum
578 4465 674 4521 hic
704 4464 887 4521 habes
920 4465 1251 4537 exemplum
1302 4464 1568 4519 homines
1620 4466 1690 4518 de
1721 4463 1966 4519 crimine

318 4562 623 4628 suspectos
646 4554 863 4627 judicio
893 4570 1061 4627 aqua?
1093 4554 1397 4627 probandi.
1432 4552 1693 4608 Alterum
1727 4557 1834 4623 est,
1866 4552 1965 4607 ho-

2051 598 2119 653 de
2151 600 2512 654 translatione
2548 600 2789 670 corporis
2844 598 2897 651 S.
2962 599 3211 669 Dionysii
3260 614 3290 652 ε
3347 600 3581 652 Francia
3638 599 3705 653 iri

2055 688 2403 743 Germaniam
2431 687 2505 742 ad
2536 688 2927 743 monasterium
2956 686 3009 741 S.
3046 688 3453 755 Emmerammi,
3494 686 3563 741 de
3588 703 3701 758 quo

2055 782 2396 849 argumento
2430 775 2599 847 plura
2629 776 2911 845 dicemus,
2938 777 3007 830 ab
3058 775 3303 831 eruditis
3347 775 3485 830 viris
3536 774 3701 830 haud

2057 868 2541 940 spernenda,post
2571 866 2856 938 integram
2889 865 3369 921 Othlonianorum
3403 863 3704 937 opurculo-

2058 977 2187 1013 rum
2220 955 2641 1012 recensionem.

2126 1069 2179 1121 5.
2224 1066 2387 1121 Liber
2434 1065 2497 1139 de
2540 1063 2913 1118 admonitiorie
2959 1064 3283 1118 clericorum
3329 1068 3380 1118 et
3411 1064 3702 1117 laicorum.

2062 1190 2125 1201 —
2158 1156 2257 1211 Hic
2285 1159 2373 1210 est
2421 1153 2513 1208 ille
2568 1151 2798 1207 libellus
2853 1150 3107 1222 Othloni,
3156 1169 3330 1223 quem
3391 1150 3705 1224 appellavit

2058 1244 2375 1303 Manualem
2404 1260 2501 1315 pro
2533 1242 2925 1296 ammonitionc
2948 1241 3275 1297 clericorum
3314 1245 3365 1295 et
3415 1242 3708 1309 (uicorum,

2061 1338 2131 1392 ab
2165 1352 2229 1390 eo
2261 1333 2451 1389 adhuc
2475 1330 2665 1385 Fuldae
2698 1328 2885 1401 posito
2904 1329 3159 1400 scriptus
3191 1334 3247 1384 et
3272 1328 3561 1396 editus,ut
3583 1329 3709 1401 ipse

2060 1428 2309 1482 testatur
2339 1423 2397 1475 in
2430 1420 2576 1474 libro
2606 1420 2678 1473 De
2709 1420 3099 1474 tentationibus
3128 1423 3180 1474 et
3228 1420 3445 1489 scriptis
3473 1420 3610 1473 suis.
3644 1418 3708 1474 In

2058 1535 2123 1575 eo
2155 1512 2539 1572 saluberrima
2565 1507 2873 1564 sanctioris
2902 1507 3030 1562 vitae
3062 1509 3413 1564 documenta
3441 1507 3710 1574 ejdivinis

2062 1603 2379 1677 Scripturis
2412 1599 2703 1672 depromit
2731 1593 3411 1669 Othlonus,modumque
3446 1596 3625 1653 tradit
3651 1598 3708 1653 in

2063 1694 2222 1753 omni
2257 1693 2383 1746 vitae
2413 1688 2882 1759 conditionisque
2913 1702 3120 1759 genere
3174 1687 3338 1758 probi
3383 1703 3447 1741 ac
3474 1684 3710 1757 perfecti

2063 1781 2374 1842 Christiani
2408 1779 2599 1835 ofﬁcia
2625 1776 2944 1833 excolendi.
2980 1775 3177 1830 Prodit
3230 1793 3298 1831 ex
3345 1775 3708 1848 autographa

2940 1867 3017 1920 4⁸.

2136 1982 2190 2035 6.
2232 1979 2392 2034 Liber
2446 1977 2702 2031 metricus
2749 1974 2814 2028 de
2859 1973 3111 2029 doctrina
3164 1974 3470 2043 spirituali.
3532 2003 3601 2013 --
3635 1977 3710 2028 De

2069 2070 2246 2140 hujus
2268 2066 2535 2138 opusculi
2557 2062 2847 2120 scribendi
2872 2062 3173 2118 occasione
3190 2079 3359 2117 nemo
3382 2061 3709 2118 accuratius

2032 2170 2035 2175 ‘
2070 2156 2411 2213 disseruerit
2434 2171 2608 2225 quam
2643 2153 2767 2223 ipse
2798 2151 3087 2206 Othlonus
3148 2152 3317 2221 cujus
3344 2151 3403 2205 in
3453 2150 3608 2206 liboo
3636 2152 3710 2206 De

2069 2246 2458 2303 teutationibus
2489 2248 2539 2299 et
2566 2243 2785 2310 scriptis
2814 2242 2929 2295 suis
2958 2241 3079 2295 haec
3124 2240 3407 2295 memoria
3435 2244 3491 2295 et
3522 2242 3710 2295 consi-

2069 2335 2365 2392 deratione
2388 2331 2740 2403 dignissima
2770 2330 2945 2384 verba
2966 2333 3106 2383 sunt
3137 2346 3149 2383 :
3192 2349 3217 2380 α
3256 2328 3514 2383 Primum
3546 2328 3712 2384 libels

2072 2424 2270 2489 «lum,
2305 2422 2541 2477 metrice
2574 2419 2890 2490 prolatum,
2924 2418 3018 2472 cui
3072 2417 3327 2489 imposui
3375 2417 3613 2472 titulum
3635 2420 3711 2473 De

2072 2537 2099 2565 «
2122 2512 2403 2584 spirituali
2432 2507 2964 2578 doctrina,scribere
2993 2506 3336 2577 hujusmodi
3361 2511 3483 2561 erat
3512 2523 3710 2562 causa.

2070 2625 2097 2653 ‹‹
2132 2603 2276 2658 Cum
2308 2601 2464 2655 enim
2496 2598 2813 2669 quondam,
2838 2612 2905 2651 ex
2926 2595 3265 2651 inﬁrmitate
3296 2595 3551 2651 maxima
3572 2611 3709 2651 con-

2072 2714 2099 2743 ‹‹
2130 2687 2527 2754 valescens,ad
2562 2684 2900 2741 monasticae
2932 2684 3291 2755 professions
3311 2685 3485 2739 vitam
3522 2686 3713 2740 venis-

2072 2804 2099 2831 ‹‹
2133 2783 2425 2846 sem,tunc
2455 2776 2513 2830 in
2546 2774 2723 2844 brevi,
2744 2774 2875 2846 plus
2908 2790 3082 2843 quam
3115 2772 3389 2828 credibile
3423 2773 3714 2839 sit,factus

2073 2892 2100 2919 ‹‹
2134 2884 2263 2923 sum
2298 2881 2521 2936 sospes.
2562 2868 2640 2917 Ex
2669 2878 2787 2933 qua
2816 2860 3100 2932 sospitate
3129 2859 3345 2915 veritus
3378 2875 3449 2914 ne
3471 2858 3713 2931 aliquod

2075 2978 2103 3007 ‹‹
2130 2957 2412 3011 damnum
2446 2949 2749 3024 spirituale
2771 2949 2914 3005 mihi
2939 2950 3188 3005 oriretur
3209 2965 3377 3021 perce
3402 2950 3710 3005 Dominum

2079 3069 2098 3096 α
2135 3045 2344 3100 intima
2373 3041 2570 3114 rogavi
2599 3058 2670 3095 ne
2702 3055 2794 3094 me
2814 3039 2873 3094 in
2905 3043 3068 3094 tanta
3125 3038 3403 3109 sospitate
3459 3037 3715 3110 positum

2074 3134 2250 3190 «otio
2308 3130 2500 3186 inutili
2560 3135 2909 3200 torpescere,
2960 3128 3061 3183 sed
3111 3127 3311 3199 aliqua
3371 3128 3712 3195 tentatione,

2081 3246 2107 3275 α
2141 3240 2316 3296 quam
2351 3220 2495 3275 mihi
2526 3234 2844 3289 congruere
2870 3215 3299 3288 sciret,pulsari
3334 3216 3715 3287 permitteret;

2078 3337 2105 3363 ‹‹
2141 3313 2275 3367 Post
2305 3307 2786 3365 hancorationem
2806 3322 2920 3361 non
2938 3304 3190 3361 multum
3205 3304 3484 3376 temporis
3512 3304 3718 3372 ﬂuxit;

2082 3428 2101 3454 α
2136 3406 2192 3457 et
2221 3418 2352 3456 ecce
2381 3399 2549 3454 variae
2581 3397 2908 3453 tentionum
2940 3393 3217 3449 molestiae
3277 3392 3617 3451 accedentes
3656 3392 3719 3448 in

2081 3495 2364 3546 «tantum
2390 3506 2481 3544 me
2511 3486 3046 3552 circumdederunt,
3104 3488 3167 3539 ut
3217 3487 3276 3539 et
3330 3483 3565 3539 incaute
3624 3497 3718 3538 me

2077 3604 2104 3630 .‹
2141 3597 2338 3635 orasse
2362 3584 2418 3633 et
2439 3577 2626 3648 magis
2648 3576 2719 3630 ad
2744 3575 3045 3629 interitum
3072 3589 3249 3644 quam
3273 3573 3343 3628 ad
3368 3576 3717 3644 proventum

2077 3692 2103 3717 α
2139 3668 2475 3722 exauditam
2507 3680 2635 3719 esse
2666 3663 2981 3735 aliquando
3000 3661 3359 3717 vererer.Sed
3392 3660 3607 3732 saepius
3627 3677 3716 3716 re-

2082 3776 2108 3807 α
2137 3760 2393 3809 tractans
2424 3753 2569 3807 illud
2628 3751 3013 3824 apostolicum
3046 3767 3057 3804 ε
3090 3750 3289 3804 Fidelis
3312 3750 3457 3804 Deus
3477 3751 3573 3819 qui
3599 3764 3715 3804 non

2080 3868 2107 3898 ‹‹
2128 3847 2371 3917 patietur
2398 3859 2485 3898 vos
2516 3843 2719 3897 tentari
2744 3858 2912 3913 supra
2956 3840 3009 3894 td
3054 3839 3193 3910 quod
3232 3840 3450 3911 possitis
3508 3836 3603 3893 sed
3628 3839 3713 3908 fa-

2076 3958 2103 3985 «
2136 3938 2241 3990 ciet
2268 3951 2391 3988 cum
2420 3934 2718 3987 lentatione
2773 3939 3113 4003 proventum,
3172 3937 3231 3983 ut
3284 3929 3503 3999 potestis
3549 3928 3718 3982 susti-

2081 4045 2101 4075 α
2135 4039 2282 4093 nere,
2317 4022 2569 4077 laboravi
2606 4038 2721 4075 non
2756 4025 3044 4091 quantum
3076 4017 3393 4084 debui,sed
3428 4019 3716 4088 quantum

2076 4136 2103 4163 ‹‹
2139 4112 2449 4184 fragilitate
2482 4128 2607 4166 mea
2643 4110 3033 4181 permittente,
3063 4107 3305 4181 ipsoque
3337 4105 3585 4162 Domino
3617 4105 3719 4160 ad-

2076 4205 2391 4274 «juvante,
2425 4200 2606 4272 potui,
2638 4217 2709 4255 ne
2760 4199 2818 4252 in
2876 4203 3191 4269 conspectu
3253 4195 3722 4251 adversariorum

2076 4316 2103 4342 ((
2141 4308 2401 4346 meorum
2434 4306 2786 4344 corruerem.
2824 4289 3072 4359 Ideoque
3122 4286 3179 4341 in
3239 4291 3402 4341 tanta
3456 4282 3727 4340 molestia

2076 4406 2101 4431 ‹‹
2137 4379 2498 4446 tentationis,
2532 4396 2658 4450 quae
2690 4396 2754 4433 eo
2788 4377 2977 4449 magis
3010 4375 3375 4441 imminebat,
3400 4391 3517 4444 quo
3539 4373 3728 4442 major

2080 4492 2100 4522 α
2137 4470 2390 4541 sospitas
2410 4467 2729 4539 corporalis
2748 4465 3301 4533 incrat,omnimodo
3323 4466 3576 4518 tractare
3599 4476 3723 4532 coep

2076 4584 2101 4610 ‹‹
2136 4559 2294 4631 quali
2327 4558 2521 4613 studio
2553 4557 2831 4628 qualique
2864 4556 3061 4611 labore
3093 4571 3304 4625 corpus
3326 4552 3563 4624 spiritui
3585 4550 3726 4606 sub-

320 4646 538 4700 minem
570 4643 704 4700 licet
724 4645 849 4714 ejus
874 4642 1335 4715 criminis,cujus
1365 4641 1779 4711 causajudicio
1803 4659 1966 4714 aqua}
1996 4639 2043 4705 D
2081 4669 2106 4702 α
2129 4648 2391 4720 jicerem.
2423 4646 2567 4701 Nam
2600 4663 2667 4701 ea
2697 4663 2821 4717 quae
2854 4644 3249 4700 communiter
3306 4658 3439 4696 cum
3499 4637 3725 4696 caeteris

319 4734 670 4790 commissus
702 4735 909 4802 fuerat,
970 4750 1185 4805 purum
1228 4749 1293 4787 ac
1342 4731 1732 4799 innocentem,
1766 4736 1963 4787 tamen

319 4822 802 4889 succubuisse,ob
836 4824 992 4877 aliud
1018 4822 1238 4878 scilicet
1267 4820 1678 4892 crimeu,quod
1712 4824 1960 4877 necdum

320 4911 657 4984 pmnitentia
688 4910 947 4972 cluisset;
966 4917 1139 4983 atque
1162 4912 1302 4967 adeo
1316 4911 1607 4981 judicium
1629 4910 1773 4966 illud
1798 4928 1960 4982 aquae

318 5001 596 5058 ferventis
616 5000 703 5057 vel
728 5000 951 5075 frigidae
969 5004 1038 5056 ad
1062 5001 1522 5057 convincendum
1546 5002 1615 5056 de
1637 5005 1791 5056 certo
1817 5017 1959 5071 quo-

318 5091 477 5164 piam
508 5096 566 5147 et
617 5096 986 5148 controverso
1046 5091 1289 5147 crimine
1346 5108 1531 5159 reum,
1588 5108 1958 5163 nequaquam

316 5181 500 5237 fuisse
531 5181 841 5251 ejusmodi,
867 5186 930 5235 ut
961 5182 1237 5238 innocens
1279 5181 1546 5237 damnari
1602 5198 1716 5236 non
1762 5184 1961 5252 posset

318 5270 429 5325 nisi
452 5271 502 5325 is
533 5284 647 5325 non
679 5270 869 5325 solum
902 5270 974 5325 ub
1004 5287 1068 5325 eo
1100 5269 1305 5327 delicto
1334 5273 1404 5326 de
1426 5287 1541 5343 quo
1564 5271 1818 5343 suspicio
1838 5273 1959 5326 erat

317 5358 418 5415 sed
450 5364 507 5415 et
533 5358 606 5413 ab
633 5359 908 5414 omnibus
929 5376 1169 5431 prorsus
1187 5359 1364 5415 etiam
1390 5359 1541 5414 alius
1573 5360 1800 5432 generis
1825 5375 1956 5430 pec—

317 5448 462 5505 catis
492 5447 776 5504 immunis
804 5454 976 5505 esset.
1010 5448 1305 5505 Postremo
1339 5467 1406 5505 ex
1438 5449 1547 5505 hac
1600 5449 1839 5504 historia
1868 5448 1954 5502 di-

317 5536 639 5593 scerelicet
662 5539 969 5594 undecimo
1004 5540 1217 5595 saeculo
1250 5538 1412 5595 laicis
1461 5539 1702 5595 barbam
1731 5540 1951 5605 radere,

314 5626 540 5683 clericis
571 5643 705 5684 vero
721 5629 986 5685 eamdem
1007 5628 1229 5684 nutrire
1260 5630 1422 5684 nefas
1453 5628 1840 5699 fuisso,cujus
1872 5628 1953 5687 rei

314 5714 579 5793 exempla
610 5717 753 5776 forte
774 5717 911 5777 alibi
934 5717 1101 5795 plura
1124 5716 1793 5787 occurrunt.Narrati0pi
1818 5718 1952 5778 huic

2078 4738 2407 4793 «fratribus
2438 4736 2493 4789 in
2530 4735 2791 4789 coenobio
2825 4751 2991 4806 agere
3021 4733 3288 4799 docebar,
3352 4730 3452 4786 sed
3512 4735 3569 4785 et
3625 4726 3726 4784 illa

2074 4852 2101 4877 ‹‹
2137 4845 2261 4899 quae
2293 4825 2529 4898 speciali
2563 4825 2867 4879 devotione
2888 4823 3196 4878 scribendo
3226 4825 3325 4876 aut
3346 4820 3721 4892 legendo,seu

2074 4940 2099 4967 ‹‹
2133 4915 2654 4985 θιίἃῐηῂῡάυῃειηόο
2686 4918 2891 4985 sponte
2924 4913 3099 4977 subii,
3131 4927 3245 4965 non
3280 4910 3422 4966 satis
3462 4907 3722 4979 afﬂigere

2072 5030 2100 5058 ‹‹
2128 5021 2340 5077 corpus
2373 5005 2733 5059 videbantur.
2773 5003 3037 5071 Cumque
3072 5000 3170 5053 diu
3243 5004 3552 5054 tractarem
3606 5012 3721 5068 quo

2074 5118 2101 5147 ‹‹
2132 5094 2507 5166 potissimum
2538 5092 2731 5146 studio
2757 5096 2969 5145 memet
2994 5091 3049 5142 in
3076 5088 3252 5143 tantis
3285 5086 3562 5159 periculis
3585 5102 3723 5141 con-

2071 5210 2097 5235 u
2132 5184 2402 5240 stitutum
2437 5181 2741 5253 aptissime
2772 5180 3102 5251 iugiterque
3124 5178 3718 5249 constringerem,oc-

2069 5298 2095 5323 ‹‹
2132 5274 2314 5330 currit
2338 5272 2534 5327 animo
2566 5276 2628 5324 ut
2660 5271 2716 5323 in
2749 5267 3064 5323 dictamine
3097 5283 3190 5322 me
3233 5282 3580 5337 occuparem
3614 5263 3721 5319 ali-

2069 5386 2096 5413 ‹‹
2132 5379 2247 5433 quo
2283 5381 2295 5429 ;
2330 5361 2481 5432 quod
2516 5364 2571 5413 et
2603 5375 2752 5430 saepe
2784 5362 3058 5429 expertus
3090 5374 3223 5412 sum
3258 5360 3513 5410 mentem
3543 5352 3723 5409 lasci-

2074 5474 2099 5504 «
2131 5469 2259 5507 vam
2282 5449 2596 5521 cujuslibet
2618 5446 2968 5503 scholastice
2991 5445 3261 5502 instructi
3283 5445 3341 5499 in
3369 5442 3532 5499 nullo
3552 5457 3725 5513 posse

2069 5565 2096 5592 ‹‹
2129 5540 2317 5611 magis
2349 5537 2675 5609 constringi
2711 5555 2889 5608 quam
2924 5536 3117 5593 studio
3164 5534 3447 5590 dictandi.
3510 5533 3726 5604 Hujus-

2064 5656 2092 5682 ((
2129 5630 2287 5685 modi
2318 5628 2498 5701 igitur
2529 5630 2831 5684 occasione
2864 5632 3123 5698 accepta,
3155 5623 3423 5680 libellum
3455 5622 3720 5695 primum

2064 5744 2091 5776 ‹‹
2126 5719 2377 5780 scribere
2407 5719 2553 5794 coepi
2580 5718 2820 5775 metrico
2850 5716 3071 5776 scilicet
3109 5714 3258 5798 ctylo
3291 5730 3407 5791 quo
3464 5710 3716 5777 maxime
