4118 6188
510 366 589 453 μ
1578 367 1680 428 DE
1728 366 1906 429 VITA
1957 370 2055 432 ΕΤ
2100 371 2162 432 St

2282 369 2449 450 PTIS
2497 367 2866 432 0THLONI.
3845 358 3924 444 is

512 523 544 553 ‹‹
574 501 638 558 in
669 502 935 564 Seculari
965 505 1081 563 vita
1130 508 1356 580 positus
1403 528 1496 568 me
1544 512 1903 582 exercebam,
1937 529 2160 586 ponens
2190 512 2246 582 Α
2273 512 2443 570 medii
2476 510 2605 584 aevi,
2656 510 3055 570 recentissimo
3103 509 3277 580 edita,
3311 509 3383 568 ad
3435 525 3656 568 annum
3705 502 3918 566 Christi

517 616 546 648 κ
578 593 640 650 in
669 611 735 651 eo
765 596 958 656 varias
985 599 1315 672 spiritualis
1345 604 1622 662 doctrinas
1655 608 1994 672 sententias,
2031 607 2161 678 qui—

523 706 547 736 ι
580 685 691 742 bus
724 702 817 744 me
848 687 1217 748 solummodo
1247 700 1451 750 contra
1481 697 1830 753 tentationes
1861 696 2168 754 imminen-

519 797 549 824 α
580 779 667 830 tes
695 776 996 834 instruens
1023 781 1305 852 reboravi,
1339 792 1440 840 aut
1479 786 1777 856 pravitatis
1809 803 1948 843 mea
1980 805 2164 859 quan-

514 887 549 932 μ
580 865 829 936 titatem,
862 883 1039 938 quam
1083 887 1216 928 cum
1268 875 1490 930 caeteris
1520 875 1745 932 clericis
1776 878 2167 933 communiter

513 975 546 1018 ,ε
578 953 638 1010 in
694 957 918 1012 mundo
974 963 1345 1031 exercebam,
1407 967 1929 1038 pertinaciamque,
1987 984 2164 1038 quam

2277 605 2434 670 1592,
2469 621 2502 660 a
2531 621 2662 678 pag.
2697 605 2820 661 450.
2857 605 2964 661 Ubi
2996 610 3191 662 tamen
3229 602 3553 662 monendus
3585 606 3674 676 est
3702 600 3790 659 vir
3817 617 3923 660 an-

2273 695 2613 768 tiquitatum
2646 695 2948 752 studiosus
2994 697 3257 765 ejusdem
3296 693 3528 752 Henrici
3577 693 3824 764 Elegiam
3857 690 3923 758 de

2273 786 2588 843 diversitate
2613 790 2859 858 fortuna
2901 793 2953 842 el
2999 786 3354 858 philosophiae
3382 785 3766 849 consolatione,
3790 781 3917 852 jam

2271 877 2429 942 circa
2459 893 2680 932 annum
2721 877 2877 946 1530,
2909 879 3086 947 atque
3114 876 3256 931 adeo
3301 875 3553 934 maximo
3602 877 3736 936 ante
3761 873 3921 928 Dau-

2275 967 2459 1022 mium
2493 971 2772 1038 tempore,
2796 966 3085 1038 integram
3111 965 3264 1037 typis
3284 980 3554 1020 excusem
3585 962 3790 1026 fuisse,
3812 977 3920 1017 eu-

524 1061 549 1092 σ
577 1043 910 1115 specialiter
939 1064 1053 1118 pris
1085 1051 1286 1109 multis
1337 1054 1555 1110 ibidem
1604 1056 1947 1126 retinebam,
1975 1057 2164 1128 magis
2267 1057 2531 1126 jusmodi
2563 1055 2859 1128 exemplar
2888 1055 3040 1110 in-lio
3069 1055 3229 1112 hisce
3259 1052 3442 1112 oculis
3480 1052 3540 1106 in
3570 1049 3923 1118 bibliotheca

515 1151 548 1194 ,ι
579 1133 961 1200 attenderem,
984 1142 1160 1210 atque
1181 1140 1390 1198 litteris
1412 1145 1731 1215 expositam
1757 1145 1960 1216 majori
1989 1145 2167 1217 pceni-

519 1243 550 1274 α
579 1223 761 1278 tentia
799 1223 1139 1284 diluendam
1181 1248 1575 1303 agnoscerem.
1614 1236 1834 1292 lnserui
1867 1236 1927 1291 in
1959 1236 2163 1292 eodem

518 1331 549 1360 α
581 1311 758 1366 etiam
776 1311 972 1370 libello
993 1333 1324 1377 sermonem
1341 1326 1654 1394 quemdam
1673 1324 2035 1381 lamentabili
2054 1329 2166 1396 sty-

523 1422 552 1449 α
585 1398 640 1456 lo
671 1401 907 1470 editum,
932 1406 1095 1476 prius
1127 1411 1364 1478 quidem
1389 1413 1698 1483 disputans
1717 1415 1788 1468 de
1812 1415 2038 1470 diversa
2059 1413 2168 1470 cle-

527 1509 550 1540 ι
581 1490 834 1547 ricorum
883 1494 1242 1568 negligentia
1292 1518 1393 1556 nec
1451 1520 1566 1558 non
1629 1504 1900 1569 avaritia;
1955 1503 2166 1558 deinde

515 1600 546 1628 «
580 1596 827 1636 narrans
857 1583 929 1638 de
955 1585 1274 1644 miserabili
1307 1590 1698 1662 improbitatis
1724 1609 1863 1652 meae
1884 1593 2164 1659 vindicta,

516 1689 547 1718 α
578 1674 698 1724 tam
731 1671 1113 1754 spiritualiter
1133 1694 1310 1748 quam
1335 1681 1711 1752 corporaliter
1731 1686 1976 1754 patrata.
2005 1684 2166 1752 Igno-

515 1779 544 1807 ιι
578 1758 782 1813 rabam
813 1761 969 1816 enim
1001 1768 1140 1820 tunc
1170 1766 1218 1821 si
1255 1785 1369 1839 quo
1413 1768 1536 1824 loco
1586 1771 1930 1843 proferenda
1977 1770 2165 1825 forent

523 1865 546 1894 ι
579 1846 921 1946 hujusmodi
955 1853 1128 1924 dicta,
1153 1872 1278 1926 quae
1327 1857 1461 1913 licet
1504 1860 1562 1913 in
1597 1861 1769 1915 modo
1801 1860 1922 1915 sint
1953 1859 2160 1930 posita,
2193 1878 2242 1946 Β

522 1957 550 1988 ι
578 1946 711 2008 post
740 1943 946 1996 caetera
975 1947 1192 2010 tamen,
1216 1963 1348 2000 cum
1385 1964 1477 2002 me
1502 1948 1725 2019 aliquid
1752 1947 2161 2020 perspicaciori

516 2049 543 2076 «
575 2025 793 2083 intuitu
824 2046 1138 2098 agnoscere
1161 2036 1490 2106 cmpissem,
1521 2055 1554 2092 a
1582 2055 1671 2092 me
1691 2041 1961 2093 constant
1981 2037 2162 2105 edita,

515 2137 545 2164 «
577 2115 712 2183 quia
756 2118 1014 2175 metricis
1066 2122 1326 2190 prolatus
1358 2131 1447 2180 est
1475 2127 1685 2190 verbis,
1714 2145 1841 2198 quae
1893 2127 2058 2199 puris
2108 2131 2164 2182 et

515 2226 542 2252 «
573 2203 934 2262 intrantibus
953 2210 1022 2263 ad
1043 2210 1350 2268 discendas
1374 2213 1596 2271 litteras
1615 2233 1647 2269 a
1665 2215 1866 2270 multis
1890 2215 2162 2278 primitus

517 2316 545 2341 ‹‹
578 2293 834 2350 exhiberi
867 2297 1074 2354 solent.
1105 2300 1403 2372 Imprimis
1435 2321 1668 2376 quoque
1697 2322 1908 2372 ponere
1939 2305 2161 2360 decrevi

522 2403 545 2432 ι
583 2388 644 2437 ut
674 2400 741 2439 ex
769 2385 878 2440 hoc
900 2387 1142 2458 quilibet
1173 2391 1244 2445 ad
1267 2393 1527 2450 veritatis
1547 2395 1698 2449 viam
1723 2411 2036 2450 conversus
2063 2412 2161 2450 su-

520 2493 549 2522 ‹‹
582 2479 705 2527 mat
735 2475 899 2546 quasi
923 2479 1233 2547 prandium
1255 2482 1652 2538 conversionis
1674 2501 1790 2538 suae
1813 2501 2160 2556 congruum,

519 2583 548 2611 «
582 2561 780 2633 sicque
810 2563 1006 2621 leviori
1035 2567 1164 2623 cibo
1193 2571 1444 2626 refectus
1467 2573 1536 2627 ad
1569 2572 1843 2628 lautiores
1866 2575 2043 2644 dapes
2076 2591 2165 2628 sa-

522 2672 550 2700 «
581 2667 688 2705 ore
729 2653 1004 2709 doctrinis
1053 2658 1364 2728 capiendas
1415 2661 1604 2731 aptior
1655 2663 1964 2717 accedat.»
1997 2663 2163 2717 Hunc

517 2737 779 2795 libellum
813 2759 881 2798 ex
902 2745 1098 2800 codice
1121 2750 1491 2820 ,autographo
1523 2751 1692 2816 in-8°,
1719 2753 1774 2805 in
1812 2751 2165 2806 bibliotheca

516 2828 1625 2909 Emmerammensi!servato,edidimus,
1658 2841 1865 2911 adiecti
1897 2840 2040 2895 varii
2070 2858 2160 2895 ar-

511 2921 776 3004 gumenti
823 2923 1006 2979 sacris
1055 2926 1204 2990 odis,
1256 2929 1698 2999 epigrammatis
1745 2934 1802 2984 et
1851 2929 2159 3000 poematis,

514 3022 644 3078 qua
674 3010 875 3070 omnia
905 3028 1084 3070 manu
1121 3014 1356 3070 Othloni
1389 3022 1624 3074 exarata
1671 3019 1729 3073 in
1778 3017 2016 3074 laudato
2067 3035 2162 3074 co-

515 3093 643 3152 dice
676 3099 928 3170 sparsim
962 3101 1350 3160 habebantur.

580 3205 636 3257 7.
673 3206 825 3269 Libri
851 3208 1272 3274 Proverbiorum
1304 3229 1418 3268 non
1450 3213 1565 3268 nisi
1597 3214 1971 3284 paucissimis
2000 3213 2158 3268 in-li-

506 3291 616 3367 _b_r_o
648 3295 721 3348 De
749 3299 1145 3354 tentationibus
1173 3304 1225 3355 el
1252 3302 1468 3371 scriptis
1494 3305 1610 3357 suis
1631 3303 1921 3358 Othlonus
1953 3302 2160 3357 memi-
2191 3291 2214 3334 ‘-

514 3380 623 3435 nit.
653 3402 679 3432 ι
702 3383 844 3438 Item
879 3383 1140 3442 libellum
1165 3389 1628 3455 Proverbiorum,
1655 3391 1950 3462 inquiens,
1973 3391 2031 3446 in
2064 3408 2158 3445 eo-

518 3491 548 3517 α
585 3469 717 3526 dem
743 3475 1090 3532 monasterio
1115 3477 1389 3534 Fuldensi
1411 3479 1660 3550 positus,
1683 3481 1934 3535 scribere
1956 3481 2159 3550 ccepi.»

518 3556 595 3613 Et
619 3558 734 3612 sub
764 3559 930 3617 ﬁnem
957 3564 1056 3634 ait,
1076 3570 1284 3634 preter
1304 3566 1419 3622 alia
1441 3590 1469 3617 ‹‹
1494 3568 1696 3622 multis
1727 3568 1958 3623 dedisse
1980 3585 2040 3623 se
2063 3573 2164 3624 aut

513 3645 752 3724 misisse
784 3649 1095 3721 aliquando
1123 3672 1422 3712 sermones
1448 3661 1548 3711 aut
1579 3658 1896 3728 proverbia,
1920 3674 2022 3712 seu
2055 3656 2160 3710 ali-

506 3751 632 3808 qua
648 3737 1047 3796 adiﬁcationis
1065 3743 1340 3814 scripta.»
1357 3745 1662 3801 Proverbia
1678 3745 1800 3801 htec
1818 3747 1941 3800 sine
1961 3746 2158 3813 dubio,

513 3821 760 3898 diversis
785 3831 1149 3900 temporibus
1167 3833 1341 3896 edita,
1369 3839 1499 3905 post
1520 3835 1643 3906 ipse
1665 3836 1720 3888 in
1747 3834 2042 3906 hoc,quod
2067 3834 2163 3888 hic

507 3911 691 3975 vides.
708 3932 924 3987 corpus
956 3920 1188 3991 collegit
1216 3923 1572 3993 redegitque,
1599 3939 1666 3977 ex
1688 3940 1801 3994 quo
1825 3923 2161 3978 adolescen-

508 3999 621 4055 tuli
653 4023 678 4054 (ι
707 4011 949 4074 possent
977 4014 1109 4078 apte
1140 4009 1350 4064 instrui
1384 4017 1514 4081 post
1542 4011 1844 4066 lectionem
1874 4011 2157 4067 Psalterii.

509 4111 540 4156 ς(
577 4091 720 4145 Sunt
742 4096 958 4158 enim,»
983 4102 1047 4150 ut
1069 4097 1324 4152 afﬁrmat
1345 4104 1548 4154 auctor
1568 4100 1623 4153 in
1652 4099 1910 4169 prologo,
1933 4121 1954 4146 κ
1977 4100 2161 4154 multo

511 4200 543 4226 α
578 4178 858 4236 brevioris
880 4187 936 4238 et
962 4183 1238 4253 planioris
1262 4189 1559 4242 sententia:
1579 4205 1754 4259 quam
1780 4188 1878 4244 illa
1897 4187 2162 4242 fabulosa

516 4286 545 4318 ι
577 4269 777 4324 Aviani
801 4271 976 4340 dicta,
992 4275 1088 4330 sed
1114 4280 1169 4330 et
1190 4275 1425 4331 utiliora
1441 4293 1616 4347 quam
1637 4277 1903 4347 quaedam
1928 4275 2160 4332 Catonis

511 4377 542 4404 ιι
575 4359 778 4425 verba;
813 4376 943 4430 quae
973 4367 1220 4432 utraque
1251 4380 1453 4419 omnes
1498 4381 1641 4435 pene
1675 4365 1939 4436 magistri
1971 4363 2160 4432 legere

515 4464 546 4491 α
578 4444 766 4500 solent
797 4447 867 4500 ad
896 4449 1084 4519 prima
1105 4466 1420 4521 puerorum
1444 4451 1811 4515 documenta,
1837 4468 1946 4507 non
1972 4456 2160 4505 atten-

511 4552 547 4600 ,α
579 4533 780 4588 dentes
803 4535 940 4605 quia
960 4540 1079 4591 tam
1111 4538 1369 4609 parvulis
1393 4556 1567 4610 quam
1592 4539 1922 4595 senioribus
1945 4538 2159 4594 Christi

2275 1144 2692 1216 Tegernseensi
2723 1143 2995 1200 vidimus.
3029 1143 3318 1200 Addimus
3354 1145 3628 1214 praeterea
3659 1139 3718 1195 in
3748 1153 3921 1211 opere

2274 1233 2505 1306 Leyseri
2540 1249 2813 1305 magnam
2844 1233 2962 1288 vim
3011 1233 3187 1288 medii
3216 1233 3319 1288 aevi
3350 1236 3654 1304 poetarum
3693 1227 3920 1300 deside-

2273 1322 2410 1392 rari,
2426 1339 2603 1393 quam
2629 1322 2799 1378 nobis
2824 1325 3023 1379 nostra
3046 1321 3401 1378 collectanea
3425 1320 3772 1393 suggerunt.
3795 1317 3920 1386 lmo

2268 1411 2324 1480 ,εἰ
2355 1411 2522 1468 nobis
2551 1411 2734 1468 otium
2757 1417 2931 1480 esset,
2955 1411 3302 1468 facillimum
3337 1411 3482 1466 toret
3503 1405 3920 1480 Leyserianam

2277 1500 2584 1557 Historiam
2634 1501 2810 1573 duplo
2839 1501 2928 1557 vel
2981 1502 3236 1573 amplius
3285 1499 3604 1556 auctiorem
3658 1495 3918 1571 reddere.

2274 1590 2632 1646 Laudandus
2661 1595 2859 1646 tamen
2902 1591 2990 1652 vir
3026 1591 3295 1662 egregius
3329 1589 3484 1661 quod
3515 1584 3921 1656 vastissimum

2275 1683 2686 1748 argumentum
2727 1681 2869 1736 adeo
2917 1679 3205 1736 loculento
3258 1677 3577 1750 specimine
3621 1673 3922 1742 illustrare

2271 1766 2485 1824 saltem
2544 1783 2859 1839 aggressus
2916 1767 3010 1823 sit.
3044 1769 3154 1830 Sed
3213 1767 3335 1834 haec
3391 1765 3717 1837 incidenter
3761 1761 3924 1832 dicta

2271 1860 2450 1919 sunto
2484 1875 2496 1912 :
2531 1858 2603 1913 ad
2633 1857 2865 1913 Othloni
2896 1873 3072 1929 opera
3099 1860 3479 1914 revertamur.

2341 1948 2395 2001 8.
2427 1947 2616 2001 Sermo
2646 1948 2703 2002 in
2733 1948 2920 2004 Natali
2947 1947 3333 2018 apostoloriuu.
3358 1977 3425 1985 —
3447 1942 3764 2014 Othlonum
3793 1956 3921 2014 ser.-

2269 2051 2478 2101 mones
2498 2036 2803 2107 scripsisse
2828 2035 2971 2092 satis
2994 2053 3063 2092 ex
3084 2037 3256 2094 dictis
3281 2034 3644 2108 precedente
3671 2046 3922 2102 numero

2273 2129 2539 2182 constare
2570 2129 2778 2198 potest.
2805 2127 2886 2182 Ex
2932 2125 3026 2181 his
3057 2130 3254 2184 tamen
3293 2141 3409 2190 non
3456 2122 3568 2178 nisi
3597 2121 3758 2177 hunc
3789 2117 3921 2182 uni-

2274 2231 2406 2271 cum
2439 2215 2497 2270 in
2525 2215 2886 2287 autographo
2908 2215 3102 2272 codice
3123 2215 3274 2270 in-4°
3293 2212 3544 2286 posteris
3573 2208 3922 2280 bibliotheca

2273 2304 2830 2361 Emmerammensis
2871 2305 3136 2362 servavit.
3169 2305 3336 2368 Forte
3378 2302 3436 2358 in
3489 2300 3618 2370 aliis
3668 2297 3918 2372 Bavarig

2272 2393 2639 2451 bibliothecis
2671 2393 2868 2466 plures
2897 2397 3237 2466 supersunt,
3265 2409 3416 2465 quos
3446 2392 3518 2448 ob
3552 2386 3917 2450 Othlonianm

2273 2500 2485 2540 manus
2513 2484 2863 2555 elegantiam
2893 2488 2950 2540 et
2979 2483 3395 2540 rotunditatem
3422 2482 3498 2544 ab
3527 2479 3663 2544 aliis
3696 2476 3918 2550 discors

2274 2589 2409 2629 nere
2439 2573 2608 2628 nobis
2639 2591 2753 2629 non
2784 2575 3102 2629 admodum
3135 2571 3372 2628 difﬁcile
3401 2571 3564 2628 foret.

2341 2681 2395 2737 9.
2432 2682 2588 2736 Liber
2624 2683 2921 2736 visionum.
2947 2713 3015 2722 —
3046 2685 3212 2735 Hunc
3256 2677 3546 2750 insignem
3579 2675 3817 2739 librum,
3851 2689 3920 2729 ex

2273 2786 2388 2840 quo
2420 2769 2607 2825 multa
2635 2770 2888 2842 egregia,
2921 2769 3226 2824 historiam
3257 2767 3452 2823 saeculi
3484 2784 3542 2821 x1
3573 2761 3917 2832 spectantia,

2274 2875 2381 2914 nec
2412 2858 2577 2913 ullibi
2630 2859 2772 2915 alias
2803 2859 2973 2914 obvia
3011 2858 3416 2930 intelligimus,
3446 2853 3736 2911 Othlonus
3788 2855 3922 2923 post

2272 2946 2489 3002 librum
2525 2951 2594 3003 De
2623 2949 2910 3019 spirituali
2937 2949 3198 3004 doctrina
3225 2951 3282 3003 et
3309 2945 3609 3016 dialogum
3641 2944 3714 3000 De
3745 2942 3923 2996 tribus

2273 3037 2687 3107 quaestionibus,
2712 3037 2905 3092 Fuldas
2926 3053 3107 3109 agens
3129 3035 3476 3107 composuit.
3495 3035 3625 3098 .Qua
3649 3033 3720 3087 de
3750 3047 3811 3085 re
3841 3029 3925 3084 ita

2272 3125 2398 3196 ipse
2419 3126 2478 3180 in
2500 3125 2649 3181 libro
2677 3127 2749 3180 De
2767 3128 3036 3181 tentation
3046 3127 3162 3182 ibus
3181 3130 3235 3181 et
3253 3124 3472 3194 scriptis
3495 3124 3612 3178 suis
3644 3118 3878 3175 disserit
3901 3133 3920 3170 :

2279 3237 2300 3263 ε
2338 3214 2579 3269 Librum
2595 3231 2729 3270 vero
2745 3216 3051 3270 Visionum
3065 3261 3077 3284 ,
3091 3215 3226 3270 licet
3242 3219 3375 3286 post
3391 3214 3540 3269 duos
3558 3207 3893 3282 scripserim
3905 3247 3918 3269 ,

2274 3324 2302 3353 «
2331 3304 2390 3358 in
2423 3303 2626 3359 ordine
2657 3308 2849 3359 tamen
2883 3306 3206 3360 secundum
3231 3304 3362 3359 ideo
3384 3301 3652 3373 posui,ut
3672 3297 3772 3353 illa
3791 3299 3926 3353 doc-

2273 3414 2302 3441 ‹‹
2333 3392 2650 3462 trina,quze
2675 3393 2732 3447 in
2768 3392 2941 3464 priori
2975 3393 3171 3448 libello
3193 3395 3289 3461 (De
3311 3393 3485 3447 tribus
3505 3387 3920 3460 quaestionibus)

2272 3503 2299 3527 ‹‹
2333 3480 2508 3534 variis
2539 3481 2762 3550 prolata
2796 3486 2884 3536 est
2915 3482 3238 3542 sententiis,
3263 3480 3321 3532 in
3356 3480 3464 3532 hoc
3489 3492 3723 3547 quoque
3743 3474 3918 3530 variis

2273 3589 2301 3617 «
2335 3569 2808 3624 corroboraretur
2859 3567 3176 3638 exemplis;
3227 3581 3409 3636 eaque
3457 3563 3720 3620 tenacius
3769 3578 3920 3632 prm-

2277 3678 2305 3706 ‹‹
2335 3657 2520 3712 missa
2548 3674 2736 3713 amico
2775 3658 3098 3713 inhaereant
3128 3657 3322 3723 verba,
3355 3671 3482 3725 quas
3517 3650 3723 3721 majori
3757 3649 3918 3719 testi-

2279 3769 2299 3793 ι
2336 3746 2532 3800 monio
2547 3753 2667 3801 tam
2692 3746 2924 3817 pietatis
2941 3763 3116 3817 quam
3137 3743 3462 3801 severitatis
3476 3740 3684 3796 divinas
3706 3739 3762 3793 in
3783 3739 3919 3795 sub-

2274 3853 2303 3881 α
2335 3834 2719 3904 sequentibus
2761 3835 3268 3896 commendantur,
3299 3833 3360 3885 in
3400 3844 3619 3885 morem
3653 3825 3921 3882 videlicet

2280 3939 2302 3968 ι
2335 3920 2599 3977 lautioris
2630 3922 2764 3990 cibi,
2781 3923 2878 3992 qui
2904 3923 3092 3991 primo
3114 3937 3268 3992 aqua
3294 3935 3440 3990 pura
3461 3921 3683 3984 coctus,
3707 3914 3918 3970 deinde

2273 4031 2301 4058 ‹‹
2335 4009 2530 4080 aliqua
2547 4011 2690 4066 aceti
2711 4010 2794 4065 vel
2815 4011 2990 4066 etiam
3020 4009 3232 4082 piperis
3249 4007 3570 4076 adiectione
3585 4003 3917 4059 accuratius

2272 4119 2301 4146 ‹‹
2339 4102 2716 4169 praeparatur.
2741 4098 2876 4153 Sola
2905 4100 3060 4154 enim
3092 4098 3350 4154 lenitatis
3370 4095 3545 4150 verba
3575 4091 3917 4148 indocendo

2277 4207 2298 4232 ι
2335 4186 2583 4256 prolata,
2616 4187 2781 4257 quasi
2835 4187 3072 4258 quidam
3105 4186 3218 4240 cibi
3254 4185 3310 4239 in
3344 4183 3469 4240 sola
3493 4199 3652 4254 aqua
3697 4177 3945 4236 excocti-

2273 4296 2300 4321 «
2334 4279 2579 4345 possunt
2595 4274 2862 4347 intelligi.
2879 4275 2988 4330 Sed
3009 4292 3142 4332 cum
3157 4273 3367 4330 dehinc
3384 4272 3579 4342 aliqua
3594 4267 3917 4330 severitatis

2277 4382 2303 4412 α
2333 4378 2493 4418 exem
2504 4362 2599 4434 pla
2620 4363 3037 4432 admiscentur,
3056 4362 3213 4418 velut
3235 4379 3434 4419 amaro
3456 4351 3600 4422 aceti
3623 4374 3722 4416 seu
3747 4356 3914 4440 pipe-

2271 4472 2300 4500 «
2334 4451 2413 4505 ris
2445 4450 2845 4508 additamento
2869 4451 3104 4508 condita
3130 4451 3370 4511 fercula,
3394 4454 3458 4503 ut
3488 4447 3756 4508 suaviora
3788 4446 3912 4500 et'fi-

2272 4562 2298 4588 «
2333 4539 2580 4605 ciantur,
2634 4557 2745 4594 non
2803 4541 3122 4611 incongrue
3177 4538 3603 4609 intelliguntur.
3664 4535 3916 4606 Apparet

515 4641 547 4686 ᾳ(
580 4620 852 4678 ﬁdelibus
894 4642 1059 4680 sacra
1103 4628 1295 4698 potius
1327 4645 1502 4699 quam
1539 4628 1779 4698 gentilia
1827 4628 2161 4684 rudimenta
2188 4638 2236 4706 D
2271 4626 2504 4700 «igitur
2525 4629 2664 4700 quia
2695 4629 2847 4684 sicut
2867 4629 3032 4684 cibus
3053 4633 3171 4684 tam
3197 4627 3414 4683 amaris
3437 4639 3613 4696 quam
3634 4620 3912 4677 suavibus

505 4731 542 4780 μ
577 4709 854 4782 primitus
875 4713 992 4768 sint
1012 4715 1356 4785 exhibenda,
1383 4721 1445 4771 ut
1475 4717 1531 4770 in
1553 4717 1645 4771 his
1667 4716 2039 4787 aliquatenus
2071 4717 2157 4772 in-

511 4821 544 4848 ‹‹
581 4800 807 4870 structi,
824 4808 1026 4872 postea
1051 4805 1354 4860 saeculares
1377 4805 1600 4861 litteras
1625 4806 1727 4860 arti
1753 4805 2161 4860 Grammaticas

517 4909 541 4934 ι
575 4904 863 4960 congruas
895 4893 1159 4948 securius
1187 4894 1474 4963 discant,»
1496 4894 1777 4965 etc.Opus
1809 4894 1917 4949 hoc
1948 4894 2159 4948 extuli-

508 4991 647 5046 mus
667 4993 735 5032 ex
756 4981 1122 5053 autographo
1145 4983 1667 5038 Emmerammensi
1699 4983 1863 5038 in-to.
1886 4984 2086 5038 Exstat
2106 4987 2162 5037 et

499 5063 666 5134 aliud
694 5069 1124 5142 autographum
1149 5071 1204 5126 in
1230 5070 1584 5127 bibliotheca
1603 5073 2041 5143 Tegernseensi,
2059 5071 2158 5126 sed

503 5153 797 5228 principio
847 5157 1144 5213 mutilum.
1183 5159 1356 5214 Porro
1396 5159 1454 5213 in
1487 5161 1688 5214 eadem
1741 5161 2159 5231 Tegernseensi

501 5242 864 5300 bibliotheca
887 5246 1174 5319 reperitur
1190 5248 1362 5303 etiam
1382 5247 1534 5306 alius
1552 5249 1728 5304 codex
1748 5248 2159 5303 membraneus

502 5331 803 5398 in-8°,sub
837 5334 1014 5389 linem
1047 5336 1240 5392 saeculi
1275 5354 1356 5391 xu
1399 5341 1687 5405 exaratus,
1719 5337 2026 5391 continens
2057 5353 2156 5391 cu-

494 5420 745 5492 jusdam
773 5424 995 5479 Henrici
1020 5426 1321 5495 proverbia
1352 5430 1590 5488 (rentum,
1618 5424 1725 5479 hoc
1755 5425 1902 5480 init:
1936 5426 2058 5480 Pax
2086 5427 2158 5478 sit

505 5509 743 5565 Henrico
780 5511 882 5566 Dei
929 5513 1124 5583 amico,
1157 5518 1287 5579 etc.;
1321 5515 1420 5584 qui
1469 5513 1752 5568 Henricus
1787 5531 1900 5568 non
1932 5513 2159 5568 videtur

508 5596 776 5654 diversus
809 5601 881 5655 ab
909 5600 1006 5655 illo
1040 5601 1284 5657 Henrico
1311 5602 1762 5674 Septimellensi,
1784 5604 1853 5658 de
1880 5620 1995 5674 quo
2025 5619 2156 5658 eru-

497 5685 629 5762 dite
663 5687 783 5762 agit
811 5688 1163 5766 Polycarpus
1195 5691 1477 5766 Leyserus
1508 5691 1565 5746 in
1598 5692 1833 5748 Historia
1864 5693 2154 5752 Poetarum

2275 4739 2301 4766 «
2333 4717 2721 4772 condimentis
2734 4725 2933 4774 coctus
2951 4717 3178 4773 avidius
3196 4713 3566 4778 sumitur,ita
3580 4708 3915 4778 etdoctrina

2271 4827 2300 4854 «
2335 4805 2752 4861 blandimentis
2770 4806 3005 4876 quidem
3026 4804 3421 4873 inchoata,sed
3441 4801 3650 4856 deinde
3662 4798 3913 4867 alicujus

2271 4916 2300 4943 «
2334 4894 2658 4949 severitatis
2676 4894 2986 4949 commista
3007 4891 3288 4964 exemplis
3309 4890 3632 4949 studiosius
3653 4887 3910 4944 auditur.

2271 5005 2298 5032 ‹‹
2333 4983 2494 5038 Unde
2523 4988 2579 5037 et
2609 4981 2914 5054 Apostolus
2947 4983 3242 5038 doctorem
3265 4979 3586 5052 quemlibet
3615 4977 3912 5032 instruens

2270 5094 2297 5120 «
2332 5071 2441 5126 ait:
2463 5076 2662 5142 Argue,
2677 5072 2916 5140 obsecra,
2932 5073 3177 5141 increpa,
3192 5071 3247 5125 id
3267 5075 3374 5132 est,
3388 5065 3791 5130 blandimenta
3805 5068 3914 5120 ter-

2273 5182 2301 5211 α
2334 5158 2566 5216 roribus
2593 5160 2946 5216 admisce.——
2966 5161 3029 5215 ln
3053 5156 3326 5214 Fuldensi
3348 5157 3528 5226 igitur
3558 5152 3911 5218 monasterio

2270 5271 2297 5298 ‹‹
2331 5247 2580 5320 positus,
2599 5253 2658 5305 et
2689 5253 2898 5320 optatae
2931 5246 3374 5318 tranquillitatis
3403 5249 3579 5314 atque
3609 5239 3911 5308 charitatis

2270 5360 2297 5386 ‹‹
2332 5338 2483 5392 dono
2514 5337 2730 5392 ibidem
2763 5336 3003 5408 potitus,
3029 5336 3362 5406 frequenter
3389 5330 3630 5387 tractavi
3665 5329 3914 5402 qualiter

2275 5443 2434 5497 «pro
2493 5426 2758 5497 ejusdem
2815 5423 3253 5496 tranquillitatis
3307 5421 3497 5493 gratia
3553 5419 3752 5486 Deo,a
3795 5433 3910 5490 quo

2269 5538 2295 5563 «
2332 5515 2470 5568 mihi
2506 5515 2642 5570 data
2683 5518 2794 5577 est,
2825 5517 3017 5585 grates
3056 5510 3647 5580 ret'errem.Magnum
3693 5506 3911 5577 quippe

2272 5626 2292 5652 α
2330 5603 2470 5657 mihi
2496 5608 2634 5657 tunc
2655 5602 2960 5658 videbatur
2989 5601 3048 5656 in
3073 5600 3272 5656 eodem
3297 5595 3651 5654 monasterio
3671 5593 3908 5668 paciﬁco

2267 5713 2295 5742 ‹‹
2326 5693 2560 5750 incessu
2579 5708 2750 5766 posse
2769 5689 3164 5750 deambulare.
3180 5690 3541 5764 Quapropter
3555 5684 3818 5759 animum
3836 5679 3906 5736 ad
