  <div class='ocr_page' id='page_1' title='image "/cluster/home/n/w/nwhite01/storage/ocr_20150623/146/hvd.32044054760053/015.png"; bbox 0 0 4118 6188; ppageno 0'>
   <div class='ocr_carea' id='block_1_1' title="bbox 232 374 3636 445">
    <p class='ocr_par' dir='ltr' id='par_1_1' title="bbox 232 374 3636 445">
     <span class='ocr_line' id='line_1_1' title="bbox 232 374 3636 445; baseline -0.001 0"><span class='ocrx_word' id='word_1_1' title='bbox 232 378 309 445; x_wconf 75' lang='grc'>19</span> <span class='ocrx_word' id='word_1_2' title='bbox 1167 382 1581 445; x_wconf 87' lang='lat' dir='ltr'>OTHLONUS</span> <span class='ocrx_word' id='word_1_3' title='bbox 1629 378 2053 443; x_wconf 84' lang='lat' dir='ltr'>MONACHUS</span> <span class='ocrx_word' id='word_1_4' title='bbox 2100 378 2161 439; x_wconf 92' lang='lat' dir='ltr'>S.</span> <span class='ocrx_word' id='word_1_5' title='bbox 2209 378 2698 442; x_wconf 80' lang='lat' dir='ltr'>EMMEBAMMI</span> <span class='ocrx_word' id='word_1_6' title='bbox 3558 374 3636 440; x_wconf 76' lang='grc'>20</span> 
     </span>
    </p>
   </div>
   <div class='ocr_carea' id='block_1_2' title="bbox 238 508 3636 589">
    <p class='ocr_par' dir='ltr' id='par_1_2' title="bbox 238 508 3636 589">
     <span class='ocr_line' id='line_1_2' title="bbox 238 508 3636 589; baseline -0.002 -16"><span class='ocrx_word' id='word_1_7' title='bbox 238 539 267 568; x_wconf 81' lang='grc' dir='ltr'>ι(</span> <span class='ocrx_word' id='word_1_8' title='bbox 296 517 638 573; x_wconf 87' lang='lat' dir='ltr'>deferendas</span> <span class='ocrx_word' id='word_1_9' title='bbox 668 516 781 573; x_wconf 91' lang='lat' dir='ltr'>Deo</span> <span class='ocrx_word' id='word_1_10' title='bbox 811 515 1028 589; x_wconf 82' lang='lat' dir='ltr'>gratias</span> <span class='ocrx_word' id='word_1_11' title='bbox 1064 515 1399 571; x_wconf 86' lang='lat' dir='ltr'>omnimodo</span> <span class='ocrx_word' id='word_1_12' title='bbox 1429 518 1790 579; x_wconf 89' lang='lat' dir='ltr'>convertens,</span> <span class='ocrx_word' id='word_1_13' title='bbox 1824 517 1879 568; x_wconf 88' lang='lat' dir='ltr'>et</span> <span class='ocrx_word' id='word_1_14' title='bbox 1908 514 1963 579; x_wconf 83' lang='grc' dir='ltr'><strong>Α</strong></span> <span class='ocrx_word' id='word_1_15' title='bbox 1992 513 2291 578; x_wconf 86' lang='lat' dir='ltr'>Patres,ut</span> <span class='ocrx_word' id='word_1_16' title='bbox 2312 513 2383 567; x_wconf 91' lang='lat' dir='ltr'>ab</span> <span class='ocrx_word' id='word_1_17' title='bbox 2410 513 2635 567; x_wconf 89' lang='lat' dir='ltr'>erudito</span> <span class='ocrx_word' id='word_1_18' title='bbox 2658 511 2912 583; x_wconf 88' lang='lat' dir='ltr'>quodam</span> <span class='ocrx_word' id='word_1_19' title='bbox 2936 510 3223 567; x_wconf 77' lang='lat' dir='ltr'>coenobita</span> <span class='ocrx_word' id='word_1_20' title='bbox 3243 508 3636 567; x_wconf 72' lang='lat' dir='ltr'>Lunaelacensi</span> 
     </span>
    </p>
   </div>
   <div class='ocr_carea' id='block_1_3' title="bbox 239 602 1880 678">
    <p class='ocr_par' dir='ltr' id='par_1_3' title="bbox 239 602 1880 678">
     <span class='ocr_line' id='line_1_3' title="bbox 239 602 1880 678; baseline -0.001 -21"><span class='ocrx_word' id='word_1_21' title='bbox 239 630 267 657; x_wconf 83' lang='lat'>«</span> <span class='ocrx_word' id='word_1_22' title='bbox 300 608 348 663; x_wconf 90' lang='lat' dir='ltr'>si</span> <span class='ocrx_word' id='word_1_23' title='bbox 382 623 498 678; x_wconf 89' lang='lat' dir='ltr'>qua</span> <span class='ocrx_word' id='word_1_24' title='bbox 528 606 782 661; x_wconf 78' lang='lat' dir='ltr'>dictandi</span> <span class='ocrx_word' id='word_1_25' title='bbox 816 604 1058 659; x_wconf 80' lang='lat' dir='ltr'>materia</span> <span class='ocrx_word' id='word_1_26' title='bbox 1102 609 1233 675; x_wconf 88' lang='lat' dir='ltr'>apte</span> <span class='ocrx_word' id='word_1_27' title='bbox 1282 603 1617 669; x_wconf 86' lang='lat' dir='ltr'>occurrerit,</span> <span class='ocrx_word' id='word_1_28' title='bbox 1660 602 1880 657; x_wconf 87' lang='lat' dir='ltr'>diutius</span> 
     </span>
    </p>
   </div>
   <div class='ocr_carea' id='block_1_4' title="bbox 238 692 1879 767">
    <p class='ocr_par' dir='ltr' id='par_1_4' title="bbox 238 692 1879 767">
     <span class='ocr_line' id='line_1_4' title="bbox 238 692 1879 767; baseline 0 -20"><span class='ocrx_word' id='word_1_29' title='bbox 238 720 267 747; x_wconf 87' lang='grc'>‹‹</span> <span class='ocrx_word' id='word_1_30' title='bbox 300 697 630 767; x_wconf 79' lang='lat' dir='ltr'>exquirens,</span> <span class='ocrx_word' id='word_1_31' title='bbox 657 694 840 765; x_wconf 89' lang='lat' dir='ltr'>reperi</span> <span class='ocrx_word' id='word_1_32' title='bbox 875 695 1108 748; x_wconf 83' lang='lat' dir='ltr'>tandem</span> <span class='ocrx_word' id='word_1_33' title='bbox 1144 693 1458 763; x_wconf 80' lang='lat' dir='ltr'>quamdam</span> <span class='ocrx_word' id='word_1_34' title='bbox 1492 692 1749 746; x_wconf 83' lang='lat' dir='ltr'>dictandi</span> <span class='ocrx_word' id='word_1_35' title='bbox 1781 708 1879 747; x_wconf 91' lang='lat' dir='ltr'>oc-</span> 
     </span>
    </p>
   </div>
   <div class='ocr_carea' id='block_1_5' title="bbox 238 781 1879 851">
    <p class='ocr_par' dir='ltr' id='par_1_5' title="bbox 238 781 1879 851">
     <span class='ocr_line' id='line_1_5' title="bbox 238 781 1879 851; baseline -0.001 -16"><span class='ocrx_word' id='word_1_36' title='bbox 238 807 266 835; x_wconf 85' lang='lat'>«</span> <span class='ocrx_word' id='word_1_37' title='bbox 301 785 616 849; x_wconf 89' lang='lat' dir='ltr'>casionem,</span> <span class='ocrx_word' id='word_1_38' title='bbox 638 785 868 838; x_wconf 77' lang='lat' dir='ltr'>visiones</span> <span class='ocrx_word' id='word_1_39' title='bbox 889 781 1339 851; x_wconf 87' lang='lat' dir='ltr'>videlicet,quas</span> <span class='ocrx_word' id='word_1_40' title='bbox 1370 786 1425 835; x_wconf 90' lang='lat' dir='ltr'>et</span> <span class='ocrx_word' id='word_1_41' title='bbox 1454 797 1557 851; x_wconf 86' lang='lat' dir='ltr'>ego</span> <span class='ocrx_word' id='word_1_42' title='bbox 1582 781 1879 851; x_wconf 87' lang='lat' dir='ltr'>quondam</span> 
     </span>
    </p>
   </div>
   <div class='ocr_carea' id='block_1_6' title="bbox 238 868 1878 943">
    <p class='ocr_par' dir='ltr' id='par_1_6' title="bbox 238 868 1878 943">
     <span class='ocr_line' id='line_1_6' title="bbox 238 868 1878 943; baseline -0.002 -19"><span class='ocrx_word' id='word_1_43' title='bbox 238 898 267 925; x_wconf 87' lang='lat'><strong>«</strong></span> <span class='ocrx_word' id='word_1_44' title='bbox 299 873 441 938; x_wconf 88' lang='lat' dir='ltr'>vidi,</span> <span class='ocrx_word' id='word_1_45' title='bbox 464 878 520 927; x_wconf 84' lang='lat' dir='ltr'>et</span> <span class='ocrx_word' id='word_1_46' title='bbox 552 873 623 927; x_wconf 90' lang='lat' dir='ltr'>ab</span> <span class='ocrx_word' id='word_1_47' title='bbox 650 872 780 927; x_wconf 89' lang='lat' dir='ltr'>aliis</span> <span class='ocrx_word' id='word_1_48' title='bbox 814 888 914 943; x_wconf 90' lang='lat' dir='ltr'>per</span> <span class='ocrx_word' id='word_1_49' title='bbox 944 871 1069 925; x_wconf 89' lang='lat' dir='ltr'>loca</span> <span class='ocrx_word' id='word_1_50' title='bbox 1091 870 1318 924; x_wconf 76' lang='lat' dir='ltr'>diversa</span> <span class='ocrx_word' id='word_1_51' title='bbox 1352 870 1643 941; x_wconf 84' lang='lat' dir='ltr'>profectus</span> <span class='ocrx_word' id='word_1_52' title='bbox 1665 868 1878 923; x_wconf 86' lang='lat' dir='ltr'>audivi.</span> 
     </span>
    </p>
   </div>
   <div class='ocr_carea' id='block_1_7' title="bbox 238 958 1882 1032">
    <p class='ocr_par' dir='ltr' id='par_1_7' title="bbox 238 958 1882 1032">
     <span class='ocr_line' id='line_1_7' title="bbox 238 958 1882 1032; baseline 0 -19"><span class='ocrx_word' id='word_1_53' title='bbox 238 986 265 1013; x_wconf 88' lang='grc'>‹‹</span> <span class='ocrx_word' id='word_1_54' title='bbox 300 964 416 1017; x_wconf 88' lang='lat' dir='ltr'>Has</span> <span class='ocrx_word' id='word_1_55' title='bbox 448 978 700 1032; x_wconf 89' lang='lat' dir='ltr'>namque</span> <span class='ocrx_word' id='word_1_56' title='bbox 734 962 804 1015; x_wconf 89' lang='lat' dir='ltr'>ad</span> <span class='ocrx_word' id='word_1_57' title='bbox 838 960 1157 1013; x_wconf 89' lang='lat' dir='ltr'>multorum</span> <span class='ocrx_word' id='word_1_58' title='bbox 1200 959 1467 1013; x_wconf 82' lang='lat' dir='ltr'>notitiam</span> <span class='ocrx_word' id='word_1_59' title='bbox 1500 959 1722 1013; x_wconf 78' lang='lat' dir='ltr'>deferre</span> <span class='ocrx_word' id='word_1_60' title='bbox 1752 958 1882 1013; x_wconf 90' lang='lat' dir='ltr'>ideo</span> 
     </span>
    </p>
   </div>
   <div class='ocr_carea' id='block_1_8' title="bbox 240 1047 1882 1119">
    <p class='ocr_par' dir='ltr' id='par_1_8' title="bbox 240 1047 1882 1119">
     <span class='ocr_line' id='line_1_8' title="bbox 240 1047 1882 1119; baseline -0.002 -14"><span class='ocrx_word' id='word_1_61' title='bbox 240 1075 267 1101; x_wconf 83' lang='lat'>«</span> <span class='ocrx_word' id='word_1_62' title='bbox 300 1050 442 1105; x_wconf 83' lang='lat' dir='ltr'>utile</span> <span class='ocrx_word' id='word_1_63' title='bbox 472 1067 598 1105; x_wconf 91' lang='lat' dir='ltr'>esse</span> <span class='ocrx_word' id='word_1_64' title='bbox 626 1048 972 1111; x_wconf 85' lang='lat' dir='ltr'>arbitrabar,</span> <span class='ocrx_word' id='word_1_65' title='bbox 995 1048 1132 1119; x_wconf 85' lang='lat' dir='ltr'>quia</span> <span class='ocrx_word' id='word_1_66' title='bbox 1164 1048 1333 1102; x_wconf 86' lang='lat' dir='ltr'>credo</span> <span class='ocrx_word' id='word_1_67' title='bbox 1358 1048 1427 1101; x_wconf 83' lang='lat' dir='ltr'>ad</span> <span class='ocrx_word' id='word_1_68' title='bbox 1461 1064 1663 1101; x_wconf 91' lang='lat' dir='ltr'>omnes</span> <span class='ocrx_word' id='word_1_69' title='bbox 1694 1047 1882 1102; x_wconf 90' lang='lat' dir='ltr'>homi-</span> 
     </span>
    </p>
   </div>
   <div class='ocr_carea' id='block_1_9' title="bbox 1992 600 3636 672">
    <p class='ocr_par' dir='ltr' id='par_1_9' title="bbox 1992 600 3636 672">
     <span class='ocr_line' id='line_1_9' title="bbox 1992 600 3636 672; baseline 0 -15"><span class='ocrx_word' id='word_1_70' title='bbox 1992 618 2059 657; x_wconf 89' lang='lat' dir='ltr'>ea</span> <span class='ocrx_word' id='word_1_71' title='bbox 2090 602 2319 672; x_wconf 89' lang='lat' dir='ltr'>aliaque</span> <span class='ocrx_word' id='word_1_72' title='bbox 2367 603 2564 658; x_wconf 88' lang='lat' dir='ltr'>omnia</span> <span class='ocrx_word' id='word_1_73' title='bbox 2591 603 2648 657; x_wconf 93' lang='lat' dir='ltr'>S.</span> <span class='ocrx_word' id='word_1_74' title='bbox 2681 600 2974 671; x_wconf 84' lang='lat' dir='ltr'>Wolfangi</span> <span class='ocrx_word' id='word_1_75' title='bbox 3026 601 3311 656; x_wconf 88' lang='lat' dir='ltr'>miracula</span> <span class='ocrx_word' id='word_1_76' title='bbox 3360 601 3636 657; x_wconf 89' lang='lat' dir='ltr'>idiomate</span> 
     </span>
    </p>
   </div>
   <div class='ocr_carea' id='block_1_10' title="bbox 1995 690 3636 757">
    <p class='ocr_par' dir='ltr' id='par_1_10' title="bbox 1995 690 3636 757">
     <span class='ocr_line' id='line_1_10' title="bbox 1995 690 3636 757; baseline 0.001 -12"><span class='ocrx_word' id='word_1_77' title='bbox 1995 692 2197 746; x_wconf 90' lang='lat' dir='ltr'>Latino</span> <span class='ocrx_word' id='word_1_78' title='bbox 2229 691 2688 757; x_wconf 88' lang='lat' dir='ltr'>censeribantur,</span> <span class='ocrx_word' id='word_1_79' title='bbox 2723 691 2831 747; x_wconf 91' lang='lat' dir='ltr'>hoc</span> <span class='ocrx_word' id='word_1_80' title='bbox 2883 709 2997 745; x_wconf 91' lang='lat' dir='ltr'>non</span> <span class='ocrx_word' id='word_1_81' title='bbox 3029 690 3162 757; x_wconf 91' lang='lat' dir='ltr'>alio,</span> <span class='ocrx_word' id='word_1_82' title='bbox 3198 692 3371 746; x_wconf 90' lang='lat' dir='ltr'>modo</span> <span class='ocrx_word' id='word_1_83' title='bbox 3402 692 3461 745; x_wconf 81' lang='lat' dir='ltr'>in</span> <span class='ocrx_word' id='word_1_84' title='bbox 3508 708 3636 746; x_wconf 87' lang='lat' dir='ltr'>am-</span> 
     </span>
    </p>
   </div>
   <div class='ocr_carea' id='block_1_11' title="bbox 1995 780 3500 853">
    <p class='ocr_par' dir='ltr' id='par_1_11' title="bbox 1995 780 3500 853">
     <span class='ocr_line' id='line_1_11' title="bbox 1995 780 3500 853; baseline 0 -18"><span class='ocrx_word' id='word_1_85' title='bbox 1995 780 2325 851; x_wconf 89' lang='lat' dir='ltr'>plissimum</span> <span class='ocrx_word' id='word_1_86' title='bbox 2360 798 2506 853; x_wconf 89' lang='lat' dir='ltr'>opus</span> <span class='ocrx_word' id='word_1_87' title='bbox 2537 782 2606 836; x_wconf 91' lang='lat' dir='ltr'>de</span> <span class='ocrx_word' id='word_1_88' title='bbox 2637 783 2782 835; x_wconf 84' lang='lat' dir='ltr'>Actis</span> <span class='ocrx_word' id='word_1_89' title='bbox 2814 781 3138 835; x_wconf 86' lang='lat' dir='ltr'>Sanctorum</span> <span class='ocrx_word' id='word_1_90' title='bbox 3169 781 3500 835; x_wconf 89' lang='lat' dir='ltr'>inserenda.</span> 
     </span>
    </p>
   </div>
   <div class='ocr_carea' id='block_1_12' title="bbox 2066 868 3639 925">
    <p class='ocr_par' dir='ltr' id='par_1_12' title="bbox 2066 868 3639 925">
     <span class='ocr_line' id='line_1_12' title="bbox 2066 868 3639 925; baseline 0 -1"><span class='ocrx_word' id='word_1_91' title='bbox 2066 870 2151 924; x_wconf 84' lang='lat'><strong>11.</strong></span> <span class='ocrx_word' id='word_1_92' title='bbox 2184 870 2411 925; x_wconf 87' lang='lat' dir='ltr'>Passim</span> <span class='ocrx_word' id='word_1_93' title='bbox 2462 870 2520 924; x_wconf 92' lang='lat' dir='ltr'>in</span> <span class='ocrx_word' id='word_1_94' title='bbox 2582 870 2951 925; x_wconf 86' lang='lat' dir='ltr'>bibliothecis</span> <span class='ocrx_word' id='word_1_95' title='bbox 3008 868 3329 923; x_wconf 66' lang='lat' dir='ltr'>Germaniae</span> <span class='ocrx_word' id='word_1_96' title='bbox 3390 870 3639 924; x_wconf 90' lang='lat' dir='ltr'>occurrit</span> 
     </span>
    </p>
   </div>
   <div class='ocr_carea' id='block_1_13' title="bbox 1997 959 3636 1030">
    <p class='ocr_par' dir='ltr' id='par_1_13' title="bbox 1997 959 3636 1030">
     <span class='ocr_line' id='line_1_13' title="bbox 1997 959 3636 1030; baseline 0.001 -17"><span class='ocrx_word' id='word_1_97' title='bbox 1997 960 2116 1013; x_wconf 80' lang='lat' dir='ltr'>Vita</span> <span class='ocrx_word' id='word_1_98' title='bbox 2149 960 2201 1013; x_wconf 90' lang='lat' dir='ltr'>S.</span> <span class='ocrx_word' id='word_1_99' title='bbox 2235 959 2453 1014; x_wconf 83' lang='lat' dir='ltr'>Nicolai</span> <span class='ocrx_word' id='word_1_100' title='bbox 2501 976 2583 1030; x_wconf 84' lang='lat' dir='ltr'>ep.</span> <span class='ocrx_word' id='word_1_101' title='bbox 2617 959 2949 1030; x_wconf 82' lang='lat' dir='ltr'>Myrrhensis</span> <span class='ocrx_word' id='word_1_102' title='bbox 2982 962 3215 1013; x_wconf 88' lang='lat' dir='ltr'>auctore</span> <span class='ocrx_word' id='word_1_103' title='bbox 3257 959 3483 1029; x_wconf 86' lang='lat' dir='ltr'>Joanne</span> <span class='ocrx_word' id='word_1_104' title='bbox 3513 960 3636 1014; x_wconf 92' lang='lat' dir='ltr'>dia-</span> 
     </span>
    </p>
   </div>
   <div class='ocr_carea' id='block_1_14' title="bbox 1993 1046 3636 1119">
    <p class='ocr_par' dir='ltr' id='par_1_14' title="bbox 1993 1046 3636 1119">
     <span class='ocr_line' id='line_1_14' title="bbox 1993 1046 3636 1119; baseline 0 -17"><span class='ocrx_word' id='word_1_105' title='bbox 1993 1064 2157 1114; x_wconf 89' lang='lat' dir='ltr'>cono,</span> <span class='ocrx_word' id='word_1_106' title='bbox 2194 1048 2290 1119; x_wconf 90' lang='lat' dir='ltr'>qui</span> <span class='ocrx_word' id='word_1_107' title='bbox 2324 1064 2384 1101; x_wconf 90' lang='lat' dir='ltr'>se</span> <span class='ocrx_word' id='word_1_108' title='bbox 2413 1047 2473 1101; x_wconf 91' lang='lat' dir='ltr'>in</span> <span class='ocrx_word' id='word_1_109' title='bbox 2519 1047 2758 1119; x_wconf 82' lang='lat' dir='ltr'>prologo</span> <span class='ocrx_word' id='word_1_110' title='bbox 2806 1064 3025 1101; x_wconf 83' lang='lat' dir='ltr'>servum</span> <span class='ocrx_word' id='word_1_111' title='bbox 3073 1046 3127 1100; x_wconf 88' lang='lat' dir='ltr'>S.</span> <span class='ocrx_word' id='word_1_112' title='bbox 3160 1048 3424 1102; x_wconf 77' lang='lat' dir='ltr'>Januarii</span> <span class='ocrx_word' id='word_1_113' title='bbox 3450 1051 3636 1102; x_wconf 84' lang='lat' dir='ltr'>vocat.</span> 
     </span>
    </p>
   </div>
   <div class='ocr_carea' id='block_1_15' title="bbox 239 1134 3638 1210">
    <p class='ocr_par' dir='ltr' id='par_1_15' title="bbox 239 1134 3638 1210">
     <span class='ocr_line' id='line_1_15' title="bbox 239 1134 3638 1210; baseline 0 -20"><span class='ocrx_word' id='word_1_114' title='bbox 239 1164 267 1190; x_wconf 82' lang='lat'><strong>«</strong></span> <span class='ocrx_word' id='word_1_115' title='bbox 301 1157 403 1195; x_wconf 89' lang='lat' dir='ltr'>nes</span> <span class='ocrx_word' id='word_1_116' title='bbox 436 1138 745 1210; x_wconf 80' lang='lat' dir='ltr'>pertinere,</span> <span class='ocrx_word' id='word_1_117' title='bbox 767 1138 996 1208; x_wconf 92' lang='lat' dir='ltr'>quoties</span> <span class='ocrx_word' id='word_1_118' title='bbox 1029 1136 1273 1208; x_wconf 69' lang='lat' dir='ltr'>quilibet</span> <span class='ocrx_word' id='word_1_119' title='bbox 1294 1135 1565 1191; x_wconf 79' lang='lat' dir='ltr'>visitetur</span> <span class='ocrx_word' id='word_1_120' title='bbox 1586 1154 1619 1190; x_wconf 92' lang='lat' dir='ltr'>a</span> <span class='ocrx_word' id='word_1_121' title='bbox 1642 1137 1752 1190; x_wconf 78' lang='lat' dir='ltr'>Deo</span> <span class='ocrx_word' id='word_1_122' title='bbox 1784 1140 1885 1190; x_wconf 89' lang='lat' dir='ltr'>aut</span> <span class='ocrx_word' id='word_1_123' title='bbox 1991 1138 2071 1191; x_wconf 91' lang='lat' dir='ltr'>Ac</span> <span class='ocrx_word' id='word_1_124' title='bbox 2103 1136 2223 1191; x_wconf 69' lang='lat' dir='ltr'>haec</span> <span class='ocrx_word' id='word_1_125' title='bbox 2244 1137 2375 1191; x_wconf 89' lang='lat' dir='ltr'>Vita</span> <span class='ocrx_word' id='word_1_126' title='bbox 2405 1135 2655 1208; x_wconf 84' lang='lat' dir='ltr'>duplicis</span> <span class='ocrx_word' id='word_1_127' title='bbox 2687 1135 2914 1208; x_wconf 87' lang='lat' dir='ltr'>generis</span> <span class='ocrx_word' id='word_1_128' title='bbox 2938 1134 3187 1190; x_wconf 90' lang='lat' dir='ltr'>est.Una</span> <span class='ocrx_word' id='word_1_129' title='bbox 3209 1136 3364 1190; x_wconf 91' lang='lat' dir='ltr'>enim</span> <span class='ocrx_word' id='word_1_130' title='bbox 3388 1135 3638 1207; x_wconf 86' lang='lat' dir='ltr'>singulis</span> 
     </span>
    </p>
   </div>
   <div class='ocr_carea' id='block_1_16' title="bbox 241 1225 1885 1300">
    <p class='ocr_par' dir='ltr' id='par_1_16' title="bbox 241 1225 1885 1300">
     <span class='ocr_line' id='line_1_16' title="bbox 241 1225 1885 1300; baseline 0.001 -21"><span class='ocrx_word' id='word_1_131' title='bbox 241 1252 269 1280; x_wconf 90' lang='grc'><strong>‹‹</strong></span> <span class='ocrx_word' id='word_1_132' title='bbox 302 1245 402 1300; x_wconf 91' lang='lat' dir='ltr'>per</span> <span class='ocrx_word' id='word_1_133' title='bbox 432 1228 895 1299; x_wconf 86' lang='lat' dir='ltr'>castigationem,</span> <span class='ocrx_word' id='word_1_134' title='bbox 925 1231 1024 1281; x_wconf 89' lang='lat' dir='ltr'>aut</span> <span class='ocrx_word' id='word_1_135' title='bbox 1073 1243 1175 1296; x_wconf 88' lang='lat' dir='ltr'>per</span> <span class='ocrx_word' id='word_1_136' title='bbox 1221 1226 1698 1290; x_wconf 80' lang='lat' dir='ltr'>consolationem,</span> <span class='ocrx_word' id='word_1_137' title='bbox 1732 1225 1885 1280; x_wconf 89' lang='lat' dir='ltr'>sicut</span> 
     </span>
    </p>
   </div>
   <div class='ocr_carea' id='block_1_17' title="bbox 240 1313 1881 1388">
    <p class='ocr_par' dir='ltr' id='par_1_17' title="bbox 240 1313 1881 1388">
     <span class='ocr_line' id='line_1_17' title="bbox 240 1313 1881 1388; baseline -0.001 -20"><span class='ocrx_word' id='word_1_138' title='bbox 240 1340 270 1368; x_wconf 84' lang='lat'><strong>«</strong></span> <span class='ocrx_word' id='word_1_139' title='bbox 304 1321 359 1373; x_wconf 92' lang='lat' dir='ltr'>et</span> <span class='ocrx_word' id='word_1_140' title='bbox 391 1317 514 1388; x_wconf 92' lang='lat' dir='ltr'>ipse</span> <span class='ocrx_word' id='word_1_141' title='bbox 544 1316 602 1370; x_wconf 91' lang='lat' dir='ltr'>in</span> <span class='ocrx_word' id='word_1_142' title='bbox 636 1315 943 1387; x_wconf 88' lang='lat' dir='ltr'>Evangelio</span> <span class='ocrx_word' id='word_1_143' title='bbox 976 1315 1113 1369; x_wconf 89' lang='lat' dir='ltr'>dicit</span> <span class='ocrx_word' id='word_1_144' title='bbox 1142 1333 1153 1369; x_wconf 91' lang='lat'>:</span> <span class='ocrx_word' id='word_1_145' title='bbox 1186 1316 1347 1380; x_wconf 89' lang='lat' dir='ltr'>Quod</span> <span class='ocrx_word' id='word_1_146' title='bbox 1383 1315 1482 1368; x_wconf 90' lang='lat' dir='ltr'>uni</span> <span class='ocrx_word' id='word_1_147' title='bbox 1515 1314 1663 1381; x_wconf 86' lang='lat' dir='ltr'>dico,</span> <span class='ocrx_word' id='word_1_148' title='bbox 1689 1313 1881 1368; x_wconf 92' lang='lat' dir='ltr'>omni-</span> 
     </span>
    </p>
   </div>
   <div class='ocr_carea' id='block_1_18' title="bbox 244 1403 1881 1469">
    <p class='ocr_par' dir='ltr' id='par_1_18' title="bbox 244 1403 1881 1469">
     <span class='ocr_line' id='line_1_18' title="bbox 244 1403 1881 1469; baseline -0.003 -8"><span class='ocrx_word' id='word_1_149' title='bbox 244 1428 273 1457; x_wconf 84' lang='grc'>‹‹</span> <span class='ocrx_word' id='word_1_150' title='bbox 304 1408 415 1461; x_wconf 92' lang='lat' dir='ltr'>bus</span> <span class='ocrx_word' id='word_1_151' title='bbox 446 1406 596 1461; x_wconf 89' lang='lat' dir='ltr'>dico.</span> <span class='ocrx_word' id='word_1_152' title='bbox 630 1406 923 1461; x_wconf 88' lang='lat' dir='ltr'>Incitabar</span> <span class='ocrx_word' id='word_1_153' title='bbox 946 1405 1118 1459; x_wconf 87' lang='lat' dir='ltr'>etiam</span> <span class='ocrx_word' id='word_1_154' title='bbox 1142 1422 1208 1458; x_wconf 89' lang='lat' dir='ltr'>ex</span> <span class='ocrx_word' id='word_1_155' title='bbox 1239 1403 1346 1457; x_wconf 90' lang='lat' dir='ltr'>hoc</span> <span class='ocrx_word' id='word_1_156' title='bbox 1377 1405 1447 1457; x_wconf 90' lang='lat' dir='ltr'>ad</span> <span class='ocrx_word' id='word_1_157' title='bbox 1482 1404 1881 1469; x_wconf 90' lang='lat' dir='ltr'>scribendum,</span> 
     </span>
    </p>
   </div>
   <div class='ocr_carea' id='block_1_19' title="bbox 244 1492 1883 1566">
    <p class='ocr_par' dir='ltr' id='par_1_19' title="bbox 244 1492 1883 1566">
     <span class='ocr_line' id='line_1_19' title="bbox 244 1492 1883 1566; baseline 0.001 -21"><span class='ocrx_word' id='word_1_158' title='bbox 244 1518 273 1546; x_wconf 85' lang='lat'><strong>«</strong></span> <span class='ocrx_word' id='word_1_159' title='bbox 305 1496 443 1566; x_wconf 87' lang='lat' dir='ltr'>quia</span> <span class='ocrx_word' id='word_1_160' title='bbox 465 1512 595 1549; x_wconf 92' lang='lat' dir='ltr'>cum</span> <span class='ocrx_word' id='word_1_161' title='bbox 616 1496 753 1550; x_wconf 90' lang='lat' dir='ltr'>olim</span> <span class='ocrx_word' id='word_1_162' title='bbox 787 1493 1015 1549; x_wconf 87' lang='lat' dir='ltr'>libellos</span> <span class='ocrx_word' id='word_1_163' title='bbox 1033 1494 1179 1547; x_wconf 91' lang='lat' dir='ltr'>duos</span> <span class='ocrx_word' id='word_1_164' title='bbox 1201 1493 1504 1557; x_wconf 88' lang='lat' dir='ltr'>ediderim,</span> <span class='ocrx_word' id='word_1_165' title='bbox 1522 1492 1757 1546; x_wconf 90' lang='lat' dir='ltr'>tertium</span> <span class='ocrx_word' id='word_1_166' title='bbox 1782 1509 1883 1563; x_wconf 94' lang='lat' dir='ltr'>pro</span> 
     </span>
    </p>
   </div>
   <div class='ocr_carea' id='block_1_20' title="bbox 246 1580 1884 1652">
    <p class='ocr_par' dir='ltr' id='par_1_20' title="bbox 246 1580 1884 1652">
     <span class='ocr_line' id='line_1_20' title="bbox 246 1580 1884 1652; baseline 0.001 -18"><span class='ocrx_word' id='word_1_167' title='bbox 246 1606 273 1634; x_wconf 87' lang='grc'>‹‹</span> <span class='ocrx_word' id='word_1_168' title='bbox 304 1588 520 1639; x_wconf 75' lang='lat' dir='ltr'>sanctos</span> <span class='ocrx_word' id='word_1_169' title='bbox 551 1584 851 1638; x_wconf 86' lang='lat' dir='ltr'>Trinitatis</span> <span class='ocrx_word' id='word_1_170' title='bbox 884 1584 1122 1645; x_wconf 89' lang='lat' dir='ltr'>honore,</span> <span class='ocrx_word' id='word_1_171' title='bbox 1158 1581 1203 1636; x_wconf 88' lang='lat' dir='ltr'>si</span> <span class='ocrx_word' id='word_1_172' title='bbox 1236 1581 1361 1652; x_wconf 88' lang='lat' dir='ltr'>ipsa</span> <span class='ocrx_word' id='word_1_173' title='bbox 1392 1580 1649 1635; x_wconf 89' lang='lat' dir='ltr'>Trinitas</span> <span class='ocrx_word' id='word_1_174' title='bbox 1678 1581 1884 1651; x_wconf 83' lang='lat' dir='ltr'>digna-</span> 
     </span>
    </p>
   </div>
   <div class='ocr_carea' id='block_1_21' title="bbox 244 1669 1886 1743">
    <p class='ocr_par' dir='ltr' id='par_1_21' title="bbox 244 1669 1886 1743">
     <span class='ocr_line' id='line_1_21' title="bbox 244 1669 1886 1743; baseline -0.002 -16"><span class='ocrx_word' id='word_1_175' title='bbox 244 1695 273 1723; x_wconf 85' lang='lat'><strong>«</strong></span> <span class='ocrx_word' id='word_1_176' title='bbox 304 1678 464 1728; x_wconf 89' lang='lat' dir='ltr'>retur</span> <span class='ocrx_word' id='word_1_177' title='bbox 493 1672 799 1743; x_wconf 84' lang='lat' dir='ltr'>inspirare,</span> <span class='ocrx_word' id='word_1_178' title='bbox 826 1671 1039 1742; x_wconf 70' lang='lat' dir='ltr'>saepius</span> <span class='ocrx_word' id='word_1_179' title='bbox 1061 1670 1253 1741; x_wconf 88' lang='lat' dir='ltr'>optavi</span> <span class='ocrx_word' id='word_1_180' title='bbox 1286 1670 1517 1724; x_wconf 82' lang='lat' dir='ltr'>addere.</span> <span class='ocrx_word' id='word_1_181' title='bbox 1536 1669 1657 1723; x_wconf 92' lang='lat' dir='ltr'>Tali</span> <span class='ocrx_word' id='word_1_182' title='bbox 1690 1670 1886 1741; x_wconf 86' lang='lat' dir='ltr'>itaque</span> 
     </span>
    </p>
   </div>
   <div class='ocr_carea' id='block_1_22' title="bbox 239 1758 1881 1829">
    <p class='ocr_par' dir='ltr' id='par_1_22' title="bbox 239 1758 1881 1829">
     <span class='ocr_line' id='line_1_22' title="bbox 239 1758 1881 1829; baseline -0.003 -11"><span class='ocrx_word' id='word_1_183' title='bbox 239 1784 268 1811; x_wconf 89' lang='grc'>‹‹</span> <span class='ocrx_word' id='word_1_184' title='bbox 302 1778 481 1819; x_wconf 82' lang='lat' dir='ltr'>causa</span> <span class='ocrx_word' id='word_1_185' title='bbox 510 1761 791 1816; x_wconf 90' lang='lat' dir='ltr'>incitatus</span> <span class='ocrx_word' id='word_1_186' title='bbox 838 1761 1041 1815; x_wconf 85' lang='lat' dir='ltr'>librum</span> <span class='ocrx_word' id='word_1_187' title='bbox 1076 1760 1384 1826; x_wconf 83' lang='lat' dir='ltr'>Visionum,</span> <span class='ocrx_word' id='word_1_188' title='bbox 1407 1760 1475 1813; x_wconf 94' lang='lat' dir='ltr'>de</span> <span class='ocrx_word' id='word_1_189' title='bbox 1510 1776 1623 1829; x_wconf 93' lang='lat' dir='ltr'>quo</span> <span class='ocrx_word' id='word_1_190' title='bbox 1646 1761 1771 1829; x_wconf 88' lang='lat' dir='ltr'>jam</span> <span class='ocrx_word' id='word_1_191' title='bbox 1799 1758 1881 1813; x_wconf 91' lang='lat' dir='ltr'>lo-</span> 
     </span>
    </p>
   </div>
   <div class='ocr_carea' id='block_1_23' title="bbox 239 1848 1884 1919">
    <p class='ocr_par' dir='ltr' id='par_1_23' title="bbox 239 1848 1884 1919">
     <span class='ocr_line' id='line_1_23' title="bbox 239 1848 1884 1919; baseline 0.001 -18"><span class='ocrx_word' id='word_1_192' title='bbox 239 1875 267 1901; x_wconf 92' lang='grc'>‹‹</span> <span class='ocrx_word' id='word_1_193' title='bbox 303 1854 473 1905; x_wconf 90' lang='lat' dir='ltr'>cutus</span> <span class='ocrx_word' id='word_1_194' title='bbox 505 1867 659 1919; x_wconf 90' lang='lat' dir='ltr'>sum,</span> <span class='ocrx_word' id='word_1_195' title='bbox 684 1850 936 1906; x_wconf 88' lang='lat' dir='ltr'>scribere</span> <span class='ocrx_word' id='word_1_196' title='bbox 966 1848 1185 1904; x_wconf 88' lang='lat' dir='ltr'>studui.</span> <span class='ocrx_word' id='word_1_197' title='bbox 1211 1872 1239 1899; x_wconf 88' lang='grc'><strong>››</strong></span> <span class='ocrx_word' id='word_1_198' title='bbox 1264 1853 1578 1919; x_wconf 87' lang='lat' dir='ltr'>Hucusque</span> <span class='ocrx_word' id='word_1_199' title='bbox 1598 1848 1884 1904; x_wconf 90' lang='lat' dir='ltr'>Othlonus</span> 
     </span>
    </p>
   </div>
   <div class='ocr_carea' id='block_1_24' title="bbox 240 1937 1885 2010">
    <p class='ocr_par' dir='ltr' id='par_1_24' title="bbox 240 1937 1885 2010">
     <span class='ocr_line' id='line_1_24' title="bbox 240 1937 1885 2010; baseline -0.001 -16"><span class='ocrx_word' id='word_1_200' title='bbox 240 1940 311 1995; x_wconf 92' lang='lat' dir='ltr'>de</span> <span class='ocrx_word' id='word_1_201' title='bbox 340 1939 529 1995; x_wconf 89' lang='lat' dir='ltr'>isthoc</span> <span class='ocrx_word' id='word_1_202' title='bbox 563 1955 668 1993; x_wconf 91' lang='lat' dir='ltr'>suo</span> <span class='ocrx_word' id='word_1_203' title='bbox 720 1955 913 2010; x_wconf 88' lang='lat' dir='ltr'>opere,</span> <span class='ocrx_word' id='word_1_204' title='bbox 947 1955 1061 2009; x_wconf 89' lang='lat' dir='ltr'>quo</span> <span class='ocrx_word' id='word_1_205' title='bbox 1091 1954 1158 1993; x_wconf 86' lang='lat' dir='ltr'>ex</span> <span class='ocrx_word' id='word_1_206' title='bbox 1190 1955 1378 1993; x_wconf 78' lang='lat' dir='ltr'>cooevo</span> <span class='ocrx_word' id='word_1_207' title='bbox 1430 1942 1485 1993; x_wconf 91' lang='lat' dir='ltr'>et</span> <span class='ocrx_word' id='word_1_208' title='bbox 1535 1938 1678 1993; x_wconf 87' lang='lat' dir='ltr'>forte</span> <span class='ocrx_word' id='word_1_209' title='bbox 1708 1937 1885 1993; x_wconf 86' lang='lat' dir='ltr'>etiam</span> 
     </span>
    </p>
   </div>
   <div class='ocr_carea' id='block_1_25' title="bbox 240 2026 1884 2101">
    <p class='ocr_par' dir='ltr' id='par_1_25' title="bbox 240 2026 1884 2101">
     <span class='ocr_line' id='line_1_25' title="bbox 240 2026 1884 2101; baseline -0.001 -17"><span class='ocrx_word' id='word_1_210' title='bbox 240 2029 601 2101; x_wconf 87' lang='lat' dir='ltr'>autographo</span> <span class='ocrx_word' id='word_1_211' title='bbox 631 2028 827 2083; x_wconf 90' lang='lat' dir='ltr'>codice</span> <span class='ocrx_word' id='word_1_212' title='bbox 853 2028 1376 2082; x_wconf 90' lang='lat' dir='ltr'>Emmerammensi</span> <span class='ocrx_word' id='word_1_213' title='bbox 1400 2026 1569 2081; x_wconf 62' lang='lat' dir='ltr'>in--’i°.</span> <span class='ocrx_word' id='word_1_214' title='bbox 1595 2027 1660 2081; x_wconf 76' lang='grc' dir='ltr'><strong>Β.</strong></span> <span class='ocrx_word' id='word_1_215' title='bbox 1686 2032 1749 2081; x_wconf 88' lang='grc' dir='ltr'>Ρ.</span> <span class='ocrx_word' id='word_1_216' title='bbox 1776 2029 1884 2082; x_wconf 90' lang='lat' dir='ltr'>Lu-</span> 
     </span>
    </p>
   </div>
   <div class='ocr_carea' id='block_1_26' title="bbox 240 2116 1885 2188">
    <p class='ocr_par' dir='ltr' id='par_1_26' title="bbox 240 2116 1885 2188">
     <span class='ocr_line' id='line_1_26' title="bbox 240 2116 1885 2188; baseline -0.001 -16"><span class='ocrx_word' id='word_1_217' title='bbox 240 2119 477 2173; x_wconf 91' lang='lat' dir='ltr'>dovicus</span> <span class='ocrx_word' id='word_1_218' title='bbox 510 2116 818 2188; x_wconf 87' lang='lat' dir='ltr'>Moidings,</span> <span class='ocrx_word' id='word_1_219' title='bbox 852 2116 1275 2172; x_wconf 84' lang='lat' dir='ltr'>solertissimus</span> <span class='ocrx_word' id='word_1_220' title='bbox 1322 2122 1377 2172; x_wconf 87' lang='lat' dir='ltr'>et</span> <span class='ocrx_word' id='word_1_221' title='bbox 1419 2116 1477 2170; x_wconf 93' lang='lat' dir='ltr'>in</span> <span class='ocrx_word' id='word_1_222' title='bbox 1528 2116 1618 2171; x_wconf 90' lang='lat' dir='ltr'>his</span> <span class='ocrx_word' id='word_1_223' title='bbox 1651 2116 1885 2183; x_wconf 90' lang='lat' dir='ltr'>studiis,</span> 
     </span>
    </p>
   </div>
   <div class='ocr_carea' id='block_1_27' title="bbox 241 2205 1886 2279">
    <p class='ocr_par' dir='ltr' id='par_1_27' title="bbox 241 2205 1886 2279">
     <span class='ocr_line' id='line_1_27' title="bbox 241 2205 1886 2279; baseline -0.001 -17"><span class='ocrx_word' id='word_1_224' title='bbox 241 2208 431 2279; x_wconf 86' lang='lat' dir='ltr'>quoad</span> <span class='ocrx_word' id='word_1_225' title='bbox 451 2207 500 2261; x_wconf 91' lang='lat' dir='ltr'>ei</span> <span class='ocrx_word' id='word_1_226' title='bbox 519 2222 621 2277; x_wconf 91' lang='lat' dir='ltr'>per</span> <span class='ocrx_word' id='word_1_227' title='bbox 638 2224 813 2261; x_wconf 61' lang='lat' dir='ltr'>sacras</span> <span class='ocrx_word' id='word_1_228' title='bbox 831 2207 1169 2261; x_wconf 74' lang='lat' dir='ltr'>obedientice</span> <span class='ocrx_word' id='word_1_229' title='bbox 1190 2207 1547 2277; x_wconf 67' lang='lat' dir='ltr'>munia,quaa</span> <span class='ocrx_word' id='word_1_230' title='bbox 1563 2222 1699 2261; x_wconf 91' lang='lat' dir='ltr'>cum</span> <span class='ocrx_word' id='word_1_231' title='bbox 1716 2205 1886 2261; x_wconf 88' lang='lat' dir='ltr'>laude</span> 
     </span>
    </p>
   </div>
   <div class='ocr_carea' id='block_1_28' title="bbox 242 2293 1884 2365">
    <p class='ocr_par' dir='ltr' id='par_1_28' title="bbox 242 2293 1884 2365">
     <span class='ocr_line' id='line_1_28' title="bbox 242 2293 1884 2365; baseline -0.002 -13"><span class='ocrx_word' id='word_1_232' title='bbox 242 2295 383 2365; x_wconf 85' lang='lat' dir='ltr'>obit,</span> <span class='ocrx_word' id='word_1_233' title='bbox 409 2293 561 2360; x_wconf 88' lang='lat' dir='ltr'>licet,</span> <span class='ocrx_word' id='word_1_234' title='bbox 585 2294 1059 2349; x_wconf 88' lang='lat' dir='ltr'>studiosissimus</span> <span class='ocrx_word' id='word_1_235' title='bbox 1092 2294 1308 2349; x_wconf 88' lang='lat' dir='ltr'>sodalis</span> <span class='ocrx_word' id='word_1_236' title='bbox 1345 2300 1541 2349; x_wconf 87' lang='lat' dir='ltr'>noster</span> <span class='ocrx_word' id='word_1_237' title='bbox 1559 2294 1884 2365; x_wconf 81' lang='lat' dir='ltr'>exscripsit.</span> 
     </span>
    </p>
   </div>
   <div class='ocr_carea' id='block_1_29' title="bbox 242 2374 1891 2454">
    <p class='ocr_par' dir='ltr' id='par_1_29' title="bbox 242 2374 1891 2454">
     <span class='ocr_line' id='line_1_29' title="bbox 242 2374 1891 2454; baseline 0 -16"><span class='ocrx_word' id='word_1_238' title='bbox 242 2374 563 2439; x_wconf 66' lang='lat' dir='ltr'>Dole&#39;ndum</span> <span class='ocrx_word' id='word_1_239' title='bbox 596 2399 755 2451; x_wconf 86' lang='lat' dir='ltr'>sane,</span> <span class='ocrx_word' id='word_1_240' title='bbox 782 2383 1036 2437; x_wconf 86' lang='lat' dir='ltr'>codicem</span> <span class='ocrx_word' id='word_1_241' title='bbox 1066 2400 1099 2437; x_wconf 92' lang='lat' dir='ltr'>a</span> <span class='ocrx_word' id='word_1_242' title='bbox 1126 2383 1433 2453; x_wconf 89' lang='lat' dir='ltr'>principio,</span> <span class='ocrx_word' id='word_1_243' title='bbox 1458 2383 1752 2438; x_wconf 82' lang='lat' dir='ltr'>nescimus</span> <span class='ocrx_word' id='word_1_244' title='bbox 1777 2400 1891 2454; x_wconf 90' lang='lat' dir='ltr'>qua</span> 
     </span>
    </p>
   </div>
   <div class='ocr_carea' id='block_1_30' title="bbox 244 2471 1887 2538">
    <p class='ocr_par' dir='ltr' id='par_1_30' title="bbox 244 2471 1887 2538">
     <span class='ocr_line' id='line_1_30' title="bbox 244 2471 1887 2538; baseline -0.002 -10"><span class='ocrx_word' id='word_1_245' title='bbox 244 2488 441 2538; x_wconf 88' lang='lat' dir='ltr'>causa,</span> <span class='ocrx_word' id='word_1_246' title='bbox 477 2471 813 2527; x_wconf 71' lang='lat' dir='ltr'>mutilatum</span> <span class='ocrx_word' id='word_1_247' title='bbox 867 2489 981 2526; x_wconf 90' lang='lat' dir='ltr'>uno</span> <span class='ocrx_word' id='word_1_248' title='bbox 1015 2471 1148 2526; x_wconf 87' lang='lat' dir='ltr'>folio</span> <span class='ocrx_word' id='word_1_249' title='bbox 1182 2472 1440 2528; x_wconf 87' lang='lat' dir='ltr'>destitui.</span> <span class='ocrx_word' id='word_1_250' title='bbox 1474 2472 1530 2525; x_wconf 91' lang='lat' dir='ltr'>Si</span> <span class='ocrx_word' id='word_1_251' title='bbox 1580 2471 1711 2527; x_wconf 93' lang='lat' dir='ltr'>libri</span> <span class='ocrx_word' id='word_1_252' title='bbox 1744 2489 1887 2527; x_wconf 90' lang='lat' dir='ltr'>mss.</span> 
     </span>
    </p>
   </div>
   <div class='ocr_carea' id='block_1_31' title="bbox 245 2560 1889 2632">
    <p class='ocr_par' dir='ltr' id='par_1_31' title="bbox 245 2560 1889 2632">
     <span class='ocr_line' id='line_1_31' title="bbox 245 2560 1889 2632; baseline -0.001 -15"><span class='ocrx_word' id='word_1_253' title='bbox 245 2561 585 2617; x_wconf 85' lang='lat' dir='ltr'>monasterii</span> <span class='ocrx_word' id='word_1_254' title='bbox 619 2560 949 2615; x_wconf 90' lang='lat' dir='ltr'>Pruelensis</span> <span class='ocrx_word' id='word_1_255' title='bbox 980 2578 1157 2632; x_wconf 87' lang='lat' dir='ltr'>prope</span> <span class='ocrx_word' id='word_1_256' title='bbox 1182 2561 1587 2632; x_wconf 84' lang='lat' dir='ltr'>Ratisponam,</span> <span class='ocrx_word' id='word_1_257' title='bbox 1608 2561 1707 2632; x_wconf 93' lang='lat' dir='ltr'>qui</span> <span class='ocrx_word' id='word_1_258' title='bbox 1739 2578 1889 2616; x_wconf 89' lang='lat' dir='ltr'>anno</span> 
     </span>
    </p>
   </div>
   <div class='ocr_carea' id='block_1_32' title="bbox 245 2649 1890 2717">
    <p class='ocr_par' dir='ltr' id='par_1_32' title="bbox 245 2649 1890 2717">
     <span class='ocr_line' id='line_1_32' title="bbox 245 2649 1890 2717; baseline -0.001 -13"><span class='ocrx_word' id='word_1_259' title='bbox 245 2652 382 2705; x_wconf 75' lang='grc'>1547</span> <span class='ocrx_word' id='word_1_260' title='bbox 414 2650 630 2704; x_wconf 87' lang='lat' dir='ltr'>ibidem</span> <span class='ocrx_word' id='word_1_261' title='bbox 653 2649 1016 2717; x_wconf 87' lang='lat' dir='ltr'>exstiterunt,</span> <span class='ocrx_word' id='word_1_262' title='bbox 1044 2650 1235 2704; x_wconf 91' lang='lat' dir='ltr'>adhuc</span> <span class='ocrx_word' id='word_1_263' title='bbox 1265 2650 1576 2714; x_wconf 88' lang='lat' dir='ltr'>habentur,</span> <span class='ocrx_word' id='word_1_264' title='bbox 1600 2666 1666 2704; x_wconf 86' lang='lat' dir='ltr'>ex</span> <span class='ocrx_word' id='word_1_265' title='bbox 1689 2666 1890 2705; x_wconf 89' lang='lat' dir='ltr'>eorum</span> 
     </span>
    </p>
   </div>
   <div class='ocr_carea' id='block_1_33' title="bbox 246 2738 1889 2811">
    <p class='ocr_par' dir='ltr' id='par_1_33' title="bbox 246 2738 1889 2811">
     <span class='ocr_line' id='line_1_33' title="bbox 246 2738 1889 2811; baseline -0.001 -18"><span class='ocrx_word' id='word_1_266' title='bbox 246 2739 521 2811; x_wconf 89' lang='lat' dir='ltr'>quopiam</span> <span class='ocrx_word' id='word_1_267' title='bbox 557 2744 754 2793; x_wconf 85' lang='lat' dir='ltr'>nostra</span> <span class='ocrx_word' id='word_1_268' title='bbox 784 2738 959 2793; x_wconf 89' lang='lat' dir='ltr'>editio</span> <span class='ocrx_word' id='word_1_269' title='bbox 1000 2738 1316 2809; x_wconf 86' lang='lat' dir='ltr'>aliquando</span> <span class='ocrx_word' id='word_1_270' title='bbox 1360 2738 1627 2793; x_wconf 88' lang='lat' dir='ltr'>resarciri</span> <span class='ocrx_word' id='word_1_271' title='bbox 1658 2739 1889 2809; x_wconf 90' lang='lat' dir='ltr'>poterit.</span> 
     </span>
    </p>
   </div>
   <div class='ocr_carea' id='block_1_34' title="bbox 246 2827 1891 2884">
    <p class='ocr_par' dir='ltr' id='par_1_34' title="bbox 246 2827 1891 2884">
     <span class='ocr_line' id='line_1_34' title="bbox 246 2827 1891 2884; baseline -0.002 0"><span class='ocrx_word' id='word_1_272' title='bbox 246 2830 401 2884; x_wconf 87' lang='lat' dir='ltr'>Inter</span> <span class='ocrx_word' id='word_1_273' title='bbox 429 2827 562 2883; x_wconf 90' lang='lat' dir='ltr'>illos</span> <span class='ocrx_word' id='word_1_274' title='bbox 592 2827 747 2883; x_wconf 90' lang='lat' dir='ltr'>enim</span> <span class='ocrx_word' id='word_1_275' title='bbox 777 2828 980 2882; x_wconf 84' lang='lat' dir='ltr'>librum</span> <span class='ocrx_word' id='word_1_276' title='bbox 1013 2828 1291 2883; x_wconf 79' lang='lat' dir='ltr'>Visionum</span> <span class='ocrx_word' id='word_1_277' title='bbox 1324 2829 1544 2883; x_wconf 84' lang='lat' dir='ltr'>Othloni</span> <span class='ocrx_word' id='word_1_278' title='bbox 1574 2828 1891 2882; x_wconf 86' lang='lat' dir='ltr'>recensitos</span> 
     </span>
    </p>
   </div>
   <div class='ocr_carea' id='block_1_35' title="bbox 246 2917 1893 2988">
    <p class='ocr_par' dir='ltr' id='par_1_35' title="bbox 246 2917 1893 2988">
     <span class='ocr_line' id='line_1_35' title="bbox 246 2917 1893 2988; baseline -0.001 -15"><span class='ocrx_word' id='word_1_279' title='bbox 246 2918 450 2984; x_wconf 90' lang='lat' dir='ltr'>fuisse,</span> <span class='ocrx_word' id='word_1_280' title='bbox 483 2917 768 2971; x_wconf 88' lang='lat' dir='ltr'>discimus</span> <span class='ocrx_word' id='word_1_281' title='bbox 808 2934 876 2972; x_wconf 85' lang='lat' dir='ltr'>ex</span> <span class='ocrx_word' id='word_1_282' title='bbox 922 2918 1260 2973; x_wconf 86' lang='lat' dir='ltr'>eorumdem</span> <span class='ocrx_word' id='word_1_283' title='bbox 1293 2917 1585 2988; x_wconf 88' lang='lat' dir='ltr'>Catalogo,</span> <span class='ocrx_word' id='word_1_284' title='bbox 1620 2917 1893 2987; x_wconf 65' lang='lat' dir='ltr'>praidicto</span> 
     </span>
    </p>
   </div>
   <div class='ocr_carea' id='block_1_36' title="bbox 245 3004 1894 3061">
    <p class='ocr_par' dir='ltr' id='par_1_36' title="bbox 245 3004 1894 3061">
     <span class='ocr_line' id='line_1_36' title="bbox 245 3004 1894 3061; baseline -0.001 0"><span class='ocrx_word' id='word_1_285' title='bbox 245 3022 397 3061; x_wconf 89' lang='lat' dir='ltr'>anno</span> <span class='ocrx_word' id='word_1_286' title='bbox 430 3005 573 3061; x_wconf 89' lang='lat' dir='ltr'>satis</span> <span class='ocrx_word' id='word_1_287' title='bbox 622 3011 891 3061; x_wconf 88' lang='lat' dir='ltr'>accurate</span> <span class='ocrx_word' id='word_1_288' title='bbox 943 3007 1222 3061; x_wconf 83' lang='lat' dir='ltr'>confecto.</span> <span class='ocrx_word' id='word_1_289' title='bbox 1250 3006 1328 3059; x_wconf 85' lang='lat' dir='ltr'>Ea</span> <span class='ocrx_word' id='word_1_290' title='bbox 1358 3022 1490 3060; x_wconf 86' lang='lat' dir='ltr'>vero</span> <span class='ocrx_word' id='word_1_291' title='bbox 1525 3005 1780 3060; x_wconf 90' lang='lat' dir='ltr'>recensio</span> <span class='ocrx_word' id='word_1_292' title='bbox 1812 3004 1894 3059; x_wconf 90' lang='lat' dir='ltr'>sic</span> 
     </span>
    </p>
   </div>
   <div class='ocr_carea' id='block_1_37' title="bbox 246 3095 1897 3151">
    <p class='ocr_par' dir='ltr' id='par_1_37' title="bbox 246 3095 1897 3151">
     <span class='ocr_line' id='line_1_37' title="bbox 246 3095 1897 3151; baseline -0.001 -1"><span class='ocrx_word' id='word_1_293' title='bbox 246 3096 423 3151; x_wconf 88' lang='lat' dir='ltr'>habet</span> <span class='ocrx_word' id='word_1_294' title='bbox 447 3113 498 3149; x_wconf 79' lang='lat' dir='ltr'>:u</span> <span class='ocrx_word' id='word_1_295' title='bbox 522 3095 831 3151; x_wconf 69' lang='lat' dir='ltr'>Sententiae</span> <span class='ocrx_word' id='word_1_296' title='bbox 862 3096 1066 3150; x_wconf 69' lang='lat' dir='ltr'>divinae</span> <span class='ocrx_word' id='word_1_297' title='bbox 1087 3096 1451 3150; x_wconf 90' lang='lat' dir='ltr'>dcTrinitate</span> <span class='ocrx_word' id='word_1_298' title='bbox 1481 3100 1536 3149; x_wconf 90' lang='lat' dir='ltr'>et</span> <span class='ocrx_word' id='word_1_299' title='bbox 1565 3096 1897 3151; x_wconf 85' lang='lat' dir='ltr'>substantia</span> 
     </span>
    </p>
   </div>
   <div class='ocr_carea' id='block_1_38' title="bbox 245 3184 1894 3254">
    <p class='ocr_par' dir='ltr' id='par_1_38' title="bbox 245 3184 1894 3254">
     <span class='ocr_line' id='line_1_38' title="bbox 245 3184 1894 3254; baseline -0.001 -14"><span class='ocrx_word' id='word_1_300' title='bbox 245 3185 549 3240; x_wconf 88' lang='lat' dir='ltr'>Trinitatis</span> <span class='ocrx_word' id='word_1_301' title='bbox 578 3190 634 3239; x_wconf 91' lang='lat' dir='ltr'>et</span> <span class='ocrx_word' id='word_1_302' title='bbox 664 3184 779 3240; x_wconf 88' lang='lat' dir='ltr'>alia</span> <span class='ocrx_word' id='word_1_303' title='bbox 801 3184 1163 3254; x_wconf 83' lang='lat' dir='ltr'>hujusmodi.</span> <span class='ocrx_word' id='word_1_304' title='bbox 1190 3186 1331 3238; x_wconf 88' lang='lat' dir='ltr'>Item</span> <span class='ocrx_word' id='word_1_305' title='bbox 1357 3185 1655 3238; x_wconf 66' lang='lat' dir='ltr'>sententias</span> <span class='ocrx_word' id='word_1_306' title='bbox 1690 3184 1894 3239; x_wconf 63' lang='lat' dir='ltr'>divina</span> 
     </span>
    </p>
   </div>
   <div class='ocr_carea' id='block_1_39' title="bbox 246 3256 1965 3343">
    <p class='ocr_par' dir='ltr' id='par_1_39' title="bbox 246 3256 1965 3343">
     <span class='ocr_line' id='line_1_39' title="bbox 246 3256 1965 3343; baseline -0.002 -16"><span class='ocrx_word' id='word_1_307' title='bbox 246 3290 491 3343; x_wconf 87' lang='lat' dir='ltr'>quarum</span> <span class='ocrx_word' id='word_1_308' title='bbox 524 3278 579 3328; x_wconf 90' lang='lat' dir='ltr'>et</span> <span class='ocrx_word' id='word_1_309' title='bbox 608 3274 690 3328; x_wconf 91' lang='lat' dir='ltr'>sic</span> <span class='ocrx_word' id='word_1_310' title='bbox 740 3273 1042 3328; x_wconf 90' lang='lat' dir='ltr'>sciendum</span> <span class='ocrx_word' id='word_1_311' title='bbox 1091 3277 1180 3327; x_wconf 91' lang='lat' dir='ltr'>est</span> <span class='ocrx_word' id='word_1_312' title='bbox 1210 3274 1313 3341; x_wconf 81' lang='lat' dir='ltr'>(ita</span> <span class='ocrx_word' id='word_1_313' title='bbox 1342 3273 1505 3339; x_wconf 87' lang='lat' dir='ltr'>cod.),</span> <span class='ocrx_word' id='word_1_314' title='bbox 1540 3273 1693 3343; x_wconf 92' lang='lat' dir='ltr'>quod</span> <span class='ocrx_word' id='word_1_315' title='bbox 1740 3273 1891 3329; x_wconf 91' lang='lat' dir='ltr'>Deus</span> <span class='ocrx_word' id='word_1_316' title='bbox 1922 3256 1965 3323; x_wconf 84' lang='lat' dir='ltr'>C</span> 
     </span>
    </p>
   </div>
   <div class='ocr_carea' id='block_1_40' title="bbox 246 3361 1894 3433">
    <p class='ocr_par' dir='ltr' id='par_1_40' title="bbox 246 3361 1894 3433">
     <span class='ocr_line' id='line_1_40' title="bbox 246 3361 1894 3433; baseline 0 -16"><span class='ocrx_word' id='word_1_317' title='bbox 246 3362 545 3418; x_wconf 89' lang='lat' dir='ltr'>hominem</span> <span class='ocrx_word' id='word_1_318' title='bbox 579 3363 917 3427; x_wconf 86' lang='lat' dir='ltr'>formatum,</span> <span class='ocrx_word' id='word_1_319' title='bbox 942 3366 997 3414; x_wconf 91' lang='lat' dir='ltr'>et</span> <span class='ocrx_word' id='word_1_320' title='bbox 1027 3361 1082 3414; x_wconf 91' lang='lat' dir='ltr'>in</span> <span class='ocrx_word' id='word_1_321' title='bbox 1113 3362 1315 3416; x_wconf 89' lang='lat' dir='ltr'>eodem</span> <span class='ocrx_word' id='word_1_322' title='bbox 1344 3362 1609 3433; x_wconf 60' lang='lat' dir='ltr'>quaedam</span> <span class='ocrx_word' id='word_1_323' title='bbox 1642 3364 1711 3417; x_wconf 90' lang='lat' dir='ltr'>de</span> <span class='ocrx_word' id='word_1_324' title='bbox 1744 3362 1894 3418; x_wconf 83' lang='lat' dir='ltr'>Rhe-</span> 
     </span>
    </p>
   </div>
   <div class='ocr_carea' id='block_1_41' title="bbox 246 3449 1896 3517">
    <p class='ocr_par' dir='ltr' id='par_1_41' title="bbox 246 3449 1896 3517">
     <span class='ocr_line' id='line_1_41' title="bbox 246 3449 1896 3517; baseline 0 -12"><span class='ocrx_word' id='word_1_325' title='bbox 246 3450 447 3505; x_wconf 87' lang='lat' dir='ltr'>torica.</span> <span class='ocrx_word' id='word_1_326' title='bbox 480 3450 720 3504; x_wconf 76' lang='lat' dir='ltr'>Cronica</span> <span class='ocrx_word' id='word_1_327' title='bbox 752 3449 1075 3517; x_wconf 90' lang='lat' dir='ltr'>Bonitonis,</span> <span class='ocrx_word' id='word_1_328' title='bbox 1110 3454 1163 3505; x_wconf 88' lang='lat' dir='ltr'>et</span> <span class='ocrx_word' id='word_1_329' title='bbox 1194 3449 1249 3503; x_wconf 90' lang='lat' dir='ltr'>in</span> <span class='ocrx_word' id='word_1_330' title='bbox 1292 3451 1492 3505; x_wconf 93' lang='lat' dir='ltr'>eodem</span> <span class='ocrx_word' id='word_1_331' title='bbox 1527 3450 1671 3505; x_wconf 89' lang='lat' dir='ltr'>liber</span> <span class='ocrx_word' id='word_1_332' title='bbox 1710 3450 1896 3506; x_wconf 88' lang='lat' dir='ltr'>sancti</span> 
     </span>
    </p>
   </div>
   <div class='ocr_carea' id='block_1_42' title="bbox 248 3538 1897 3610">
    <p class='ocr_par' dir='ltr' id='par_1_42' title="bbox 248 3538 1897 3610">
     <span class='ocr_line' id='line_1_42' title="bbox 248 3538 1897 3610; baseline -0.002 -15"><span class='ocrx_word' id='word_1_333' title='bbox 248 3538 541 3595; x_wconf 87' lang='lat' dir='ltr'>Ambrosii</span> <span class='ocrx_word' id='word_1_334' title='bbox 572 3544 649 3593; x_wconf 92' lang='lat' dir='ltr'>De</span> <span class='ocrx_word' id='word_1_335' title='bbox 680 3539 800 3593; x_wconf 89' lang='lat' dir='ltr'>vita</span> <span class='ocrx_word' id='word_1_336' title='bbox 831 3539 1624 3610; x_wconf 84' lang='lat' dir='ltr'>episcoporum.Constitutio</span> <span class='ocrx_word' id='word_1_337' title='bbox 1660 3538 1897 3606; x_wconf 91' lang='lat' dir='ltr'>Gelasii,</span> 
     </span>
    </p>
   </div>
   <div class='ocr_carea' id='block_1_43' title="bbox 249 3628 1899 3699">
    <p class='ocr_par' dir='ltr' id='par_1_43' title="bbox 249 3628 1899 3699">
     <span class='ocr_line' id='line_1_43' title="bbox 249 3628 1899 3699; baseline 0.001 -17"><span class='ocrx_word' id='word_1_338' title='bbox 249 3628 441 3699; x_wconf 87' lang='lat' dir='ltr'>qualis</span> <span class='ocrx_word' id='word_1_339' title='bbox 474 3628 682 3683; x_wconf 88' lang='lat' dir='ltr'>debeat</span> <span class='ocrx_word' id='word_1_340' title='bbox 730 3643 856 3682; x_wconf 91' lang='lat' dir='ltr'>esse</span> <span class='ocrx_word' id='word_1_341' title='bbox 908 3633 1111 3698; x_wconf 88' lang='lat' dir='ltr'>pastor</span> <span class='ocrx_word' id='word_1_342' title='bbox 1162 3628 1444 3682; x_wconf 63' lang='lat' dir='ltr'>Ecclesiae.</span> <span class='ocrx_word' id='word_1_343' title='bbox 1480 3633 1797 3698; x_wconf 82' lang='lat' dir='ltr'>Exceptum</span> <span class='ocrx_word' id='word_1_344' title='bbox 1830 3630 1899 3683; x_wconf 92' lang='lat' dir='ltr'>de</span> 
     </span>
    </p>
   </div>
   <div class='ocr_carea' id='block_1_44' title="bbox 247 3716 1899 3787">
    <p class='ocr_par' dir='ltr' id='par_1_44' title="bbox 247 3716 1899 3787">
     <span class='ocr_line' id='line_1_44' title="bbox 247 3716 1899 3787; baseline 0.001 -17"><span class='ocrx_word' id='word_1_345' title='bbox 247 3718 381 3771; x_wconf 85' lang='lat' dir='ltr'>Vita</span> <span class='ocrx_word' id='word_1_346' title='bbox 406 3716 827 3771; x_wconf 90' lang='lat' dir='ltr'>solitariorum.</span> <span class='ocrx_word' id='word_1_347' title='bbox 851 3717 1053 3771; x_wconf 90' lang='lat' dir='ltr'>Sermo</span> <span class='ocrx_word' id='word_1_348' title='bbox 1077 3717 1384 3787; x_wconf 88' lang='lat' dir='ltr'>cujusdam</span> <span class='ocrx_word' id='word_1_349' title='bbox 1408 3717 1467 3770; x_wconf 91' lang='lat' dir='ltr'>in</span> <span class='ocrx_word' id='word_1_350' title='bbox 1488 3716 1661 3771; x_wconf 90' lang='lat' dir='ltr'>laude</span> <span class='ocrx_word' id='word_1_351' title='bbox 1686 3721 1899 3771; x_wconf 63' lang='lat' dir='ltr'>sanctae</span> 
     </span>
    </p>
   </div>
   <div class='ocr_carea' id='block_1_45' title="bbox 247 3804 1900 3876">
    <p class='ocr_par' dir='ltr' id='par_1_45' title="bbox 247 3804 1900 3876">
     <span class='ocr_line' id='line_1_45' title="bbox 247 3804 1900 3876; baseline -0.001 -16"><span class='ocrx_word' id='word_1_352' title='bbox 247 3806 457 3860; x_wconf 66' lang='lat' dir='ltr'>Maria).</span> <span class='ocrx_word' id='word_1_353' title='bbox 508 3804 670 3859; x_wconf 85' lang='lat' dir='ltr'>Liber</span> <span class='ocrx_word' id='word_1_354' title='bbox 716 3804 1049 3860; x_wconf 88' lang='lat' dir='ltr'>Holdeberti</span> <span class='ocrx_word' id='word_1_355' title='bbox 1104 3805 1202 3876; x_wconf 87' lang='lat' dir='ltr'>[sic</span> <span class='ocrx_word' id='word_1_356' title='bbox 1249 3805 1391 3865; x_wconf 81' lang='lat' dir='ltr'>cod.;</span> <span class='ocrx_word' id='word_1_357' title='bbox 1423 3807 1526 3875; x_wconf 82' lang='lat' dir='ltr'>leg.</span> <span class='ocrx_word' id='word_1_358' title='bbox 1560 3804 1900 3875; x_wconf 88' lang='lat' dir='ltr'>Hildeberti]</span> 
     </span>
    </p>
   </div>
   <div class='ocr_carea' id='block_1_46' title="bbox 250 3893 1899 3965">
    <p class='ocr_par' dir='ltr' id='par_1_46' title="bbox 250 3893 1899 3965">
     <span class='ocr_line' id='line_1_46' title="bbox 250 3893 1899 3965; baseline -0.001 -15"><span class='ocrx_word' id='word_1_359' title='bbox 250 3897 321 3950; x_wconf 92' lang='lat' dir='ltr'>de</span> <span class='ocrx_word' id='word_1_360' title='bbox 353 3894 535 3949; x_wconf 89' lang='lat' dir='ltr'>Maria</span> <span class='ocrx_word' id='word_1_361' title='bbox 567 3894 925 3965; x_wconf 62' lang='lat' dir='ltr'>IEgyptiaca,</span> <span class='ocrx_word' id='word_1_362' title='bbox 961 3899 1018 3948; x_wconf 92' lang='lat' dir='ltr'>et</span> <span class='ocrx_word' id='word_1_363' title='bbox 1058 3893 1172 3949; x_wconf 89' lang='lat' dir='ltr'>alia</span> <span class='ocrx_word' id='word_1_364' title='bbox 1218 3895 1506 3965; x_wconf 68' lang='lat' dir='ltr'>quaedam.</span> <span class='ocrx_word' id='word_1_365' title='bbox 1545 3894 1707 3949; x_wconf 90' lang='lat' dir='ltr'>Liber</span> <span class='ocrx_word' id='word_1_366' title='bbox 1738 3895 1899 3949; x_wconf 66' lang='lat' dir='ltr'>Beda:</span> 
     </span>
    </p>
   </div>
   <div class='ocr_carea' id='block_1_47' title="bbox 250 3983 1899 4040">
    <p class='ocr_par' dir='ltr' id='par_1_47' title="bbox 250 3983 1899 4040">
     <span class='ocr_line' id='line_1_47' title="bbox 250 3983 1899 4040; baseline -0.001 0"><span class='ocrx_word' id='word_1_367' title='bbox 250 3984 330 4040; x_wconf 91' lang='lat' dir='ltr'>De</span> <span class='ocrx_word' id='word_1_368' title='bbox 362 3988 571 4038; x_wconf 89' lang='lat' dir='ltr'>natura</span> <span class='ocrx_word' id='word_1_369' title='bbox 609 4000 825 4037; x_wconf 89' lang='lat' dir='ltr'>rerum.</span> <span class='ocrx_word' id='word_1_370' title='bbox 865 3984 1019 4038; x_wconf 90' lang='lat' dir='ltr'>Idem</span> <span class='ocrx_word' id='word_1_371' title='bbox 1062 3984 1130 4037; x_wconf 91' lang='lat' dir='ltr'>de</span> <span class='ocrx_word' id='word_1_372' title='bbox 1163 3983 1408 4038; x_wconf 88' lang='lat' dir='ltr'>diversis</span> <span class='ocrx_word' id='word_1_373' title='bbox 1452 3983 1759 4037; x_wconf 85' lang='lat' dir='ltr'>fructibus.</span> <span class='ocrx_word' id='word_1_374' title='bbox 1792 3988 1899 4038; x_wconf 89' lang='lat' dir='ltr'>Pa-</span> 
     </span>
    </p>
   </div>
   <div class='ocr_carea' id='block_1_48' title="bbox 250 4071 1897 4143">
    <p class='ocr_par' dir='ltr' id='par_1_48' title="bbox 250 4071 1897 4143">
     <span class='ocr_line' id='line_1_48' title="bbox 250 4071 1897 4143; baseline 0 -16"><span class='ocrx_word' id='word_1_375' title='bbox 250 4072 495 4127; x_wconf 90' lang='lat' dir='ltr'>therius.</span> <span class='ocrx_word' id='word_1_376' title='bbox 529 4071 653 4127; x_wconf 91' lang='lat' dir='ltr'>Duo</span> <span class='ocrx_word' id='word_1_377' title='bbox 685 4072 1045 4127; x_wconf 85' lang='lat' dir='ltr'>Abecedarii.</span> <span class='ocrx_word' id='word_1_378' title='bbox 1081 4071 1341 4127; x_wconf 89' lang='lat' dir='ltr'>Libellus</span> <span class='ocrx_word' id='word_1_379' title='bbox 1371 4071 1441 4126; x_wconf 90' lang='lat' dir='ltr'>de</span> <span class='ocrx_word' id='word_1_380' title='bbox 1488 4072 1651 4126; x_wconf 87' lang='lat' dir='ltr'>Petro</span> <span class='ocrx_word' id='word_1_381' title='bbox 1699 4088 1897 4143; x_wconf 90' lang='lat' dir='ltr'>puero.</span> 
     </span>
    </p>
   </div>
   <div class='ocr_carea' id='block_1_49' title="bbox 252 4159 977 4224">
    <p class='ocr_par' dir='ltr' id='par_1_49' title="bbox 252 4159 977 4224">
     <span class='ocr_line' id='line_1_49' title="bbox 252 4159 977 4224; baseline 0.001 -9"><span class='ocrx_word' id='word_1_382' title='bbox 252 4161 422 4216; x_wconf 88' lang='lat' dir='ltr'>Liber</span> <span class='ocrx_word' id='word_1_383' title='bbox 450 4159 783 4224; x_wconf 87' lang='lat' dir='ltr'>Visionum,</span> <span class='ocrx_word' id='word_1_384' title='bbox 811 4182 837 4209; x_wconf 84' lang='lat'>»</span> <span class='ocrx_word' id='word_1_385' title='bbox 868 4164 977 4216; x_wconf 90' lang='lat' dir='ltr'>etc.</span> 
     </span>
    </p>
   </div>
   <div class='ocr_carea' id='block_1_50' title="bbox 328 4284 1905 4356">
    <p class='ocr_par' dir='ltr' id='par_1_50' title="bbox 328 4284 1905 4356">
     <span class='ocr_line' id='line_1_50' title="bbox 328 4284 1905 4356; baseline 0.003 -19"><span class='ocrx_word' id='word_1_386' title='bbox 328 4285 411 4338; x_wconf 87' lang='grc'>10.</span> <span class='ocrx_word' id='word_1_387' title='bbox 452 4284 627 4338; x_wconf 78' lang='lat' dir='ltr'>Vitam</span> <span class='ocrx_word' id='word_1_388' title='bbox 655 4286 835 4339; x_wconf 86' lang='lat' dir='ltr'>sancti</span> <span class='ocrx_word' id='word_1_389' title='bbox 864 4285 1103 4353; x_wconf 84' lang='lat' dir='ltr'>Nicolai,</span> <span class='ocrx_word' id='word_1_390' title='bbox 1128 4300 1228 4339; x_wconf 84' lang='lat' dir='ltr'>nec</span> <span class='ocrx_word' id='word_1_391' title='bbox 1251 4300 1361 4338; x_wconf 87' lang='lat' dir='ltr'>non</span> <span class='ocrx_word' id='word_1_392' title='bbox 1396 4287 1572 4341; x_wconf 78' lang='lat' dir='ltr'>sancti</span> <span class='ocrx_word' id='word_1_393' title='bbox 1609 4287 1905 4356; x_wconf 78' lang='lat' dir='ltr'>IVoI/angi</span> 
     </span>
    </p>
   </div>
   <div class='ocr_carea' id='block_1_51' title="bbox 255 4374 1901 4445">
    <p class='ocr_par' dir='ltr' id='par_1_51' title="bbox 255 4374 1901 4445">
     <span class='ocr_line' id='line_1_51' title="bbox 255 4374 1901 4445; baseline 0.001 -17"><span class='ocrx_word' id='word_1_394' title='bbox 255 4374 566 4437; x_wconf 82' lang='lat' dir='ltr'>emendans,</span> <span class='ocrx_word' id='word_1_395' title='bbox 601 4376 741 4428; x_wconf 81' lang='lat' dir='ltr'>sicut</span> <span class='ocrx_word' id='word_1_396' title='bbox 772 4376 828 4428; x_wconf 85' lang='lat' dir='ltr'>in</span> <span class='ocrx_word' id='word_1_397' title='bbox 850 4377 1135 4444; x_wconf 87' lang='lat' dir='ltr'>utriusque</span> <span class='ocrx_word' id='word_1_398' title='bbox 1172 4375 1308 4430; x_wconf 73' lang='lat' dir='ltr'>Vita:</span> <span class='ocrx_word' id='word_1_399' title='bbox 1334 4376 1555 4445; x_wconf 80' lang='lat' dir='ltr'>prologo</span> <span class='ocrx_word' id='word_1_400' title='bbox 1588 4378 1901 4445; x_wconf 78' lang='lat' dir='ltr'>intimatur,</span> 
     </span>
    </p>
   </div>
   <div class='ocr_carea' id='block_1_52' title="bbox 254 4463 1903 4534">
    <p class='ocr_par' dir='ltr' id='par_1_52' title="bbox 254 4463 1903 4534">
     <span class='ocr_line' id='line_1_52' title="bbox 254 4463 1903 4534; baseline 0.001 -17"><span class='ocrx_word' id='word_1_401' title='bbox 254 4463 452 4533; x_wconf 74' lang='lat' dir='ltr'>scripsi</span> <span class='ocrx_word' id='word_1_402' title='bbox 480 4466 775 4534; x_wconf 86' lang='lat' dir='ltr'>antequam</span> <span class='ocrx_word' id='word_1_403' title='bbox 820 4465 1189 4534; x_wconf 75' lang='lat' dir='ltr'>proﬁciscerer</span> <span class='ocrx_word' id='word_1_404' title='bbox 1219 4463 1287 4517; x_wconf 86' lang='lat' dir='ltr'>ad</span> <span class='ocrx_word' id='word_1_405' title='bbox 1334 4466 1729 4518; x_wconf 77' lang='lat' dir='ltr'>monasterium</span> <span class='ocrx_word' id='word_1_406' title='bbox 1774 4465 1903 4519; x_wconf 83' lang='lat' dir='ltr'>Ful-</span> 
     </span>
    </p>
   </div>
   <div class='ocr_carea' id='block_1_53' title="bbox 257 4551 1903 4624">
    <p class='ocr_par' dir='ltr' id='par_1_53' title="bbox 257 4551 1903 4624">
     <span class='ocr_line' id='line_1_53' title="bbox 257 4551 1903 4624; baseline 0.002 -19"><span class='ocrx_word' id='word_1_407' title='bbox 257 4551 436 4617; x_wconf 84' lang='lat' dir='ltr'>dense,</span> <span class='ocrx_word' id='word_1_408' title='bbox 471 4552 663 4623; x_wconf 89' lang='lat' dir='ltr'>inquit</span> <span class='ocrx_word' id='word_1_409' title='bbox 693 4551 818 4621; x_wconf 88' lang='lat' dir='ltr'>ipse</span> <span class='ocrx_word' id='word_1_410' title='bbox 845 4551 1128 4606; x_wconf 88' lang='lat' dir='ltr'>Othlonus</span> <span class='ocrx_word' id='word_1_411' title='bbox 1150 4551 1250 4605; x_wconf 90' lang='lat' dir='ltr'>lib.</span> <span class='ocrx_word' id='word_1_412' title='bbox 1280 4554 1353 4607; x_wconf 81' lang='lat' dir='ltr'>De</span> <span class='ocrx_word' id='word_1_413' title='bbox 1382 4557 1570 4607; x_wconf 83' lang='lat' dir='ltr'>tentat.</span> <span class='ocrx_word' id='word_1_414' title='bbox 1606 4561 1657 4607; x_wconf 85' lang='lat' dir='ltr'>ct</span> <span class='ocrx_word' id='word_1_415' title='bbox 1684 4555 1903 4624; x_wconf 85' lang='lat' dir='ltr'>scriptis</span> 
     </span>
    </p>
   </div>
   <div class='ocr_carea' id='block_1_54' title="bbox 1994 1224 3636 1297">
    <p class='ocr_par' dir='ltr' id='par_1_54' title="bbox 1994 1224 3636 1297">
     <span class='ocr_line' id='line_1_54' title="bbox 1994 1224 3636 1297; baseline 0 -17"><span class='ocrx_word' id='word_1_416' title='bbox 1994 1226 2284 1297; x_wconf 89' lang='lat' dir='ltr'>capitibus</span> <span class='ocrx_word' id='word_1_417' title='bbox 2315 1226 2555 1281; x_wconf 90' lang='lat' dir='ltr'>metrica</span> <span class='ocrx_word' id='word_1_418' title='bbox 2583 1226 2861 1281; x_wconf 89' lang='lat' dir='ltr'>lemmata</span> <span class='ocrx_word' id='word_1_419' title='bbox 2891 1224 3127 1296; x_wconf 70' lang='lat' dir='ltr'>praeﬁxa</span> <span class='ocrx_word' id='word_1_420' title='bbox 3158 1224 3350 1293; x_wconf 90' lang='lat' dir='ltr'>habet,</span> <span class='ocrx_word' id='word_1_421' title='bbox 3387 1241 3636 1297; x_wconf 88' lang='lat' dir='ltr'>quorum</span> 
     </span>
    </p>
   </div>
   <div class='ocr_carea' id='block_1_55' title="bbox 1994 1314 2785 1385">
    <p class='ocr_par' dir='ltr' id='par_1_55' title="bbox 1994 1314 2785 1385">
     <span class='ocr_line' id='line_1_55' title="bbox 1994 1314 2785 1385; baseline 0.001 -18"><span class='ocrx_word' id='word_1_422' title='bbox 1994 1314 2250 1385; x_wconf 90' lang='lat' dir='ltr'>primum</span> <span class='ocrx_word' id='word_1_423' title='bbox 2282 1314 2619 1385; x_wconf 88' lang='lat' dir='ltr'>hujusmodi</span> <span class='ocrx_word' id='word_1_424' title='bbox 2653 1318 2741 1369; x_wconf 91' lang='lat' dir='ltr'>est</span> <span class='ocrx_word' id='word_1_425' title='bbox 2774 1332 2785 1368; x_wconf 93' lang='lat'>:</span> 
     </span>
    </p>
   </div>
   <div class='ocr_carea' id='block_1_56' title="bbox 2122 1438 3278 1501">
    <p class='ocr_par' dir='ltr' id='par_1_56' title="bbox 2122 1438 3278 1501">
     <span class='ocr_line' id='line_1_56' title="bbox 2122 1438 3278 1501; baseline 0.001 -16"><span class='ocrx_word' id='word_1_426' title='bbox 2122 1439 2215 1486; x_wconf 86' lang='lat' dir='ltr'>Hic</span> <span class='ocrx_word' id='word_1_427' title='bbox 2243 1438 2377 1487; x_wconf 90' lang='lat' dir='ltr'>liber</span> <span class='ocrx_word' id='word_1_428' title='bbox 2405 1439 2625 1501; x_wconf 86' lang='lat' dir='ltr'>ingenui</span> <span class='ocrx_word' id='word_1_429' title='bbox 2649 1439 2821 1487; x_wconf 87' lang='lat' dir='ltr'>Vitam</span> <span class='ocrx_word' id='word_1_430' title='bbox 2852 1443 3031 1487; x_wconf 85' lang='lat' dir='ltr'>narrat</span> <span class='ocrx_word' id='word_1_431' title='bbox 3058 1438 3278 1496; x_wconf 84' lang='lat' dir='ltr'>Nicolai,</span> 
     </span>
    </p>
   </div>
   <div class='ocr_carea' id='block_1_57' title="bbox 2118 1501 3512 1564">
    <p class='ocr_par' dir='ltr' id='par_1_57' title="bbox 2118 1501 3512 1564">
     <span class='ocr_line' id='line_1_57' title="bbox 2118 1501 3512 1564; baseline 0.001 -15"><span class='ocrx_word' id='word_1_432' title='bbox 2118 1502 2319 1550; x_wconf 72' lang='lat' dir='ltr'>Graecia</span> <span class='ocrx_word' id='word_1_433' title='bbox 2347 1515 2506 1564; x_wconf 89' lang='lat' dir='ltr'>quem</span> <span class='ocrx_word' id='word_1_434' title='bbox 2534 1502 2698 1560; x_wconf 89' lang='lat' dir='ltr'>novit,</span> <span class='ocrx_word' id='word_1_435' title='bbox 2727 1501 2930 1549; x_wconf 89' lang='lat' dir='ltr'>Domini</span> <span class='ocrx_word' id='word_1_436' title='bbox 2963 1514 3061 1549; x_wconf 91' lang='lat' dir='ltr'>nec</span> <span class='ocrx_word' id='word_1_437' title='bbox 3092 1502 3266 1563; x_wconf 86' lang='lat' dir='ltr'>gratia</span> <span class='ocrx_word' id='word_1_438' title='bbox 3296 1502 3512 1564; x_wconf 84' lang='lat' dir='ltr'>sprevit.</span> 
     </span>
    </p>
   </div>
   <div class='ocr_carea' id='block_1_58' title="bbox 2065 1616 3641 1689">
    <p class='ocr_par' dir='ltr' id='par_1_58' title="bbox 2065 1616 3641 1689">
     <span class='ocr_line' id='line_1_58' title="bbox 2065 1616 3641 1689; baseline 0.001 -17"><span class='ocrx_word' id='word_1_439' title='bbox 2065 1616 2259 1672; x_wconf 88' lang='lat' dir='ltr'>Altera</span> <span class='ocrx_word' id='word_1_440' title='bbox 2279 1617 2372 1672; x_wconf 90' lang='lat' dir='ltr'>his</span> <span class='ocrx_word' id='word_1_441' title='bbox 2393 1617 2771 1672; x_wconf 86' lang='lat' dir='ltr'>lemmatibus</span> <span class='ocrx_word' id='word_1_442' title='bbox 2793 1621 2969 1683; x_wconf 88' lang='lat' dir='ltr'>caret,</span> <span class='ocrx_word' id='word_1_443' title='bbox 2990 1617 3307 1689; x_wconf 91' lang='lat' dir='ltr'>eodemque</span> <span class='ocrx_word' id='word_1_444' title='bbox 3330 1617 3502 1673; x_wconf 90' lang='lat' dir='ltr'>modo</span> <span class='ocrx_word' id='word_1_445' title='bbox 3526 1634 3641 1689; x_wconf 90' lang='lat' dir='ltr'>quo</span> 
     </span>
    </p>
   </div>
   <div class='ocr_carea' id='block_1_59' title="bbox 1996 1705 3644 1789">
    <p class='ocr_par' dir='ltr' id='par_1_59' title="bbox 1996 1705 3644 1778">
     <span class='ocr_line' id='line_1_59' title="bbox 1996 1705 3644 1778; baseline 0 -17"><span class='ocrx_word' id='word_1_446' title='bbox 1996 1706 2174 1778; x_wconf 90' lang='lat' dir='ltr'>prior,</span> <span class='ocrx_word' id='word_1_447' title='bbox 2222 1723 2428 1777; x_wconf 90' lang='lat' dir='ltr'>nempe</span> <span class='ocrx_word' id='word_1_448' title='bbox 2476 1707 2569 1761; x_wconf 90' lang='lat' dir='ltr'>his</span> <span class='ocrx_word' id='word_1_449' title='bbox 2622 1706 2811 1762; x_wconf 87' lang='lat' dir='ltr'>verbis</span> <span class='ocrx_word' id='word_1_450' title='bbox 2858 1705 3106 1777; x_wconf 88' lang='lat' dir='ltr'>incipit:</span> <span class='ocrx_word' id='word_1_451' title='bbox 3142 1705 3386 1761; x_wconf 78' lang='lat' dir='ltr'>Gloriosa</span> <span class='ocrx_word' id='word_1_452' title='bbox 3425 1706 3644 1777; x_wconf 82' lang='lat' dir='ltr'>quidem</span> 
     </span>
    </p>
   </div>
   <div class='ocr_carea' id='block_1_60' title="bbox 1997 1796 3642 1869">
    <p class='ocr_par' dir='ltr' id='par_1_60' title="bbox 1997 1796 3642 1869">
     <span class='ocr_line' id='line_1_60' title="bbox 1997 1796 3642 1869; baseline 0.001 -20"><span class='ocrx_word' id='word_1_453' title='bbox 1997 1804 2121 1850; x_wconf 88' lang='lat' dir='ltr'>acta</span> <span class='ocrx_word' id='word_1_454' title='bbox 2148 1803 2477 1862; x_wconf 88' lang='lat' dir='ltr'>sanctorum,</span> <span class='ocrx_word' id='word_1_455' title='bbox 2501 1797 2697 1869; x_wconf 86' lang='lat' dir='ltr'>quibus</span> <span class='ocrx_word' id='word_1_456' title='bbox 2726 1796 2793 1850; x_wconf 87' lang='lat' dir='ltr'>ab</span> <span class='ocrx_word' id='word_1_457' title='bbox 2823 1803 2947 1851; x_wconf 83' lang='lat' dir='ltr'>ortu</span> <span class='ocrx_word' id='word_1_458' title='bbox 2976 1796 3300 1860; x_wconf 80' lang='lat' dir='ltr'>nativitatis,</span> <span class='ocrx_word' id='word_1_459' title='bbox 3323 1799 3430 1851; x_wconf 88' lang='lat' dir='ltr'>etc.</span> <span class='ocrx_word' id='word_1_460' title='bbox 3455 1797 3642 1861; x_wconf 86' lang='lat' dir='ltr'>Quam</span> 
     </span>
    </p>
   </div>
   <div class='ocr_carea' id='block_1_61' title="bbox 1914 1883 3635 1951">
    <p class='ocr_par' dir='ltr' id='par_1_61' title="bbox 1914 1883 3635 1951">
     <span class='ocr_line' id='line_1_61' title="bbox 1914 1883 3635 1951; baseline -0.001 -12"><span class='ocrx_word' id='word_1_461' title='bbox 1914 1886 1962 1951; x_wconf 89' lang='lat' dir='ltr'><strong>B</strong></span> <span class='ocrx_word' id='word_1_462' title='bbox 1990 1884 2200 1939; x_wconf 90' lang='lat' dir='ltr'>harum</span> <span class='ocrx_word' id='word_1_463' title='bbox 2233 1884 2520 1940; x_wconf 89' lang='lat' dir='ltr'>Othlonus</span> <span class='ocrx_word' id='word_1_464' title='bbox 2571 1883 2967 1940; x_wconf 90' lang='lat' dir='ltr'>emendaverit</span> <span class='ocrx_word' id='word_1_465' title='bbox 2994 1885 3283 1939; x_wconf 88' lang='lat' dir='ltr'>incertum</span> <span class='ocrx_word' id='word_1_466' title='bbox 3330 1884 3499 1939; x_wconf 87' lang='lat' dir='ltr'>nobis</span> <span class='ocrx_word' id='word_1_467' title='bbox 3528 1888 3635 1940; x_wconf 89' lang='lat' dir='ltr'>est.</span> 
     </span>
    </p>
   </div>
   <div class='ocr_carea' id='block_1_62' title="bbox 1994 1971 3644 2043">
    <p class='ocr_par' dir='ltr' id='par_1_62' title="bbox 1994 1971 3644 2043">
     <span class='ocr_line' id='line_1_62' title="bbox 1994 1971 3644 2043; baseline 0 -15"><span class='ocrx_word' id='word_1_468' title='bbox 1994 1974 2289 2043; x_wconf 88' lang='lat' dir='ltr'>Conjicere</span> <span class='ocrx_word' id='word_1_469' title='bbox 2319 1976 2515 2029; x_wconf 87' lang='lat' dir='ltr'>tamen</span> <span class='ocrx_word' id='word_1_470' title='bbox 2541 1974 2627 2029; x_wconf 89' lang='lat' dir='ltr'>vel</span> <span class='ocrx_word' id='word_1_471' title='bbox 2657 1989 2725 2027; x_wconf 86' lang='lat' dir='ltr'>ex</span> <span class='ocrx_word' id='word_1_472' title='bbox 2756 1973 3025 2029; x_wconf 89' lang='lat' dir='ltr'>versibus</span> <span class='ocrx_word' id='word_1_473' title='bbox 3066 1971 3201 2028; x_wconf 90' lang='lat' dir='ltr'>licet</span> <span class='ocrx_word' id='word_1_474' title='bbox 3232 1971 3485 2043; x_wconf 89' lang='lat' dir='ltr'>priorem</span> <span class='ocrx_word' id='word_1_475' title='bbox 3515 1989 3644 2029; x_wconf 90' lang='lat' dir='ltr'>esse</span> 
     </span>
    </p>
   </div>
   <div class='ocr_carea' id='block_1_63' title="bbox 1994 2060 3644 2130">
    <p class='ocr_par' dir='ltr' id='par_1_63' title="bbox 1994 2060 3644 2130">
     <span class='ocr_line' id='line_1_63' title="bbox 1994 2060 3644 2130; baseline 0.001 -13"><span class='ocrx_word' id='word_1_476' title='bbox 1994 2061 2055 2117; x_wconf 91' lang='lat' dir='ltr'>in</span> <span class='ocrx_word' id='word_1_477' title='bbox 2087 2077 2202 2130; x_wconf 84' lang='lat' dir='ltr'>qua</span> <span class='ocrx_word' id='word_1_478' title='bbox 2223 2062 2556 2118; x_wconf 87' lang='lat' dir='ltr'>cxornanda</span> <span class='ocrx_word' id='word_1_479' title='bbox 2585 2079 2759 2117; x_wconf 89' lang='lat' dir='ltr'>suum</span> <span class='ocrx_word' id='word_1_480' title='bbox 2781 2062 3072 2117; x_wconf 90' lang='lat' dir='ltr'>Othlonus</span> <span class='ocrx_word' id='word_1_481' title='bbox 3103 2061 3367 2117; x_wconf 89' lang='lat' dir='ltr'>studium</span> <span class='ocrx_word' id='word_1_482' title='bbox 3398 2060 3644 2117; x_wconf 86' lang='lat' dir='ltr'>colloca-</span> 
     </span>
    </p>
   </div>
   <div class='ocr_carea' id='block_1_64' title="bbox 1994 2150 3643 2223">
    <p class='ocr_par' dir='ltr' id='par_1_64' title="bbox 1994 2150 3643 2223">
     <span class='ocr_line' id='line_1_64' title="bbox 1994 2150 3643 2223; baseline 0.001 -18"><span class='ocrx_word' id='word_1_483' title='bbox 1994 2150 2162 2206; x_wconf 90' lang='lat' dir='ltr'>verit.</span> <span class='ocrx_word' id='word_1_484' title='bbox 2196 2151 2361 2205; x_wconf 88' lang='lat' dir='ltr'>Forte</span> <span class='ocrx_word' id='word_1_485' title='bbox 2392 2150 2569 2206; x_wconf 90' lang='lat' dir='ltr'>etiam</span> <span class='ocrx_word' id='word_1_486' title='bbox 2612 2168 2726 2205; x_wconf 93' lang='lat' dir='ltr'>non</span> <span class='ocrx_word' id='word_1_487' title='bbox 2767 2150 2876 2206; x_wconf 92' lang='lat' dir='ltr'>nisi</span> <span class='ocrx_word' id='word_1_488' title='bbox 2913 2150 3153 2206; x_wconf 90' lang='lat' dir='ltr'>arbitrio</span> <span class='ocrx_word' id='word_1_489' title='bbox 3186 2150 3511 2205; x_wconf 88' lang='lat' dir='ltr'>scribarum</span> <span class='ocrx_word' id='word_1_490' title='bbox 3539 2167 3643 2223; x_wconf 89' lang='lat' dir='ltr'>ge-</span> 
     </span>
    </p>
   </div>
   <div class='ocr_carea' id='block_1_65' title="bbox 1998 2238 3645 2312">
    <p class='ocr_par' dir='ltr' id='par_1_65' title="bbox 1998 2238 3645 2312">
     <span class='ocr_line' id='line_1_65' title="bbox 1998 2238 3645 2312; baseline 0 -18"><span class='ocrx_word' id='word_1_491' title='bbox 1998 2240 2218 2294; x_wconf 90' lang='lat' dir='ltr'>nuinus</span> <span class='ocrx_word' id='word_1_492' title='bbox 2249 2239 2483 2295; x_wconf 87' lang='lat' dir='ltr'>Othloni</span> <span class='ocrx_word' id='word_1_493' title='bbox 2534 2241 2832 2312; x_wconf 82' lang='lat' dir='ltr'>prologue,</span> <span class='ocrx_word' id='word_1_494' title='bbox 2866 2240 2924 2294; x_wconf 91' lang='lat' dir='ltr'>in</span> <span class='ocrx_word' id='word_1_495' title='bbox 2958 2256 3073 2310; x_wconf 92' lang='lat' dir='ltr'>quo</span> <span class='ocrx_word' id='word_1_496' title='bbox 3119 2256 3287 2294; x_wconf 87' lang='lat' dir='ltr'>suam</span> <span class='ocrx_word' id='word_1_497' title='bbox 3320 2238 3645 2294; x_wconf 79' lang='lat' dir='ltr'>emendatio-</span> 
     </span>
    </p>
   </div>
   <div class='ocr_carea' id='block_1_66' title="bbox 1997 2326 3645 2400">
    <p class='ocr_par' dir='ltr' id='par_1_66' title="bbox 1997 2326 3645 2400">
     <span class='ocr_line' id='line_1_66' title="bbox 1997 2326 3645 2400; baseline -0.001 -17"><span class='ocrx_word' id='word_1_498' title='bbox 1997 2345 2123 2384; x_wconf 84' lang='lat' dir='ltr'>nem</span> <span class='ocrx_word' id='word_1_499' title='bbox 2165 2331 2427 2383; x_wconf 86' lang='lat' dir='ltr'>intimari</span> <span class='ocrx_word' id='word_1_500' title='bbox 2472 2328 2573 2395; x_wconf 87' lang='lat' dir='ltr'>ait,</span> <span class='ocrx_word' id='word_1_501' title='bbox 2605 2330 3035 2400; x_wconf 67' lang='lat' dir='ltr'>praetermissus</span> <span class='ocrx_word' id='word_1_502' title='bbox 3093 2328 3148 2382; x_wconf 92' lang='lat' dir='ltr'>in</span> <span class='ocrx_word' id='word_1_503' title='bbox 3199 2328 3433 2397; x_wconf 88' lang='lat' dir='ltr'>scriptis</span> <span class='ocrx_word' id='word_1_504' title='bbox 3482 2326 3645 2383; x_wconf 89' lang='lat' dir='ltr'>libris</span> 
     </span>
    </p>
   </div>
   <div class='ocr_carea' id='block_1_67' title="bbox 2000 2417 3643 2489">
    <p class='ocr_par' dir='ltr' id='par_1_67' title="bbox 2000 2417 3643 2489">
     <span class='ocr_line' id='line_1_67' title="bbox 2000 2417 3643 2489; baseline -0.001 -16"><span class='ocrx_word' id='word_1_505' title='bbox 2000 2419 2127 2473; x_wconf 83' lang='lat' dir='ltr'>fuit.</span> <span class='ocrx_word' id='word_1_506' title='bbox 2148 2419 2257 2473; x_wconf 91' lang='lat' dir='ltr'>Sed</span> <span class='ocrx_word' id='word_1_507' title='bbox 2282 2418 2399 2473; x_wconf 81' lang='lat' dir='ltr'>haec</span> <span class='ocrx_word' id='word_1_508' title='bbox 2420 2419 2752 2489; x_wconf 87' lang='lat' dir='ltr'>conjectura</span> <span class='ocrx_word' id='word_1_509' title='bbox 2775 2422 3006 2473; x_wconf 87' lang='lat' dir='ltr'>tantum</span> <span class='ocrx_word' id='word_1_510' title='bbox 3040 2422 3145 2472; x_wconf 90' lang='lat' dir='ltr'>est.</span> <span class='ocrx_word' id='word_1_511' title='bbox 3163 2417 3446 2472; x_wconf 68' lang='lat' dir='ltr'>Caeterum</span> <span class='ocrx_word' id='word_1_512' title='bbox 3469 2417 3643 2473; x_wconf 90' lang='lat' dir='ltr'>etiam</span> 
     </span>
    </p>
   </div>
   <div class='ocr_carea' id='block_1_68' title="bbox 2001 2507 3645 2579">
    <p class='ocr_par' dir='ltr' id='par_1_68' title="bbox 2001 2507 3645 2579">
     <span class='ocr_line' id='line_1_68' title="bbox 2001 2507 3645 2579; baseline -0.001 -17"><span class='ocrx_word' id='word_1_513' title='bbox 2001 2525 2035 2562; x_wconf 91' lang='lat' dir='ltr'>a</span> <span class='ocrx_word' id='word_1_514' title='bbox 2057 2507 2336 2562; x_wconf 85' lang='lat' dir='ltr'>Reinoldo</span> <span class='ocrx_word' id='word_1_515' title='bbox 2365 2508 2635 2579; x_wconf 91' lang='lat' dir='ltr'>episcopo</span> <span class='ocrx_word' id='word_1_516' title='bbox 2658 2507 2984 2578; x_wconf 84' lang='lat' dir='ltr'>Eystetensi</span> <span class='ocrx_word' id='word_1_517' title='bbox 3010 2507 3327 2577; x_wconf 86' lang='lat' dir='ltr'>quamdam</span> <span class='ocrx_word' id='word_1_518' title='bbox 3352 2508 3645 2561; x_wconf 82' lang='lat' dir='ltr'>Historiam</span> 
     </span>
    </p>
   </div>
   <div class='ocr_carea' id='block_1_69' title="bbox 2000 2595 3652 2665">
    <p class='ocr_par' dir='ltr' id='par_1_69' title="bbox 2000 2595 3652 2665">
     <span class='ocr_line' id='line_1_69' title="bbox 2000 2595 3652 2665; baseline -0.001 -14"><span class='ocrx_word' id='word_1_519' title='bbox 2000 2599 2069 2652; x_wconf 78' lang='lat' dir='ltr'>de</span> <span class='ocrx_word' id='word_1_520' title='bbox 2098 2596 2153 2650; x_wconf 91' lang='lat' dir='ltr'>S.</span> <span class='ocrx_word' id='word_1_521' title='bbox 2189 2596 2411 2650; x_wconf 86' lang='lat' dir='ltr'>Nicolao</span> <span class='ocrx_word' id='word_1_522' title='bbox 2455 2596 2673 2650; x_wconf 88' lang='lat' dir='ltr'>editam</span> <span class='ocrx_word' id='word_1_523' title='bbox 2723 2595 2928 2661; x_wconf 84' lang='lat' dir='ltr'>fuisse,</span> <span class='ocrx_word' id='word_1_524' title='bbox 2953 2596 3079 2665; x_wconf 88' lang='lat' dir='ltr'>jam</span> <span class='ocrx_word' id='word_1_525' title='bbox 3113 2596 3169 2649; x_wconf 93' lang='lat' dir='ltr'>in</span> <span class='ocrx_word' id='word_1_526' title='bbox 3202 2595 3410 2650; x_wconf 88' lang='lat' dir='ltr'>Itinere</span> <span class='ocrx_word' id='word_1_527' title='bbox 3454 2599 3652 2651; x_wconf 91' lang='lat' dir='ltr'>nostro</span> 
     </span>
    </p>
   </div>
   <div class='ocr_carea' id='block_1_70' title="bbox 2002 2683 3041 2755">
    <p class='ocr_par' dir='ltr' id='par_1_70' title="bbox 2002 2683 3041 2755">
     <span class='ocr_line' id='line_1_70' title="bbox 2002 2683 3041 2755; baseline -0.002 -14"><span class='ocrx_word' id='word_1_528' title='bbox 2002 2686 2276 2741; x_wconf 86' lang='lat' dir='ltr'>Bavarico</span> <span class='ocrx_word' id='word_1_529' title='bbox 2307 2684 2671 2751; x_wconf 87' lang='lat' dir='ltr'>monuimus,</span> <span class='ocrx_word' id='word_1_530' title='bbox 2707 2686 2858 2755; x_wconf 93' lang='lat' dir='ltr'>quod</span> <span class='ocrx_word' id='word_1_531' title='bbox 2891 2683 3041 2739; x_wconf 90' lang='lat' dir='ltr'>vide.</span> 
     </span>
    </p>
   </div>
   <div class='ocr_carea' id='block_1_71' title="bbox 2076 2773 3649 2844">
    <p class='ocr_par' dir='ltr' id='par_1_71' title="bbox 2076 2773 3649 2844">
     <span class='ocr_line' id='line_1_71' title="bbox 2076 2773 3649 2844; baseline 0.001 -17"><span class='ocrx_word' id='word_1_532' title='bbox 2076 2776 2160 2828; x_wconf 80' lang='lat'>1‘3.</span> <span class='ocrx_word' id='word_1_533' title='bbox 2196 2773 2445 2844; x_wconf 90' lang='lat' dir='ltr'>Scripsit</span> <span class='ocrx_word' id='word_1_534' title='bbox 2476 2773 2650 2828; x_wconf 89' lang='lat' dir='ltr'>etiam</span> <span class='ocrx_word' id='word_1_535' title='bbox 2684 2773 2973 2829; x_wconf 86' lang='lat' dir='ltr'>Othlonus</span> <span class='ocrx_word' id='word_1_536' title='bbox 3011 2775 3190 2829; x_wconf 86' lang='lat' dir='ltr'>Vitam</span> <span class='ocrx_word' id='word_1_537' title='bbox 3221 2774 3275 2828; x_wconf 89' lang='lat' dir='ltr'>S.</span> <span class='ocrx_word' id='word_1_538' title='bbox 3296 2775 3507 2830; x_wconf 83' lang='lat' dir='ltr'>Altonis</span> <span class='ocrx_word' id='word_1_539' title='bbox 3536 2790 3649 2829; x_wconf 88' lang='lat' dir='ltr'>una</span> 
     </span>
    </p>
   </div>
   <div class='ocr_carea' id='block_1_72' title="bbox 2002 2862 3658 2935">
    <p class='ocr_par' dir='ltr' id='par_1_72' title="bbox 2002 2862 3658 2935">
     <span class='ocr_line' id='line_1_72' title="bbox 2002 2862 3658 2935; baseline 0 -17"><span class='ocrx_word' id='word_1_540' title='bbox 2002 2880 2128 2919; x_wconf 86' lang='lat' dir='ltr'>cum</span> <span class='ocrx_word' id='word_1_541' title='bbox 2148 2862 2486 2934; x_wconf 85' lang='lat' dir='ltr'>quibusdam</span> <span class='ocrx_word' id='word_1_542' title='bbox 2515 2863 2856 2918; x_wconf 83' lang='lat' dir='ltr'>carminibus</span> <span class='ocrx_word' id='word_1_543' title='bbox 2878 2862 2947 2917; x_wconf 92' lang='lat' dir='ltr'>ad</span> <span class='ocrx_word' id='word_1_544' title='bbox 2972 2864 3223 2918; x_wconf 85' lang='lat' dir='ltr'>eumdem</span> <span class='ocrx_word' id='word_1_545' title='bbox 3252 2866 3505 2919; x_wconf 85' lang='lat' dir='ltr'>sanctum</span> <span class='ocrx_word' id='word_1_546' title='bbox 3530 2880 3658 2935; x_wconf 83' lang='lat' dir='ltr'>pcr-</span> 
     </span>
    </p>
   </div>
   <div class='ocr_carea' id='block_1_73' title="bbox 2005 2951 3663 3022">
    <p class='ocr_par' dir='ltr' id='par_1_73' title="bbox 2005 2951 3663 3022">
     <span class='ocr_line' id='line_1_73' title="bbox 2005 2951 3663 3022; baseline 0.001 -15"><span class='ocrx_word' id='word_1_547' title='bbox 2005 2953 2328 3017; x_wconf 82' lang='lat' dir='ltr'>tinentibus,</span> <span class='ocrx_word' id='word_1_548' title='bbox 2354 2952 2509 3022; x_wconf 91' lang='lat' dir='ltr'>quod</span> <span class='ocrx_word' id='word_1_549' title='bbox 2550 2952 2737 3022; x_wconf 88' lang='lat' dir='ltr'>ipsius</span> <span class='ocrx_word' id='word_1_550' title='bbox 2780 2951 3187 3007; x_wconf 91' lang='lat' dir='ltr'>testimonium</span> <span class='ocrx_word' id='word_1_551' title='bbox 3235 2957 3325 3007; x_wconf 89' lang='lat' dir='ltr'>est</span> <span class='ocrx_word' id='word_1_552' title='bbox 3356 2953 3414 3007; x_wconf 94' lang='lat' dir='ltr'>in</span> <span class='ocrx_word' id='word_1_553' title='bbox 3448 2952 3549 3007; x_wconf 90' lang='lat' dir='ltr'>lib.</span> <span class='ocrx_word' id='word_1_554' title='bbox 3590 2954 3663 3008; x_wconf 80' lang='lat' dir='ltr'>De</span> 
     </span>
    </p>
   </div>
   <div class='ocr_carea' id='block_1_74' title="bbox 2007 3030 3660 3111">
    <p class='ocr_par' dir='ltr' id='par_1_74' title="bbox 2007 3030 3660 3111">
     <span class='ocr_line' id='line_1_74' title="bbox 2007 3030 3660 3111; baseline 0.001 -14"><span class='ocrx_word' id='word_1_555' title='bbox 2007 3046 2196 3097; x_wconf 82' lang='lat' dir='ltr'>tcntat.</span> <span class='ocrx_word' id='word_1_556' title='bbox 2226 3050 2277 3096; x_wconf 87' lang='lat' dir='ltr'>et</span> <span class='ocrx_word' id='word_1_557' title='bbox 2305 3042 2492 3111; x_wconf 85' lang='lat' dir='ltr'>script.</span> <span class='ocrx_word' id='word_1_558' title='bbox 2518 3043 2655 3097; x_wconf 86' lang='lat' dir='ltr'>suis.</span> <span class='ocrx_word' id='word_1_559' title='bbox 2691 3046 2867 3097; x_wconf 89' lang='lat' dir='ltr'>Porro</span> <span class='ocrx_word' id='word_1_560' title='bbox 2895 3045 3091 3097; x_wconf 90' lang='lat' dir='ltr'>autem</span> <span class='ocrx_word' id='word_1_561' title='bbox 3122 3041 3222 3097; x_wconf 91' lang='lat' dir='ltr'>ubi</span> <span class='ocrx_word' id='word_1_562' title='bbox 3246 3042 3366 3097; x_wconf 59' lang='lat' dir='ltr'>hac</span> <span class='ocrx_word' id='word_1_563' title='bbox 3394 3042 3530 3097; x_wconf 86' lang='lat' dir='ltr'>Vita</span> <span class='ocrx_word' id='word_1_564' title='bbox 3560 3030 3660 3098; x_wconf 89' lang='lat' dir='ltr'>de-</span> 
     </span>
    </p>
   </div>
   <div class='ocr_carea' id='block_1_75' title="bbox 2007 3129 3662 3201">
    <p class='ocr_par' dir='ltr' id='par_1_75' title="bbox 2007 3129 3662 3201">
     <span class='ocr_line' id='line_1_75' title="bbox 2007 3129 3662 3201; baseline 0 -16"><span class='ocrx_word' id='word_1_565' title='bbox 2007 3131 2235 3185; x_wconf 89' lang='lat' dir='ltr'>litescat</span> <span class='ocrx_word' id='word_1_566' title='bbox 2266 3147 2372 3185; x_wconf 92' lang='lat' dir='ltr'>nos</span> <span class='ocrx_word' id='word_1_567' title='bbox 2404 3130 2665 3184; x_wconf 92' lang='lat' dir='ltr'>nondum</span> <span class='ocrx_word' id='word_1_568' title='bbox 2702 3130 3117 3201; x_wconf 90' lang='lat' dir='ltr'>comperimus.</span> <span class='ocrx_word' id='word_1_569' title='bbox 3145 3131 3312 3186; x_wconf 90' lang='lat' dir='ltr'>Forte</span> <span class='ocrx_word' id='word_1_570' title='bbox 3336 3130 3467 3185; x_wconf 88' lang='lat' dir='ltr'>Vita</span> <span class='ocrx_word' id='word_1_571' title='bbox 3495 3129 3662 3185; x_wconf 89' lang='lat' dir='ltr'>Alto-</span> 
     </span>
    </p>
   </div>
   <div class='ocr_carea' id='block_1_76' title="bbox 2009 3217 3660 3285">
    <p class='ocr_par' dir='ltr' id='par_1_76' title="bbox 2009 3217 3660 3285">
     <span class='ocr_line' id='line_1_76' title="bbox 2009 3217 3660 3285; baseline 0.001 -12"><span class='ocrx_word' id='word_1_572' title='bbox 2009 3219 2119 3285; x_wconf 91' lang='lat' dir='ltr'>nis,</span> <span class='ocrx_word' id='word_1_573' title='bbox 2141 3236 2174 3273; x_wconf 91' lang='lat' dir='ltr'>a</span> <span class='ocrx_word' id='word_1_574' title='bbox 2194 3218 2591 3273; x_wconf 87' lang='lat' dir='ltr'>Bollandisnis</span> <span class='ocrx_word' id='word_1_575' title='bbox 2614 3219 2684 3273; x_wconf 90' lang='lat' dir='ltr'>ad</span> <span class='ocrx_word' id='word_1_576' title='bbox 2709 3217 2863 3273; x_wconf 91' lang='lat' dir='ltr'>diem</span> <span class='ocrx_word' id='word_1_577' title='bbox 2886 3220 2920 3271; x_wconf 85' lang='lat'>9</span> <span class='ocrx_word' id='word_1_578' title='bbox 2944 3220 3241 3274; x_wconf 87' lang='lat' dir='ltr'>Februarii</span> <span class='ocrx_word' id='word_1_579' title='bbox 3264 3224 3319 3275; x_wconf 91' lang='lat' dir='ltr'>et</span> <span class='ocrx_word' id='word_1_580' title='bbox 3340 3237 3373 3274; x_wconf 90' lang='lat' dir='ltr'>a</span> <span class='ocrx_word' id='word_1_581' title='bbox 3396 3217 3660 3275; x_wconf 90' lang='lat' dir='ltr'>Mabillo-</span> 
     </span>
    </p>
   </div>
   <div class='ocr_carea' id='block_1_77' title="bbox 2005 3307 3666 3380">
    <p class='ocr_par' dir='ltr' id='par_1_77' title="bbox 2005 3307 3666 3380">
     <span class='ocr_line' id='line_1_77' title="bbox 2005 3307 3666 3380; baseline -0.001 -17"><span class='ocrx_word' id='word_1_582' title='bbox 2005 3308 2253 3364; x_wconf 63' lang='lat' dir='ltr'>nioSmc.</span> <span class='ocrx_word' id='word_1_583' title='bbox 2279 3308 2487 3362; x_wconf 92' lang='lat' dir='ltr'>Bened.</span> <span class='ocrx_word' id='word_1_584' title='bbox 2510 3308 2608 3372; x_wconf 93' lang='lat' dir='ltr'>III,</span> <span class='ocrx_word' id='word_1_585' title='bbox 2629 3325 2772 3379; x_wconf 83' lang='lat' dir='ltr'>p.11,</span> <span class='ocrx_word' id='word_1_586' title='bbox 2795 3325 2828 3363; x_wconf 90' lang='lat' dir='ltr'>a</span> <span class='ocrx_word' id='word_1_587' title='bbox 2849 3324 2982 3380; x_wconf 85' lang='lat' dir='ltr'>pag.</span> <span class='ocrx_word' id='word_1_588' title='bbox 3006 3309 3131 3374; x_wconf 83' lang='lat'>217,</span> <span class='ocrx_word' id='word_1_589' title='bbox 3153 3308 3307 3363; x_wconf 89' lang='lat' dir='ltr'>edita</span> <span class='ocrx_word' id='word_1_590' title='bbox 3332 3312 3387 3362; x_wconf 87' lang='lat' dir='ltr'>et</span> <span class='ocrx_word' id='word_1_591' title='bbox 3408 3307 3666 3363; x_wconf 87' lang='lat' dir='ltr'>illustra-</span> 
     </span>
    </p>
   </div>
   <div class='ocr_carea' id='block_1_78' title="bbox 2005 3394 3664 3468">
    <p class='ocr_par' dir='ltr' id='par_1_78' title="bbox 2005 3394 3664 3468">
     <span class='ocr_line' id='line_1_78' title="bbox 2005 3394 3664 3468; baseline 0 -17"><span class='ocrx_word' id='word_1_592' title='bbox 2005 3402 2085 3466; x_wconf 88' lang='lat' dir='ltr'>ta,</span> <span class='ocrx_word' id='word_1_593' title='bbox 2101 3397 2171 3451; x_wconf 90' lang='lat' dir='ltr'>ab</span> <span class='ocrx_word' id='word_1_594' title='bbox 2190 3394 2609 3467; x_wconf 89' lang='lat' dir='ltr'>opereOthloni</span> <span class='ocrx_word' id='word_1_595' title='bbox 2630 3395 2904 3451; x_wconf 89' lang='lat' dir='ltr'>distincta</span> <span class='ocrx_word' id='word_1_596' title='bbox 2922 3413 3037 3451; x_wconf 89' lang='lat' dir='ltr'>non</span> <span class='ocrx_word' id='word_1_597' title='bbox 3059 3401 3165 3467; x_wconf 88' lang='lat' dir='ltr'>est,</span> <span class='ocrx_word' id='word_1_598' title='bbox 3184 3396 3506 3468; x_wconf 68' lang='lat' dir='ltr'>praesertim</span> <span class='ocrx_word' id='word_1_599' title='bbox 3530 3413 3664 3451; x_wconf 90' lang='lat' dir='ltr'>cum</span> 
     </span>
    </p>
   </div>
   <div class='ocr_carea' id='block_1_79' title="bbox 2007 3485 3660 3558">
    <p class='ocr_par' dir='ltr' id='par_1_79' title="bbox 2007 3485 3660 3558">
     <span class='ocr_line' id='line_1_79' title="bbox 2007 3485 3660 3558; baseline 0.001 -18"><span class='ocrx_word' id='word_1_600' title='bbox 2007 3487 2141 3552; x_wconf 86' lang='lat' dir='ltr'>ﬁne,</span> <span class='ocrx_word' id='word_1_601' title='bbox 2171 3502 2346 3557; x_wconf 90' lang='lat' dir='ltr'>quem</span> <span class='ocrx_word' id='word_1_602' title='bbox 2371 3487 2532 3540; x_wconf 87' lang='lat' dir='ltr'>varia</span> <span class='ocrx_word' id='word_1_603' title='bbox 2556 3487 2811 3540; x_wconf 86' lang='lat' dir='ltr'>carmina</span> <span class='ocrx_word' id='word_1_604' title='bbox 2832 3485 3113 3557; x_wconf 87' lang='lat' dir='ltr'>consequi</span> <span class='ocrx_word' id='word_1_605' title='bbox 3137 3490 3474 3558; x_wconf 90' lang='lat' dir='ltr'>potuerunt,</span> <span class='ocrx_word' id='word_1_606' title='bbox 3495 3490 3660 3541; x_wconf 91' lang='lat' dir='ltr'>trun-</span> 
     </span>
    </p>
   </div>
   <div class='ocr_carea' id='block_1_80' title="bbox 2010 3573 3664 3647">
    <p class='ocr_par' dir='ltr' id='par_1_80' title="bbox 2010 3573 3664 3647">
     <span class='ocr_line' id='line_1_80' title="bbox 2010 3573 3664 3647; baseline 0 -18"><span class='ocrx_word' id='word_1_607' title='bbox 2010 3579 2140 3630; x_wconf 89' lang='lat' dir='ltr'>cata</span> <span class='ocrx_word' id='word_1_608' title='bbox 2162 3574 2259 3640; x_wconf 92' lang='lat' dir='ltr'>sit,</span> <span class='ocrx_word' id='word_1_609' title='bbox 2284 3579 2338 3629; x_wconf 92' lang='lat' dir='ltr'>et</span> <span class='ocrx_word' id='word_1_610' title='bbox 2360 3576 2489 3644; x_wconf 89' lang='lat' dir='ltr'>ejus</span> <span class='ocrx_word' id='word_1_611' title='bbox 2518 3573 2752 3628; x_wconf 90' lang='lat' dir='ltr'>initium</span> <span class='ocrx_word' id='word_1_612' title='bbox 2778 3575 2981 3629; x_wconf 90' lang='lat' dir='ltr'>eodem</span> <span class='ocrx_word' id='word_1_613' title='bbox 3016 3574 3132 3630; x_wconf 84' lang='lat' dir='ltr'>fere</span> <span class='ocrx_word' id='word_1_614' title='bbox 3163 3575 3359 3641; x_wconf 89' lang='lat' dir='ltr'>modo,</span> <span class='ocrx_word' id='word_1_615' title='bbox 3380 3592 3497 3647; x_wconf 90' lang='lat' dir='ltr'>quo</span> <span class='ocrx_word' id='word_1_616' title='bbox 3520 3576 3664 3629; x_wconf 63' lang='lat' dir='ltr'>Vita;</span> 
     </span>
    </p>
   </div>
   <div class='ocr_carea' id='block_1_81' title="bbox 2009 3661 3664 3734">
    <p class='ocr_par' dir='ltr' id='par_1_81' title="bbox 2009 3661 3664 3734">
     <span class='ocr_line' id='line_1_81' title="bbox 2009 3661 3664 3734; baseline 0.001 -17"><span class='ocrx_word' id='word_1_617' title='bbox 2009 3664 2068 3717; x_wconf 91' lang='lat' dir='ltr'>S.</span> <span class='ocrx_word' id='word_1_618' title='bbox 2102 3661 2438 3734; x_wconf 82' lang='lat' dir='ltr'>Wolfgangi</span> <span class='ocrx_word' id='word_1_619' title='bbox 2494 3662 2874 3734; x_wconf 81' lang='lat' dir='ltr'>principium.</span> <span class='ocrx_word' id='word_1_620' title='bbox 2916 3662 3330 3718; x_wconf 88' lang='lat' dir='ltr'>concinnatum</span> <span class='ocrx_word' id='word_1_621' title='bbox 3393 3665 3487 3719; x_wconf 92' lang='lat' dir='ltr'>sit.</span> <span class='ocrx_word' id='word_1_622' title='bbox 3548 3664 3664 3719; x_wconf 90' lang='lat' dir='ltr'>Nec</span> 
     </span>
    </p>
   </div>
   <div class='ocr_carea' id='block_1_82' title="bbox 2011 3752 3664 3823">
    <p class='ocr_par' dir='ltr' id='par_1_82' title="bbox 2011 3752 3664 3823">
     <span class='ocr_line' id='line_1_82' title="bbox 2011 3752 3664 3823; baseline -0.001 -16"><span class='ocrx_word' id='word_1_623' title='bbox 2011 3768 2370 3822; x_wconf 86' lang='lat' dir='ltr'>quemquam</span> <span class='ocrx_word' id='word_1_624' title='bbox 2404 3756 2631 3805; x_wconf 77' lang='lat' dir='ltr'>moveat</span> <span class='ocrx_word' id='word_1_625' title='bbox 2662 3753 2818 3823; x_wconf 92' lang='lat' dir='ltr'>quod</span> <span class='ocrx_word' id='word_1_626' title='bbox 2852 3757 3056 3807; x_wconf 87' lang='lat' dir='ltr'>auctor</span> <span class='ocrx_word' id='word_1_627' title='bbox 3085 3753 3251 3808; x_wconf 56' lang='lat' dir='ltr'>edita</span> <span class='ocrx_word' id='word_1_628' title='bbox 3275 3752 3501 3807; x_wconf 85' lang='lat' dir='ltr'>Altonis</span> <span class='ocrx_word' id='word_1_629' title='bbox 3520 3752 3664 3806; x_wconf 68' lang='lat' dir='ltr'>Vita:</span> 
     </span>
    </p>
   </div>
   <div class='ocr_carea' id='block_1_83' title="bbox 2012 3839 3660 3911">
    <p class='ocr_par' dir='ltr' id='par_1_83' title="bbox 2012 3839 3660 3911">
     <span class='ocr_line' id='line_1_83' title="bbox 2012 3839 3660 3911; baseline 0.001 -16"><span class='ocrx_word' id='word_1_630' title='bbox 2012 3845 2207 3911; x_wconf 89' lang='lat' dir='ltr'>aperte</span> <span class='ocrx_word' id='word_1_631' title='bbox 2232 3856 2295 3894; x_wconf 91' lang='lat' dir='ltr'>se</span> <span class='ocrx_word' id='word_1_632' title='bbox 2326 3840 2681 3894; x_wconf 89' lang='lat' dir='ltr'>monachum</span> <span class='ocrx_word' id='word_1_633' title='bbox 2704 3839 3361 3896; x_wconf 86' lang='lat' dir='ltr'>Altomonasteriensem</span> <span class='ocrx_word' id='word_1_634' title='bbox 3395 3841 3575 3896; x_wconf 79' lang='lat' dir='ltr'>fuisse</span> <span class='ocrx_word' id='word_1_635' title='bbox 3604 3844 3660 3896; x_wconf 89' lang='lat' dir='ltr'>et</span> 
     </span>
    </p>
   </div>
   <div class='ocr_carea' id='block_1_84' title="bbox 2012 3928 3669 4000">
    <p class='ocr_par' dir='ltr' id='par_1_84' title="bbox 2012 3928 3669 4000">
     <span class='ocr_line' id='line_1_84' title="bbox 2012 3928 3669 4000; baseline 0 -16"><span class='ocrx_word' id='word_1_636' title='bbox 2012 3928 2223 3984; x_wconf 60' lang='lat' dir='ltr'>saeculo</span> <span class='ocrx_word' id='word_1_637' title='bbox 2242 3928 2549 3983; x_wconf 91' lang='lat' dir='ltr'>undecimo</span> <span class='ocrx_word' id='word_1_638' title='bbox 2573 3929 2935 4000; x_wconf 86' lang='lat' dir='ltr'>ingrediente</span> <span class='ocrx_word' id='word_1_639' title='bbox 2955 3930 3130 4000; x_wconf 90' lang='lat' dir='ltr'>(apud</span> <span class='ocrx_word' id='word_1_640' title='bbox 3158 3928 3563 3985; x_wconf 86' lang='lat' dir='ltr'>Mabillonium</span> <span class='ocrx_word' id='word_1_641' title='bbox 3586 3936 3669 3999; x_wconf 85' lang='lat' dir='ltr'>ty-</span> 
     </span>
    </p>
   </div>
   <div class='ocr_carea' id='block_1_85' title="bbox 2012 4018 3670 4091">
    <p class='ocr_par' dir='ltr' id='par_1_85' title="bbox 2012 4018 3670 4091">
     <span class='ocr_line' id='line_1_85' title="bbox 2012 4018 3670 4091; baseline 0.001 -18"><span class='ocrx_word' id='word_1_642' title='bbox 2012 4018 2445 4090; x_wconf 88' lang='lat' dir='ltr'>pographorum</span> <span class='ocrx_word' id='word_1_643' title='bbox 2477 4018 2614 4073; x_wconf 89' lang='lat' dir='ltr'>vitio</span> <span class='ocrx_word' id='word_1_644' title='bbox 2646 4018 2924 4073; x_wconf 84' lang='lat' dir='ltr'>saeculum</span> <span class='ocrx_word' id='word_1_645' title='bbox 2958 4036 3014 4073; x_wconf 86' lang='lat' dir='ltr'>1x</span> <span class='ocrx_word' id='word_1_646' title='bbox 3032 4036 3136 4089; x_wconf 92' lang='lat' dir='ltr'>pro</span> <span class='ocrx_word' id='word_1_647' title='bbox 3166 4036 3222 4073; x_wconf 83' lang='lat' dir='ltr'>x1</span> <span class='ocrx_word' id='word_1_648' title='bbox 3253 4036 3533 4075; x_wconf 85' lang='lat' dir='ltr'>excusum</span> <span class='ocrx_word' id='word_1_649' title='bbox 3560 4021 3670 4091; x_wconf 85' lang='lat' dir='ltr'>est)</span> 
     </span>
    </p>
   </div>
   <div class='ocr_carea' id='block_1_86' title="bbox 2014 4107 3658 4179">
    <p class='ocr_par' dir='ltr' id='par_1_86' title="bbox 2014 4107 3658 4179">
     <span class='ocr_line' id='line_1_86' title="bbox 2014 4107 3658 4179; baseline 0.001 -18"><span class='ocrx_word' id='word_1_650' title='bbox 2014 4107 2282 4162; x_wconf 88' lang='lat' dir='ltr'>ﬂoruisse</span> <span class='ocrx_word' id='word_1_651' title='bbox 2304 4107 2532 4174; x_wconf 89' lang='lat' dir='ltr'>innuat,</span> <span class='ocrx_word' id='word_1_652' title='bbox 2553 4108 2707 4179; x_wconf 91' lang='lat' dir='ltr'>quod</span> <span class='ocrx_word' id='word_1_653' title='bbox 2731 4108 2803 4161; x_wconf 88' lang='lat' dir='ltr'>ab</span> <span class='ocrx_word' id='word_1_654' title='bbox 2826 4112 2992 4162; x_wconf 61' lang='lat' dir='ltr'>astate</span> <span class='ocrx_word' id='word_1_655' title='bbox 3012 4107 3247 4163; x_wconf 92' lang='lat' dir='ltr'>Othloni</span> <span class='ocrx_word' id='word_1_656' title='bbox 3272 4107 3529 4163; x_wconf 88' lang='lat' dir='ltr'>alienum</span> <span class='ocrx_word' id='word_1_657' title='bbox 3560 4109 3658 4164; x_wconf 89' lang='lat' dir='ltr'>sit.</span> 
     </span>
    </p>
   </div>
   <div class='ocr_carea' id='block_1_87' title="bbox 2013 4196 3670 4267">
    <p class='ocr_par' dir='ltr' id='par_1_87' title="bbox 2013 4196 3670 4267">
     <span class='ocr_line' id='line_1_87' title="bbox 2013 4196 3670 4267; baseline 0 -14"><span class='ocrx_word' id='word_1_658' title='bbox 2013 4197 2160 4253; x_wconf 87' lang='lat' dir='ltr'>Nam</span> <span class='ocrx_word' id='word_1_659' title='bbox 2194 4212 2354 4251; x_wconf 90' lang='lat' dir='ltr'>more</span> <span class='ocrx_word' id='word_1_660' title='bbox 2404 4214 2509 4251; x_wconf 92' lang='lat' dir='ltr'>suo</span> <span class='ocrx_word' id='word_1_661' title='bbox 2558 4196 2845 4251; x_wconf 91' lang='lat' dir='ltr'>Othlonus</span> <span class='ocrx_word' id='word_1_662' title='bbox 2898 4196 3188 4267; x_wconf 83' lang='lat' dir='ltr'>ejusmodi</span> <span class='ocrx_word' id='word_1_663' title='bbox 3234 4196 3499 4251; x_wconf 88' lang='lat' dir='ltr'>Vitarum</span> <span class='ocrx_word' id='word_1_664' title='bbox 3554 4215 3670 4253; x_wconf 91' lang='lat' dir='ltr'>non</span> 
     </span>
    </p>
   </div>
   <div class='ocr_carea' id='block_1_88' title="bbox 2014 4284 3670 4358">
    <p class='ocr_par' dir='ltr' id='par_1_88' title="bbox 2014 4284 3670 4358">
     <span class='ocr_line' id='line_1_88' title="bbox 2014 4284 3670 4358; baseline 0.001 -18"><span class='ocrx_word' id='word_1_665' title='bbox 2014 4286 2241 4358; x_wconf 90' lang='lat' dir='ltr'>primus</span> <span class='ocrx_word' id='word_1_666' title='bbox 2274 4289 2494 4349; x_wconf 90' lang='lat' dir='ltr'>auctor,</span> <span class='ocrx_word' id='word_1_667' title='bbox 2530 4286 2629 4339; x_wconf 86' lang='lat' dir='ltr'>sed</span> <span class='ocrx_word' id='word_1_668' title='bbox 2677 4284 3060 4357; x_wconf 89' lang='lat' dir='ltr'>interpolator</span> <span class='ocrx_word' id='word_1_669' title='bbox 3090 4286 3378 4340; x_wconf 83' lang='lat' dir='ltr'>duntaxat</span> <span class='ocrx_word' id='word_1_670' title='bbox 3410 4285 3539 4351; x_wconf 80' lang='lat' dir='ltr'>fuit,</span> <span class='ocrx_word' id='word_1_671' title='bbox 3572 4286 3670 4358; x_wconf 90' lang='lat' dir='ltr'>qui</span> 
     </span>
    </p>
   </div>
   <div class='ocr_carea' id='block_1_89' title="bbox 2014 4373 3669 4446">
    <p class='ocr_par' dir='ltr' id='par_1_89' title="bbox 2014 4373 3669 4446">
     <span class='ocr_line' id='line_1_89' title="bbox 2014 4373 3669 4446; baseline 0 -17"><span class='ocrx_word' id='word_1_672' title='bbox 2014 4373 2233 4446; x_wconf 87' lang='lat' dir='ltr'>stylum</span> <span class='ocrx_word' id='word_1_673' title='bbox 2264 4374 2631 4438; x_wconf 85' lang='lat' dir='ltr'>emendasse,</span> <span class='ocrx_word' id='word_1_674' title='bbox 2666 4378 2767 4429; x_wconf 90' lang='lat' dir='ltr'>aut</span> <span class='ocrx_word' id='word_1_675' title='bbox 2796 4373 2996 4445; x_wconf 81' lang='lat' dir='ltr'>aliqua</span> <span class='ocrx_word' id='word_1_676' title='bbox 3026 4374 3354 4445; x_wconf 90' lang='lat' dir='ltr'>dempsisse</span> <span class='ocrx_word' id='word_1_677' title='bbox 3384 4374 3471 4429; x_wconf 88' lang='lat' dir='ltr'>vel</span> <span class='ocrx_word' id='word_1_678' title='bbox 3503 4375 3669 4429; x_wconf 89' lang='lat' dir='ltr'>addi-</span> 
     </span>
    </p>
   </div>
   <div class='ocr_carea' id='block_1_90' title="bbox 2014 4461 3670 4533">
    <p class='ocr_par' dir='ltr' id='par_1_90' title="bbox 2014 4461 3670 4533">
     <span class='ocr_line' id='line_1_90' title="bbox 2014 4461 3670 4533; baseline 0 -15"><span class='ocrx_word' id='word_1_679' title='bbox 2014 4464 2171 4519; x_wconf 90' lang='lat' dir='ltr'>disse</span> <span class='ocrx_word' id='word_1_680' title='bbox 2201 4468 2510 4518; x_wconf 90' lang='lat' dir='ltr'>contentus</span> <span class='ocrx_word' id='word_1_681' title='bbox 2534 4462 2762 4533; x_wconf 90' lang='lat' dir='ltr'>reliqua</span> <span class='ocrx_word' id='word_1_682' title='bbox 2793 4462 2992 4517; x_wconf 86' lang='lat' dir='ltr'>omnia</span> <span class='ocrx_word' id='word_1_683' title='bbox 3023 4461 3440 4533; x_wconf 87' lang='lat' dir='ltr'>dissimulavit,</span> <span class='ocrx_word' id='word_1_684' title='bbox 3466 4468 3670 4518; x_wconf 80' lang='lat' dir='ltr'>ututs.</span> 
     </span>
    </p>
   </div>
   <div class='ocr_carea' id='block_1_91' title="bbox 2014 4549 3667 4623">
    <p class='ocr_par' dir='ltr' id='par_1_91' title="bbox 2014 4549 3667 4623">
     <span class='ocr_line' id='line_1_91' title="bbox 2014 4549 3667 4623; baseline 0.001 -16"><span class='ocrx_word' id='word_1_685' title='bbox 2014 4569 2120 4607; x_wconf 89' lang='lat' dir='ltr'>suo</span> <span class='ocrx_word' id='word_1_686' title='bbox 2178 4555 2438 4623; x_wconf 87' lang='lat' dir='ltr'>tempore</span> <span class='ocrx_word' id='word_1_687' title='bbox 2478 4568 2543 4606; x_wconf 90' lang='lat' dir='ltr'>ac</span> <span class='ocrx_word' id='word_1_688' title='bbox 2589 4549 2715 4606; x_wconf 93' lang='lat' dir='ltr'>loco</span> <span class='ocrx_word' id='word_1_689' title='bbox 2771 4550 3162 4607; x_wconf 88' lang='lat' dir='ltr'>abhorrentia.</span> <span class='ocrx_word' id='word_1_690' title='bbox 3200 4550 3431 4607; x_wconf 89' lang='lat' dir='ltr'>Illustre</span> <span class='ocrx_word' id='word_1_691' title='bbox 3488 4551 3667 4623; x_wconf 84' lang='lat' dir='ltr'>hujus</span> 
     </span>
    </p>
   </div>
   <div class='ocr_carea' id='block_1_92' title="bbox 257 4624 3670 4712">
    <p class='ocr_par' dir='ltr' id='par_1_92' title="bbox 257 4624 3670 4712">
     <span class='ocr_line' id='line_1_92' title="bbox 257 4624 3670 4712; baseline 0 -17"><span class='ocrx_word' id='word_1_692' title='bbox 257 4642 391 4695; x_wconf 85' lang='lat' dir='ltr'>suis.</span> <span class='ocrx_word' id='word_1_693' title='bbox 427 4642 645 4696; x_wconf 86' lang='lat' dir='ltr'>Harum</span> <span class='ocrx_word' id='word_1_694' title='bbox 672 4640 853 4696; x_wconf 89' lang='lat' dir='ltr'>altera</span> <span class='ocrx_word' id='word_1_695' title='bbox 880 4640 1035 4696; x_wconf 87' lang='lat' dir='ltr'>edita</span> <span class='ocrx_word' id='word_1_696' title='bbox 1065 4646 1151 4696; x_wconf 90' lang='lat' dir='ltr'>est</span> <span class='ocrx_word' id='word_1_697' title='bbox 1183 4642 1335 4712; x_wconf 89' lang='lat' dir='ltr'>apud</span> <span class='ocrx_word' id='word_1_698' title='bbox 1361 4641 1761 4696; x_wconf 85' lang='lat' dir='ltr'>Mabillonium</span> <span class='ocrx_word' id='word_1_699' title='bbox 1796 4644 1909 4697; x_wconf 71' lang='lat' dir='ltr'>Saa-</span> <span class='ocrx_word' id='word_1_700' title='bbox 1942 4624 1985 4689; x_wconf 82' lang='lat' dir='ltr'><strong>D</strong></span> <span class='ocrx_word' id='word_1_701' title='bbox 2018 4640 2372 4710; x_wconf 87' lang='lat' dir='ltr'>exemplum,</span> <span class='ocrx_word' id='word_1_702' title='bbox 2394 4656 2465 4694; x_wconf 92' lang='lat' dir='ltr'>ne</span> <span class='ocrx_word' id='word_1_703' title='bbox 2488 4638 2720 4711; x_wconf 90' lang='lat' dir='ltr'>longius</span> <span class='ocrx_word' id='word_1_704' title='bbox 2744 4640 3043 4705; x_wconf 88' lang='lat' dir='ltr'>abeamus,</span> <span class='ocrx_word' id='word_1_705' title='bbox 3063 4640 3230 4694; x_wconf 90' lang='lat' dir='ltr'>nobis</span> <span class='ocrx_word' id='word_1_706' title='bbox 3254 4640 3517 4711; x_wconf 90' lang='lat' dir='ltr'>suppetit</span> <span class='ocrx_word' id='word_1_707' title='bbox 3536 4640 3670 4697; x_wconf 87' lang='lat' dir='ltr'>Vita</span> 
     </span>
    </p>
   </div>
   <div class='ocr_carea' id='block_1_93' title="bbox 260 4729 1911 4801">
    <p class='ocr_par' dir='ltr' id='par_1_93' title="bbox 260 4729 1911 4801">
     <span class='ocr_line' id='line_1_93' title="bbox 260 4729 1911 4801; baseline 0.002 -18"><span class='ocrx_word' id='word_1_708' title='bbox 260 4729 374 4783; x_wconf 92' lang='lat' dir='ltr'>cul.</span> <span class='ocrx_word' id='word_1_709' title='bbox 412 4730 771 4785; x_wconf 90' lang='lat' dir='ltr'>Benedictini</span> <span class='ocrx_word' id='word_1_710' title='bbox 801 4730 866 4797; x_wconf 93' lang='lat' dir='ltr'>V,</span> <span class='ocrx_word' id='word_1_711' title='bbox 901 4747 933 4784; x_wconf 91' lang='lat' dir='ltr'>a</span> <span class='ocrx_word' id='word_1_712' title='bbox 964 4746 1096 4801; x_wconf 89' lang='lat' dir='ltr'>pag.</span> <span class='ocrx_word' id='word_1_713' title='bbox 1130 4731 1255 4795; x_wconf 80' lang='lat'>81‘2,</span> <span class='ocrx_word' id='word_1_714' title='bbox 1290 4730 1415 4785; x_wconf 92' lang='lat' dir='ltr'>sine</span> <span class='ocrx_word' id='word_1_715' title='bbox 1446 4730 1682 4785; x_wconf 89' lang='lat' dir='ltr'>Othloni</span> <span class='ocrx_word' id='word_1_716' title='bbox 1716 4736 1911 4786; x_wconf 90' lang='lat' dir='ltr'>tamen</span> 
     </span>
    </p>
   </div>
   <div class='ocr_carea' id='block_1_94' title="bbox 253 4818 1913 4891">
    <p class='ocr_par' dir='ltr' id='par_1_94' title="bbox 253 4818 1913 4891">
     <span class='ocr_line' id='line_1_94' title="bbox 253 4818 1913 4891; baseline 0.002 -20"><span class='ocrx_word' id='word_1_717' title='bbox 253 4820 600 4891; x_wconf 67' lang='lat' dir='ltr'>prae/atione,</span> <span class='ocrx_word' id='word_1_718' title='bbox 620 4835 795 4888; x_wconf 90' lang='lat' dir='ltr'>quam</span> <span class='ocrx_word' id='word_1_719' title='bbox 816 4818 909 4872; x_wconf 90' lang='lat' dir='ltr'>hic</span> <span class='ocrx_word' id='word_1_720' title='bbox 927 4834 1061 4872; x_wconf 88' lang='lat' dir='ltr'>cum</span> <span class='ocrx_word' id='word_1_721' title='bbox 1080 4818 1358 4873; x_wconf 85' lang='lat' dir='ltr'>analectis</span> <span class='ocrx_word' id='word_1_722' title='bbox 1381 4819 1913 4891; x_wconf 85' lang='lat' dir='ltr'>quihusdam,quo-</span> 
     </span>
    </p>
   </div>
   <div class='ocr_carea' id='block_1_95' title="bbox 260 4906 1908 4974">
    <p class='ocr_par' dir='ltr' id='par_1_95' title="bbox 260 4906 1908 4974">
     <span class='ocr_line' id='line_1_95' title="bbox 260 4906 1908 4974; baseline 0.001 -13"><span class='ocrx_word' id='word_1_723' title='bbox 260 4923 389 4961; x_wconf 86' lang='lat' dir='ltr'>rum</span> <span class='ocrx_word' id='word_1_724' title='bbox 427 4910 629 4961; x_wconf 89' lang='lat' dir='ltr'>auctor</span> <span class='ocrx_word' id='word_1_725' title='bbox 666 4922 772 4961; x_wconf 92' lang='lat' dir='ltr'>nos</span> <span class='ocrx_word' id='word_1_726' title='bbox 817 4906 1064 4974; x_wconf 89' lang='lat' dir='ltr'>latet,ex</span> <span class='ocrx_word' id='word_1_727' title='bbox 1094 4907 1291 4961; x_wconf 91' lang='lat' dir='ltr'>codice</span> <span class='ocrx_word' id='word_1_728' title='bbox 1332 4908 1647 4963; x_wconf 85' lang='lat' dir='ltr'>Mellicensi</span> <span class='ocrx_word' id='word_1_729' title='bbox 1677 4909 1908 4963; x_wconf 84' lang='lat' dir='ltr'>exhibe-</span> 
     </span>
    </p>
   </div>
   <div class='ocr_carea' id='block_1_96' title="bbox 260 4994 1910 5066">
    <p class='ocr_par' dir='ltr' id='par_1_96' title="bbox 260 4994 1910 5066">
     <span class='ocr_line' id='line_1_96' title="bbox 260 4994 1910 5066; baseline 0.001 -15"><span class='ocrx_word' id='word_1_730' title='bbox 260 5012 411 5051; x_wconf 89' lang='lat' dir='ltr'>mus.</span> <span class='ocrx_word' id='word_1_731' title='bbox 433 4995 713 5049; x_wconf 69' lang='lat' dir='ltr'>Przeterea</span> <span class='ocrx_word' id='word_1_732' title='bbox 741 4994 798 5048; x_wconf 93' lang='lat' dir='ltr'>in</span> <span class='ocrx_word' id='word_1_733' title='bbox 831 4996 1087 5066; x_wconf 88' lang='lat' dir='ltr'>gratiam</span> <span class='ocrx_word' id='word_1_734' title='bbox 1114 4996 1650 5052; x_wconf 80' lang='lat' dir='ltr'>eruditissimorum</span> <span class='ocrx_word' id='word_1_735' title='bbox 1676 4998 1910 5053; x_wconf 87' lang='lat' dir='ltr'>Patrum</span> 
     </span>
    </p>
   </div>
   <div class='ocr_carea' id='block_1_97' title="bbox 259 5082 1909 5157">
    <p class='ocr_par' dir='ltr' id='par_1_97' title="bbox 259 5082 1909 5157">
     <span class='ocr_line' id='line_1_97' title="bbox 259 5082 1909 5157; baseline 0.001 -18"><span class='ocrx_word' id='word_1_736' title='bbox 259 5082 771 5139; x_wconf 83' lang='lat' dir='ltr'>Bollandianorum</span> <span class='ocrx_word' id='word_1_737' title='bbox 800 5088 1071 5139; x_wconf 88' lang='lat' dir='ltr'>notamus</span> <span class='ocrx_word' id='word_1_738' title='bbox 1096 5085 1353 5141; x_wconf 86' lang='lat' dir='ltr'>diversas</span> <span class='ocrx_word' id='word_1_739' title='bbox 1376 5086 1639 5157; x_wconf 86' lang='lat' dir='ltr'>egregias</span> <span class='ocrx_word' id='word_1_740' title='bbox 1663 5092 1717 5141; x_wconf 90' lang='lat' dir='ltr'>et</span> <span class='ocrx_word' id='word_1_741' title='bbox 1743 5103 1909 5141; x_wconf 86' lang='lat' dir='ltr'>accu-</span> 
     </span>
    </p>
   </div>
   <div class='ocr_carea' id='block_1_98' title="bbox 259 5172 1909 5248">
    <p class='ocr_par' dir='ltr' id='par_1_98' title="bbox 259 5172 1909 5248">
     <span class='ocr_line' id='line_1_98' title="bbox 259 5172 1909 5248; baseline 0.002 -22"><span class='ocrx_word' id='word_1_742' title='bbox 259 5178 417 5226; x_wconf 88' lang='lat' dir='ltr'>ratas</span> <span class='ocrx_word' id='word_1_743' title='bbox 459 5172 830 5227; x_wconf 79' lang='lat' dir='ltr'>collectiones</span> <span class='ocrx_word' id='word_1_744' title='bbox 871 5172 1281 5229; x_wconf 86' lang='lat' dir='ltr'>Miraculorum</span> <span class='ocrx_word' id='word_1_745' title='bbox 1313 5176 1364 5228; x_wconf 95' lang='lat' dir='ltr'>S.</span> <span class='ocrx_word' id='word_1_746' title='bbox 1399 5174 1733 5248; x_wconf 81' lang='lat' dir='ltr'>\Volfgangi</span> <span class='ocrx_word' id='word_1_747' title='bbox 1783 5180 1909 5230; x_wconf 87' lang='lat' dir='ltr'>tum</span> 
     </span>
    </p>
   </div>
   <div class='ocr_carea' id='block_1_99' title="bbox 260 5260 1911 5331">
    <p class='ocr_par' dir='ltr' id='par_1_99' title="bbox 260 5260 1911 5331">
     <span class='ocr_line' id='line_1_99' title="bbox 260 5260 1911 5331; baseline 0.001 -14"><span class='ocrx_word' id='word_1_748' title='bbox 260 5279 404 5317; x_wconf 89' lang='lat' dir='ltr'>mss.</span> <span class='ocrx_word' id='word_1_749' title='bbox 432 5265 560 5316; x_wconf 91' lang='lat' dir='ltr'>tum</span> <span class='ocrx_word' id='word_1_750' title='bbox 589 5260 744 5331; x_wconf 75' lang='lat' dir='ltr'>typis</span> <span class='ocrx_word' id='word_1_751' title='bbox 777 5261 964 5315; x_wconf 88' lang='lat' dir='ltr'>editas</span> <span class='ocrx_word' id='word_1_752' title='bbox 1011 5262 1070 5315; x_wconf 88' lang='lat' dir='ltr'>in</span> <span class='ocrx_word' id='word_1_753' title='bbox 1118 5264 1469 5318; x_wconf 86' lang='lat' dir='ltr'>monasterio</span> <span class='ocrx_word' id='word_1_754' title='bbox 1516 5264 1911 5320; x_wconf 74' lang='lat' dir='ltr'>Lunzelacensi</span> 
     </span>
    </p>
   </div>
   <div class='ocr_carea' id='block_1_100' title="bbox 259 5350 1909 5424">
    <p class='ocr_par' dir='ltr' id='par_1_100' title="bbox 259 5350 1909 5424">
     <span class='ocr_line' id='line_1_100' title="bbox 259 5350 1909 5424; baseline 0.001 -18"><span class='ocrx_word' id='word_1_755' title='bbox 259 5368 361 5406; x_wconf 88' lang='lat' dir='ltr'>seu</span> <span class='ocrx_word' id='word_1_756' title='bbox 392 5350 719 5406; x_wconf 88' lang='lat' dir='ltr'>Monseensi</span> <span class='ocrx_word' id='word_1_757' title='bbox 752 5350 975 5416; x_wconf 88' lang='lat' dir='ltr'>haberi,</span> <span class='ocrx_word' id='word_1_758' title='bbox 1009 5367 1073 5405; x_wconf 83' lang='lat' dir='ltr'>ex</span> <span class='ocrx_word' id='word_1_759' title='bbox 1120 5351 1335 5422; x_wconf 91' lang='lat' dir='ltr'>quibus</span> <span class='ocrx_word' id='word_1_760' title='bbox 1386 5369 1449 5406; x_wconf 85' lang='lat' dir='ltr'>ea</span> <span class='ocrx_word' id='word_1_761' title='bbox 1500 5358 1735 5424; x_wconf 70' lang='lat' dir='ltr'>praastat</span> <span class='ocrx_word' id='word_1_762' title='bbox 1784 5371 1909 5423; x_wconf 74' lang='lat' dir='ltr'>quze</span> 
     </span>
    </p>
   </div>
   <div class='ocr_carea' id='block_1_101' title="bbox 261 5437 1911 5512">
    <p class='ocr_par' dir='ltr' id='par_1_101' title="bbox 261 5437 1911 5512">
     <span class='ocr_line' id='line_1_101' title="bbox 261 5437 1911 5512; baseline 0.001 -17"><span class='ocrx_word' id='word_1_763' title='bbox 261 5440 504 5495; x_wconf 70' lang='lat' dir='ltr'>Pataviaz</span> <span class='ocrx_word' id='word_1_764' title='bbox 554 5437 861 5493; x_wconf 85' lang='lat' dir='ltr'>vernacula</span> <span class='ocrx_word' id='word_1_765' title='bbox 911 5439 1113 5511; x_wconf 88' lang='lat' dir='ltr'>lingua</span> <span class='ocrx_word' id='word_1_766' title='bbox 1163 5441 1316 5511; x_wconf 90' lang='lat' dir='ltr'>apud</span> <span class='ocrx_word' id='word_1_767' title='bbox 1369 5441 1681 5512; x_wconf 86' lang='lat' dir='ltr'>Georgium</span> <span class='ocrx_word' id='word_1_768' title='bbox 1738 5441 1911 5497; x_wconf 87' lang='lat' dir='ltr'>Holer</span> 
     </span>
    </p>
   </div>
   <div class='ocr_carea' id='block_1_102' title="bbox 263 5527 1905 5599">
    <p class='ocr_par' dir='ltr' id='par_1_102' title="bbox 263 5527 1905 5599">
     <span class='ocr_line' id='line_1_102' title="bbox 263 5527 1905 5599; baseline 0.001 -16"><span class='ocrx_word' id='word_1_769' title='bbox 263 5545 415 5583; x_wconf 86' lang='lat' dir='ltr'>anno</span> <span class='ocrx_word' id='word_1_770' title='bbox 450 5528 587 5580; x_wconf 82' lang='grc'>1655</span> <span class='ocrx_word' id='word_1_771' title='bbox 618 5527 768 5581; x_wconf 92' lang='lat' dir='ltr'>in-8°</span> <span class='ocrx_word' id='word_1_772' title='bbox 802 5531 892 5581; x_wconf 88' lang='lat' dir='ltr'>sat</span> <span class='ocrx_word' id='word_1_773' title='bbox 936 5528 1127 5598; x_wconf 87' lang='lat' dir='ltr'>spisso</span> <span class='ocrx_word' id='word_1_774' title='bbox 1159 5528 1453 5583; x_wconf 83' lang='lat' dir='ltr'>volumine</span> <span class='ocrx_word' id='word_1_775' title='bbox 1507 5528 1723 5599; x_wconf 90' lang='lat' dir='ltr'>prodiit</span> <span class='ocrx_word' id='word_1_776' title='bbox 1770 5546 1905 5585; x_wconf 90' lang='lat' dir='ltr'>auc-</span> 
     </span>
    </p>
   </div>
   <div class='ocr_carea' id='block_1_103' title="bbox 261 5616 1907 5687">
    <p class='ocr_par' dir='ltr' id='par_1_103' title="bbox 261 5616 1907 5687">
     <span class='ocr_line' id='line_1_103' title="bbox 261 5616 1907 5687; baseline 0 -15"><span class='ocrx_word' id='word_1_777' title='bbox 261 5622 385 5672; x_wconf 85' lang='lat' dir='ltr'>tore</span> <span class='ocrx_word' id='word_1_778' title='bbox 419 5616 901 5671; x_wconf 79' lang='lat' dir='ltr'>reverendissimo</span> <span class='ocrx_word' id='word_1_779' title='bbox 934 5617 1171 5671; x_wconf 92' lang='lat' dir='ltr'>domino</span> <span class='ocrx_word' id='word_1_780' title='bbox 1203 5617 1458 5687; x_wconf 89' lang='lat' dir='ltr'>Simone,</span> <span class='ocrx_word' id='word_1_781' title='bbox 1484 5618 1747 5687; x_wconf 86' lang='lat' dir='ltr'>ejusdem</span> <span class='ocrx_word' id='word_1_782' title='bbox 1779 5634 1907 5673; x_wconf 91' lang='lat' dir='ltr'>mo-</span> 
     </span>
    </p>
   </div>
   <div class='ocr_carea' id='block_1_104' title="bbox 264 5705 1905 5777">
    <p class='ocr_par' dir='ltr' id='par_1_104' title="bbox 264 5705 1905 5777">
     <span class='ocr_line' id='line_1_104' title="bbox 264 5705 1905 5777; baseline 0.001 -15"><span class='ocrx_word' id='word_1_783' title='bbox 264 5705 502 5763; x_wconf 89' lang='lat' dir='ltr'>nasterii</span> <span class='ocrx_word' id='word_1_784' title='bbox 535 5706 762 5762; x_wconf 89' lang='lat' dir='ltr'>abbate.</span> <span class='ocrx_word' id='word_1_785' title='bbox 804 5706 913 5761; x_wconf 90' lang='lat' dir='ltr'>Sed</span> <span class='ocrx_word' id='word_1_786' title='bbox 959 5706 1247 5777; x_wconf 89' lang='lat' dir='ltr'>cptabunt</span> <span class='ocrx_word' id='word_1_787' title='bbox 1276 5706 1531 5762; x_wconf 81' lang='lat' dir='ltr'>vicissim</span> <span class='ocrx_word' id='word_1_788' title='bbox 1582 5706 1905 5764; x_wconf 91' lang='lat' dir='ltr'>doctissimi</span> 
     </span>
    </p>
   </div>
   <div class='ocr_carea' id='block_1_105' title="bbox 2022 4727 3666 4801">
    <p class='ocr_par' dir='ltr' id='par_1_105' title="bbox 2022 4727 3666 4801">
     <span class='ocr_line' id='line_1_105' title="bbox 2022 4727 3666 4801; baseline 0 -17"><span class='ocrx_word' id='word_1_789' title='bbox 2022 4731 2079 4785; x_wconf 91' lang='lat' dir='ltr'>S.</span> <span class='ocrx_word' id='word_1_790' title='bbox 2102 4728 2431 4800; x_wconf 84' lang='lat' dir='ltr'>Wolfgangi</span> <span class='ocrx_word' id='word_1_791' title='bbox 2453 4727 2512 4782; x_wconf 93' lang='lat' dir='ltr'>in</span> <span class='ocrx_word' id='word_1_792' title='bbox 2534 4728 2694 4782; x_wconf 81' lang='lat' dir='ltr'>Actis</span> <span class='ocrx_word' id='word_1_793' title='bbox 2713 4729 2813 4783; x_wconf 90' lang='lat' dir='ltr'>SS.</span> <span class='ocrx_word' id='word_1_794' title='bbox 2835 4728 3127 4783; x_wconf 90' lang='lat' dir='ltr'>Benedict.</span> <span class='ocrx_word' id='word_1_795' title='bbox 3146 4729 3286 4786; x_wconf 76' lang='lat' dir='ltr'>Stec.</span> <span class='ocrx_word' id='word_1_796' title='bbox 3306 4729 3372 4795; x_wconf 95' lang='lat' dir='ltr'>V,</span> <span class='ocrx_word' id='word_1_797' title='bbox 3391 4744 3522 4801; x_wconf 87' lang='lat' dir='ltr'>pag.</span> <span class='ocrx_word' id='word_1_798' title='bbox 3541 4731 3666 4797; x_wconf 90' lang='lat'><strong>811,</strong></span> 
     </span>
    </p>
   </div>
   <div class='ocr_carea' id='block_1_106' title="bbox 2022 4816 3670 4889">
    <p class='ocr_par' dir='ltr' id='par_1_106' title="bbox 2022 4816 3670 4889">
     <span class='ocr_line' id='line_1_106' title="bbox 2022 4816 3670 4889; baseline 0 -17"><span class='ocrx_word' id='word_1_799' title='bbox 2022 4816 2197 4885; x_wconf 87' lang='lat' dir='ltr'>edita,</span> <span class='ocrx_word' id='word_1_800' title='bbox 2232 4833 2409 4887; x_wconf 86' lang='lat' dir='ltr'>quam</span> <span class='ocrx_word' id='word_1_801' title='bbox 2458 4816 2777 4889; x_wconf 90' lang='lat' dir='ltr'>genuinum</span> <span class='ocrx_word' id='word_1_802' title='bbox 2829 4816 3060 4872; x_wconf 90' lang='lat' dir='ltr'>Othloni</span> <span class='ocrx_word' id='word_1_803' title='bbox 3096 4818 3276 4872; x_wconf 86' lang='lat' dir='ltr'>fetum</span> <span class='ocrx_word' id='word_1_804' title='bbox 3334 4834 3462 4872; x_wconf 86' lang='lat' dir='ltr'>esse</span> <span class='ocrx_word' id='word_1_805' title='bbox 3492 4835 3670 4889; x_wconf 89' lang='lat' dir='ltr'>supra</span> 
     </span>
    </p>
   </div>
   <div class='ocr_carea' id='block_1_107' title="bbox 2023 4904 3670 4978">
    <p class='ocr_par' dir='ltr' id='par_1_107' title="bbox 2023 4904 3670 4978">
     <span class='ocr_line' id='line_1_107' title="bbox 2023 4904 3670 4978; baseline 0.001 -18"><span class='ocrx_word' id='word_1_806' title='bbox 2023 4906 2575 4971; x_wconf 89' lang='lat' dir='ltr'>demonstravimus,</span> <span class='ocrx_word' id='word_1_807' title='bbox 2602 4904 2735 4959; x_wconf 92' lang='lat' dir='ltr'>licet</span> <span class='ocrx_word' id='word_1_808' title='bbox 2777 4905 3107 4960; x_wconf 89' lang='lat' dir='ltr'>advertente</span> <span class='ocrx_word' id='word_1_809' title='bbox 3152 4904 3509 4972; x_wconf 89' lang='lat' dir='ltr'>Mabillonio,</span> <span class='ocrx_word' id='word_1_810' title='bbox 3542 4908 3670 4978; x_wconf 88' lang='lat' dir='ltr'>ejus</span> 
     </span>
    </p>
   </div>
   <div class='ocr_carea' id='block_1_108' title="bbox 2023 4994 3669 5069">
    <p class='ocr_par' dir='ltr' id='par_1_108' title="bbox 2023 4994 3669 5069">
     <span class='ocr_line' id='line_1_108' title="bbox 2023 4994 3669 5069; baseline 0.001 -20"><span class='ocrx_word' id='word_1_811' title='bbox 2023 4999 2224 5049; x_wconf 87' lang='lat' dir='ltr'>auctor</span> <span class='ocrx_word' id='word_1_812' title='bbox 2255 4995 2425 5049; x_wconf 79' lang='lat' dir='ltr'>multa</span> <span class='ocrx_word' id='word_1_813' title='bbox 2459 4994 2524 5049; x_wconf 90' lang='lat' dir='ltr'>ab</span> <span class='ocrx_word' id='word_1_814' title='bbox 2555 5010 2647 5049; x_wconf 84' lang='lat' dir='ltr'>ore</span> <span class='ocrx_word' id='word_1_815' title='bbox 2676 4996 2813 5065; x_wconf 86' lang='lat' dir='ltr'>ejus,</span> <span class='ocrx_word' id='word_1_816' title='bbox 2839 4994 3027 5049; x_wconf 88' lang='lat' dir='ltr'>sancti</span> <span class='ocrx_word' id='word_1_817' title='bbox 3060 4994 3283 5050; x_wconf 90' lang='lat' dir='ltr'>scilicet</span> <span class='ocrx_word' id='word_1_818' title='bbox 3314 4994 3669 5069; x_wconf 77' lang='lat' dir='ltr'>Wolfgangi,</span> 
     </span>
    </p>
   </div>
   <div class='ocr_carea' id='block_1_109' title="bbox 2023 5083 3673 5155">
    <p class='ocr_par' dir='ltr' id='par_1_109' title="bbox 2023 5083 3673 5155">
     <span class='ocr_line' id='line_1_109' title="bbox 2023 5083 3673 5155; baseline 0.001 -17"><span class='ocrx_word' id='word_1_819' title='bbox 2023 5084 2314 5155; x_wconf 89' lang='lat' dir='ltr'>accepisse</span> <span class='ocrx_word' id='word_1_820' title='bbox 2353 5101 2412 5139; x_wconf 90' lang='lat' dir='ltr'>se</span> <span class='ocrx_word' id='word_1_821' title='bbox 2461 5088 2724 5154; x_wconf 88' lang='lat' dir='ltr'>testetur,</span> <span class='ocrx_word' id='word_1_822' title='bbox 2761 5084 2914 5154; x_wconf 91' lang='lat' dir='ltr'>quod</span> <span class='ocrx_word' id='word_1_823' title='bbox 2963 5083 3234 5152; x_wconf 85' lang='lat' dir='ltr'>Othlono,</span> <span class='ocrx_word' id='word_1_824' title='bbox 3268 5090 3504 5140; x_wconf 88' lang='lat' dir='ltr'>centum</span> <span class='ocrx_word' id='word_1_825' title='bbox 3557 5087 3673 5140; x_wconf 84' lang='lat' dir='ltr'>fere</span> 
     </span>
    </p>
   </div>
   <div class='ocr_carea' id='block_1_110' title="bbox 2023 5172 3673 5247">
    <p class='ocr_par' dir='ltr' id='par_1_110' title="bbox 2023 5172 3673 5247">
     <span class='ocr_line' id='line_1_110' title="bbox 2023 5172 3673 5247; baseline 0.001 -20"><span class='ocrx_word' id='word_1_826' title='bbox 2023 5174 2194 5228; x_wconf 83' lang='lat' dir='ltr'>annis</span> <span class='ocrx_word' id='word_1_827' title='bbox 2219 5177 2273 5227; x_wconf 90' lang='lat' dir='ltr'>S.</span> <span class='ocrx_word' id='word_1_828' title='bbox 2294 5172 2639 5244; x_wconf 81' lang='lat' dir='ltr'>Wolfgango</span> <span class='ocrx_word' id='word_1_829' title='bbox 2672 5173 2998 5243; x_wconf 90' lang='lat' dir='ltr'>posteriori,</span> <span class='ocrx_word' id='word_1_830' title='bbox 3021 5173 3325 5228; x_wconf 88' lang='lat' dir='ltr'>convenire</span> <span class='ocrx_word' id='word_1_831' title='bbox 3358 5191 3473 5229; x_wconf 92' lang='lat' dir='ltr'>non</span> <span class='ocrx_word' id='word_1_832' title='bbox 3503 5191 3673 5247; x_wconf 83' lang='lat' dir='ltr'>posse</span> 
     </span>
    </p>
   </div>
   <div class='ocr_carea' id='block_1_111' title="bbox 2019 5260 3671 5319">
    <p class='ocr_par' dir='ltr' id='par_1_111' title="bbox 2019 5260 3671 5319">
     <span class='ocr_line' id='line_1_111' title="bbox 2019 5260 3671 5319; baseline 0.002 -3"><span class='ocrx_word' id='word_1_833' title='bbox 2019 5261 2141 5317; x_wconf 88' lang='lat' dir='ltr'>viro</span> <span class='ocrx_word' id='word_1_834' title='bbox 2173 5263 2340 5317; x_wconf 87' lang='lat' dir='ltr'>docto</span> <span class='ocrx_word' id='word_1_835' title='bbox 2362 5262 2552 5316; x_wconf 90' lang='lat' dir='ltr'>visum</span> <span class='ocrx_word' id='word_1_836' title='bbox 2587 5260 2711 5317; x_wconf 84' lang='lat' dir='ltr'>fuit.</span> <span class='ocrx_word' id='word_1_837' title='bbox 2741 5261 2850 5317; x_wconf 90' lang='lat' dir='ltr'>Sed</span> <span class='ocrx_word' id='word_1_838' title='bbox 2883 5278 2951 5316; x_wconf 90' lang='lat' dir='ltr'>ea</span> <span class='ocrx_word' id='word_1_839' title='bbox 2980 5262 3190 5317; x_wconf 90' lang='lat' dir='ltr'>veteris</span> <span class='ocrx_word' id='word_1_840' title='bbox 3213 5263 3468 5319; x_wconf 88' lang='lat' dir='ltr'>auctoris</span> <span class='ocrx_word' id='word_1_841' title='bbox 3497 5264 3671 5319; x_wconf 89' lang='lat' dir='ltr'>verba</span> 
     </span>
    </p>
   </div>
   <div class='ocr_carea' id='block_1_112' title="bbox 2021 5350 3671 5421">
    <p class='ocr_par' dir='ltr' id='par_1_112' title="bbox 2021 5350 3671 5421">
     <span class='ocr_line' id='line_1_112' title="bbox 2021 5350 3671 5421; baseline 0.001 -15"><span class='ocrx_word' id='word_1_842' title='bbox 2021 5350 2262 5406; x_wconf 89' lang='lat' dir='ltr'>retinuit</span> <span class='ocrx_word' id='word_1_843' title='bbox 2290 5350 2604 5418; x_wconf 85' lang='lat' dir='ltr'>Othlonus,</span> <span class='ocrx_word' id='word_1_844' title='bbox 2634 5350 2826 5421; x_wconf 81' lang='lat' dir='ltr'>aperis</span> <span class='ocrx_word' id='word_1_845' title='bbox 2861 5351 3202 5408; x_wconf 88' lang='lat' dir='ltr'>emendator</span> <span class='ocrx_word' id='word_1_846' title='bbox 3234 5356 3461 5407; x_wconf 90' lang='lat' dir='ltr'>tantum</span> <span class='ocrx_word' id='word_1_847' title='bbox 3494 5357 3550 5408; x_wconf 91' lang='lat' dir='ltr'>et</span> <span class='ocrx_word' id='word_1_848' title='bbox 3583 5352 3671 5407; x_wconf 86' lang='lat' dir='ltr'>in-</span> 
     </span>
    </p>
   </div>
   <div class='ocr_carea' id='block_1_113' title="bbox 2018 5439 3077 5511">
    <p class='ocr_par' dir='ltr' id='par_1_113' title="bbox 2018 5439 3077 5511">
     <span class='ocr_line' id='line_1_113' title="bbox 2018 5439 3077 5511; baseline 0 -17"><span class='ocrx_word' id='word_1_849' title='bbox 2018 5440 2358 5511; x_wconf 89' lang='lat' dir='ltr'>terpolator,</span> <span class='ocrx_word' id='word_1_850' title='bbox 2384 5457 2499 5495; x_wconf 90' lang='lat' dir='ltr'>non</span> <span class='ocrx_word' id='word_1_851' title='bbox 2534 5439 2760 5511; x_wconf 90' lang='lat' dir='ltr'>primus</span> <span class='ocrx_word' id='word_1_852' title='bbox 2791 5440 3077 5496; x_wconf 86' lang='lat' dir='ltr'>conditor.</span> 
     </span>
    </p>
   </div>
   <div class='ocr_carea' id='block_1_114' title="bbox 2091 5528 2911 5600">
    <p class='ocr_par' dir='ltr' id='par_1_114' title="bbox 2091 5528 2911 5600">
     <span class='ocr_line' id='line_1_114' title="bbox 2091 5528 2911 5600; baseline -0.001 -16"><span class='ocrx_word' id='word_1_853' title='bbox 2091 5530 2200 5585; x_wconf 90' lang='lat' dir='ltr'>Sed</span> <span class='ocrx_word' id='word_1_854' title='bbox 2234 5529 2373 5600; x_wconf 88' lang='lat' dir='ltr'>quid</span> <span class='ocrx_word' id='word_1_855' title='bbox 2408 5545 2510 5583; x_wconf 89' lang='lat' dir='ltr'>sus</span> <span class='ocrx_word' id='word_1_856' title='bbox 2542 5528 2862 5584; x_wconf 87' lang='lat' dir='ltr'>Minervam</span> <span class='ocrx_word' id='word_1_857' title='bbox 2883 5529 2911 5583; x_wconf 88' lang='lat'><strong>?</strong></span> 
     </span>
    </p>
   </div>
   <div class='ocr_carea' id='block_1_115' title="bbox 2092 5617 3667 5693">
    <p class='ocr_par' dir='ltr' id='par_1_115' title="bbox 2092 5617 3667 5693">
     <span class='ocr_line' id='line_1_115' title="bbox 2092 5617 3667 5693; baseline 0.002 -20"><span class='ocrx_word' id='word_1_858' title='bbox 2092 5621 2177 5673; x_wconf 81' lang='lat'>13.</span> <span class='ocrx_word' id='word_1_859' title='bbox 2194 5617 2506 5687; x_wconf 86' lang='lat' dir='ltr'>Postquam</span> <span class='ocrx_word' id='word_1_860' title='bbox 2531 5618 2713 5673; x_wconf 89' lang='lat' dir='ltr'>Fulda</span> <span class='ocrx_word' id='word_1_861' title='bbox 2734 5618 3020 5674; x_wconf 89' lang='lat' dir='ltr'>Othlonus</span> <span class='ocrx_word' id='word_1_862' title='bbox 3049 5618 3241 5686; x_wconf 90' lang='lat' dir='ltr'>rediit,</span> <span class='ocrx_word' id='word_1_863' title='bbox 3262 5619 3501 5693; x_wconf 88' lang='lat' dir='ltr'>scripsit</span> <span class='ocrx_word' id='word_1_864' title='bbox 3522 5636 3667 5692; x_wconf 67' lang='lat' dir='ltr'>pras-</span> 
     </span>
    </p>
   </div>
   <div class='ocr_carea' id='block_1_116' title="bbox 2016 5707 3663 5780">
    <p class='ocr_par' dir='ltr' id='par_1_116' title="bbox 2016 5707 3663 5780">
     <span class='ocr_line' id='line_1_116' title="bbox 2016 5707 3663 5780; baseline 0.001 -15"><span class='ocrx_word' id='word_1_865' title='bbox 2016 5714 2173 5766; x_wconf 85' lang='lat' dir='ltr'>terea</span> <span class='ocrx_word' id='word_1_866' title='bbox 2200 5709 2368 5765; x_wconf 78' lang='lat' dir='ltr'>Vitam</span> <span class='ocrx_word' id='word_1_867' title='bbox 2401 5708 2454 5763; x_wconf 92' lang='lat' dir='ltr'>S.</span> <span class='ocrx_word' id='word_1_868' title='bbox 2483 5708 2684 5777; x_wconf 81' lang='lat' dir='ltr'>Magni,</span> <span class='ocrx_word' id='word_1_869' title='bbox 2712 5732 2739 5759; x_wconf 85' lang='lat'><strong><em>«</em></strong></span> <span class='ocrx_word' id='word_1_870' title='bbox 2765 5707 3108 5780; x_wconf 82' lang='lat' dir='ltr'>compulsus</span> <span class='ocrx_word' id='word_1_871' title='bbox 3139 5708 3387 5767; x_wconf 85' lang='lat' dir='ltr'>fratrum</span> <span class='ocrx_word' id='word_1_872' title='bbox 3411 5710 3663 5767; x_wconf 87' lang='lat' dir='ltr'>duorum</span> 
     </span>
    </p>
   </div>
  </div>
