4118 6188
406 363 482 433 Si
1479 366 1582 428 DE
1624 365 1806 430 VlTA
1848 367 1948 429 ET
1994 363 2340 429 SCRIPTIS
2386 366 2754 428 OTHLONI.
3741 365 3822 434 22

408 522 441 558 ι
466 501 739 577 precibus
769 497 999 558 intimis
1030 504 1087 558 et
1119 498 1390 570 assiduis,
1424 499 1720 556 Wilhelmi
1746 499 1966 556 scilicet
1989 517 2058 556 ex
2084 501 2140 568 Α
2170 522 2199 550 ‹‹
2231 503 2543 572 agerentur
2571 499 2808 556 ibidem.
2842 499 2966 564 Qua
3023 498 3093 556 de
3150 515 3211 557 re
3259 500 3330 558 ad
3394 502 3820 562 monasterium

404 616 438 646 α
468 591 918 671 congregatione
950 594 1167 657 nostra,
1200 611 1226 641 1
1261 589 1454 662 inquit
1499 590 1557 644 in
1591 589 1738 645 libro
1770 595 2060 646 Detentat.
2176 612 2204 639 ‹‹
2240 588 2563 645 Amerbach
2595 588 2815 644 dictum
2832 589 3072 660 perrexi,
3103 589 3344 662 cupiens
3383 590 3500 648 illic
3519 597 3823 666 expectare

400 688 455 742 et
479 685 700 754 scriptis
715 683 854 748 suis,
874 705 897 731 υ
913 685 969 736 et
987 680 1253 747 alterius,
1276 681 1372 752 qui
1394 681 1462 734 ad
1482 697 1586 735 nos
1604 679 1866 735 discendi
1883 696 2064 735 causa
2175 702 2203 729 «
2238 694 2545 750 quousque
2576 682 2768 756 certus
2791 678 2986 732 fierem
3013 679 3083 734 de
3101 681 3438 738 monasterii
3459 683 3820 751 (Emmeram-

411 797 442 827 α
472 789 539 829 ex
570 770 928 827 monasterio
980 770 1037 824 S.
1075 769 1268 841 Magni
1315 770 1493 834 venit,
1527 769 1813 824 Adalham
1849 768 2062 834 dictus,
2175 791 2202 817 ‹‹
2236 768 2458 838 mensis)
2482 767 2783 840 qualitate.
2815 768 3076 839 Cumque
3099 770 3444 838 abejusdem
3478 773 3823 830 monasterii

418 887 440 912 ι
474 862 690 934 quique
722 876 878 915 nunc
910 859 968 912 in
1001 863 1213 914 sanctae
1259 860 1405 912 Afra:
1457 859 1715 914 coenobio
1766 859 1947 914 abbas
1978 862 2065 914 est
2181 875 2204 906 ι
2227 857 2434 913 abbate
2464 861 2776 928 susceptus
2797 857 2956 912 omni
2986 857 3351 914 humanitate
3371 865 3428 916 et
3449 862 3661 932 pietate
3684 864 3822 920 reti-

423 976 444 1002 ι
479 951 856 1007 constitutus.
892 969 919 997 »
939 949 1098 1020 Opus
1116 948 1304 1002 adhuc
1327 947 1466 1004 latet
1498 947 1730 1003 alicubi.
1756 952 1900 1002 Nam
1932 946 2064 1002 libri
2181 970 2202 996 α
2238 963 2423 1017 nerer,
2457 951 2513 1001 et
2539 948 2608 1002 de
2639 961 2814 1002 sacrae
2838 947 3148 1019 Scriptura:
3169 949 3592 1019 quaestionibus
3614 953 3820 1010 multis

412 1042 527 1098 duo
558 1040 628 1094 de
659 1039 786 1094 Vita
817 1037 1075 1108 S.Magni
1104 1041 1336 1092 auctore
1367 1037 1618 1108 quodam
1640 1036 2072 1092 Pseudo-Theo-
2179 1059 2201 1086 ι
2238 1036 2388 1092 inter
2419 1053 2524 1091 nos
2551 1053 2742 1092 sermo
2771 1037 3048 1092 assiduus
3069 1043 3356 1109 ageretur,
3392 1039 3823 1115 placuissetque

411 1130 550 1186 doro
583 1127 849 1193 eremita,
876 1127 946 1180 ab
976 1125 1306 1181 Ermenrico
1340 1125 1742 1197 Elewangensi
1776 1125 2064 1180 monacho
2177 1149 2206 1178 ‹‹
2238 1127 2288 1181 ei
2316 1198 2318 1201 ι
2350 1125 2671 1197 εωρίεείωθ
2727 1126 3028 1198 responsio
3092 1143 3240 1198 mea,
3300 1128 3511 1184 accidit
3567 1131 3823 1202 utjuxta

410 1217 706 1276 emendati
737 1221 794 1271 et
824 1214 1084 1270 distincti
1119 1233 1152 1269 a
1181 1214 1457 1270 Goldasto
1488 1215 1782 1282 dicuntur,
1817 1214 1915 1285 qui
1965 1231 2062 1269 eos
2180 1236 2207 1268 α
2239 1215 2535 1271 Paschalis
2564 1217 2714 1271 festa
2743 1215 3068 1272 dixissetad
3091 1234 3182 1272 me
3208 1235 3220 1273 :
3248 1217 3458 1274 Credite
3485 1220 3644 1290 mihi,
3678 1222 3819 1292 quod

408 1307 669 1382 primum
701 1307 760 1360 in
811 1305 1005 1360 lucem
1037 1303 1278 1375 protulit
1309 1308 1449 1360 tom.
1488 1306 1528 1374 Ι,
1581 1309 1729 1375 part.
1767 1323 1829 1373 ιι,
1863 1320 2058 1359 rerum
2175 1329 2202 1355 «
2234 1308 2284 1360 si
2344 1305 2494 1360 vobis
2545 1307 2845 1376 praecipere
2871 1307 3085 1377 aliquid
3137 1323 3364 1378 possem,
3398 1309 3598 1381 absque
3653 1309 3818 1367 dubio

409 1394 950 1452 Alamannicarum.
1003 1393 1283 1448 Czeterum
1333 1410 1400 1447 ex
1446 1393 1622 1448 citato
1673 1393 1904 1448 Othloni
1937 1392 2062 1448 loco
2175 1395 2850 1467 «praciperemutinhac
2873 1397 3215 1453 solemnitate
3241 1400 3817 1468 proximasermonem

409 1484 721 1557 supplendi
755 1488 892 1539 sunt
912 1483 1191 1538 abbatum
1221 1487 1277 1536 S.
1300 1481 1552 1538 Udalrici
1586 1486 1641 1537 et
1657 1483 1802 1537 Afrae
1832 1484 2062 1554 Augus-
2174 1506 2201 1534 «
2232 1487 2495 1556 faceretis
2524 1485 2594 1539 ad
2619 1485 2905 1555 populum.
2961 1485 3065 1540 Cui
3095 1501 3201 1558 ego
3233 1488 3507 1560 respondi
3565 1490 3766 1548 dicens
3799 1507 3813 1546 :

407 1578 479 1630 tua
509 1573 681 1629 Vind.
717 1572 983 1644 catalogi,
1016 1572 1074 1626 in
1109 1572 1325 1642 quibus
1358 1576 1475 1627 toto
1507 1571 1815 1627 undecimo
1848 1570 2061 1627 saeculo
2173 1596 2200 1623 «
2231 1575 2341 1629 Cur
2369 1574 2505 1628 talia
2542 1572 2723 1628 dicitis
2751 1573 2819 1627 ad
2847 1589 2954 1640 me,
2974 1575 3068 1644 qui
3093 1576 3239 1631 nihil
3267 1577 3423 1640 huius
3449 1580 3531 1634 rei
3557 1581 3692 1648 scio,
3725 1581 3820 1652 qui

406 1662 610 1720 nullus
640 1662 908 1719 Adalham
934 1661 1204 1716 occurrit.
2179 1682 2200 1711 ι
2233 1679 2523 1734 nunquam
2553 1663 3075 1734 consuevipOpulum
3104 1663 3315 1734 alloqui
3338 1667 3398 1720 in
3423 1667 3642 1738 publica
3663 1672 3688 1722 .9
3715 1667 3818 1725 Illo

482 1771 568 1826 14.
601 1770 878 1826 Omnium
897 1767 1417 1824 Otholonianorum
1439 1767 1722 1824 hactenus
1744 1769 2057 1824 recensito-
2178 1776 2198 1802 α
2232 1769 2366 1808 vero
2423 1752 2624 1808 eadem
2657 1755 2974 1822 repetente.
3003 1752 3149 1823 ccepi
3180 1769 3314 1809 mox
3365 1755 3616 1828 οοείιανθ
3664 1756 3821 1813 intra

403 1877 537 1916 rum
569 1875 813 1931 operum
840 1857 1395 1930 praestantissimum
1427 1862 1516 1912 est
1551 1861 1625 1912 De
1659 1859 1776 1914 Vita
1807 1858 1860 1913 S.
1895 1859 2059 1912 Boni-
2094 1871 2137 1936 Β
2175 1864 2204 1893 ί(
2236 1858 2329 1898 m6
2359 1841 2596 1936 ἀίοεῐξεξέ
2626 1839 2773 1906 011ίά
2805 1840 3076 1907 facerem,
3108 1840 3159 1936 ΒΛῘ
3187 1841 3427 1936 ﬁliqulss
3454 1845 3821 1936 (31309111838

397 1951 543 2022 facii
569 1929 810 2020 episcopi
837 1947 1145 2017 Moguntini
1163 1951 1215 2001 et
1236 1948 1502 2016 martyris
1525 1947 1693 2018 cujus
1723 1947 1873 2002 hanc
1888 1946 2020 2001 nobi

2193 1955 2198 1983 :
2229 1931 2557 2002 transgredi
2576 1947 2688 1985 non
2704 1945 3116 2000 praesumerem
3133 1929 3270 1986 talia
3288 1931 3430 1987 mihi
3455 1934 3819 2006 praeciperet?

399 2018 710 2095 historiam
742 2018 884 2092 texit
911 2037 971 2090 in
1001 2036 1102 2090 lib.
1125 2037 1200 2090 De
1221 2041 1352 2090 tents
1382 2045 1434 2090 et
1452 2038 1636 2106 script.
1668 2038 1783 2091 suis
1803 2056 1821 2090 :
1853 2060 1880 2086 «
1909 2036 2055 2091 Cum
2169 2043 2196 2072 ί(
2220 2018 2735 2090 UndehujusmOdl
2755 2035 2902 2090 opus
2916 2019 3337 2075 assumendum
3353 2021 3822 2094 BStmihiSPODte

403 2150 433 2180 «
464 2128 648 2199 igitur
675 2125 1140 2198 persecutionem
1172 2141 1348 2195 quam
1382 2125 1439 2178 in
1475 2125 1826 2181 monasterio
1858 2129 2029 2180 nostr:

2197 2132 2199 2159 ;
2222 2109 2567 2181 priusquam
2581 2109 2652 2164 ab
2681 2108 2876 2179 aliquo
2892 2107 3208 2180 compellar
3230 2114 3551 2180 potente,ut
3579 2111 3663 2166 sic
3695 2128 3823 2183 pro-

410 2240 433 2268 ι
471 2197 693 2289 passus
715 2231 873 2270 eram
910 2215 1136 2286 fugiens
1181 2215 1249 2268 ad
1307 2213 1592 2269 Fuldense
1636 2215 2036 2270 monasterium

2194 2221 2196 2247 ε
2228 2200 2360 2254 bem
2385 2198 2522 2269 quid
2544 2197 2803 2252 facturus
2825 2197 3448 2270 essem.Continuoque
3477 2199 3627 2272 stle
3657 2217 3820 2257 acce-

415 2326 439 2355 ι
471 2285 752 2372 venirem,
787 2304 985 2375 ibique
1004 2319 1105 2375 per
1125 2320 1310 2358 annos
1335 2310 1584 2374 quatuor
1612 2321 1745 2358 cum
1778 2303 2059 2376 tranquil-
2173 2308 2200 2340 α
2230 2291 2329 2359 Pto
2387 2287 2638 2342 scribere
2671 2286 2814 2376 ccepi
2861 2285 2920 2376 in
2962 2287 3203 2376 modum
3235 2289 3543 2356 εθτωοηίε,
3576 2305 3820 2347 sumens

409 2419 438 2446 α
474 2396 635 2451 litate
664 2410 879 2466 magna
908 2397 1301 2448 commoratus
1331 2393 1577 2457 viderer,
1621 2393 1882 2448 dictandi
1913 2393 2035 2449 scri‘

2191 2401 2196 2427 ι
2231 2376 2531 2432 exordium
2565 2377 2635 2431 de
2683 2375 3003 2431 Psalmistae
3035 2375 3244 2432 dictis:
3281 2379 3538 2434 Dominus
3583 2379 3647 2436 de
3686 2380 3817 2436 ccclo

412 2508 442 2536 α
473 2463 1061 2554 bendique—studium
1094 2482 1450 2553 frequentari
1491 2481 1834 2553 postulabar
1865 2499 1898 2537 a
1928 2482 2038 2553 quia

2189 2487 2204 2520 ι
2230 2467 2492 2538 prospicit
2520 2481 2682 2536 super
2709 2463 3171 2534 ﬁiioshominum.
3195 2465 3302 2529 Qui
3326 2466 3606 2522 nimirum
3637 2467 3815 2538 dicta,

415 2593 438 2622 ι
473 2551 723 2628 busdam
745 2573 1011 2642 ejusdem
1037 2551 1372 2626 monasterii
1397 2551 1698 2640 fratribus,
1725 2576 1786 2625 ut
1807 2573 1863 2626 S.
1892 2551 2041 2624 Boni

2191 2580 2198 2606 ι
2227 2558 2514 2626 quantum
2549 2553 2730 2625 potui,
2765 2551 3220 2608 similitudinum
3252 2556 3615 2625 argumentis
3645 2556 3817 2612 robo-

412 2681 438 2711 ι
466 2662 598 2717 facii
623 2641 838 2727 Vitam,
875 2659 1098 2715 difficili
1131 2659 1280 2731 stylo
1311 2659 1547 2729 editam,
1582 2659 1798 2731 aliquid
1833 2659 2061 2714 facilius
2170 2668 2198 2696 (ί
2223 2644 2366 2713 “Vi,
2389 2645 2632 2699 credens
2665 2660 2766 2714 Per
2794 2642 2914 2698 haec
2945 2641 3174 2714 θοῙίίῙυοε
3205 2643 3498 2698 ωάίίῖοθΐίο
3532 2645 3635 2700 Ουί
3666 2645 3821 2701 νίάθ-

408 2773 441 2802 α
471 2752 724 2807 ederem.
759 2751 946 2814 Quam
1001 2749 1339 2822 petitionem
1391 2747 1524 2805 licet
1553 2749 1655 2804 diu
1687 2750 2058 2820 denegarem,
2173 2757 2200 2783 α
2233 2732 2368 2788 licet
2385 2731 2802 2804 Operitltumm
2830 2731 3084 2803 ίωροδυί
3111 2750 3122 2787 ε
3148 2732 3417 2822 Οαοπιοάο
3436 2733 3726 2803 legendum
3753 2737 3826 2790 δίε

405 2863 437 2892 (ι
470 2843 763 2911 postremo
793 2842 990 2893 tamen
1023 2837 1362 2908 compulsus
1392 2836 1746 2908 importunis
1771 2836 2060 2907 precibus,
2174 2845 2202 2873 ‹‹
2228 2824 2285 2877 in
2301 2823 2459 2877 rebus
2473 2822 2961 2877 visibilzbus.Cum
2984 2821 3251 2876 autemin
3273 2823 3475 2878 eodem
3491 2821 3617 2878 loco
3638 2840 3824 2879 unum

409 2952 435 2979 α
474 2933 537 2984 ut
566 2928 748 3000 potui,
784 2927 935 2998 quod
971 2926 1188 2997 petitus
1217 2942 1375 2981 eram
1421 2925 1677 2997 implevi.
1712 2925 1901 2980 Causa
1931 2941 2064 2998 ergo
2177 2933 2206 2962 (ί
2238 2928 2382 2983 Ρθῖιθ
2405 2927 2625 2966 annum
2642 2913 3263 3000 mraneremsvenel‘unt
3291 2911 3480 3000 ηιωῑίἱ
3504 2927 3571 2967 ΒΧ
3593 2929 3826 2969 montis-

404 3042 437 3070 ‹‹
466 2999 816 3073 ῐαιίίιὶὶπυω
848 3016 1034 3071 sancti
1089 3014 1364 3070 Bonifacii
1414 3019 1721 3086 promptus
1765 3014 1998 3085 scripsi.

2199 3000 2371 3055 :terio
2401 3004 2599 3055 nostro
2631 2999 2820 3068 missi,
2845 3016 2977 3055 cum
2997 2999 3214 3070 quibus
3233 2999 3441 3056 exinde
3472 3001 3543 3056 ad
3576 3002 3825 3071 patriam

405 3107 568 3180 Opus
596 3107 809 3172 hoc,in
841 3104 1235 3160 duoslibellos
1251 3104 1764 3176 abipsoOtholono
1789 3104 2064 3168 divisum,
2177 3111 2206 3141 (ί
2238 3106 2505 3180 Γενθῐᾚυε
2537 3105 2691 3180 ﬁlim,
2725 3111 2752 3138 ἰ
2790 3089 3015 3180 ϐίοι-ΕΚ
3068 3088 3239 3144 dictis
3279 3089 3510 3145 Othloni
3542 3089 3828 3180 habemus

405 3177 826 3269 quosjunctim
859 3195 1065 3248 librum
1089 3192 1182 3248 hic
1205 3197 1389 3260 vocat,
1423 3193 1494 3247 ab
1526 3193 1774 3247 Henrico
1809 3191 2063 3258 Canisio,
2099 3243 2138 3269 η
2178 3179 2528 3269 opusculum
2556 3177 2667 3269 huc
2689 3179 2749 3232 in
2797 3177 3030 3269 modum
3049 3180 3317 3269 sermonis
3338 3182 3672 3269 contextum
3692 3179 3830 3236 fuis-

405 3243 1179 3351 535223:salsissime:
1212 3243 2064 3353 postremo
2097 3243 2140 3309 (ἶ
2182 3243 2264 3324 se.
2301 3269 2467 3323 Forte
2488 3268 2543 3322 id
2578 3267 2770 3322 adhuc
2793 3267 2850 3321 in
2878 3268 3227 3323 Franconico
3257 3268 3609 3324 monasterio
3630 3270 3830 3324 Amor-

407 3375 637 3432 editum
668 3378 756 3429 est
784 3373 844 3427 in
870 3372 1028 3426 Actis
1048 3373 1147 3426 SS.
1173 3389 1254 3426 or.
1289 3375 1344 3424 S.
1369 3371 1579 3426 Bened.
1617 3371 1757 3425 Saec.
1781 3369 1874 3436 III,
1903 3373 2066 3440 parte
2174 3356 2432 3423 bacenSi:
2466 3357 2636 3427 cuius
2664 3355 3015 3411 δίδῖίοῐδεεθι
3063 3355 3294 3428 egregia
3330 3372 3459 3412 933°
3489 3357 3690 3427 fertur,
3723 3357 3827 3412 ad-

405 3481 476 3531 n,
510 3481 546 3518 a
572 3478 706 3533 pag.
736 3463 824 3528 28,
859 3461 1027 3531 cujus
1067 3459 1154 3514 vel
1191 3458 1314 3514 sola
1344 3459 1602 3529 praefatio
1634 3459 1680 3513 si
1713 3475 1844 3513 cum
1878 3458 2069 3512 hacte-
2175 3446 2291 3501 huc
2323 3449 2674 3501 asservatur-

405 3569 533 3609 nus
563 3551 635 3605 de
665 3549 906 3606 Othlono
937 3548 1135 3604 relatis
1167 3549 1518 3612 conferatur,
1546 3547 1979 3603 evidentissime
2001 3563 2066 3601 ac
2249 3553 2334 3606 17.
2365 3552 2442 3606 Ex
2473 3549 2644 3605 toties
2665 3549 2836 3605 citato
2883 3549 3030 3604 libro
3063 3551 3135 3605 De
3165 3553 3356 3604 tentat.
3389 3558 3442 3604 et
3467 3550 3656 3620 script.
3686 3552 3828 3618 suis,

404 3639 762 3715 planissime
783 3639 1144 3694 demonstrat
1165 3636 1305 3691 illud
1331 3635 1550 3691 nullius
1569 3636 1813 3691 alterius
1831 3635 2065 3692 Othloni
2177 3640 2396 3712 pariter
2420 3643 2577 3710 patet
2607 3637 2923 3694 Othlonum
2955 3638 3130 3694 etiam
3171 3637 3480 3709 scripsisse
3506 3637 3725 3694 librum
3755 3640 3829 3696 De

408 3747 540 3786 esse
572 3745 742 3802 posse
765 3744 940 3800 quam
960 3719 1539 3795 Emmerammensis,
1575 3725 1766 3780 Fuldae
1792 3725 2064 3796 hospitis,
2177 3730 2512 3799 confessione
2539 3733 2763 3782 actuum
2789 3743 3034 3783 suorum.
3069 3750 3096 3776 ‹‹
3131 3732 3202 3782 At
3233 3726 3282 3781 si
3322 3743 3459 3798 qua,
3493 3726 3706 3798 inquit,
3738 3727 3828 3783 in-

406 3823 471 3876 et
501 3819 556 3874 S.
593 3816 893 3886 Bonifacii,
931 3814 1304 3870 Fuldensium
1357 3815 1609 3886 patroni,
1643 3814 1867 3885 aliquot
1897 3813 2066 3869 annis
2180 3842 2207 3868 «
2241 3817 2491 3873 ﬁrmitas
2515 3815 2602 3872 vel
2637 3815 2941 3872 subitanea
2963 3833 3122 3872 mors
3151 3832 3243 3871 me
3264 3815 3321 3871 in
3343 3815 3620 3872 extremis
3650 3816 3832 3889 impe-

406 3904 658 3962 alumni.
2186 3929 2214 3960 ιι
2244 3907 2392 3962 diret
2423 3923 2457 3961 a
2486 3906 2683 3961 debita
2712 3905 3092 3973 confessione,
3128 3904 3337 3960 saltem
3361 3922 3464 3976 per
3491 3905 3708 3976 scripta
3729 3922 3830 3977 pa-

487 4005 575 4058 15.
611 4008 916 4060 Browerus
946 4001 1004 4056 in
1035 4001 1314 4056 Sideribus
1345 4001 1653 4054 illustrium
1683 4004 1732 4055 et
1751 4004 2069 4055 sanctorum
2179 4020 2207 4046 ιι
2242 3996 2578 4058 tefacerem,
2611 3993 2710 4065 qui
2741 4010 2809 4049 ex
2859 3994 3229 4065 memetipso,
3263 3994 3365 4066 qui
3417 4011 3484 4050 ex
3518 3993 3613 4050 Dei
3643 3994 3831 4065 gratia

405 4093 682 4157 virorum,
713 4093 812 4163 qui
847 4090 1220 4155 Germaniam,
1259 4091 1576 4160 praesertim
1625 4106 1907 4155 magnam,
1939 4089 2072 4144 olim
2183 4099 2455 4162 «essem.
2487 4103 2514 4134 ι
2552 4087 2719 4138 Hunc
2767 4081 2984 4138 librum
3016 4083 3276 4138 nondum
3332 4082 3676 4154 reperimus,
3719 4082 3833 4138 nisi

409 4182 575 4238 rebus
619 4182 781 4252 gestis
838 4181 1132 4246 amarunt,
1193 4177 1368 4232 etiam
1434 4179 1616 4233 Vitam
1686 4177 1741 4231 S.
1792 4178 2073 4248 Pyrminii
2181 4194 2211 4223 «
2244 4172 2388 4227 forte
2421 4172 2470 4228 is
2503 4173 2628 4243 ipse
2659 4171 2736 4226 sit
2779 4187 2953 4242 quem
2988 4175 3067 4225 De
3114 4171 3509 4226 tentationibus
3537 4173 3587 4228 et
3615 4173 3834 4243 scriptis

408 4271 786 4342 ctiorepiscopi
831 4267 1166 4340 publicavit,
1218 4267 1448 4339 przeiixo
1493 4265 1726 4322 Othloni
1773 4265 2071 4320 cmnobitsa
2182 4283 2210 4310 «
2241 4262 2354 4315 suis
2384 4260 2793 4331 conscriptum
2827 4258 3205 4314 Mabillonius
3236 4259 3437 4315 edidit.

412 4358 723 4416 Fuldensis
737 4356 1211 4413 nomine.Verum
1227 4373 1351 4411 eam
1367 4354 2038 4410 lucubrationemOthlon

2255 4368 2342 4421 18.
2373 4367 2436 4422 In
2483 4366 2626 4422 tomi
2660 4366 2852 4421 nostri
2879 4366 2900 4420 Ι
2942 4370 3103 4437 parte
3129 4384 3145 4420 ι
3172 4365 3600 4437 publicavimus
3629 4369 3833 4423 oratio-

411 4465 545 4505 esse
562 4465 675 4503 non
695 4462 888 4518 posse,
917 4447 1015 4500 sed
1040 4444 1376 4500 Warmanni
1401 4461 1468 4499 ex
1488 4443 1775 4500 monacho
1796 4443 2037 4515 Augiens

2208 4471 2306 4511 rem
2337 4473 2438 4512 seu
2484 4455 2872 4527 precationem
2922 4453 3155 4510 Othloni
3214 4455 3487 4510 idiomate
3528 4455 3732 4511 Latino
3777 4459 3834 4510 et

412 4537 671 4609 episcopi
692 4533 1181 4604 Constantiensis,
1192 4534 1317 4604 jam
1349 4532 1572 4588 erudite
1596 4549 1660 4588 ac
1674 4531 1858 4588 solide
1880 4537 2071 4587 osten-
2183 4545 2504 4601 Theodisco
2531 4544 2828 4616 scriptam,
2855 4561 2981 4616 quae
3013 4543 3139 4599 sine
3160 4543 3336 4599 dubio
3360 4543 3471 4598 illa;
3492 4543 3620 4600 duae
3638 4545 3836 4600 οναείο.

415 4627 506 4683 dit
525 4624 1058 4682 MabilloniusSasc.
1086 4622 1412 4688 Bened.III,
1443 4625 1590 4693 part.
1628 4639 1684 4688 It,
1721 4639 1755 4676 a
1787 4637 1914 4692 pag.
1953 4622 2041 4674 13E

2207 4650 2279 4690 ιθε
2311 4638 2450 4690 sunt
2479 4634 2551 4690 de
2581 4633 2797 4705 quibus
2829 4632 2886 4688 in
2919 4633 3064 4688 libro
3095 4635 3169 4688 De
3195 4636 3387 4688 tentet.
3419 4635 3471 4686 et
3500 4633 3688 4703 script.
3720 4634 3833 4687 suis

415 4715 492 4772 Et
517 4730 650 4769 νθΓο
681 4713 816 4785 (Illis
868 4712 1064 4768 credat
1109 4711 1305 4782 ipsum
1351 4709 1670 4764 Othlonum
1721 4709 1779 4764 in
1823 4709 1970 4764 libro
2000 4711 2072 4764 De
2183 4725 2265 4781 ita
2291 4724 2587 4795 loquitur:
2617 4745 2644 4774 ‹‹
2669 4723 2875 4778 Adhuc
2903 4722 3160 4793 proferre
3189 4719 3330 4776 libet
3351 4721 3602 4775 duarum
3624 4721 3835 4777 oratio-

415 4808 608 4860 tentat.
654 4807 705 4858 et
762 4803 949 4873 script.
1015 4803 1151 4871 suis,
1212 4799 1312 4854 ubi
1372 4798 1771 4853 minutissima
1829 4815 2034 4869 quzequ

2206 4838 2210 4863 ξ
2246 4831 2388 4868 num
2414 4813 2607 4868 verba.
2631 4812 2953 4866 Attendens
2970 4809 3126 4864 enim
3152 4809 3363 4881 saepius
3386 4809 3526 4881 quia
3547 4808 3832 4880 plurimos

421 4891 705 4966 opuscula
722 4889 1113 4963 persequitur,
1133 4888 1327 4942 Vitam
1343 4888 1400 4942 S.
1422 4887 1682 4943 Pirminii
1708 4887 1888 4942 solam
1906 4887 2047 4942 silen

2207 4923 2218 4955 ι
2246 4901 2527 4974 exemplis
2558 4899 2750 4972 pravis
2781 4898 3008 4966 seduxi,
3027 4897 3168 4953 talia
3188 4897 3466 4954 orationis
3484 4897 3659 4954 verba
3689 4898 3833 4954 scri-

422 4981 503 5038 tio
533 4979 1073 5054 praetermissurum
1098 4977 1298 5044 fuisse,
1334 4976 1381 5031 si
1407 4992 1466 5030 re
1496 4993 1631 5032 vera
1653 4975 1790 5048 quid
1824 4977 2048 5047 ejusmo

2208 5013 2221 5044 ι
2248 4992 2386 5047 bere
2417 4989 2639 5055 studui,
2673 4988 2733 5042 in
2783 4986 2998 5058 quibus
3025 4985 3437 5058 unusquisque
3468 4984 3613 5041 satis
3643 4984 3834 5040 doceri

423 5071 482 5126 di
504 5070 643 5126 olim
667 5067 1067 5124 condidisset?
1091 5065 1275 5137 Igitur
1295 5067 1392 5119 aut
1415 5065 1770 5136 conjectura,
1790 5069 1890 5119 aut
1911 5081 2076 5136 pseu-
2187 5102 2216 5131 (ι
2248 5082 2440 5152 potest
2471 5076 2763 5148 quomodo
2795 5092 2898 5148 pro
2930 5091 2992 5130 se
3022 5079 3079 5128 et
3107 5091 3210 5146 pro
3253 5073 3383 5129 aliis
3414 5089 3579 5128 orare
3606 5072 3835 5129 debeat.

424 5157 860 5232 doepigraphus
889 5156 1074 5211 codex
1109 5155 1386 5210 Browero
1417 5153 1718 5225 imposuit.

2214 5193 2215 5217 :
2248 5171 2380 5234 Qua:
2412 5165 2635 5222 scilicet
2663 5163 2952 5220 orationes
2983 5179 3118 5218 cum
3149 5179 3183 5218 a
3213 5162 3570 5234 quibusdam
3593 5161 3720 5231 jam
3741 5161 3840 5216 ha-

496 5267 584 5322 16.
617 5265 856 5320 Certum
888 5266 1083 5318 autem
1116 5261 1274 5316 aliud
1305 5264 1392 5316 est
1422 5259 1772 5332 opusculum
1805 5256 2073 5314 Othloni:
2188 5257 2518 5321 «.beantur,
2550 5255 2608 5309 in
2659 5253 2767 5309 hoc
2823 5251 3105 5324 opusculo
3149 5250 3476 5307 describere
3525 5248 3708 5305 nolui.
3742 5249 3838 5305 Ha

428 5354 697 5427 Quomodo
709 5350 998 5424 tegendum
1010 5353 1086 5406 sit
1109 5353 1167 5406 in
1188 5350 1346 5406 rebus
1360 5349 1689 5419 visibilibus,
1705 5348 1860 5418 quod
1882 5352 2078 5404 tamen
2194 5369 2222 5397 ι(
2246 5349 2437 5402 autem
2454 5343 2768 5410 orationes,
2789 5341 3016 5413 aliaque
3033 5340 3307 5412 superius
3325 5339 3396 5394 de
3415 5337 3674 5394 dictandi
3688 5338 3840 5395 dono

429 5444 652 5502 anobis
680 5443 969 5497 hactenus
1000 5439 1205 5494 nullibi
1235 5443 1526 5510 repertum
1551 5442 1657 5492 est.
1693 5437 1753 5492 Id
1773 5437 1866 5491 his
1889 5436 2080 5492 verbis
2190 5459 2218 5487 «
2253 5434 2499 5507 prolata,
2533 5437 2694 5488 tanto
2725 5431 2913 5503 magis
2943 5427 3142 5502 pietati
3173 5428 3378 5484 divina:
3402 5431 3674 5484 constant
3695 5428 3840 5483 refe-

429 5533 712 5591 describit
760 5529 1048 5586 Othlonus
1098 5528 1155 5583 in
1187 5528 1288 5583 lib.
1343 5529 1416 5583 De
1445 5536 1578 5582 teut.
1610 5531 1660 5582 et
1689 5529 1881 5594 script.
1913 5528 2031 5581 suis
2061 5544 2078 5580 :
2193 5549 2219 5574 «
2254 5525 2454 5589 renda,
2487 5525 2702 5594 quanto
2735 5519 2990 5591 amplius
3020 5522 3223 5573 notum
3247 5520 3335 5572 est
3359 5533 3452 5572 me
3477 5514 3634 5572 vitiis
3664 5515 3843 5588 pluri-

425 5646 457 5675 α
488 5622 578 5676 Ad
608 5619 1033 5676 monasterium
1083 5622 1348 5673 nostrum
1392 5616 1555 5688 prius
1586 5615 1882 5688 pervenire
1922 5613 2080 5669 nolui
2193 5635 2221 5663 «
2257 5613 2371 5667 mis
2420 5611 2716 5683 quondam
2762 5608 3024 5664 deditum
3057 5605 3201 5661 nihil
3224 5605 3435 5661 horum
3466 5604 3773 5660 meruisse.
3806 5624 3835 5652 ››

424 5735 462 5771 σι
480 5726 664 5790 quam
679 5709 913 5770 indiciis
934 5707 1234 5782 aliquibus
1246 5705 1603 5781 explorarem
1627 5703 1876 5778 qualiter
1887 5702 2084 5762 omnia
2193 5701 2497 5762 Orationes
2547 5699 2852 5775 pradictas
2874 5696 3137 5755 eruimus
3167 5712 3235 5753 ex
3256 5695 3454 5790 codice
3475 5691 3834 5769 autographa
