4114 6184
300 311 380 374 23
1240 306 1658 371 0THLONUS
1701 302 2133 368 MONAGHUS
2179 303 2241 365 S.
2288 295 2785 367 EMMERAMMI
3637 298 3716 364 21

303 444 851 513 Emmerammensi,
893 445 985 501 cui
1019 442 1389 501 simillimum
1433 443 1609 499 etiam
1650 442 1709 496 in
1740 442 1949 499 biblio—
1980 439 2034 507 Α
2065 436 2275 497 Nullus
2319 437 2499 511 igitur
2531 436 2680 493 alius
2722 434 2932 492 titulus
2977 432 3324 491 nominatim
3356 431 3416 491 S.
3446 430 3709 509 Dionysii

302 536 472 593 theca
503 534 921 609 Tegernseensi
955 536 1385 607 conspeximus.
2058 527 2268 584 merita
2296 526 2649 599 implorandi
2680 524 2930 582 Othlono
2961 528 3103 591 erat,
3147 540 3322 595 quam
3370 523 3541 580 firma
3582 541 3712 596 per-

378 628 467 681 19.
499 627 579 681 De
611 625 758 680 libro
786 624 1053 680 Otholoni
1086 626 1158 681 De
1206 626 1615 695 tentationibus,
1648 625 1806 679 varia
1838 624 1950 694 for-

306 719 443 773 tuna
473 722 524 771 et
549 716 769 786 scriptis
809 715 924 770 suis
956 714 1099 769 satis
1152 714 1436 770 hactenus
1484 713 1945 785 praedicavimus.

373 814 464 867 20.
481 811 868 867 Promisimus
884 829 1061 884 supra
1078 812 1145 867 ad
1164 816 1435 883 quartum
1451 812 1681 867 Othloni
1706 829 1952 883 opuscu-

308 901 433 957 lum
466 917 574 956 nos
605 900 781 956 hicde
814 901 1009 974 magni
1043 892 1321 957 momenti
1334 905 1639 972 fragmento
1669 902 1953 957 relationis

308 991 372 1047 de
401 991 763 1047 translatione
791 994 1030 1063 corporis
1058 992 1115 1047 S.
1154 994 1408 1063 Dionysii
1434 992 1493 1046 in
1516 991 1864 1047 Germaniam
1882 991 1956 1047 ad

308 1081 708 1137 monasterium
737 1082 792 1134 S.
824 1082 1216 1136 Emmerammi
1260 1089 1494 1137 acturos.
1529 1080 1806 1146 Quocirca
1838 1080 1951 1152 pri-

312 1184 475 1224 mum
506 1168 771 1225 omnium
800 1168 930 1225 vide
969 1169 1231 1225 notulam
1266 1173 1524 1225 nostram
1558 1169 1629 1225 ad
1658 1186 1785 1225 eam
1816 1170 1953 1224 laci-

312 1258 494 1329 niam,
514 1258 669 1314 unde
688 1261 917 1313 constat
936 1259 1156 1313 dictum
1182 1259 1571 1331 fragmentum
1598 1258 1955 1314 autOthlono
1978 1299 1983 1309 .

314 1346 497 1403 multo
555 1347 879 1419 antiquius,
933 1352 1036 1403 aut
1082 1348 1291 1403 saltem
1340 1348 1665 1403 certissime
1710 1347 1957 1403 Othlono

315 1452 569 1492 comvum
600 1437 689 1492 vel
719 1437 907 1508 ipsius
936 1437 1177 1492 omnino
1210 1436 1445 1492 Othloni
1498 1454 1645 1503 esse,
1696 1437 1752 1491 id
1802 1438 1958 1508 quod

315 1526 453 1599 quid
487 1526 544 1581 in
578 1526 788 1582 celebri
816 1526 917 1581 illa
940 1527 1009 1581 de
1038 1525 1419 1582 translatione
1450 1525 1707 1597 corporis
1736 1529 1791 1580 S.
1826 1526 1958 1580 Dio-

314 1616 466 1689 nysii
485 1616 553 1671 ad
570 1616 1001 1685 monasterium
1020 1616 1119 1669 Em
1129 1632 1555 1671 merammense
1570 1614 1961 1671 controversia

315 1703 595 1759 momenti
617 1704 838 1769 afferat,
860 1720 1031 1759 nemo
1051 1705 1301 1776 ignorat,
1327 1705 1425 1774 qui
1451 1704 1808 1777 praecipuum
1841 1704 1958 1758 Ma-

314 1792 543 1848 billonii
565 1797 1001 1865 argumentum,
1025 1811 1058 1848 a
1079 1792 1309 1849 silentio
1332 1793 1615 1864 Arnulphi
1642 1810 1740 1848 seu
1765 1791 1963 1848 Arnol-
1992 1810 2041 1875 B

319 1882 422 1954 phi
455 1882 685 1938 comitis
743 1882 800 1936 in
856 1882 1084 1954 dialogo
1138 1884 1217 1937 De
1266 1882 1564 1938 miraculis
1622 1884 1679 1938 S.
1734 1884 1966 1937 Emme-

313 1970 558 2045 rammi,
578 1974 687 2026 etc.
708 1972 955 2043 petitum
970 1976 1122 2027 recte
1150 1988 1410 2044 unquam
1435 1972 1727 2043 expendit.
1751 1971 1968 2026 Verum

314 2048 845 2132 id'argumentum
898 2060 1005 2116 hoc
1036 2060 1358 2132 fragmento
1404 2061 1651 2116 nimium
1685 2065 1971 2132 quantum

318 2149 677 2205 inﬁrmatur.
708 2150 853 2207 Cum
870 2150 1025 2206 enim
1051 2151 1174 2222 ipse
1196 2151 1567 2206 Mabillonius
1582 2156 1724 2205 tom.
1744 2151 1815 2205 IV
1826 2153 1973 2206 Ana-

320 2237 505 2306 lect..,
530 2240 805 2310 pag/103,
828 2239 1099 2305 fateatur,
1121 2239 1439 2295 Othlonum
1464 2240 1760 2310 Arnolpho
1787 2256 1973 2310 {equa-

322 2325 442 2382 lem
474 2327 787 2395 exstitisse,
823 2327 965 2398 quid
1013 2328 1313 2383 traditioni
1346 2329 1973 2383 Emmerammensium

324 2414 482 2471 obsit
502 2415 797 2472 silentium
824 2415 1055 2472 Arnolt‘ii
1070 2418 1142 2472 de
1160 2418 1466 2489 praesentia
1487 2418 1746 2489 corporis
1769 2419 1825 2472 S.
1852 2417 1980 2471 Dio-

335 2504 509 2577 nysii,
542 2521 720 2576 quam
771 2504 1065 2577 Arnolpho
1112 2507 1499 2579 synchronus,
1552 2507 1883 2577 pietateque
1915 2522 1981 2561 ac

336 2592 603 2649 doctrina
656 2594 703 2649 si
750 2611 867 2649 non
916 2596 1122 2666 major,
1169 2601 1319 2651 certe
1350 2613 1454 2667 par
1500 2595 1789 2651 Othlonus
1838 2596 1978 2650 adeo

204 2670 241 2703 ’⁸
337 2686 533 2753 aperte
565 2683 882 2754 pradicet?
920 2685 991 2739 Et
1038 2685 1292 2756 proiecto
1337 2684 1608 2751 Othlono,
1656 2701 1867 2756 corpus
1918 2685 1976 2739 S.

335 2771 594 2845 Dionysii
625 2772 683 2827 in
713 2789 819 2829 suo
841 2774 1196 2829 monasterio
1220 2774 1743 2829 Emmerammensi
1776 2775 1979 2828 adesse

335 2877 616 2934 praesens,
631 2862 1150 2933 persuasissimum
1183 2864 1389 2929 fuisse,
1411 2880 1478 2918 ex
1498 2863 1893 2918 monumentis
1908 2862 1979 2917 ab

332 2965 398 3006 eo
416 2950 635 3006 relictis
656 2950 818 3006 nullo
841 2952 1070 3024 negotio
1092 2953 1297 3007 confici
1318 2957 1523 3024 potest.
1548 2954 1610 3007 In
1634 2951 1979 3023 Paraphrasi

330 3039 534 3096 Latino
555 3041 836 3096 orationis
864 3041 1200 3096 Theodiscae
1231 3046 1395 3113 rogat
1418 3042 1601 3097 Deum
1621 3045 1685 3096 ut
1714 3042 1823 3096 sibi
1848 3058 1978 3095 suc-

333 3136 531 3185 currat
557 3144 657 3201 per
693 3129 787 3184 SS.
819 3135 1131 3201 martyrum
1161 3131 1426 3201 Stephani
1455 3140 1621 3202 atque
1668 3132 1974 3199 Laurentii,

337 3219 456 3274 Viti
483 3226 536 3273 et
563 3221 867 3285 Pancratii,
904 3219 1127 3289 Georgii
1152 3224 1207 3275 et
1236 3222 1650 3288 Emmerammi,
1678 3221 1903 3288 Quirini
1930 3226 1981 3273 et

328 3306 562 3375 Castuli,
614 3307 925 3363 Sebastiani
971 3312 1020 3363 et
1056 3310 1344 3377 Vincentii,
1392 3326 1491 3366 nec
1541 3327 1651 3365 non
1698 3327 1798 3382 per
1837 3311 1983 3365 Mau-

332 3396 454 3451 ritii
481 3405 535 3452 et
562 3402 838 3464 DIONYSII,
872 3402 1005 3466 etc.,
1037 3401 1235 3453 merita
1256 3416 1276 3459 ;
1330 3398 1427 3452 ubi
1464 3398 1625 3453 nullo
1672 3399 1785 3455 alio
1817 3399 1983 3454 titulo

330 3486 661 3558 Dionysium
686 3488 950 3543 nominat
967 3504 1141 3558 quam
1167 3489 1319 3558 quod
1339 3490 1467 3559 ejus
1489 3490 1771 3559 corpusin
1795 3488 1984 3544 Eccle-

332 3574 423 3629 sia
454 3575 979 3631 Emmerammensi
1011 3576 1297 3632 asservari
1330 3576 1572 3631 minime
1602 3594 1736 3631 cum
1768 3577 1986 3632 sodali-

334 3661 446 3721 bus
478 3662 603 3717 suis
634 3662 884 3717 dubitet.
917 3662 1031 3717 Nec
1062 3662 1273 3734 opponi
1296 3666 1487 3733 potest
1509 3662 1788 3733 consequi
1807 3678 1874 3716 ex
1904 3662 1989 3716 in-

333 3749 632 3806 vocatione
686 3749 946 3817 Othloni,
1008 3751 1183 3806 etiam
1240 3767 1483 3822 corpora
1528 3752 1625 3807 SS.
1686 3750 1987 3822 Stephani.

333 3838 652 3905 Laurentii,
677 3838 817 3910 Viti,
842 3844 978 3910 etc.,
1014 3840 1072 3894 in
1093 3842 1449 3896 monasterio
1477 3842 1534 3897 S.
1568 3843 1989 3899 Emmerammi

332 3928 656 3999 quiescere,
711 3930 863 3999 quod
899 3933 1053 3984 certo
1100 3929 1313 3985 falsum
1362 3931 1457 3986 sit.
1509 3932 1651 3986 Nam
1698 3931 1844 3985 ratio
1884 3947 1991 3987 cur

330 4016 485 4073 alios
522 4020 755 4073 sanctos
787 4017 1138 4073 invocaverit
1160 4018 1472 4088 Othlonus,
1498 4018 1665 4074 facile
1688 4019 1804 4074 ista
1823 4020 1989 4076 reddi

327 4109 517 4179 potest
541 4106 695 4177 quod
720 4107 778 4162 in
806 4106 878 4162 iis
897 4105 1038 4162 locis
1060 4105 1117 4161 in
1141 4108 1358 4177 quibus
1382 4105 1615 4162 illorum
1650 4112 1986 4164 sanctorum

328 4198 429 4250 aut
458 4194 703 4249 celebris
732 4195 1021 4250 veneratio
1053 4200 1154 4250 aut
1176 4195 1430 4267 reliquiae
1456 4196 1695 4264 fuerint,
1719 4198 1986 4270 aliquan-

335 4282 433 4338 diu
463 4282 639 4338 vitam
672 4284 944 4355 exegerit,
997 4287 1173 4354 atque
1205 4285 1347 4340 adeo
1386 4301 1586 4340 eorum
1621 4286 1731 4341 sibi
1764 4286 1984 4345 cultum

336 4371 689 4437 familiarem
721 4372 939 4437 fecerit,
968 4373 1121 4445 quod
1166 4390 1234 4428 ex
1263 4372 1408 4428 libro
1441 4376 1567 4445 ejus
1598 4375 1677 4430 De
1709 4379 1988 4432 tentatio-

330 4460 508 4517 nibus
540 4462 667 4515 suis
696 4462 1096 4517 conﬁrmatur.
1129 4461 1341 4517 Verum
1378 4463 1487 4517 hoc
1520 4464 1589 4519 de
1618 4466 1673 4520 S.
1712 4466 1997 4539 Dionysio,

2059 616 2255 673 suasio
2287 618 2357 672 de
2387 616 2651 687 ejusdem
2681 614 2941 686 corporis
2983 614 3042 668 in
3087 612 3441 669 monasterio
3473 613 3706 669 Emme-

2060 706 2379 763 rammensi
2438 703 2760 777 praesentia.
2824 704 2983 758 Idem
3042 706 3266 774 spectat
3326 702 3505 759 codex
3560 701 3713 759 alius

2060 797 2473 851 membraneus
2500 794 2558 848 in
2597 793 2697 849 fol.
2732 791 3096 847 bibliothecae
3127 791 3711 860 Emmerammensis,

2062 884 2164 957 qui
2196 900 2373 957 opera
2400 885 2457 939 S.
2491 882 2765 955 Dionysio
2795 881 2966 953 vulgo
3005 881 3287 938 attributa
3317 879 3713 952 complectens

2064 991 2249 1030 manu
2279 972 2513 1028 Othloni
2546 976 2815 1029 exaratus
2836 975 2942 1043 est,
2967 976 3031 1027 ut
3052 970 3301 1043 probant
3323 972 3633 1041 sequentes
3653 969 3713 1029 in

2064 1065 2179 1120 fine
2206 1062 2476 1119 versiculi
2500 1079 2513 1118 :

2190 1171 2266 1219 En
2296 1184 2394 1233 ego
2422 1168 2656 1218 tantillus
2683 1167 2875 1233 Othloh
2898 1167 3056 1229 vulgo
3085 1165 3347 1233 vocitatus

2190 1226 2441 1293 Quamvis
2468 1231 2768 1295 omnigenis
2798 1226 3085 1295 corruptus
3110 1229 3208 1276 sim
3227 1226 3537 1295 malefactis,

2190 1290 2281 1345 Sat
2309 1299 2488 1344 tamen
2520 1290 2663 1343 istu'd
2685 1307 2813 1355 opus
2835 1290 3125 1341 scribendo
3142 1296 3293 1355 tuum
3325 1290 3722 1355 tibi‘promptus

2192 1360 2382 1408 Sancte
2414 1358 2611 1407 Dionisi
2641 1351 2849 1420 martyr
2861 1355 3209 1420 celeberrime
3242 1351 3450 1400 Christi.

2190 1420 2342 1471 Unde
2369 1420 2473 1469 mei
2503 1416 2958 1482 qumsoprecibus
2986 1417 3148 1482 sacris
3177 1428 3384 1482 memor
3407 1416 3536 1465 esto.

2194 1484 2296 1532 Vos
2326 1475 2540 1546 quoque
2570 1482 2661 1546 qui
2691 1475 2879 1544 legitis,
2911 1481 3124 1529 veniam
3156 1477 3286 1526 mihi
3316 1490 3478 1539 posco
3508 1475 3723 1540 petatis.

2069 1580 2174 1635 Ubi
2207 1580 2368 1635 vides
2392 1579 2732 1650 Dionysium
2752 1577 3165 1633 celeberrimum
3184 1578 3487 1647 martyrem
3515 1572 3629 1629 dici
3648 1573 3722 1635 ab

2070 1668 2339 1736 Othlono,
2365 1667 2518 1738 quod
2552 1668 2623 1721 de
2672 1668 2800 1737 ejus
2832 1665 3092 1738 corporis
3131 1662 3502 1736 possessione
3537 1678 3601 1716 ac
3630 1678 3723 1723 re-

2072 1756 2411 1813 centissima
2460 1755 2811 1824 inventione,
2866 1772 2990 1825 quae
3042 1753 3195 1809 circa
3227 1752 3364 1806 1063
3394 1750 3722 1825 contigerit,

2080 1846 2273 1902 omnis
2302 1845 2415 1901 late
2446 1844 2711 1917 Bajoaria
2732 1843 3097 1916 gloriaretur.
3131 1843 3246 1897 Nec
3274 1841 3504 1896 videtur
3529 1838 3723 1895 Othlo-

2080 1952 2192 1990 nus
2224 1935 2410 2007 Opera
2440 1933 2696 2005 Dionysii
2746 1932 2857 1988 alio
2907 1932 3103 1986 animo
3151 1944 3419 1989 exarasse
3452 1945 3629 2003 quam
3664 1932 3729 1995 ut

2082 2028 2371 2080 recentem
2433 2022 2701 2077 tutelaris
2749 2021 2841 2075 sui
2889 2019 3136 2094 gloriam
3182 2024 3238 2074 et
3284 2017 3731 2083 venerationem,

2083 2118 2317 2169 ostensa
2347 2113 2612 2184 ejusdem
2643 2110 2907 2167 doctrina
2937 2114 2993 2164 et
3032 2108 3378 2176 eruditione,
3413 2106 3564 2179 apud
3597 2122 3733 2185 suos

2085 2206 2325 2275 augeret
2376 2206 2432 2256 et
2487 2201 2878 2265 conﬁrmaret,
2921 2196 3190 2269 quamvis
3253 2196 3377 2268 ipse
3434 2196 3587 2251 circa
3614 2194 3735 2249 haec

2083 2296 2347 2364 tempora
2368 2290 2685 2345 Ratisbona
2707 2290 2957 2345 abesset.
2983 2288 3090 2342 Sed
3116 2290 3173 2342 et
3188 2291 3319 2341 ante
3342 2284 3736 2341 inventionem

2087 2379 2345 2453 corporis
2376 2380 2434 2436 S.
2483 2378 2742 2450 Dionysii
2788 2379 3360 2432 Emmerammenses
3408 2373 3562 2429 idem
3604 2388 3735 2431 sen-

2087 2470 2233 2525 sisse
2260 2473 2488 2524 constat
2518 2484 2587 2523 ex
2616 2467 2728 2523 alio
2780 2465 2976 2522 codice
3021 2465 3395 2520 membraneo
3437 2462 3607 2531 in-li°,
3640 2461 3739 2532 qui

2085 2558 2266 2614 libros
2294 2563 2545 2629 quatuor
2575 2556 2945 2627 Dialogorum
2980 2554 3034 2610 S.
3073 2552 3333 2625 Gregorii
3362 2568 3526 2627 papas
3558 2550 3736 2607 conti-

2089 2652 2207 2713 net,
2242 2648 2309 2701 ad
2343 2661 2605 2718 quorum
2640 2644 2856 2700 calcem
2892 2643 2997 2698 bos
3028 2640 3412 2713 versuslegas
3440 2656 3451 2694 :

2212 2755 2329 2802 Voti
2359 2757 2513 2815 cepta
2538 2750 2877 2815 Ameicalamo
2909 2751 3155 2815 currente
3185 2747 3385 2815 per_egi.

2215 2808 2452 2878 Spondet
2479 2814 2731 2878 VUdalrico
2752 2813 2881 2862 mihi
2913 2812 3085 2878 Saevo
3110 2814 3249 2878 meta
3277 2808 3471 2878 laboris

2214 2872 2434 2928 Praemia
2462 2877 2569 2926 ﬁxa
2600 2876 2748 2939 polis,
2782 2888 2891 2939 non
2922 2874 3125 2939 Lubrica
3153 2872 3540 2939 donaAfavoris.
3573 2926 3582 2935 .

2216 2934 2621 3007 Emmeramme',
2655 2938 2891 3007 Dyonisi,
2922 2936 3258 3007 Wolfgange,
3286 2934 3540 3007 Gregori,_
3576 2934 3581 2935 ⁷
3654 2994 3666 3007 .

2213 3005 2400 3052 Vestro
2433 3000 2850 3063 scriptori,‘dum
2886 3013 3030 3049 mors
3061 3002 3282 3060 premet,
3316 3000 3427 3063 este
3458 3000 3687 3063 patroni.

2216 3067 2346 3128 Spes
2378 3078 2485 3113 non
2509 3060 3170 3128 confundet,_quamquam
3196 3073 3285 3128 rea
3305 3060 3412 3108 vita
3429 3062 3708 3122 repugnet.

2216 3123 2321 3177 Pax
2347 3129 2415 3177 sit
2443 3128 2729 3190 Berngero,
2763 3123 2996 3187 sub'quo
3029 3123 3180 3173 Patre
3209 3123 3387 3178 vivere
3416 3134 3616 3184 quaero.

2165 3224 2444 3290 Quocirca
2472 3222 2902 3278 observandum
2945 3222 3091 3276 duos
3124 3220 3463 3292 Peringeros
3494 3216 3740 3273 diversis

2091 3313 2455 3386 temporibus
2470 3309 2732 3383 regimen
2751 3308 3310 3365 Emmerammensis
3339 3307 3581 3364 abbatiie
3603 3323 3740 3379 gaer-

2094 3404 2262 3458 sisse.
2301 3402 2461 3456 Prior
2490 3401 2562 3455 ab
2594 3415 2747 3454 anno
2798 3397 3028 3453 circiter
3076 3399 3212 3453 1046
3262 3412 3447 3469 usque
3478 3396 3548 3452 ad
3584 3395 3740 3451 1049.

2097 3492 2242 3547 alter
2272 3492 2342 3545 ab
2374 3507 2527 3545 anno
2560 3490 2697 3544 1187
2726 3503 2913 3558 usque
2943 3487 3013 3541 ad
3048 3488 3175 3541 1201
3214 3484 3570 3542 monasterio
3601 3501 3743 3557 prte-

2096 3581 2225 3635 fuit.
2260 3580 2463 3650 Itaque
2487 3594 2620 3633 cum
2644 3576 3045 3631 characterum
3071 3575 3285 3647 quibus
3306 3575 3485 3629 codex
3504 3572 3746 3646 perscri-

2098 3673 2233 3740 ptus
2263 3670 2351 3722 est
2368 3668 2555 3721 forma
2576 3664 2855 3721 sacculum
2874 3656 3248 3719 undecimum
3276 3663 3501 3730 innuat,
3521 3663 3569 3717 is
3591 3662 3745 3719 circa

2098 3772 2319 3811 annum
2355 3757 2490 3809 1047
2522 3759 2697 3825 atque
2728 3754 2868 3809 adeo
2901 3751 3185 3825 plusculis
3232 3756 3363 3807 ante
3407 3751 3742 3821 priedictam

2098 3845 2495 3900 inventionem
2555 3842 2725 3898 annis
2782 3842 3004 3898 exarari
3058 3841 3277 3896 debuit.
3328 3840 3461 3903 Quae
3522 3844 3742 3911 autem,

2098 3951 2316 4006 quaeso,
2351 3932 2551 3989 scribae
2584 3932 2699 3988 alia
2731 3932 2878 3987 ratio
2901 3948 3029 3988 esse
3061 3930 3248 4003 patuit
3277 3930 3745 4002 opemvS.Diony-

2096 4024 2169 4079 sii
2199 4023 2289 4077 uti
2320 4027 2378 4078 et
2406 4023 2501 4078 SS.
2527 4020 2942 4077 Emmerammi
2974 4024 3150 4092 atque
3179 4017 3514 4090 Wolfgangi
3540 4017 3746 4090 implo-

2097 4112 2287 4180 randi,
2324 4113 2436 4167 nisi
2469 4116 2625 4166 certa
2646 4109 2947 4182 persuasio
2987 4110 3057 4165 de
3090 4108 3457 4180 possessione
3487 4098 3747 4179 corporis

2097 4202 2359 4272 ejusdem
2411 4200 2566 4255 divi?
2612 4199 2766 4255 Nihil
2814 4199 3011 4269 itaque
3040 4202 3222 4270 agunt
3272 4197 3371 4269 qui
3420 4196 3595 4253 unius
3638 4198 3744 4253 Ar-

2098 4291 2298 4363 nolphi
2333 4292 2401 4346 de
2433 4291 2491 4345 S.
2542 4288 2800 4361 Dionysii
2850 4285 3115 4358 reliquis,
3145 4304 3175 4342 e
3205 4284 3389 4342 Gallia
3416 4286 3489 4342 ad
3518 4300 3747 4343 monas-

2094 4380 2309 4435 terium
2332 4381 2434 4435 Em
2445 4373 3507 4441 merammensetranslatis,silentium
3519 4374 3745 4431 Emme-

2096 4468 2532 4524 rammensibus
2562 4471 2884 4539 opponunt,
2919 4481 3051 4521 cum
3084 4463 3181 4519 alii
3211 4463 3465 4519 Arnoldo
3496 4479 3598 4519 seu
3634 4471 3740 4517 Ar—

331 4550 445 4606 dici
474 4549 632 4605 haud
668 4566 837 4621 posse
868 4555 1093 4606 constat
1138 4567 1205 4605 ex
1232 4552 1568 4606 recensione
1596 4556 1984 4611 monasterio-
2016 4551 2062 4615 D
2095 4557 2311 4628 nolpho
2345 4556 2513 4613 coaevi
2536 4561 2710 4612 testes
2742 4572 2857 4610 non
2881 4554 3075 4609 desint
3096 4552 3195 4624 qui
3222 4556 3481 4607 veterum
3504 4550 3742 4610 illorum

331 4654 461 4695 rum
497 4638 785 4706 omnium,
816 4640 886 4694 ad
920 4656 1045 4710 qua:
1090 4656 1152 4695 se
1183 4639 1418 4707 adiisse,
1472 4647 1570 4695 aut
1599 4658 1731 4697 cum
1765 4643 1981 4714 quibus

328 4726 441 4783 sibi
478 4726 802 4783 amicitiam
836 4728 1194 4801 singularem
1248 4729 1651 4786 intercessisse
1701 4731 1758 4786 in
1808 4733 1981 4790 citato

328 4814 476 4872 libro
508 4818 777 4885 testatur,
812 4817 870 4871 in
904 4834 1152 4889 quorum
1186 4818 1344 4874 nullo
1378 4820 1702 4892 praecipuus
1740 4825 1795 4875 S.
1848 4822 1981 4879 Dio-

329 4903 493 4977 nysio
525 4904 720 4962 cultus
749 4905 1077 4975 exhibetur,
1106 4908 1315 4965 saltem
1346 4910 1501 4980 quod
1549 4927 1655 4967 nos
1702 4911 1981 4969 sciamus.

2090 4645 2462 4702 traditionem
2515 4646 2906 4701 corroborant.
2958 4644 3067 4698 Sed
3101 4642 3173 4697 ad
3215 4641 3367 4697 hanc
3406 4639 3741 4699 universam

2092 4751 2213 4790 rem
2248 4738 2515 4791 accurate
2544 4733 3011 4807 pertractandam
3060 4747 3175 4787 non
3210 4728 3553 4787 tumultaria
3580 4745 3740 4801 qum.-

2094 4824 2230 4879 dam
2260 4823 2605 4891 observatio,
2657 4823 2754 4880 sed
2799 4824 2891 4879 vix
2935 4822 3230 4893 integrum
3278 4818 3550 4875 volumen
3598 4816 3743 4875 satis

2094 4912 2290 4969 fuerit.
