4114 6184
493 372 571 443 '31
1507 374 1848 442 0THLONI
1893 374 2245 457 MONAGHI
2292 372 2356 435 S.
2406 366 2899 434 EMMERAMMI
3830 364 3905 443 ‘32

500 513 643 591 quid
674 514 903 571 videtur
930 513 1197 588 ineptum
1253 522 1308 573 et
1346 514 1765 573 ingrdinatum.
1818 516 1961 572 Cum
2011 531 2145 588 ergo
2263 507 2500 564 brorum
2535 503 2798 560 omnium
2832 501 3285 591 constringererr
3319 498 3655 557 debilitate:
3708 496 3905 573 sicque

502 604 648 677 sciat
677 608 733 660 et
764 605 947 677 possit
976 605 1378 677 omnia,quare
1400 623 1515 661 non
1537 607 1775 675 adjuvat
1795 610 1849 661 te
1881 606 1937 660 in
1968 606 2149 661 tribu-

497 693 715 765 latione
737 698 859 756 tua,
893 694 993 767 qui
1025 712 1126 766 pro
1159 696 1284 766 ejus
1314 712 1509 752 amore
1548 696 1835 769 reliquisti
1872 701 1927 751 et
1984 694 2147 768 prius

503 782 781 841 saeculum
814 788 869 838 et
898 784 1016 853 iam
1047 783 1144 838 diu
1170 783 1634 841 inaestimabilem
1658 785 1914 841 sustines
1935 784 2151 840 crucia-

504 876 631 927 tum
666 871 676 925 !
708 871 840 934 Quae
872 889 1010 944 rogo
1042 872 1155 927 ista
1184 874 1295 928 erit
1325 874 1469 929 ratio
1502 875 2042 945 districtionis,quaz
2075 875 2147 929 ad

504 977 567 1017 se
587 960 810 1032 jugiter
838 960 1159 1017 clamantes
1182 964 1458 1017 omnibus
1484 965 1707 1019 cruciat
1738 964 1926 1019 modis
1957 966 1983 1017 ?
2040 964 2148 1017 Fac

502 1050 661 1127 quod
691 1050 952 1106 facturus
981 1051 1097 1108 eris
1124 1070 1136 1115 ;
1172 1052 1394 1123 depone
1416 1069 1807 1123 supervacuas
1838 1069 2037 1125 preces
2094 1056 2151 1105 et

502 1136 719 1204 luctus,
744 1139 879 1209 quia
907 1139 1004 1197 ille
1035 1140 1093 1194 in
1125 1141 1232 1196 hac
1261 1141 1586 1206 severitate,
1619 1142 1677 1196 in
1711 1160 1827 1212 qua
1865 1142 2149 1197 hactenus

503 1232 646 1295 erat,
670 1229 877 1283 amodo
910 1230 1084 1284 etiam
1102 1236 1453 1303 perseverat.
1486 1232 1630 1285 Nam
1664 1231 1842 1288 nimis
1901 1229 2149 1285 stultum

501 1321 592 1391 est
620 1333 689 1372 ea
710 1318 983 1388 precibus
1003 1323 1437 1391 attentare,quee
1470 1325 1524 1375 te
1541 1321 1691 1375 scias
1717 1338 1828 1375 non
1854 1335 2023 1391 posse
2042 1320 2150 1373 im-

501 1410 751 1477 petrare.
785 1408 1200 1465 Verumtamen
1234 1409 1350 1463 noli
1384 1408 1607 1478 timere,
1643 1411 1781 1480 quia
1824 1425 2150 1481 numquam

498 1494 680 1551 unius
715 1497 966 1566 potentis
997 1497 1286 1568 injustitia
1306 1514 1508 1553 omnes
1550 1498 1834 1569 permittit
1890 1498 2148 1569 perdere.

504 1584 803 1647 Quomodo
826 1584 981 1638 enim
1007 1590 1204 1655 posset
1233 1585 1354 1639 ﬁeri
1381 1590 1445 1639 ut
1473 1586 1648 1641 homo
1672 1588 1941 1658 quisdam
1974 1603 2156 1641 mere-

503 1675 664 1725 retur
693 1688 925 1743 semper
954 1672 1135 1743 afﬂigi
1166 1674 1193 1728 ‘?
1224 1673 1311 1728 vel
1343 1674 1441 1745 qui
1467 1675 1801 1729 mortalium
1840 1675 1961 1729 sine
2021 1692 2152 1745 pec-

503 1763 629 1814 cato
653 1760 804 1816 valet
834 1778 962 1817 esse
995 1763 1066 1817 ab
1099 1763 1264 1817 initio
1298 1780 1483 1834 usque
1509 1764 1579 1818 ad
1616 1764 1790 1819 tinem
1838 1763 1965 1818 vitae
1996 1763 2023 1817 ?
2054 1769 2154 1818 aut

2255 598 2325 655 ad
2359 594 2664 652 ecclesiam
2698 592 2953 649 mutanti
2985 596 3040 651 et
3071 590 3418 649 difficillimo
3451 607 3659 665 gressu
3709 607 3904 666 perve-

2258 686 2467 741 nirem.

2331 812 2682 869 Proferenda
2737 815 2827 867 est
2874 810 3065 866 adhuc
3116 810 3358 865 tentatio
3408 814 3465 864 et
3514 807 3739 865 delusio
3790 825 3908 883 una

2259 918 2438 973 quam
2470 904 2631 955 tanto
2664 900 2961 975 difficilius
2991 899 3261 955 intimare
3283 902 3678 970 queo,quanto
3710 897 3907 956 minus

2260 1008 2520 1063 unquam
2555 989 2773 1062 aliquid
2800 989 3140 1062 hujusmodi
3170 988 3433 1059 legebam
3461 991 3562 1042 aut
3598 986 3907 1043 audiebam

2259 1081 2330 1137 ab
2355 1079 2821 1150 ullo.Postquam
2850 1078 3003 1133 enim
3039 1096 3104 1133 su
3117 1076 3451 1150 prascriptis
3473 1082 3529 1134 et
3546 1075 3675 1137 aliis
3708 1074 3909 1149 multis

2260 1167 2682 1224 tentationibus
2716 1168 2986 1239 (quarum
3012 1169 3297 1238 quasdam
3328 1166 3548 1223 nimine
3578 1166 3637 1221 in
3687 1182 3910 1225 meme:-

2260 1257 2346 1311 ria
2375 1257 2582 1323 habeo,
2616 1257 2901 1327 quasdam
2935 1273 3088 1321 vero,
3116 1272 3186 1311 ne
3212 1255 3540 1326 legentibus
3571 1255 3682 1310 sim
3715 1253 3907 1321 ttedio,

2260 1344 2352 1399 hic
2386 1345 2641 1417 proferre
2671 1344 2850 1415 nolo,)
2884 1361 3013 1399 sum
3048 1344 3361 1416 impulsus,
3392 1345 3491 1399 sed
3525 1359 3625 1415 per
3645 1343 3743 1415 Dei
3776 1359 3909 1414 gra-

2260 1434 2403 1489 tiam
2438 1452 2470 1488 a
2524 1434 2637 1489 fide
2694 1441 2749 1488 et
2806 1450 2909 1505 spe
2967 1433 3220 1489 caelestis
3277 1432 3475 1488 auxilii
3538 1447 3911 1507 nequaquam

2260 1522 2667 1587 evulsus,tunc
2687 1523 3128 1594 impugnatione
3154 1522 3255 1577 tali
3284 1522 3506 1577 diutius
3525 1520 3785 1591 torqueri
3817 1536 3911 1585 me

2261 1611 2606 1675 sentiebam,
2633 1628 2733 1682 per
2764 1628 2939 1682 quam
2974 1612 3119 1666 etde
3137 1612 3447 1683 Scriptura:
3469 1627 3645 1666 sacrae
3669 1608 3914 1667 scientia

2262 1704 2319 1755 et
2348 1701 2533 1771 ipsius
2552 1700 2644 1755 Dei
2669 1701 2922 1755 essentia
2947 1717 3185 1772 prorsus
3204 1701 3473 1755 dubitare
3496 1697 3909 1770 compellebar,

2262 1794 2325 1845 In
2360 1789 2605 1845 aliarum
2638 1791 2874 1862 quidem
2894 1789 3282 1845 tentationum
3314 1787 3652 1844 discrimine
3686 1788 3910 1859 aliquid

502 1848 726 1945 pfmmli
758 1848 1595 1992 i9“°°§““??t99’?ef‘5€999§?
1614 1847 1870 1930 Ηδὲθδίίῖξ
1894 1844 2154 1956 iege???
2186 1883 2231 1947 Β
2263 1878 2543 1950 refrigerii
2577 1844 2966 1947 intervallum,
3003 1877 3221 1950 aliquid
3253 1878 3373 1949 spei
3400 1844 3801 1948 praestabatur‘
3826 1893 3915 1932 re-

506 1940 660 1990 SICUt
687 1922 1124 2003 Christus-3.032s
1155 1954 1183 2001 ε
1217 1924 1726 2003 Ἁὰδωιηηωοσςπ.
1746 1940 1988 1999 σοιιῦἂκςι
2026 1944 2152 2003 [κε-
2262 1968 2484 2003 cum...“
2518 1987 2529 1998 .
2564 1968 2619 2003 ςη
2648 1968 2777 2003 nam,
2810 1985 2941 2003 \mnn
2987 1984 3090 2003 nan
3133 1969 3307 2003 ιηηηοα
3354 1966 3660 2003 ηηηιςηιιοα
3716 1966 3911 2003 ηΜηία

506 1936 660 1990 sicut
687 1937 763 1991 Ch
774 1922 1373 2006 τὶεῐυὲοᾶοἰτὲῖἔὶνὲἱδίὲ
1392 1922 1726 2011 causa}.
1746 1922 1991 1999 causa
2025 1922 2152 2012 hie-

508 2026 632 2079 ritis
662 2029 711 2081 et
739 2028 1063 2095 etﬁcz’amini
1088 2030 1225 2083 sicut
1251 2030 1491 2099 parvuli,
1515 2047 1624 2085 non
1651 2030 1939 2085 intrabitis
1970 2033 2028 2085 in
2074 2048 2156 2085 re-

508 2132 577 2206 gn
588 2132 677 2206 uni
701 2117 1495 2206 Δι’ᾳειθῖιμξο..Ιξῖυῃςξξιγσςιῖζψο
1528 2116 1735 2203 fe.

504 2186 769 2275 Ezechiel
776 2186 1493 2281 pidpﬁeia-hdidmiiiitar
1523 2186 1723 2265 diienb

501 2295 826 2373 peccaverit,
861 2295 981 2364 ipsa
1012 2297 1391 2352 morietur?8i
1422 2296 1577 2352 enim
1602 2297 1795 2352 omnis
1827 2298 1923 2368 qui
1959 2301 2155 2369 peccat

509 2380 811 2448 morietur,
844 2383 1096 2454 profecto
1130 2384 1328 2440 nullus
1357 2385 1532 2440 homo
1578 2385 1773 2441 salvus
1831 2386 1956 2451 erit,
2017 2386 2157 2456 quia

509 2485 678 2537 nemo
709 2470 929 2543 absque
961 2477 1194 2543 peccato
1226 2473 1472 2528 inveniri
1504 2475 1921 2545 potest.Nonne
1953 2474 2155 2529 simili-

507 2561 596 2615 ter
624 2562 681 2612 et
711 2557 870 2629 illam
898 2559 1223 2615 mirabilem
1256 2562 1810 2632 sententiam,quam
1833 2562 2005 2634 paulo
2025 2566 2157 2633 post

505 2644 658 2719 idem
684 2648 968 2720 propheta
989 2649 1257 2714 dicit,tua
1288 2667 1455 2706 mens
1488 2652 1780 2706 attendit?
1806 2652 1902 2705 Ait
1931 2652 2157 2722 ergo:Si

504 2738 847 2811 averteritse
869 2738 1049 2807 iustus
1070 2741 1349 2810 a—justitia
1379 2757 1480 2794 sua
1536 2749 1585 2795 et
1642 2743 1827 2811 fecerit
1886 2743 2154 2811 iniquita-

498 2828 630 2899 tem,
664 2841 847 2897 omnes
859 2828 1100 2899 justitiae
1118 2829 1238 2898 ejus
1266 2837 1432 2884 erunt
1460 2830 1520 2883 in
1549 2830 2048 2885 oblivionemliiiic
2069 2834 2157 2884 est

500 2915 660 2986 (quod
695 2914 790 2969 ille
820 2915 1003 2972 Judas
1038 2917 1297 2989 proditor
1327 2918 1575 2987 Domini,
1616 2935 1747 2972 cum
1808 2918 1915 2973 hoc
1969 2935 2153 2973 unum

505 3003 840 3079 traditionis
862 3004 1079 3060 crimen
1104 3005 1599 3078 admisisset,post
1621 3006 2156 3077 multimodajusti-

504 3093 597 3148 tite
624 3110 803 3164 opera
836 3095 1150 3153 damnatus
1180 3099 1288 3150 est.
1322 3096 1569 3151 Attende
1598 3096 1789 3153 adhuc
1819 3100 1875 3150 et
1905 3095 2020 3149 alia
2039 3095 2154 3150 duo

508 3181 765 3237 maxima
796 3183 975 3253 hujus
997 3183 1238 3238 rationis
1265 3183 1548 3255 exempla,
1575 3184 1628 3238 in
1669 3184 1882 3253 quibus
1922 3183 2154 3255 probari

496 3274 563 3341 et
592 3267 819 3325 definiri
851 3273 1039 3341 potest
1068 3270 1259 3325 omnis
1300 3254 1497 3324 nostra
1547 3271 1857 3325 sententia.
1924 3254 2155 3343 Legitur
2186 3254 2229 3319 Ο

500 3357 663 3431 enim
696 3356 753 3410 in
784 3357 962 3411 Exodi
994 3357 1163 3427 libro,
1192 3359 1331 3430 quia
1362 3359 1569 3414 dixerit
1597 3360 1881 3414 Dominus
1905 3360 1974 3413 ad
2002 3360 2154 3431 Moy-

508 3460 611 3519 sen
647 3462 658 3500 :
692 3442 980 3501 Misercbor
1006 3449 1097 3502 cui
1126 3448 1369 3512 votuero,
1398 3452 1450 3503 et
1472 3449 1705 3503 clemens
1734 3465 1825 3502 cro
1883 3450 1939 3502 in
1999 3464 2155 3519 quem

507 3533 649 3607 mihi
666 3536 938 3604 placuerit
955 3552 1149 3595 ;rursu
1163 3551 1333 3607 mque
1355 3536 1411 3590 in
1434 3536 1740 3607 Evangelio
1764 3536 2045 3607 scriptum
2069 3540 2158 3591 est

510 3622 648 3693 quia
676 3622 874 3679 volens
899 3624 1139 3697 quidam
1166 3623 1492 3694 discipulus
1517 3626 1644 3694 ejus
1675 3625 1901 3687 fieri,ac
1933 3626 2152 3679 dicens:

511 3708 721 3781 Sequar
751 3719 799 3765 te
828 3727 1143 3782 quocunque
1174 3712 1599 3783 ieris,repulsus
1620 3717 1709 3768 est
1739 3714 1809 3768 ab
1832 3714 2032 3769 eodem
2054 3715 2159 3768 Do-

511 3798 670 3854 mino
702 3798 961 3854 dicente:
997 3800 1184 3872 Vulpes
1212 3800 1406 3873 foveas
1435 3802 1721 3865 habent,et
1752 3811 1992 3857 volucres
2038 3803 2161 3857 arti

511 3887 689 3957 nidos,
718 3889 893 3942 Filius
924 3895 1111 3944 autem
1158 3890 1394 3944 hominis
1458 3907 1569 3945 non
1631 3891 1789 3945 habet
1838 3892 1936 3945 ubi
1987 3902 2160 3963 caput

512 3993 674 4051 suum
706 3979 950 4032 reclinet.
984 3978 1027 4033 Ο
1059 3978 1375 4035 indiscreta
1406 3980 1682 4035 severitas
1714 3980 1724 4033 Σ
1764 3997 1795 4034 o
1828 3980 2159 4035 miseranda

514 4066 758 4143 aequitas
785 4066 932 4139 lquaa
950 4069 1358 4125 tantummodo
1380 4069 1697 4126 voluntatis
1722 4087 1836 4143 suae
1852 4069 2157 4123 arbitrium

514 4142 855 4226 Sequitur,el
884 4157 951 4211 ad
973 4173 1035 4212 se
1050 4158 1449 4231 confugientes
1471 4142 2155 4229 susciperc'dedignatur.

516 4243 902 4303 Intolerabilis
932 4250 1088 4300 certe
1115 4245 1248 4301 talis
1274 4252 1361 4302 est
1391 4245 1701 4318 disciplina
1736 4245 1994 4317 nullique
2040 4264 2158 4302 me-

512 4333 622 4407 rito
654 4334 953 4406 placitura.
989 4335 1335 4409 Hujusmodi
1383 4351 1613 4405 quoque
1671 4335 2002 4391 delusiones
2060 4336 2155 4390 diu

513 4423 1002 4495 perturbaverunt
1030 4424 1414 4499 cogitationes
1438 4440 1616 4489 meas,
1641 4424 1698 4479 in
1744 4425 1959 4496 quibus
2018 4426 2159 4485 satis

513 4512 743 4583 probari
775 4512 923 4567 valet
955 4512 1189 4583 quantis
1236 4511 1509 4582 periculis
1570 4529 1736 4568 mens
1788 4530 1917 4568 mea
1956 4515 2159 4583 subju—

513 4604 683 4656 ceret.

585 4724 667 4779 Ad
685 4724 918 4780 easdem
943 4723 1274 4782 delusiones
1294 4724 1523 4781 videtur
1550 4724 1836 4796 pertinere
1858 4726 2008 4796 quod
2030 4726 2164 4782 sub-

514 4816 827 4880 sequenter
854 4813 981 4869 volo
1012 4814 1242 4869 referre.
1277 4814 1438 4886 Saepe
1495 4830 1749 4883 namque
1804 4814 2044 4885 contigit
2099 4819 2162 4870 ut

515 4900 656 4970 quia
688 4900 995 4956 matutinis
1025 4902 1184 4957 horis
1214 4903 1284 4957 ad
1318 4903 1554 4975 signum
1588 4902 1867 4973 primum,
1901 4902 2050 4958 sicut
2071 4920 2156 4957 re-

511 4987 651 5059 gula
681 4990 1084 5057 sanctadocet,
1117 4989 1271 5045 volui
1320 5007 1648 5063 exsurgere,
1697 4991 2159 5063 pbantasmatico

513 5075 709 5146 aliquo
727 5077 892 5147 signo
925 5076 1093 5148 longe
1122 5082 1254 5131 ante
1286 5083 1518 5151 tempus
1550 5080 1827 5152 surgendi
1858 5080 2158 5144 excitatus,

515 5164 585 5221 ad
619 5164 940 5220 oratorium
972 5165 1228 5221 venirem
1261 5166 1527 5224 festinus.
1562 5168 1679 5224 Hoc
1727 5167 1901 5223 etiam
1956 5168 2160 5222 tandiu

514 5251 733 5313 credidi
765 5269 911 5324 opus
941 5268 1069 5309 esse
1091 5252 1374 5321 divinum,
1408 5272 1714 5328 quousque
1739 5273 1807 5311 ex
1835 5255 2161 5328 tempestivi

512 5341 743 5410 soporis
802 5342 1217 5412 impedimento
1275 5348 1537 5405 coactum
1582 5363 1674 5401 me
1730 5344 2006 5402 sentirem
2086 5346 2157 5405 ad

513 5428 1011 5500 intempestivum.
1049 5430 1313 5489 Patiebar
1342 5436 1398 5487 et
1428 5433 1534 5489 hoc
1570 5450 1670 5505 per
1700 5432 1925 5504 aliquot
1972 5450 2160 5490 annos

517 5519 575 5575 in
610 5519 909 5574 nocturnis
943 5518 1121 5589 horis,
1173 5524 1234 5575 ut
1283 5520 1418 5575 licet
1488 5522 1806 5577 admodum
1865 5539 2047 5579 sanus
2098 5523 2159 5577 in

515 5604 725 5661 lectulo
752 5606 1479 5678 dormiensjacerem,cum
1512 5610 1580 5662 ad
1608 5609 1927 5666 matutinas
1959 5610 2160 5665 laudes

510 5709 749 5773 surgere
777 5695 1071 5766 deberem,
1122 5696 1291 5769 quasi
1351 5697 1627 5769 compede
1657 5700 1916 5770 quodam
1969 5716 2154 5757 mem-

2262 1968 2529 2038 fugium:
2564 1968 2622 2021 in
2648 1968 2779 2023 istis
2810 1985 2941 2022 vero
2987 1984 3090 2038 per
3133 1969 3307 2022 horas
3354 1966 3662 2022 continuas
3716 1966 3912 2021 omnis

2264 2058 2377 2112 fere
2412 2057 2600 2112 solatii
2642 2057 2911 2127 privabar
2941 2056 3288 2127 cognitione.
3327 2056 3386 2110 In
3422 2054 3551 2110 aliis
3582 2071 3683 2126 per
3733 2071 3912 2110 sacra

2258 2147 2613 2215 documenta
2633 2146 2945 2217 Scripturae
2978 2144 3349 2218 aliquatenus
3363 2145 3915 2207 roboratus,contra

2262 2235 2425 2290 illata
2448 2237 2652 2290 mortis
2676 2235 2874 2306 jacula
2908 2235 3037 2290 ﬁdei
3062 2234 3303 2307 speique
3334 2234 3516 2289 armis
3574 2232 3858 2289 decertavi
3895 2258 3911 2300 ;

2258 2323 2321 2379 in
2356 2324 2470 2379 ista
2499 2328 2693 2380 autem
2718 2324 2878 2379 omni
2898 2324 3264 2380 dubitatione
3294 2327 3351 2378 et
3389 2322 3604 2378 mentis
3661 2322 3915 2385 caecitate

2258 2412 2768 2483 circumseptus,si
2797 2418 2897 2469 aut
2925 2412 3040 2467 ulla
3062 2413 3120 2468 in
3147 2411 3463 2484 Scripturis
3492 2411 3675 2469 sacris
3700 2411 3915 2472 veritas

2258 2500 2342 2565 sit
2361 2519 2429 2557 ac
2462 2504 2774 2573 profectus,
2809 2506 2909 2556 aut
2945 2502 2990 2556 si
3054 2506 3205 2557 Deus
3262 2501 3632 2572 omnipotens
3689 2503 3915 2555 constet

2265 2607 2504 2661 prorsus
2536 2590 2811 2645 dubitavi.
2847 2592 2906 2645 In
2939 2589 3359 2660 aliis,inquam,
3380 2588 3695 2645 tolerabilis
3717 2588 3911 2660 aliquo

2266 2680 2438 2735 modo
2469 2684 2524 2734 et
2557 2684 2879 2750 temperata
2900 2679 3011 2733 fuit
3040 2678 3502 2751 impugnationis
3525 2677 3915 2753 causa;inista

2265 2770 2458 2823 autem
2484 2765 2617 2821 talis
2630 2766 2974 2837 erumpebat
2992 2765 3266 2821 violentia
3298 2772 3360 2821 ut
3382 2783 3495 2820 non
3527 2766 3719 2822 solum
3741 2764 3915 2839 spiri-

2256 2854 2476 2919 tuales,
2512 2856 2611 2911 sed
2644 2856 2824 2911 etiam
2856 2854 3185 2927 corporales
3208 2855 3318 2909 mei
3355 2872 3565 2911 sensus
3594 2855 3790 2929 vigore
3818 2872 3913 2919 so,-

2262 2943 2364 3000 lito
2397 2944 3203 3000 destituerentur.Videhatur
3233 2944 3389 2999 enim
3424 2943 3566 2998 mihi
3595 2944 3913 3011 interdum,

2268 3034 2510 3105 utquasi
2543 3036 2807 3090 obvelato
2838 3034 2965 3089 visu
2998 3038 3053 3089 et
3074 3034 3275 3090 auditu
3309 3032 3390 3088 nil
3415 3036 3584 3103 juxta
3613 3033 3762 3091 vires
3821 3049 3914 3095 eo-

2262 3122 2396 3178 litas
2425 3122 2617 3179 videre
2648 3129 2749 3178 aut
2780 3124 2983 3178 audire
3007 3139 3261 3195 possem.
3299 3122 3540 3178 Interim
3586 3138 3691 3195 ego
3745 3124 3916 3193 quasi

2266 3212 2573 3283 cujusdam
2600 3228 2829 3267 mecum
2854 3211 3239 3283 colloquentis
3261 3217 3429 3269 etore
3451 3212 3624 3271 etiam
3648 3212 3914 3285 apposito

2264 3301 2438 3356 verba
2456 3301 2601 3355 meis
2625 3302 2867 3355 auribus
2890 3300 3633 3357 susurrandoimmittentis
3646 3300 3914 3357 audirem

2264 3389 2628 3459 dicentisque
2661 3405 2673 3443 ε
2707 3390 2821 3444 Cur
2851 3389 3047 3443 labore
3076 3407 3243 3445 casso
3273 3390 3477 3444 tandiu
3510 3388 3913 3459 fatigaris?ubi

2263 3481 2353 3533 est
2370 3477 2468 3531 illa
2482 3492 2616 3547 spes
2638 3480 2739 3531 tua
2760 3493 2937 3548 quam
2962 3494 3148 3548 usque
3164 3477 3335 3532 modo
3367 3476 3658 3532 retinebas
3688 3476 3745 3531 in
3760 3476 3913 3539 Scri-

2268 3565 2488 3638 ptura?
2519 3567 2741 3631 Nonne,
2775 3566 3037 3621 omnium
3071 3565 3411 3621 mortalium
3442 3566 3910 3630 stultissime,car

2266 3654 2430 3711 sibus
2465 3654 2715 3725 propriis
2744 3655 2961 3726 poteris
2995 3654 3259 3725 probare,
3296 3653 3433 3725 quia
3478 3659 3533 3709 et
3590 3652 3925 3725 Scriptura-

2272 3760 2400 3799 rum
2433 3744 2790 3811 testificatio;
2823 3748 2879 3799 et
2910 3743 3087 3800 totius
3119 3748 3395 3801 creaturae
3426 3742 3766 3817 imaginatio
3788 3743 3928 3801 abs-

2269 3847 2382 3903 que
2412 3831 2635 3888 ratione
2666 3837 2895 3887 constat
2920 3838 2977 3889 et
2996 3833 3121 3888 sine
3151 3831 3413 3887 rectore?
3454 3830 3720 3901 nunquid
3753 3846 3931 3901 expe-

2270 3922 2517 3977 rimento
2552 3938 2664 3975 non
2698 3922 3003 3993 cognoscis
3030 3922 3169 3992 quia
3198 3919 3356 3976 aliud
3394 3919 3679 3975 librorum
3720 3918 3931 3989 relatio

2268 4009 2597 4065 divinorum
2629 4016 2685 4065 et
2715 4010 2871 4065 aliud
2902 4012 3021 4066 vita
3068 4026 3377 4081 moresque
3432 4010 3752 4081 probantur
3796 4025 3931 4079 esse

2269 4098 2575 4154 hominum
2606 4100 2632 4153 ?
2659 4104 2910 4154 Putasne
2941 4104 3025 4153 tot
3056 4100 3219 4154 milia
3240 4099 3545 4154 hominum
3577 4098 3923 4177 errare,qui,

2270 4188 2479 4259 utipse
2509 4205 2740 4259 quoque
2772 4188 3049 4243 hactenus
3099 4189 3400 4253 cernebas,
3462 4204 3565 4261 nec
3615 4186 3925 4249 observare

2269 4292 2371 4334 seu
2408 4293 2511 4331 nec
2532 4278 2826 4347 suscipere
2849 4282 3056 4331 curant
3076 4276 3426 4332 documenta
3446 4276 3729 4333 librorum
3742 4274 3924 4330 ?Cum

2270 4382 2384 4437 que
2415 4382 2592 4435 super
2622 4365 2713 4420 his
2736 4371 2981 4420 mmstus
3014 4365 3071 4419 in
3104 4365 3275 4419 corde
3305 4369 3617 4421 tractarem
3685 4362 3929 4437 saepius,

2270 4455 2434 4525 quasi
2468 4454 2877 4525 interrogando
2893 4457 2949 4508 et
2966 4451 3383 4523 objiciendo:Si
3402 4453 3485 4509 ita
3506 4451 3923 4522 est,inquiens,

2269 4558 2374 4597 cur
2403 4547 2566 4597 tanta
2596 4542 2998 4597 convenientia
3027 4547 3115 4596 est
3142 4540 3199 4594 in
3222 4540 3497 4597 omnibus
3520 4541 3635 4596 fere
3666 4537 3927 4621 Scriptu-

2189 4616 2236 4680 D
2269 4631 2349 4686 ris
2380 4629 2999 4702 divinitusinspiratis,
3034 4634 3100 4683 ut
3130 4629 3356 4686 ratione
3386 4629 3508 4700 pari
3540 4632 3600 4687 et
3622 4627 3691 4683 de
3720 4616 3923 4701 condi-

2274 4724 2397 4774 tore
2419 4720 2533 4774 Deo
2556 4724 2613 4774 et
2642 4720 2710 4774 de
2728 4719 3138 4774 mandatorum
3161 4718 3347 4790 ipsius
3370 4716 3737 4789 observantia
3756 4732 3930 4791 enar-

2272 4809 2448 4864 rent?
2478 4808 2680 4863 Visum
2740 4814 2797 4863 et
2853 4807 3194 4879 hujusmodi
3252 4807 3426 4861 verba
3480 4806 3692 4875 iterum
3744 4804 3929 4879 quasi

2274 4898 2677 4969 respondendo
2710 4897 2855 4951 mihi
2888 4894 3181 4966 inspirari:
3208 4895 3340 4950 Ideo
3373 4893 3603 4971 utique,
3626 4911 3658 4950 ο
3714 4893 3924 4959 insen-

2274 4990 2419 5055 sate,
2451 4986 2749 5059 Scriptura
2771 4986 2828 5041 in
2862 5002 2979 5056 qua
3000 4983 3244 5040 conﬁdis
3275 4984 3345 5041 de
3372 4983 3472 5039 Dei
3504 4997 3755 5055 persona
3775 4985 3832 5057 ᾳ
3853 4982 3930 5041 de

2272 5074 2551 5146 religione
2564 5073 2873 5146 multiplici
2896 5072 3071 5129 verba
3094 5071 3311 5143 profert
3341 5070 3632 5144 quomodo
3654 5068 3929 5143 homines

2273 5162 2357 5219 illi
2384 5164 2482 5234 qui
2505 5164 2815 5236 Scriptura:
2841 5162 3105 5232 ejusdem
3121 5164 3389 5221 auctores
3403 5159 3544 5235 olim
3556 5158 3929 5237 exstiterunt,

2272 5252 2471 5307 eodem
2496 5252 2796 5322 modoquo
2826 5250 3002 5306 etiam
3035 5248 3094 5303 in
3113 5252 3375 5321 tempore
3404 5246 3676 5320 presenti
3694 5246 3926 5319 vivunt,

2271 5340 2382 5412 ipsi
2417 5344 2555 5397 tunc
2586 5339 3295 5415 vixerunt.Modusautem
3317 5338 3543 5394 vivendi
3570 5337 3630 5392 in
3662 5340 3932 5421 tempore

2270 5429 2561 5503 presenti,
2596 5429 2749 5485 sicut
2778 5432 2839 5485 tu
2871 5444 3106 5503 quoque
3136 5428 3275 5495 scis,
3307 5430 3533 5485 constat
3562 5425 3789 5509 talis,,ut
3819 5424 3932 5495 ho-

2271 5522 2432 5575 neste
2464 5519 2697 5591 quidem
2733 5527 2787 5577 et
2814 5518 3082 5593 religiose
3104 5517 3248 5575 satis
3279 5516 3548 5589 homines
3578 5515 3926 5589 loquantur,

2270 5608 2437 5663 aliter
2467 5624 2599 5663 vero
2630 5608 2801 5681 longe
2828 5608 2947 5663 sint
3001 5611 3168 5661 actus
3215 5620 3439 5675 eorum,
3489 5604 3642 5665 sicut
3695 5602 3933 5681 scilicet

2260 5698 2501 5771 expedit
2529 5702 2587 5755 et
2604 5696 2893 5773 fragilitas
2922 5696 3185 5763 humana
3214 5693 3524 5771 permittit.
3546 5693 3752 5771 Nonne
3782 5707 3929 5777 ergo
