  <div class='ocr_page' id='page_1' title='image "/cluster/home/n/w/nwhite01/storage/ocr_20150623/146/hvd.32044054760053/022.png"; bbox 0 0 4118 6188; ppageno 0'>
   <div class='ocr_carea' id='block_1_1' title="bbox 218 359 3644 438">
    <p class='ocr_par' dir='ltr' id='par_1_1' title="bbox 218 359 3644 438">
     <span class='ocr_line' id='line_1_1' title="bbox 218 359 3644 438; baseline 0.003 -10"><span class='ocrx_word' id='word_1_1' title='bbox 218 359 302 428; x_wconf 72' lang='lat'><strong>33</strong></span> <span class='ocrx_word' id='word_1_2' title='bbox 851 363 993 427; x_wconf 82' lang='lat' dir='ltr'>LIB.</span> <span class='ocrx_word' id='word_1_3' title='bbox 1043 367 1145 427; x_wconf 86' lang='lat' dir='ltr'>DE</span> <span class='ocrx_word' id='word_1_4' title='bbox 1186 367 1818 430; x_wconf 81' lang='lat' dir='ltr'>TENTATlONIBUS</span> <span class='ocrx_word' id='word_1_5' title='bbox 1861 367 2032 428; x_wconf 91' lang='lat' dir='ltr'>SUIS</span> <span class='ocrx_word' id='word_1_6' title='bbox 2077 363 2178 429; x_wconf 82' lang='lat' dir='ltr'>ET</span> <span class='ocrx_word' id='word_1_7' title='bbox 2223 367 2595 430; x_wconf 77' lang='lat' dir='ltr'>SGRlPTIS.</span> <span class='ocrx_word' id='word_1_8' title='bbox 2625 401 2702 416; x_wconf 69' lang='grc' dir='ltr'><strong>-η</strong></span> <span class='ocrx_word' id='word_1_9' title='bbox 2736 368 2932 430; x_wconf 82' lang='lat' dir='ltr'>PARS</span> <span class='ocrx_word' id='word_1_10' title='bbox 2977 363 3026 427; x_wconf 89' lang='grc' dir='ltr'><strong>Ῑ.</strong></span> <span class='ocrx_word' id='word_1_11' title='bbox 3554 369 3644 438; x_wconf 61' lang='grc'>38-</span> 
     </span>
    </p>
   </div>
   <div class='ocr_carea' id='block_1_2' title="bbox 225 492 3634 583">
    <p class='ocr_par' dir='ltr' id='par_1_2' title="bbox 225 492 3634 583">
     <span class='ocr_line' id='line_1_2' title="bbox 225 492 3634 583; baseline 0.002 -27"><span class='ocrx_word' id='word_1_12' title='bbox 225 492 345 556; x_wconf 72' lang='lat' dir='ltr'>baec</span> <span class='ocrx_word' id='word_1_13' title='bbox 379 498 460 554; x_wconf 85' lang='lat' dir='ltr'>ita</span> <span class='ocrx_word' id='word_1_14' title='bbox 491 514 618 554; x_wconf 90' lang='lat' dir='ltr'>esse</span> <span class='ocrx_word' id='word_1_15' title='bbox 640 498 900 571; x_wconf 87' lang='lat' dir='ltr'>quotidie</span> <span class='ocrx_word' id='word_1_16' title='bbox 927 503 1089 572; x_wconf 89' lang='lat' dir='ltr'>potes</span> <span class='ocrx_word' id='word_1_17' title='bbox 1111 501 1354 572; x_wconf 89' lang='lat' dir='ltr'>probare</span> <span class='ocrx_word' id='word_1_18' title='bbox 1376 501 1404 555; x_wconf 85' lang='lat'><strong>?</strong></span> <span class='ocrx_word' id='word_1_19' title='bbox 1433 503 1598 556; x_wconf 86' lang='lat' dir='ltr'>Unde</span> <span class='ocrx_word' id='word_1_20' title='bbox 1629 504 1796 572; x_wconf 84' lang='lat' dir='ltr'>putes</span> <span class='ocrx_word' id='word_1_21' title='bbox 1819 504 1876 556; x_wconf 89' lang='lat' dir='ltr'>et</span> <span class='ocrx_word' id='word_1_22' title='bbox 1906 505 1958 570; x_wconf 73' lang='grc' dir='ltr'><strong>Α</strong></span> <span class='ocrx_word' id='word_1_23' title='bbox 1989 499 2152 556; x_wconf 84' lang='lat' dir='ltr'>testis</span> <span class='ocrx_word' id='word_1_24' title='bbox 2183 500 2458 571; x_wconf 89' lang='lat' dir='ltr'>adjutorii</span> <span class='ocrx_word' id='word_1_25' title='bbox 2487 501 2881 556; x_wconf 85' lang='lat' dir='ltr'>instrumenta</span> <span class='ocrx_word' id='word_1_26' title='bbox 2910 519 2977 557; x_wconf 89' lang='lat' dir='ltr'>ex</span> <span class='ocrx_word' id='word_1_27' title='bbox 3015 501 3268 583; x_wconf 76' lang='lat' dir='ltr'>lectione</span> <span class='ocrx_word' id='word_1_28' title='bbox 3299 505 3422 576; x_wconf 86' lang='lat' dir='ltr'>pari</span> <span class='ocrx_word' id='word_1_29' title='bbox 3455 522 3634 580; x_wconf 86' lang='lat' dir='ltr'>agno-</span> 
     </span>
    </p>
   </div>
   <div class='ocr_carea' id='block_1_3' title="bbox 226 589 1880 661">
    <p class='ocr_par' dir='ltr' id='par_1_3' title="bbox 226 589 1880 661">
     <span class='ocr_line' id='line_1_3' title="bbox 226 589 1880 661; baseline -0.001 -16"><span class='ocrx_word' id='word_1_30' title='bbox 226 592 496 645; x_wconf 79' lang='lat' dir='ltr'>auCtores</span> <span class='ocrx_word' id='word_1_31' title='bbox 515 590 940 660; x_wconf 80' lang='lat' dir='ltr'>scripturarum</span> <span class='ocrx_word' id='word_1_32' title='bbox 959 590 1330 660; x_wconf 90' lang='lat' dir='ltr'>antiquarum</span> <span class='ocrx_word' id='word_1_33' title='bbox 1357 589 1626 659; x_wconf 84' lang='lat' dir='ltr'>religiosa</span> <span class='ocrx_word' id='word_1_34' title='bbox 1643 589 1880 661; x_wconf 87' lang='lat' dir='ltr'>quidem</span> 
     </span>
    </p>
   </div>
   <div class='ocr_carea' id='block_1_4' title="bbox 223 676 1881 750">
    <p class='ocr_par' dir='ltr' id='par_1_4' title="bbox 223 676 1881 750">
     <span class='ocr_line' id='line_1_4' title="bbox 223 676 1881 750; baseline 0 -16"><span class='ocrx_word' id='word_1_35' title='bbox 223 678 594 750; x_wconf 87' lang='lat' dir='ltr'>bonestaque</span> <span class='ocrx_word' id='word_1_36' title='bbox 625 676 783 733; x_wconf 88' lang='lat' dir='ltr'>dicta</span> <span class='ocrx_word' id='word_1_37' title='bbox 813 677 1236 749; x_wconf 83' lang='lat' dir='ltr'>composuisse,</span> <span class='ocrx_word' id='word_1_38' title='bbox 1267 678 1366 734; x_wconf 87' lang='lat' dir='ltr'>sed</span> <span class='ocrx_word' id='word_1_39' title='bbox 1411 695 1526 734; x_wconf 92' lang='lat' dir='ltr'>non</span> <span class='ocrx_word' id='word_1_40' title='bbox 1558 679 1881 734; x_wconf 88' lang='lat' dir='ltr'>secundum</span> 
     </span>
    </p>
   </div>
   <div class='ocr_carea' id='block_1_5' title="bbox 221 765 1886 838">
    <p class='ocr_par' dir='ltr' id='par_1_5' title="bbox 221 765 1886 838">
     <span class='ocr_line' id='line_1_5' title="bbox 221 765 1886 838; baseline -0.001 -14"><span class='ocrx_word' id='word_1_41' title='bbox 221 768 568 824; x_wconf 84' lang='lat' dir='ltr'>eorumdem</span> <span class='ocrx_word' id='word_1_42' title='bbox 636 765 928 822; x_wconf 90' lang='lat' dir='ltr'>dictorum</span> <span class='ocrx_word' id='word_1_43' title='bbox 959 766 1300 837; x_wconf 83' lang='lat' dir='ltr'>qualitatem</span> <span class='ocrx_word' id='word_1_44' title='bbox 1328 767 1559 824; x_wconf 81' lang='lat' dir='ltr'>vixisse.</span> <span class='ocrx_word' id='word_1_45' title='bbox 1591 768 1774 838; x_wconf 82' lang='lat' dir='ltr'>Igitur</span> <span class='ocrx_word' id='word_1_46' title='bbox 1791 781 1886 823; x_wconf 54' lang='lat' dir='ltr'>sea</span> 
     </span>
    </p>
   </div>
   <div class='ocr_carea' id='block_1_6' title="bbox 224 855 1883 929">
    <p class='ocr_par' dir='ltr' id='par_1_6' title="bbox 224 855 1883 929">
     <span class='ocr_line' id='line_1_6' title="bbox 224 855 1883 929; baseline -0.001 -16"><span class='ocrx_word' id='word_1_47' title='bbox 224 857 491 913; x_wconf 90' lang='lat' dir='ltr'>cundum</span> <span class='ocrx_word' id='word_1_48' title='bbox 524 855 702 912; x_wconf 89' lang='lat' dir='ltr'>talem</span> <span class='ocrx_word' id='word_1_49' title='bbox 750 856 989 911; x_wconf 89' lang='lat' dir='ltr'>modum</span> <span class='ocrx_word' id='word_1_50' title='bbox 1040 873 1243 912; x_wconf 92' lang='lat' dir='ltr'>omnes</span> <span class='ocrx_word' id='word_1_51' title='bbox 1275 857 1420 929; x_wconf 85' lang='lat' dir='ltr'>logis</span> <span class='ocrx_word' id='word_1_52' title='bbox 1469 857 1673 912; x_wconf 68' lang='lat' dir='ltr'>divinae</span> <span class='ocrx_word' id='word_1_53' title='bbox 1703 857 1883 913; x_wconf 88' lang='lat' dir='ltr'>libros</span> 
     </span>
    </p>
   </div>
   <div class='ocr_carea' id='block_1_7' title="bbox 223 941 1885 1020">
    <p class='ocr_par' dir='ltr' id='par_1_7' title="bbox 223 941 1885 1020">
     <span class='ocr_line' id='line_1_7' title="bbox 223 941 1885 1020; baseline -0.001 -18"><span class='ocrx_word' id='word_1_54' title='bbox 223 941 495 1020; x_wconf 85' lang='lat' dir='ltr'>intellige</span> <span class='ocrx_word' id='word_1_55' title='bbox 540 945 928 1018; x_wconf 86' lang='lat' dir='ltr'>conscriptos,</span> <span class='ocrx_word' id='word_1_56' title='bbox 962 949 1024 1000; x_wconf 89' lang='lat' dir='ltr'>ut</span> <span class='ocrx_word' id='word_1_57' title='bbox 1073 945 1338 1001; x_wconf 84' lang='lat' dir='ltr'>videlicet</span> <span class='ocrx_word' id='word_1_58' title='bbox 1381 946 1778 1018; x_wconf 80' lang='lat' dir='ltr'>religiositatis</span> <span class='ocrx_word' id='word_1_59' title='bbox 1829 947 1885 1001; x_wconf 90' lang='lat' dir='ltr'>et</span> 
     </span>
    </p>
   </div>
   <div class='ocr_carea' id='block_1_8' title="bbox 224 1034 1882 1107">
    <p class='ocr_par' dir='ltr' id='par_1_8' title="bbox 224 1034 1882 1107">
     <span class='ocr_line' id='line_1_8' title="bbox 224 1034 1882 1107; baseline 0.001 -18"><span class='ocrx_word' id='word_1_60' title='bbox 224 1036 472 1091; x_wconf 79' lang='lat' dir='ltr'>virtutis</span> <span class='ocrx_word' id='word_1_61' title='bbox 524 1034 893 1107; x_wconf 80' lang='lat' dir='ltr'>superficiem</span> <span class='ocrx_word' id='word_1_62' title='bbox 946 1035 1260 1106; x_wconf 79' lang='lat' dir='ltr'>quamdam</span> <span class='ocrx_word' id='word_1_63' title='bbox 1311 1036 1562 1090; x_wconf 86' lang='lat' dir='ltr'>exterius</span> <span class='ocrx_word' id='word_1_64' title='bbox 1613 1036 1882 1104; x_wconf 90' lang='lat' dir='ltr'>habeant,</span> 
     </span>
    </p>
   </div>
   <div class='ocr_carea' id='block_1_9' title="bbox 223 1123 1884 1196">
    <p class='ocr_par' dir='ltr' id='par_1_9' title="bbox 223 1123 1884 1196">
     <span class='ocr_line' id='line_1_9' title="bbox 223 1123 1884 1196; baseline -0.001 -16"><span class='ocrx_word' id='word_1_65' title='bbox 223 1125 483 1181; x_wconf 87' lang='lat' dir='ltr'>interius</span> <span class='ocrx_word' id='word_1_66' title='bbox 514 1142 645 1180; x_wconf 91' lang='lat' dir='ltr'>vero</span> <span class='ocrx_word' id='word_1_67' title='bbox 678 1123 967 1180; x_wconf 89' lang='lat' dir='ltr'>rationem</span> <span class='ocrx_word' id='word_1_68' title='bbox 1003 1123 1176 1180; x_wconf 89' lang='lat' dir='ltr'>aliam</span> <span class='ocrx_word' id='word_1_69' title='bbox 1209 1129 1264 1180; x_wconf 92' lang='lat' dir='ltr'>et</span> <span class='ocrx_word' id='word_1_70' title='bbox 1293 1124 1650 1180; x_wconf 89' lang='lat' dir='ltr'>intellectum</span> <span class='ocrx_word' id='word_1_71' title='bbox 1684 1125 1884 1196; x_wconf 81' lang='lat' dir='ltr'>exqui-</span> 
     </span>
    </p>
   </div>
   <div class='ocr_carea' id='block_1_10' title="bbox 233 1212 1887 1286">
    <p class='ocr_par' dir='ltr' id='par_1_10' title="bbox 233 1212 1887 1286">
     <span class='ocr_line' id='line_1_10' title="bbox 233 1212 1887 1286; baseline -0.002 -14"><span class='ocrx_word' id='word_1_72' title='bbox 233 1218 390 1272; x_wconf 84' lang='lat' dir='ltr'>rant.</span> <span class='ocrx_word' id='word_1_73' title='bbox 419 1215 580 1270; x_wconf 88' lang='lat' dir='ltr'>Sicut</span> <span class='ocrx_word' id='word_1_74' title='bbox 609 1213 668 1268; x_wconf 93' lang='lat' dir='ltr'>in</span> <span class='ocrx_word' id='word_1_75' title='bbox 700 1213 974 1286; x_wconf 88' lang='lat' dir='ltr'>plurimis</span> <span class='ocrx_word' id='word_1_76' title='bbox 1005 1212 1372 1285; x_wconf 85' lang='lat' dir='ltr'>maximeque</span> <span class='ocrx_word' id='word_1_77' title='bbox 1405 1213 1460 1267; x_wconf 91' lang='lat' dir='ltr'>in</span> <span class='ocrx_word' id='word_1_78' title='bbox 1496 1212 1708 1269; x_wconf 85' lang='lat' dir='ltr'>divinis</span> <span class='ocrx_word' id='word_1_79' title='bbox 1738 1213 1887 1269; x_wconf 92' lang='lat' dir='ltr'>codi-</span> 
     </span>
    </p>
   </div>
   <div class='ocr_carea' id='block_1_11' title="bbox 229 1300 1882 1374">
    <p class='ocr_par' dir='ltr' id='par_1_11' title="bbox 229 1300 1882 1374">
     <span class='ocr_line' id='line_1_11' title="bbox 229 1300 1882 1374; baseline -0.001 -14"><span class='ocrx_word' id='word_1_80' title='bbox 229 1304 406 1360; x_wconf 86' lang='lat' dir='ltr'>cibus</span> <span class='ocrx_word' id='word_1_81' title='bbox 436 1303 603 1359; x_wconf 79' lang='lat' dir='ltr'>facile</span> <span class='ocrx_word' id='word_1_82' title='bbox 633 1300 1002 1374; x_wconf 88' lang='lat' dir='ltr'>reperiuntur</span> <span class='ocrx_word' id='word_1_83' title='bbox 1033 1303 1352 1368; x_wconf 66' lang='lat' dir='ltr'>sententiae,</span> <span class='ocrx_word' id='word_1_84' title='bbox 1377 1301 1551 1358; x_wconf 90' lang='lat' dir='ltr'>aliam</span> <span class='ocrx_word' id='word_1_85' title='bbox 1581 1303 1638 1357; x_wconf 93' lang='lat' dir='ltr'>in</span> <span class='ocrx_word' id='word_1_86' title='bbox 1669 1303 1882 1371; x_wconf 81' lang='lat' dir='ltr'>littera,</span> 
     </span>
    </p>
   </div>
   <div class='ocr_carea' id='block_1_12' title="bbox 228 1390 1886 1463">
    <p class='ocr_par' dir='ltr' id='par_1_12' title="bbox 228 1390 1886 1463">
     <span class='ocr_line' id='line_1_12' title="bbox 228 1390 1886 1463; baseline -0.001 -14"><span class='ocrx_word' id='word_1_87' title='bbox 228 1392 421 1449; x_wconf 91' lang='lat' dir='ltr'>aliam</span> <span class='ocrx_word' id='word_1_88' title='bbox 454 1392 512 1447; x_wconf 92' lang='lat' dir='ltr'>in</span> <span class='ocrx_word' id='word_1_89' title='bbox 545 1390 921 1463; x_wconf 75' lang='lat' dir='ltr'>intelligentia</span> <span class='ocrx_word' id='word_1_90' title='bbox 945 1391 1226 1446; x_wconf 86' lang='lat' dir='ltr'>rationem</span> <span class='ocrx_word' id='word_1_91' title='bbox 1261 1391 1594 1448; x_wconf 90' lang='lat' dir='ltr'>retinentes.</span> <span class='ocrx_word' id='word_1_92' title='bbox 1621 1391 1750 1447; x_wconf 73' lang='lat' dir='ltr'>Haec</span> <span class='ocrx_word' id='word_1_93' title='bbox 1781 1408 1886 1448; x_wconf 86' lang='lat' dir='ltr'>au-</span> 
     </span>
    </p>
   </div>
   <div class='ocr_carea' id='block_1_13' title="bbox 223 1479 1882 1552">
    <p class='ocr_par' dir='ltr' id='par_1_13' title="bbox 223 1479 1882 1552">
     <span class='ocr_line' id='line_1_13' title="bbox 223 1479 1882 1552; baseline -0.002 -14"><span class='ocrx_word' id='word_1_94' title='bbox 223 1487 354 1538; x_wconf 87' lang='lat' dir='ltr'>tem</span> <span class='ocrx_word' id='word_1_95' title='bbox 386 1481 586 1538; x_wconf 86' lang='lat' dir='ltr'>omnia</span> <span class='ocrx_word' id='word_1_96' title='bbox 614 1480 691 1535; x_wconf 91' lang='lat' dir='ltr'>ita</span> <span class='ocrx_word' id='word_1_97' title='bbox 721 1497 848 1535; x_wconf 91' lang='lat' dir='ltr'>esse</span> <span class='ocrx_word' id='word_1_98' title='bbox 883 1497 995 1535; x_wconf 87' lang='lat' dir='ltr'>uno</span> <span class='ocrx_word' id='word_1_99' title='bbox 1029 1479 1188 1535; x_wconf 84' lang='lat' dir='ltr'>Pauli</span> <span class='ocrx_word' id='word_1_100' title='bbox 1219 1481 1557 1535; x_wconf 88' lang='lat' dir='ltr'>testimonio</span> <span class='ocrx_word' id='word_1_101' title='bbox 1589 1481 1882 1552; x_wconf 89' lang='lat' dir='ltr'>approbo:</span> 
     </span>
    </p>
   </div>
   <div class='ocr_carea' id='block_1_14' title="bbox 231 1568 1888 1641">
    <p class='ocr_par' dir='ltr' id='par_1_14' title="bbox 231 1568 1888 1641">
     <span class='ocr_line' id='line_1_14' title="bbox 231 1568 1888 1641; baseline -0.001 -15"><span class='ocrx_word' id='word_1_102' title='bbox 231 1573 445 1627; x_wconf 79' lang='lat' dir='ltr'>Littera</span> <span class='ocrx_word' id='word_1_103' title='bbox 476 1569 646 1637; x_wconf 79' lang='lat' dir='ltr'>enim,</span> <span class='ocrx_word' id='word_1_104' title='bbox 679 1569 893 1641; x_wconf 90' lang='lat' dir='ltr'>inquit,</span> <span class='ocrx_word' id='word_1_105' title='bbox 936 1568 1149 1634; x_wconf 74' lang='lat' dir='ltr'>occidit,</span> <span class='ocrx_word' id='word_1_106' title='bbox 1182 1571 1408 1641; x_wconf 75' lang='lat' dir='ltr'>spiritus</span> <span class='ocrx_word' id='word_1_107' title='bbox 1456 1572 1656 1637; x_wconf 77' lang='lat' dir='ltr'>autem,</span> <span class='ocrx_word' id='word_1_108' title='bbox 1690 1570 1747 1624; x_wconf 90' lang='lat' dir='ltr'>id</span> <span class='ocrx_word' id='word_1_109' title='bbox 1798 1571 1888 1625; x_wconf 88' lang='lat' dir='ltr'>est</span> 
     </span>
    </p>
   </div>
   <div class='ocr_carea' id='block_1_15' title="bbox 229 1657 1886 1731">
    <p class='ocr_par' dir='ltr' id='par_1_15' title="bbox 229 1657 1886 1731">
     <span class='ocr_line' id='line_1_15' title="bbox 229 1657 1886 1731; baseline -0.002 -14"><span class='ocrx_word' id='word_1_110' title='bbox 229 1677 444 1717; x_wconf 86' lang='lat' dir='ltr'>sensus</span> <span class='ocrx_word' id='word_1_111' title='bbox 483 1657 744 1729; x_wconf 73' lang='lat' dir='ltr'>vivi/icui.</span> <span class='ocrx_word' id='word_1_112' title='bbox 780 1657 981 1714; x_wconf 81' lang='lat' dir='ltr'>Nonne</span> <span class='ocrx_word' id='word_1_113' title='bbox 1028 1657 1175 1714; x_wconf 85' lang='lat' dir='ltr'>satis</span> <span class='ocrx_word' id='word_1_114' title='bbox 1207 1662 1400 1730; x_wconf 89' lang='lat' dir='ltr'>aperte</span> <span class='ocrx_word' id='word_1_115' title='bbox 1430 1673 1534 1731; x_wconf 88' lang='lat' dir='ltr'>per</span> <span class='ocrx_word' id='word_1_116' title='bbox 1587 1659 1707 1713; x_wconf 70' lang='lat' dir='ltr'>haec</span> <span class='ocrx_word' id='word_1_117' title='bbox 1737 1661 1886 1731; x_wconf 87' lang='lat' dir='ltr'>Apo-</span> 
     </span>
    </p>
   </div>
   <div class='ocr_carea' id='block_1_16' title="bbox 232 1745 1884 1819">
    <p class='ocr_par' dir='ltr' id='par_1_16' title="bbox 232 1745 1884 1819">
     <span class='ocr_line' id='line_1_16' title="bbox 232 1745 1884 1819; baseline -0.002 -13"><span class='ocrx_word' id='word_1_118' title='bbox 232 1749 365 1806; x_wconf 87' lang='lat' dir='ltr'>stoli</span> <span class='ocrx_word' id='word_1_119' title='bbox 402 1748 583 1805; x_wconf 90' lang='lat' dir='ltr'>verba</span> <span class='ocrx_word' id='word_1_120' title='bbox 603 1746 831 1804; x_wconf 89' lang='lat' dir='ltr'>doceris</span> <span class='ocrx_word' id='word_1_121' title='bbox 861 1747 1016 1819; x_wconf 84' lang='lat' dir='ltr'>quia,</span> <span class='ocrx_word' id='word_1_122' title='bbox 1046 1745 1094 1802; x_wconf 90' lang='lat' dir='ltr'>si</span> <span class='ocrx_word' id='word_1_123' title='bbox 1123 1746 1405 1802; x_wconf 91' lang='lat' dir='ltr'>librorum</span> <span class='ocrx_word' id='word_1_124' title='bbox 1427 1747 1581 1803; x_wconf 88' lang='lat' dir='ltr'>dicta</span> <span class='ocrx_word' id='word_1_125' title='bbox 1603 1748 1884 1818; x_wconf 82' lang='lat' dir='ltr'>sequeris,</span> 
     </span>
    </p>
   </div>
   <div class='ocr_carea' id='block_1_17' title="bbox 233 1835 1889 1910">
    <p class='ocr_par' dir='ltr' id='par_1_17' title="bbox 233 1835 1889 1910">
     <span class='ocr_line' id='line_1_17' title="bbox 233 1835 1889 1910; baseline -0.002 -15"><span class='ocrx_word' id='word_1_126' title='bbox 233 1837 495 1895; x_wconf 87' lang='lat' dir='ltr'>maxima</span> <span class='ocrx_word' id='word_1_127' title='bbox 523 1836 782 1910; x_wconf 90' lang='lat' dir='ltr'>pericula</span> <span class='ocrx_word' id='word_1_128' title='bbox 804 1836 1041 1909; x_wconf 87' lang='lat' dir='ltr'>patieris</span> <span class='ocrx_word' id='word_1_129' title='bbox 1063 1835 1090 1890; x_wconf 84' lang='lat'><strong>?</strong></span> <span class='ocrx_word' id='word_1_130' title='bbox 1122 1836 1277 1892; x_wconf 91' lang='lat' dir='ltr'>Idem</span> <span class='ocrx_word' id='word_1_131' title='bbox 1314 1854 1546 1908; x_wconf 90' lang='lat' dir='ltr'>quoque</span> <span class='ocrx_word' id='word_1_132' title='bbox 1576 1837 1646 1892; x_wconf 93' lang='lat' dir='ltr'>de</span> <span class='ocrx_word' id='word_1_133' title='bbox 1671 1838 1769 1892; x_wconf 89' lang='lat' dir='ltr'>Dei</span> <span class='ocrx_word' id='word_1_134' title='bbox 1803 1851 1889 1893; x_wconf 88' lang='lat' dir='ltr'>es-</span> 
     </span>
    </p>
   </div>
   <div class='ocr_carea' id='block_1_18' title="bbox 235 1924 1890 1999">
    <p class='ocr_par' dir='ltr' id='par_1_18' title="bbox 235 1924 1890 1999">
     <span class='ocr_line' id='line_1_18' title="bbox 235 1924 1890 1999; baseline -0.001 -15"><span class='ocrx_word' id='word_1_135' title='bbox 235 1927 430 1984; x_wconf 87' lang='lat' dir='ltr'>sentia</span> <span class='ocrx_word' id='word_1_136' title='bbox 454 1925 903 1998; x_wconf 87' lang='lat' dir='ltr'>intelligendum</span> <span class='ocrx_word' id='word_1_137' title='bbox 928 1929 1035 1982; x_wconf 86' lang='lat' dir='ltr'>est.</span> <span class='ocrx_word' id='word_1_138' title='bbox 1053 1924 1326 1997; x_wconf 86' lang='lat' dir='ltr'>Alioquin</span> <span class='ocrx_word' id='word_1_139' title='bbox 1355 1925 1402 1981; x_wconf 91' lang='lat' dir='ltr'>si</span> <span class='ocrx_word' id='word_1_140' title='bbox 1425 1926 1622 1998; x_wconf 90' lang='lat' dir='ltr'>aliqua</span> <span class='ocrx_word' id='word_1_141' title='bbox 1643 1939 1890 1999; x_wconf 82' lang='lat' dir='ltr'>persona</span> 
     </span>
    </p>
   </div>
   <div class='ocr_carea' id='block_1_19' title="bbox 237 2013 1892 2087">
    <p class='ocr_par' dir='ltr' id='par_1_19' title="bbox 237 2013 1892 2087">
     <span class='ocr_line' id='line_1_19' title="bbox 237 2013 1892 2087; baseline -0.002 -13"><span class='ocrx_word' id='word_1_142' title='bbox 237 2023 341 2074; x_wconf 88' lang='lat' dir='ltr'>aut</span> <span class='ocrx_word' id='word_1_143' title='bbox 360 2017 550 2072; x_wconf 90' lang='lat' dir='ltr'>virtus</span> <span class='ocrx_word' id='word_1_144' title='bbox 571 2014 671 2072; x_wconf 91' lang='lat' dir='ltr'>Dei</span> <span class='ocrx_word' id='word_1_145' title='bbox 694 2013 1110 2087; x_wconf 86' lang='lat' dir='ltr'>omnipotentis</span> <span class='ocrx_word' id='word_1_146' title='bbox 1130 2019 1304 2086; x_wconf 84' lang='lat' dir='ltr'>esset,</span> <span class='ocrx_word' id='word_1_147' title='bbox 1329 2031 1698 2086; x_wconf 86' lang='lat' dir='ltr'>nequaquam</span> <span class='ocrx_word' id='word_1_148' title='bbox 1726 2020 1892 2072; x_wconf 90' lang='lat' dir='ltr'>tanta</span> 
     </span>
    </p>
   </div>
   <div class='ocr_carea' id='block_1_20' title="bbox 239 2104 1890 2178">
    <p class='ocr_par' dir='ltr' id='par_1_20' title="bbox 239 2104 1890 2178">
     <span class='ocr_line' id='line_1_20' title="bbox 239 2104 1890 2178; baseline -0.002 -14"><span class='ocrx_word' id='word_1_149' title='bbox 239 2106 508 2164; x_wconf 84' lang='lat' dir='ltr'>confusio</span> <span class='ocrx_word' id='word_1_150' title='bbox 543 2109 720 2178; x_wconf 91' lang='lat' dir='ltr'>atque</span> <span class='ocrx_word' id='word_1_151' title='bbox 752 2104 1056 2161; x_wconf 86' lang='lat' dir='ltr'>diversitas</span> <span class='ocrx_word' id='word_1_152' title='bbox 1087 2104 1144 2158; x_wconf 92' lang='lat' dir='ltr'>in</span> <span class='ocrx_word' id='word_1_153' title='bbox 1179 2104 1352 2159; x_wconf 88' lang='lat' dir='ltr'>rebus</span> <span class='ocrx_word' id='word_1_154' title='bbox 1391 2105 1616 2159; x_wconf 90' lang='lat' dir='ltr'>cunctis</span> <span class='ocrx_word' id='word_1_155' title='bbox 1649 2119 1890 2177; x_wconf 33' lang='lat' dir='ltr'>appares</span> 
     </span>
    </p>
   </div>
   <div class='ocr_carea' id='block_1_21' title="bbox 236 2193 1890 2267">
    <p class='ocr_par' dir='ltr' id='par_1_21' title="bbox 236 2193 1890 2267">
     <span class='ocr_line' id='line_1_21' title="bbox 236 2193 1890 2267; baseline -0.002 -15"><span class='ocrx_word' id='word_1_156' title='bbox 236 2201 350 2252; x_wconf 85' lang='lat' dir='ltr'>ret.</span> <span class='ocrx_word' id='word_1_157' title='bbox 383 2196 492 2252; x_wconf 88' lang='lat' dir='ltr'>Sed</span> <span class='ocrx_word' id='word_1_158' title='bbox 533 2211 723 2267; x_wconf 87' lang='lat' dir='ltr'>neque</span> <span class='ocrx_word' id='word_1_159' title='bbox 754 2193 858 2248; x_wconf 89' lang='lat' dir='ltr'>tibi</span> <span class='ocrx_word' id='word_1_160' title='bbox 888 2194 921 2248; x_wconf 94' lang='lat' dir='ltr'>d</span> <span class='ocrx_word' id='word_1_161' title='bbox 951 2193 1230 2249; x_wconf 89' lang='lat' dir='ltr'>scrimina</span> <span class='ocrx_word' id='word_1_162' title='bbox 1267 2197 1433 2248; x_wconf 89' lang='lat' dir='ltr'>tanta</span> <span class='ocrx_word' id='word_1_163' title='bbox 1464 2194 1890 2266; x_wconf 86' lang='lat' dir='ltr'>contingerent,</span> 
     </span>
    </p>
   </div>
   <div class='ocr_carea' id='block_1_22' title="bbox 231 2282 1890 2357">
    <p class='ocr_par' dir='ltr' id='par_1_22' title="bbox 231 2282 1890 2357">
     <span class='ocr_line' id='line_1_22' title="bbox 231 2282 1890 2357; baseline -0.002 -16"><span class='ocrx_word' id='word_1_164' title='bbox 231 2285 501 2357; x_wconf 84' lang='lat' dir='ltr'>talisque</span> <span class='ocrx_word' id='word_1_165' title='bbox 532 2283 834 2354; x_wconf 87' lang='lat' dir='ltr'>dubitatio,</span> <span class='ocrx_word' id='word_1_166' title='bbox 855 2299 1032 2355; x_wconf 90' lang='lat' dir='ltr'>quam</span> <span class='ocrx_word' id='word_1_167' title='bbox 1058 2283 1231 2338; x_wconf 88' lang='lat' dir='ltr'>modo</span> <span class='ocrx_word' id='word_1_168' title='bbox 1255 2282 1492 2354; x_wconf 87' lang='lat' dir='ltr'>pateris,</span> <span class='ocrx_word' id='word_1_169' title='bbox 1519 2283 1758 2339; x_wconf 91' lang='lat' dir='ltr'>minime</span> <span class='ocrx_word' id='word_1_170' title='bbox 1781 2284 1890 2338; x_wconf 87' lang='lat' dir='ltr'>im-</span> 
     </span>
    </p>
   </div>
   <div class='ocr_carea' id='block_1_23' title="bbox 237 2375 516 2430">
    <p class='ocr_par' dir='ltr' id='par_1_23' title="bbox 237 2375 516 2430">
     <span class='ocr_line' id='line_1_23' title="bbox 237 2375 516 2430; baseline -0.011 1"><span class='ocrx_word' id='word_1_171' title='bbox 237 2375 516 2430; x_wconf 88' lang='lat' dir='ltr'>mineret.</span> 
     </span>
    </p>
   </div>
   <div class='ocr_carea' id='block_1_24' title="bbox 317 2477 1896 2552">
    <p class='ocr_par' dir='ltr' id='par_1_24' title="bbox 317 2477 1896 2552">
     <span class='ocr_line' id='line_1_24' title="bbox 317 2477 1896 2552; baseline -0.001 -16"><span class='ocrx_word' id='word_1_172' title='bbox 317 2481 584 2552; x_wconf 87' lang='lat' dir='ltr'>Cumque</span> <span class='ocrx_word' id='word_1_173' title='bbox 597 2478 933 2550; x_wconf 86' lang='lat' dir='ltr'>hujusmodi</span> <span class='ocrx_word' id='word_1_174' title='bbox 955 2477 1360 2534; x_wconf 89' lang='lat' dir='ltr'>delusionibus</span> <span class='ocrx_word' id='word_1_175' title='bbox 1374 2479 1689 2551; x_wconf 89' lang='lat' dir='ltr'>plusquam</span> <span class='ocrx_word' id='word_1_176' title='bbox 1715 2481 1896 2536; x_wconf 92' lang='lat' dir='ltr'>credi-</span> 
     </span>
    </p>
   </div>
   <div class='ocr_carea' id='block_1_25' title="bbox 240 2567 1896 2642">
    <p class='ocr_par' dir='ltr' id='par_1_25' title="bbox 240 2567 1896 2642">
     <span class='ocr_line' id='line_1_25' title="bbox 240 2567 1896 2642; baseline 0 -16"><span class='ocrx_word' id='word_1_177' title='bbox 240 2569 364 2626; x_wconf 88' lang='lat' dir='ltr'>bile</span> <span class='ocrx_word' id='word_1_178' title='bbox 409 2569 487 2625; x_wconf 85' lang='lat' dir='ltr'>sit</span> <span class='ocrx_word' id='word_1_179' title='bbox 514 2568 912 2641; x_wconf 89' lang='lat' dir='ltr'>impugnarer,</span> <span class='ocrx_word' id='word_1_180' title='bbox 946 2572 1002 2622; x_wconf 91' lang='lat' dir='ltr'>et</span> <span class='ocrx_word' id='word_1_181' title='bbox 1047 2572 1284 2638; x_wconf 90' lang='lat' dir='ltr'>propter</span> <span class='ocrx_word' id='word_1_182' title='bbox 1329 2567 1654 2624; x_wconf 85' lang='lat' dir='ltr'>inauditam</span> <span class='ocrx_word' id='word_1_183' title='bbox 1710 2570 1896 2642; x_wconf 86' lang='lat' dir='ltr'>ipsius</span> 
     </span>
    </p>
   </div>
   <div class='ocr_carea' id='block_1_26' title="bbox 240 2656 1897 2731">
    <p class='ocr_par' dir='ltr' id='par_1_26' title="bbox 240 2656 1897 2731">
     <span class='ocr_line' id='line_1_26' title="bbox 240 2656 1897 2731; baseline -0.001 -16"><span class='ocrx_word' id='word_1_184' title='bbox 240 2657 714 2731; x_wconf 85' lang='lat' dir='ltr'>impugnationis</span> <span class='ocrx_word' id='word_1_185' title='bbox 744 2657 1084 2729; x_wconf 89' lang='lat' dir='ltr'>qualitatem</span> <span class='ocrx_word' id='word_1_186' title='bbox 1110 2656 1214 2712; x_wconf 90' lang='lat' dir='ltr'>ulli</span> <span class='ocrx_word' id='word_1_187' title='bbox 1245 2657 1490 2712; x_wconf 80' lang='lat' dir='ltr'>fratrum</span> <span class='ocrx_word' id='word_1_188' title='bbox 1524 2663 1721 2729; x_wconf 91' lang='lat' dir='ltr'>aperte</span> <span class='ocrx_word' id='word_1_189' title='bbox 1751 2659 1897 2714; x_wconf 88' lang='lat' dir='ltr'>indi-</span> 
     </span>
    </p>
   </div>
   <div class='ocr_carea' id='block_1_27' title="bbox 244 2745 1899 2819">
    <p class='ocr_par' dir='ltr' id='par_1_27' title="bbox 244 2745 1899 2819">
     <span class='ocr_line' id='line_1_27' title="bbox 244 2745 1899 2819; baseline -0.001 -15"><span class='ocrx_word' id='word_1_190' title='bbox 244 2765 378 2804; x_wconf 85' lang='lat' dir='ltr'>care</span> <span class='ocrx_word' id='word_1_191' title='bbox 417 2764 644 2804; x_wconf 82' lang='lat' dir='ltr'>vererer</span> <span class='ocrx_word' id='word_1_192' title='bbox 672 2745 927 2819; x_wconf 89' lang='lat' dir='ltr'>(nullum</span> <span class='ocrx_word' id='word_1_193' title='bbox 958 2746 1113 2803; x_wconf 87' lang='lat' dir='ltr'>enim</span> <span class='ocrx_word' id='word_1_194' title='bbox 1163 2745 1302 2801; x_wconf 91' lang='lat' dir='ltr'>talia</span> <span class='ocrx_word' id='word_1_195' title='bbox 1333 2763 1503 2818; x_wconf 90' lang='lat' dir='ltr'>posse</span> <span class='ocrx_word' id='word_1_196' title='bbox 1534 2748 1765 2804; x_wconf 90' lang='lat' dir='ltr'>credere</span> <span class='ocrx_word' id='word_1_197' title='bbox 1797 2753 1899 2803; x_wconf 85' lang='lat' dir='ltr'>aut</span> 
     </span>
    </p>
   </div>
   <div class='ocr_carea' id='block_1_28' title="bbox 246 2835 1897 2908">
    <p class='ocr_par' dir='ltr' id='par_1_28' title="bbox 246 2835 1897 2908">
     <span class='ocr_line' id='line_1_28' title="bbox 246 2835 1897 2908; baseline 0 -15"><span class='ocrx_word' id='word_1_198' title='bbox 246 2837 454 2894; x_wconf 87' lang='lat' dir='ltr'>audire</span> <span class='ocrx_word' id='word_1_199' title='bbox 496 2837 888 2907; x_wconf 84' lang='lat' dir='ltr'>arbitrabar);</span> <span class='ocrx_word' id='word_1_200' title='bbox 941 2842 1078 2891; x_wconf 89' lang='lat' dir='ltr'>tunc</span> <span class='ocrx_word' id='word_1_201' title='bbox 1127 2835 1250 2890; x_wconf 90' lang='lat' dir='ltr'>solo</span> <span class='ocrx_word' id='word_1_202' title='bbox 1302 2842 1646 2908; x_wconf 86' lang='lat' dir='ltr'>prostratus,</span> <span class='ocrx_word' id='word_1_203' title='bbox 1679 2842 1734 2892; x_wconf 92' lang='lat' dir='ltr'>et</span> <span class='ocrx_word' id='word_1_204' title='bbox 1784 2855 1897 2908; x_wconf 65' lang='lat' dir='ltr'>prae</span> 
     </span>
    </p>
   </div>
   <div class='ocr_carea' id='block_1_29' title="bbox 245 2923 1900 2996">
    <p class='ocr_par' dir='ltr' id='par_1_29' title="bbox 245 2923 1900 2996">
     <span class='ocr_line' id='line_1_29' title="bbox 245 2923 1900 2996; baseline -0.001 -14"><span class='ocrx_word' id='word_1_205' title='bbox 245 2926 642 2982; x_wconf 80' lang='lat' dir='ltr'>amaritudine</span> <span class='ocrx_word' id='word_1_206' title='bbox 671 2923 928 2994; x_wconf 89' lang='lat' dir='ltr'>suspiria</span> <span class='ocrx_word' id='word_1_207' title='bbox 956 2923 1130 2996; x_wconf 89' lang='lat' dir='ltr'>longa</span> <span class='ocrx_word' id='word_1_208' title='bbox 1178 2923 1418 2979; x_wconf 87' lang='lat' dir='ltr'>trahens</span> <span class='ocrx_word' id='word_1_209' title='bbox 1448 2929 1505 2980; x_wconf 90' lang='lat' dir='ltr'>et</span> <span class='ocrx_word' id='word_1_210' title='bbox 1536 2924 1686 2980; x_wconf 88' lang='lat' dir='ltr'>vires</span> <span class='ocrx_word' id='word_1_211' title='bbox 1718 2926 1900 2981; x_wconf 87' lang='lat' dir='ltr'>animi</span> 
     </span>
    </p>
   </div>
   <div class='ocr_carea' id='block_1_30' title="bbox 242 3012 1899 3088">
    <p class='ocr_par' dir='ltr' id='par_1_30' title="bbox 242 3012 1899 3088">
     <span class='ocr_line' id='line_1_30' title="bbox 242 3012 1899 3088; baseline -0.001 -18"><span class='ocrx_word' id='word_1_212' title='bbox 242 3014 552 3088; x_wconf 79' lang='lat' dir='ltr'>colligens,</span> <span class='ocrx_word' id='word_1_213' title='bbox 575 3013 744 3069; x_wconf 86' lang='lat' dir='ltr'>emisi</span> <span class='ocrx_word' id='word_1_214' title='bbox 774 3013 950 3069; x_wconf 89' lang='lat' dir='ltr'>talem</span> <span class='ocrx_word' id='word_1_215' title='bbox 979 3012 1149 3068; x_wconf 90' lang='lat' dir='ltr'>labiis</span> <span class='ocrx_word' id='word_1_216' title='bbox 1180 3017 1236 3067; x_wconf 91' lang='lat' dir='ltr'>et</span> <span class='ocrx_word' id='word_1_217' title='bbox 1268 3018 1494 3085; x_wconf 91' lang='lat' dir='ltr'>pectore</span> <span class='ocrx_word' id='word_1_218' title='bbox 1524 3031 1719 3069; x_wconf 92' lang='lat' dir='ltr'>vocem</span> <span class='ocrx_word' id='word_1_219' title='bbox 1746 3031 1758 3071; x_wconf 92' lang='lat'>:</span> <span class='ocrx_word' id='word_1_220' title='bbox 1785 3015 1827 3070; x_wconf 91' lang='grc' dir='ltr'>Ο</span> <span class='ocrx_word' id='word_1_221' title='bbox 1851 3015 1899 3071; x_wconf 90' lang='lat' dir='ltr'>si</span> 
     </span>
    </p>
   </div>
   <div class='ocr_carea' id='block_1_31' title="bbox 245 3101 1898 3176">
    <p class='ocr_par' dir='ltr' id='par_1_31' title="bbox 245 3101 1898 3176">
     <span class='ocr_line' id='line_1_31' title="bbox 245 3101 1898 3176; baseline 0 -17"><span class='ocrx_word' id='word_1_222' title='bbox 245 3104 350 3176; x_wconf 87' lang='lat' dir='ltr'>qui</span> <span class='ocrx_word' id='word_1_223' title='bbox 404 3120 488 3174; x_wconf 88' lang='lat' dir='ltr'>es,</span> <span class='ocrx_word' id='word_1_224' title='bbox 523 3102 936 3174; x_wconf 89' lang='lat' dir='ltr'>Omnipotens,</span> <span class='ocrx_word' id='word_1_225' title='bbox 985 3107 1038 3157; x_wconf 91' lang='lat' dir='ltr'>et</span> <span class='ocrx_word' id='word_1_226' title='bbox 1088 3101 1137 3157; x_wconf 91' lang='lat' dir='ltr'>si</span> <span class='ocrx_word' id='word_1_227' title='bbox 1187 3102 1271 3157; x_wconf 92' lang='lat' dir='ltr'>sis</span> <span class='ocrx_word' id='word_1_228' title='bbox 1320 3101 1577 3174; x_wconf 90' lang='lat' dir='ltr'>undique</span> <span class='ocrx_word' id='word_1_229' title='bbox 1625 3121 1898 3174; x_wconf 63' lang='lat' dir='ltr'>prensans,</span> 
     </span>
    </p>
   </div>
   <div class='ocr_carea' id='block_1_32' title="bbox 244 3189 1905 3264">
    <p class='ocr_par' dir='ltr' id='par_1_32' title="bbox 244 3189 1905 3264">
     <span class='ocr_line' id='line_1_32' title="bbox 244 3189 1905 3264; baseline -0.001 -15"><span class='ocrx_word' id='word_1_230' title='bbox 244 3194 408 3249; x_wconf 83' lang='lat' dir='ltr'>sicut</span> <span class='ocrx_word' id='word_1_231' title='bbox 439 3198 495 3248; x_wconf 89' lang='lat' dir='ltr'>et</span> <span class='ocrx_word' id='word_1_232' title='bbox 526 3193 584 3247; x_wconf 90' lang='lat' dir='ltr'>in</span> <span class='ocrx_word' id='word_1_233' title='bbox 615 3191 783 3248; x_wconf 89' lang='lat' dir='ltr'>libris</span> <span class='ocrx_word' id='word_1_234' title='bbox 815 3191 928 3264; x_wconf 88' lang='lat' dir='ltr'>legi</span> <span class='ocrx_word' id='word_1_235' title='bbox 959 3190 1280 3264; x_wconf 80' lang='lat' dir='ltr'>saepissime</span> <span class='ocrx_word' id='word_1_236' title='bbox 1314 3189 1677 3263; x_wconf 87' lang='lat' dir='ltr'>multis,jam</span> <span class='ocrx_word' id='word_1_237' title='bbox 1703 3210 1905 3264; x_wconf 86' lang='lat' dir='ltr'>precor</span> 
     </span>
    </p>
   </div>
   <div class='ocr_carea' id='block_1_33' title="bbox 247 3273 1908 3352">
    <p class='ocr_par' dir='ltr' id='par_1_33' title="bbox 247 3273 1908 3352">
     <span class='ocr_line' id='line_1_33' title="bbox 247 3273 1908 3352; baseline -0.001 -14"><span class='ocrx_word' id='word_1_238' title='bbox 247 3281 500 3338; x_wconf 81' lang='lat' dir='ltr'>ostende</span> <span class='ocrx_word' id='word_1_239' title='bbox 551 3281 684 3352; x_wconf 88' lang='lat' dir='ltr'>quis</span> <span class='ocrx_word' id='word_1_240' title='bbox 742 3279 826 3336; x_wconf 88' lang='lat' dir='ltr'>sis</span> <span class='ocrx_word' id='word_1_241' title='bbox 849 3285 906 3336; x_wconf 91' lang='lat' dir='ltr'>et</span> <span class='ocrx_word' id='word_1_242' title='bbox 933 3279 1070 3352; x_wconf 91' lang='lat' dir='ltr'>quid</span> <span class='ocrx_word' id='word_1_243' title='bbox 1104 3279 1318 3352; x_wconf 89' lang='lat' dir='ltr'>possis,</span> <span class='ocrx_word' id='word_1_244' title='bbox 1346 3273 1596 3352; x_wconf 87' lang='lat' dir='ltr'>eripiens</span> <span class='ocrx_word' id='word_1_245' title='bbox 1626 3281 1796 3336; x_wconf 88' lang='lat' dir='ltr'>citius</span> <span class='ocrx_word' id='word_1_246' title='bbox 1817 3298 1908 3337; x_wconf 91' lang='lat' dir='ltr'>me</span> 
     </span>
    </p>
   </div>
   <div class='ocr_carea' id='block_1_34' title="bbox 241 3368 1906 3443">
    <p class='ocr_par' dir='ltr' id='par_1_34' title="bbox 241 3368 1906 3443">
     <span class='ocr_line' id='line_1_34' title="bbox 241 3368 1906 3443; baseline -0.002 -15"><span class='ocrx_word' id='word_1_247' title='bbox 241 3389 277 3428; x_wconf 89' lang='lat' dir='ltr'>a</span> <span class='ocrx_word' id='word_1_248' title='bbox 307 3369 594 3443; x_wconf 84' lang='lat' dir='ltr'>periculis</span> <span class='ocrx_word' id='word_1_249' title='bbox 620 3369 1110 3437; x_wconf 85' lang='lat' dir='ltr'>imminentibus;</span> <span class='ocrx_word' id='word_1_250' title='bbox 1142 3386 1279 3424; x_wconf 90' lang='lat' dir='ltr'>nam</span> <span class='ocrx_word' id='word_1_251' title='bbox 1314 3368 1556 3425; x_wconf 74' lang='lat' dir='ltr'>sufferre</span> <span class='ocrx_word' id='word_1_252' title='bbox 1588 3371 1775 3442; x_wconf 88' lang='lat' dir='ltr'>magis</span> <span class='ocrx_word' id='word_1_253' title='bbox 1807 3387 1906 3426; x_wconf 86' lang='lat' dir='ltr'>ne-</span> 
     </span>
    </p>
   </div>
   <div class='ocr_carea' id='block_1_35' title="bbox 244 3457 1909 3533">
    <p class='ocr_par' dir='ltr' id='par_1_35' title="bbox 244 3457 1909 3533">
     <span class='ocr_line' id='line_1_35' title="bbox 244 3457 1909 3533; baseline -0.001 -17"><span class='ocrx_word' id='word_1_254' title='bbox 244 3477 358 3533; x_wconf 88' lang='lat' dir='ltr'>que</span> <span class='ocrx_word' id='word_1_255' title='bbox 383 3459 736 3516; x_wconf 89' lang='lat' dir='ltr'>discrimina</span> <span class='ocrx_word' id='word_1_256' title='bbox 751 3462 932 3514; x_wconf 89' lang='lat' dir='ltr'>tanta.</span> <span class='ocrx_word' id='word_1_257' title='bbox 958 3457 1129 3513; x_wconf 89' lang='lat' dir='ltr'>Nulla</span> <span class='ocrx_word' id='word_1_258' title='bbox 1150 3457 1359 3513; x_wconf 89' lang='lat' dir='ltr'>dehinc</span> <span class='ocrx_word' id='word_1_259' title='bbox 1394 3474 1556 3512; x_wconf 86' lang='lat' dir='ltr'>mora</span> <span class='ocrx_word' id='word_1_260' title='bbox 1589 3476 1602 3513; x_wconf 90' lang='lat'>:</span> <span class='ocrx_word' id='word_1_261' title='bbox 1637 3463 1694 3514; x_wconf 91' lang='lat' dir='ltr'>et</span> <span class='ocrx_word' id='word_1_262' title='bbox 1718 3458 1909 3514; x_wconf 86' lang='lat' dir='ltr'>ablata</span> 
     </span>
    </p>
   </div>
   <div class='ocr_carea' id='block_1_36' title="bbox 245 3546 1911 3621">
    <p class='ocr_par' dir='ltr' id='par_1_36' title="bbox 245 3546 1911 3621">
     <span class='ocr_line' id='line_1_36' title="bbox 245 3546 1911 3621; baseline -0.002 -16"><span class='ocrx_word' id='word_1_263' title='bbox 245 3554 337 3605; x_wconf 84' lang='lat' dir='ltr'>est</span> <span class='ocrx_word' id='word_1_264' title='bbox 365 3564 483 3621; x_wconf 89' lang='lat' dir='ltr'>per</span> <span class='ocrx_word' id='word_1_265' title='bbox 506 3547 609 3603; x_wconf 90' lang='lat' dir='ltr'>Dei</span> <span class='ocrx_word' id='word_1_266' title='bbox 636 3547 877 3618; x_wconf 80' lang='lat' dir='ltr'>gratiam</span> <span class='ocrx_word' id='word_1_267' title='bbox 903 3564 1017 3602; x_wconf 92' lang='lat' dir='ltr'>non</span> <span class='ocrx_word' id='word_1_268' title='bbox 1041 3547 1232 3602; x_wconf 86' lang='lat' dir='ltr'>solum</span> <span class='ocrx_word' id='word_1_269' title='bbox 1264 3546 1457 3601; x_wconf 90' lang='lat' dir='ltr'>omnis</span> <span class='ocrx_word' id='word_1_270' title='bbox 1480 3546 1579 3601; x_wconf 88' lang='lat' dir='ltr'>illa</span> <span class='ocrx_word' id='word_1_271' title='bbox 1601 3547 1911 3602; x_wconf 81' lang='lat' dir='ltr'>dubitatio-</span> 
     </span>
    </p>
   </div>
   <div class='ocr_carea' id='block_1_37' title="bbox 247 3635 1910 3709">
    <p class='ocr_par' dir='ltr' id='par_1_37' title="bbox 247 3635 1910 3709">
     <span class='ocr_line' id='line_1_37' title="bbox 247 3635 1910 3709; baseline -0.002 -14"><span class='ocrx_word' id='word_1_272' title='bbox 247 3639 340 3695; x_wconf 88' lang='lat' dir='ltr'>nis</span> <span class='ocrx_word' id='word_1_273' title='bbox 373 3636 734 3709; x_wconf 76' lang='lat' dir='ltr'>supradictas</span> <span class='ocrx_word' id='word_1_274' title='bbox 758 3635 988 3702; x_wconf 91' lang='lat' dir='ltr'>nebula,</span> <span class='ocrx_word' id='word_1_275' title='bbox 1015 3637 1113 3691; x_wconf 90' lang='lat' dir='ltr'>sed</span> <span class='ocrx_word' id='word_1_276' title='bbox 1143 3637 1317 3691; x_wconf 91' lang='lat' dir='ltr'>etiam</span> <span class='ocrx_word' id='word_1_277' title='bbox 1344 3635 1596 3690; x_wconf 69' lang='lat' dir='ltr'>scientiae</span> <span class='ocrx_word' id='word_1_278' title='bbox 1630 3635 1727 3690; x_wconf 82' lang='lat' dir='ltr'>lux</span> <span class='ocrx_word' id='word_1_279' title='bbox 1748 3641 1910 3692; x_wconf 88' lang='lat' dir='ltr'>tanta</span> 
     </span>
    </p>
   </div>
   <div class='ocr_carea' id='block_1_38' title="bbox 248 3725 1907 3796">
    <p class='ocr_par' dir='ltr' id='par_1_38' title="bbox 248 3725 1907 3796">
     <span class='ocr_line' id='line_1_38' title="bbox 248 3725 1907 3796; baseline 0 -16"><span class='ocrx_word' id='word_1_280' title='bbox 248 3726 315 3781; x_wconf 92' lang='lat' dir='ltr'>in</span> <span class='ocrx_word' id='word_1_281' title='bbox 347 3725 523 3782; x_wconf 90' lang='lat' dir='ltr'>corde</span> <span class='ocrx_word' id='word_1_282' title='bbox 555 3741 682 3780; x_wconf 90' lang='lat' dir='ltr'>meo</span> <span class='ocrx_word' id='word_1_283' title='bbox 713 3725 952 3780; x_wconf 89' lang='lat' dir='ltr'>emicuit</span> <span class='ocrx_word' id='word_1_284' title='bbox 984 3730 1045 3778; x_wconf 89' lang='lat' dir='ltr'>ut</span> <span class='ocrx_word' id='word_1_285' title='bbox 1099 3729 1154 3778; x_wconf 92' lang='lat' dir='ltr'>et</span> <span class='ocrx_word' id='word_1_286' title='bbox 1183 3740 1487 3795; x_wconf 90' lang='lat' dir='ltr'>nunquam</span> <span class='ocrx_word' id='word_1_287' title='bbox 1531 3725 1907 3796; x_wconf 90' lang='lat' dir='ltr'>postmodum</span> 
     </span>
    </p>
   </div>
   <div class='ocr_carea' id='block_1_39' title="bbox 255 3811 1908 3880">
    <p class='ocr_par' dir='ltr' id='par_1_39' title="bbox 255 3811 1908 3880">
     <span class='ocr_line' id='line_1_39' title="bbox 255 3811 1908 3880; baseline -0.001 -10"><span class='ocrx_word' id='word_1_288' title='bbox 255 3814 404 3870; x_wconf 81' lang='lat' dir='ltr'>tales</span> <span class='ocrx_word' id='word_1_289' title='bbox 438 3813 825 3869; x_wconf 86' lang='lat' dir='ltr'>dubitationis</span> <span class='ocrx_word' id='word_1_290' title='bbox 873 3811 1184 3868; x_wconf 71' lang='lat' dir='ltr'>mortiferae</span> <span class='ocrx_word' id='word_1_291' title='bbox 1230 3813 1500 3868; x_wconf 89' lang='lat' dir='ltr'>tenebras</span> <span class='ocrx_word' id='word_1_292' title='bbox 1531 3813 1908 3880; x_wconf 86' lang='lat' dir='ltr'>sustinerem,</span> 
     </span>
    </p>
   </div>
   <div class='ocr_carea' id='block_1_40' title="bbox 257 3900 1908 3975">
    <p class='ocr_par' dir='ltr' id='par_1_40' title="bbox 257 3900 1908 3975">
     <span class='ocr_line' id='line_1_40' title="bbox 257 3900 1908 3975; baseline -0.001 -15"><span class='ocrx_word' id='word_1_293' title='bbox 257 3910 314 3960; x_wconf 88' lang='lat' dir='ltr'>et</span> <span class='ocrx_word' id='word_1_294' title='bbox 342 3921 415 3960; x_wconf 84' lang='lat' dir='ltr'>ea.</span> <span class='ocrx_word' id='word_1_295' title='bbox 443 3921 572 3975; x_wconf 62' lang='lat' dir='ltr'>qua</span> <span class='ocrx_word' id='word_1_296' title='bbox 613 3903 811 3958; x_wconf 90' lang='lat' dir='ltr'>minus</span> <span class='ocrx_word' id='word_1_297' title='bbox 843 3907 1011 3957; x_wconf 88' lang='lat' dir='ltr'>antea</span> <span class='ocrx_word' id='word_1_298' title='bbox 1059 3900 1296 3974; x_wconf 80' lang='lat' dir='ltr'>cognovi</span> <span class='ocrx_word' id='word_1_299' title='bbox 1351 3901 1672 3973; x_wconf 90' lang='lat' dir='ltr'>intelligere</span> <span class='ocrx_word' id='word_1_300' title='bbox 1703 3903 1908 3974; x_wconf 74' lang='lat' dir='ltr'>coepis-</span> 
     </span>
    </p>
   </div>
   <div class='ocr_carea' id='block_1_41' title="bbox 253 3990 1913 4064">
    <p class='ocr_par' dir='ltr' id='par_1_41' title="bbox 253 3990 1913 4064">
     <span class='ocr_line' id='line_1_41' title="bbox 253 3990 1913 4064; baseline -0.002 -14"><span class='ocrx_word' id='word_1_301' title='bbox 253 4011 404 4050; x_wconf 84' lang='lat' dir='ltr'>sem.</span> <span class='ocrx_word' id='word_1_302' title='bbox 431 3993 614 4063; x_wconf 87' lang='lat' dir='ltr'>Cujus</span> <span class='ocrx_word' id='word_1_303' title='bbox 645 3992 819 4048; x_wconf 89' lang='lat' dir='ltr'>etiam</span> <span class='ocrx_word' id='word_1_304' title='bbox 851 3990 1240 4063; x_wconf 54' lang='lat' dir='ltr'>intelligentia</span> <span class='ocrx_word' id='word_1_305' title='bbox 1261 3992 1448 4063; x_wconf 86' lang='lat' dir='ltr'>gratia</span> <span class='ocrx_word' id='word_1_306' title='bbox 1479 3990 1533 4044; x_wconf 91' lang='lat' dir='ltr'>in</span> <span class='ocrx_word' id='word_1_307' title='bbox 1563 3995 1786 4046; x_wconf 89' lang='lat' dir='ltr'>tantam</span> <span class='ocrx_word' id='word_1_308' title='bbox 1812 4009 1913 4064; x_wconf 91' lang='lat' dir='ltr'>per</span> 
     </span>
    </p>
   </div>
   <div class='ocr_carea' id='block_1_42' title="bbox 253 4078 1911 4153">
    <p class='ocr_par' dir='ltr' id='par_1_42' title="bbox 253 4078 1911 4153">
     <span class='ocr_line' id='line_1_42' title="bbox 253 4078 1911 4153; baseline -0.001 -17"><span class='ocrx_word' id='word_1_309' title='bbox 253 4083 416 4138; x_wconf 87' lang='lat' dir='ltr'>idem</span> <span class='ocrx_word' id='word_1_310' title='bbox 447 4086 683 4153; x_wconf 85' lang='lat' dir='ltr'>tempus</span> <span class='ocrx_word' id='word_1_311' title='bbox 737 4079 881 4134; x_wconf 88' lang='lat' dir='ltr'>mihi</span> <span class='ocrx_word' id='word_1_312' title='bbox 920 4079 1266 4150; x_wconf 86' lang='lat' dir='ltr'>augebatur,</span> <span class='ocrx_word' id='word_1_313' title='bbox 1307 4083 1372 4133; x_wconf 94' lang='lat' dir='ltr'>ut</span> <span class='ocrx_word' id='word_1_314' title='bbox 1423 4096 1535 4134; x_wconf 90' lang='lat' dir='ltr'>non</span> <span class='ocrx_word' id='word_1_315' title='bbox 1585 4097 1713 4135; x_wconf 90' lang='lat' dir='ltr'>eam</span> <span class='ocrx_word' id='word_1_316' title='bbox 1745 4078 1911 4135; x_wconf 77' lang='lat' dir='ltr'>facile</span> 
     </span>
    </p>
   </div>
   <div class='ocr_carea' id='block_1_43' title="bbox 252 4168 1911 4244">
    <p class='ocr_par' dir='ltr' id='par_1_43' title="bbox 252 4168 1911 4244">
     <span class='ocr_line' id='line_1_43' title="bbox 252 4168 1911 4244; baseline -0.003 -16"><span class='ocrx_word' id='word_1_317' title='bbox 252 4187 492 4244; x_wconf 87' lang='lat' dir='ltr'>possem</span> <span class='ocrx_word' id='word_1_318' title='bbox 521 4169 831 4226; x_wconf 86' lang='lat' dir='ltr'>occultare.</span> <span class='ocrx_word' id='word_1_319' title='bbox 857 4168 1144 4224; x_wconf 87' lang='lat' dir='ltr'>Instinctu</span> <span class='ocrx_word' id='word_1_320' title='bbox 1168 4168 1323 4223; x_wconf 90' lang='lat' dir='ltr'>enim</span> <span class='ocrx_word' id='word_1_321' title='bbox 1359 4168 1911 4239; x_wconf 80' lang='lat' dir='ltr'>quodamineil‘abili</span> 
     </span>
    </p>
   </div>
   <div class='ocr_carea' id='block_1_44' title="bbox 253 4257 1911 4327">
    <p class='ocr_par' dir='ltr' id='par_1_44' title="bbox 253 4257 1911 4327">
     <span class='ocr_line' id='line_1_44' title="bbox 253 4257 1911 4327; baseline -0.002 -11"><span class='ocrx_word' id='word_1_322' title='bbox 253 4267 312 4316; x_wconf 88' lang='lat' dir='ltr'>et</span> <span class='ocrx_word' id='word_1_323' title='bbox 331 4261 559 4316; x_wconf 77' lang='lat' dir='ltr'>fervore</span> <span class='ocrx_word' id='word_1_324' title='bbox 582 4258 821 4315; x_wconf 88' lang='lat' dir='ltr'>insolito</span> <span class='ocrx_word' id='word_1_325' title='bbox 846 4274 1185 4323; x_wconf 90' lang='lat' dir='ltr'>succensus,</span> <span class='ocrx_word' id='word_1_326' title='bbox 1209 4257 1469 4327; x_wconf 88' lang='lat' dir='ltr'>aliquam</span> <span class='ocrx_word' id='word_1_327' title='bbox 1493 4257 1684 4312; x_wconf 90' lang='lat' dir='ltr'>laudis</span> <span class='ocrx_word' id='word_1_328' title='bbox 1706 4257 1911 4312; x_wconf 69' lang='lat' dir='ltr'>divinae</span> 
     </span>
    </p>
   </div>
   <div class='ocr_carea' id='block_1_45' title="bbox 251 4345 1912 4422">
    <p class='ocr_par' dir='ltr' id='par_1_45' title="bbox 251 4345 1912 4422">
     <span class='ocr_line' id='line_1_45' title="bbox 251 4345 1912 4422; baseline -0.002 -17"><span class='ocrx_word' id='word_1_329' title='bbox 251 4365 498 4422; x_wconf 79' lang='lat' dir='ltr'>operam</span> <span class='ocrx_word' id='word_1_330' title='bbox 523 4365 626 4420; x_wconf 90' lang='lat' dir='ltr'>pro</span> <span class='ocrx_word' id='word_1_331' title='bbox 659 4347 848 4420; x_wconf 88' lang='lat' dir='ltr'>gratia</span> <span class='ocrx_word' id='word_1_332' title='bbox 866 4345 1077 4403; x_wconf 90' lang='lat' dir='ltr'>collata</span> <span class='ocrx_word' id='word_1_333' title='bbox 1095 4362 1395 4402; x_wconf 89' lang='lat' dir='ltr'>assumere</span> <span class='ocrx_word' id='word_1_334' title='bbox 1412 4346 1716 4401; x_wconf 87' lang='lat' dir='ltr'>incitabar.</span> <span class='ocrx_word' id='word_1_335' title='bbox 1742 4346 1912 4402; x_wconf 88' lang='lat' dir='ltr'>Cum-</span> 
     </span>
    </p>
   </div>
   <div class='ocr_carea' id='block_1_46' title="bbox 248 4435 1914 4511">
    <p class='ocr_par' dir='ltr' id='par_1_46' title="bbox 248 4435 1914 4511">
     <span class='ocr_line' id='line_1_46' title="bbox 248 4435 1914 4511; baseline -0.003 -16"><span class='ocrx_word' id='word_1_336' title='bbox 248 4455 369 4511; x_wconf 80' lang='lat' dir='ltr'>qae</span> <span class='ocrx_word' id='word_1_337' title='bbox 403 4439 674 4494; x_wconf 85' lang='lat' dir='ltr'>eamdem</span> <span class='ocrx_word' id='word_1_338' title='bbox 706 4436 1104 4508; x_wconf 64' lang='lat' dir='ltr'>intelligentia</span> <span class='ocrx_word' id='word_1_339' title='bbox 1137 4435 1386 4506; x_wconf 84' lang='lat' dir='ltr'>gratiam</span> <span class='ocrx_word' id='word_1_340' title='bbox 1422 4452 1523 4490; x_wconf 92' lang='lat' dir='ltr'>nec</span> <span class='ocrx_word' id='word_1_341' title='bbox 1558 4453 1798 4507; x_wconf 90' lang='lat' dir='ltr'>prorsus</span> <span class='ocrx_word' id='word_1_342' title='bbox 1835 4442 1914 4491; x_wconf 87' lang='lat' dir='ltr'>ta-</span> 
     </span>
    </p>
   </div>
   <div class='ocr_carea' id='block_1_47' title="bbox 249 4524 1908 4596">
    <p class='ocr_par' dir='ltr' id='par_1_47' title="bbox 249 4524 1908 4596">
     <span class='ocr_line' id='line_1_47' title="bbox 249 4524 1908 4596; baseline -0.002 -13"><span class='ocrx_word' id='word_1_343' title='bbox 249 4544 386 4584; x_wconf 86' lang='lat' dir='ltr'>cere</span> <span class='ocrx_word' id='word_1_344' title='bbox 447 4544 552 4582; x_wconf 91' lang='lat' dir='ltr'>nec</span> <span class='ocrx_word' id='word_1_345' title='bbox 605 4525 970 4582; x_wconf 87' lang='lat' dir='ltr'>convenienti</span> <span class='ocrx_word' id='word_1_346' title='bbox 1029 4524 1250 4580; x_wconf 83' lang='lat' dir='ltr'>ratione</span> <span class='ocrx_word' id='word_1_347' title='bbox 1303 4541 1533 4595; x_wconf 88' lang='lat' dir='ltr'>possem</span> <span class='ocrx_word' id='word_1_348' title='bbox 1584 4525 1908 4596; x_wconf 88' lang='lat' dir='ltr'>perbibere,</span> 
     </span>
    </p>
   </div>
   <div class='ocr_carea' id='block_1_48' title="bbox 1991 591 3631 664">
    <p class='ocr_par' dir='ltr' id='par_1_48' title="bbox 1991 591 3631 664">
     <span class='ocr_line' id='line_1_48' title="bbox 1991 591 3631 664; baseline 0.004 -18"><span class='ocrx_word' id='word_1_349' title='bbox 1991 606 2196 658; x_wconf 90' lang='lat' dir='ltr'>scens;</span> <span class='ocrx_word' id='word_1_350' title='bbox 2233 596 2332 645; x_wconf 92' lang='lat' dir='ltr'>aut</span> <span class='ocrx_word' id='word_1_351' title='bbox 2362 607 2452 646; x_wconf 90' lang='lat' dir='ltr'>me</span> <span class='ocrx_word' id='word_1_352' title='bbox 2481 591 2782 646; x_wconf 85' lang='lat' dir='ltr'>victoriam</span> <span class='ocrx_word' id='word_1_353' title='bbox 2837 592 3128 662; x_wconf 83' lang='lat' dir='ltr'>adeptam,</span> <span class='ocrx_word' id='word_1_354' title='bbox 3160 609 3284 664; x_wconf 67' lang='lat' dir='ltr'>quae</span> <span class='ocrx_word' id='word_1_355' title='bbox 3319 611 3447 652; x_wconf 91' lang='lat' dir='ltr'>mea</span> <span class='ocrx_word' id='word_1_356' title='bbox 3479 607 3631 653; x_wconf 80' lang='lat' dir='ltr'>nun-</span> 
     </span>
    </p>
   </div>
   <div class='ocr_carea' id='block_1_49' title="bbox 1992 679 3631 757">
    <p class='ocr_par' dir='ltr' id='par_1_49' title="bbox 1992 679 3631 757">
     <span class='ocr_line' id='line_1_49' title="bbox 1992 679 3631 757; baseline 0.005 -23"><span class='ocrx_word' id='word_1_357' title='bbox 1992 695 2166 750; x_wconf 90' lang='lat' dir='ltr'>quam</span> <span class='ocrx_word' id='word_1_358' title='bbox 2185 683 2295 744; x_wconf 90' lang='lat' dir='ltr'>est,</span> <span class='ocrx_word' id='word_1_359' title='bbox 2318 679 2587 736; x_wconf 88' lang='lat' dir='ltr'>mihimet</span> <span class='ocrx_word' id='word_1_360' title='bbox 2607 681 2918 752; x_wconf 84' lang='lat' dir='ltr'>deputasse</span> <span class='ocrx_word' id='word_1_361' title='bbox 2939 680 3285 750; x_wconf 85' lang='lat' dir='ltr'>arbitretur;</span> <span class='ocrx_word' id='word_1_362' title='bbox 3309 701 3410 739; x_wconf 89' lang='lat' dir='ltr'>seu</span> <span class='ocrx_word' id='word_1_363' title='bbox 3433 685 3631 757; x_wconf 91' lang='lat' dir='ltr'>etiam,</span> 
     </span>
    </p>
   </div>
   <div class='ocr_carea' id='block_1_50' title="bbox 1992 767 3632 843">
    <p class='ocr_par' dir='ltr' id='par_1_50' title="bbox 1992 767 3632 843">
     <span class='ocr_line' id='line_1_50' title="bbox 1992 767 3632 843; baseline 0.005 -21"><span class='ocrx_word' id='word_1_364' title='bbox 1992 767 2156 839; x_wconf 91' lang='lat' dir='ltr'>quasi</span> <span class='ocrx_word' id='word_1_365' title='bbox 2194 768 2337 822; x_wconf 89' lang='lat' dir='ltr'>mihi</span> <span class='ocrx_word' id='word_1_366' title='bbox 2386 769 2662 824; x_wconf 86' lang='lat' dir='ltr'>defuisset</span> <span class='ocrx_word' id='word_1_367' title='bbox 2710 769 2990 840; x_wconf 84' lang='lat' dir='ltr'>protectio</span> <span class='ocrx_word' id='word_1_368' title='bbox 3039 768 3232 826; x_wconf 83' lang='lat' dir='ltr'>divina</span> <span class='ocrx_word' id='word_1_369' title='bbox 3280 773 3335 828; x_wconf 89' lang='lat' dir='ltr'>in</span> <span class='ocrx_word' id='word_1_370' title='bbox 3373 775 3540 843; x_wconf 89' lang='lat' dir='ltr'>meis,</span> <span class='ocrx_word' id='word_1_371' title='bbox 3571 775 3632 831; x_wconf 88' lang='lat' dir='ltr'>in</span> 
     </span>
    </p>
   </div>
   <div class='ocr_carea' id='block_1_51' title="bbox 1992 856 3635 928">
    <p class='ocr_par' dir='ltr' id='par_1_51' title="bbox 1992 856 3635 928">
     <span class='ocr_line' id='line_1_51' title="bbox 1992 856 3635 928; baseline 0.005 -17"><span class='ocrx_word' id='word_1_372' title='bbox 1992 856 2116 913; x_wconf 87' lang='lat' dir='ltr'>suis</span> <span class='ocrx_word' id='word_1_373' title='bbox 2147 857 2362 928; x_wconf 83' lang='lat' dir='ltr'>pariter</span> <span class='ocrx_word' id='word_1_374' title='bbox 2409 858 2831 913; x_wconf 81' lang='lat' dir='ltr'>tentationibus</span> <span class='ocrx_word' id='word_1_375' title='bbox 2862 858 3016 912; x_wconf 92' lang='lat' dir='ltr'>idem</span> <span class='ocrx_word' id='word_1_376' title='bbox 3065 858 3174 914; x_wconf 90' lang='lat' dir='ltr'>sibi</span> <span class='ocrx_word' id='word_1_377' title='bbox 3204 867 3512 919; x_wconf 88' lang='lat' dir='ltr'>venturum</span> <span class='ocrx_word' id='word_1_378' title='bbox 3547 879 3635 919; x_wconf 83' lang='lat' dir='ltr'>ve-</span> 
     </span>
    </p>
   </div>
   <div class='ocr_carea' id='block_1_52' title="bbox 1992 945 3636 1016">
    <p class='ocr_par' dir='ltr' id='par_1_52' title="bbox 1992 945 3636 1016">
     <span class='ocr_line' id='line_1_52' title="bbox 1992 945 3636 1016; baseline 0.005 -16"><span class='ocrx_word' id='word_1_379' title='bbox 1992 950 2206 1000; x_wconf 89' lang='lat' dir='ltr'>reatur.</span> <span class='ocrx_word' id='word_1_380' title='bbox 2223 945 2324 1001; x_wconf 88' lang='lat' dir='ltr'>Cui</span> <span class='ocrx_word' id='word_1_381' title='bbox 2346 946 2662 1016; x_wconf 86' lang='lat' dir='ltr'>suspicioni</span> <span class='ocrx_word' id='word_1_382' title='bbox 2686 945 2910 1000; x_wconf 90' lang='lat' dir='ltr'>nullum</span> <span class='ocrx_word' id='word_1_383' title='bbox 2935 945 3082 1002; x_wconf 85' lang='lat' dir='ltr'>dans</span> <span class='ocrx_word' id='word_1_384' title='bbox 3104 947 3318 1015; x_wconf 90' lang='lat' dir='ltr'>locum,</span> <span class='ocrx_word' id='word_1_385' title='bbox 3347 952 3527 1008; x_wconf 84' lang='lat' dir='ltr'>fateor</span> <span class='ocrx_word' id='word_1_386' title='bbox 3542 969 3636 1009; x_wconf 81' lang='lat' dir='ltr'>me</span> 
     </span>
    </p>
   </div>
   <div class='ocr_carea' id='block_1_53' title="bbox 1993 1034 3636 1109">
    <p class='ocr_par' dir='ltr' id='par_1_53' title="bbox 1993 1034 3636 1109">
     <span class='ocr_line' id='line_1_53' title="bbox 1993 1034 3636 1109; baseline 0.005 -21"><span class='ocrx_word' id='word_1_387' title='bbox 1993 1041 2195 1090; x_wconf 86' lang='lat' dir='ltr'>contra</span> <span class='ocrx_word' id='word_1_388' title='bbox 2215 1034 2429 1089; x_wconf 90' lang='lat' dir='ltr'>diaboli</span> <span class='ocrx_word' id='word_1_389' title='bbox 2452 1034 2696 1090; x_wconf 87' lang='lat' dir='ltr'>insidias</span> <span class='ocrx_word' id='word_1_390' title='bbox 2720 1035 2876 1090; x_wconf 88' lang='lat' dir='ltr'>omni</span> <span class='ocrx_word' id='word_1_391' title='bbox 2905 1037 3076 1090; x_wconf 90' lang='lat' dir='ltr'>modo</span> <span class='ocrx_word' id='word_1_392' title='bbox 3097 1051 3199 1108; x_wconf 92' lang='lat' dir='ltr'>per</span> <span class='ocrx_word' id='word_1_393' title='bbox 3219 1039 3463 1109; x_wconf 86' lang='lat' dir='ltr'>gratiam</span> <span class='ocrx_word' id='word_1_394' title='bbox 3497 1042 3636 1096; x_wconf 87' lang='lat' dir='ltr'>divi-</span> 
     </span>
    </p>
   </div>
   <div class='ocr_carea' id='block_1_54' title="bbox 1994 1124 3636 1198">
    <p class='ocr_par' dir='ltr' id='par_1_54' title="bbox 1994 1124 3636 1198">
     <span class='ocr_line' id='line_1_54' title="bbox 1994 1124 3636 1198; baseline 0.005 -21"><span class='ocrx_word' id='word_1_395' title='bbox 1994 1140 2129 1178; x_wconf 90' lang='lat' dir='ltr'>nam</span> <span class='ocrx_word' id='word_1_396' title='bbox 2163 1124 2540 1191; x_wconf 84' lang='lat' dir='ltr'>instructum,</span> <span class='ocrx_word' id='word_1_397' title='bbox 2563 1141 2664 1180; x_wconf 91' lang='lat' dir='ltr'>seu</span> <span class='ocrx_word' id='word_1_398' title='bbox 2697 1124 2922 1180; x_wconf 87' lang='lat' dir='ltr'>desidia</span> <span class='ocrx_word' id='word_1_399' title='bbox 2943 1124 3294 1198; x_wconf 84' lang='lat' dir='ltr'>lasciviaque</span> <span class='ocrx_word' id='word_1_400' title='bbox 3316 1129 3495 1183; x_wconf 90' lang='lat' dir='ltr'>animi</span> <span class='ocrx_word' id='word_1_401' title='bbox 3523 1135 3636 1186; x_wconf 86' lang='lat' dir='ltr'>tor-</span> 
     </span>
    </p>
   </div>
   <div class='ocr_carea' id='block_1_55' title="bbox 1993 1213 3638 1290">
    <p class='ocr_par' dir='ltr' id='par_1_55' title="bbox 1993 1213 3638 1290">
     <span class='ocr_line' id='line_1_55' title="bbox 1993 1213 3638 1290; baseline 0.004 -22"><span class='ocrx_word' id='word_1_402' title='bbox 1993 1219 2225 1285; x_wconf 90' lang='lat' dir='ltr'>pentem</span> <span class='ocrx_word' id='word_1_403' title='bbox 2251 1213 2410 1269; x_wconf 91' lang='lat' dir='ltr'>nullo</span> <span class='ocrx_word' id='word_1_404' title='bbox 2435 1230 2692 1285; x_wconf 88' lang='lat' dir='ltr'>unquam</span> <span class='ocrx_word' id='word_1_405' title='bbox 2725 1214 3040 1269; x_wconf 83' lang='lat' dir='ltr'>certamine</span> <span class='ocrx_word' id='word_1_406' title='bbox 3060 1215 3272 1279; x_wconf 88' lang='lat' dir='ltr'>debito,</span> <span class='ocrx_word' id='word_1_407' title='bbox 3296 1223 3398 1272; x_wconf 88' lang='lat' dir='ltr'>aut</span> <span class='ocrx_word' id='word_1_408' title='bbox 3418 1218 3638 1290; x_wconf 81' lang='lat' dir='ltr'>vigilia-</span> 
     </span>
    </p>
   </div>
   <div class='ocr_carea' id='block_1_56' title="bbox 1995 1303 3637 1379">
    <p class='ocr_par' dir='ltr' id='par_1_56' title="bbox 1995 1303 3637 1379">
     <span class='ocr_line' id='line_1_56' title="bbox 1995 1303 3637 1379; baseline 0.004 -22"><span class='ocrx_word' id='word_1_409' title='bbox 1995 1319 2148 1370; x_wconf 85' lang='lat' dir='ltr'>rum,</span> <span class='ocrx_word' id='word_1_410' title='bbox 2183 1307 2281 1357; x_wconf 89' lang='lat' dir='ltr'>aut</span> <span class='ocrx_word' id='word_1_411' title='bbox 2303 1303 2536 1373; x_wconf 90' lang='lat' dir='ltr'>jejunii,</span> <span class='ocrx_word' id='word_1_412' title='bbox 2567 1319 2667 1357; x_wconf 91' lang='lat' dir='ltr'>seu</span> <span class='ocrx_word' id='word_1_413' title='bbox 2699 1303 3102 1376; x_wconf 89' lang='lat' dir='ltr'>cujuscunque</span> <span class='ocrx_word' id='word_1_414' title='bbox 3131 1305 3502 1362; x_wconf 64' lang='lat' dir='ltr'>continentia</span> <span class='ocrx_word' id='word_1_415' title='bbox 3534 1323 3637 1379; x_wconf 90' lang='lat' dir='ltr'>pro</span> 
     </span>
    </p>
   </div>
   <div class='ocr_carea' id='block_1_57' title="bbox 1993 1390 3638 1464">
    <p class='ocr_par' dir='ltr' id='par_1_57' title="bbox 1993 1390 3638 1464">
     <span class='ocr_line' id='line_1_57' title="bbox 1993 1390 3638 1464; baseline 0.003 -18"><span class='ocrx_word' id='word_1_416' title='bbox 1993 1391 2219 1446; x_wconf 86' lang='lat' dir='ltr'>viribus</span> <span class='ocrx_word' id='word_1_417' title='bbox 2252 1392 2402 1448; x_wconf 88' lang='lat' dir='ltr'>datis</span> <span class='ocrx_word' id='word_1_418' title='bbox 2432 1407 2745 1464; x_wconf 88' lang='lat' dir='ltr'>pugnasse.</span> <span class='ocrx_word' id='word_1_419' title='bbox 2781 1390 2925 1446; x_wconf 89' lang='lat' dir='ltr'>Nam</span> <span class='ocrx_word' id='word_1_420' title='bbox 2968 1397 3032 1447; x_wconf 94' lang='lat' dir='ltr'>ut</span> <span class='ocrx_word' id='word_1_421' title='bbox 3066 1399 3398 1463; x_wconf 63' lang='lat' dir='ltr'>prieteream</span> <span class='ocrx_word' id='word_1_422' title='bbox 3429 1395 3638 1452; x_wconf 85' lang='lat' dir='ltr'>collata</span> 
     </span>
    </p>
   </div>
   <div class='ocr_carea' id='block_1_58' title="bbox 1995 1479 3640 1554">
    <p class='ocr_par' dir='ltr' id='par_1_58' title="bbox 1995 1479 3640 1554">
     <span class='ocr_line' id='line_1_58' title="bbox 1995 1479 3640 1554; baseline 0.003 -19"><span class='ocrx_word' id='word_1_423' title='bbox 1995 1480 2250 1536; x_wconf 68' lang='lat' dir='ltr'>scientiae</span> <span class='ocrx_word' id='word_1_424' title='bbox 2265 1479 2526 1536; x_wconf 88' lang='lat' dir='ltr'>liberalis</span> <span class='ocrx_word' id='word_1_425' title='bbox 2543 1481 2694 1535; x_wconf 91' lang='lat' dir='ltr'>dona</span> <span class='ocrx_word' id='word_1_426' title='bbox 2717 1497 2842 1551; x_wconf 64' lang='lat' dir='ltr'>qua;</span> <span class='ocrx_word' id='word_1_427' title='bbox 2860 1481 3402 1554; x_wconf 88' lang='lat' dir='ltr'>circumspectionis</span> <span class='ocrx_word' id='word_1_428' title='bbox 3423 1485 3640 1540; x_wconf 91' lang='lat' dir='ltr'>instru-</span> 
     </span>
    </p>
   </div>
   <div class='ocr_carea' id='block_1_59' title="bbox 1997 1569 3640 1644">
    <p class='ocr_par' dir='ltr' id='par_1_59' title="bbox 1997 1569 3640 1644">
     <span class='ocr_line' id='line_1_59' title="bbox 1997 1569 3640 1644; baseline 0.002 -20"><span class='ocrx_word' id='word_1_429' title='bbox 1997 1576 2192 1625; x_wconf 92' lang='lat' dir='ltr'>menta</span> <span class='ocrx_word' id='word_1_430' title='bbox 2222 1574 2493 1624; x_wconf 91' lang='lat' dir='ltr'>constant</span> <span class='ocrx_word' id='word_1_431' title='bbox 2515 1569 2788 1638; x_wconf 83' lang='lat' dir='ltr'>maxima,</span> <span class='ocrx_word' id='word_1_432' title='bbox 2815 1570 3052 1624; x_wconf 90' lang='lat' dir='ltr'>memini</span> <span class='ocrx_word' id='word_1_433' title='bbox 3080 1587 3171 1625; x_wconf 86' lang='lat' dir='ltr'>me</span> <span class='ocrx_word' id='word_1_434' title='bbox 3204 1573 3551 1644; x_wconf 79' lang='lat' dir='ltr'>frequenter,</span> <span class='ocrx_word' id='word_1_435' title='bbox 3581 1578 3640 1630; x_wconf 83' lang='lat' dir='ltr'>et</span> 
     </span>
    </p>
   </div>
   <div class='ocr_carea' id='block_1_60' title="bbox 1997 1658 3638 1728">
    <p class='ocr_par' dir='ltr' id='par_1_60' title="bbox 1997 1658 3638 1728">
     <span class='ocr_line' id='line_1_60' title="bbox 1997 1658 3638 1728; baseline 0.003 -15"><span class='ocrx_word' id='word_1_436' title='bbox 1997 1659 2249 1714; x_wconf 86' lang='lat' dir='ltr'>maxime</span> <span class='ocrx_word' id='word_1_437' title='bbox 2269 1675 2401 1713; x_wconf 92' lang='lat' dir='ltr'>cum</span> <span class='ocrx_word' id='word_1_438' title='bbox 2418 1658 2670 1728; x_wconf 89' lang='lat' dir='ltr'>primum</span> <span class='ocrx_word' id='word_1_439' title='bbox 2691 1659 2762 1713; x_wconf 89' lang='lat' dir='ltr'>dc</span> <span class='ocrx_word' id='word_1_440' title='bbox 2778 1663 2964 1713; x_wconf 87' lang='lat' dir='ltr'>stratu</span> <span class='ocrx_word' id='word_1_441' title='bbox 2983 1674 3108 1714; x_wconf 90' lang='lat' dir='ltr'>meo</span> <span class='ocrx_word' id='word_1_442' title='bbox 3130 1661 3187 1714; x_wconf 92' lang='lat' dir='ltr'>in</span> <span class='ocrx_word' id='word_1_443' title='bbox 3215 1663 3521 1718; x_wconf 87' lang='lat' dir='ltr'>matutinis</span> <span class='ocrx_word' id='word_1_444' title='bbox 3543 1679 3638 1718; x_wconf 86' lang='lat' dir='ltr'>ex-</span> 
     </span>
    </p>
   </div>
   <div class='ocr_carea' id='block_1_61' title="bbox 1997 1745 3642 1819">
    <p class='ocr_par' dir='ltr' id='par_1_61' title="bbox 1997 1745 3642 1819">
     <span class='ocr_line' id='line_1_61' title="bbox 1997 1745 3642 1819; baseline 0.002 -17"><span class='ocrx_word' id='word_1_445' title='bbox 1997 1763 2294 1819; x_wconf 89' lang='lat' dir='ltr'>surgerem</span> <span class='ocrx_word' id='word_1_446' title='bbox 2328 1745 2506 1817; x_wconf 85' lang='lat' dir='ltr'>horis,</span> <span class='ocrx_word' id='word_1_447' title='bbox 2541 1762 2672 1800; x_wconf 80' lang='lat' dir='ltr'>mox</span> <span class='ocrx_word' id='word_1_448' title='bbox 2705 1763 2737 1800; x_wconf 91' lang='lat' dir='ltr'>a</span> <span class='ocrx_word' id='word_1_449' title='bbox 2769 1748 3020 1817; x_wconf 89' lang='lat' dir='ltr'>quodam</span> <span class='ocrx_word' id='word_1_450' title='bbox 3055 1749 3220 1818; x_wconf 87' lang='lat' dir='ltr'>quasi</span> <span class='ocrx_word' id='word_1_451' title='bbox 3255 1763 3480 1805; x_wconf 90' lang='lat' dir='ltr'>mecum</span> <span class='ocrx_word' id='word_1_452' title='bbox 3515 1768 3642 1806; x_wconf 79' lang='lat' dir='ltr'>sur-</span> 
     </span>
    </p>
   </div>
   <div class='ocr_carea' id='block_1_62' title="bbox 1998 1834 3638 1908">
    <p class='ocr_par' dir='ltr' id='par_1_62' title="bbox 1998 1834 3638 1908">
     <span class='ocr_line' id='line_1_62' title="bbox 1998 1834 3638 1908; baseline 0.002 -16"><span class='ocrx_word' id='word_1_453' title='bbox 1998 1839 2188 1908; x_wconf 88' lang='lat' dir='ltr'>gente,</span> <span class='ocrx_word' id='word_1_454' title='bbox 2223 1851 2567 1907; x_wconf 86' lang='lat' dir='ltr'>mecumque</span> <span class='ocrx_word' id='word_1_455' title='bbox 2597 1834 2772 1890; x_wconf 90' lang='lat' dir='ltr'>simul</span> <span class='ocrx_word' id='word_1_456' title='bbox 2805 1835 3125 1906; x_wconf 88' lang='lat' dir='ltr'>gradiente,</span> <span class='ocrx_word' id='word_1_457' title='bbox 3157 1851 3258 1908; x_wconf 90' lang='lat' dir='ltr'>per</span> <span class='ocrx_word' id='word_1_458' title='bbox 3286 1838 3638 1896; x_wconf 73' lang='lat' dir='ltr'>ineffabilem</span> 
     </span>
    </p>
   </div>
   <div class='ocr_carea' id='block_1_63' title="bbox 1999 1923 3638 1996">
    <p class='ocr_par' dir='ltr' id='par_1_63' title="bbox 1999 1923 3638 1996">
     <span class='ocr_line' id='line_1_63' title="bbox 1999 1923 3638 1996; baseline 0.002 -16"><span class='ocrx_word' id='word_1_459' title='bbox 1999 1925 2238 1980; x_wconf 91' lang='lat' dir='ltr'>modum</span> <span class='ocrx_word' id='word_1_460' title='bbox 2262 1941 2415 1979; x_wconf 91' lang='lat' dir='ltr'>nunc</span> <span class='ocrx_word' id='word_1_461' title='bbox 2437 1923 2746 1994; x_wconf 91' lang='lat' dir='ltr'>increpari,</span> <span class='ocrx_word' id='word_1_462' title='bbox 2779 1923 3294 1980; x_wconf 89' lang='lat' dir='ltr'>interdumleniter</span> <span class='ocrx_word' id='word_1_463' title='bbox 3315 1927 3638 1996; x_wconf 87' lang='lat' dir='ltr'>admoneri,</span> 
     </span>
    </p>
   </div>
   <div class='ocr_carea' id='block_1_64' title="bbox 1999 2011 3644 2085">
    <p class='ocr_par' dir='ltr' id='par_1_64' title="bbox 1999 2011 3644 2085">
     <span class='ocr_line' id='line_1_64' title="bbox 1999 2011 3644 2085; baseline 0.001 -16"><span class='ocrx_word' id='word_1_464' title='bbox 1999 2015 2200 2069; x_wconf 83' lang='lat' dir='ltr'>crebro</span> <span class='ocrx_word' id='word_1_465' title='bbox 2231 2013 2405 2067; x_wconf 86' lang='lat' dir='ltr'>etiam</span> <span class='ocrx_word' id='word_1_466' title='bbox 2433 2011 2765 2067; x_wconf 90' lang='lat' dir='ltr'>humillimo</span> <span class='ocrx_word' id='word_1_467' title='bbox 2789 2011 2922 2066; x_wconf 88' lang='lat' dir='ltr'>nisu</span> <span class='ocrx_word' id='word_1_468' title='bbox 2954 2013 3644 2085; x_wconf 87' lang='lat' dir='ltr'>obsecrariproemenda-</span> 
     </span>
    </p>
   </div>
   <div class='ocr_carea' id='block_1_65' title="bbox 2000 2100 3643 2175">
    <p class='ocr_par' dir='ltr' id='par_1_65' title="bbox 2000 2100 3643 2175">
     <span class='ocr_line' id='line_1_65' title="bbox 2000 2100 3643 2175; baseline 0.001 -17"><span class='ocrx_word' id='word_1_469' title='bbox 2000 2103 2156 2158; x_wconf 90' lang='lat' dir='ltr'>tione</span> <span class='ocrx_word' id='word_1_470' title='bbox 2188 2117 2418 2156; x_wconf 90' lang='lat' dir='ltr'>morum</span> <span class='ocrx_word' id='word_1_471' title='bbox 2441 2104 2496 2155; x_wconf 89' lang='lat' dir='ltr'>et</span> <span class='ocrx_word' id='word_1_472' title='bbox 2525 2100 2820 2163; x_wconf 84' lang='lat' dir='ltr'>vitiorum,</span> <span class='ocrx_word' id='word_1_473' title='bbox 2849 2116 3050 2155; x_wconf 90' lang='lat' dir='ltr'>eorum</span> <span class='ocrx_word' id='word_1_474' title='bbox 3082 2102 3317 2173; x_wconf 87' lang='lat' dir='ltr'>quidem</span> <span class='ocrx_word' id='word_1_475' title='bbox 3350 2103 3643 2175; x_wconf 82' lang='lat' dir='ltr'>imprimis</span> 
     </span>
    </p>
   </div>
   <div class='ocr_carea' id='block_1_66' title="bbox 2002 2189 3644 2262">
    <p class='ocr_par' dir='ltr' id='par_1_66' title="bbox 2002 2189 3644 2262">
     <span class='ocr_line' id='line_1_66' title="bbox 2002 2189 3644 2262; baseline 0.001 -15"><span class='ocrx_word' id='word_1_476' title='bbox 2002 2208 2125 2262; x_wconf 71' lang='lat' dir='ltr'>quae</span> <span class='ocrx_word' id='word_1_477' title='bbox 2152 2192 2422 2246; x_wconf 91' lang='lat' dir='ltr'>hesterno</span> <span class='ocrx_word' id='word_1_478' title='bbox 2478 2189 2716 2244; x_wconf 70' lang='lat' dir='ltr'>forsitan</span> <span class='ocrx_word' id='word_1_479' title='bbox 2751 2189 2842 2244; x_wconf 91' lang='lat' dir='ltr'>die</span> <span class='ocrx_word' id='word_1_480' title='bbox 2890 2189 3245 2261; x_wconf 74' lang='lat' dir='ltr'>ignoranter.</span> <span class='ocrx_word' id='word_1_481' title='bbox 3272 2192 3644 2249; x_wconf 89' lang='lat' dir='ltr'>committens</span> 
     </span>
    </p>
   </div>
   <div class='ocr_carea' id='block_1_67' title="bbox 2003 2278 3644 2354">
    <p class='ocr_par' dir='ltr' id='par_1_67' title="bbox 2003 2278 3644 2354">
     <span class='ocr_line' id='line_1_67' title="bbox 2003 2278 3644 2354; baseline 0.001 -19"><span class='ocrx_word' id='word_1_482' title='bbox 2003 2299 2104 2354; x_wconf 91' lang='lat' dir='ltr'>pro</span> <span class='ocrx_word' id='word_1_483' title='bbox 2141 2280 2322 2335; x_wconf 88' lang='lat' dir='ltr'>nihilo</span> <span class='ocrx_word' id='word_1_484' title='bbox 2356 2279 2529 2345; x_wconf 84' lang='lat' dir='ltr'>duxi;</span> <span class='ocrx_word' id='word_1_485' title='bbox 2565 2278 2773 2334; x_wconf 90' lang='lat' dir='ltr'>deinde</span> <span class='ocrx_word' id='word_1_486' title='bbox 2821 2295 2951 2333; x_wconf 91' lang='lat' dir='ltr'>vero</span> <span class='ocrx_word' id='word_1_487' title='bbox 2983 2295 3084 2350; x_wconf 90' lang='lat' dir='ltr'>pro</span> <span class='ocrx_word' id='word_1_488' title='bbox 3134 2295 3335 2335; x_wconf 90' lang='lat' dir='ltr'>eorum</span> <span class='ocrx_word' id='word_1_489' title='bbox 3368 2282 3644 2336; x_wconf 83' lang='lat' dir='ltr'>emenda-</span> 
     </span>
    </p>
   </div>
   <div class='ocr_carea' id='block_1_68' title="bbox 2001 2369 3650 2440">
    <p class='ocr_par' dir='ltr' id='par_1_68' title="bbox 2001 2369 3650 2440">
     <span class='ocr_line' id='line_1_68' title="bbox 2001 2369 3650 2440; baseline 0.001 -15"><span class='ocrx_word' id='word_1_490' title='bbox 2001 2371 2178 2437; x_wconf 89' lang='lat' dir='ltr'>tione,</span> <span class='ocrx_word' id='word_1_491' title='bbox 2231 2387 2359 2440; x_wconf 67' lang='lat' dir='ltr'>quae</span> <span class='ocrx_word' id='word_1_492' title='bbox 2417 2369 2476 2422; x_wconf 90' lang='lat' dir='ltr'>in</span> <span class='ocrx_word' id='word_1_493' title='bbox 2535 2383 2885 2438; x_wconf 89' lang='lat' dir='ltr'>quocunque</span> <span class='ocrx_word' id='word_1_494' title='bbox 2941 2373 3200 2440; x_wconf 89' lang='lat' dir='ltr'>tempore</span> <span class='ocrx_word' id='word_1_495' title='bbox 3257 2369 3488 2435; x_wconf 89' lang='lat' dir='ltr'>admisi,</span> <span class='ocrx_word' id='word_1_496' title='bbox 3548 2374 3650 2426; x_wconf 83' lang='lat' dir='ltr'>aut</span> 
     </span>
    </p>
   </div>
   <div class='ocr_carea' id='block_1_69' title="bbox 2003 2456 3648 2532">
    <p class='ocr_par' dir='ltr' id='par_1_69' title="bbox 2003 2456 3648 2532">
     <span class='ocr_line' id='line_1_69' title="bbox 2003 2456 3648 2532; baseline -0.001 -17"><span class='ocrx_word' id='word_1_497' title='bbox 2003 2460 2196 2532; x_wconf 90' lang='lat' dir='ltr'>inepte</span> <span class='ocrx_word' id='word_1_498' title='bbox 2219 2458 2481 2527; x_wconf 85' lang='lat' dir='ltr'>ridendo,</span> <span class='ocrx_word' id='word_1_499' title='bbox 2511 2456 2860 2512; x_wconf 89' lang='lat' dir='ltr'>autincaute</span> <span class='ocrx_word' id='word_1_500' title='bbox 2885 2457 3193 2528; x_wconf 87' lang='lat' dir='ltr'>loquendo,</span> <span class='ocrx_word' id='word_1_501' title='bbox 3213 2474 3314 2512; x_wconf 84' lang='lat' dir='ltr'>seu</span> <span class='ocrx_word' id='word_1_502' title='bbox 3347 2460 3521 2514; x_wconf 89' lang='lat' dir='ltr'>etiam</span> <span class='ocrx_word' id='word_1_503' title='bbox 3555 2460 3648 2514; x_wconf 91' lang='lat' dir='ltr'>in-</span> 
     </span>
    </p>
   </div>
   <div class='ocr_carea' id='block_1_70' title="bbox 2005 2546 3646 2620">
    <p class='ocr_par' dir='ltr' id='par_1_70' title="bbox 2005 2546 3646 2620">
     <span class='ocr_line' id='line_1_70' title="bbox 2005 2546 3646 2620; baseline 0 -17"><span class='ocrx_word' id='word_1_504' title='bbox 2005 2548 2173 2604; x_wconf 86' lang='lat' dir='ltr'>utilia</span> <span class='ocrx_word' id='word_1_505' title='bbox 2204 2547 2543 2620; x_wconf 88' lang='lat' dir='ltr'>cogitando:</span> <span class='ocrx_word' id='word_1_506' title='bbox 2568 2548 2858 2617; x_wconf 88' lang='lat' dir='ltr'>postremo</span> <span class='ocrx_word' id='word_1_507' title='bbox 2881 2561 2981 2617; x_wconf 88' lang='lat' dir='ltr'>pro</span> <span class='ocrx_word' id='word_1_508' title='bbox 3012 2546 3418 2601; x_wconf 86' lang='lat' dir='ltr'>emendatione</span> <span class='ocrx_word' id='word_1_509' title='bbox 3448 2548 3646 2616; x_wconf 85' lang='lat' dir='ltr'>cujus-</span> 
     </span>
    </p>
   </div>
   <div class='ocr_carea' id='block_1_71' title="bbox 2003 2633 3651 2706">
    <p class='ocr_par' dir='ltr' id='par_1_71' title="bbox 2003 2633 3651 2706">
     <span class='ocr_line' id='line_1_71' title="bbox 2003 2633 3651 2706; baseline -0.002 -13"><span class='ocrx_word' id='word_1_510' title='bbox 2003 2637 2144 2692; x_wconf 90' lang='lat' dir='ltr'>libet</span> <span class='ocrx_word' id='word_1_511' title='bbox 2172 2635 2317 2702; x_wconf 85' lang='lat' dir='ltr'>vitii,</span> <span class='ocrx_word' id='word_1_512' title='bbox 2352 2635 2505 2706; x_wconf 81' lang='lat' dir='ltr'>quod</span> <span class='ocrx_word' id='word_1_513' title='bbox 2563 2633 2731 2704; x_wconf 91' lang='lat' dir='ltr'>longe</span> <span class='ocrx_word' id='word_1_514' title='bbox 2757 2633 2881 2703; x_wconf 88' lang='lat' dir='ltr'>jam</span> <span class='ocrx_word' id='word_1_515' title='bbox 2914 2637 3085 2688; x_wconf 79' lang='lat' dir='ltr'>antea</span> <span class='ocrx_word' id='word_1_516' title='bbox 3135 2639 3528 2706; x_wconf 87' lang='lat' dir='ltr'>perpetratum</span> <span class='ocrx_word' id='word_1_517' title='bbox 3559 2633 3651 2690; x_wconf 80' lang='lat' dir='ltr'>vix</span> 
     </span>
    </p>
   </div>
   <div class='ocr_carea' id='block_1_72' title="bbox 2007 2741 2269 2781">
    <p class='ocr_par' dir='ltr' id='par_1_72' title="bbox 2007 2741 2269 2781">
     <span class='ocr_line' id='line_1_72' title="bbox 2007 2741 2269 2781; baseline -0.011 0"><span class='ocrx_word' id='word_1_518' title='bbox 2007 2741 2269 2781; x_wconf 79' lang='lat' dir='ltr'>memini.</span> 
     </span>
    </p>
   </div>
   <div class='ocr_carea' id='block_1_73' title="bbox 2079 2848 3649 2921">
    <p class='ocr_par' dir='ltr' id='par_1_73' title="bbox 2079 2848 3649 2921">
     <span class='ocr_line' id='line_1_73' title="bbox 2079 2848 3649 2921; baseline -0.001 -15"><span class='ocrx_word' id='word_1_519' title='bbox 2079 2859 2340 2921; x_wconf 83' lang='lat' dir='ltr'>Cumque</span> <span class='ocrx_word' id='word_1_520' title='bbox 2372 2849 2710 2919; x_wconf 87' lang='lat' dir='ltr'>hujusmodi</span> <span class='ocrx_word' id='word_1_521' title='bbox 2738 2848 3116 2919; x_wconf 87' lang='lat' dir='ltr'>inspiratione</span> <span class='ocrx_word' id='word_1_522' title='bbox 3146 2853 3201 2903; x_wconf 90' lang='lat' dir='ltr'>et</span> <span class='ocrx_word' id='word_1_523' title='bbox 3233 2849 3511 2904; x_wconf 81' lang='lat' dir='ltr'>instinctu</span> <span class='ocrx_word' id='word_1_524' title='bbox 3545 2849 3649 2904; x_wconf 81' lang='lat' dir='ltr'>cir-</span> 
     </span>
    </p>
   </div>
   <div class='ocr_carea' id='block_1_74' title="bbox 2010 2937 3660 3003">
    <p class='ocr_par' dir='ltr' id='par_1_74' title="bbox 2010 2937 3660 3003">
     <span class='ocr_line' id='line_1_74' title="bbox 2010 2937 3660 3003; baseline -0.002 -7"><span class='ocrx_word' id='word_1_525' title='bbox 2010 2945 2357 2997; x_wconf 84' lang='lat' dir='ltr'>cumventus</span> <span class='ocrx_word' id='word_1_526' title='bbox 2374 2940 2677 2993; x_wconf 89' lang='lat' dir='ltr'>ecclesiam</span> <span class='ocrx_word' id='word_1_527' title='bbox 2697 2938 3031 3003; x_wconf 72' lang='lat' dir='ltr'>intrassem,</span> <span class='ocrx_word' id='word_1_528' title='bbox 3051 2942 3108 2992; x_wconf 92' lang='lat' dir='ltr'>et</span> <span class='ocrx_word' id='word_1_529' title='bbox 3137 2937 3208 2992; x_wconf 88' lang='lat' dir='ltr'>ad</span> <span class='ocrx_word' id='word_1_530' title='bbox 3239 2938 3520 2993; x_wconf 90' lang='lat' dir='ltr'>orationis</span> <span class='ocrx_word' id='word_1_531' title='bbox 3539 2943 3660 2994; x_wconf 90' lang='lat' dir='ltr'>stu-</span> 
     </span>
    </p>
   </div>
   <div class='ocr_carea' id='block_1_75' title="bbox 2011 3026 3656 3099">
    <p class='ocr_par' dir='ltr' id='par_1_75' title="bbox 2011 3026 3656 3099">
     <span class='ocr_line' id='line_1_75' title="bbox 2011 3026 3656 3099; baseline -0.001 -14"><span class='ocrx_word' id='word_1_532' title='bbox 2011 3033 2171 3086; x_wconf 87' lang='lat' dir='ltr'>dium</span> <span class='ocrx_word' id='word_1_533' title='bbox 2199 3045 2288 3083; x_wconf 90' lang='lat' dir='ltr'>me</span> <span class='ocrx_word' id='word_1_534' title='bbox 2306 3026 2644 3099; x_wconf 88' lang='lat' dir='ltr'>suppliciter</span> <span class='ocrx_word' id='word_1_535' title='bbox 2663 3026 3038 3082; x_wconf 90' lang='lat' dir='ltr'>iuclinassem</span> <span class='ocrx_word' id='word_1_536' title='bbox 3067 3031 3166 3081; x_wconf 90' lang='lat' dir='ltr'>aut</span> <span class='ocrx_word' id='word_1_537' title='bbox 3186 3027 3656 3098; x_wconf 89' lang='lat' dir='ltr'>prostravissem,</span> 
     </span>
    </p>
   </div>
   <div class='ocr_carea' id='block_1_76' title="bbox 2012 3115 3656 3188">
    <p class='ocr_par' dir='ltr' id='par_1_76' title="bbox 2012 3115 3656 3188">
     <span class='ocr_line' id='line_1_76' title="bbox 2012 3115 3656 3188; baseline -0.002 -13"><span class='ocrx_word' id='word_1_538' title='bbox 2012 3121 2166 3175; x_wconf 89' lang='lat' dir='ltr'>Deus</span> <span class='ocrx_word' id='word_1_539' title='bbox 2225 3117 2332 3172; x_wconf 88' lang='lat' dir='ltr'>scit</span> <span class='ocrx_word' id='word_1_540' title='bbox 2389 3117 2542 3188; x_wconf 92' lang='lat' dir='ltr'>quod</span> <span class='ocrx_word' id='word_1_541' title='bbox 2605 3133 2718 3171; x_wconf 90' lang='lat' dir='ltr'>non</span> <span class='ocrx_word' id='word_1_542' title='bbox 2780 3115 3046 3183; x_wconf 90' lang='lat' dir='ltr'>mentior,</span> <span class='ocrx_word' id='word_1_543' title='bbox 3108 3115 3457 3171; x_wconf 88' lang='lat' dir='ltr'>videbantur</span> <span class='ocrx_word' id='word_1_544' title='bbox 3514 3116 3656 3171; x_wconf 89' lang='lat' dir='ltr'>mihi</span> 
     </span>
    </p>
   </div>
   <div class='ocr_carea' id='block_1_77' title="bbox 2018 3205 3656 3280">
    <p class='ocr_par' dir='ltr' id='par_1_77' title="bbox 2018 3205 3656 3280">
     <span class='ocr_line' id='line_1_77' title="bbox 2018 3205 3656 3280; baseline -0.003 -17"><span class='ocrx_word' id='word_1_545' title='bbox 2018 3208 2170 3280; x_wconf 88' lang='lat' dir='ltr'>quod</span> <span class='ocrx_word' id='word_1_546' title='bbox 2205 3205 2420 3278; x_wconf 89' lang='lat' dir='ltr'>aliquid</span> <span class='ocrx_word' id='word_1_547' title='bbox 2447 3224 2478 3260; x_wconf 90' lang='lat' dir='ltr'>a</span> <span class='ocrx_word' id='word_1_548' title='bbox 2499 3222 2588 3260; x_wconf 92' lang='lat' dir='ltr'>me</span> <span class='ocrx_word' id='word_1_549' title='bbox 2619 3206 2953 3277; x_wconf 89' lang='lat' dir='ltr'>deposceret</span> <span class='ocrx_word' id='word_1_550' title='bbox 2981 3205 3181 3260; x_wconf 90' lang='lat' dir='ltr'>eodem</span> <span class='ocrx_word' id='word_1_551' title='bbox 3215 3206 3409 3260; x_wconf 91' lang='lat' dir='ltr'>studio</span> <span class='ocrx_word' id='word_1_552' title='bbox 3431 3205 3656 3276; x_wconf 89' lang='lat' dir='ltr'>orandi,</span> 
     </span>
    </p>
   </div>
   <div class='ocr_carea' id='block_1_78' title="bbox 2019 3292 3660 3365">
    <p class='ocr_par' dir='ltr' id='par_1_78' title="bbox 2019 3292 3660 3365">
     <span class='ocr_line' id='line_1_78' title="bbox 2019 3292 3660 3365; baseline -0.003 -13"><span class='ocrx_word' id='word_1_553' title='bbox 2019 3298 2218 3352; x_wconf 81' lang='lat' dir='ltr'>dicens</span> <span class='ocrx_word' id='word_1_554' title='bbox 2252 3311 2264 3348; x_wconf 75' lang='grc' dir='ltr'><strong>ε</strong></span> <span class='ocrx_word' id='word_1_555' title='bbox 2299 3293 2478 3349; x_wconf 89' lang='lat' dir='ltr'>Sicuti</span> <span class='ocrx_word' id='word_1_556' title='bbox 2520 3293 2697 3365; x_wconf 87' lang='lat' dir='ltr'>igitur</span> <span class='ocrx_word' id='word_1_557' title='bbox 2744 3292 2847 3347; x_wconf 90' lang='lat' dir='ltr'>tibi</span> <span class='ocrx_word' id='word_1_558' title='bbox 2878 3297 3110 3364; x_wconf 89' lang='lat' dir='ltr'>gratum</span> <span class='ocrx_word' id='word_1_559' title='bbox 3144 3299 3232 3348; x_wconf 86' lang='lat' dir='ltr'>est</span> <span class='ocrx_word' id='word_1_560' title='bbox 3281 3297 3345 3348; x_wconf 91' lang='lat' dir='ltr'>ut</span> <span class='ocrx_word' id='word_1_561' title='bbox 3375 3311 3410 3348; x_wconf 90' lang='lat' dir='ltr'>a</span> <span class='ocrx_word' id='word_1_562' title='bbox 3440 3311 3531 3349; x_wconf 89' lang='lat' dir='ltr'>me</span> <span class='ocrx_word' id='word_1_563' title='bbox 3562 3307 3660 3348; x_wconf 84' lang='lat' dir='ltr'>ro-</span> 
     </span>
    </p>
   </div>
   <div class='ocr_carea' id='block_1_79' title="bbox 2017 3381 3660 3458">
    <p class='ocr_par' dir='ltr' id='par_1_79' title="bbox 2017 3381 3660 3458">
     <span class='ocr_line' id='line_1_79' title="bbox 2017 3381 3660 3458; baseline -0.004 -18"><span class='ocrx_word' id='word_1_564' title='bbox 2017 3391 2153 3458; x_wconf 91' lang='lat' dir='ltr'>gata</span> <span class='ocrx_word' id='word_1_565' title='bbox 2183 3382 2582 3453; x_wconf 88' lang='lat' dir='ltr'>consequaris,</span> <span class='ocrx_word' id='word_1_566' title='bbox 2617 3383 2697 3436; x_wconf 90' lang='lat' dir='ltr'>ita</span> <span class='ocrx_word' id='word_1_567' title='bbox 2727 3398 2959 3451; x_wconf 90' lang='lat' dir='ltr'>quoque</span> <span class='ocrx_word' id='word_1_568' title='bbox 2996 3381 3137 3434; x_wconf 91' lang='lat' dir='ltr'>mihi</span> <span class='ocrx_word' id='word_1_569' title='bbox 3170 3381 3488 3451; x_wconf 89' lang='lat' dir='ltr'>pretiosum</span> <span class='ocrx_word' id='word_1_570' title='bbox 3520 3397 3660 3434; x_wconf 79' lang='lat' dir='ltr'>con-</span> 
     </span>
    </p>
   </div>
   <div class='ocr_carea' id='block_1_80' title="bbox 2017 3467 3656 3541">
    <p class='ocr_par' dir='ltr' id='par_1_80' title="bbox 2017 3467 3656 3541">
     <span class='ocr_line' id='line_1_80' title="bbox 2017 3467 3656 3541; baseline -0.005 -12"><span class='ocrx_word' id='word_1_571' title='bbox 2017 3479 2155 3537; x_wconf 87' lang='lat' dir='ltr'>stat,</span> <span class='ocrx_word' id='word_1_572' title='bbox 2188 3473 2236 3526; x_wconf 91' lang='lat' dir='ltr'>si</span> <span class='ocrx_word' id='word_1_573' title='bbox 2272 3477 2329 3524; x_wconf 91' lang='lat' dir='ltr'>tu</span> <span class='ocrx_word' id='word_1_574' title='bbox 2366 3469 2633 3541; x_wconf 91' lang='lat' dir='ltr'>precibus</span> <span class='ocrx_word' id='word_1_575' title='bbox 2683 3468 2920 3523; x_wconf 89' lang='lat' dir='ltr'>obedias</span> <span class='ocrx_word' id='word_1_576' title='bbox 2952 3467 3117 3522; x_wconf 89' lang='lat' dir='ltr'>meis.</span> <span class='ocrx_word' id='word_1_577' title='bbox 3153 3468 3354 3522; x_wconf 90' lang='lat' dir='ltr'>Nonne</span> <span class='ocrx_word' id='word_1_578' title='bbox 3406 3484 3540 3538; x_wconf 84' lang='lat' dir='ltr'>ergo</span> <span class='ocrx_word' id='word_1_579' title='bbox 3573 3471 3656 3536; x_wconf 91' lang='lat' dir='ltr'>tu,</span> 
     </span>
    </p>
   </div>
   <div class='ocr_carea' id='block_1_81' title="bbox 2019 3553 3661 3634">
    <p class='ocr_par' dir='ltr' id='par_1_81' title="bbox 2019 3553 3661 3634">
     <span class='ocr_line' id='line_1_81' title="bbox 2019 3553 3661 3634; baseline -0.004 -17"><span class='ocrx_word' id='word_1_580' title='bbox 2019 3579 2192 3634; x_wconf 89' lang='lat' dir='ltr'>quem</span> <span class='ocrx_word' id='word_1_581' title='bbox 2239 3575 2389 3630; x_wconf 70' lang='lat' dir='ltr'>szepe</span> <span class='ocrx_word' id='word_1_582' title='bbox 2435 3557 2651 3628; x_wconf 90' lang='lat' dir='ltr'>rogavi,</span> <span class='ocrx_word' id='word_1_583' title='bbox 2715 3562 2779 3610; x_wconf 87' lang='lat' dir='ltr'>ut</span> <span class='ocrx_word' id='word_1_584' title='bbox 2828 3573 2897 3609; x_wconf 90' lang='lat' dir='ltr'>ne</span> <span class='ocrx_word' id='word_1_585' title='bbox 2956 3555 3064 3609; x_wconf 90' lang='lat' dir='ltr'>hoc</span> <span class='ocrx_word' id='word_1_586' title='bbox 3119 3560 3219 3610; x_wconf 92' lang='lat' dir='ltr'>aut</span> <span class='ocrx_word' id='word_1_587' title='bbox 3267 3553 3410 3610; x_wconf 91' lang='lat' dir='ltr'>illud</span> <span class='ocrx_word' id='word_1_588' title='bbox 3453 3555 3661 3610; x_wconf 81' lang='lat' dir='ltr'>vitium</span> 
     </span>
    </p>
   </div>
   <div class='ocr_carea' id='block_1_82' title="bbox 2018 3641 3665 3723">
    <p class='ocr_par' dir='ltr' id='par_1_82' title="bbox 2018 3641 3665 3723">
     <span class='ocr_line' id='line_1_82' title="bbox 2018 3641 3665 3723; baseline -0.004 -18"><span class='ocrx_word' id='word_1_589' title='bbox 2018 3666 2206 3723; x_wconf 88' lang='lat' dir='ltr'>geras,</span> <span class='ocrx_word' id='word_1_590' title='bbox 2241 3647 2431 3702; x_wconf 89' lang='lat' dir='ltr'>adhuc</span> <span class='ocrx_word' id='word_1_591' title='bbox 2465 3646 2521 3699; x_wconf 90' lang='lat' dir='ltr'>in</span> <span class='ocrx_word' id='word_1_592' title='bbox 2557 3645 2674 3699; x_wconf 90' lang='lat' dir='ltr'>illis</span> <span class='ocrx_word' id='word_1_593' title='bbox 2706 3643 3087 3715; x_wconf 80' lang='lat' dir='ltr'>perseveras?</span> <span class='ocrx_word' id='word_1_594' title='bbox 3117 3643 3383 3714; x_wconf 86' lang='lat' dir='ltr'>nunquid</span> <span class='ocrx_word' id='word_1_595' title='bbox 3417 3660 3532 3699; x_wconf 91' lang='lat' dir='ltr'>non</span> <span class='ocrx_word' id='word_1_596' title='bbox 3565 3641 3665 3699; x_wconf 86' lang='lat' dir='ltr'>ad-</span> 
     </span>
    </p>
   </div>
   <div class='ocr_carea' id='block_1_83' title="bbox 2019 3731 3662 3803">
    <p class='ocr_par' dir='ltr' id='par_1_83' title="bbox 2019 3731 3662 3803">
     <span class='ocr_line' id='line_1_83' title="bbox 2019 3731 3662 3803; baseline -0.004 -10"><span class='ocrx_word' id='word_1_597' title='bbox 2019 3739 2132 3793; x_wconf 91' lang='lat' dir='ltr'>hnc</span> <span class='ocrx_word' id='word_1_598' title='bbox 2160 3739 2216 3792; x_wconf 92' lang='lat' dir='ltr'>in</span> <span class='ocrx_word' id='word_1_599' title='bbox 2250 3741 2305 3790; x_wconf 90' lang='lat' dir='ltr'>te</span> <span class='ocrx_word' id='word_1_600' title='bbox 2338 3735 2593 3790; x_wconf 88' lang='lat' dir='ltr'>resident</span> <span class='ocrx_word' id='word_1_601' title='bbox 2623 3731 2944 3788; x_wconf 84' lang='lat' dir='ltr'>carnalium</span> <span class='ocrx_word' id='word_1_602' title='bbox 2976 3749 3169 3787; x_wconf 90' lang='lat' dir='ltr'>rerum</span> <span class='ocrx_word' id='word_1_603' title='bbox 3202 3731 3508 3803; x_wconf 90' lang='lat' dir='ltr'>desideria,</span> <span class='ocrx_word' id='word_1_604' title='bbox 3543 3749 3662 3788; x_wconf 88' lang='lat' dir='ltr'>ser-</span> 
     </span>
    </p>
   </div>
   <div class='ocr_carea' id='block_1_84' title="bbox 2019 3821 3660 3894">
    <p class='ocr_par' dir='ltr' id='par_1_84' title="bbox 2019 3821 3660 3894">
     <span class='ocr_line' id='line_1_84' title="bbox 2019 3821 3660 3894; baseline -0.005 -11"><span class='ocrx_word' id='word_1_605' title='bbox 2019 3827 2220 3883; x_wconf 88' lang='lat' dir='ltr'>vitutis</span> <span class='ocrx_word' id='word_1_606' title='bbox 2251 3824 2455 3880; x_wconf 63' lang='lat' dir='ltr'>divine</span> <span class='ocrx_word' id='word_1_607' title='bbox 2489 3821 3177 3894; x_wconf 82' lang='lat' dir='ltr'>negligentia,jactantiae</span> <span class='ocrx_word' id='word_1_608' title='bbox 3208 3826 3265 3876; x_wconf 89' lang='lat' dir='ltr'>ct</span> <span class='ocrx_word' id='word_1_609' title='bbox 3294 3821 3660 3893; x_wconf 75' lang='lat' dir='ltr'>arrogantiae,</span> 
     </span>
    </p>
   </div>
   <div class='ocr_carea' id='block_1_85' title="bbox 2022 3909 3664 3982">
    <p class='ocr_par' dir='ltr' id='par_1_85' title="bbox 2022 3909 3664 3982">
     <span class='ocr_line' id='line_1_85' title="bbox 2022 3909 3664 3982; baseline -0.003 -12"><span class='ocrx_word' id='word_1_610' title='bbox 2022 3932 2125 3970; x_wconf 92' lang='lat' dir='ltr'>nec</span> <span class='ocrx_word' id='word_1_611' title='bbox 2156 3931 2270 3969; x_wconf 91' lang='lat' dir='ltr'>non</span> <span class='ocrx_word' id='word_1_612' title='bbox 2304 3913 2545 3968; x_wconf 84' lang='lat' dir='ltr'>vestitus</span> <span class='ocrx_word' id='word_1_613' title='bbox 2573 3909 2854 3982; x_wconf 82' lang='lat' dir='ltr'>superflui</span> <span class='ocrx_word' id='word_1_614' title='bbox 2898 3910 3183 3978; x_wconf 90' lang='lat' dir='ltr'>studium,</span> <span class='ocrx_word' id='word_1_615' title='bbox 3218 3909 3375 3964; x_wconf 91' lang='lat' dir='ltr'>illius</span> <span class='ocrx_word' id='word_1_616' title='bbox 3407 3909 3664 3965; x_wconf 86' lang='lat' dir='ltr'>hominis</span> 
     </span>
    </p>
   </div>
   <div class='ocr_carea' id='block_1_86' title="bbox 2021 3999 3664 4074">
    <p class='ocr_par' dir='ltr' id='par_1_86' title="bbox 2021 3999 3664 4074">
     <span class='ocr_line' id='line_1_86' title="bbox 2021 3999 3664 4074; baseline -0.004 -15"><span class='ocrx_word' id='word_1_617' title='bbox 2021 4003 2242 4074; x_wconf 89' lang='lat' dir='ltr'>odium,</span> <span class='ocrx_word' id='word_1_618' title='bbox 2269 4019 2444 4074; x_wconf 91' lang='lat' dir='ltr'>quem</span> <span class='ocrx_word' id='word_1_619' title='bbox 2477 4002 2590 4056; x_wconf 91' lang='lat' dir='ltr'>scis</span> <span class='ocrx_word' id='word_1_620' title='bbox 2622 4018 2656 4055; x_wconf 92' lang='lat' dir='ltr'>a</span> <span class='ocrx_word' id='word_1_621' title='bbox 2685 4005 2739 4056; x_wconf 90' lang='lat' dir='ltr'>te</span> <span class='ocrx_word' id='word_1_622' title='bbox 2770 4017 2882 4054; x_wconf 90' lang='lat' dir='ltr'>non</span> <span class='ocrx_word' id='word_1_623' title='bbox 2917 4016 3043 4054; x_wconf 91' lang='lat' dir='ltr'>esse</span> <span class='ocrx_word' id='word_1_624' title='bbox 3075 3999 3413 4064; x_wconf 84' lang='lat' dir='ltr'>odiendum,</span> <span class='ocrx_word' id='word_1_625' title='bbox 3437 4000 3664 4053; x_wconf 84' lang='lat' dir='ltr'>dicente</span> 
     </span>
    </p>
   </div>
   <div class='ocr_carea' id='block_1_87' title="bbox 2022 4087 3664 4164">
    <p class='ocr_par' dir='ltr' id='par_1_87' title="bbox 2022 4087 3664 4164">
     <span class='ocr_line' id='line_1_87' title="bbox 2022 4087 3664 4164; baseline -0.004 -16"><span class='ocrx_word' id='word_1_626' title='bbox 2022 4094 2321 4164; x_wconf 87' lang='lat' dir='ltr'>Scriptura</span> <span class='ocrx_word' id='word_1_627' title='bbox 2351 4109 2363 4146; x_wconf 90' lang='lat'>:</span> <span class='ocrx_word' id='word_1_628' title='bbox 2398 4092 2590 4147; x_wconf 79' lang='lat' dir='ltr'>Omnis</span> <span class='ocrx_word' id='word_1_629' title='bbox 2620 4091 2715 4160; x_wconf 85' lang='lat' dir='ltr'>qui</span> <span class='ocrx_word' id='word_1_630' title='bbox 2745 4089 2861 4143; x_wconf 77' lang='lat' dir='ltr'>odit</span> <span class='ocrx_word' id='word_1_631' title='bbox 2890 4092 3123 4158; x_wconf 82' lang='lat' dir='ltr'>fratrem</span> <span class='ocrx_word' id='word_1_632' title='bbox 3169 4105 3348 4153; x_wconf 86' lang='lat' dir='ltr'>suum,</span> <span class='ocrx_word' id='word_1_633' title='bbox 3381 4087 3664 4142; x_wconf 69' lang='lat' dir='ltr'>homicida</span> 
     </span>
    </p>
   </div>
   <div class='ocr_carea' id='block_1_88' title="bbox 2021 4176 3660 4247">
    <p class='ocr_par' dir='ltr' id='par_1_88' title="bbox 2021 4176 3660 4247">
     <span class='ocr_line' id='line_1_88' title="bbox 2021 4176 3660 4247; baseline -0.005 -9"><span class='ocrx_word' id='word_1_634' title='bbox 2021 4187 2119 4238; x_wconf 76' lang='lat' dir='ltr'>est.</span> <span class='ocrx_word' id='word_1_635' title='bbox 2154 4182 2211 4236; x_wconf 91' lang='lat' dir='ltr'>Si</span> <span class='ocrx_word' id='word_1_636' title='bbox 2246 4179 2400 4236; x_wconf 91' lang='lat' dir='ltr'>enim</span> <span class='ocrx_word' id='word_1_637' title='bbox 2435 4178 2531 4233; x_wconf 90' lang='lat' dir='ltr'>ille</span> <span class='ocrx_word' id='word_1_638' title='bbox 2561 4183 2614 4232; x_wconf 91' lang='lat' dir='ltr'>te</span> <span class='ocrx_word' id='word_1_639' title='bbox 2647 4177 2864 4232; x_wconf 86' lang='lat' dir='ltr'>frustra</span> <span class='ocrx_word' id='word_1_640' title='bbox 2896 4193 3247 4247; x_wconf 88' lang='lat' dir='ltr'>persequens</span> <span class='ocrx_word' id='word_1_641' title='bbox 3281 4176 3518 4247; x_wconf 88' lang='lat' dir='ltr'>iniquus</span> <span class='ocrx_word' id='word_1_642' title='bbox 3550 4179 3660 4242; x_wconf 89' lang='lat' dir='ltr'>est,</span> 
     </span>
    </p>
   </div>
   <div class='ocr_carea' id='block_1_89' title="bbox 2021 4261 3667 4342">
    <p class='ocr_par' dir='ltr' id='par_1_89' title="bbox 2021 4261 3667 4342">
     <span class='ocr_line' id='line_1_89' title="bbox 2021 4261 3667 4342; baseline -0.004 -17"><span class='ocrx_word' id='word_1_643' title='bbox 2021 4269 2160 4342; x_wconf 90' lang='lat' dir='ltr'>quid</span> <span class='ocrx_word' id='word_1_644' title='bbox 2193 4269 2261 4324; x_wconf 90' lang='lat' dir='ltr'>ad</span> <span class='ocrx_word' id='word_1_645' title='bbox 2297 4274 2350 4322; x_wconf 90' lang='lat' dir='ltr'>te</span> <span class='ocrx_word' id='word_1_646' title='bbox 2383 4267 2633 4340; x_wconf 82' lang='lat' dir='ltr'>pertinet</span> <span class='ocrx_word' id='word_1_647' title='bbox 2667 4271 2727 4320; x_wconf 90' lang='lat' dir='ltr'>ut</span> <span class='ocrx_word' id='word_1_648' title='bbox 2780 4283 2914 4320; x_wconf 90' lang='lat' dir='ltr'>eum</span> <span class='ocrx_word' id='word_1_649' title='bbox 2945 4266 3219 4319; x_wconf 89' lang='lat' dir='ltr'>similiter</span> <span class='ocrx_word' id='word_1_650' title='bbox 3249 4261 3667 4335; x_wconf 79' lang='lat' dir='ltr'>persequaris?</span> 
     </span>
    </p>
   </div>
   <div class='ocr_carea' id='block_1_90' title="bbox 2022 4353 3662 4427">
    <p class='ocr_par' dir='ltr' id='par_1_90' title="bbox 2022 4353 3662 4427">
     <span class='ocr_line' id='line_1_90' title="bbox 2022 4353 3662 4427; baseline -0.005 -13"><span class='ocrx_word' id='word_1_651' title='bbox 2022 4359 2222 4414; x_wconf 91' lang='lat' dir='ltr'>Nonne</span> <span class='ocrx_word' id='word_1_652' title='bbox 2247 4358 2364 4413; x_wconf 89' lang='lat' dir='ltr'>scis</span> <span class='ocrx_word' id='word_1_653' title='bbox 2387 4357 2671 4427; x_wconf 88' lang='lat' dir='ltr'>scriptum</span> <span class='ocrx_word' id='word_1_654' title='bbox 2698 4373 2710 4411; x_wconf 88' lang='lat'><strong>:</strong></span> <span class='ocrx_word' id='word_1_655' title='bbox 2735 4355 2866 4409; x_wconf 81' lang='lat' dir='ltr'>Mihi</span> <span class='ocrx_word' id='word_1_656' title='bbox 2876 4353 3189 4420; x_wconf 80' lang='lat' dir='ltr'>vindictam,</span> <span class='ocrx_word' id='word_1_657' title='bbox 3214 4369 3318 4425; x_wconf 85' lang='lat' dir='ltr'>ego</span> <span class='ocrx_word' id='word_1_658' title='bbox 3342 4353 3662 4417; x_wconf 78' lang='lat' dir='ltr'>retribuam,</span> 
     </span>
    </p>
   </div>
   <div class='ocr_carea' id='block_1_91' title="bbox 2019 4443 3668 4502">
    <p class='ocr_par' dir='ltr' id='par_1_91' title="bbox 2019 4443 3668 4502">
     <span class='ocr_line' id='line_1_91' title="bbox 2019 4443 3668 4502; baseline -0.005 0"><span class='ocrx_word' id='word_1_659' title='bbox 2019 4448 2151 4502; x_wconf 81' lang='lat' dir='ltr'>dicit</span> <span class='ocrx_word' id='word_1_660' title='bbox 2179 4448 2442 4501; x_wconf 79' lang='lat' dir='ltr'>Dominus</span> <span class='ocrx_word' id='word_1_661' title='bbox 2462 4445 2489 4499; x_wconf 75' lang='lat' dir='ltr'>‘I</span> <span class='ocrx_word' id='word_1_662' title='bbox 2518 4445 2574 4498; x_wconf 82' lang='lat' dir='ltr'>Si</span> <span class='ocrx_word' id='word_1_663' title='bbox 2611 4460 2742 4499; x_wconf 85' lang='lat' dir='ltr'>vero</span> <span class='ocrx_word' id='word_1_664' title='bbox 2773 4443 2908 4498; x_wconf 91' lang='lat' dir='ltr'>talis</span> <span class='ocrx_word' id='word_1_665' title='bbox 2959 4447 3047 4497; x_wconf 88' lang='lat' dir='ltr'>est</span> <span class='ocrx_word' id='word_1_666' title='bbox 3079 4446 3140 4496; x_wconf 92' lang='lat' dir='ltr'>ut</span> <span class='ocrx_word' id='word_1_667' title='bbox 3171 4457 3304 4496; x_wconf 90' lang='lat' dir='ltr'>eum</span> <span class='ocrx_word' id='word_1_668' title='bbox 3337 4443 3668 4496; x_wconf 88' lang='lat' dir='ltr'>convertere</span> 
     </span>
    </p>
   </div>
   <div class='ocr_carea' id='block_1_92' title="bbox 2022 4530 3666 4610">
    <p class='ocr_par' dir='ltr' id='par_1_92' title="bbox 2022 4530 3666 4610">
     <span class='ocr_line' id='line_1_92' title="bbox 2022 4530 3666 4610; baseline -0.007 -18"><span class='ocrx_word' id='word_1_669' title='bbox 2022 4536 2233 4610; x_wconf 91' lang='lat' dir='ltr'>possis,</span> <span class='ocrx_word' id='word_1_670' title='bbox 2268 4553 2372 4589; x_wconf 93' lang='lat' dir='ltr'>cur</span> <span class='ocrx_word' id='word_1_671' title='bbox 2404 4535 2509 4588; x_wconf 92' lang='lat' dir='ltr'>hoc</span> <span class='ocrx_word' id='word_1_672' title='bbox 2543 4532 2789 4604; x_wconf 89' lang='lat' dir='ltr'>negligis</span> <span class='ocrx_word' id='word_1_673' title='bbox 2812 4532 2840 4586; x_wconf 85' lang='lat'>?</span> <span class='ocrx_word' id='word_1_674' title='bbox 2872 4549 3060 4588; x_wconf 91' lang='lat' dir='ltr'>nonne</span> <span class='ocrx_word' id='word_1_675' title='bbox 3091 4531 3161 4585; x_wconf 89' lang='lat' dir='ltr'>ad</span> <span class='ocrx_word' id='word_1_676' title='bbox 3213 4531 3322 4584; x_wconf 90' lang='lat' dir='ltr'>hoc</span> <span class='ocrx_word' id='word_1_677' title='bbox 3353 4530 3666 4598; x_wconf 86' lang='lat' dir='ltr'>unicuique</span> 
     </span>
    </p>
   </div>
   <div class='ocr_carea' id='block_1_93' title="bbox 253 4614 3662 4696">
    <p class='ocr_par' dir='ltr' id='par_1_93' title="bbox 253 4614 3662 4696">
     <span class='ocr_line' id='line_1_93' title="bbox 253 4614 3662 4696; baseline -0.001 -22"><span class='ocrx_word' id='word_1_678' title='bbox 253 4621 516 4674; x_wconf 84' lang='lat' dir='ltr'>tractare</span> <span class='ocrx_word' id='word_1_679' title='bbox 542 4617 710 4687; x_wconf 73' lang='lat' dir='ltr'>cmpi,</span> <span class='ocrx_word' id='word_1_680' title='bbox 745 4615 884 4688; x_wconf 89' lang='lat' dir='ltr'>quia</span> <span class='ocrx_word' id='word_1_681' title='bbox 928 4614 1168 4670; x_wconf 84' lang='lat' dir='ltr'>forsitan</span> <span class='ocrx_word' id='word_1_682' title='bbox 1217 4614 1489 4668; x_wconf 90' lang='lat' dir='ltr'>dictando</span> <span class='ocrx_word' id='word_1_683' title='bbox 1521 4617 1577 4668; x_wconf 92' lang='lat' dir='ltr'>et</span> <span class='ocrx_word' id='word_1_684' title='bbox 1607 4615 1914 4670; x_wconf 89' lang='lat' dir='ltr'>scribendo</span> <span class='ocrx_word' id='word_1_685' title='bbox 1945 4617 1991 4680; x_wconf 90' lang='lat' dir='ltr'>D</span> <span class='ocrx_word' id='word_1_686' title='bbox 2023 4624 2326 4696; x_wconf 74' lang='lat' dir='ltr'>ingenium</span> <span class='ocrx_word' id='word_1_687' title='bbox 2379 4621 2750 4692; x_wconf 70' lang='lat' dir='ltr'>liberalisque</span> <span class='ocrx_word' id='word_1_688' title='bbox 2801 4621 3043 4676; x_wconf 77' lang='lat' dir='ltr'>scientia</span> <span class='ocrx_word' id='word_1_689' title='bbox 3090 4637 3122 4674; x_wconf 84' lang='lat' dir='ltr'>a</span> <span class='ocrx_word' id='word_1_690' title='bbox 3170 4619 3283 4673; x_wconf 90' lang='lat' dir='ltr'>Deo</span> <span class='ocrx_word' id='word_1_691' title='bbox 3338 4620 3662 4688; x_wconf 71' lang='lat' dir='ltr'>praestatur,</span> 
     </span>
    </p>
   </div>
   <div class='ocr_carea' id='block_1_94' title="bbox 253 4702 1912 4775">
    <p class='ocr_par' dir='ltr' id='par_1_94' title="bbox 253 4702 1912 4775">
     <span class='ocr_line' id='line_1_94' title="bbox 253 4702 1912 4775; baseline -0.003 -12"><span class='ocrx_word' id='word_1_692' title='bbox 253 4707 450 4763; x_wconf 85' lang='lat' dir='ltr'>fervor</span> <span class='ocrx_word' id='word_1_693' title='bbox 494 4705 710 4760; x_wconf 90' lang='lat' dir='ltr'>insitus</span> <span class='ocrx_word' id='word_1_694' title='bbox 756 4703 956 4759; x_wconf 90' lang='lat' dir='ltr'>liceret</span> <span class='ocrx_word' id='word_1_695' title='bbox 1006 4703 1266 4775; x_wconf 78' lang='lat' dir='ltr'>proferri.</span> <span class='ocrx_word' id='word_1_696' title='bbox 1324 4706 1442 4756; x_wconf 83' lang='lat' dir='ltr'>Hoc</span> <span class='ocrx_word' id='word_1_697' title='bbox 1492 4702 1688 4774; x_wconf 90' lang='lat' dir='ltr'>itaque</span> <span class='ocrx_word' id='word_1_698' title='bbox 1741 4704 1912 4758; x_wconf 89' lang='lat' dir='ltr'>modo</span> 
     </span>
    </p>
   </div>
   <div class='ocr_carea' id='block_1_95' title="bbox 256 4791 1914 4863">
    <p class='ocr_par' dir='ltr' id='par_1_95' title="bbox 256 4791 1914 4863">
     <span class='ocr_line' id='line_1_95' title="bbox 256 4791 1914 4863; baseline -0.002 -11"><span class='ocrx_word' id='word_1_699' title='bbox 256 4794 633 4852; x_wconf 85' lang='lat' dir='ltr'>occasionem</span> <span class='ocrx_word' id='word_1_700' title='bbox 667 4792 960 4848; x_wconf 91' lang='lat' dir='ltr'>scribendi</span> <span class='ocrx_word' id='word_1_701' title='bbox 1006 4807 1270 4860; x_wconf 89' lang='lat' dir='ltr'>sumens,</span> <span class='ocrx_word' id='word_1_702' title='bbox 1304 4796 1360 4846; x_wconf 91' lang='lat' dir='ltr'>et</span> <span class='ocrx_word' id='word_1_703' title='bbox 1389 4808 1456 4846; x_wconf 88' lang='lat' dir='ltr'>ea</span> <span class='ocrx_word' id='word_1_704' title='bbox 1486 4808 1611 4863; x_wconf 81' lang='lat' dir='ltr'>quae</span> <span class='ocrx_word' id='word_1_705' title='bbox 1645 4791 1914 4863; x_wconf 88' lang='lat' dir='ltr'>superius</span> 
     </span>
    </p>
   </div>
   <div class='ocr_carea' id='block_1_96' title="bbox 258 4880 1913 4954">
    <p class='ocr_par' dir='ltr' id='par_1_96' title="bbox 258 4880 1913 4954">
     <span class='ocr_line' id='line_1_96' title="bbox 258 4880 1913 4954; baseline -0.002 -15"><span class='ocrx_word' id='word_1_706' title='bbox 258 4885 326 4939; x_wconf 84' lang='lat' dir='ltr'>ds</span> <span class='ocrx_word' id='word_1_707' title='bbox 343 4883 631 4940; x_wconf 85' lang='lat' dir='ltr'>illusione</span> <span class='ocrx_word' id='word_1_708' title='bbox 651 4881 940 4938; x_wconf 89' lang='lat' dir='ltr'>diabolica</span> <span class='ocrx_word' id='word_1_709' title='bbox 962 4880 1409 4954; x_wconf 81' lang='lat' dir='ltr'>prolerebam,et</span> <span class='ocrx_word' id='word_1_710' title='bbox 1423 4897 1550 4951; x_wconf 80' lang='lat' dir='ltr'>quae</span> <span class='ocrx_word' id='word_1_711' title='bbox 1574 4881 1763 4935; x_wconf 92' lang='lat' dir='ltr'>adhuc</span> <span class='ocrx_word' id='word_1_712' title='bbox 1783 4898 1913 4953; x_wconf 89' lang='lat' dir='ltr'>pro-</span> 
     </span>
    </p>
   </div>
   <div class='ocr_carea' id='block_1_97' title="bbox 260 4968 1915 5043">
    <p class='ocr_par' dir='ltr' id='par_1_97' title="bbox 260 4968 1915 5043">
     <span class='ocr_line' id='line_1_97' title="bbox 260 4968 1915 5043; baseline -0.003 -15"><span class='ocrx_word' id='word_1_713' title='bbox 260 4971 408 5030; x_wconf 85' lang='lat' dir='ltr'>ferre</span> <span class='ocrx_word' id='word_1_714' title='bbox 439 4972 596 5041; x_wconf 89' lang='lat' dir='ltr'>volo,</span> <span class='ocrx_word' id='word_1_715' title='bbox 627 4975 699 5028; x_wconf 87' lang='lat' dir='ltr'>de</span> <span class='ocrx_word' id='word_1_716' title='bbox 729 4971 937 5026; x_wconf 62' lang='lat' dir='ltr'>divinae</span> <span class='ocrx_word' id='word_1_717' title='bbox 971 4969 1372 5042; x_wconf 90' lang='lat' dir='ltr'>inspirationis</span> <span class='ocrx_word' id='word_1_718' title='bbox 1405 4968 1696 5042; x_wconf 91' lang='lat' dir='ltr'>colloquio</span> <span class='ocrx_word' id='word_1_719' title='bbox 1737 4969 1915 5043; x_wconf 91' lang='lat' dir='ltr'>scrip-</span> 
     </span>
    </p>
   </div>
   <div class='ocr_carea' id='block_1_98' title="bbox 270 5062 1295 5134">
    <p class='ocr_par' dir='ltr' id='par_1_98' title="bbox 270 5062 1295 5134">
     <span class='ocr_line' id='line_1_98' title="bbox 270 5062 1295 5134; baseline -0.004 -16"><span class='ocrx_word' id='word_1_720' title='bbox 270 5062 342 5130; x_wconf 72' lang='lat' dir='ltr'>si,</span> <span class='ocrx_word' id='word_1_721' title='bbox 379 5063 460 5118; x_wconf 89' lang='lat' dir='ltr'>ita</span> <span class='ocrx_word' id='word_1_722' title='bbox 491 5062 798 5134; x_wconf 89' lang='lat' dir='ltr'>incipiens.</span> <span class='ocrx_word' id='word_1_723' title='bbox 1292 5123 1295 5125; x_wconf 97' lang='lat'><em>_</em></span> 
     </span>
    </p>
   </div>
   <div class='ocr_carea' id='block_1_99' title="bbox 334 5164 1915 5240">
    <p class='ocr_par' dir='ltr' id='par_1_99' title="bbox 334 5164 1915 5240">
     <span class='ocr_line' id='line_1_99' title="bbox 334 5164 1915 5240; baseline -0.004 -14"><span class='ocrx_word' id='word_1_724' title='bbox 334 5169 632 5234; x_wconf 81' lang='lat' dir='ltr'>Quoniam</span> <span class='ocrx_word' id='word_1_725' title='bbox 662 5169 841 5240; x_wconf 87' lang='lat' dir='ltr'>igitur</span> <span class='ocrx_word' id='word_1_726' title='bbox 859 5167 1190 5223; x_wconf 86' lang='lat' dir='ltr'>delusiones</span> <span class='ocrx_word' id='word_1_727' title='bbox 1213 5164 1530 5220; x_wconf 80' lang='lat' dir='ltr'>diabolicae</span> <span class='ocrx_word' id='word_1_728' title='bbox 1547 5170 1915 5237; x_wconf 90' lang='lat' dir='ltr'>peccatorum</span> 
     </span>
    </p>
   </div>
   <div class='ocr_carea' id='block_1_100' title="bbox 259 5255 1918 5326">
    <p class='ocr_par' dir='ltr' id='par_1_100' title="bbox 259 5255 1918 5326">
     <span class='ocr_line' id='line_1_100' title="bbox 259 5255 1918 5326; baseline -0.003 -10"><span class='ocrx_word' id='word_1_729' title='bbox 259 5275 537 5316; x_wconf 83' lang='lat' dir='ltr'>meorum</span> <span class='ocrx_word' id='word_1_730' title='bbox 571 5274 754 5314; x_wconf 85' lang='lat' dir='ltr'>causa</span> <span class='ocrx_word' id='word_1_731' title='bbox 783 5261 1010 5312; x_wconf 79' lang='lat' dir='ltr'>exortus</span> <span class='ocrx_word' id='word_1_732' title='bbox 1041 5260 1214 5326; x_wconf 90' lang='lat' dir='ltr'>atque</span> <span class='ocrx_word' id='word_1_733' title='bbox 1247 5258 1453 5309; x_wconf 91' lang='lat' dir='ltr'>contra</span> <span class='ocrx_word' id='word_1_734' title='bbox 1483 5271 1575 5309; x_wconf 89' lang='lat' dir='ltr'>me</span> <span class='ocrx_word' id='word_1_735' title='bbox 1605 5255 1918 5311; x_wconf 75' lang='lat' dir='ltr'>suscitatus</span> 
     </span>
    </p>
   </div>
   <div class='ocr_carea' id='block_1_101' title="bbox 258 5343 1920 5421">
    <p class='ocr_par' dir='ltr' id='par_1_101' title="bbox 258 5343 1920 5421">
     <span class='ocr_line' id='line_1_101' title="bbox 258 5343 1920 5421; baseline -0.003 -16"><span class='ocrx_word' id='word_1_736' title='bbox 258 5347 704 5421; x_wconf 80' lang='lat' dir='ltr'>aliquantulum</span> <span class='ocrx_word' id='word_1_737' title='bbox 735 5345 1354 5419; x_wconf 90' lang='lat' dir='ltr'>protuli,consequens</span> <span class='ocrx_word' id='word_1_738' title='bbox 1377 5343 1632 5416; x_wconf 85' lang='lat' dir='ltr'>profecto</span> <span class='ocrx_word' id='word_1_739' title='bbox 1662 5349 1722 5398; x_wconf 91' lang='lat' dir='ltr'>et</span> <span class='ocrx_word' id='word_1_740' title='bbox 1750 5345 1920 5400; x_wconf 82' lang='lat' dir='ltr'>ratio-</span> 
     </span>
    </p>
   </div>
   <div class='ocr_carea' id='block_1_102' title="bbox 260 5432 1920 5506">
    <p class='ocr_par' dir='ltr' id='par_1_102' title="bbox 260 5432 1920 5506">
     <span class='ocr_line' id='line_1_102' title="bbox 260 5432 1920 5506; baseline -0.003 -12"><span class='ocrx_word' id='word_1_741' title='bbox 260 5438 463 5494; x_wconf 82' lang='lat' dir='ltr'>nabile</span> <span class='ocrx_word' id='word_1_742' title='bbox 483 5438 736 5504; x_wconf 89' lang='lat' dir='ltr'>videtur,</span> <span class='ocrx_word' id='word_1_743' title='bbox 757 5441 820 5492; x_wconf 88' lang='lat' dir='ltr'>ut</span> <span class='ocrx_word' id='word_1_744' title='bbox 851 5436 1025 5491; x_wconf 86' lang='lat' dir='ltr'>etiam</span> <span class='ocrx_word' id='word_1_745' title='bbox 1045 5434 1251 5489; x_wconf 69' lang='lat' dir='ltr'>divina:</span> <span class='ocrx_word' id='word_1_746' title='bbox 1271 5432 1670 5505; x_wconf 89' lang='lat' dir='ltr'>inspirationis</span> <span class='ocrx_word' id='word_1_747' title='bbox 1695 5435 1920 5506; x_wconf 90' lang='lat' dir='ltr'>modos,</span> 
     </span>
    </p>
   </div>
   <div class='ocr_carea' id='block_1_103' title="bbox 261 5521 1920 5601">
    <p class='ocr_par' dir='ltr' id='par_1_103' title="bbox 261 5521 1920 5601">
     <span class='ocr_line' id='line_1_103' title="bbox 261 5521 1920 5601; baseline -0.004 -17"><span class='ocrx_word' id='word_1_748' title='bbox 261 5527 488 5601; x_wconf 83' lang='lat' dir='ltr'>quibus</span> <span class='ocrx_word' id='word_1_749' title='bbox 521 5543 689 5582; x_wconf 89' lang='lat' dir='ltr'>mens</span> <span class='ocrx_word' id='word_1_750' title='bbox 719 5543 851 5581; x_wconf 90' lang='lat' dir='ltr'>mea</span> <span class='ocrx_word' id='word_1_751' title='bbox 882 5525 953 5580; x_wconf 92' lang='lat' dir='ltr'>ad</span> <span class='ocrx_word' id='word_1_752' title='bbox 1005 5523 1450 5596; x_wconf 88' lang='lat' dir='ltr'>repugnandum</span> <span class='ocrx_word' id='word_1_753' title='bbox 1501 5521 1920 5591; x_wconf 89' lang='lat' dir='ltr'>instruebatur,</span> 
     </span>
    </p>
   </div>
   <div class='ocr_carea' id='block_1_104' title="bbox 263 5610 1925 5688">
    <p class='ocr_par' dir='ltr' id='par_1_104' title="bbox 263 5610 1925 5688">
     <span class='ocr_line' id='line_1_104' title="bbox 263 5610 1925 5688; baseline -0.005 -14"><span class='ocrx_word' id='word_1_754' title='bbox 263 5617 584 5675; x_wconf 84' lang='lat' dir='ltr'>scribendo</span> <span class='ocrx_word' id='word_1_755' title='bbox 614 5615 896 5688; x_wconf 87' lang='lat' dir='ltr'>aperiam,</span> <span class='ocrx_word' id='word_1_756' title='bbox 929 5630 998 5669; x_wconf 90' lang='lat' dir='ltr'>ne</span> <span class='ocrx_word' id='word_1_757' title='bbox 1029 5614 1177 5668; x_wconf 91' lang='lat' dir='ltr'>forte</span> <span class='ocrx_word' id='word_1_758' title='bbox 1207 5611 1418 5684; x_wconf 88' lang='lat' dir='ltr'>aliquis</span> <span class='ocrx_word' id='word_1_759' title='bbox 1449 5610 1779 5667; x_wconf 88' lang='lat' dir='ltr'>delusiones</span> <span class='ocrx_word' id='word_1_760' title='bbox 1802 5627 1925 5667; x_wconf 87' lang='lat' dir='ltr'>eas-</span> 
     </span>
    </p>
   </div>
   <div class='ocr_carea' id='block_1_105' title="bbox 267 5698 1925 5776">
    <p class='ocr_par' dir='ltr' id='par_1_105' title="bbox 267 5698 1925 5776">
     <span class='ocr_line' id='line_1_105' title="bbox 267 5698 1925 5776; baseline -0.002 -12"><span class='ocrx_word' id='word_1_761' title='bbox 267 5706 406 5774; x_wconf 80' lang='lat' dir='ltr'>dem</span> <span class='ocrx_word' id='word_1_762' title='bbox 439 5704 538 5764; x_wconf 84' lang='lat' dir='ltr'>hic</span> <span class='ocrx_word' id='word_1_763' title='bbox 568 5703 978 5764; x_wconf 86' lang='lat' dir='ltr'>tantummodo</span> <span class='ocrx_word' id='word_1_764' title='bbox 1001 5699 1271 5776; x_wconf 85' lang='lat' dir='ltr'>scriptas,</span> <span class='ocrx_word' id='word_1_765' title='bbox 1294 5704 1350 5759; x_wconf 89' lang='lat' dir='ltr'>et</span> <span class='ocrx_word' id='word_1_766' title='bbox 1379 5715 1494 5756; x_wconf 90' lang='lat' dir='ltr'>non</span> <span class='ocrx_word' id='word_1_767' title='bbox 1520 5698 1788 5774; x_wconf 79' lang='lat' dir='ltr'>protinus</span> <span class='ocrx_word' id='word_1_768' title='bbox 1818 5717 1925 5760; x_wconf 83' lang='lat' dir='ltr'>cce-</span> 
     </span>
    </p>
   </div>
   <div class='ocr_carea' id='block_1_106' title="bbox 2025 4707 3669 4768">
    <p class='ocr_par' dir='ltr' id='par_1_106' title="bbox 2025 4707 3669 4768">
     <span class='ocr_line' id='line_1_106' title="bbox 2025 4707 3669 4768; baseline -0.007 0"><span class='ocrx_word' id='word_1_769' title='bbox 2025 4720 2087 4768; x_wconf 89' lang='lat' dir='ltr'>ut</span> <span class='ocrx_word' id='word_1_770' title='bbox 2117 4713 2260 4768; x_wconf 90' lang='lat' dir='ltr'>alios</span> <span class='ocrx_word' id='word_1_771' title='bbox 2284 4711 2569 4766; x_wconf 66' lang='lat' dir='ltr'>aedificare</span> <span class='ocrx_word' id='word_1_772' title='bbox 2593 4709 2912 4765; x_wconf 88' lang='lat' dir='ltr'>moliatur?</span> <span class='ocrx_word' id='word_1_773' title='bbox 2941 4710 3026 4762; x_wconf 88' lang='lat' dir='ltr'>An</span> <span class='ocrx_word' id='word_1_774' title='bbox 3049 4707 3348 4761; x_wconf 78' lang='lat' dir='ltr'>arbitraris</span> <span class='ocrx_word' id='word_1_775' title='bbox 3370 4710 3432 4759; x_wconf 87' lang='lat' dir='ltr'>ut</span> <span class='ocrx_word' id='word_1_776' title='bbox 3461 4707 3516 4758; x_wconf 90' lang='lat' dir='ltr'>te</span> <span class='ocrx_word' id='word_1_777' title='bbox 3547 4707 3669 4758; x_wconf 88' lang='lat' dir='ltr'>tan-</span> 
     </span>
    </p>
   </div>
   <div class='ocr_carea' id='block_1_107' title="bbox 2025 4793 3666 4869">
    <p class='ocr_par' dir='ltr' id='par_1_107' title="bbox 2025 4793 3666 4869">
     <span class='ocr_line' id='line_1_107' title="bbox 2025 4793 3666 4869; baseline -0.007 -12"><span class='ocrx_word' id='word_1_778' title='bbox 2025 4800 2326 4857; x_wconf 89' lang='lat' dir='ltr'>tummodo</span> <span class='ocrx_word' id='word_1_779' title='bbox 2354 4800 2412 4853; x_wconf 91' lang='lat' dir='ltr'>in</span> <span class='ocrx_word' id='word_1_780' title='bbox 2436 4799 2581 4854; x_wconf 89' lang='lat' dir='ltr'>alios</span> <span class='ocrx_word' id='word_1_781' title='bbox 2613 4802 2944 4869; x_wconf 87' lang='lat' dir='ltr'>peccantem</span> <span class='ocrx_word' id='word_1_782' title='bbox 2978 4793 3145 4850; x_wconf 80' lang='lat' dir='ltr'>velim</span> <span class='ocrx_word' id='word_1_783' title='bbox 3172 4793 3434 4859; x_wconf 86' lang='lat' dir='ltr'>tolerare,</span> <span class='ocrx_word' id='word_1_784' title='bbox 3467 4797 3523 4848; x_wconf 90' lang='lat' dir='ltr'>et</span> <span class='ocrx_word' id='word_1_785' title='bbox 3553 4808 3666 4846; x_wconf 90' lang='lat' dir='ltr'>non</span> 
     </span>
    </p>
   </div>
   <div class='ocr_carea' id='block_1_108' title="bbox 2025 4878 3667 4954">
    <p class='ocr_par' dir='ltr' id='par_1_108' title="bbox 2025 4878 3667 4954">
     <span class='ocr_line' id='line_1_108' title="bbox 2025 4878 3667 4954; baseline -0.007 -9"><span class='ocrx_word' id='word_1_786' title='bbox 2025 4889 2296 4946; x_wconf 90' lang='lat' dir='ltr'>similiter</span> <span class='ocrx_word' id='word_1_787' title='bbox 2324 4887 2468 4942; x_wconf 91' lang='lat' dir='ltr'>alios</span> <span class='ocrx_word' id='word_1_788' title='bbox 2520 4887 2578 4940; x_wconf 94' lang='lat' dir='ltr'>in</span> <span class='ocrx_word' id='word_1_789' title='bbox 2627 4892 2682 4939; x_wconf 89' lang='lat' dir='ltr'>te</span> <span class='ocrx_word' id='word_1_790' title='bbox 2713 4883 3116 4954; x_wconf 89' lang='lat' dir='ltr'>delinquentes</span> <span class='ocrx_word' id='word_1_791' title='bbox 3165 4897 3350 4952; x_wconf 91' lang='lat' dir='ltr'>usque</span> <span class='ocrx_word' id='word_1_792' title='bbox 3381 4881 3451 4934; x_wconf 90' lang='lat' dir='ltr'>ad</span> <span class='ocrx_word' id='word_1_793' title='bbox 3487 4878 3667 4951; x_wconf 71' lang='lat' dir='ltr'>poeni-</span> 
     </span>
    </p>
   </div>
   <div class='ocr_carea' id='block_1_109' title="bbox 2026 4969 3672 5046">
    <p class='ocr_par' dir='ltr' id='par_1_109' title="bbox 2026 4969 3672 5046">
     <span class='ocr_line' id='line_1_109' title="bbox 2026 4969 3672 5046; baseline -0.007 -12"><span class='ocrx_word' id='word_1_794' title='bbox 2026 4979 2266 5035; x_wconf 87' lang='lat' dir='ltr'>tentiam</span> <span class='ocrx_word' id='word_1_795' title='bbox 2291 4981 2622 5046; x_wconf 85' lang='lat' dir='ltr'>exspectare</span> <span class='ocrx_word' id='word_1_796' title='bbox 2644 4974 2670 5027; x_wconf 83' lang='lat'><strong><em>?</em></strong></span> <span class='ocrx_word' id='word_1_797' title='bbox 2693 4972 2831 5044; x_wconf 92' lang='lat' dir='ltr'>quin</span> <span class='ocrx_word' id='word_1_798' title='bbox 2861 4971 3056 5044; x_wconf 89' lang='lat' dir='ltr'>potius</span> <span class='ocrx_word' id='word_1_799' title='bbox 3080 4970 3332 5035; x_wconf 88' lang='lat' dir='ltr'>attende,</span> <span class='ocrx_word' id='word_1_800' title='bbox 3358 4969 3493 5041; x_wconf 90' lang='lat' dir='ltr'>quia</span> <span class='ocrx_word' id='word_1_801' title='bbox 3517 4969 3672 5023; x_wconf 86' lang='lat' dir='ltr'>sicut</span> 
     </span>
    </p>
   </div>
   <div class='ocr_carea' id='block_1_110' title="bbox 2027 5055 3670 5135">
    <p class='ocr_par' dir='ltr' id='par_1_110' title="bbox 2027 5055 3670 5135">
     <span class='ocr_line' id='line_1_110' title="bbox 2027 5055 3670 5135; baseline -0.009 -11"><span class='ocrx_word' id='word_1_802' title='bbox 2027 5068 2290 5125; x_wconf 87' lang='lat' dir='ltr'>omnium</span> <span class='ocrx_word' id='word_1_803' title='bbox 2327 5082 2507 5119; x_wconf 90' lang='lat' dir='ltr'>unum</span> <span class='ocrx_word' id='word_1_804' title='bbox 2555 5062 2844 5135; x_wconf 76' lang='lat' dir='ltr'>patientiae</span> <span class='ocrx_word' id='word_1_805' title='bbox 2875 5065 2932 5116; x_wconf 91' lang='lat' dir='ltr'>et</span> <span class='ocrx_word' id='word_1_806' title='bbox 2982 5057 3345 5132; x_wconf 70' lang='lat' dir='ltr'>patet-uitatis</span> <span class='ocrx_word' id='word_1_807' title='bbox 3378 5057 3560 5112; x_wconf 91' lang='lat' dir='ltr'>habeo</span> <span class='ocrx_word' id='word_1_808' title='bbox 3590 5055 3670 5110; x_wconf 89' lang='lat' dir='ltr'>af-</span> 
     </span>
    </p>
   </div>
   <div class='ocr_carea' id='block_1_111' title="bbox 2028 5143 3669 5224">
    <p class='ocr_par' dir='ltr' id='par_1_111' title="bbox 2028 5143 3669 5224">
     <span class='ocr_line' id='line_1_111' title="bbox 2028 5143 3669 5224; baseline -0.009 -10"><span class='ocrx_word' id='word_1_809' title='bbox 2028 5160 2240 5214; x_wconf 86' lang='lat' dir='ltr'>fectum</span> <span class='ocrx_word' id='word_1_810' title='bbox 2267 5175 2280 5224; x_wconf 87' lang='lat'><strong>;</strong></span> <span class='ocrx_word' id='word_1_811' title='bbox 2316 5172 2413 5210; x_wconf 85' lang='lat' dir='ltr'>vos</span> <span class='ocrx_word' id='word_1_812' title='bbox 2444 5157 2638 5208; x_wconf 89' lang='lat' dir='ltr'>autem</span> <span class='ocrx_word' id='word_1_813' title='bbox 2686 5149 2952 5206; x_wconf 90' lang='lat' dir='ltr'>homines</span> <span class='ocrx_word' id='word_1_814' title='bbox 2984 5149 3088 5203; x_wconf 91' lang='lat' dir='ltr'>hoc</span> <span class='ocrx_word' id='word_1_815' title='bbox 3141 5148 3304 5202; x_wconf 90' lang='lat' dir='ltr'>decet</span> <span class='ocrx_word' id='word_1_816' title='bbox 3333 5143 3669 5201; x_wconf 92' lang='lat' dir='ltr'>omnimodo</span> 
     </span>
    </p>
   </div>
   <div class='ocr_carea' id='block_1_112' title="bbox 2029 5233 3674 5320">
    <p class='ocr_par' dir='ltr' id='par_1_112' title="bbox 2029 5233 3674 5320">
     <span class='ocr_line' id='line_1_112' title="bbox 2029 5233 3674 5320; baseline -0.01 -18"><span class='ocrx_word' id='word_1_817' title='bbox 2029 5246 2327 5320; x_wconf 88' lang='lat' dir='ltr'>providere</span> <span class='ocrx_word' id='word_1_818' title='bbox 2358 5249 2421 5298; x_wconf 88' lang='lat' dir='ltr'>ut</span> <span class='ocrx_word' id='word_1_819' title='bbox 2451 5247 2612 5297; x_wconf 86' lang='lat' dir='ltr'>tanta</span> <span class='ocrx_word' id='word_1_820' title='bbox 2634 5240 2867 5312; x_wconf 89' lang='lat' dir='ltr'>pietatis</span> <span class='ocrx_word' id='word_1_821' title='bbox 2888 5254 3026 5294; x_wconf 67' lang='lat' dir='ltr'>meae</span> <span class='ocrx_word' id='word_1_822' title='bbox 3057 5237 3283 5292; x_wconf 90' lang='lat' dir='ltr'>devotio</span> <span class='ocrx_word' id='word_1_823' title='bbox 3306 5235 3467 5290; x_wconf 87' lang='lat' dir='ltr'>vobis</span> <span class='ocrx_word' id='word_1_824' title='bbox 3487 5233 3674 5288; x_wconf 85' lang='lat' dir='ltr'>valeat</span> 
     </span>
    </p>
   </div>
   <div class='ocr_carea' id='block_1_113' title="bbox 2031 5321 3672 5409">
    <p class='ocr_par' dir='ltr' id='par_1_113' title="bbox 2031 5321 3672 5409">
     <span class='ocr_line' id='line_1_113' title="bbox 2031 5321 3672 5409; baseline -0.01 -17"><span class='ocrx_word' id='word_1_825' title='bbox 2031 5337 2325 5409; x_wconf 90' lang='lat' dir='ltr'>prodesse.</span> <span class='ocrx_word' id='word_1_826' title='bbox 2356 5333 2460 5388; x_wconf 92' lang='lat' dir='ltr'>Ubi</span> <span class='ocrx_word' id='word_1_827' title='bbox 2483 5348 2618 5403; x_wconf 90' lang='lat' dir='ltr'>ergo</span> <span class='ocrx_word' id='word_1_828' title='bbox 2650 5345 2806 5384; x_wconf 91' lang='lat' dir='ltr'>nunc</span> <span class='ocrx_word' id='word_1_829' title='bbox 2826 5336 2913 5383; x_wconf 84' lang='lat' dir='ltr'>est</span> <span class='ocrx_word' id='word_1_830' title='bbox 2942 5326 3219 5399; x_wconf 88' lang='lat' dir='ltr'>patientia</span> <span class='ocrx_word' id='word_1_831' title='bbox 3248 5329 3301 5378; x_wconf 92' lang='lat' dir='ltr'>et</span> <span class='ocrx_word' id='word_1_832' title='bbox 3324 5321 3672 5390; x_wconf 88' lang='lat' dir='ltr'>constantia,</span> 
     </span>
    </p>
   </div>
   <div class='ocr_carea' id='block_1_114' title="bbox 2031 5409 3673 5493">
    <p class='ocr_par' dir='ltr' id='par_1_114' title="bbox 2031 5409 3673 5493">
     <span class='ocr_line' id='line_1_114' title="bbox 2031 5409 3673 5493; baseline -0.01 -11"><span class='ocrx_word' id='word_1_833' title='bbox 2031 5443 2135 5482; x_wconf 90' lang='lat' dir='ltr'>nec</span> <span class='ocrx_word' id='word_1_834' title='bbox 2168 5441 2280 5480; x_wconf 88' lang='lat' dir='ltr'>non</span> <span class='ocrx_word' id='word_1_835' title='bbox 2307 5422 2399 5477; x_wconf 88' lang='lat' dir='ltr'>illa</span> <span class='ocrx_word' id='word_1_836' title='bbox 2433 5419 2709 5493; x_wconf 82' lang='lat' dir='ltr'>perfectio</span> <span class='ocrx_word' id='word_1_837' title='bbox 2733 5432 2908 5489; x_wconf 91' lang='lat' dir='ltr'>quam</span> <span class='ocrx_word' id='word_1_838' title='bbox 2941 5431 3090 5486; x_wconf 69' lang='lat' dir='ltr'>saepe</span> <span class='ocrx_word' id='word_1_839' title='bbox 3115 5415 3226 5469; x_wconf 90' lang='lat' dir='ltr'>Deo</span> <span class='ocrx_word' id='word_1_840' title='bbox 3258 5409 3598 5484; x_wconf 89' lang='lat' dir='ltr'>promisisti,</span> <span class='ocrx_word' id='word_1_841' title='bbox 3622 5411 3673 5465; x_wconf 82' lang='lat' dir='ltr'>si</span> 
     </span>
    </p>
   </div>
   <div class='ocr_carea' id='block_1_115' title="bbox 2031 5500 3673 5584">
    <p class='ocr_par' dir='ltr' id='par_1_115' title="bbox 2031 5500 3673 5584">
     <span class='ocr_line' id='line_1_115' title="bbox 2031 5500 3673 5584; baseline -0.01 -14"><span class='ocrx_word' id='word_1_842' title='bbox 2031 5515 2128 5571; x_wconf 91' lang='lat' dir='ltr'>ille</span> <span class='ocrx_word' id='word_1_843' title='bbox 2159 5519 2213 5570; x_wconf 86' lang='lat' dir='ltr'>te</span> <span class='ocrx_word' id='word_1_844' title='bbox 2245 5512 2496 5584; x_wconf 89' lang='lat' dir='ltr'>eripiens</span> <span class='ocrx_word' id='word_1_845' title='bbox 2519 5527 2552 5564; x_wconf 90' lang='lat' dir='ltr'>a</span> <span class='ocrx_word' id='word_1_846' title='bbox 2585 5507 2858 5580; x_wconf 87' lang='lat' dir='ltr'>periculis</span> <span class='ocrx_word' id='word_1_847' title='bbox 2887 5502 3334 5559; x_wconf 88' lang='lat' dir='ltr'>imminentibus</span> <span class='ocrx_word' id='word_1_848' title='bbox 3360 5500 3673 5554; x_wconf 85' lang='lat' dir='ltr'>constitue-</span> 
     </span>
    </p>
   </div>
   <div class='ocr_carea' id='block_1_116' title="bbox 2034 5587 3676 5661">
    <p class='ocr_par' dir='ltr' id='par_1_116' title="bbox 2034 5587 3676 5661">
     <span class='ocr_line' id='line_1_116' title="bbox 2034 5587 3676 5661; baseline -0.012 0"><span class='ocrx_word' id='word_1_849' title='bbox 2034 5612 2121 5660; x_wconf 89' lang='lat' dir='ltr'>ret</span> <span class='ocrx_word' id='word_1_850' title='bbox 2159 5605 2218 5658; x_wconf 92' lang='lat' dir='ltr'>in</span> <span class='ocrx_word' id='word_1_851' title='bbox 2271 5601 2475 5656; x_wconf 90' lang='lat' dir='ltr'>habitu</span> <span class='ocrx_word' id='word_1_852' title='bbox 2528 5595 2927 5653; x_wconf 77' lang='lat' dir='ltr'>monasterio?</span> <span class='ocrx_word' id='word_1_853' title='bbox 2959 5593 3037 5647; x_wconf 89' lang='lat' dir='ltr'>En</span> <span class='ocrx_word' id='word_1_854' title='bbox 3091 5593 3238 5646; x_wconf 88' lang='lat' dir='ltr'>Deus</span> <span class='ocrx_word' id='word_1_855' title='bbox 3286 5588 3474 5645; x_wconf 84' lang='lat' dir='ltr'>effecit</span> <span class='ocrx_word' id='word_1_856' title='bbox 3522 5587 3676 5661; x_wconf 86' lang='lat' dir='ltr'>quod</span> 
     </span>
    </p>
   </div>
   <div class='ocr_carea' id='block_1_117' title="bbox 2035 5681 3678 5769">
    <p class='ocr_par' dir='ltr' id='par_1_117' title="bbox 2035 5681 3678 5769">
     <span class='ocr_line' id='line_1_117' title="bbox 2035 5681 3678 5769; baseline -0.012 -16"><span class='ocrx_word' id='word_1_857' title='bbox 2035 5710 2200 5753; x_wconf 86' lang='lat' dir='ltr'>meus</span> <span class='ocrx_word' id='word_1_858' title='bbox 2231 5696 2331 5749; x_wconf 88' lang='lat' dir='ltr'>tua</span> <span class='ocrx_word' id='word_1_859' title='bbox 2360 5705 2509 5769; x_wconf 82' lang='lat' dir='ltr'>saepe</span> <span class='ocrx_word' id='word_1_860' title='bbox 2530 5686 2789 5761; x_wconf 81' lang='lat' dir='ltr'>rogavit;</span> <span class='ocrx_word' id='word_1_861' title='bbox 2823 5690 2882 5742; x_wconf 86' lang='lat' dir='ltr'>tu</span> <span class='ocrx_word' id='word_1_862' title='bbox 2914 5696 3146 5764; x_wconf 85' lang='lat' dir='ltr'>quoque</span> <span class='ocrx_word' id='word_1_863' title='bbox 3168 5693 3346 5762; x_wconf 86' lang='lat' dir='ltr'>quare</span> <span class='ocrx_word' id='word_1_864' title='bbox 3377 5681 3545 5738; x_wconf 85' lang='lat' dir='ltr'>tuum</span> <span class='ocrx_word' id='word_1_865' title='bbox 3567 5681 3678 5735; x_wconf 79' lang='lat' dir='ltr'>tar-</span> 
     </span>
    </p>
   </div>
  </div>
