4114 6184
458 316 535 376 35

1464 306 1805 372 OTHLONI
1851 308 2205 369 MONACHI
2252 310 2319 370 S.
2366 304 2855 369 EMMERAMMI
3788 306 3862 376 36

461 446 567 501 das
582 444 912 518 persolvere
935 443 1171 499 votum?
1191 442 1427 514 Rogasti
1444 442 1618 496 etiam
1643 442 1749 496 tibi
1773 440 1945 496 talem
1973 458 2108 512 prm-
2138 446 2193 509 Α
2223 442 2435 496 mentis
2466 442 2761 513 gravibus,
2796 443 2898 494 aut
2928 438 3237 495 inhonesta
3263 440 3662 497 membrorum
3692 445 3862 501 amis-

462 536 602 590 stari
635 533 850 601 locum,
872 532 933 587 in
966 550 1079 604 quo
1109 532 1335 603 copiam
1364 531 1607 585 haberes
1637 529 1939 585 librorum.
1966 531 2108 585 Ecce

461 624 696 678 auditus
746 639 828 693 es,
880 638 1010 677 ecce
1058 620 1238 675 libros
1288 619 1503 674 retines
1551 618 1844 674 diversum
1895 619 2108 689 dogma

461 710 728 778 ferentes,
784 711 841 764 in
904 710 1119 781 quibus
1167 713 1443 764 zeternam
1495 709 1710 778 poteris
1761 723 2107 779 cognoscere

457 801 655 855 vitam.
692 799 804 854 Cur
832 799 1009 854 rebus
1038 796 1215 852 variis
1239 802 1489 853 mentem
1525 814 1627 868 per
1649 796 1847 852 inania
1877 796 2104 869 Spargis

458 892 514 945 et
566 889 763 944 minus
812 891 1075 958 optatum
1126 886 1367 942 festinas
1420 901 1651 941 sumere
1697 884 1986 940 domum?
2018 884 2103 938 Ad

456 977 575 1033 haec
634 978 810 1032 etiam
864 991 1065 1048 rogare
1118 975 1417 1045 studuisti,
1452 979 1515 1028 ut
1561 974 1700 1045 quia
1738 979 1794 1030 te
1842 976 1913 1029 ad
1958 975 2102 1030 tole-

454 1066 637 1121 randa
690 1067 930 1121 adversa
973 1069 1365 1136 praeparatum
1418 1069 1476 1117 et
1528 1068 1867 1135 promptum
1897 1062 2101 1119 existi-

454 1154 649 1225 masti,
684 1155 942 1226 aliquam
996 1169 1171 1224 super
1199 1158 1253 1207 te
1299 1151 1700 1223 permitterem
1750 1152 1945 1207 venire
1975 1169 2100 1207 mo-

447 1244 679 1299 lestiarn
731 1243 1089 1310 tentationis,
1123 1258 1227 1313 per
1273 1258 1451 1312 quam
1505 1241 1823 1296 meruisses
1871 1241 2096 1311 aliqua-

446 1337 619 1387 tenus
649 1332 959 1404 expurgari
990 1348 1024 1385 a
1070 1330 1345 1402 peccatis.
1379 1329 1520 1383 Ecce
1570 1333 1626 1383 et
1656 1329 1764 1383 hoc
1812 1329 1893 1383 ita
1921 1346 2095 1384 exau-

445 1422 581 1490 divi,
615 1425 677 1476 ut
710 1438 821 1476 non
857 1421 1180 1475 secundum
1221 1417 1572 1489 nequissimi
1605 1418 1911 1472 tentatoris
1942 1424 2092 1485 vota,

443 1511 544 1565 sed
594 1510 786 1581 potius
826 1510 996 1579 juxta
1049 1507 1199 1562 vires
1230 1506 1336 1561 tibi
1391 1521 1699 1561 concessas
1743 1507 1814 1560 ab
1846 1522 1911 1561 eo
1959 1508 2092 1561 fati-

441 1599 657 1669 garetis
694 1615 705 1651 :
740 1602 797 1652 et
828 1601 1023 1651 tamen
1048 1611 1178 1649 cum
1214 1594 1284 1649 ab
1316 1594 1657 1664 hujusmodi
1691 1611 2091 1667 compugnan-

441 1687 522 1740 tia
580 1685 905 1757 attingeris,
967 1700 1100 1738 mox
1181 1682 1336 1737 velut
1391 1682 1632 1753 ignarus
1705 1682 1791 1738 vel
1850 1683 2090 1739 inermis

438 1777 626 1830 victus
648 1774 838 1830 abibis
854 1774 881 1828 ?
903 1773 1139 1827 Constat
1159 1770 1392 1842 ineptus
1416 1771 1720 1842 homo,qui
1745 1788 1806 1827 se
1828 1773 1937 1827 scit
1956 1774 2090 1827 sub-

2222 529 2386 585 sione
2406 529 2499 586 vix
2516 534 2856 600 prcesentem
2879 528 3057 582 vitam
3079 528 3363 583 redimere
3384 537 3744 600 meruerunt,
3764 551 3863 590 seu

2218 618 2392 674 etiam
2419 619 2591 690 (quod
2618 617 3012 673 miserabilius
3028 618 3135 688 est)
3154 622 3255 672 aut
3279 618 3618 690 gladiis,aut
3639 618 3860 693 bestiis,

2218 712 2319 762 aut
2350 707 2503 779 igne,
2528 708 2645 762 sive
2678 706 2847 777 aquis
2874 708 3204 777 consumpti
3230 711 3475 762 mortem
3497 712 3860 782 repentinam

2217 797 2542 851 subierunt.
2570 799 2704 861 Quae
2736 795 2934 850 omnia
2958 794 3096 850 licet
3116 795 3320 851 multis
3346 797 3692 856 criminibus
3713 818 3861 873 saepe

2216 886 2553 952 meruisses,
2580 902 2693 939 non
2727 885 2916 940 solum
2951 884 3158 955 pietate
3183 885 3379 940 divina
3408 891 3701 958 protectus
3731 907 3860 946 eva-

2216 974 2339 1029 sisti
2369 992 2381 1040 ;
2414 990 2615 1029 verum
2649 974 2824 1028 etiam
2858 973 3122 1044 ingentia
3151 974 3324 1045 dona,
3357 991 3483 1046 quae
3513 979 3856 1036 mortalibus

2213 1063 2483 1134 plurimis
2516 1066 2656 1117 sunt
2682 1067 2909 1133 negata,
2933 1067 2997 1116 tu
3028 1062 3185 1117 velut
3209 1079 3277 1118 ex
3306 1065 3530 1121 meritis
3560 1065 3856 1138 aliquibus

2211 1152 2515 1223 acquisita,
2541 1151 2613 1204 ab
2637 1151 2806 1205 annis
2827 1150 3151 1222 puerilibus
3172 1154 3428 1223 usquein
3443 1170 3698 1225 praesens
3716 1161 3856 1212 tem-

2208 1256 2319 1310 pus
2346 1255 2576 1310 semper
2604 1238 2863 1294 tenuisti.
2897 1239 3099 1293 Nonne
3152 1255 3287 1311 ergo
3321 1239 3440 1295 haec
3471 1246 3632 1297 tanta
3661 1258 3854 1298 recor-

2206 1328 2438 1383 datione
2468 1332 2608 1383 sunt
2632 1326 2854 1399 digna?
2885 1326 3148 1398 nunquid
3179 1328 3361 1383 ullam
3385 1329 3444 1383 in
3468 1330 3652 1385 Deum
3672 1331 3852 1389 habes

2198 1417 2372 1487 justa:
2396 1415 2771 1487 querimoniae
2795 1433 3031 1472 causam
3059 1418 3085 1471 ?
3115 1416 3244 1471 Scio
3272 1418 3478 1489 utique
3502 1423 3558 1474 te
3580 1435 3647 1475 eo
3670 1422 3851 1491 majo-

2205 1522 2324 1560 rem
2357 1522 2460 1576 pro
2493 1505 2869 1560 tribulatione
2920 1521 3269 1577 quacunque
3309 1507 3524 1562 recenti
3556 1510 3847 1578 querimo-

2203 1594 2361 1648 niam
2394 1594 2629 1660 habere,
2654 1610 2769 1664 quo
2792 1593 2987 1648 minus
3018 1594 3077 1647 in
3098 1599 3360 1666 tempore
3380 1597 3727 1667 praecedenti
3751 1600 3846 1654 ad-

2200 1699 2367 1737 versa
2393 1682 2602 1737 solitus
2627 1699 2755 1737 eras
2780 1682 2899 1737 ulla
2917 1682 3227 1738 sustinere.
3249 1684 3497 1755 Ideoque
3519 1692 3719 1742 contra
3743 1688 3848 1742 Do-

2202 1770 2345 1825 mini
2364 1770 2589 1842 ﬂagella
2605 1772 2855 1842 peccatis
2878 1771 2994 1826 tuis
3016 1771 3315 1827 abolendis
3327 1772 3505 1828 nimis
3519 1776 3848 1832 necessaria

450 1822 625 1830 .---_-
650 1822 837 1830 __-_._
860 1822 872 1828 -
910 1822 1138 1827 --ΜΨ
1162 1822 1285 1842 ---,.
1416 1822 1720 1842 ----ηη--
1746 1822 1802 1827 η
1828 1822 1935 1827 --η
1956 1822 2059 1827 η-
2202 1822 2851 1842 -μ---ηομ-μγψηη
2884 1822 2991 1826 ---η
3019 1822 3845 1832 ημνη-πω---.ηη--..ηυ

438 1865 573 1919 dere
604 1868 833 1931 neutro,
858 1878 962 1916 nec
996 1861 1119 1932 paci
1152 1859 1417 1915 videlicet
1450 1876 1552 1915 nec
1584 1861 1755 1915 bello.
1793 1861 1922 1916 Paci
1956 1863 2083 1933 qui-
2118 1822 2165 1886 B
2194 1865 2354 1915 tanto
2393 1861 2578 1932 magis
2598 1861 2769 1915 modo
2789 1876 3156 1915 murmurare
3198 1861 3369 1931 soles,
3394 1867 3611 1933 quanto
3626 1866 3845 1935 majore

438 1953 592 2017 dem,
619 1952 756 2023 quia
789 1966 921 2005 cum
955 1948 1118 2002 nulla
1147 1948 1333 2002 aderit
1356 1965 1571 2020 pugna,
1593 1965 1653 2003 se
1682 1953 1965 2019 tanquam
1994 1969 2085 2007 va-

437 2040 622 2094 lidum
654 2045 711 2095 et
742 2042 1077 2111 promptum
1126 2041 1331 2108 sponte
1380 2038 1545 2092 otI'ert
1575 2039 1644 2093 ad
1677 2040 2080 2110 pugnandum,

433 2127 583 2183 bello
615 2134 832 2196 autem,
855 2127 993 2198 quia
1014 2142 1192 2197 quam
1214 2125 1473 2197 primum
1496 2126 1822 2181 insonuerit
1844 2128 2082 2200 clangor

435 2234 664 2289 pugnae,
699 2234 830 2271 mox
861 2216 1142 2286 depositis
1172 2214 1353 2269 armis
1380 2215 1527 2286 fugit
1558 2217 1629 2269 ad
1663 2215 1868 2271 solatia
1897 2218 2077 2288 pacis.

430 2306 612 2370 Quem
634 2322 770 2378 ergo
792 2309 1127 2361 sanctorum
1152 2305 1382 2359 Patrum
1416 2304 1473 2357 in
1498 2304 1690 2359 Veteri
1712 2310 1814 2359 aut
1834 2305 1893 2359 in
1922 2306 2077 2361 Novo

432 2395 803 2450 Testamento
833 2393 1171 2465 degentium
1222 2397 1342 2447 tam
1374 2397 1608 2464 gratum
1661 2394 1805 2447 mihi
1838 2400 2077 2465 tamque

430 2483 749 2555 pretiosum
783 2499 909 2538 esse
941 2498 1202 2552 unquam
1234 2481 1450 2553 legisti,
1486 2486 1549 2536 ut
1580 2498 1713 2537 eum
1743 2484 1799 2536 in
1831 2484 2076 2539 tribula-

433 2572 604 2627 tionis
622 2571 871 2641 alicujus
885 2572 1118 2626 fornace
1133 2569 1449 2626 noluissem
1470 2571 1735 2642 probari‘?
1754 2573 1813 2626 In
1830 2573 2075 2643 quibus-

428 2678 657 2732 cunque
687 2661 865 2732 igitur
895 2660 1058 2714 libris
1106 2659 1312 2713 divinae
1346 2658 1490 2731 legis
1522 2660 1748 2729 placeat
1779 2660 1887 2716 hoc
1918 2663 2069 2731 quod

420 2750 544 2819 jam
577 2749 695 2803 dixi
727 2748 1048 2820 exquirere,
1083 2754 1140 2802 et
1174 2747 1434 2803 invenies
1486 2749 1685 2819 procul
1718 2750 1893 2804 dubio
1927 2750 2073 2806 mihi

425 2854 539 2892 non
572 2838 628 2894 in
661 2855 769 2893 sua
799 2838 1095 2892 voluntate
1118 2837 1416 2903 delicatos,
1437 2838 1537 2891 sed
1572 2839 1780 2908 magis,
1802 2839 1859 2892 in
1890 2840 2072 2894 tribu-

422 2926 636 2983 latione
668 2944 732 2981 ac
764 2927 1165 2998 persecutione
1210 2928 1485 2996 probatos
1519 2943 1749 2997 semper
1778 2928 2070 2999 placuisse

424 3014 582 3070 Unde
614 3016 670 3069 in
705 3014 1007 3087 Evangelio
1040 3014 1253 3069 dicitur
1285 3031 1296 3068 :
1332 3016 1488 3069 Beati
1516 3017 1614 3085 qui
1638 3018 2068 3085 persecutionem

413 3106 709 3174 patiuntur
735 3114 951 3176 prapter
979 3105 1276 3176 justitiam,
1312 3106 1571 3175 quoniam
1601 3106 1843 3175 ipsorum
1872 3116 1953 3160 est
1980 3124 2061 3162 re-

2193 1948 2502 2003 clementia
2524 1948 2920 2021 patientiaque
2938 1948 3034 2004 ille
3053 1948 3336 2005 hactenus
3358 1950 3697 2022 iniquitates
3710 1959 3842 2010 tuas

2192 2037 2475 2093 sustinuit
2498 2053 2721 2093 omnes.
2742 2039 2851 2092 Sed
2876 2038 2993 2092 haec
3015 2038 3511 2110 estinjustissima
3531 2040 3838 2099 hominum

2194 2128 2650 2198 recompensatio
2678 2134 2743 2181 ut
2763 2142 2898 2181 cum
2921 2145 2953 2181 a
2985 2127 3233 2199 pueritia
3257 2145 3441 2201 usque
3464 2130 3535 2184 ad
3567 2136 3838 2187 senectu-

2194 2222 2305 2270 tem
2336 2216 2666 2287 omnigenis
2699 2221 3069 2287 peccatorum
3111 2217 3383 2272 sordibus
3414 2216 3659 2272 involuti
3687 2219 3837 2276 mira

2188 2304 2288 2358 Dei
2319 2305 2529 2375 pietate
2546 2305 3042 2372 sustineantur,et
3063 2311 3265 2376 postea
3293 2321 3364 2361 ne
3400 2307 3631 2362 aeternis
3655 2309 3833 2380 depu-

2187 2396 2383 2448 tentur
2414 2392 2739 2464 suppliciis,
2772 2410 2874 2464 pro
2907 2395 3248 2449 ecrumdem
3273 2400 3641 2465 peccatorum
3673 2396 3834 2452 ablu-

2186 2482 2343 2536 tione
2373 2482 2742 2551 aliquatenus
2774 2482 3149 2553 afﬂigantur;
3185 2482 3376 2538 nullas
3397 2484 3447 2538 ei
3478 2488 3673 2555 grates
3705 2491 3830 2542 stu-

2185 2570 2359 2624 deant
2382 2570 2732 2641 impendere,
2753 2576 2854 2625 aut
2869 2587 2972 2642 pro
2996 2571 3254 2626 exhibita
3273 2573 3697 2645 compassione,
3725 2580 3826 2631 aut

2183 2675 2286 2729 pro
2309 2660 2733 2713 emendatione.
2760 2659 2886 2714 Noli
2911 2676 3045 2730 ergo
3071 2660 3290 2727 mirari,
3312 2662 3452 2731 quia
3474 2662 3617 2717 mihi
3638 2663 3825 2735 placet

2182 2765 2384 2803 omnes
2406 2748 2635 2818 probari
2656 2765 2666 2803 :
2685 2765 2819 2803 nam
2847 2764 2948 2803 nec
2972 2748 3215 2815 sibi,nec
3236 2749 3366 2805 aliis
3384 2751 3601 2823 cogniti
3615 2752 3821 2824 forent,

2181 2837 2293 2891 nisi
2306 2854 2402 2892 eos
2419 2842 2775 2892 tentamenta
2787 2838 3181 2908 aliquacertos
3194 2855 3259 2893 ac
3271 2840 3818 2910 probatosfacerent.

2178 2927 2317 2989 Quis
2348 2926 2503 2980 enim
2534 2926 2696 2981 miles
2720 2926 2947 2981 nullum
2980 2926 3159 2997 praelii
3186 2928 3502 2993 periculum
3527 2936 3819 3001 expertus,

2176 3014 2475 3084 praeliandi
2500 3015 2694 3089 socius
2716 3015 3027 3069 eritcertus
3046 3016 3073 3069 ‘2
3095 3015 3342 3087 ideoque
3367 3018 3606 3072 multiin
3631 3020 3747 3073 otio
3763 3024 3822 3074 et

2174 3104 2232 3157 in
2266 3119 2403 3174 pace
2436 3104 2628 3157 inutili
2679 3104 2903 3171 nutriti,
2938 3105 3207 3174 quamvis
3240 3107 3417 3161 fortes
3448 3123 3508 3161 se
3540 3122 3668 3163 esse
3698 3123 3819 3162 cre-

418 3209 588 3260 gnum
618 3193 890 3248 caelorum.
928 3194 986 3247 Id
1015 3193 1151 3247 item
1181 3191 1513 3263 evangelica
1538 3194 1713 3247 verba
1742 3198 2059 3250 testantur:
2094 3193 2135 3259 C
2175 3193 2338 3259 dant,
2375 3193 2606 3261 quando
2655 3192 2917 3250 venerint
2946 3194 3018 3246 ad
3068 3192 3307 3260 bellum,
3339 3195 3612 3250 continuo
3666 3197 3815 3269 fugae

418 3282 659 3351 Regnum
714 3282 973 3336 caelorum
1020 3283 1132 3335 vim
1176 3282 1408 3352 patitur,
1461 3289 1512 3336 et
1569 3282 1794 3336 violenti
1840 3284 2064 3353 rapiunt

416 3370 576 3424 illud.
610 3372 752 3425 Item
786 3371 1069 3441 scriptum
1088 3374 1176 3426 est
1207 3372 1263 3424 in
1298 3370 1598 3439 Evangelio
1634 3387 1645 3423 :
1681 3371 1865 3426 Ardua
1886 3381 1935 3426 et
1965 3390 2062 3426 an-

418 3467 572 3529 gusta
594 3462 672 3514 est
698 3461 790 3514 via
818 3473 941 3529 quae
971 3458 1118 3513 ducit
1148 3458 1217 3512 ad
1245 3460 1434 3513 vitam.
1461 3458 1605 3513 Hinc
1635 3460 1810 3515 etiam
1844 3461 2060 3515 Paulus

421 3548 718 3619 apostolus
749 3548 891 3602 dicit
922 3562 935 3600 :
968 3549 1131 3602 Nemo
1160 3548 1510 3602 coronabitur
1543 3550 1657 3601 nisi
1684 3551 1780 3616 qui
1822 3551 2061 3618 legitime

415 3638 723 3691 certaverit.
743 3639 883 3688 Cum
914 3651 1046 3707 ergo
1070 3636 1189 3689 haec
1206 3640 1260 3689 et
1290 3634 1383 3688 his
1399 3634 1616 3688 similia
1636 3635 1817 3690 multa
1843 3638 1899 3692 in
1919 3638 2060 3692 Scri-

418 3724 603 3795 pturis
636 3722 817 3778 sacris
844 3722 961 3777 scis
992 3738 1118 3777 esse
1142 3721 1376 3792 scripta,
1403 3738 1582 3792 quare
1606 3727 1690 3788 tu,
1720 3724 1767 3778 si
1799 3724 2055 3795 aliquam

413 3813 543 3868 vita
566 3811 836 3884 perennis
850 3827 1124 3865 coronam
1142 3810 1228 3865 vis
1249 3811 1650 3881 percipere,nil
1664 3813 2057 3870 tribulationis

414 3906 517 3955 aut
534 3900 810 3955 molestia
832 3916 935 3970 pro
955 3898 1301 3953 criminibus
1321 3898 1528 3953 saltem
1544 3902 1876 3956 commissis
1890 3903 2055 3974 cupis

414 3989 703 4043 sustinere
722 3988 749 4042 ?
768 3988 1015 4042 Attende
1042 3987 1239 4058 itaque
1261 3987 1569 4059 diligenter
1595 3990 1665 4043 ad
1689 4007 1756 4044 ea
1784 4008 1909 4061 qua
1928 3994 2053 4063 jam

411 4077 599 4132 dicere
642 4076 790 4143 volo,
822 4075 1099 4146 quoniam
1139 4075 1329 4147 legisti
1371 4076 1511 4131 talia
1558 4079 1777 4134 crebro.
1816 4079 2049 4136 Plurimi

411 4182 664 4238 namque
704 4171 1038 4221 sanctorum
1091 4182 1206 4219 non
1239 4169 1466 4219 tantum
1500 4183 1602 4237 pro
1649 4169 2053 4225 emendatione

409 4272 510 4309 seu
542 4255 897 4309 correctione
928 4258 1317 4325 peccatorum,
1345 4261 1629 4326 quantum
1663 4263 1898 4329 propter
1927 4276 2053 4330 pro-

407 4342 701 4398 bationem
734 4346 833 4397 aut
863 4346 1152 4414 perpetuae
1196 4342 1484 4398 felicitatis
1516 4346 2049 4415 compensationem

407 4436 701 4487 tormenta
730 4432 789 4486 in
838 4431 946 4486 hoc
994 4432 1215 4486 mundo
1266 4431 1651 4503 pertulerunt,
1685 4435 1835 4489 sicut
1862 4439 2048 4492 sancti

2173 3286 2442 3351 quaerunt
2458 3279 2815 3349 praesidium.
2833 3279 2925 3335 Sic
2942 3280 3118 3335 etiam
3138 3286 3199 3335 tu
3220 3282 3534 3338 arbitratus
3552 3299 3613 3338 es
3632 3288 3814 3340 temet

2172 3376 2305 3423 ante
2340 3369 2673 3423 tentationis
2693 3375 2927 3440 tempus
2953 3369 3210 3425 validum
3234 3372 3305 3425 ad
3326 3373 3523 3428 omnia
3555 3390 3568 3429 :
3602 3377 3659 3427 et
3678 3389 3810 3429 ecce

2172 3475 2349 3529 quam
2402 3457 2673 3512 infirmus
2719 3460 2799 3511 sis
2851 3475 2919 3513 ex
2976 3461 3292 3516 tentatione
3341 3466 3580 3533 apparet
3624 3462 3806 3518 illata.

2170 3546 2445 3617 Nunquid
2467 3547 2658 3600 adhuc
2679 3547 2867 3602 nescis
2889 3553 3175 3618 quantum
3196 3550 3522 3607 sitnoscere
3545 3552 3685 3623 quid
3703 3552 3807 3606 sis.

2169 3635 2330 3689 Certe
2354 3636 2401 3689 si
2430 3637 2678 3690 necdum
2697 3636 2933 3691 tentatio
2952 3637 3149 3707 aliqua
3177 3636 3589 3707 fortiorem,tui
3610 3646 3807 3696 tamen

2166 3728 2224 3777 te
2253 3724 2384 3779 fecit
2431 3725 2757 3792 certiorem,
2792 3725 2927 3796 quia
2976 3726 3137 3795 prius
3185 3730 3240 3779 te
3286 3728 3466 3797 (quod
3500 3744 3613 3782 non
3648 3730 3805 3801 eras)

2166 3814 2441 3868 credebas
2469 3814 2767 3881 validum;
2806 3830 2958 3868 nunc
2988 3814 3287 3868 veritatem
3319 3815 3546 3885 proprie
3578 3817 3800 3888 fragili-

2164 3902 2302 3956 tatis
2334 3908 2626 3973 expertus,
2652 3903 2919 3976 agnoscis
2941 3908 2995 3957 te
3017 3902 3338 3958 inﬁrmum.
3366 3903 3497 3959 Haec
3526 3910 3613 3960 est
3639 3922 3807 3963 nam-

2165 4007 2278 4061 que
2333 3991 2493 4046 illius
2535 3993 2751 4064 agnitio
2801 3993 3161 4047 infirmitatis
3212 3994 3282 4048 de
3330 4009 3446 4065 qua
3492 3996 3809 4066 Apostolus

2164 4080 2304 4135 dicit
2345 4098 2356 4134 :
2412 4082 2593 4136 Virtus
2646 4084 2706 4136 in
2752 4083 3077 4151 infirmitate
3119 4083 3421 4153 perﬁcitur.
3459 4083 3645 4155 Igitur
3691 4090 3807 4141 Deo

2162 4170 2378 4240 gratias
2410 4185 2535 4242 age,
2560 4170 2715 4241 quia,
2741 4172 3010 4242 quamvis
3031 4172 3299 4237 invitum,
3322 4175 3377 4226 te
3405 4172 3675 4243 fecitjam
3698 4174 3806 4229 tibi

2161 4263 2364 4313 notum
2396 4265 2452 4314 et
2472 4259 2700 4331 proprie
2730 4259 3064 4331 fragilitatis
3092 4262 3394 4315 conscium
3432 4278 3445 4315 :
3478 4262 3803 4318 considera-

2161 4363 2272 4417 que
2320 4347 2518 4413 simul,
2560 4348 2699 4419 quia
2746 4352 2908 4403 tanto
2958 4350 3178 4416 majore
3226 4349 3526 4405 devotione
3577 4366 3643 4405 ac
3689 4351 3803 4406 ﬂde

2160 4436 2428 4507 regimini
2460 4436 2653 4491 divino
2685 4438 2862 4492 debes
2891 4438 3099 4492 amodo
3130 4439 3549 4510 obtemperare,
3582 4444 3801 4510 quanto

402 4519 531 4589 Job,
590 4519 808 4586 Daniel,
842 4520 1045 4589 Isaias,
1072 4520 1357 4575 Jeremias
1406 4520 1463 4573 in
1518 4521 1702 4577 Veteri
1735 4541 1749 4591 ;
1784 4525 1843 4578 in
1891 4530 2046 4581 Novo
2077 4562 2122 4625 Β
2158 4523 2428 4595 pluribus
2471 4526 2881 4597 experimentis
2903 4529 3029 4597 jam
3081 4528 3339 4598 probasti
3369 4529 3568 4584 omnia
3598 4529 3655 4583 in
3684 4528 3802 4585 Deo

403 4614 597 4664 autem
622 4610 992 4664 Testamento
1015 4624 1219 4663 omnes
1240 4624 1387 4678 pene
1419 4616 1736 4681 martyrum
1772 4613 1930 4668 chori
1964 4614 2044 4671 le-

402 4704 621 4768 guntur
650 4698 777 4753 ideo
802 4696 989 4769 magis
1015 4696 1194 4767 passi,
1221 4701 1284 4751 ut
1312 4696 1469 4751 velut
1494 4714 1702 4755 aurum
1726 4701 1783 4754 in
1815 4703 2046 4759 fornace

401 4785 713 4854 probatum
735 4786 998 4856 puriores
1020 4786 1225 4850 effecti,
1250 4791 1462 4841 aeterna
1487 4788 1921 4858 perfruerentur
1950 4810 2043 4847 re-

401 4874 557 4944 quie,
578 4890 756 4944 quam
780 4878 843 4928 ut
874 4890 977 4945 pro
1009 4874 1328 4930 sceleribus
1345 4876 1537 4947 puniri
1570 4882 1793 4933 reatum
1829 4882 2043 4951 persol-

399 4968 599 5017 verent
628 4962 790 5017 illata
810 4962 1206 5019 tribulatione.
1232 4964 1315 5019 Tu
1345 4981 1475 5020 vero
1510 4967 1651 5021 nihil
1681 4968 1889 5023 horum
1923 4987 2041 5027 me-

400 5050 509 5106 rito
542 5051 645 5105 tibi
678 5051 971 5106 vindicare
1001 5057 1183 5123 potes,
1218 5058 1283 5107 ut
1333 5054 1554 5110 scilicet
1587 5058 1772 5128 magis
1804 5060 1876 5112 ad
1908 5076 2041 5131 pro-

395 5139 689 5195 bationem
712 5157 888 5211 quam
906 5142 977 5195 ad
998 5147 1368 5212 peccatorum
1385 5143 1809 5201 absolutionem
1831 5150 2041 5204 amodo

396 5228 678 5301 al'ﬂigaris
706 5247 717 5297 ;
752 5229 852 5285 sed
875 5230 947 5284 ad
978 5229 1086 5285 hoc
1113 5230 1519 5287 tribulationes
1542 5235 1909 5292 omnimodas
1936 5238 2039 5293 tibi

392 5333 539 5388 opus
588 5322 677 5372 est
724 5318 990 5389 tolerare,
1042 5336 1112 5374 ne
1166 5336 1268 5390 pro
1318 5320 1574 5375 reatibus
1628 5324 1744 5379 tuis
1793 5330 2038 5382 {eternas

391 5422 593 5478 pmnas
628 5408 854 5479 cogaris
888 5409 1104 5463 subire.
1138 5412 1254 5462 Hoc
1281 5424 1513 5479 quoque
1544 5417 1768 5480 oportet
1798 5418 1863 5468 ut
1886 5416 2038 5487 jugi-

393 5498 479 5549 ter
510 5498 855 5565 recorderis,
886 5498 1023 5569 quia
1055 5496 1289 5569 plurimi
1323 5513 1426 5569 pro
1460 5502 1709 5569 peccatis
1741 5503 1924 5560 multo
1954 5506 2035 5561 le-

382 5583 643 5647 vioribus
685 5602 863 5661 quam
894 5590 997 5642 tua
1048 5586 1186 5659 sint,
1210 5586 1372 5665 justo
1404 5586 1502 5643 Dei
1528 5590 1754 5661 judicio
1784 5599 1887 5649 aut
1917 5599 2034 5651 tor-

2156 4618 2282 4668 tuta
2328 4630 2476 4669 esse.
2528 4614 2801 4670 Sufﬁcere
2856 4632 3110 4687 namque
3149 4616 3254 4671 tibi
3303 4633 3404 4688 pro
3454 4617 3567 4673 ﬁde
3614 4621 3671 4673 et
3699 4634 3805 4690 spe

2158 4705 2463 4758 retinenda
2493 4704 2745 4775 deberet,
2771 4706 2927 4776 quod
2955 4722 3106 4777 saepe
3136 4706 3196 4761 in
3230 4706 3538 4762 Psalmista
3566 4706 3713 4779 legis
3744 4710 3804 4762 et

2156 4791 2325 4846 audis
2357 4811 2373 4845 :
2405 4793 2682 4859 Quomodo
2730 4796 3019 4850 miseretur
3043 4803 3199 4865 pater
3247 4797 3511 4865 ﬁliorum,
3542 4797 3805 4850 misertus

2150 4888 2228 4935 est
2259 4882 2521 4938 Dominus
2550 4884 2866 4938 timentibus
2894 4898 2971 4951 se,
3000 4886 3261 4954 quoniam
3290 4886 3403 4957 ipse
3429 4884 3671 4955 cognovit
3699 4883 3803 4955 ﬁg-

2151 4974 2395 5025 mentum
2441 4979 2708 5027 nostrum.
2757 4977 2823 5027 Et
2873 4973 3083 5028 iterum
3120 4988 3133 5028 :
3183 4972 3385 5028 Fidelis
3432 4975 3694 5029 Dominus
3739 4974 3803 5028 in

2152 5060 2400 5115 omnibus
2446 5062 2623 5116 verbis
2666 5064 2799 5133 suis,
2833 5067 2885 5117 et
2914 5067 3135 5117 sanctus
3181 5064 3241 5117 in
3270 5065 3522 5118 omnibus
3550 5062 3805 5135 operibus

2150 5152 2287 5203 suis.
2342 5151 2603 5221 Itemque
2637 5167 2651 5207 :
2687 5151 2930 5206 Custodit
2980 5152 3246 5206 Dominus
3288 5168 3471 5207 omnes
3512 5153 3801 5223 diligentes

2148 5254 2221 5302 se,
2256 5238 2559 5310 multaque
2584 5239 2675 5294 his
2707 5240 2923 5295 similia
2945 5247 3000 5296 et
3033 5242 3088 5295 in
3112 5242 3356 5313 psalmis
3377 5247 3434 5297 et
3464 5243 3523 5297 in
3555 5243 3685 5297 aliis
3708 5258 3803 5297 co-

2150 5327 2375 5382 dicibus
2407 5329 2783 5383 inveniuntur
2819 5331 3057 5403 scripta,
3092 5336 3155 5386 ut
3184 5332 3244 5386 in
3294 5331 3444 5385 Isaia
3492 5332 3795 5403 propheta,

2147 5416 2247 5487 qui
2277 5433 2343 5471 ex
2384 5417 2616 5471 Domini
2668 5436 2918 5490 persona
2947 5421 3087 5476 dicit
3120 5440 3132 5477 :
3170 5422 3563 5476 Convertimini
3590 5420 3659 5476 ad
3688 5436 3798 5487 me,

2144 5510 2195 5559 et
2224 5507 2398 5561 salvis
2448 5508 2627 5579 eritis,
2661 5524 2845 5565 omnes
2890 5510 3029 5580 ﬁnes
3056 5516 3238 5566 terrae.
3274 5509 3342 5564 Et
3393 5509 3607 5565 iterum
3638 5510 3799 5565 idem

2143 5595 2427 5670 propheta
2470 5599 2612 5657 dicit
2646 5618 2659 5659 :
2694 5602 3052 5676 Deretinquat
3099 5601 3308 5674 impius
3356 5601 3505 5656 viam
3534 5616 3713 5676 suam,
3743 5603 3803 5660 et
