4118 6188
306 333 342 392 7
887 325 1035 390 LlB.
1084 330 1185 392 DE
1228 320 1861 399 TENTATIONIBUS
1908 339 2080 403 SUIS
2125 338 2226 404 ET
2271 339 2645 406 SCRIPTIS.
2678 376 2755 391 —
2785 345 2982 408 PARS
3027 343 3074 408 Ι.
3601 350 3679 416 38

270 479 356 518 vir
378 463 602 535 iniquus
629 465 981 534 cogitationes
1010 479 1150 530 saas,
1184 465 1237 520 et
1265 473 1572 521 revertatur
1625 469 1696 524 ad
1738 470 1921 525 Domi-
1951 475 2006 541 Α
2109 475 2380 546 Nunquid
2415 492 2519 547 pro
2552 493 2789 532 munere
2802 495 2994 548 parvo,
3019 483 3120 535 aut
3136 480 3260 536 sine
3281 497 3457 538 causa
3478 483 3676 542 datam

270 569 429 622 num,
464 556 518 608 et
542 553 902 608 miserebitur
923 554 1035 620 eius
1059 569 1078 613 ,·
1109 560 1160 608 et
1186 553 1256 608 ad
1283 556 1452 610 Deum
1488 558 1754 625 nostrum,
1790 575 1922 628 quo-

268 644 430 696 niam
462 642 675 696 multus
703 645 784 697 est
813 642 886 696 ad
915 642 1321 712 ignoscendum.
1357 644 1420 699 In
1452 645 1744 702 Ezechiele
1775 665 1924 720 quo-

268 746 385 803 que
417 729 682 786 invenies
695 729 910 786 similia
941 731 1119 788 verba
1149 749 1161 786 :
1200 732 1403 788 scribit
1432 734 1586 789 enim
1614 753 1626 790 :
1658 737 1779 791 Vivo
1809 753 1922 808 ego,

269 818 408 875 dicit
431 820 703 874 Dominus
731 821 892 886 Deus,
920 823 1045 874 noto
1075 827 1311 876 mortem
1341 823 1521 894 impii,
1573 824 1665 879 sed
1699 834 1756 880 ut
1803 843 1927 881 con-

268 912 520 964 vertetur
549 912 599 964 et
627 911 796 964 vivat.
831 909 897 962 Et
928 907 1101 980 paulo
1133 914 1265 981 post
1297 911 1514 982 profert
1551 914 1922 982 sententiam,

272 1013 406 1069 qua
436 997 573 1054 licet
585 998 791 1068 justis,
821 1014 893 1053 ne
917 997 989 1053 de
1018 1014 1080 1053 se
1111 998 1331 1069 aliquid
1363 1007 1741 1070 praesumant,
1763 1020 1930 1074 pavo-

272 1087 666 1160 remingerat,
696 1086 954 1157 injustos
969 1091 1166 1142 tamen
1188 1087 1379 1143 verbis
1406 1105 1636 1145 omnem
1658 1091 1927 1146 humana;

274 1176 600 1232 clementiae
643 1193 818 1232 usum
853 1175 1266 1232 excedentibus
1310 1178 1645 1234 consolatur
1692 1182 1926 1237 dicens:

278 1267 512 1322 Etiamsi
533 1266 685 1336 justo
711 1265 909 1320 dixero
935 1281 947 1319 :
991 1266 1107 1320 Vita
1135 1267 1306 1332 vivat,
1340 1270 1392 1322 et
1420 1267 1656 1337 conﬁsus
1685 1271 1745 1324 in
1760 1270 1928 1341 justi-

284 1356 368 1410 tia
396 1371 499 1409 sua
525 1356 715 1424 fecerit
744 1355 1114 1427 iniquitatem,
1147 1370 1330 1410 omnes
1356 1357 1586 1425 iustitiae
1612 1358 1732 1428 ejus
1787 1359 1931 1414 obli-

278 1445 454 1500 vione
502 1443 802 1499 tradentur.
866 1443 926 1498 Si
981 1452 1165 1499 autem
1229 1444 1418 1500 dixero
1478 1447 1648 1518 impio
1677 1465 1694 1500 :
1761 1448 1932 1502 Morte

277 1535 558 1597 moneris,
589 1537 639 1587 et
672 1533 852 1602 egerit
873 1534 1254 1604 paenitentiam
1291 1551 1324 1588 a
1364 1539 1584 1604 peccato
1632 1552 1748 1601 suo,
1797 1539 1932 1606 fece-

275 1624 456 1693 ritque
483 1622 762 1690 iudicium
789 1626 842 1675 et
897 1622 1190 1690 iustitiam,
1222 1625 1334 1677 vita
1362 1624 1505 1678 vivet
1560 1634 1613 1678 et
1654 1641 1760 1679 non
1814 1640 1930 1680 mo-

273 1714 481 1768 rietur.
513 1711 578 1765 1n
611 1709 741 1765 aliis
772 1709 947 1765 etiam
979 1710 1280 1782 prophetis
1308 1711 1602 1767 invenitur
1623 1712 1929 1784 scriptum,

275 1805 504 1873 quanta
539 1799 636 1854 Dei
670 1799 860 1872 gratia
901 1799 976 1854 sit
1028 1816 1205 1872 super
1253 1817 1456 1856 omnes
1515 1802 1614 1872 qui
1662 1803 1934 1857 invocant

275 1889 468 1945 illum.
490 1888 615 1945 Joel
649 1905 883 1961 quoque
916 1889 1201 1961 propheta
1232 1889 1405 1945 dicit:
1443 1889 1836 1946 Convertimini
1865 1890 1934 1945 ad

279 1981 575 2035 Dominum
609 1978 783 2032 Deum
819 1987 1074 2045 vestrum,
1106 1979 1238 2048 quia
1269 1978 1536 2045 benignus
1555 1988 1605 2034 et
1623 1981 1934 2035 misericors

276 2072 374 2139 est,
409 2077 461 2124 et
477 2066 820 2140 praestabilis
841 2082 1003 2138 super
1025 2067 1416 2122 maliti/ultam
1441 2069 1483 2121 A
1501 2083 1627 2123 mos
1654 2069 1937 2140 propheta

281 2159 464 2215 dicit:
500 2159 744 2226 Quwrite
773 2157 1084 2226 Dominum,
1129 2159 1177 2210 et
1231 2157 1416 2212 vivite.
1462 2157 1587 2212 Non
1647 2157 1931 2214 minorem

282 2261 520 2318 quoque
553 2246 685 2301 fidei
708 2251 884 2319 atque
906 2245 1028 2317 spei
1049 2245 1374 2300 doctrinam
1401 2245 1459 2299 in
1481 2246 1630 2301 Jona
1651 2247 1936 2318 propheta

281 2335 577 2404 invenies,
605 2333 664 2389 in
694 2351 807 2406 quo
838 2339 1332 2390 commemoratur
1347 2333 1678 2405 benignitas
1697 2335 1795 2390 Dei
1820 2335 1935 2390 im-

286 2441 506 2481 mensa
534 2425 683 2478 circa
707 2424 992 2479 Ninivitas
1025 2422 1453 2495 delinquentes.
1493 2425 1704 2478 Eadem
1737 2424 1936 2496 itaque

289 2515 629 2570 rudimenta
659 2529 722 2569 ac
751 2512 961 2568 solatia
991 2513 1051 2567 in
1083 2513 1358 2567 omnibus
1397 2528 1571 2567 sacra:
1621 2513 1932 2584 Scripturae

289 2601 459 2657 libris
481 2601 872 2673 reperiuntur,
898 2600 1048 2656 sicut
1062 2605 1118 2656 et
1138 2601 1437 2672 apostolus
1450 2601 1666 2657 Paulus
1691 2607 1936 2657 testatur

286 2693 491 2747 dicens
515 2707 528 2745 :
564 2691 754 2746 Omnis
781 2692 1059 2762 scriptura
1086 2688 1352 2746 divinitus
1381 2693 1651 2761 inspirata
1675 2693 1830 2746 utilis
1859 2695 1937 2747 est

285 2781 357 2836 ad
381 2780 701 2836 docendum.
741 2781 881 2836 Item
916 2779 1128 2835 Paulus
1159 2779 1312 2835 inter
1340 2779 1650 2835 innumera
1708 2782 1934 2852 Episto-

284 2870 478 2926 larum
491 2887 732 2925 suarum
745 2870 1096 2924 documenta
1113 2868 1442 2940 specialiter
1456 2869 1615 2940 quali
1629 2868 1938 2926 clementia

283 2959 448 3015 Deus
478 2960 540 3014 in
563 2957 950 3014 tribulatione
971 2963 1071 3013 aut
1097 2957 1416 3013 tentatione
1437 2959 1662 3030 positos
1682 2966 1934 3027 tueatur,

287 3048 512 3120 profert
544 3048 786 3104 dicens:
818 3047 1024 3102 Fidelis
1055 3047 1212 3102 Deus:
1265 3049 1361 3118 qui
1401 3063 1512 3102 non
1561 3050 1808 3118 patietur
1855 3064 1940 3104 vos

291 3139 508 3193 tentari
534 3153 705 3209 supra
733 3137 792 3191 id
814 3136 954 3207 quod
983 3137 1230 3207 potestis,
1255 3135 1345 3191 sed
1380 3138 1546 3206 faciet
1586 3153 1711 3192 cum
1766 3143 1939 3193 tenta-

2033 562 2137 617 tibi
2168 562 2497 619 litterarum
2515 565 2822 620 scientiam
2845 568 3150 625 existimas
3168 569 3196 624 ‘I
3216 569 3258 624 Ο
3281 572 3484 642 quanti
3511 573 3679 645 pretii

2034 657 2421 723 pensarentur
2451 653 2562 708 ista
2591 655 2746 726 apud
2777 655 2996 711 multos
3013 675 3138 728 ques
3171 665 3232 714 tu
3252 676 3354 731 pro
3374 660 3554 716 nihilo
3581 663 3679 718 de-

2036 745 2227 812 putas.
2252 742 2496 797 Proinde
2509 759 2639 798 vero
2657 744 2796 814 quia
2817 761 2931 799 non
2947 745 3138 800 solum
3159 764 3336 819 supra
3358 756 3680 807 memorata

2037 830 2288 885 scientia:
2321 829 2576 886 liberalis
2608 833 2815 904 gratia,
2847 835 2946 888 sed
2969 833 3144 889 etiam
3176 852 3242 891 ea
3265 855 3391 908 quae
3419 855 3485 894 ex
3517 841 3678 912 inge-

2037 919 2134 973 nio
2167 920 2416 974 naturali
2447 921 2689 991 ipsoque
2720 938 2828 976 usu
2859 924 3190 978 communis
3222 925 3345 979 vitae
3376 929 3533 982 velut
3563 946 3683 985 cer-

2039 1008 2270 1063 tissima
2299 1009 2368 1063 de
2399 1008 2513 1064 Deo
2547 1009 2711 1080 prius
2729 1011 3044 1080 sentiebas,
3071 1015 3305 1068 nuncin
3330 1015 3678 1074 oblivionem

2038 1102 2092 1153 et
2123 1099 2182 1152 in
2213 1114 2468 1153 errorem
2499 1099 2672 1154 ducto
2703 1099 2808 1154 tibi
2840 1100 3083 1156 minime
3105 1107 3442 1174 suppetunt,
3471 1121 3572 1176 pro
3588 1123 3681 1162 re-

2039 1187 2274 1242 tinenda
2304 1186 2458 1242 inter
2487 1187 2826 1243 tentationis
2858 1187 3030 1244 illatae
3059 1190 3358 1246 molestias
3375 1193 3506 1248 fidei
3535 1194 3683 1266 spei-

2039 1293 2151 1347 que
2181 1277 2535 1348 constantia,
2570 1275 2707 1332 libet
2739 1277 2840 1334 illa
2872 1278 3083 1334 referre
3106 1280 3204 1335 Dei
3226 1281 3525 1347 beneﬁcia,
3555 1299 3682 1354 qua:

2039 1369 2310 1436 expertus
2341 1381 2402 1420 es
2434 1365 2489 1419 in
2523 1365 2776 1437 pueritia
2807 1392 2820 1434 ;
2881 1372 2945 1421 ut
2971 1369 3112 1424 dum
3145 1367 3254 1424 hoc
3300 1371 3453 1441 quod
3488 1372 3680 1440 modo,

2038 1453 2173 1509 licet
2187 1453 2455 1525 plurimis
2473 1454 2834 1509 documentis
2852 1455 3193 1522 instructus,
3215 1462 3414 1529 utpote
3441 1459 3496 1513 in
3520 1463 3686 1516 aetate

2041 1542 2342 1597 maturiori
2375 1542 2728 1597 constitutus
2759 1543 3012 1614 ignoras,
3035 1549 3092 1599 te
3114 1545 3251 1600 olim
3279 1549 3335 1600 in
3359 1553 3529 1602 aitate
3552 1565 3686 1619 pue-

2041 1631 2130 1685 rili
2159 1631 2302 1686 satis
2333 1647 2505 1686 nasse
2537 1632 2871 1701 probavero,
2905 1638 3004 1687 aut
3029 1633 3112 1688 sic
3143 1635 3424 1689 confusus
3456 1637 3525 1690 ad
3587 1653 3687 1692 cor

2041 1720 2264 1788 redeas,
2297 1723 2352 1774 et
2382 1720 2452 1774 de
2481 1720 2579 1774 Dei
2633 1720 3031 1775 misericordia
3084 1723 3477 1794 patientiaque
3531 1742 3682 1780 nun-

2044 1825 2218 1881 quam
2244 1808 2496 1876 diffidas,
2513 1807 2773 1880 quolibet
2796 1810 2966 1864 modo
2989 1809 3237 1865 afﬂictus
3261 1812 3530 1881 videaris,
3547 1831 3684 1885 qua-

2040 1897 2316 1969 licunque
2337 1898 2657 1952 tentatione
2680 1897 3061 1968 impugneris.
3087 1898 3324 1954 Diabolo
3349 1900 3500 1955 enim
3519 1903 3684 1971 justo

2043 1987 2139 2042 Dei
2165 1987 2390 2058 judicio
2423 1987 2664 2057 fatigare
2695 1991 2749 2040 te
2779 1987 2849 2040 ad
2883 1992 3116 2058 tempus
3150 1988 3546 2058 permittitur;
3581 1991 3683 2046 sed

2043 2075 2370 2130 sollicitudo
2392 2080 2494 2130 tua
2517 2075 2742 2129 nisibus
2759 2075 3114 2130 omnimodis
3129 2076 3235 2130 hoc
3258 2078 3426 2132 debet
3449 2095 3689 2150 perpen-

2044 2166 2198 2235 dere,
2223 2181 2295 2219 ne
2313 2164 2407 2218 ille
2430 2163 2732 2219 delusione
2753 2181 2861 2219 sua
2881 2168 2936 2219 te
2958 2163 3146 2220 valeat
3163 2166 3517 2223 subvertere.
3540 2170 3688 2233 Quia

2044 2255 2223 2326 igitur
2253 2252 2347 2307 ille
2378 2258 2521 2322 erat,
2555 2269 2727 2324 quem
2761 2258 2822 2307 tu
2855 2253 3152 2324 quondam
3185 2271 3317 2309 cum
3371 2272 3555 2328 nuper
3612 2258 3683 2313 ad

2043 2342 2302 2398 scholam
2327 2359 2429 2414 pro
2445 2342 2653 2396 litteris
2676 2341 2969 2398 discendis
2993 2343 3240 2398 traditus
3258 2359 3439 2415 esses,
3463 2351 3519 2400 et
3534 2362 3686 2417 stepe

2044 2432 2194 2487 inter
2213 2431 2496 2487 coaevulos
2511 2447 2574 2486 ac
2589 2429 2967 2486 scholasticos
2983 2431 3243 2487 residens
3268 2450 3338 2488 ne
3349 2434 3687 2490 verberibus

2045 2520 2181 2578 ullis
2211 2520 2581 2591 castigareris
2609 2519 2931 2588 timuisses,
2950 2519 3120 2574 unice
3151 2537 3252 2592 pro
3271 2521 3530 2576 discendi
3556 2522 3691 2576 taci-

2045 2610 2204 2664 litate
2227 2609 2506 2664 invocasti
2536 2614 2590 2663 et
2619 2608 2912 2664 exaudivit
2940 2613 2995 2663 te
3015 2609 3042 2662 ?
3072 2610 3276 2674 Quem,
3308 2627 3506 2681 quaeso
3550 2616 3689 2668 tunc

2044 2698 2372 2754 credideras
2403 2703 2520 2752 tam
2554 2699 2715 2769 pium
2748 2701 2812 2751 ut
2841 2701 2895 2751 te
2913 2696 3216 2769 parvulum
3250 2716 3283 2752 a
3330 2698 3690 2771 virgularum

2047 2787 2231 2860 plagis
2266 2787 2618 2853 defenderet,
2654 2793 2890 2857 tamque
2918 2791 3209 2856 potentem
3235 2788 3690 2859 utcapacitatem

2048 2893 2256 2933 sensus
2289 2891 2393 2930 nec
2424 2892 2539 2930 non
2564 2874 2906 2944 ampliorem
2933 2876 3188 2930 scientize
3214 2876 3547 2932 facultatem
3564 2894 3696 2933 con-

2049 2967 2249 3021 cedere
2279 2965 2383 3018 tibi
2411 2965 2654 3035 posset?
2687 2964 2886 3020 Nonne
2920 2969 3100 3019 Deum
3134 2964 3324 3020 solum
3373 2971 3694 3021 creatorem

2048 3061 2104 3109 et
2125 3053 2478 3125 provisorem
2504 3053 2908 3108 universorum
2929 3052 2956 3106 ‘t
2982 3053 3246 3124 nunquid
3270 3070 3385 3108 non
3407 3054 3527 3110 tuis
3554 3059 3696 3111 tunc

2050 3142 2442 3197 sastisfactum
2466 3140 2757 3212 precibus,
2782 3141 3049 3211 quamvis
3070 3155 3132 3196 tu
3157 3142 3404 3197 necdum
3421 3142 3492 3196 ad
3507 3143 3694 3212 profe-

285 3229 445 3282 tione
465 3233 821 3298 proventum,
854 3229 917 3279 ut
940 3226 1156 3296 possitis
1184 3226 1490 3280 sustinere:
1527 3225 1670 3281 illud
1723 3226 1945 3281 scilicet
1973 3218 2017 3284 C
2057 3231 2264 3285 rendas
2295 3234 2584 3284 orationes
2617 3229 2873 3284 sinceras
2904 3230 3181 3286 existeres
3231 3231 3496 3303 gnarus?
3537 3235 3696 3286 Certe

291 3318 646 3387 proventum
663 3329 899 3384 vocans,
917 3314 1072 3384 quod
1090 3314 1268 3368 variis
1281 3313 1703 3369 tentationibus
1716 3315 1939 3387 fatigati

291 3405 397 3460 sed
421 3404 491 3459 ad
513 3404 822 3459 Dominum
844 3401 1402 3458 clamantesliberati
1421 3403 1704 3458 discimus
1722 3409 1943 3475 quanta

287 3492 568 3566 nequitia
586 3493 665 3546 sit
683 3491 894 3547 diaboli
918 3508 1022 3546 nos
1039 3491 1464 3563 impugnantis,
1491 3498 1829 3564 quantaque
1844 3492 1944 3548 Dei

287 3581 496 3655 gratia
525 3597 633 3636 nos
663 3580 862 3636 exinde
891 3579 1211 3636 liberantis.

362 3670 483 3726 Sed
519 3669 571 3724 si
605 3669 676 3724 de
700 3669 971 3724 omnibus
1002 3669 1370 3724 documentis
1401 3670 1664 3740 quteiam
1695 3686 1760 3724 ex
1792 3670 1943 3724 Scri-

300 3761 492 3832 pturis
505 3757 726 3814 sanctis
743 3757 969 3829 prolata
981 3761 1120 3812 sunt
1135 3756 1352 3828 aliquid
1368 3758 1790 3828 difﬁderes,aut
1810 3759 1948 3830 quia

299 3863 368 3903 ex
397 3848 547 3921 legis
575 3847 807 3914 umbra,
841 3863 945 3902 seu
977 3846 1116 3918 quia
1138 3863 1206 3901 ex
1236 3847 1398 3918 puris
1441 3847 1778 3902 hominibus
1809 3853 1949 3903 sunt

302 3937 497 4004 dicta;
535 3936 742 3992 saltem
783 3952 852 3991 ea
909 3952 1034 4006 quas
1087 3936 1245 3991 dicta
1286 3940 1425 3990 sunt
1454 3953 1488 3991 a
1516 3935 1762 3992 Domino
1807 3937 1948 3991 Jesu

299 4027 555 4094 Christo,
587 4025 689 4097 qui
722 4025 878 4081 Deus
908 4030 964 4080 et
993 4025 1164 4080 homo
1193 4030 1302 4095 est,
1333 4025 1577 4080 ﬁrmiter
1600 4027 1832 4081 credere
1853 4025 1950 4080 de-

296 4116 557 4172 buisses.
579 4115 732 4170 Dicit
755 4115 934 4185 enim,
968 4114 1234 4170 Matthazo
1265 4114 1618 4186 evangelista
1640 4119 1912 4170 narrante
1935 4132 1948 4170 :

297 4205 425 4261 Non
452 4205 576 4259 veni
605 4220 798 4260 vocare
827 4205 1024 4274 justas,
1050 4203 1142 4258 sed
1184 4212 1508 4274 peccatores.
1562 4206 1702 4259 Item
1725 4205 1951 4267 eodem,

302 4298 618 4350 narrante:
657 4294 865 4362 Venite,
897 4292 1108 4363 inquit,
1143 4292 1218 4347 ad
1248 4309 1333 4348 me
1349 4309 1532 4348 omnes
1563 4295 1654 4364 qui
1678 4291 1955 4348 laboraris

303 4391 362 4440 et
395 4384 601 4438 onerati
623 4383 767 4450 estis,
800 4390 851 4437 et
882 4397 975 4452 ego
996 4397 1085 4436 vos
1116 4382 1379 4451 reﬁciam.
1415 4382 1570 4437 Luca
1591 4381 1746 4437 enim
1771 4381 1957 4453 perhi-

301 4474 508 4538 bente,
532 4470 848 4543 discipulos
869 4487 1007 4526 suos
1029 4486 1133 4543 pro
1177 4471 1428 4540 quadam
1451 4470 1674 4526 ratione
1694 4470 1957 4542 increpat

2048 3319 2356 3390 temetipso
2380 3319 2795 3385 consentiente,
2812 3318 2924 3373 nisi
2949 3319 3093 3374 forte
3114 3318 3420 3375 oblivionis
3442 3324 3544 3374 aut
3561 3335 3698 3373 mm-

2053 3409 2201 3463 roris
2232 3424 2405 3461 causa
2437 3406 3013 3477 impediaris,testor,
3040 3407 3178 3477 quia
3204 3423 3318 3461 non
3343 3407 3532 3461 solum
3557 3422 3698 3478 prai-

2055 3499 2409 3551 monstratas
2439 3511 2472 3547 a
2493 3495 2746 3560 doctore,
2777 3495 2876 3548 sed
2907 3495 3082 3548 etiam
3116 3495 3377 3548 nondum
3410 3500 3699 3550 reseratas

2054 3583 2329 3640 lectiones
2357 3587 2414 3637 et
2442 3583 2669 3637 cantica
2701 3587 2819 3636 tam
2847 3583 3044 3653 capaci
3068 3581 3356 3652 celerique
3386 3582 3590 3637 eil'ectu
3611 3583 3697 3637 di-

2056 3675 2301 3742 diceras,
2337 3677 2401 3726 ut
2433 3687 2547 3725 non
2583 3687 2819 3742 parvum
2864 3671 3213 3725 miraculum
3247 3671 3468 3726 caeteris
3520 3671 3700 3726 simul

2057 3761 2416 3817 discentibus
2433 3760 2753 3816 exhiberes.
2780 3759 3062 3822 Quoniam
3085 3760 3264 3831 igitur
3278 3760 3469 3815 adhuc
3492 3777 3701 3832 parvu-

2059 3852 2172 3918 lus,
2193 3851 2318 3906 etin
2343 3849 2562 3904 scholis
2589 3849 3069 3920 positus,tantam
3089 3848 3203 3903 Deo
3227 3848 3472 3918 gratiam
3497 3855 3700 3920 poten-

2057 3941 2320 4011 tiamque
2349 3943 2621 4009 expertus
2653 3953 2736 4005 es,
2769 3954 2872 3992 cur
2900 3940 3074 3992 etiam
3108 3938 3299 4006 modo,
3332 3954 3466 3992 cum
3506 3937 3702 3993 viriles

2060 4045 2246 4085 annos
2269 4025 2936 4092 retinerevidearis,cum
2961 4043 3062 4097 per
3080 4026 3498 4081 donascientiaa
3513 4025 3702 4098 plura,

2062 4135 2167 4173 nec
2197 4134 2311 4172 non
2339 4132 2440 4188 per
2459 4115 2853 4186 experimenta
2874 4113 3059 4170 multa
3077 4115 3311 4186 pietatis
3330 4115 3534 4169 divinae
3553 4114 3705 4170 noti-

2061 4207 2144 4262 tia
2173 4205 2432 4278 potiaris,
2467 4202 2780 4259 dissimilia
2809 4203 2878 4258 de
2899 4203 3012 4259 Deo
3035 4204 3222 4258 credis
3247 4203 3274 4256 ?
3306 4205 3349 4258 Ο
3377 4203 3567 4275 qualis
3595 4205 3707 4274 vir,

2065 4296 2162 4368 qui
2193 4292 2629 4365 aliquantulum
2663 4291 2974 4364 proﬁciens
3006 4292 3063 4346 in
3096 4291 3324 4363 puerili,
3349 4293 3421 4346 ad
3454 4291 3707 4347 nihilum

2065 4385 2251 4439 tendit
2281 4384 2528 4454 fungens
2560 4385 2722 4436 aetate
2754 4381 2902 4435 virili
2929 4383 2938 4435 !
2975 4396 3107 4435 cum
3131 4381 3540 4453 congruentior
3567 4381 3708 4436 ordo

2066 4471 2308 4527 humani
2341 4473 2633 4543 profectus
2655 4469 2730 4525 sit
2759 4469 2829 4524 de
2860 4469 3067 4541 puerili
3097 4469 3157 4524 in
3187 4469 3412 4524 virilem
3445 4470 3707 4524 animum

302 4563 549 4618 dicens:
582 4560 815 4616 Nescitis
845 4561 1000 4630 cujus
1051 4561 1279 4631 spiritus
1309 4561 1455 4615 estis.
1487 4561 1661 4614 Filius
1717 4559 1958 4615 hominis
1986 4581 2036 4648 D
2069 4561 2369 4633 proﬁcere,
2404 4560 2475 4614 de
2503 4559 2732 4630 magnis
2765 4559 2834 4612 ad
2860 4560 3082 4629 majora
3112 4558 3521 4625 conscendere,
3554 4556 3710 4610 sicut

299 4667 421 4708 non
446 4653 600 4705 venit
619 4651 853 4705 animas
872 4648 1114 4720 perdere,
1138 4648 1237 4703 sed
1255 4650 1485 4704 salvare.
1511 4650 1652 4703 Item
1678 4664 1780 4720 per
1800 4665 1958 4704 eum-

302 4743 442 4798 dem
477 4738 899 4812 evangelistam
938 4739 1054 4793 ait:
1087 4738 1258 4809 Majas
1288 4737 1556 4806 gaudium
1586 4740 1691 4792 erit
1742 4740 1803 4792 in
1829 4739 1958 4794 ctelo

301 4846 472 4902 super
491 4845 603 4884 uno
629 4832 912 4900 peccatore
935 4829 1319 4899 plenitentiam
1347 4831 1557 4898 agente,
1591 4844 1757 4898 quam
1795 4843 1960 4899 super

307 4919 638 4989 monaginta
665 4933 855 4973 novem
874 4917 1044 4988 justis
1059 4919 1155 4988 qui
1186 4933 1298 4974 non
1329 4916 1578 4984 indigent
1611 4917 1958 4986 paenitentia.

311 5007 534 5080 Joanne
573 5022 809 5078 quoque
860 5005 1199 5077 perhibente
1246 5005 1392 5060 dixit
1434 5005 1739 5076 discipulis
1799 5005 1958 5059 suis:

310 5099 503 5165 Amen,
535 5112 704 5152 amen
723 5095 840 5151 dico
857 5096 1030 5162 vobis,
1048 5096 1180 5166 quia
1205 5097 1300 5165 qui
1327 5097 1554 5149 verbum
1577 5110 1761 5148 meum
1784 5094 1962 5164 audit,

308 5190 360 5243 et
389 5185 564 5242 credit
591 5187 647 5240 ei
676 5185 772 5254 qui
800 5185 957 5239 misit
984 5194 1088 5251 me,
1121 5183 1277 5238 habet
1306 5185 1474 5238 vitam
1501 5191 1790 5250 externam,
1823 5188 1873 5238 el
1904 5185 1964 5238 in

298 5275 586 5349 judicium
616 5289 800 5329 meum
826 5289 932 5328 non
964 5274 1129 5341 venit,
1161 5273 1260 5328 sed
1288 5275 1492 5328 transit
1519 5289 1554 5328 a
1607 5277 1778 5328 morte
1799 5274 1855 5326 in
1888 5274 1966 5328 vi-

307 5375 448 5422 tam.

391 5454 540 5520 Quia
566 5453 749 5526 igitur
780 5451 885 5508 tibi
905 5451 1109 5507 datum
1130 5455 1219 5508 est
1241 5468 1410 5508 nosse
1429 5452 1675 5525 legendo
1701 5457 1759 5507 et
1788 5451 1966 5507 medi-

309 5543 502 5601 tando
548 5541 891 5613 hujusmodi
921 5542 1403 5612 documenta,cur
1433 5557 1628 5612 quaeso
1660 5556 1774 5595 non
1805 5541 1965 5595 sutﬁ-

299 5634 510 5703 ciunt,
541 5629 644 5690 tibi
673 5647 779 5707 pro
808 5629 944 5688 ﬁdei
975 5633 1033 5690 et
1070 5629 1194 5705 spei
1232 5627 1544 5689 salutiferae
1594 5629 1964 5690 constantia?

2067 4656 2124 4707 et
2151 4647 2464 4721 Apostolus
2496 4647 2672 4702 dicit:
2707 4647 2840 4702 Cum
2868 4662 3035 4701 essem
3061 4647 3347 4716 parvulus,
3402 4646 3714 4711 cogitabam

2069 4749 2129 4794 ut
2153 4738 2437 4810 parvulas,
2468 4737 2749 4808 sapiebam
2798 4740 2857 4788 ut
2904 4735 3208 4805 parvulas;
3265 4732 3479 4806 quando
3525 4741 3713 4786 autem

2071 4829 2252 4902 factus
2280 4844 2402 4881 sum
2435 4829 2537 4891 vir,
2562 4826 2838 4880 cvacuaci
2857 4839 2977 4893 qua:
2993 4831 3152 4878 erant
3178 4823 3418 4894 parvuli.
3466 4821 3716 4877 Attende

2074 4933 2210 4989 ergo
2253 4922 2470 4988 quanta
2519 4913 2751 4985 pietatis
2802 4912 3006 4966 divina:
3056 4913 3453 4984 experimenta
3494 4916 3714 4977 teneas,

2075 5012 2130 5062 et
2164 5023 2196 5060 a
2228 5005 2360 5060 fidei
2394 5003 2634 5074 speique
2668 5004 2995 5057 constantia
3026 5002 3270 5056 deiicere
3299 5000 3448 5068 noli;
3500 5000 3597 5055 sed
3633 5015 3718 5054 re-

2071 5095 2306 5150 cordare
2330 5093 2552 5163 jugiter
2581 5090 2718 5161 quia
2748 5091 3030 5160 scriptum
3089 5095 3212 5145 est:
3270 5091 3454 5145 Justus
3505 5104 3574 5143 ex
3614 5087 3720 5157 ﬁde

2075 5185 2228 5239 vivit.
2259 5183 2359 5236 Et:
2394 5181 2592 5236 Omnia
2617 5180 2906 5250 possibilia
2930 5186 3059 5232 sunt
3086 5178 3347 5232 credenti.
3383 5176 3494 5231 Sed
3543 5180 3600 5230 et
3647 5173 3718 5228 il-

2072 5273 2174 5327 lud
2206 5271 2361 5343 quod
2393 5271 2595 5324 beatus
2618 5272 2822 5323 Petrus
2851 5265 3152 5338 apostolus
3184 5267 3459 5320 admonet
3479 5263 3678 5318 dicens
3704 5279 3717 5318 :

2072 5361 2258 5417 Sobrii
2280 5366 2446 5413 estote
2479 5361 2531 5412 et
2543 5358 2794 5429 vigilate,
2827 5358 2958 5426 quia
2971 5356 3326 5410 adversarius
3338 5358 3515 5408 vester
3527 5351 3720 5407 diabo-

2075 5451 2158 5505 lus
2181 5457 2440 5519 tanquam
2457 5447 2539 5502 leo
2560 5447 2790 5514 rugiens
2807 5445 3003 5499 circuit
3019 5458 3268 5514 quaerens
3293 5458 3451 5514 quem
3487 5439 3720 5508 devoret,

2074 5539 2164 5595 cui
2184 5539 2418 5594 resistite
2437 5535 2610 5610 fortes
2632 5536 2687 5589 in
2707 5533 2832 5604 ﬁde.
2857 5535 3044 5600 Quare
3065 5535 3259 5587 autem
3284 5530 3473 5585 adhuc
3486 5527 3720 5585 dubitas

2075 5629 2145 5686 de
2174 5624 2456 5685 ineffabili
2487 5625 2589 5682 Dei
2618 5622 2945 5694 clementia,
2979 5625 3036 5681 et
3065 5621 3134 5678 de
3180 5619 3552 5697 praecavenda
3597 5616 3722 5697 dies.
