4114 6184
406 320 485 382 39
1401 314 1746 376 OTHLONI
1793 312 2153 375 MONACHI
2200 316 2264 374 S.
2311 310 2803 374 EMMERAMMI
3751 313 3831 376 10

407 453 611 510 boliczs
632 451 852 508 fraudis
873 447 1093 506 astutia
1115 448 1350 504 ?Hostis
1368 464 1621 519 namque
1647 448 1793 502 tanti
1814 446 2057 502 insidias
2086 448 2142 513 Α
2172 447 2371 518 aliqua
2401 462 2666 518 promere
2698 446 2889 517 cupio.
2924 444 3245 502 Consilium
3277 424 3531 518 namque
3560 447 3623 502 in
3677 448 3828 506 bono

406 542 743 598 nullatenus
773 538 929 595 vales
956 538 1216 606 evadere,
1246 537 1359 592 nisi
1389 537 1636 591 ﬁrmiter
1665 538 1867 591 credas
1916 536 2055 606 quia

406 631 551 687 nihil
582 627 944 702 impossibile
973 631 1062 683 est
1092 627 1244 698 apud
1270 627 1477 697 Deum,
1501 630 1557 681 et
1577 626 1854 697 quoniam
1874 624 2058 680 salvat

404 736 608 776 omnes
637 721 939 791 sperantes
975 716 1034 771 in
1060 732 1215 771 eum.

476 808 620 863 Huic
649 824 782 863 vero
817 805 947 861 fidei
966 805 1102 860 licet
1120 804 1501 860 tenacissima
1522 802 1737 859 diaboli
1759 802 1976 857 invidia
2003 807 2059 858 te

404 897 685 970 impediat
713 895 1011 962 inhaerere,
1026 909 1343 965 suggerens
1364 891 1633 947 videlicet
1658 891 1817 947 cordi
1840 894 1938 945 tuo
1956 891 2057 945 ob-

406 986 655 1042 tinendae
674 983 1036 1039 remissionis
1062 979 1796 1038 autsalutisdifficultatem
1814 997 1919 1035 nec
1942 996 2057 1034 non

396 1073 606 1147 judicii
628 1071 806 1128 divini
830 1071 1235 1128 auctoritatem
1261 1088 1275 1125 :
1310 1075 1373 1125 tu
1405 1074 1599 1126 tamen
1616 1069 1951 1141 supradicta
1971 1085 2060 1124 sa-

406 1180 514 1218 cra:
544 1162 853 1232 Scriptura:
883 1162 1233 1216 documenta
1264 1175 1329 1215 ac
1361 1158 1592 1231 pietatis
1614 1158 1819 1213 divinae
1843 1156 2061 1229 experi-

407 1255 605 1307 menta
634 1251 744 1305 sub
775 1249 963 1305 tenaci
998 1248 1279 1304 memoria
1299 1263 1512 1319 repone
1538 1273 1552 1315 ;
1576 1250 1631 1303 et
1652 1246 1851 1318 procul
1883 1246 2058 1300 dubio

406 1342 476 1396 ab
508 1339 667 1396 omni
699 1338 985 1393 diabolica
1013 1337 1353 1392 liberaberis
1402 1335 1723 1391 delusione.
1780 1333 2058 1390 Diabolus

406 1430 560 1485 enim
593 1426 753 1483 nullo
786 1427 957 1482 modo
989 1426 1175 1498 magis
1197 1424 1561 1480 convincitur
1580 1428 1636 1478 et
1656 1424 2058 1493 confunditur,

407 1533 585 1589 quam
617 1532 750 1571 cum
781 1515 833 1570 ei
865 1533 897 1569 a
928 1514 1200 1569 ﬁdelibus
1232 1513 1535 1584 Scriptura
1567 1528 1733 1567 sacra
1761 1511 2057 1581 objicitur,

407 1606 561 1678 quod
578 1605 752 1660 etiam
769 1620 835 1658 ex
850 1603 990 1658 Jesu
1004 1601 1213 1656 Christi
1230 1601 1565 1657 testimonio
1581 1599 2061 1659 manifestissime

407 1694 837 1766 comprobatur.
871 1692 1018 1747 Nam
1048 1690 1314 1762 quamvis
1332 1690 1569 1746 sibimet
1592 1689 1845 1745 maxima
1860 1689 2059 1745 verbo-

410 1800 539 1838 rum
555 1779 1326 1849 scientiainesset,tentatori
1342 1784 1536 1834 tamen
1560 1796 1693 1833 cum
1716 1777 1893 1833 nullis
1906 1777 2057 1845 aliis,

410 1871 521 1927 nisi
557 1887 683 1942 quae
714 1886 783 1925 ex
811 1885 977 1924 sacra
998 1868 1212 1939 pagina
1234 1868 1495 1939 protulit,
1520 1868 1869 1939 respondere
1883 1866 2064 1921 voluit

411 1961 639 2016 dicens:
670 1959 944 2029 Scriptum
974 1960 1087 2013 est:
1119 1956 1237 2011 Non
1268 1959 1499 2012 tentabis
1551 1958 1842 2011 Dominum
1889 1960 2064 2011 Deum

410 2054 589 2104 tuum.

481 2139 654 2205 Inter,
688 2136 809 2191 haec
838 2151 971 2191 vero
1005 2135 1152 2190 scire
1182 2138 1238 2190 te
1267 2134 1555 2201 convenit,
1618 2133 1898 2205 quoniam
1961 2151 2062 2204 pro

410 2225 601 2282 causis
627 2224 803 2279 variis
833 2224 1184 2280 tentationes
1215 2222 1432 2277 diaboli
1484 2224 1736 2295 perferre
1786 2222 2060 2294 proderit,

408 2324 603 2379 Primo
634 2327 699 2376 ut
729 2321 885 2376 illius
916 2321 1343 2377 inaestimabilis
1375 2321 1669 2377 malitiaet
1685 2320 1941 2377 versutia
1963 2320 2062 2374 de-

407 2416 674 2483 tegatur:
711 2410 919 2465 deinde
954 2414 1015 2464 ut
1047 2410 1515 2480 uniuscujusque
1548 2409 1806 2465 hominis
1856 2407 2062 2463 tentati

411 2500 696 2573 fragilitas
727 2503 783 2554 et
812 2498 1140 2554 constantia
1166 2504 1534 2569 agnoscatur,
1557 2515 1623 2553 ac
1647 2514 1747 2570 per
1762 2498 1869 2553 hoc
1895 2497 2065 2569 fragi-

410 2590 483 2646 lis
516 2588 750 2660 quidem
784 2592 839 2642 et
867 2587 1071 2658 lapsus
1101 2604 1234 2642 cum
1269 2604 1583 2642 conversus
1616 2588 1812 2652 fuerit,
1844 2586 1974 2642 aliis
2004 2586 2063 2641 in

410 2676 732 2733 tentatione
763 2680 818 2730 et
853 2674 1166 2746 fragilitate
1219 2693 1564 2748 quacunque
1616 2676 1805 2729 adhuc
1855 2676 2065 2746 positis

412 2763 717 2821 condolere
746 2764 1116 2835 compatique
1148 2764 1311 2830 sciat,
1336 2765 1491 2820 sicut
1521 2766 1591 2820 de
1614 2766 1781 2819 beato
1805 2765 1968 2819 Petro
1992 2763 2068 2818 le-

411 2854 587 2927 gitur,
621 2852 759 2925 quia
788 2853 1004 2907 idcirco
1038 2853 1095 2907 in
1129 2859 1430 2924 peccatum
1466 2852 1775 2925 fragilitate
1834 2853 2069 2925 propria

414 2947 656 3013 urgente
695 2941 921 3008 cecidit,
957 2945 1018 2996 ut
1047 2940 1177 2997 aliis
1208 2943 1583 3014 peccantibus
1617 2942 1876 2997 misereri
1912 2942 2065 2996 didi-

413 3032 607 3087 cisset.
642 3029 926 3086 Constans
956 3034 1174 3097 autem,
1206 3035 1261 3086 et
1293 3030 1580 3102 perfectus
1613 3031 1739 3085 ideo
1772 3030 1830 3083 in
1882 3035 2067 3084 tenta-

414 3120 570 3176 tione
602 3119 901 3191 probatur,
934 3123 998 3173 ut
1028 3120 1219 3175 adhuc
1259 3119 1552 3174 stantibus
1603 3120 1662 3173 in
1712 3119 2064 3190 exemplum,

2165 540 2220 591 et
2250 535 2308 590 in
2362 535 2512 590 malo
2543 538 2733 606 potest
2764 535 2927 603 fieri;
2963 536 3065 592 sed
3097 551 3232 591 cum
3266 535 3331 590 fit
3382 536 3441 590 in
3488 537 3668 609 bono,
3719 538 3829 595 hoc

2167 629 2254 680 est
2285 628 2520 696 propter
2547 624 2861 680 utilitatem
2892 625 3101 680 animae
3151 642 3254 682 seu
3303 624 3583 697 corporis,
3635 628 3829 683 omni-

2168 715 2339 770 modo
2370 713 2845 787 amplectendum
2878 717 3004 769 est:
3052 715 3153 769 ubi
3200 730 3335 771 vero
3384 715 3442 769 in
3494 715 3667 785 malo,
3722 717 3831 774 hoc

2168 808 2256 859 est
2285 808 2519 875 propter
2539 802 2796 859 carnalia
2817 803 3186 859 solummodo
3210 808 3343 860 vota
3372 802 3694 876 implenda,
3728 820 3834 871 aut

2169 894 2478 948 commoda
2507 893 2685 964 hujus
2708 892 2833 948 vitae
2863 892 3035 949 noxia
3063 892 3440 965 acquirenda,
3471 910 3589 949 non
3639 893 3831 951 solum

2168 981 2533 1053 fugiendum,
2567 982 2667 1036 sed
2692 982 2869 1037 etiam
2894 981 3308 1038 detestandum
3335 987 3439 1040 est.
3476 984 3641 1039 Unde
3660 984 3828 1040 Psal-

2171 1070 2344 1126 mista
2364 1072 2672 1141 utriusque
2694 1070 3293 1141 qualitateinsinuans
3316 1078 3631 1145 postquam
3655 1074 3827 1130 dixit:

2170 1161 2430 1216 Dominus
2494 1160 2731 1231 dissipat
2775 1161 3007 1216 consilia
3065 1164 3334 1233 gentium,
3391 1163 3644 1234 reprobat
3723 1178 3826 1219 au-

2170 1252 2276 1304 tem
2303 1250 2654 1319 cogitationes
2670 1249 3019 1320 populorum,
3042 1259 3094 1305 et
3122 1253 3377 1323 reprobat
3417 1246 3649 1308 consilia
3675 1253 3833 1324 prin-

2169 1353 2373 1406 czpum,
2408 1338 2610 1393 statim
2623 1338 2927 1408 subjunxit
2944 1339 3142 1397 dicens
3167 1356 3180 1395 :
3198 1342 3500 1397 Consilium
3520 1345 3705 1396 autem
3727 1342 3831 1398 Da-

2169 1428 2315 1481 mini
2340 1431 2524 1482 manet
2552 1429 2614 1481 in
2640 1434 2927 1484 aeternum.
2963 1431 3104 1484 Item
3136 1431 3206 1486 de
3235 1431 3386 1486 bene
3425 1430 3483 1485 in
3532 1430 3831 1487 Parabolis

2171 1514 2502 1570 Salomonis
2529 1515 2828 1588 Sapientia
2859 1517 3039 1574 fatur:
3072 1520 3192 1588 Ego
3249 1518 3431 1575 habito
3479 1520 3540 1575 in
3581 1521 3831 1589 consilio,

2171 1604 2428 1659 Rursum
2460 1604 2518 1657 in
2550 1605 2752 1659 eodem
2784 1605 3108 1662 Salomonis
3144 1606 3290 1663 libro
3323 1608 3393 1663 de
3421 1602 3652 1664 consilii
3685 1608 3825 1664 boui

2172 1691 2452 1763 qualitate
2498 1692 2715 1748 dicitur
2740 1711 2753 1748 ε
2786 1695 2929 1750 Audi
2956 1696 3265 1767 consilium,
3280 1705 3332 1752 et
3349 1698 3564 1769 suscipe
3582 1697 3829 1769 discipli-

2170 1798 2321 1836 nam.
2364 1782 2505 1836 Cum
2537 1781 2693 1837 enim
2743 1783 3149 1854 praemittitur:
3211 1785 3354 1841 Audi
3398 1786 3715 1854 consilium,
3764 1799 3831 1842 ac

2174 1887 2307 1925 mox
2338 1871 2734 1943 subjungitur,
2768 1875 2821 1927 et
2848 1875 3061 1944 suscipe
3109 1873 3485 1946 disciplinam,
3512 1878 3673 1946 patet
3699 1886 3832 1946 pro-

2172 1958 2341 2029 fecto,
2376 1960 2515 2031 quia
2564 1960 2673 2014 hoc
2715 1965 2805 2015 est
2856 1977 3057 2017 verum
3109 1966 3451 2034 rectumque
3495 1961 3831 2032 consilium,

2173 2048 2469 2119 suscipere
2500 2048 2893 2121 disciplinam.
2918 2050 3027 2105 Sed
3057 2055 3119 2105 ut
3139 2051 3364 2123 vulgari
3384 2051 3559 2108 etiam
3581 2062 3745 2108 more
3761 2052 3834 2108 de

2172 2136 2399 2191 consilii
2435 2137 2716 2208 qualitate
2748 2138 3141 2210 disputemus,
3174 2140 3437 2212 nunquid
3488 2144 3555 2197 tu
3601 2152 3835 2212 semper

2173 2225 2496 2280 amicorum
2529 2231 2630 2281 aut
2649 2232 2957 2299 parentum
2991 2228 3235 2284 consilia
3265 2229 3563 2300 qumsiisti,
3597 2231 3831 2303 quando

2173 2313 2371 2385 aliqua
2398 2314 2612 2386 ﬂagitia
2649 2320 2978 2387 perpetrare
3006 2317 3286 2374 voluisti?
3335 2318 3647 2376 Veritusne
3695 2334 3831 2392 ergo

2173 2419 2235 2457 es
2264 2408 2403 2457 tunc
2432 2404 2559 2459 ideo
2591 2404 2773 2459 Deum
2791 2405 3101 2477 oﬁ'endere,
3133 2407 3272 2477 quia
3299 2406 3434 2462 talia
3451 2407 3831 2463 sineconsilio

2174 2492 2403 2547 solebas
2435 2492 2620 2547 facere
2643 2493 2669 2547 ?
2700 2494 2843 2549 Ecce
2881 2495 3041 2550 vides
3074 2512 3250 2567 quam
3282 2497 3645 2568 superﬂuum
3672 2499 3751 2553 sit
3777 2502 3832 2553 te

2174 2596 2243 2634 ex
2273 2580 2382 2635 hoc
2413 2582 2679 2636 arbitrari
2712 2582 2894 2638 Deum
2927 2584 3256 2651 offendisse,
3303 2585 3457 2657 quod
3506 2587 3633 2641 sine
3694 2600 3832 2641 con-

2176 2668 2308 2723 silio
2340 2668 2661 2725 amicorum
2693 2672 3007 2728 utilitatem
3049 2678 3329 2730 tractares
3358 2674 3565 2729 animae
3596 2691 3610 2729 :
3647 2688 3831 2746 quan-

2178 2758 2492 2829 doquidem
2542 2777 2644 2830 pro
2701 2761 2987 2833 explenda
3007 2765 3199 2819 carnis
3222 2763 3557 2834 nugacitate
3603 2764 3832 2818 nullum

2177 2846 2484 2902 consilium
2518 2848 2841 2919 requirens,
2874 2850 3072 2907 minus
3092 2851 3379 2907 offendere
3402 2853 3643 2923 putasti.
3669 2852 3832 2916 Quod

2178 2940 2372 2990 autem
2426 2942 2729 3007 propterea
2786 2938 2983 2994 animo
3038 2940 3251 3011 saepius
3300 2941 3531 2995 nutanti
3584 2940 3832 3010 incedis,

2178 3025 2316 3096 quia
2347 3025 2403 3079 in
2440 3025 2655 3079 fervore
2693 3026 2940 3095 juvenili
2984 3028 3416 3100 immaturaque
3460 3029 3836 3086 adhucaatate

2178 3112 2428 3183 positus,
2460 3116 2579 3168 tam
2614 3113 2915 3169 difﬁcilem
2948 3116 3283 3172 monasticm
3313 3118 3446 3172 vitm
3478 3118 3833 3190 religiorem,

415 3214 471 3263 et
498 3207 840 3263 cadentibus
872 3207 932 3263 in
964 3208 1395 3262 venerationem
1448 3212 1805 3274 assumatur,
1840 3207 1991 3261 sicut
2018 3212 2072 3262 et
2102 3198 2143 3264 C
2184 3201 2350 3272 quasi
2382 3202 2813 3258 inconsiderata
2834 3202 3049 3259 laboris
3077 3206 3225 3260 tanti
3247 3206 3589 3262 difﬁcultate
3606 3220 3836 3263 assum-

417 3296 569 3352 beati
599 3296 708 3351 Job
740 3296 1012 3368 perfectio
1044 3301 1218 3367 atque
1240 3296 1568 3351 constantia
1598 3296 1824 3350 cunctis
1840 3300 1926 3350 est
1948 3296 2074 3350 imi-

416 3386 595 3441 tanda
634 3402 739 3440 nec
768 3402 882 3440 non
903 3386 1251 3441 veneranda.
1278 3385 1378 3440 Hic
1398 3386 1553 3441 enim
1575 3386 1655 3439 ita
1678 3402 1780 3456 pro
1803 3385 2069 3452 Domino,

417 3477 474 3529 et
504 3477 751 3546 propriis
781 3474 974 3530 carnis
1005 3474 1200 3530 ulcera
1229 3473 1594 3545 gravissima,
1629 3474 1955 3529 etﬁliorum
1988 3475 2072 3528 in-

415 3563 601 3617 visam
633 3568 878 3618 mortem
904 3562 1660 3634 universaequesubstantize
1685 3564 2069 3633 perditionem

416 3650 716 3721 sustinuit,
751 3650 945 3705 uxoris
973 3667 1207 3721 quoque
1237 3651 1521 3719 convicta,
1559 3666 1660 3704 nec
1707 3667 1820 3705 non
1854 3652 2070 3706 amico-

416 3756 547 3795 rum
565 3738 876 3810 opprobria
893 3738 1365 3809 invectionesque
1389 3737 1677 3810 plurimas
1693 3740 2067 3811 contempsit,

418 3833 481 3882 ut
512 3828 570 3882 in
601 3826 761 3882 nullo
794 3827 977 3883 Deum
1009 3826 1344 3890 offenderet,
1379 3826 1531 3882 sicut
1561 3828 1631 3882 de
1663 3844 1728 3882 eo
1771 3827 2074 3899 Scriptura

415 3920 837 3971 commemorat
865 3917 1099 3971 dicens:
1134 3918 1197 3971 In
1224 3917 1477 3971 omnibus
1535 3916 1623 3971 his
1671 3934 1781 3972 non
1834 3920 2076 3987 peccavit

416 4005 580 4060 labiis
608 4006 743 4069 suis,
784 4021 959 4076 neque
986 4006 1219 4060 stultum
1267 4005 1476 4077 aliquid
1530 4015 1717 4060 contra
1779 4007 1945 4060 Deum
1995 4010 2071 4061 Io-

412 4095 568 4147 eutus
596 4100 692 4148 est.
729 4093 931 4148 Nonne
962 4107 1097 4165 ergo
1129 4092 1291 4149 utilis
1322 4093 1546 4148 exstitit
1574 4098 1736 4149 tanta
1766 4095 1918 4149 beati
1962 4094 2071 4149 Job

414 4180 675 4250 testatio,
709 4182 767 4235 in
791 4197 907 4252 qua
927 4185 983 4236 et
1016 4182 1201 4253 ipsius
1232 4182 1583 4247 constantia,
1615 4187 1671 4237 et
1714 4184 1942 4238 diversa
1971 4183 2072 4237 Sa-

414 4275 562 4325 tanae
586 4274 842 4325 reserata
856 4276 944 4325 est
968 4270 1230 4326 malitia?
1251 4272 1464 4326 Eadem
1488 4270 1759 4325 utilitatis
1777 4288 2073 4338 causa,ea-

415 4357 547 4411 dem
570 4357 803 4429 pietatis
824 4374 965 4413 cura
986 4374 1216 4429 semper
1238 4358 1364 4425 fuit,
1390 4365 1447 4413 et
1460 4375 1691 4430 semper
1715 4359 1824 4414 erit
1847 4360 1958 4414 Deo
1973 4378 2072 4415 su-

416 4461 517 4517 per
543 4462 748 4501 omnes
783 4463 929 4517 quos
962 4447 1171 4501 tentari
1206 4446 1511 4518 permittit,
1547 4448 1815 4518 quamvis
1845 4465 1946 4503 vos
1970 4449 2071 4504 bo-

2182 3290 2388 3361 psisti;
2446 3290 2599 3346 scias
2645 3292 2845 3363 procul
2899 3293 3077 3348 dubio
3123 3294 3268 3349 nihil
3330 3295 3489 3350 aliud
3549 3309 3677 3351 esse
3715 3296 3834 3353 nisi

2180 3394 2419 3434 causam
2480 3378 2771 3436 illusionis
2820 3380 3159 3452 diabolicae;
3220 3384 3359 3455 quia
3418 3384 3571 3439 sicut
3600 3385 3836 3455 expedit

2182 3469 2455 3523 omnibus
2486 3469 2557 3523 ad
2592 3486 2683 3523 me
2706 3471 3017 3537 conversis,
3051 3476 3108 3527 et
3137 3477 3203 3527 ut
3232 3476 3293 3527 tu
3327 3488 3557 3544 quoque
3610 3473 3834 3546 rogasti

2180 3556 2448 3612 diabolus
2471 3558 2631 3627 juste
2662 3558 3023 3628 permittitur
3049 3565 3105 3615 te
3130 3561 3412 3617 tentando
3443 3561 3705 3633 fatigare,
3736 3562 3823 3616 si-

2182 3646 2421 3717 quidem
2453 3650 2573 3700 tam
2607 3645 2663 3700 in
2688 3647 2936 3716 juvenili
2968 3665 3143 3720 quam
3164 3650 3221 3704 in
3254 3652 3611 3720 provectiore
3645 3655 3814 3707 astate

2181 3734 2388 3789 debere
2405 3738 2460 3789 et
2486 3750 2657 3806 posse
2679 3737 2750 3790 ad
2774 3737 2926 3791 viam
2950 3737 3246 3793 meliorem
3261 3740 3836 3805 converti,testantur

2180 3828 2236 3877 et
2258 3822 2521 3894 exempla
2542 3823 2864 3881 multorum
2891 3831 2948 3882 et
2968 3826 3251 3884 librorum
3270 3828 3486 3899 scripta
3502 3842 3829 3883 sacrorum.

2181 3912 2330 3967 Dicit
2355 3912 2510 3967 enim
2542 3913 2954 3971 Ecclesiastes:
2991 3915 3246 3972 Memento
3301 3918 3577 3973 Creatoris
3627 3919 3713 3971 tui
3770 3917 3833 3972 in

2180 4001 2372 4057 diebus
2392 4002 2702 4073 juventutis
2730 4006 2862 4060 tuae.
2899 4007 3037 4059 [tem
3062 4005 3119 4059 in
3147 4004 3295 4060 libro
3316 4003 3455 4060 Jesu
3486 4004 3594 4060 ﬁlii
3618 4004 3826 4061 Sir-ach

2181 4090 2430 4163 legitur:
2462 4096 2585 4148 Non
2634 4092 2817 4147 tardes
2872 4096 3114 4149 converti
3162 4094 3235 4149 ad
3299 4095 3613 4162 Dominum,
3664 4107 3720 4151 et
3758 4100 3833 4150 ne

2181 4180 2404 4250 differas
2432 4179 2496 4234 de
2524 4182 2612 4236 die
2644 4182 2703 4236 in
2736 4181 2897 4236 diem.
2928 4183 2988 4236 In
3018 4183 3220 4237 eodem
3254 4198 3488 4255 quoque
3514 4182 3662 4239 libro
3684 4183 3832 4239 scri-

2182 4274 2347 4340 ptum
2381 4269 2705 4325 invenitur:
2737 4274 2881 4342 Quae
2909 4272 2971 4325 in
2978 4272 3266 4342 juventute
3285 4280 3381 4328 tua
3410 4287 3838 4344 non‘eongrega-

2179 4360 2251 4411 sti
2279 4357 2543 4427 quomodo
2573 4360 2815 4413 invenies
2854 4375 2917 4413 ea
2957 4361 3016 4414 in
3078 4365 3357 4416 senectute
3399 4361 3539 4417 tua?
3587 4361 3732 4417 Hinc
3774 4364 3837 4417 et

2180 4446 2464 4518 prOpheta
2493 4446 2635 4502 dicit
2659 4465 2671 4503 :
2705 4448 2849 4503 Puer
2878 4452 2975 4503 aut
3001 4448 3263 4520 propheta
3290 4458 3509 4505 centum
3555 4460 3839 4506 annorum

413 4533 624 4603 mines,
655 4535 941 4591 efﬁciente
958 4535 1770 4591 diaboliinvidiainlidelitate
1784 4541 1842 4592 et
1862 4538 2071 4608 despe-
2103 4562 2151 4627 D
2183 4537 2507 4591 maledictus
2537 4538 2661 4591 erit.

413 4624 637 4680 ratione
668 4624 957 4695 obcaecati,
989 4622 1220 4679 inutilia
1250 4629 1306 4678 et
1347 4624 1529 4694 impia
1558 4625 1629 4679 de
1656 4624 1772 4680 Deo
1831 4626 2076 4681 arbitre-

414 4713 578 4767 mini.

488 4798 770 4870 Relinque
800 4801 982 4873 igitur
1010 4802 1238 4857 varium
1272 4801 1564 4873 opinionis
1594 4819 1868 4870 errorem,
1916 4808 1971 4858 et
2000 4805 2073 4859 ad

414 4893 746 4959 susceptam
764 4891 1099 4945 monasticae
1115 4891 1411 4963 religionis
1426 4892 1537 4946 fide
1552 4892 1929 4963 moribusque
1941 4910 2074 4947 con-

415 4977 578 5048 gruis
604 4981 782 5032 temet
814 4995 1074 5051 praepara
1104 4980 1544 5050 prolessionem.
1569 4980 1887 5035 Arbitraris
1906 4999 2071 5036 nam-

414 5081 528 5137 que
560 5066 851 5121 interdum
882 5068 1145 5123 eamdem
1174 5068 1596 5139 professionem
1612 5073 1667 5124 te
1688 5070 1901 5124 frustra
1923 5086 2073 5125 asse.

414 5157 617 5209 cutum
633 5171 759 5209 esse
774 5171 875 5226 pro
889 5171 954 5211 eo
970 5156 1328 5226 scilicetquia
1343 5157 1490 5212 hanc
1504 5157 1695 5213 etsine
1708 5158 2074 5215 consilioom-

414 5242 579 5297 nium
612 5243 879 5298 afﬁnium
897 5251 1322 5317 parentumque
1354 5251 1586 5301 tuorum
1600 5252 1676 5311 ,et
1693 5249 1913 5318 absque
1931 5264 2071 5303 con-

411 5330 766 5386 sideratione
813 5332 1109 5404 fragilisac
1143 5333 1376 5389 lubricae
1410 5333 1595 5387 aetatis
1625 5332 2071 5406 immaturmque

410 5417 482 5475 ad
506 5422 733 5474 tantum
750 5422 1013 5478 studium
1038 5439 1350 5495 aggressus
1372 5420 1686 5475 fueris.Sed
1712 5438 1886 5492 quam
1906 5423 2071 5479 facile

411 5506 835 5565 dubitationem
866 5510 1040 5566 talem
1069 5511 1308 5567 evadere
1339 5509 1531 5564 valeas
1552 5515 1776 5581 oportet
1806 5517 1870 5567 ut
1890 5518 2073 5569 atten'

409 5594 535 5657 das.
570 5595 636 5655 Et
665 5596 853 5673 primo
884 5599 1121 5673 quidem
1136 5600 1207 5657 de
1227 5597 1493 5667 consilio,
1517 5598 1729 5657 dehinc
1759 5600 1828 5658 de
1850 5604 2069 5661 caeteris

2255 4626 2341 4679 Ad
2370 4625 2693 4703 haec_etiam
2727 4641 2888 4697 rogo,
2918 4627 3010 4682 cui
3063 4625 3311 4681 validior
3356 4630 3413 4681 et
3457 4627 3839 4699 praestantior

2183 4718 2321 4770 aetas
2356 4715 2542 4787 magis
2599 4716 2869 4787 congruit
2915 4715 3179 4772 servire?
3237 4714 3372 4781 Deo,
3421 4733 3495 4771 an
3547 4715 3838 4773 diabolo?

2185 4803 2449 4874 nunquid
2482 4804 2821 4876 priusquam
2854 4804 3006 4861 vires
3036 4804 3354 4861 defecerint
3382 4805 3659 4878 corporis,
3689 4803 3840 4859 nul-

2183 4893 2275 4946 lus
2298 4890 2471 4946 homo
2502 4893 2651 4947 viam
2685 4893 2856 4947 debet
2886 4894 3140 4966 arripere
3184 4893 3598 4965 perfectionis?
3634 4894 3738 4949 Est
3769 4898 3841 4951 et

2182 4978 2298 5034 alia
2329 4996 2504 5034 causa
2533 4996 2709 5051 super
2737 4980 3007 5036 molestia
3032 4983 3377 5052 passionum
3425 4988 3661 5038 tuarum
3712 4986 3846 5039 tra-

2180 5068 2410 5134 ctanda,
2436 5085 2611 5139 quam
2639 5069 2802 5124 decet
2816 5074 2880 5124 ut
2902 5076 3093 5126 mente
3105 5070 3840 5143 perpendasintimaNatn

2182 5161 2401 5227 quanto
2433 5158 2753 5227 majoribus
2784 5158 3081 5213 beneficiis
3107 5159 3351 5227 ditatus,
3383 5164 3439 5214 et
3459 5160 3708 5231 longiori
3728 5166 3844 5231 pa-

2180 5246 2383 5301 tientia
2406 5245 2686 5301 hactenus
2718 5264 2751 5301 a
2784 5263 2874 5301 me
2905 5264 2967 5303 es
3000 5253 3397 5319 supportatus,
3428 5252 3591 5303 tanto
3613 5247 3842 5305 difﬁci-

2179 5334 2381 5390 liorem
2400 5335 2791 5389 conversionis
2815 5335 2964 5390 viam
2984 5337 3272 5393 sustinere
3294 5338 3490 5392 debes.
3507 5337 3634 5391 Scio
3656 5350 3841 5393 nam-

2182 5439 2292 5494 que
2314 5423 2688 5492 injuventute
2704 5425 3112 5481 difficillimam
3127 5444 3253 5481 esse
3266 5424 3845 5495 cujuslibetconver-

2181 5512 2425 5567 sionem.
2442 5512 2553 5567 Sed
2573 5518 2628 5566 et
2640 5516 2693 5567 te
2716 5516 2985 5570 convenit
3003 5515 3151 5570 scire
3172 5530 3347 5585 quam
3376 5512 3840 5587 difﬁcile,quam

2178 5600 2535 5660 laboriosum
2569 5601 2713 5659 mihi
2746 5605 2998 5677 quodam
3056 5603 3229 5661 modo
3276 5606 3401 5660 erat
3435 5619 3539 5677 per
3583 5603 3840 5676 illorum
