4118 6188
267 244 326 307 41
376 296 381 301 .
852 240 1001 304 LIB.
1048 240 1153 303 DE
1194 241 1826 306 TENTATIONIBUS
1869 242 2043 307 SUIS
2085 243 2188 306 ET
2232 244 2601 307 SGRlPTlS.
2633 279 2711 290 —
2741 247 2941 308 PARS
2986 246 3037 308 Ι.

3573 254 3654 313 42

266 374 519 434 scandala
534 373 633 447 qui
664 390 769 447 per
792 378 847 430 te
879 374 1174 446 depravati
1206 379 1347 431 sunt
1375 393 1387 431 :
1423 375 1578 447 quod
1610 379 1671 430 tu
1704 374 1889 447 pluri-
1922 378 1977 444 Α
2009 376 2159 431 Petri
2192 377 2435 448 apostoli
2458 379 2670 449 legitur
2703 396 2716 433 :
2751 380 2913 447 Deus,
2942 379 3155 451 inquit,
3180 379 3396 451 angelis
3420 397 3651 452 percan-

269 470 363 524 rnis
389 466 444 521 in
471 471 719 536 utroque
749 463 988 519 homine
1030 463 1333 521 laureatas
1395 465 1713 532 beneﬁciis,
1756 481 1902 536 pene

266 573 415 613 omne
445 560 674 626 tempus
703 554 1055 625 praeteritum
1090 554 1515 625 consumpsisti
1545 554 1603 608 in
1638 554 1895 626 ﬂagitiis.

266 644 452 702 Finitis
510 643 692 714 igitur
722 642 981 714 flagitiis,
1034 643 1215 698 finitis
1264 643 1443 716 igitur
1479 643 1895 712 solutionibus,

264 752 394 808 quas
423 750 516 805 pro
538 733 714 787 rebus
746 732 1128 803 quibusdam,
1190 732 1249 788 in
1298 733 1515 805 quibus
1574 733 1897 788 dubitando

266 824 563 892 laborabas,
594 821 808 893 protuli
842 839 854 887 ;
882 823 1151 893 nunquid
1184 822 1439 887 adhuc,o
1470 827 1696 877 amator
1727 822 1896 876 dubi-

268 912 477 971 tationis
505 910 704 976 totius,
742 908 965 981 aliquid
998 914 1224 965 certum
1256 917 1313 965 et
1344 911 1655 966 definitum
1689 912 1898 982 proba-

267 992 403 1059 tione
432 1000 541 1056 ulla
570 999 845 1071 accepisti
880 1000 907 1053 1’
945 1002 1031 1054 An
1092 1000 1327 1071 ignoras
1375 1000 1654 1071 quoniam
1721 1000 1893 1054 docu-

270 1096 443 1147 menta
469 1095 639 1156 tanta,
670 1102 1022 1160 quacunque
1074 1089 1299 1143 ratione
1357 1093 1463 1163 aut
1516 1088 1896 1143 meditatione

273 1170 538 1252 concepta,
570 1194 944 1251 nequaquam
980 1178 1226 1250 adeptus
1257 1194 1318 1233 es
1345 1179 1565 1233 frustra
1594 1179 1621 1233 ‘2
1648 1180 1896 1249 Ideoque

276 1268 330 1324 in
358 1268 667 1325 eorumdem
697 1268 1184 1322 documentorum
1227 1266 1565 1338 cognitione
1620 1265 1892 1322 stabilem

277 1359 468 1413 mentis
495 1359 668 1412 retine
722 1356 1134 1422 intentionem,
1193 1360 1249 1409 et
1311 1373 1413 1427 per
1468 1355 1577 1410 hoc
1632 1372 1894 1426 praepara

272 1447 504 1501 animum
537 1451 696 1499 tuum
731 1444 801 1499 ad
830 1442 1385 1499 tentationem.Nam
1420 1450 1637 1515 quanto
1672 1445 1890 1514 majore

271 1534 640 1607 inspirationis
671 1534 878 1589 divinae
908 1538 1098 1605 gratia
1124 1550 1247 1605 jam
1274 1533 1654 1605 praemcnitus
1677 1534 1889 1588 instru-

272 1631 481 1695 ctusque
509 1640 588 1689 es,
623 1628 787 1678 tanto
824 1622 1157 1677 validiorem
1187 1622 1524 1678 tentationis
1557 1622 1886 1678 molestiam

270 1712 712 1786 patieris.lterum
730 1718 905 1783 atque
928 1713 1144 1767 iterum
1168 1712 1371 1767 eadem
1403 1717 1664 1784 repetens
1679 1712 1885 1767 admo-

272 1820 377 1869 neo,
408 1820 470 1857 ne
498 1802 641 1857 forte
665 1801 822 1856 inter
842 1817 941 1856 eos
972 1800 1269 1873 deputeris
1301 1802 1423 1873 qui,
1479 1805 1542 1856 ut
1598 1802 1884 1873 scriptum

270 1899 356 1959 est,
386 1891 448 1947 ad
478 1898 710 1964 tempus
736 1891 1001 1958 credunt,
1036 1895 1094 1945 et
1126 1890 1184 1944 in
1222 1894 1485 1963 tempore
1546 1890 1885 1947 tentationis

274 1980 534 2034 recedunt.

328 2067 499 2123 Mirari
522 2069 719 2140 itaque
739 2067 855 2123 noli
890 2067 1101 2139 siquid
1138 2084 1420 2139 passurus
1454 2085 1515 2125 es
1565 2068 1695 2124 novi
1731 2085 1743 2124 :
1797 2085 1886 2123 ve-

273 2164 562 2213 rumtamen
581 2157 825 2229 praescio
844 2163 1064 2228 quanta
1079 2156 1419 2227 infirmitate
1432 2162 1488 2213 et
1503 2158 1886 2230 ambiguitate

270 2246 400 2303 inter
430 2264 598 2303 novas
620 2246 959 2303 tentationis
982 2245 1281 2302 molestias
1313 2247 1671 2315 dissolvaris,
1731 2246 1883 2302 arbi-

265 2341 436 2392 tratus
463 2336 674 2392 scilicet
702 2353 795 2391 mo
827 2336 1024 2408 ipsum
1062 2338 1241 2391 Deum
1275 2338 1739 2408 omnipotentem
1770 2353 1884 2391 non

268 2442 403 2493 esse,
432 2432 481 2481 et
506 2426 624 2481 haec
659 2427 856 2482 omnia
877 2443 1003 2496 quae
1036 2426 1107 2481 de
1130 2442 1222 2480 me
1250 2426 1562 2498 percepisti
1616 2426 1770 2497 apud
1831 2430 1886 2480 te

266 2516 413 2586 quasi
438 2515 658 2570 somnia
686 2514 1138 2570 videri.Recede
1179 2532 1337 2587 ergo,
1388 2516 1589 2585 miser,
1646 2516 1717 2570 ab
1778 2514 1886 2570 hac

265 2604 529 2660 dementia
552 2605 898 2677 ;quia,sicut
917 2603 1364 2674 saepissimetibi
1394 2604 1748 2676 patefactum
1774 2609 1884 2676 est,

263 2694 535 2750 delusione
564 2692 1031 2749 circumvallaris
1061 2693 1644 2764 diabolica.Attende,
1706 2711 1737 2749 o
1787 2710 1887 2749 ca-

264 2783 411 2855 ptive,
443 2800 511 2838 ne
532 2788 593 2838 tu
630 2783 712 2838 sis
744 2782 841 2838 ille
869 2784 939 2837 de
972 2799 1088 2854 quo
1119 2782 1261 2838 dicit
1294 2783 1785 2838 PsalmistazDixit
1808 2785 1891 2838 in-

261 2874 440 2943 sipiens
470 2875 527 2927 in
554 2872 720 2928 corde
738 2888 837 2927 suo
860 2889 879 2925 :
911 2873 1030 2926 Non
1052 2877 1131 2927 est
1154 2873 1313 2928 Deus.
1340 2873 1620 2927 Diabolus
1673 2874 1889 2945 quippe

263 2962 385 3018 satis
398 2978 719 3036 agnoscens
739 2962 1041 3016 universos
1054 2961 1455 3041 confugientes
1468 2963 1538 3017 ad
1556 2979 1647 3018 me
1660 2964 1888 3018 veniam

265 3054 555 3123 promereri
588 3069 783 3125 posse,
811 3051 1141 3124 omnigenis
1191 3051 1597 3107 delusionibus
1630 3044 1890 3107 retrahit

2014 465 2158 521 tibus
2188 483 2298 521 non
2328 468 2585 537 pipcrrit.
2620 469 2688 527 Et
2720 468 2777 521 in
2801 468 3046 538 epistola
3064 470 3227 524 Judee
3250 488 3269 524 :
3304 470 3527 541 Angelos
3556 474 3653 544 qui

2008 573 2123 609 non
2150 560 2505 611 servaverunt
2530 573 2690 611 suum
2721 558 3112 628 principatum,
3172 558 3261 614 sed
3300 559 3655 631 reliquerunt

2008 661 2169 698 suum
2198 646 2537 700 domicilium
2577 647 2635 699 in
2675 647 2958 717 judicium
3008 646 3119 701 diei
3174 650 3383 719 magni,
3433 652 3655 706 mtemis

2010 734 2577 789 vinculisreservauit.
2614 734 2761 788 Nota
2789 750 3023 805 quoque
3069 739 3124 788 et
3183 734 3349 807 illud,
3401 738 3540 807 quia
3603 740 3653 795 si

2008 821 2183 876 iidem
2216 823 2407 893 angeli
2450 824 2503 877 in
2540 823 2774 878 exordio
2806 822 3112 877 creationis
3145 840 3261 877 suae
3295 824 3374 879 ita
3424 826 3655 896 probati

2009 926 2125 965 non
2159 916 2374 979 essent,
2407 911 2542 966 licet
2572 918 2782 966 natura
2812 910 3263 983 prmclarissima
3304 913 3651 986 potirentur,

2008 1017 2109 1072 per
2125 1018 2186 1057 se
2208 1006 2405 1056 tamen
2445 1001 2667 1072 aliquid
2702 1016 2870 1072 posse
2892 1000 3316 1067 existimantes,
3350 1006 3512 1059 tanto
3552 1019 3652 1058 ne-

2007 1090 2182 1160 quius
2211 1090 2561 1160 quandoque
2578 1089 2968 1161 superbiendo
2992 1090 3513 1162 caderent,quanto
3526 1092 3654 1163 jam

2005 1177 2230 1233 diutius
2260 1196 2321 1233 se
2350 1178 2572 1233 viribus
2614 1177 2866 1249 propriis
2917 1178 3150 1233 stetisse
3181 1180 3484 1234 crederent
3523 1196 3536 1235 :
3597 1186 3657 1236 et

2003 1265 2062 1321 in
2098 1266 2437 1337 hujusmodi
2469 1267 2746 1321 dilatione
2769 1284 2883 1321 non
2918 1271 3149 1321 tantum
3209 1267 3501 1340 angelicae,
3552 1270 3656 1325 sed

2002 1356 2179 1410 etiam
2213 1356 2481 1410 humana}
2512 1358 2728 1410 damna
2757 1355 3316 1425 evenirentnaturae,
3348 1358 3489 1428 quia
3518 1374 3654 1413 cum

2003 1445 2288 1499 districtio
2319 1445 2517 1500 divina
2538 1445 2761 1515 angelis
2784 1445 3260 1516 superbientibus
3278 1446 3335 1500 in
3366 1446 3533 1503 initio
3551 1447 3658 1502 mi-

2002 1534 2160 1588 nime
2190 1535 2506 1601 resisteret,
2542 1535 2801 1589 humana
2823 1536 3080 1605 profecto
3106 1534 3380 1607 superbia
3402 1536 3657 1608 impuni-

1997 1623 2135 1678 tatis
2158 1628 2331 1678 tantze
2348 1641 2527 1678 causa
2543 1624 2729 1695 magis
2754 1639 2818 1679 ac
2834 1624 3021 1695 magis
3038 1623 3224 1678 Deum
3246 1629 3650 1695 contemnens,

1997 1713 2247 1785 graviori
2280 1714 2517 1768 demum
2566 1712 2854 1784 supplicio
2911 1714 3337 1783 prosternenda
3392 1715 3652 1771 caderet.

1995 1804 2180 1868 Quam
2208 1803 2282 1856 ob
2312 1818 2435 1857 rem
2458 1802 2600 1873 quid
2622 1808 2724 1856 aut
2744 1801 3134 1873 angelica,aut
3155 1800 3417 1858 humana
3443 1809 3655 1861 natura

1996 1908 2097 1963 per
2127 1909 2188 1947 se
2237 1892 2443 1965 poesit,
2478 1908 2612 1946 mox
2670 1892 2728 1945 in
2798 1891 3107 1962 utriusque
3166 1891 3332 1946 initio
3371 1909 3652 1964 apparere

1994 1982 2270 2052 oportuit,
2303 1985 2369 2036 ut
2397 1998 2600 2036 eorum
2633 1997 2804 2035 casus
2847 1996 2957 2034 non
2988 1986 3107 2036 tam
3144 1980 3257 2036 sibi
3308 1982 3656 2055 ceterisque

1993 2070 2291 2125 videretur
2321 2070 2739 2125 detrimentum
2763 2086 2941 2141 quam
2982 2070 3257 2125 doctrinae
3316 2070 3654 2143 exemplum

1996 2164 2051 2214 et
2072 2176 2138 2215 eo
2163 2160 2369 2214 fortius
2391 2159 2766 2230 postmodum
2798 2163 3024 2213 starent
3074 2159 3337 2229 mihique
3386 2161 3652 2217 tenacius

1994 2248 2348 2303 inhaererent
2380 2263 2493 2317 quo
2518 2245 2728 2316 majori
2755 2246 3150 2317 experimento
3175 2252 3474 2317 persemet
3505 2247 3652 2302 nihil

1996 2354 2167 2408 posse
2189 2335 2551 2391 didicissent.
2575 2336 2862 2390 Casteruin
2895 2335 2955 2388 hi
2994 2334 3205 2406 angeli,
3266 2335 3365 2407 qui
3425 2337 3653 2393 arbitrii

1993 2425 2261 2480 libertate
2293 2426 2428 2479 data
2452 2424 2703 2496 probati,
2729 2441 2764 2479 a
2782 2424 3075 2479 consortio
3104 2424 3487 2495 subjectionis
3506 2441 3649 2481 meae

1997 2520 2205 2587 sponte
2250 2514 2667 2582 discesserunt,
2724 2513 2850 2568 ideo
2909 2513 3085 2568 venias
3137 2514 3464 2569 remedium
3531 2532 3649 2573 non

1997 2609 2360 2671 meruerunt,
2393 2603 2671 2674 quoniam
2704 2602 3067 2658 extrinsecus
3094 2602 3257 2657 nulla
3304 2620 3499 2659 rerum
3550 2621 3649 2660 ne-

1998 2692 2289 2760 cessitate,
2331 2691 2492 2746 nulla
2542 2691 2894 2747 intrinsecus
2949 2698 3169 2746 natura:
3233 2710 3351 2747 suae
3406 2694 3474 2748 ad
3540 2693 3649 2750 hoc

1998 2783 2181 2837 coacti
2213 2787 2353 2836 sunt
2404 2781 2825 2845 imbecillitate,
2888 2782 2987 2836 sed
3047 2781 3182 2835 vitio
3241 2783 3650 2839 tantummodo

2000 2870 2285 2942 superbiae
2313 2887 2381 2926 ex
2413 2871 2542 2942 ipsa
2588 2870 2874 2925 libertatis
2924 2869 3324 2942 claritatisque
3382 2888 3499 2926 suae
3554 2889 3651 2927 ex-

2000 2960 2268 3016 cellentia
2297 2960 2501 3027 inflati,
2548 2961 2818 3032 potentia:
2879 2976 3017 3013 mere
3076 2961 3509 3031 praesumebant
3566 2979 3655 3017 re-

2001 3051 2227 3105 sistere.
2262 3050 2446 3105 Homo
2477 3056 2668 3104 autem
2685 3050 2912 3120 primus
2943 3048 3078 3103 licet
3107 3049 3394 3121 sapientia
3450 3050 3652 3106 multi-

265 3156 344 3196 eos
368 3142 436 3196 ab
464 3141 657 3216 ipsius
685 3142 851 3197 aditu
880 3140 1195 3210 venim,hoc
1226 3146 1317 3196 est
1347 3158 1381 3196 a
1403 3142 1532 3207 (ide,
1565 3141 1891 3198 immittens
1922 3129 1965 3196 C
2003 3138 2137 3211 plici
2163 3144 2219 3194 et
2247 3140 2580 3194 conditione
2611 3139 2901 3210 spirituali
2934 3139 3014 3193 ita
3044 3144 3200 3193 esset
3228 3140 3547 3196 adornatus
3588 3146 3655 3197 ut

266 3230 508 3286 videlicet
539 3232 748 3287 fraude
783 3229 955 3286 solita
986 3230 1326 3301 hujusmodi
1368 3231 1769 3303 cogitationes,
1830 3236 1895 3286 ut

267 3318 669 3392 autindignum
684 3319 827 3374 mihi
841 3318 1103 3373 videatur
1115 3318 1427 3375 sceleratos
1445 3336 1708 3392 quosque
1721 3320 1744 3390 j
1758 3320 1897 3375 usti-

265 3408 460 3476 ﬁcare;
494 3425 600 3464 seu
635 3408 1033 3463 austeritatem
1056 3412 1281 3465 tantam
1313 3409 1459 3464 mihi
1486 3409 1680 3465 inesse
1715 3426 1894 3481 quam

264 3495 449 3551 nullus
479 3496 660 3552 homo
690 3502 971 3568 peccator,
997 3497 1229 3553 etiamsi
1259 3514 1363 3570 pro
1382 3498 1721 3569 pcenitentia
1739 3515 1893 3553 sem-

264 3598 348 3656 per
372 3587 718 3657 castigctur,
749 3585 935 3640 valeat
956 3585 1280 3652 minorere;
1315 3586 1434 3641 sive
1460 3591 1526 3641 ut
1582 3587 1652 3641 de
1701 3588 1893 3657 justo-

266 3689 376 3729 rum
408 3672 795 3730 retributione
826 3679 1105 3746 perpetua
1120 3679 1177 3729 et
1206 3674 1275 3729 de
1304 3674 1619 3746 impiorum
1655 3675 1896 3747 perenni

265 3763 508 3820 dubitent
538 3780 716 3837 pmna
747 3768 848 3818 aut
878 3763 1051 3818 etiam
1073 3763 1301 3834 judicia
1333 3763 1743 3837 blasphemare
1790 3781 1895 3820 au-

265 3852 413 3909 deant
434 3870 566 3909 mea
602 3868 729 3920 ;seu
764 3857 830 3907 ut
855 3853 1165 3924 Scripturze
1197 3869 1373 3908 sacra:
1402 3854 1555 3909 dicta
1577 3854 1898 3911 intentione

264 3943 583 3998 subvertant
615 3942 865 3997 sinistra
899 3959 911 3996 :
946 3943 1016 3996 ad
1051 3946 1355 3998 extrenum
1377 3960 1511 3998 vero
1545 3947 1627 4013 ut,
1663 3945 1815 3999 sicut
1835 3948 1900 3999 ut

268 4045 469 4102 quoque
504 4031 684 4087 modo
707 4029 949 4086 delusus
984 4030 1246 4103 privaris,
1282 4033 1352 4086 de
1396 4032 1726 4088 certissima
1754 4032 1898 4087 sub-

266 4121 464 4175 stantia
501 4136 654 4175 meas
686 4119 989 4191 priventur
1015 4119 1331 4191 agnitione.

322 4208 421 4264 Sed
452 4210 598 4282 quia
631 4208 1035 4280 insipientiam
1056 4209 1236 4264 animi
1268 4210 1354 4265 tui
1378 4210 1493 4266 huc
1549 4228 1737 4283 usque
1786 4229 1900 4283 pra:

267 4298 594 4355 mortalibus
611 4296 821 4353 multis
834 4298 1090 4353 sustinui
1105 4299 1472 4355 admonendo
1489 4305 1545 4355 et
1558 4300 1901 4356 instruendo

266 4401 351 4442 cur
367 4390 539 4445 etiam
562 4386 714 4443 talia
733 4388 1065 4459 permittam
1086 4389 1422 4460 contingere
1453 4388 1827 4462 aliquatenus
1848 4396 1903 4445 te

267 4475 369 4534 volo
398 4478 721 4535 instruere.
756 4476 1033 4549 Nunquid
1062 4477 1297 4549 ignoras
1328 4478 1564 4551 angelos
1594 4479 1907 4535 etarchan-
1937 4502 1983 4565 Β

272 4566 403 4636 gelos
432 4583 770 4639 omnesque
802 4564 1112 4634 cceticolas,
1165 4567 1266 4638 qui
1321 4566 1492 4640 longe
1543 4567 1907 4625 sublimioris

271 4659 453 4712 natura
482 4660 774 4713 constant
804 4654 1151 4722 humana,in
1182 4672 1248 4710 eo
1279 4656 1594 4712 voluntatis
1644 4675 1764 4713 suae
1823 4675 1912 4713 ar-

272 4742 414 4800 bitrio
445 4746 717 4809 relictos,
747 4749 809 4798 ut
838 4743 957 4799 sive
989 4761 1239 4813 mecum,
1288 4745 1406 4800 sive
1458 4762 1591 4800 cum
1652 4746 1915 4819 principe

276 4830 477 4891 diabolo
518 4832 768 4898 vellent,
801 4839 1209 4904 permanerent
1238 4834 1372 4889 ?Sic
1404 4852 1636 4908 quoque
1656 4840 1918 4908 oportuit

276 4936 352 4976 eos
373 4924 644 4995 probari,
678 4927 743 4977 ut
774 4926 831 4977 et
861 4922 1000 4994 quid
1028 4923 1085 4977 in
1116 4940 1208 4979 me
1238 4928 1296 4978 et
1326 4925 1466 4995 quid
1504 4925 1559 4978 in
1612 4942 1674 4980 se
1722 4930 1919 4981 essent

279 5018 448 5080 posset
481 5010 1118 5069 denudari.Undecum
1150 5013 1390 5084 quidam
1425 5014 1650 5085 probati
1682 5016 1808 5070 sine
1826 5031 1918 5071 me

280 5100 401 5155 nihil
422 5100 693 5169 esse,alii
716 5117 848 5156 vero
880 5102 937 5155 in
970 5118 1027 5157 se
1058 5102 1280 5174 aliquid
1297 5118 1424 5158 esse
1455 5108 1512 5157 et
1568 5120 1739 5175 posse
1792 5121 1919 5159 cre-

280 5186 457 5246 derent
492 5192 583 5246 :bi
619 5189 717 5262 qui
753 5189 809 5245 in
834 5207 926 5246 me
952 5209 1125 5246 suum
1150 5194 1556 5248 tantummodo
1574 5210 1703 5249 esse
1722 5194 1919 5249 decer-

278 5279 492 5348 nebant,
527 5279 822 5336 electione
852 5285 911 5335 et
944 5280 1218 5336 felicitate
1243 5288 1520 5355 perpetua
1575 5283 1924 5339 videbantur

277 5364 436 5440 digni;
461 5370 551 5424 illi
576 5374 780 5424 autem
812 5369 910 5440 qui
935 5386 997 5424 se
1018 5371 1240 5426 viribus
1264 5374 1514 5444 propriis
1542 5374 1924 5429 commenda-

275 5452 419 5525 bant,
449 5462 519 5514 ut
550 5458 861 5530 patefieret
890 5458 1030 5530 quid
1075 5459 1202 5515 sine
1250 5477 1344 5515 me
1392 5467 1649 5534 possent,
1684 5462 1921 5520 irreme-

280 5541 461 5607 diabili
487 5546 726 5624 judicio
756 5551 899 5605 sunt
920 5549 1135 5624 puniti,
1177 5550 1410 5610 sicutin
1460 5551 1718 5629 Epistola
1774 5553 1928 5612 beati

600 5672 959 5749 ΡιτιοιιΧ
973 5675 1125 5741 LVI.

2003 3229 2292 3283 diceretur
2325 3229 2396 3283 ad
2428 3228 2744 3300 imaginem
2764 3233 2820 3282 et
2846 3227 3293 3282 similitudinem
3314 3229 3409 3283 Dei
3438 3231 3647 3298 factus;

2003 3317 2142 3389 quia
2171 3322 2369 3372 tamen
2401 3318 2763 3388 compositus
2794 3323 2917 3371 erat
2942 3334 3008 3371 ex
3030 3334 3203 3371 carne
3223 3316 3398 3383 lutea,
3432 3323 3488 3371 et
3525 3318 3649 3373 dia-

2004 3406 2122 3462 boli
2147 3410 2476 3478 pra-ventus
2505 3405 2842 3460 seductione
2873 3410 3046 3476 atque
3077 3405 3315 3471 astutia,
3376 3405 3648 3477 praecepti

2006 3495 2120 3550 mei
2154 3494 2612 3566 transgressione
2644 3494 2870 3548 veniam
2903 3493 3138 3562 meruit,
3192 3509 3260 3547 ea
3306 3498 3503 3549 tamen
3561 3512 3651 3550 ra-

2005 3585 2162 3640 tione
2194 3588 2256 3639 ut
2279 3586 2500 3654 ejectus
2530 3583 2599 3637 de
2632 3583 2901 3653 paradiso
2946 3581 3261 3653 voluptatis
3316 3589 3656 3654 operaretur

2006 3677 2242 3739 terram,
2266 3674 2337 3727 de
2367 3690 2484 3744 qua
2505 3677 2778 3743 sumptus
2808 3670 3056 3741 esset,in
3083 3670 3294 3725 sudore
3325 3676 3656 3728 vesceretur

2006 3779 2175 3834 pane.
2210 3762 2369 3825 Quod
2408 3762 2628 3817 scilicet
2670 3766 2728 3816 et
2778 3762 2950 3831 juxta
3006 3759 3263 3815 litteram
3324 3761 3395 3815 de
3453 3778 3657 3834 corpo-

2007 3852 2215 3921 rali,ut
2244 3868 2312 3906 ea
2333 3868 2459 3922 quae
2492 3851 2549 3904 in
2575 3850 2682 3905 hoc
2715 3849 2917 3905 exsilio
2950 3850 3180 3921 corpori
3208 3853 3406 3904 essent
3455 3866 3660 3905 neces-

2008 3942 2321 3997 sariaoura
2348 3939 2635 3995 excoleret
2666 3940 2841 4006 varia,
2904 3945 2961 3994 et
3018 3940 3089 3994 de
3139 3938 3433 4010 spirituali
3487 3957 3661 4011 pane,

2009 4032 2067 4086 id
2099 4029 2646 4100 estChristo,potest
2676 4028 2922 4101 intelligi
2948 4046 2961 4096 ;
2996 4033 3058 4083 ut
3088 4030 3181 4083 cui
3203 4029 3367 4101 prius
3382 4028 3659 4086 facillimo

2008 4119 2171 4176 liberi
2199 4118 2424 4174 arbitrii
2452 4119 2583 4174 nisu
2608 4119 2972 4186 inhaerere,et
2997 4118 3054 4171 iu
3082 4135 3197 4189 quo
3220 4119 3418 4174 omnia
3447 4119 3661 4175 habere

2010 4214 2228 4282 posset,
2261 4210 2332 4264 ad
2364 4226 2498 4264 eum
2530 4209 2901 4281 postmodum
2922 4207 3126 4279 lapsus
3157 4224 3290 4263 cum
3309 4208 3522 4264 sudore
3544 4224 3665 4264 ma-

2011 4300 2167 4354 ximo
2200 4298 2550 4371 poenitentia:
2572 4299 2784 4353 rediret
2815 4302 2991 4369 atque
3014 4296 3279 4367 ejusdem
3310 4296 3537 4352 arbitrii
3569 4298 3665 4352 in-

2010 4387 2285 4461 geniique
2316 4389 2490 4452 vires,
2524 4404 2673 4458 quas
2698 4392 2828 4442 ante
2860 4385 3390 4458 transgressionem
3442 4387 3665 4457 absque

2014 4494 2223 4533 sensus
2267 4481 2497 4549 torpore
2530 4478 2600 4531 ad
2634 4481 2844 4531 cuncta
2877 4475 3153 4531 bonitatis
3177 4476 3317 4545 jura
3349 4475 3672 4530 retinuerat

2017 4572 2219 4639 postea
2252 4566 2444 4621 carnis
2485 4565 2795 4638 fragilitate
2837 4565 3225 4636 praepediente
3280 4580 3414 4619 cum
3474 4563 3673 4618 labore

2025 4656 2183 4729 gravi
2211 4656 2516 4711 obtineret.
2551 4659 2694 4712 Cum
2729 4672 2862 4726 ergo
2886 4654 2993 4708 hac
3018 4651 3457 4707 ratiocinatione
3493 4668 3673 4725 agnos

2026 4762 2155 4801 scas
2187 4762 2301 4800 non
2329 4744 2521 4799 solum
2553 4745 2825 4799 eumdem
2856 4743 3114 4813 primum
3146 4741 3446 4797 hominem
3480 4742 3679 4814 singu-

2026 4835 2133 4890 lari
2165 4834 2513 4890 conditionis
2546 4834 2817 4887 bumana:
2852 4832 3106 4900 primatu
3125 4832 3527 4906 sapientiaque
3550 4832 3677 4887 lau-

2028 4929 2275 4990 reatum,
2308 4924 2408 4978 sed
2440 4923 2616 4978 etiam
2649 4939 2852 4977 omnes
2883 4922 3194 4991 caelicolas,
3229 4939 3477 4995 quorum
3500 4921 3682 4978 excel-

2026 5013 2218 5068 lentiae
2232 5018 2496 5069 creatura
2517 5012 2678 5067 nulla
2699 5013 3318 5085 comparatur,absque
3337 5010 3676 5084 probatione

2030 5120 2289 5176 congrua
2317 5119 2433 5157 non
2467 5119 2635 5173 posse
2668 5101 2812 5156 mihi
2846 5103 3088 5157 lirmiter
3120 5100 3398 5157 inhaerere
3421 5117 3523 5157 nec
3564 5116 3680 5155 non

2033 5195 2124 5248 sui
2157 5193 2387 5263 meique
2418 5191 2803 5246 dill‘erentiam
2837 5191 3131 5263 pervidere
3165 5210 3176 5247 :
3207 5209 3379 5265 quem
3410 5192 3685 5262 deinceps

2033 5282 2341 5338 hominum
2372 5287 2711 5337 caeterorum
2736 5300 2770 5337 a
2792 5283 2964 5354 primi
2989 5282 3244 5337 hominis
3266 5281 3578 5354 prudentia
3602 5279 3685 5335 in-

2035 5373 2149 5428 sita
2161 5371 2382 5444 aliquid
2396 5372 2738 5427 distantium
2755 5371 3058 5427 arbitraris
3071 5388 3199 5428 esse
3213 5377 3333 5428 tam.
3345 5372 3689 5445 perfectum,

2037 5467 2103 5518 ut
2131 5463 2257 5518 sine
2273 5461 2590 5518 tentatione
2615 5478 2757 5518 meae
2785 5462 3229 5534 magniﬁcentiae
3258 5478 3495 5535 suaeque
3516 5459 3693 5534 ἵναςὶ-

2036 5552 2222 5612 litatis
2246 5557 2472 5613 certum
2503 5569 2707 5627 capere
2735 5552 2925 5629 possit
2963 5552 3432 5625 experimentum
3462 5551 3476 5609 ι

3340 5683 3380 5765 3
