4114 6184
270 331 354 437 ira
858 372 1009 437 LIB.
1055 372 1158 435 ne
1200 370 1835 438 TENTATIONIBUS
1882 371 2056 438 SUIS
2102 372 2205 437 ET
2250 371 2623 474 SCRIPTIS.
2660 407 2736 424 —
2770 378 2969 442 rans
3013 379 3065 441 1.
3158 398 3165 407 -
3587 384 3666 445 4e

286 510 428 566 tione
444 524 506 564 ac
525 508 684 562 metu
704 507 1039 563 Judaorum
1062 506 1488 563 efﬁciebantur.
1504 507 1707 563 Tantis
1726 506 1907 580 igitur
1933 506 1987 575 Α
2019 522 2270 578 quorum
2288 511 2450 564 tanto
2473 507 2702 564 facilius
2721 514 2883 581 potes
2904 511 3216 581 recordari,
3242 515 3460 585 quanto
3476 515 3664 588 magis

285 596 742 657 tribulationibus
760 595 1007 669 apostoli
1031 601 1170 652 sunt
1190 597 1389 652 afﬂicti
1404 614 1508 653 nec
1523 614 1638 653 non
1653 597 1903 669 probati,

286 689 609 761 priusquam
628 686 687 740 in
705 685 800 741 illo
822 702 935 757 quo
953 686 1207 758 ponendi
1250 693 1416 743 erant
1434 688 1616 743 totius
1639 686 1905 743 Ecclesia

285 779 647 833 fundamento
665 774 1109 842 collocarentur,
1128 775 1469 848 priusquam
1490 777 1677 832 ullum
1693 775 1908 832 laboris

286 866 368 920 sui
397 866 642 919 fructum
675 869 776 919 aut
806 868 1156 936 potestatem
1190 865 1251 920 in
1273 866 1586 921 animabus
1606 865 1905 933 lucrandis

288 954 619 1010 meruissent
645 953 913 1025 adipisci.

349 1044 449 1099 Sed
478 1043 567 1098 his
588 1042 934 1116 generaliter
953 1044 1024 1099 de
1040 1043 1319 1116 apostolis
1340 1045 1617 1100 omnibus
1640 1044 1907 1117 prolatis,

291 1150 427 1189 nunc
444 1133 581 1188 libet
601 1133 670 1188 de
691 1131 888 1204 aliquo
909 1132 1148 1188 illorum
1180 1139 1639 1205 catcrorumque
1669 1134 1908 1190 Patrum

293 1222 613 1295 specialiter,
636 1220 885 1293 exempli
907 1222 1115 1294 gratia,
1148 1223 1505 1278 mentionem
1528 1222 1737 1292 facere,
1766 1223 1907 1294 quid

296 1312 729 1383 uniuscujusque
749 1327 950 1366 eorum
972 1310 1370 1368 tribulationis
1391 1317 1447 1367 et
1464 1313 1748 1385 angustia
1775 1317 1910 1368 ante

301 1408 388 1458 aut
404 1406 518 1473 post
539 1405 870 1473 perceptam
894 1400 1216 1472 spiritualis
1251 1402 1450 1474 gratia
1481 1401 1907 1457 sublimitatem

301 1490 565 1563 pertulerit
587 1508 601 1557 ;
637 1495 701 1544 ut
722 1506 854 1545 cum
880 1495 1000 1545 tam
1021 1491 1341 1563 pracipuos
1363 1492 1560 1547 Patres
1583 1490 1911 1546 innumeris

302 1579 748 1636 tribulationibus
777 1578 1025 1635 afﬂictos
1048 1581 1374 1652 agnoveris,
1399 1580 1697 1637 insolitam
1721 1580 1910 1653 magis

294 1669 513 1742 gratiam
543 1686 722 1739 quam
754 1662 1085 1723 molestiam
1117 1668 1295 1726 ullius
1343 1670 1682 1725 temtationis
1715 1669 1908 1724 hacte-

293 1776 388 1813 nus
417 1775 534 1814 esse
566 1758 673 1813 tibi
704 1757 974 1814 collatam
1007 1759 1253 1829 probare
1275 1758 1488 1831 possis.
1507 1760 1754 1814 Attende
1773 1774 1910 1831 ergo

293 1848 352 1903 ad
380 1853 642 1903 sanctum
674 1846 920 1902 Paulum
965 1852 1021 1913 et
1068 1847 1376 1904 considera
1425 1853 1568 1920 quot
1594 1864 1910 1919 perpessus

295 1898 352 1903 η
380 1898 642 1903 ___---__
675 1898 697 1901 _
723 1898 920 1902 una“
1075 1898 1375 1904 --ὴν---ὴ
1431 1898 1565 1920 Ἰ---
1594 1898 1908 1919 VT"---

291 1938 440 1992 fuerit
462 1953 680 2010 genera
727 1937 1215 2009 persecutionem.
1268 1938 1415 1994 Nam
1463 1937 1617 1993 sicut
1662 1939 1720 1991 in
1760 1937 1910 1993 libro
1940 1898 1988 1963 B

294 2033 512 2081 Actnum
542 2025 946 2099 apostolorum
994 2030 1053 2080 et
1096 2024 1154 2079 in
1207 2024 1395 2096 ipsius
1443 2025 1719 2098 Epistolis
1760 2025 1913 2082 valet

295 2116 517 2188 agnosci,
539 2121 857 2188 postquam
881 2114 1110 2169 Christo
1129 2115 1266 2170 Jesu
1288 2121 1529 2171 vocante
1547 2117 1619 2171 ad
1670 2131 1911 2171 conver-

293 2206 482 2261 sionem
502 2206 683 2273 venit,
716 2221 1021 2276 nunquam
1045 2204 1162 2259 fere
1183 2204 1308 2259 sine
1330 2204 1763 2261 adversantium
1787 2222 1912 2277 per-

294 2296 760 2367 sequendumque
782 2292 1054 2366 periculis
1081 2294 1320 2349 exstitit.
1338 2294 1479 2365 Ejus
1493 2310 1725 2366 quoque
1747 2294 1927 2350 colle-.

292 2399 403 2456 gain
426 2383 477 2438 in
495 2385 973 2457 persecutionum
993 2383 1278 2438 duntaxat
1298 2384 1723 2439 numerositate
1735 2382 1912 2439 Atha-

296 2473 492 2551 nasium
516 2473 920 2529 Alexandrina
945 2470 1206 2528 Ecclesia
1221 2472 1533 2545 prasulem
1548 2473 1764 2545 accipe,
1786 2473 1909 2545 qui,

294 2565 421 2619 sicut
447 2564 501 2618 in
530 2564 796 2619 Historia
852 2561 1248 2618 ecclesiastica
1305 2562 1540 2635 legitur,
1600 2580 1736 2618 mox
1782 2567 1915 2634 post

293 2658 586 2726 susceptam
618 2651 978 2725 prasulatus
1030 2650 1397 2724 dignitatem,
1464 2668 1569 2723 pro
1614 2651 1911 2707 catholica

292 2744 401 2799 ﬁdei
431 2743 771 2800 defensione
828 2740 1101 2797 laborans
1156 2740 1463 2797 immensis
1505 2741 1911 2803 hareticorum

291 2832 746 2905 persequentium
779 2831 1013 2886 insidiis
1070 2844 1218 2902 pene
1277 2846 1464 2902 usque
1518 2831 1590 2886 ad
1621 2832 1747 2885 vita
1792 2847 1912 2886 sua

290 2923 441 2978 ﬁnem
470 2923 862 2978 afﬁciebatur.
886 2920 981 2977 Sic
1004 2920 1222 2992 quippe
1248 2920 1318 2975 de
1339 2936 1403 2975 eo
1426 2936 1592 2976 sacra
1611 2920 1913 2993 Scriptura

292 3012 471 3067 refert:
502 3014 720 3083 Hujus,
745 3010 960 3083 inquit,
984 3009 1130 3064 tanti
1153 3010 1213 3064 in
1234 3009 1491 3065 Ecclesia
1521 3026 1626 3081 pro
1656 3009 1792 3064 ﬁdei
1822 3009 1910 3064 in-

292 3103 529 3176 tegritate
549 3117 774 3173 agones
794 3101 1031 3156 fuerunt
1050 3104 1114 3154 ut
1134 3098 1312 3154 etiam
1335 3099 1406 3153 de
1424 3098 1533 3153 hoc
1545 3099 1768 3154 dictum
1784 3114 1912 3155 esse

294 3194 547 3260 videatur,
573 3190 737 3264 quod
758 3190 1044 3261 scriptum
1066 3194 1193 3245 est:
1226 3190 1333 3260 Ego
1363 3189 1513 3243 enim
1543 3188 1823 3243 ostendam
1859 3190 1912 3243 ei

2017 612 2085 650 ex
2108 594 2355 651 lectione
2386 597 2627 651 assidua
2658 596 2763 651 tibi
2790 603 2928 653 sunt
2957 599 3097 655 noti.
3131 600 3372 656 lllornm
3411 617 3549 675 ergo
3580 603 3663 657 vi-

2017 689 2139 740 tam
2173 685 2393 757 legens,
2416 686 2528 740 cito
2554 691 2722 757 potes
2745 703 3089 759 cognoscere
3111 696 3393 761 quantam
3417 697 3663 764 uterque

2017 775 2323 845 pertulerit
2351 776 2726 830 al‘ﬂictionem
2758 793 2861 847 pro
2878 776 2977 832 Dei
3000 794 3216 847 amore,
3237 797 3414 851 quam
3433 781 3661 848 devote,

2015 863 2289 934 inprimis
2320 880 2454 919 cum
2487 864 2679 920 adhuc
2701 865 2981 936 juvenilis
3012 874 3210 923 essent
3246 870 3455 938 atatis,
3487 887 3659 926 mun-

2017 952 2171 1006 dana
2196 952 2560 1023 reliquerunt
2607 953 2841 1021 omnia;
2894 960 3146 1026 quantas
3195 956 3404 1013 deinde
3442 958 3659 1016 diaboli

2017 1041 2407 1097 sustinuerint
2437 1042 2680 1097 insidias
2706 1048 2762 1097 et
2785 1046 3166 1101 tentamenta.
3212 1045 3375 1102 Unus
3405 1063 3660 1119 namque

2017 1145 2241 1203 eorum,
2268 1131 2323 1185 id
2348 1136 2437 1186 est
2454 1132 2661 1187 beatus
2706 1133 3012 1201 Antonius,
3045 1151 3079 1189 a
3106 1150 3221 1206 quo
3269 1138 3445 1192 etiam
3467 1136 3660 1194 omnis

2020 1220 2138 1276 t'ere
2164 1225 2364 1275 exorta
2383 1226 2472 1276 est
2492 1221 2867 1276 eremitarum
2890 1228 2947 1277 et
2968 1224 3389 1280 coenobitarum
3420 1225 3659 1282 institu-

2018 1308 2119 1376 tio,
2142 1314 2305 1365 tanta
2334 1311 2793 1367 conversationis
2823 1313 3130 1367 sanctitate
3150 1313 3366 1385 pollere
3383 1315 3580 1387 coepit,
3597 1318 3663 1371 ut

2018 1413 2087 1453 ex
2116 1398 2224 1454 hoc
2257 1400 2539 1471 antiquus
2571 1400 2757 1456 hostis
2784 1402 3011 1456 invidia
3050 1404 3276 1459 facibus
3306 1405 3663 1461 omnimodis

2020 1503 2302 1544 accensus
2334 1506 2449 1544 non
2482 1490 2672 1545 solum
2718 1490 3125 1563 spiritualibus
3171 1497 3228 1548 et
3268 1490 3664 1550 invisibilibus

2020 1594 2154 1632 eum
2178 1578 2552 1649 impugnaret
2584 1580 2834 1646 insidiis,
2875 1597 3075 1636 verum
3123 1583 3298 1638 etiam
3348 1584 3663 1657 corporali-

2019 1668 2132 1722 bus
2162 1672 2337 1739 atque
2366 1669 2583 1740 apertis
2615 1671 2870 1724 alliceret
2900 1670 3108 1743 plagis.
3142 1672 3254 1728 Sed
3303 1677 3361 1728 et
3401 1672 3548 1729 alter
3575 1674 3665 1729 ni-

2020 1755 2343 1811 hilominus
2374 1758 2474 1812 Dei
2507 1759 2697 1829 gratia
2727 1759 3004 1831 repletus,
3040 1760 3296 1817 maxima
3332 1762 3663 1819 sanctitatis

2022 1861 2143 1900 sua
2173 1850 2538 1902 monimenta
2569 1853 2686 1902 tam
2745 1849 2979 1918 scriptis
2990 1866 3210 1935 xquam
3269 1851 3533 1907 moribus
3582 1868 3666 1908 re-

2022 1932 2216 2006 liquit.
2279 1934 2427 2001 Quid
2485 1936 2718 1990 multa?
2777 1932 3030 2008 Quiquid
3082 1938 3439 2011 afﬂictionis,
3494 1940 3665 2013 quid-

2024 2022 2163 2095 quid
2192 2029 2421 2079 constat
2452 2025 2667 2080 lahoris
2695 2024 2754 2079 in
2784 2025 2999 2097 vigiliis
3046 2033 3104 2082 et
3148 2028 3207 2081 in
3248 2027 3515 2099 jejuniis,
3566 2034 3669 2086 aut

2023 2112 2083 2167 in
2113 2113 2451 2185 solitudinis
2472 2114 2728 2180 horrore,
2750 2118 2806 2169 et
2838 2116 2896 2169 in
2931 2116 3169 2192 pretiosi
3201 2118 3532 2174 vestimenti
3550 2121 3668 2174 ab-

2016 2202 2292 2273 jectione,
2313 2219 2413 2258 seu
2440 2204 2496 2257 in
2519 2204 2943 2259 desideriorum
2965 2206 3289 2263 carnalium
3310 2208 3670 2265 devincenda

2022 2292 2316 2362 passione,
2347 2298 2448 2348 aut
2477 2293 2536 2346 in
2564 2293 2892 2365 omnigenis
2924 2294 3150 2350 invidia
3190 2296 3485 2353 diabolica
3515 2296 3668 2355 dolis

2022 2381 2395 2453 superandis,
2427 2383 2662 2437 eosdem
2693 2382 2954 2439 invenies
3005 2384 3106 2439 diu
3156 2384 3456 2454 tolerasse,
3500 2392 3663 2444 ante-

2022 2487 2202 2542 quam
2251 2472 2322 2526 ad
2356 2488 2549 2527 arcem
2580 2471 2949 2543 perfectionis
3002 2490 3117 2545 qua
3165 2474 3437 2545 plurimis
3468 2476 3671 2549 prafe-

2022 2561 2187 2615 rendi
2218 2567 2407 2629 erant,
2438 2562 2826 2633 pervenirent.

2096 2650 2222 2704 Hac
2250 2649 2453 2721 igitur,
2486 2668 2704 2722 quaso,
2736 2651 3048 2725 diligenter
3094 2654 3346 2723 adverte,
3388 2640 3447 2712 et
3473 2660 3672 2713 tantas

2022 2738 2259 2795 Patrum
2280 2742 2837 2811 pranominatorum
2867 2742 3214 2801 afﬂictiones
3242 2746 3313 2801 ad
3336 2750 3491 2812 tuas,
3519 2762 3666 2818 quas

2021 2829 2403 2893 tuinterdum
2434 2830 2703 2886 insolitas
2732 2832 3057 2903 arbitraris,
3090 2836 3287 2891 confer
3338 2835 3666 2892 tribulatio-
3770 2866 3773 2867 ν

2021 2935 2161 2975 nes:
2195 2924 2254 2973 et
2282 2922 2422 2973 tunc
2474 2920 2674 2991 procul
2725 2921 2902 2976 dubio
2952 2938 3267 2995 cognosces
3324 2924 3464 2995 quia
3502 2926 3667 2996 parvi

2022 3014 2163 3064 sunt
2194 3024 2341 3080 quos
2393 3010 2565 3064 modo
2613 3014 2715 3065 aut
2768 3027 3028 3083 unquam
3086 3013 3380 3085 pertulisti
3411 3014 3664 3085 dolores,

2022 3097 2400 3170 quantumvis
2424 3099 2596 3153 iidem
2622 3099 2819 3155 Patres
2846 3101 3203 3172 nullatenus,
3239 3104 3392 3159 sicut
3440 3110 3528 3176 tu,
3560 3122 3663 3178 pro

2022 3188 2337 3243 eriminum
2360 3188 2696 3259 capitalium
2720 3190 3060 3260 pauitantia
3080 3198 3443 3248 mererentur
3458 3195 3661 3267 afﬂigi.

294 3290 467 3352 quanta
487 3289 742 3354 oporteat
771 3296 897 3335 eum
921 3281 1044 3351 pati
1067 3294 1167 3351 pro
1194 3280 1417 3334 nomine
1443 3293 1580 3333 meo.
1629 3279 1691 3333 In
1731 3279 1910 3349 hujus
1942 3268 1985 3337 C
2026 3279 2304 3333 Praterea
2332 3278 2437 3331 tibi
2465 3277 2522 3331 in
2546 3282 2712 3333 atate
2733 3280 3009 3349 primava
3034 3281 3219 3336 multo
3239 3283 3465 3352 majora
3485 3300 3666 3353 quam

294 3387 518 3444 namque
547 3371 1022 3444 persecutionem
1053 3368 1362 3424 universus
1394 3367 1721 3439 conjuravit
1751 3369 1909 3424 orbis

291 3464 340 3515 et
364 3461 626 3516 commoti
658 3466 799 3515 sunt
828 3458 1123 3530 principes
1180 3462 1369 3525 terra,
1424 3462 1648 3530 gentes,
1710 3472 1911 3527 regna,

291 3550 561 3603 exercitus
587 3554 982 3605 convenerunt
1029 3548 1309 3603 adversus
1358 3564 1515 3603 eum.
1578 3546 1680 3601 Ille
1718 3552 1912 3601 autem

294 3636 543 3694 divinum
569 3638 708 3693 illud
740 3636 1078 3694 conferebat
1105 3636 1407 3707 eloquium
1438 3636 1640 3691 dicens
1666 3651 1679 3689 :
1702 3636 1764 3689 Si
1792 3651 1916 3690 con-

290 3729 474 3783 sistant
497 3728 784 3784 adversum
813 3742 899 3782 me
925 3730 1128 3794 castra,
1172 3742 1284 3781 non
1329 3725 1541 3781 timebit
1590 3740 1682 3780 cor
1709 3741 1912 3792 meum,

288 3817 333 3871 εἰ
354 3822 603 3889 exsurgat
628 3818 918 3890 praetium,
950 3817 1009 3870 in
1035 3816 1133 3880 hoc
1159 3831 1256 3886 ego
1284 3816 1534 3887 sperabo.

352 3907 441 3963 Isti
470 3909 642 3980 igitur
673 3908 795 3962 duo
819 3905 925 3961 viri
947 3905 1007 3960 in
1031 3903 1365 3976 exemplum
1415 3904 1686 3959 humana
1718 3920 1914 3976 perse-

293 3994 442 4053 tionis
471 3997 774 4054 sufficiant
799 3995 925 4055 tibi.
960 3999 1024 4050 ut
1055 4011 1171 4050 non
1204 3993 1394 4049 solum
1418 3993 1564 4047 nihil
1586 3993 1912 4061 insolitum,

294 4085 414 4141 nihil
442 4087 775 4143 inauditum
810 4092 864 4140 te
895 4083 1210 4155 aliquando
1245 4084 1317 4138 ab
1349 4082 1585 4138 homine
1616 4099 1914 4155 quoquam

296 4177 570 4245 pertulisse
600 4175 934 4244 arbitreris,
965 4175 1066 4230 scd
1100 4189 1208 4229 nec
1239 4172 1585 4245 particulam
1607 4172 1914 4228 minimam

297 4280 464 4322 earum
495 4267 981 4341 persecutionum
1014 4280 1162 4335 quas
1194 4262 1291 4318 alii
1324 4262 1689 4335 pertulerunt
1710 4267 1764 4318 te
1785 4279 1917 4334 pas-

300 4369 413 4408 sum
437 4372 552 4413 esse
583 4356 847 4413 noveris.
881 4356 968 4411 Tu
999 4353 1291 4425 enim'pro
1322 4368 1388 4407 eo
1444 4352 1601 4424 quod
1649 4351 1915 4423 aliquan-

297 4443 458 4501 tulum
485 4445 863 4503 adversitatis
888 4450 944 4499 et
973 4442 1399 4516 persecutionis
1433 4441 1593 4513 prius
1624 4440 1683 4496 in
1707 4440 1917 4497 saculo

300 4537 619 4592 constitutus
654 4534 978 4609 pertulisti,
1011 4539 1068 4589 et
1099 4547 1254 4588 nunc
1282 4531 1343 4586 in
1377 4530 1728 4587 monasterio
1760 4530 1916 4603 posi-

2020 3366 2138 3421 illis
2187 3366 2434 3421 humani
2483 3366 2675 3421 solatii
2720 3368 3096 3437 adjumenta;
3149 3369 3448 3440 multoque
3494 3371 3667 3441 plura

2022 3472 2199 3528 quam
2222 3454 2340 3509 illis
2365 3456 2632 3526 impensa
2654 3461 2792 3510 sunt
2813 3474 2846 3510 a
2870 3473 2961 3510 me
2984 3457 3283 3512 exterioris
3300 3458 3557 3514 hominis
3578 3476 3667 3515 so-

2021 3545 2199 3600 latia:
2235 3544 2450 3615 quibus
2473 3545 2608 3615 jure
2638 3544 2939 3610 incitatus,
2994 3545 3109 3601 ﬁde
3155 3552 3331 3619 atque
3361 3548 3669 3606 devotione

2024 3650 2238 3706 magna
2252 3649 2563 3705 properare
2577 3634 2879 3691 debuisses
2894 3635 2965 3690 ad
2980 3635 3358 3692 obtinendam
3374 3636 3669 3696 interioris

2024 3723 2281 3779 hominis
2301 3724 2635 3795 puritatem,
2659 3741 2785 3795 qua
2810 3726 3053 3780 nonnisi
3066 3742 3168 3797 per
3183 3742 3458 3798 magnam
3473 3729 3670 3786 carnis

2023 3813 2349 3885 acquiritur
2370 3813 2767 3868 alﬂictionem.
2792 3814 2852 3868 Si
2873 3814 3029 3869 enim
3053 3814 3137 3869 illi
3160 3816 3460 3873 beneﬁciis
3480 3820 3671 3889 parvis

2023 3903 2091 3958 ad
2092 3904 2207 3973 juti
2232 3902 2314 3956 ita
2344 3907 2484 3956 sunt
2504 3902 2875 3973 inﬂammati,
2901 3910 2965 3959 ut
2984 3904 3214 3960 labores
3253 3905 3539 3962 maximos
3561 3924 3668 3980 pro

2024 3991 2434 4062 consequenda
2455 3992 2584 4046 vita
2608 3992 2890 4063 spiritalis
2904 3996 3158 4065 puritate
3172 3996 3551 4063 sustinerent,
3565 4013 3673 4052 cur

2024 4082 2153 4149 tibi,
2187 4081 2287 4153 qui
2318 4098 2533 4153 parvus
2586 4083 2777 4137 adhuc
2825 4083 2979 4139 dona
3001 4084 3248 4155 adeptus
3297 4101 3359 4141 es
3385 4086 3670 4158 ingentia,

2023 4171 2253 4226 videtur
2267 4186 2441 4242 grave
2462 4169 2900 4227 tribulationem
2928 4172 3136 4228 saltem
3151 4173 3409 4245 aliquam
3427 4192 3531 4246 pro
3558 4193 3670 4248 pu-

2026 4259 2194 4315 ritate
2224 4262 2428 4315 eadem
2448 4260 2693 4315 tolerare
2715 4264 2740 4313 .9
2762 4261 2882 4327 Dic,
2933 4279 3095 4334 rogo,
3129 4263 3262 4334 quis
3293 4264 3397 4319 tibi
3430 4265 3670 4337 videris,

2028 4354 2207 4403 utnec
2236 4364 2341 4420 pro
2374 4349 2653 4404 Subsidiis
2678 4353 3082 4421 prasentibus,
3118 4369 3223 4408 nec
3252 4370 3357 4425 pro
3389 4354 3588 4409 futura
3614 4359 3674 4410 et

2027 4438 2267 4510 perenni
2298 4440 2562 4494 mercede
2593 4441 2922 4495 molestiam
2985 4441 3165 4496 ullam
3198 4446 3452 4514 perferre
3480 4444 3624 4499 velis
3644 4445 3673 4498 Ἰ

2028 4528 2177 4592 Quid
2207 4543 2342 4598 ergo
2374 4526 2536 4596 olim,
2570 4545 2703 4583 cum
2735 4529 2792 4583 in
2843 4530 3045 4585 schola
3101 4533 3325 4602 positus
3353 4549 3536 4599 esses,
3566 4548 3671 4604 pro

297 4628 374 4680 tas
400 4626 769 4697 parvissimis
789 4623 1179 4680 tentationum
1203 4621 1482 4687 stimulis,
1507 4621 1720 4693 quibus
1741 4621 1919 4676 etiam
1952 4652 1997 4718 Β
2029 4616 2595 4716 capacitatemagna
2621 4619 2883 4673 discendi
2917 4616 3193 4674 laborasti
3213 4624 3239 4673 γ
3267 4622 3429 4685 Quod
3462 4623 3676 4678 deinde

301 4712 633 4773 Christianus
665 4716 869 4772 omnis
899 4713 1239 4786 probandus
1264 4713 1392 4781 erit,
1417 4710 1678 4783 fatigaris
1703 4728 1716 4779 ;
1744 4712 1925 4782 majo-

305 4801 434 4861 ribus
462 4824 639 4879 quam
677 4804 782 4861 alii
807 4803 1281 4876 persecutionum
1306 4801 1810 4872 tentationumque
1832 4817 1925 4871 pe-

308 4891 470 4950 riculis
498 4895 793 4951 afﬂictum
826 4899 881 4948 te
912 4895 1247 4964 frequenter
1298 4891 1639 4959 arbitraris;
1672 4891 1772 4945 sed
1802 4889 1925 4945 hac

309 4977 445 5056 longe
472 4983 641 5041 aliter
672 4999 859 5055 quam
888 4981 996 5038 tibi
1026 4983 1335 5038 videantur
1366 4980 1643 5048 invenies,
1700 4980 1750 5035 si
1780 4979 1925 5035 veri-

311 5074 457 5128 tatem
506 5073 874 5130 consideres.
935 5072 1079 5127 Nam
1113 5070 1267 5143 quod
1301 5069 1359 5125 in
1419 5069 1928 5142 persecutionibus

309 5158 552 5219 violentia
580 5163 858 5219 humana
884 5160 1066 5217 illatis
1113 5159 1195 5215 nil
1253 5158 1447 5216 simile
1504 5158 1637 5215 aliis
1662 5158 1932 5231 pluribus

310 5252 608 5320 pertuleris,
633 5255 767 5324 jam
800 5251 947 5306 satis
976 5250 1442 5305 demonstratum
1493 5254 1584 5303 est
1626 5247 1929 5319 exemplis.

309 5335 491 5399 Deinde
522 5358 662 5400 vero
698 5344 927 5414 oportet
955 5340 1327 5395 considerare
1375 5342 1664 5410 quantum
1713 5337 1843 5393 aliis
1872 5338 1934 5392 in

310 5428 591 5488 afflictione
624 5431 831 5487 carnis
861 5435 919 5484 et
946 5429 1005 5484 in
1037 5428 1195 5484 omni
1228 5433 1566 5500 contemptu
1596 5428 1727 5483 vita
1754 5428 1936 5499 hujus

309 5525 485 5590 sponte
512 5520 934 5577 laborantibus
964 5518 1341 5575 succumbas.
1374 5518 1622 5573 Attende
1653 5518 1847 5589 itaque
1876 5517 1937 5573 in

311 5608 434 5664 duos
462 5610 836 5667 venerandos
854 5608 1051 5664 Patres
1076 5612 1134 5663 et
1155 5606 1479 5680 spiritualis
1499 5605 1628 5662 vita
1650 5606 1939 5675 doctores,

316 5704 558 5757 unctum
581 5696 854 5761 videlicet
873 5696 1188 5767 Antonium
1211 5713 1276 5755 ac
1289 5696 1525 5756 beatum
1540 5695 1940 5777 Benedictum,

2034 4706 2092 4761 in
2110 4705 2374 4761 saeculari
2388 4706 2743 4777 vitapositus
2758 4708 3019 4762 habuisti
3033 4710 3320 4778 studium,
3341 4711 3543 4780 utejus
3558 4711 3680 4766 ina-

2034 4812 2168 4852 nem
2201 4796 2556 4866 noxiumque
2580 4795 2852 4851 evaderes
2874 4797 3077 4851 luxum
3094 4798 3120 4851 ‘I
3141 4798 3288 4860 Quid
3310 4799 3489 4855 etiam
3523 4815 3681 4856 nunc

2034 4902 2169 4941 cum
2197 4886 2268 4941 ad
2293 4885 2716 4941 monasterium
2739 4887 3679 4962 venires,jejunando,vigilando,

2038 4976 2278 5044 orando,
2310 4992 2414 5031 seu
2447 4976 2505 5030 in
2537 4974 2934 5047 qualicunque
2961 4977 3274 5049 disciplina
3305 4978 3558 5051 regulari
3588 4980 3684 5036 in-

2039 5066 2299 5122 sistendo
2331 5065 2463 5138 plus
2486 5064 2893 5136 aliislaboras,
2917 5072 2981 5121 ut
3010 5072 3066 5122 et
3094 5084 3199 5139 pro
3224 5070 3537 5139 praeteritis
3567 5070 3685 5125 cri-

2040 5154 2301 5210 minibus
2324 5154 2700 5226 consequaris
2727 5158 2953 5211 veniam
2982 5162 3039 5213 et
3095 5159 3164 5213 de
3208 5158 3422 5214 tuturis
3467 5158 3686 5214 habeas

2042 5242 2334 5300 cautelam
2356 5245 2382 5298 ‘2
2412 5244 2670 5315 Denique
2692 5246 2792 5316 qui
2822 5247 3114 5317 praterita
3143 5248 3249 5302 rite
3272 5249 3606 5315 emendare,
3630 5252 3688 5304 et.

2044 5334 2242 5389 futura
2264 5334 2419 5388 mala
2440 5334 2599 5405 cupit
2619 5336 3140 5403 devitare,necesse
3170 5343 3259 5393 est
3278 5344 3343 5393 ut
3362 5337 3423 5393 in
3445 5338 3684 5412 vigiliis,

2037 5423 2280 5495 jejuniis
2303 5428 2358 5478 et
2374 5423 2737 5479 orationibus
2756 5441 2860 5479 nec
2884 5441 2997 5479 non
3023 5426 3079 5479 in
3107 5425 3238 5482 aliis
3283 5427 3453 5483 bonis
3503 5429 3692 5500 operi-

2048 5513 2159 5567 bus
2189 5528 2421 5567 carnem
2444 5513 2678 5568 studeat
2698 5514 2989 5571 edomare.
3024 5514 3135 5570 Sed
3166 5521 3363 5572 tamen
3401 5524 3694 5591 quantum

2050 5601 2442 5658 conversionis
2466 5603 2690 5659 novitas
2707 5609 2764 5659 et
2783 5602 3000 5661 laboris
3032 5605 3119 5660 tui
3161 5607 3450 5678 permittit
3473 5609 3698 5681 exigui-

2052 5698 2165 5767 tas,
2196 5709 2398 5751 curam
2429 5692 2731 5761 assiduam
2764 5694 2868 5751 tibi
2898 5694 3092 5755 inesse
3140 5713 3243 5776 pro
3283 5697 3378 5756 his
3416 5698 3697 5777 omnibus
