4118 6188
378 360 463 422 47
1280 434 1285 435 ν
1402 353 1745 416 0THLONI
1788 350 2142 416 MONACHI
2188 353 2251 415 S.
2297 350 2793 415 EMMERAMMI
3715 353 3788 414 48

392 491 780 565 assequendis
809 506 924 545 non
955 488 1195 560 denego.
1234 486 1393 544 Unde
1423 491 1479 544 et
1508 504 1612 561 ego
1660 489 1862 543 eadem
1915 486 2028 559 pie-
2054 490 2107 555 Α
2140 485 2330 541 ritatis
2349 488 2677 543 constantia
2706 487 2859 543 sicut
2889 485 3090 559 procul
3115 502 3175 542 es
3208 484 3466 550 effectus,
3498 486 3582 540 ita
3611 484 3781 541 etiam

389 582 533 638 tatis
565 596 707 636 meae
738 577 1039 644 beneficia,
1090 595 1216 650 quae
1270 578 1554 633 hactenus
1601 578 1831 632 tibimet
1873 576 2033 631 exhi-

390 670 512 741 bui,
548 668 756 725 amodo
798 683 913 722 non
955 666 1213 723 auferam
1246 683 1279 721 a
1304 671 1359 721 te
1387 684 1399 734 ;
1424 670 1485 721 tu
1520 670 1749 722 tantum
1795 667 2038 721 viriliter

392 776 518 833 age,
550 757 965 827 etconfortetur
990 772 1081 812 cor
1137 764 1315 824 tuum,
1373 760 1423 810 et
1478 758 1687 811 sustine
1744 756 2037 812 Dominum

395 848 569 921 (Psal.
600 862 753 913 xxvn,
788 847 895 915 14).

461 935 666 992 Adhuc
698 940 875 991 restat
900 934 1135 990 afﬂictio
1153 939 1211 989 et
1227 934 1467 989 tentatio
1493 951 1632 999 una,
1657 934 1709 990 id
1734 940 1822 991 est
1842 934 2035 1007 passio

388 1024 877 1097 concupiscentia
906 1022 1158 1078 carnalis
1191 1023 1490 1093 diuturna,
1541 1023 1599 1077 in
1650 1040 1766 1094 qua
1814 1025 1951 1095 quia
1979 1029 2035 1079 te

383 1113 719 1187 specialitor
743 1118 1017 1169 vexatum
1040 1129 1167 1167 esse
1190 1114 1403 1181 credis,
1427 1113 1676 1185 ideoque
1708 1114 1766 1167 in
1801 1114 1907 1168 hac
1938 1130 2035 1167 as-

386 1204 674 1261 sumenda
692 1207 831 1259 sunt
852 1202 1184 1275 aliquorum
1208 1202 1446 1257 Patrum
1470 1201 1735 1273 exempla
1765 1207 1829 1257 ut
1859 1201 1917 1255 in
1937 1219 2037 1256 cas-

383 1292 546 1350 teris.
581 1293 691 1348 Sed
717 1290 830 1347 hoc
851 1291 1133 1363 inprimis
1161 1291 1526 1362 pensandum
1562 1296 1651 1346 est
1682 1290 1821 1361 quia
1850 1292 1900 1346 is
1932 1290 2033 1361 qui

386 1398 712 1455 nunquam,
738 1386 797 1436 et
815 1380 914 1452 qui
939 1381 1153 1452 saepius
1174 1381 1365 1435 carnis
1384 1380 1817 1451 corruptionem
1841 1397 2035 1451 exper-

382 1476 481 1527 tus
501 1476 612 1540 est,
629 1470 787 1527 nulla
802 1476 1049 1541 possunt
1068 1469 1477 1525 colluctatione
1492 1470 1799 1541 coaequari.
1824 1473 2035 1533 Quam-

382 1561 470 1617 vis
490 1560 645 1616 enim
663 1560 1361 1631 uterqueimpugnatione
1377 1560 1534 1630 gravi
1552 1559 1866 1631 affligatur,
1882 1559 1932 1613 is
1949 1564 2032 1613 ta-

384 1666 516 1707 men
542 1649 639 1722 qui
664 1649 1005 1719 hujusmodi
1027 1648 1148 1702 viro
1165 1648 1478 1719 fragilitate
1492 1648 1751 1702 humana
1771 1647 2029 1703 devictus

382 1755 536 1812 saepe
566 1737 897 1805 succubuit,
932 1742 1093 1791 tanto
1126 1736 1391 1808 longiora
1420 1741 1476 1790 et
1508 1737 1772 1808 graviora
1804 1737 2028 1808 passio-

381 1844 527 1886 num
558 1826 945 1882 cardinalium
978 1825 1299 1880 certamina
1321 1825 1656 1891 sustinebit,
1685 1832 1903 1897 quanto
1926 1826 2033 1881 fre-

384 1917 656 1988 quentius
679 1916 899 1972 eisdem
917 1899 1292 1987 pas's'ionibus
1307 1916 1677 1971 consentiens
1696 1916 2031 1971 semetsub-

374 2007 538 2080 jecit.
562 2005 679 2060 Hac
709 2004 889 2077 igitur
918 2022 978 2059 re
1001 2005 1387 2072 considerata,
1414 2004 1782 2076 aliquosjam
1813 2004 2030 2059 utrius-

385 2111 498 2167 que
520 2093 819 2167 qualitatis
850 2094 1118 2149 homines
1140 2110 1208 2148 ex
1230 2094 1532 2164 Scriptura
1571 2111 1737 2149 sacra
1759 2095 2033 2165 probatos

386 2183 457 2237 ad
488 2182 819 2254 exemplum
853 2199 1107 2249 assume,
1144 2188 1208 2237 ut
1236 2188 1542 2253 perspecta
1573 2182 1820 2238 aliorum
1854 2187 2034 2237 tenta-

385 2273 542 2329 tione
561 2278 737 2344 atque
757 2271 957 2327 labore
992 2272 1221 2327 facilius
1250 2272 1711 2345 impugnationis
1740 2277 1795 2326 et
1815 2271 2032 2327 laboris

386 2360 473 2415 tui
505 2361 893 2433 quantitatem
925 2378 1229 2433 agnoscas.
1264 2362 1333 2415 Et
1364 2362 1619 2432 primum
1672 2362 1909 2433 quidem
1950 2361 2033 2415 illi

387 2449 487 2521 qui
509 2466 612 2521 pro
635 2450 923 2506 castitatis
944 2449 1162 2504 intimas
1185 2452 1634 2522 perseverantia,
1660 2452 1869 2506 deinde
1903 2467 2033 2506 vero

386 2538 448 2593 hi
467 2538 565 2609 qui
582 2555 684 2610 pro
698 2538 1090 2610 corruptionis
1105 2538 1242 2593 luxu
1253 2539 1537 2610 riosaaque
1552 2541 1677 2593 vitae
1695 2540 2035 2611 poenitentia

388 2628 613 2700 agenda
642 2632 1032 2694 certaverunt,
1066 2633 1484 2700 proponantur.
1518 2628 1682 2683 Sicut
1725 2646 1859 2700 ergo
1900 2630 2032 2684 Dia-

386 2714 653 2789 logorum
684 2716 833 2772 liber
861 2722 1079 2788 narrat,
1113 2724 1351 2773 sanctus
1380 2718 1647 2789 Equitius
1677 2736 1810 2773 cum
1852 2721 1911 2773 in
1938 2720 2033 2788 ju-

384 2806 639 2861 ventutis
663 2822 780 2861 suas
794 2810 1054 2878 tempore
1068 2807 1250 2861 nimio
1268 2806 1593 2862 carnalium
1608 2808 2034 2863 desideriorum

388 2894 704 2950 certamine
738 2895 1546 2968 fuissetfatigatus,ipsissua:
1566 2897 1907 2953 temtationis
1938 2916 2036 2953 an-

387 2983 599 3056 gustiis
613 2985 681 3039 ad
700 2984 979 3040 orationis
995 2985 1255 3039 studium
1272 2985 1537 3041 solertior
1548 2991 1637 3041 est
1654 2986 2037 3044 factus.Cum-

391 3089 507 3144 que
540 3072 733 3127 hacin
761 3090 819 3128 re
844 3074 913 3129 ab
946 3074 1344 3145 omnipotente
1375 3074 1488 3129 Deo
1513 3076 1837 3130 remedium
1860 3078 2038 3132 conti-

393 3160 528 3217 nuis
552 3163 839 3234 praecibus
853 3168 1152 3234 quaereret,
1170 3168 1334 3218 nocte
1348 3164 1599 3233 quadam
1617 3164 2055 3225 assistenteans

2062 1868 2110 1934 B

2148 592 2347 632 eorum
2381 577 2637 633 laborem
2671 582 2725 632 et
2746 578 3248 649 impugnationem
3270 593 3568 647 nunquam
3595 576 3782 630 fueras

2146 671 2436 738 expertus.

2219 758 2402 821 Quam
2437 758 2507 813 ob
2542 774 2661 811 rem
2697 757 2832 827 quia
2882 757 3270 829 perfectorum
3319 761 3373 811 et
3423 755 3481 811 in
3528 757 3789 811 castitate

2149 847 2644 916 perseverantium
2676 846 3012 901 omnimodo
3038 847 3335 917 discrepas
3359 845 3581 900 meritis
3614 854 3785 917 atque

2146 934 2363 1001 labore,
2387 936 2689 990 videamus
2708 937 2759 1011 si
2786 940 2887 990 aut
2908 952 3131 1001 eorum,
3150 952 3399 1007 quorum
3418 924 3793 1006 impudicitia

2146 1030 2202 1079 et
2234 1024 2655 1097 irreligiositati
2693 1025 2889 1078 minus
2920 1025 3251 1095 discrepare
3279 1024 3516 1091 videris,
3550 1024 3786 1079 tribula-

2148 1113 2289 1168 tioni
2310 1118 2365 1168 et
2387 1113 2837 1184 impugnationi,
2864 1130 3037 1183 quam
3068 1130 3169 1184 pro
3194 1113 3538 1184 poenitentia
3570 1115 3791 1185 agenda

2148 1202 2511 1273 pertulerunt
2532 1202 2903 1272 aliquatenus
2925 1201 3291 1256 assimileris.
3318 1201 3553 1273 Legitur
3574 1202 3787 1273 quippe

2147 1292 2205 1344 in
2239 1292 2578 1362 supradicta
2608 1291 2738 1346 Vita
2768 1293 3005 1346 Patrum
3041 1291 3177 1361 quia
3209 1290 3382 1345 fuerit
3430 1291 3673 1361 quidam
3706 1291 3792 1346 vir

2144 1380 2323 1435 vitam
2341 1382 2742 1451 turpissimam
2759 1397 3145 1452 superomnes
3160 1379 3379 1434 vicinos
3396 1381 3793 1452 suosduccns,

2146 1471 2226 1524 ita
2259 1475 2323 1525 ut
2342 1470 2788 1541 opinatissimus
2824 1471 2878 1523 in
2913 1470 3148 1541 flagitiis
3181 1469 3515 1524 haberetur.
3550 1470 3653 1523 Hic
3683 1469 3787 1524 ali-

2146 1559 2379 1629 quando
2393 1559 2492 1613 Dei
2519 1559 3287 1629 miscrationecompunctus
3303 1559 3372 1612 ad
3391 1559 3786 1629 paenitentiam

2146 1648 2521 1713 convertitur,
2547 1652 2604 1702 et
2630 1648 2781 1701 intra
2804 1647 3137 1718 sepulcrum
3159 1648 3452 1717 quoddam
3478 1664 3540 1702 se
3563 1647 3791 1702 conclu-

2145 1736 2311 1805 dens,
2348 1736 2607 1806 priorum
2642 1736 2927 1791 scelerum
2988 1735 3341 1806 pollutiones
3395 1736 3781 1808 lacrymarum

2145 1824 2403 1879 fontibus
2427 1825 2706 1879 diluebat.
2732 1826 2993 1896 Cumque
3018 1826 3075 1879 in
3099 1826 3190 1879 his
3214 1825 3399 1896 posito
3424 1825 3790 1881 hebdomade

2144 1915 2472 1984 transisset,
2498 1920 2662 1969 nocte
2682 1915 2919 1969 veniunt
2945 1915 3015 1969 ad
3049 1931 3181 1969 eum
3205 1915 3495 1970 daemones
3520 1915 3578 1969 in
3597 1915 3791 1987 sepul-

2146 2020 2241 2059 cro
2274 2003 2594 2059 clamantes
2627 2010 2684 2058 et
2714 2005 2971 2059 dicentes
3000 2022 3011 2058 :
3051 2026 3075 2053 α
3109 2006 3253 2069 Quid
3284 2010 3373 2059 est
3403 2006 3559 2075 quod
3586 2007 3733 2077 agis,
3759 2023 3792 2062 o

2143 2092 2545 2163 impurissime
2559 2101 2615 2147 et
2628 2093 3085 2164 ﬂagitiosissime
3098 2093 3440 2164 ?Postquam
3456 2094 3614 2148 omni
3628 2112 3796 2166 spur-

2147 2182 2285 2236 citia
2308 2182 2552 2237 satiatus
2575 2200 2657 2249 es,
2690 2200 2845 2236 nunc
2878 2199 2911 2236 a
2941 2181 3108 2236 nobis
3142 2187 3338 2236 castus
3387 2186 3442 2237 et
3480 2182 3790 2255 religiosus

2146 2274 2397 2343 effugere
2421 2273 2587 2343 cupis
2610 2272 2636 2325 ‘2
2667 2271 2849 2337 Nolis,
2900 2270 3062 2338 velis,
3097 2272 3306 2325 amodo
3339 2288 3493 2326 unus
3524 2288 3590 2327 ex
3623 2273 3795 2329 nobis

2144 2361 2280 2416 eris.
2313 2384 2339 2409 ››
2371 2366 2501 2415 Haec
2532 2367 2588 2415 et
2614 2361 2955 2429 liujusmodi
2984 2360 3151 2432 plura
3180 2362 3667 2432 exprobrantibus
3699 2362 3785 2419 eis

2144 2447 2241 2502 ille
2265 2448 2492 2517 jacebat
2522 2448 2862 2517 immobilis,
2896 2464 2967 2501 ne
3012 2448 3279 2501 auditum
3325 2448 3563 2518 quidem
3614 2467 3791 2507 suum

2145 2542 2484 2592 convertens
2503 2538 2572 2591 ad
2601 2554 2718 2604 eos,
2746 2554 2849 2592 nco
2876 2536 2992 2591 ullo
3007 2538 3238 2608 penitus
3257 2554 3524 2593 sermone
3547 2556 3792 2611 respon-

2146 2627 2310 2681 dens.
2336 2631 2595 2697 Cumque
2617 2626 2699 2680 illi
2722 2626 2935 2697 saepius
2958 2627 3159 2681 eadem
3180 2631 3524 2697 repeterent,
3566 2646 3669 2684 nec
3692 2628 3791 2685 ille

2146 2716 2384 2795 omnino
2409 2720 2897 2783 inoveretur,tunc
2918 2715 2977 2769 in
3004 2716 3255 2770 furorem
3280 2718 3553 2771 commoti
3579 2719 3797 2774 daemo-

2147 2823 2271 2872 nes,
2289 2805 2621 2861 verberibus
2636 2822 2768 2859 eum
2785 2804 3119 2860 afflixerunt
3133 2805 3450 2876 multisque
3463 2809 3790 2866 cruciatum

2147 2894 2453 2967 suppliciis
2486 2894 2833 2950 semivivum
2886 2894 3268 2966 reliquerunt.
3318 2895 3421 2950 llle
3480 2902 3674 2953 tamen
3706 2902 3797 2955 tot

2147 2985 2500 3040 cruciatibus
2526 3001 2631 3038 nec
2656 2984 2872 3039 moveri
2913 2986 3101 3055 potuit
3126 3002 3157 3039 a
3186 2984 3309 3040 loco
3341 2985 3400 3040 in
3433 3003 3546 3057 quo
3579 2989 3797 3044 oratio-

2147 3075 2239 3129 nis
2272 3091 2448 3128 causa
2470 3075 2754 3143 jacuerat.
2786 3074 3062 3144 Sequenti
3108 3091 3239 3129 vero
3286 3080 3452 3130 nocte
3492 3076 3791 3134 damones

2146 3164 2357 3218 iterum
2394 3164 2687 3218 venientes
2717 3163 3081 3234 gravioribus
3113 3180 3246 3218 eum
3269 3165 3605 3221 verberibus
3653 3184 3789 3221 cru-

393 3250 542 3323 gelo,
565 3252 943 3307 eunuchizari
956 3269 1018 3308 se
1032 3253 1192 3306 vidit.
1218 3254 1360 3308 Ecce
1374 3260 1657 3323 quantum
1673 3258 2036 3316 sanctusiste
2067 3244 2108 3311 C
2148 3255 2379 3310 ciabant
2402 3270 2414 3319 ;
2441 3254 2542 3308 sed
2566 3270 2669 3308 nec
2692 3258 2830 3307 tunc
2854 3253 3090 3322 quidem
3111 3254 3326 3307 moveri
3370 3253 3555 3309 valuit
3581 3272 3615 3311 a
3644 3255 3793 3323 loco,

392 3339 697 3411 laboravit,
731 3342 831 3413 qui
864 3347 1082 3414 quanto
1116 3343 1303 3414 magis
1343 3343 1821 3415 impugnabatur,
1874 3352 2033 3405 tanto

393 3430 721 3486 studiosius
743 3432 929 3486 oravit
950 3448 1021 3487 ne
1036 3432 1380 3486 vinceretur.
1401 3434 1461 3487 In
1475 3432 1883 3492 collationibus
1896 3456 2036 3509 quo-

391 3536 504 3591 que
527 3521 762 3575 Patrum
794 3521 865 3575 de
895 3522 1151 3591 quodam
1185 3522 1392 3575 abbate
1421 3523 1655 3590 eximio,
1708 3526 1807 3595 qui
1841 3528 2031 3584 dictus

390 3612 480 3662 est
510 3608 781 3676 Serenus,
809 3608 1023 3680 legitur
1053 3611 1208 3679 quia,
1244 3626 1376 3663 cum
1396 3627 1498 3679 pro
1525 3611 1753 3667 interna
1774 3618 2031 3686 corporis

389 3700 445 3750 et
461 3697 669 3751 animas
684 3698 950 3752 castitate
968 3699 1269 3753 nocturnis
1284 3698 1631 3770 diurnisque
1645 3702 2031 3776 precibus,je-

376 3784 587 3857 juniis,
612 3785 784 3842 etiam
811 3803 877 3841 ac
906 3786 1119 3859 vigiliis
1142 3786 1905 3862 infatigabiliterinsisteret,
1926 3797 2027 3850 ad-

381 3876 621 3939 veniens
644 3877 714 3931 ad
737 3893 870 3932 eum
898 3876 956 3930 in
979 3877 1203 3931 visione
1222 3884 1507 3933 nocturna
1529 3880 1773 3952 angelus
1794 3882 2025 3941 Domini

382 3964 631 4038 ejusque
661 3966 811 4022 velut
846 3966 1110 4038 aperiens
1142 3972 1393 4036 uterum,
1430 3970 1746 4039 quamdam
1777 3971 2023 4044 ignitam

381 4055 575 4109 carnis
605 4058 895 4111 strumam
927 4058 997 4111 de
1028 4058 1155 4128 ejus
1202 4057 1522 4113 visceribus
1565 4059 1819 4116 avellens
1850 4068 2024 4136 atque

380 4144 721 4215 projiciens,
752 4146 995 4218 suisque
1026 4146 1245 4214 omnia,
1276 4151 1337 4201 ut
1386 4148 1637 4216 fuerant,
1693 4148 1838 4207 locis
1874 4152 2021 4210 inte-

380 4232 534 4288 stina
569 4235 923 4291 restituens:
960 4260 987 4286 ‹‹
1020 4238 1184 4307 Ecce,
1218 4238 1429 4309 inquit,
1492 4238 1782 4295 incentiva
1828 4244 2022 4299 carnis

379 4325 497 4377 tuae
519 4324 807 4393 abscissa,
830 4332 886 4381 et
906 4326 1232 4383 obtinuisse
1264 4332 1318 4382 te
1348 4328 1578 4384 noveris
1618 4329 1901 4387 hodierna
1930 4333 2021 4389 die

375 4418 720 4486 perpetuam
754 4416 1011 4487 corporis
1043 4417 1355 4489 puritatem
1377 4434 1554 4488 quam
1579 4418 1829 4475 fideliter
1849 4438 2021 4495 pepo-

372 4502 577 4558 sciti.«
608 4504 751 4560 Ecce
780 4505 941 4561 vides
968 4513 1219 4579 quantos
1278 4507 1354 4561 sit
1408 4524 1620 4578 passus
1677 4514 1733 4563 et
1788 4511 1895 4566 iste
1934 4512 2015 4568 la-

2147 3344 2357 3399 melius
2380 3360 2506 3398 esse
2519 3342 2716 3397 dicens
2732 3348 2974 3396 mortem
2998 3343 3196 3397 subire
3218 3359 3393 3414 quam
3409 3342 3559 3399 ultro
3574 3345 3791 3400 damo-

2144 3435 2317 3489 nibus
2341 3433 2594 3488 obedire.
2630 3431 3024 3487 Nihilominus
3054 3432 3223 3486 tertia
3270 3437 3439 3488 nocte
3470 3433 3791 3491 multitudo

2142 3524 2475 3577 daemonum
2506 3522 2793 3587 convenit,
2827 3526 2884 3576 et
2922 3522 3144 3592 absque
3176 3520 3295 3577 ulla
3320 3522 3690 3579 miseratione
3723 3524 3791 3580 in

2140 3630 2273 3668 eum
2302 3612 2611 3679 irruentes,
2633 3610 2906 3664 omnibus
2937 3609 3124 3680 poenis
3151 3610 3624 3682 cruciatibusque
3656 3613 3790 3667 alti-

2140 3703 2320 3757 ciunt.
2356 3703 2618 3770 Cumque
2639 3701 2767 3769 jam
2800 3716 3013 3771 corpus
3044 3700 3425 3755 defecissetin
3446 3700 3785 3772 suppliciis,

2137 3796 2431 3846 extremus
2464 3794 2654 3843 tamen
2689 3788 2930 3860 spiritus
2962 3788 3534 3860 obsistebatimpcrio
3562 3790 3788 3846 daemo-

2138 3897 2299 3935 num.
2321 3880 2481 3944 Quod
2512 3878 2611 3931 ubi
2633 3878 2925 3945 viderunt,
2950 3877 3339 3932 exclamantes
3362 3894 3497 3933 voce
3522 3894 3735 3950 magna
3764 3896 3780 3935 :

2137 3970 2359 4038 Vicisti,
2376 3968 2671 4039 inquiunt,
2692 3966 2879 4022 vicisti
2899 3967 2909 4020 l
2928 3968 3071 4031 Quid
3094 3984 3228 4039 ergo
3245 3967 3342 4021 tibi
3358 3967 3415 4021 in
3430 3967 3781 4038 hujusmodi

2134 4058 2576 4131 impugnatione
2598 4057 2827 4111 videtur
2848 4057 2873 4110 ?
2896 4055 3169 4127 Nunquid
3195 4055 3330 4127 quia
3346 4062 3593 4128 tesupra
3625 4058 3781 4113 mul-

2132 4154 2221 4205 tos
2245 4148 2490 4204 occultis
2513 4146 2907 4202 etmanifcstis
2924 4145 3403 4201 tribulationibus
3426 4163 3779 4218 oppressum

2132 4256 2259 4295 esse
2285 4238 2498 4308 saepius
2516 4236 2869 4306 zestimabas,
2895 4235 3006 4290 tale
3032 4234 3253 4306 aliquid
3278 4253 3538 4306 unquam
3563 4253 3778 4308 passus

2131 4346 2259 4384 eras
2284 4328 2310 4382 ‘?
2328 4327 2597 4391 Quinimo
2615 4326 2783 4398 longe
2798 4325 3124 4380 minoribus
3138 4326 3268 4396 subj
3278 4326 3485 4381 acebas
3498 4327 3777 4381 tentatio-

2130 4418 2325 4473 nibus.

2199 4508 2307 4562 Sed
2332 4507 2463 4561 licet
2486 4506 2743 4561 exemolo
2768 4507 2913 4561 satis
2942 4505 3047 4559 hoc
3071 4504 3151 4561 sis
3174 4504 3361 4560 victus
3395 4504 3467 4559 ab
3508 4521 3643 4573 uno,
3668 4522 3775 4576 pro

370 4590 560 4681 bores.
592 4594 964 4667 Quapropter
990 4600 1053 4649 ut
1074 4612 1243 4651 nemo
1262 4597 1697 4653 excusationem
1733 4606 1835 4654 aut
1866 4601 2016 4656 diffi-
2047 4617 2095 4681 D
2128 4616 2193 4653 eo
2215 4603 2410 4653 tamen
2434 4597 2586 4667 quod
2610 4597 2665 4650 in
2690 4595 2934 4651 occultis
2958 4600 3016 4650 et
3037 4594 3403 4666 spiritalibus
3434 4594 3769 4650 temtationi-

368 4679 629 4737 dentiam
660 4683 871 4740 habeat
901 4702 969 4740 ea
1023 4702 1149 4756 qua:
1201 4685 1449 4740 fideliter
1485 4686 1673 4757 poscit
1701 4688 2015 4760 impetrare

367 4784 481 4824 non
515 4788 709 4842 posse,
744 4776 897 4845 quod
936 4780 1181 4847 uterque
1213 4780 1547 4832 constanter
1586 4778 1751 4848 petiit
1780 4783 2015 4855 assequi

364 4858 598 4916 meruit.

431 4946 501 5001 Et
533 4953 594 5004 ut
624 4948 965 5022 hujusmodi
995 4953 1259 5027 exempla
1291 4973 1405 5010 non
1453 4956 1643 5012 solum
1674 4957 1732 5013 in
1766 4959 2009 5031 fortiori,

360 5035 465 5091 sed
499 5037 677 5095 etiam
711 5041 770 5096 in
794 5059 933 5097 sexu
958 5043 1175 5099 habeas
1199 5044 1525 5114 infirmiori,
1549 5046 1607 5101 in
1633 5047 1749 5102 vita
1770 5053 2010 5107 Patrum

358 5132 634 5183 narratur
663 5131 944 5202 quoniam
979 5133 1277 5189 abbatissa
1334 5136 1601 5206 quazdam
1644 5144 1869 5210 sancta,
1907 5157 2007 5195 no-

356 5215 518 5272 mine
546 5218 708 5286 Sara,
738 5222 801 5275 13
830 5222 1001 5278 annis
1033 5225 1254 5280 fortiter
1278 5242 1308 5280 a
1330 5226 1728 5282 fornicationis
1748 5230 2008 5285 dazmone

355 5303 431 5359 sit
450 5305 820 5381 impugnata,
842 5317 899 5369 et
922 5331 1227 5385 nunquam
1262 5316 1550 5388 rogaverit
1592 5322 1655 5372 ut
1684 5318 2007 5375 discederet

350 5392 422 5449 ab
454 5412 522 5451 ea
545 5396 887 5469 hujusmodi
908 5421 1126 5477 pugna,
1152 5406 1252 5461 sed
1278 5405 1386 5461 hoc
1409 5405 1600 5462 solum
1618 5407 1828 5463 dixerit
1848 5426 1857 5465 :
1881 5410 2004 5466 «Da

347 5483 496 5539 mihi
519 5487 946 5562 fortitudinem,
974 5501 1144 5551 Deus.
1168 5518 1197 5544 ›»
1217 5496 1355 5551 Ecce
1378 5496 1522 5551 fides
1545 5497 1737 5568 qualis
1756 5504 2003 5571 etquan-

344 5576 441 5630 tus
460 5592 627 5633 amor
646 5579 1071 5653 pietatis;ecce
1104 5586 1244 5658 quid
1288 5589 1531 5658 uterque
1571 5603 1744 5644 sexus
1768 5587 1995 5646 labora-

341 5664 490 5745 yerit
509 5683 615 5753 pro
639 5669 853 5732 virtute
875 5674 1183 5734 castitatis.
1208 5680 1286 5734 De
1316 5692 1568 5757 quorum
1599 5678 1862 5738 omnium
1888 5697 1994 5760 pu~

2127 4689 2237 4744 bus
2260 4687 2516 4743 maximo
2542 4691 2595 4741 te
2618 4691 2885 4741 vexatum
2909 4686 3234 4752 arbitraris,
3258 4685 3417 4739 aliud
3443 4685 3497 4738 in
3523 4700 3637 4755 quo
3660 4684 3776 4757 spi-

2128 4778 2314 4833 ritalis
2338 4783 2566 4832 tantum
2590 4776 2955 4848 impugnatio
2982 4775 3331 4839 declaratur,
3349 4776 3605 4846 proferre
3626 4773 3774 4829 libet

2126 4867 2478 4940 exemplum.
2514 4868 2746 4938 Legitur
2778 4883 3032 4939 namque
3062 4866 3131 4920 de
3182 4866 3362 4919 Maria
3408 4863 3770 4935 ziigyptiaca,

2126 4958 2401 5030 quoniam
2430 4958 2579 5012 inter
2600 4962 2802 5012 caetera
2833 4974 2959 5027 qua:
2990 4956 3218 5010 Zozimo
3268 4954 3463 5009 abbati
3514 4954 3585 5008 de
3632 4952 3764 5007 vitae

2125 5048 2637 5118 conversionisque
2707 5063 2829 5103 sua:
2894 5046 3175 5117 qualitate
3218 5044 3523 5113 referebat,
3577 5042 3758 5097 dixit:

2124 5162 2150 5188 ‹‹
2179 5139 2357 5193 Crede
2399 5136 2563 5203 mihi,
2603 5138 2773 5205 abba,
2802 5134 3215 5213 septemdecim
3242 5134 3411 5188 annis
3460 5132 3598 5187 teris
3620 5133 3769 5186 etir-

2123 5226 2559 5283 rationibilibus
2581 5226 2845 5280 luctabar
2873 5224 3252 5279 desideriis.»
3284 5223 3351 5276 Et
3385 5228 3514 5293 post
3544 5237 3769 5292 pauca:

2124 5341 2150 5367 ‹‹
2184 5316 2576 5387 Cogitationes
2599 5320 2792 5369 autem
2816 5332 2939 5391 quae
2973 5316 3039 5368 ad
3081 5312 3520 5367 fornicationem
3553 5310 3769 5365 iterum

2116 5404 2544 5477 compellebant
2574 5421 2665 5459 me
2699 5406 2993 5476 quomodo
3026 5404 3130 5457 tibi
3162 5418 3436 5457 enarrare
3476 5416 3716 5472 possum
3739 5399 3768 5454 ?

2112 5496 2270 5569 Ignis
2294 5494 2523 5549 interim
2551 5494 2747 5549 infelix
2770 5512 2981 5566 corpus
2999 5509 3193 5548 meum
3212 5490 3433 5545 nimius
3449 5490 3765 5544 succende-

2110 5589 2209 5642 bat
2238 5592 2293 5641 et
2324 5602 2414 5640 me
2448 5602 2546 5657 per
2576 5586 2775 5640 omnia
2821 5585 3118 5650 exurebat,
3164 5586 3219 5635 et
3278 5580 3349 5635 ad
3397 5579 3759 5635 desiderium

2107 5674 2535 5739 commistionis
2565 5675 2850 5735 trahebat.
2886 5675 3036 5734 Dum
3068 5689 3205 5751 erga
3234 5670 3372 5731 talis
3418 5669 3767 5745 accenderet
