4118 6188
364 316 445 385 49

981 320 1129 383 LlB.
1173 320 1276 384 DE
1317 318 1950 387 TENTATIONIBUS
1995 321 2168 387 SUIS
2211 322 2313 387 ET
2357 320 2732 390 SCRIPTIS.
2767 362 2845 377 --
2875 327 3076 398 PARS
3121 322 3172 396 Ῑ.

3705 328 3788 398 50

368 458 645 532 cogitatio
675 462 1119 533 prosternebam
1152 482 1246 523 me
1276 468 1335 524 in
1367 473 1638 537 terrram,
1661 474 1716 526 et
1748 468 2025 543 lacrymis
2055 458 2111 526 Α
2139 472 2498 538 narrat,cum
2522 471 2655 524 ante
2676 474 3008 542 perceptam
3030 469 3192 545 regni
3214 466 3563 542 dignitatem
3584 469 3783 530 humi-

368 568 499 608 eam
530 551 852 610 infundens
882 554 1073 627 ipsam
1096 559 1241 615 mihi
1272 561 1553 617 veraciter
1572 562 1804 619 adstare
1828 579 2024 634 spera-

366 640 505 698 bam
539 659 670 713 quae
702 661 796 700 me
825 645 1298 717 ﬁdejusserat,id
1330 656 1416 707 est
1444 653 1875 708 sanctissimam
1910 652 2012 708 Dei

365 730 722 790 Genitricem
747 750 760 788 :
782 738 838 791 et
858 735 940 791 sic
972 754 1074 808 per
1089 741 1507 811 septemdecim
1531 759 1715 798 annos
1738 742 2016 815 periculis

365 822 597 889 multis;
632 828 699 878 ut
729 824 846 879 dixi
870 825 1194 883 luctabar.»
1224 831 1367 887 Ecce
1396 831 1558 887 vides
1589 837 1879 904 quantum
1901 848 2017 888 non

366 912 561 968 solum
591 914 908 977 virilis,sed
941 917 1117 973 etiam
1147 919 1435 977 femineus
1464 939 1638 977 sexus
1668 922 2020 978 laboraverit

359 1004 419 1057 et
434 1018 538 1072 pro
556 1002 911 1073 integritatis
932 1008 1342 1075 constantia,et
1363 1028 1464 1081 pro
1483 1012 1876 1083 corruptionis
1899 1028 2016 1082 pce-

363 1090 945 1165 nitentia.Numquid
960 1112 1095 1168 ergo
1109 1100 1525 1170 septemdecim
1540 1102 1745 1172 annisj
1753 1119 1847 1157 am
1863 1100 2018 1157 labo-

363 1180 510 1237 rasti
537 1198 766 1252 pugnas
795 1189 999 1241 contra
1030 1188 1411 1259 cogitationes
1441 1191 1866 1247 desideriorum
1898 1207 2019 1247 car-

365 1271 594 1327 nalium
622 1271 650 1327 ‘t
675 1272 812 1337 Quid
847 1280 1043 1330 autem
1074 1282 1160 1333 tot
1191 1295 1375 1335 annos
1422 1280 1569 1346 dico,
1606 1282 1704 1353 qui
1757 1299 1860 1337 nec
1900 1300 2016 1339 uno

363 1377 584 1432 passus
608 1377 669 1416 es
686 1365 847 1418 tanta
870 1365 1585 1438 annointegro?Nondum
1607 1367 2016 1438 igiturlaboris

356 1449 512 1504 viam
543 1451 769 1522 cmpisti
790 1456 849 1507 et
867 1458 1066 1509 tamen
1088 1454 1246 1511 velut
1266 1473 1333 1512 ex
1353 1457 1551 1513 labore
1574 1458 1757 1514 nimio
1782 1460 1907 1529 jam
1932 1461 2014 1515 fa-

354 1538 607 1611 tigatum
631 1541 1033 1599 defecisti.Sed
1057 1549 1113 1601 et
1135 1547 1183 1601 si
1210 1564 1358 1619 quas
1379 1548 1720 1605 tentationis
1742 1556 1794 1605 et
1820 1550 2016 1605 adver-

356 1628 550 1685 sitatis
582 1630 886 1689 molestias
920 1635 1222 1704 perterres,
1257 1638 1546 1709 numquid
1581 1643 1889 1710 propterea
1919 1657 2018 1710 pa-

2131 557 2206 615 lis
2238 559 2503 632 mihique
2532 564 2689 617 esset
2720 566 3013 635 acceptus.
3049 566 3250 636 postea
3275 580 3409 621 vero
3456 565 3661 623 eadem
3687 564 3782 622 di-

2131 649 2351 719 gnitate
2382 651 2728 722 superbiens
2760 669 2794 707 a
2825 668 2917 708 me
2953 656 3042 709 est
3090 654 3383 726 repulsus.
3418 655 3548 728 Ipse
3604 654 3780 714 etiam

2129 740 2333 808 David,
2365 740 2497 797 licet
2526 759 2728 815 regum
2751 743 3003 799 eximius
3034 746 3091 799 et
3119 743 3321 816 pietati
3354 761 3495 801 meae
3530 743 3782 818 placitus

2130 835 2313 899 esset,
2340 832 2502 902 prius
2532 837 2731 889 tamen
2761 849 2941 905 quam
2972 833 3044 889 ad
3078 833 3241 905 regni
3266 834 3593 891 elevaretur
3622 835 3783 893 fasti-

2128 920 2225 990 gia
2255 921 2463 991 majori
2494 938 2556 977 se
2584 921 2899 978 contrinxit
2930 922 3229 995 religionis
3259 922 3569 980 cura.Nam
3606 929 3783 982 antea

2132 1007 2287 1065 bona
2309 1027 2412 1080 pro
2436 1010 2840 1083 malis,postea
2862 1029 2994 1068 vero
3017 1011 3176 1068 mala
3196 1012 3451 1069 reddidit
3472 1030 3576 1086 pro
3606 1015 3781 1072 bonis

2126 1097 2375 1171 ideoque
2405 1100 2731 1172 iniquitatis
2749 1119 2867 1157 suae
2899 1119 3015 1157 non
3041 1102 3352 1159 immemor
3372 1101 3431 1158 in
3463 1104 3785 1162 centesimo

2128 1188 2317 1259 primo
2343 1189 2568 1260 psalmo
2589 1191 2997 1263 gemebundus
3019 1192 3089 1247 ad
3124 1207 3217 1248 me
3239 1190 3321 1247 ait
3351 1210 3365 1249 :
3400 1192 3542 1261 Quia
3561 1192 3781 1249 elevans

2126 1277 2356 1333 allisisti
2382 1296 2469 1334 me
2487 1296 2508 1341 ;
2538 1296 2603 1335 ac
2618 1280 2663 1336 si
2688 1284 2886 1352 aperte
2900 1281 3146 1338 diceret:
3172 1282 3398 1346 Quanto
3423 1281 3770 1345 sublimiore

2127 1381 2219 1421 me
2251 1366 2532 1438 dignitate
2559 1368 2817 1424 elevasti.
2851 1373 3013 1425 tanto
3047 1369 3370 1440 majoribus
3400 1372 3659 1444 peccatis
3680 1387 3775 1429 me

2125 1454 2415 1526 implicari
2446 1456 3077 1528 permisisti.Przeterea
3107 1463 3336 1531 quantae
3385 1460 3566 1517 ruinae
3597 1460 3778 1535 is,qui

2126 1561 2241 1615 prae
2273 1546 2496 1601 caeteris
2523 1546 2800 1614 elevatur,
2835 1550 3050 1618 pateat,
3102 1547 3253 1604 liber
3288 1547 3778 1621 Paralipomenon

2122 1633 2362 1691 indicat.
2400 1636 2476 1691 De
2513 1635 2653 1690 Joas
2684 1652 2943 1708 namque
2996 1652 3131 1707 rege
3184 1637 3347 1693 Juda
3407 1637 3601 1706 refert,
3635 1639 3778 1710 quia

348 1717 571 1775 tientia
602 1724 656 1776 et
689 1722 813 1794 spei
855 1724 1061 1779 solatia
1119 1726 1409 1797 deponere
1465 1728 1642 1784 debes
1672 1728 1701 1783 ?
1730 1729 1933 1784 Nonne
1959 1732 2015 1785 et
2124 1727 2258 1793 post
2289 1728 2535 1780 mortem
2552 1723 2771 1780 Joiadaa
2795 1726 3251 1798 sacerdotis,qui
3270 1742 3406 1782 eum
3429 1727 3500 1782 ad
3524 1742 3775 1801 regnum

353 1824 419 1864 ex
438 1814 1111 1880 supracommemoratis
1125 1820 1461 1873 sanctorum
1479 1818 2005 1889 Patrumexemplis
2039 1837 2089 1903 Β
2123 1815 2403 1887 provexit,
2436 1815 2497 1870 in
2528 1818 2753 1871 tantam
2784 1815 3097 1872 elationem
3145 1815 3371 1872 venerit
3428 1819 3514 1885 ut,
3576 1817 3777 1874 relicto

349 1914 416 1954 ex
442 1898 578 1955 aliis
600 1900 920 1973 Scripturaa
944 1921 1125 1960 sacrae
1147 1907 1451 1962 sententiis
1472 1924 1788 1979 agnoscere
1816 1914 2003 1979 potes,

348 1987 492 2044 utile
504 2005 635 2046 esse
650 2007 716 2046 ac
731 1994 1059 2049 necessariu
1070 2012 1125 2049 m
1144 1995 1396 2067 perferre
1418 1996 2006 2055 tentationes?Petrus

349 2095 606 2151 namque
637 2081 937 2151 apostolus
966 2084 1107 2140 dicit
1131 2104 1143 2141 :
1166 2086 1495 2142 Charissimi
1539 2088 1709 2143 nolite
1755 2091 2005 2161 peregri-

345 2170 473 2224 nari
504 2171 566 2224 in
593 2172 829 2242 femore,
862 2175 958 2244 qui
985 2175 1060 2230 ad
1091 2178 1455 2232 tentationem
1510 2178 1660 2232 vobis
1718 2186 1809 2243 sit,
1842 2179 2005 2249 quasi

342 2259 567 2329 aliquid
582 2262 711 2316 novi
730 2263 879 2317 vobis
906 2267 1220 2335 contingat;
1250 2266 1343 2322 sed
1360 2270 1821 2323 communicantes
1846 2268 2002 2323 Chri-

342 2352 420 2404 sti
446 2351 799 2419 passionibus
814 2354 1078 2423 gaudete.
1102 2355 1359 2411 Jacobus
1382 2356 1558 2411 etiam
1579 2357 1877 2428 apostolus
1904 2358 2003 2413 do-

349 2443 440 2495 cet
472 2440 677 2496 dicens
710 2459 724 2496 :
762 2442 931 2499 Omne
948 2445 1216 2515 gaudium
1245 2447 1579 2511 existimate,
1631 2447 1837 2519 fratres
1868 2449 1999 2514 mei,

352 2544 479 2583 cum
527 2532 591 2586 in
650 2536 980 2590 tentationes
1035 2537 1217 2591 varias
1245 2536 1551 2592 incidet-itis
1579 2538 1805 2592 scientes
1862 2537 2001 2607 quod

340 2619 608 2690 probatio
634 2620 777 2692 ﬁdei
796 2627 984 2679 vestrae
1026 2627 1353 2696 patientiam
1411 2630 1689 2697 operatur,
1720 2627 1999 2697 patientia

334 2711 532 2762 autem
561 2725 697 2780 opus
721 2714 1028 2782 perfectum
1056 2714 1218 2769 habet
1246 2722 1309 2769 ut
1332 2716 1454 2769 sitis
1498 2717 1732 2785 perfecti
1757 2719 1807 2770 et
1855 2715 1996 2771 inte-

333 2798 446 2868 gri,
484 2799 547 2851 in
576 2800 734 2855 nullo
761 2800 1092 2872 deﬁcientes.
1128 2803 1270 2859 Item
1303 2803 1605 2877 apostolus
1635 2804 1789 2859 idem
1814 2803 1955 2859 dicit
1981 2820 1993 2856 :

331 2886 543 2941 Beatus
571 2889 661 2944 vir
688 2891 787 2960 qui
808 2892 997 2960 suffert
1017 2894 1397 2957 tentationem,
1429 2896 1853 2964 quoniam,cum
1872 2908 1997 2962 pro—

329 2974 500 3032 batus
527 2980 722 3048 fuerit,
757 2983 985 3052 accipiet
1013 2998 1276 3038 coronam
1308 2984 1453 3048 viize,
1488 3000 1654 3054 quam
1683 2983 2001 3047 repromisit

343 3069 503 3122 Deus
531 3068 892 3139 diligentibus
918 3088 993 3127 se.
1028 3072 1172 3127 Hinc
1203 3077 1261 3129 et
1292 3072 1506 3129 Paulus
1539 3073 1839 3145 apostolus
1880 3073 1996 3127 ait:

349 3154 678 3213 Gloriamur
706 3161 765 3213 in
795 3161 1511 3227 tribulationibus,scientes
1540 3164 1683 3234 quod
1714 3163 2003 3217 tribulatio

339 3249 681 3316 patientiam
730 3258 1006 3321 operatur,
1039 3253 1310 3322 patientia
1366 3261 1548 3308 autem
1601 3254 1999 3323 probationem.

332 3336 604 3410 probatio
632 3354 758 3394 vero
786 3356 957 3409 spem,
980 3357 1099 3411 spes
1125 3346 1315 3396 autem
1341 3358 1451 3397 non
1470 3342 2001 3413 confundit.Hujus-

339 3428 512 3482 modi
548 3443 689 3498 ergo
718 3429 1065 3485 documenta
1095 3434 1151 3485 et
1180 3431 1239 3485 in
1254 3431 1409 3486 Novo
1432 3435 1487 3486 et
1510 3431 1566 3485 in
1590 3432 1781 3486 Veteri
1800 3432 2003 3486 Testa-

338 3518 560 3569 mento
584 3513 953 3571 inveniuntur
970 3516 1159 3573 multa
1182 3537 1195 3575 :
1218 3519 1433 3588 quibus
1451 3519 2004 3590 sijugiterintendis

340 3620 461 3659 non
488 3602 690 3659 solum
712 3604 1062 3661 tentationes
1081 3607 1368 3678 quaslibet
1387 3608 1758 3662 advenientes
1775 3607 2004 3666 facilius

343 3692 634 3761 devincis,
668 3694 770 3748 sed
810 3697 867 3748 et
892 3695 1131 3763 majoris
1182 3695 1578 3769 intelligentia
1612 3697 1766 3751 dona
1798 3713 2003 3751 conse-

344 3784 572 3854 queris.
608 3783 705 3837 Vir
729 3786 971 3847 enim,ut
999 3785 1281 3858 scriptum
1314 3790 1421 3851 est,
1440 3788 1497 3841 in
1526 3787 1715 3841 multis
1746 3789 2005 3856 expertus

343 3872 613 3940 cogitabit
642 3874 822 3929 multa
853 3891 874 3932 .'
904 3881 955 3929 et
985 3876 1081 3946 qui
1104 3877 1282 3930 multa
1309 3875 1784 3933 didicitmarrabit
1814 3874 2002 3930 intell-

342 3963 516 4015 ctum.
537 3960 724 4032 Cujus
752 3961 1023 4019 videlicet
1043 3964 1123 4019 rei
1143 3963 1424 4019 indicium
1457 3964 1517 4019 in
1541 3964 1849 4035 temetipso
1880 3980 2007 4035 pro-

346 4048 489 4105 bare
520 4049 706 4121 vales,
740 4051 1019 4123 quia,nisi
1045 4052 1207 4108 varia
1235 4052 1625 4109 tentationum
1660 4052 1927 4108 molestia
1948 4056 2006 4107 et

346 4155 492 4196 cura
522 4140 877 4196 exercitatus
917 4157 1096 4208 esses,
1152 4159 1406 4215 nequam
1467 4146 1631 4198 tanta
1678 4140 2004 4213 Scriptura-

348 4246 481 4285 rum
514 4230 874 4286 documenta
907 4234 1007 4286 aut
1036 4230 1375 4287 testimonia
1398 4235 1645 4287 tractare
1676 4230 2007 4286 studuisses

349 4317 531 4375 Plura
559 4319 780 4393 quippe
809 4320 974 4392 prius
1004 4319 1303 4393 incognita
1333 4321 1456 4392 jam
1501 4319 1864 4393 indagationi
1892 4323 2007 4375 tuae

346 4412 491 4465 sunt
523 4413 807 4465 reserata.
1854 4422 1859 4425 ‘

417 4496 579 4553 Illud
609 4514 847 4571 quoque
867 4514 1241 4571 summopere
1261 4500 1588 4554 notandum
1612 4496 1714 4553 tibi
1738 4503 1826 4554 est
1849 4496 2004 4570 quia,

2034 3212 2079 3279 C

2119 1902 2279 1959 cultu
2312 1904 2432 1969 Dei,
2467 1922 2499 1960 a
2532 1904 2656 1961 suis
2688 1921 2751 1961 se
2774 1904 3106 1977 permiserit
3137 1904 3507 1963 adorari.Pro
3540 1922 3659 1979 quo
3681 1924 3778 1963 su-

2119 1993 2332 2064 perbiae
2366 1993 2586 2067 ﬂagitio
2614 1995 2769 2067 quod
2803 1995 2924 2067 regi
2954 1994 3144 2051 eidem
3175 1994 3434 2051 evenerit
3472 1994 3777 2067 Scriptura

2118 2083 2444 2155 subjungit,
2506 2084 2753 2140 dicens:
2815 2085 3059 2156 Cumque
3118 2086 3337 2142 volutus
3397 2094 3535 2142 esset
3574 2102 3775 2153 annus,

2117 2174 2375 2229 ascendit
2404 2176 2597 2229 contra
2626 2191 2755 2229 eum
2792 2191 2894 2232 rea:
2938 2174 3142 2246 Syriae,
3190 2176 3449 2247 venitque
3477 2175 3539 2231 in
3565 2179 3602 2232 J
3609 2175 3779 2235 udam

2115 2265 2168 2318 et
2186 2263 2517 2330 Jerusalem,
2551 2267 2599 2318 et
2625 2265 2906 2334 interfecit
2936 2273 3154 2321 cunctos
3173 2265 3455 2337 principes
3480 2266 3693 2337 populi,
3717 2268 3775 2321 et

2114 2354 2431 2407 universam
2453 2353 2702 2424 praedam
2722 2356 2997 2409 miserunt
3024 2353 3145 2423 regi
3167 2356 3511 2409 Damascum.
3543 2356 3611 2411 In
3643 2355 3776 2414 Joas

2112 2457 2323 2513 quoque
2354 2443 2729 2511 ignominiosa
2756 2450 3119 2499 exercuerunt
3165 2443 3386 2515 judicia
3430 2451 3482 2500 et
3510 2443 3774 2501 abeuntes

2112 2531 2446 2587 dimiserunt
2474 2549 2599 2588 eum
2629 2535 2690 2589 in
2730 2533 3093 2605 languoribus
3145 2534 3381 2603 magnis.
3441 2533 3521 2591 Ex
3552 2532 3769 2603 quibus

2112 2621 2387 2677 omnibus
2419 2622 2622 2677 sentiri
2649 2623 2819 2688 valet,
2855 2623 2994 2693 quia
3026 2638 3197 2678 nemo
3226 2626 3328 2678 aut
3380 2621 3617 2678 virtutis
3666 2626 3767 2678 au‘

2111 2710 2418 2781 dignitatis
2440 2712 2690 2782 alicujus
2707 2711 3049 2769 excellentia
3062 2710 3759 2775 sublimatusmortiferae

2112 2800 2400 2871 superbiae
2422 2801 2652 2857 ruinam
2687 2802 2910 2873 absque
2931 2817 3147 2873 magna
3167 2800 3513 2858 contritione
3534 2800 3759 2856 evadet.

2110 2891 2218 2945 Sed
2253 2894 2309 2944 et
2336 2891 2543 2946 beatus
2573 2891 2789 2946 Paulus
2818 2891 2928 2947 hoc
2950 2894 3277 2957 attestatur,
3310 2889 3412 2962 qui
3453 2889 3760 2964 patefactis

2114 2979 2471 3050 quibusdam
2510 2980 2826 3037 virtutibus
2857 2980 2969 3037 sibi
3003 2978 3300 3036 concessis
3331 2978 3760 3053 subjungit,di-

2114 3084 2253 3124 cens
2287 3086 2299 3123 :
2334 3070 2398 3125 Et
2449 3087 2518 3126 ne
2556 3070 2876 3138 magnitudo
2932 3070 3328 3126 revelationum
3385 3069 3610 3126 extollat
3647 3084 3758 3140 me,

2116 3156 2278 3213 datus
2307 3162 2384 3214 est
2411 3160 2553 3214 mihi
2592 3160 2846 3216 stimulas
2874 3161 3057 3215 carnis
3109 3174 3251 3218 meae
3277 3159 3505 3230 angelus
3544 3157 3763 3213 Satanas

2118 3251 2178 3301 ut
2208 3264 2296 3302 me
2318 3248 2644 3316 colaphiset.
2676 3250 2734 3305 Si
2765 3248 2921 3305 enim
2963 3252 3165 3305 tantus
3201 3249 3290 3305 vir
3348 3244 3607 3302 stimulis
3635 3245 3764 3302 ideo

2116 3337 2495 3408 premebatur
2524 3336 2879 3401 carnalibus,
2916 3354 2988 3391 ne
3017 3354 3122 3408 pro
3172 3334 3468 3392 concessis
3524 3332 3765 3389 extolle-

2116 3404 2278 3478 re'tur
2304 3424 2641 3489 virtutibus,
2677 3429 2924 3495 putasne
2954 3404 3059 3479 tibi
3090 3440 3239 3495 opus
3288 3426 3379 3478 est
3421 3421 3620 3496 aliqua
3656 3422 3765 3478 ad-

2114 3512 2391 3569 versitate
2421 3513 2675 3585 fatigari,
2706 3530 2777 3569 ne
2807 3514 2879 3569 de
2927 3512 3211 3585 perceptis
3267 3509 3565 3568 beneﬁciis
3617 3527 3765 3585 pra-

2116 3618 2321 3657 sumas
2348 3601 2585 3675 gloriari
2612 3601 2642 3657 ?

2188 3692 2373 3755 Quam
2406 3693 2479 3747 ob
2511 3707 2636 3747 rem
2664 3691 2977 3763 perpende,
3012 3707 3229 3765 quaso,
3271 3686 3617 3745 tentatiouis
3646 3691 3760 3744 tua:

2118 3797 2354 3837 causam
2388 3784 2445 3836 et
2470 3780 2758 3844 ordinem,
2790 3778 3088 3836 exordium
3121 3783 3178 3834 et
3226 3778 3427 3844 ﬁnem,
3458 3780 3525 3832 ut
3588 3792 3764 3849 agno-

2115 3887 2278 3925 scere
2302 3869 2617 3942 possis,cui
2648 3873 2946 3941 postremo
2978 3867 3253 3924 amariori
3276 3882 3454 3939 quam
3486 3865 3765 3939 primitus

2117 3962 2175 4014 et
2202 3958 2327 4026 illa,
2357 3975 2536 4029 quam
2566 3961 2631 4014 tu
2661 3956 2959 4014 insolitam
2992 3956 3207 4015 vocasti
3238 3955 3640 4021 tentalionem,
3670 3970 3765 4010 ve-

2115 4052 2291 4104 xatus
2322 4047 2522 4104 fueris.
2546 4049 2610 4103 in
2642 4048 2849 4119 primis
2880 4062 3136 4119 namque
3165 4044 3296 4102 ideo
3329 4042 3652 4100 levioribus
3680 4060 3769 4099 so-

2117 4136 2356 4210 litisque
2414 4136 2739 4209 permissus
2795 4152 2858 4191 es
2918 4133 3153 4209 fatigari
3210 4132 3656 4204 tentationibus,
3704 4136 3771 4187 ut

2119 4227 2290 4299 quasi
2320 4243 2422 4298 per
2452 4226 2672 4299 gradus
2704 4226 2992 4298 quosdam
3024 4224 3095 4280 ad
3131 4222 3341 4279 altiora
3370 4220 3654 4295 paulatim
3676 4237 3769 4277 as-

2116 4317 2396 4373 cenderes
2427 4319 2484 4372 et
2513 4315 2768 4371 disceres
2798 4313 3071 4386 congredi
3107 4311 3464 4385 quandoque
3483 4325 3615 4367 cum
3643 4325 3771 4384 gra-

2115 4406 2402 4462 vioribus.
2434 4406 2542 4461 Sed
2577 4420 2711 4460 cum
2744 4403 2803 4458 in
2832 4407 2951 4458 tam
2986 4401 3095 4457 levi
3128 4404 3186 4456 et
3229 4403 3554 4477 temperata
3582 4397 3772 4470 impu-

2121 4494 2398 4569 gnatione
2440 4492 2874 4566 aliquantulum
2934 4489 3267 4563 proficiens,
3326 4504 3394 4543 ea
3439 4501 3568 4560 quae
3622 4484 3683 4540 in
3713 4489 3771 4540 te

343 4585 393 4643 si
425 4587 661 4659 absque
690 4587 1010 4644 tentatione
1041 4590 1098 4644 et
1126 4586 1503 4643 tribulatione
1532 4587 1733 4660 aliqua
1781 4586 2003 4643 diutius
2034 4587 2083 4653 Β
2116 4583 2305 4656 gratia
2336 4599 2467 4639 mea
2497 4582 2869 4654 operabatur,
2928 4579 3128 4652 magis
3186 4594 3251 4632 ac
3309 4574 3497 4648 magis
3543 4572 3767 4628 viribus

337 4676 953 4749 remaneres,gravius
976 4676 1483 4749 periculosiusque
1496 4677 1566 4733 de
1581 4676 2003 4732 beneﬁciorum

343 4781 623 4822 meorum
652 4764 925 4838 largitate
955 4765 1345 4837 superbiendo
1394 4766 1834 4837 caderes,quam
1868 4781 2003 4819 cum

345 4853 677 4911 sceleribus
691 4855 1049 4911 omnimodis
1064 4856 1362 4928 quondam
1377 4854 1610 4910 deditus
1623 4853 2005 4917 esses.Quan-

346 4944 581 5001 toenim
597 4943 1105 5000 excellentioribus
1126 4943 1377 5015 quisque
1390 4943 1628 4999 dotatur
1648 4942 2005 5010 donis,tanto

347 5032 546 5106 magis
574 5031 851 5105 pulsatur
877 5031 1021 5088 vitio
1040 5030 1503 5088 elationis.Unde
1533 5036 1590 5087 et
1611 5031 1709 5087 ille
1730 5034 2009 5103 praestan-

349 5110 588 5179 tissima
611 5121 956 5195 angelorum
990 5138 1101 5178 non
1132 5119 1433 5178 sustinens
1455 5120 1741 5194 dignitam
1773 5137 1889 5176 suae
1912 5120 2012 5174 do-

346 5227 525 5281 num,
558 5227 627 5267 eo
676 5211 917 5284 gravius
976 5209 1367 5285 superbiendo
1427 5210 1636 5267 cecidit
1666 5226 1781 5283 quo
1824 5207 2007 5265 subli-

343 5302 504 5359 mior
533 5301 758 5359 ceteris
788 5300 1029 5361 exstitit.
1062 5298 1203 5357 Saul
1234 5314 1492 5373 quoque,
1519 5302 1587 5356 ut
1614 5297 1762 5354 liber
1780 5298 2009 5371 Regum

2116 4672 2465 4745 meritisque
2495 4671 2614 4727 tuis
2646 4670 2998 4726 attribueres
3032 4685 3046 4735 ;
3083 4666 3142 4721 in
3203 4664 3382 4720 talem
3442 4666 3498 4718 te
3526 4661 3765 4724 tandem

2118 4761 2362 4833 permisi
2414 4760 2800 4816 tentationem
2870 4757 3188 4819 incurrere,
3249 4753 3419 4823 cujus
3447 4751 3766 4826 impugna-

2118 4849 2299 4907 tionis
2330 4848 2737 4921 magnitudine
2768 4847 3105 4918 depressus,
3148 4857 3495 4915 agnosceres
3522 4840 3613 4897 cui
3642 4840 3765 4897 ins-

2116 4943 2336 4997 tantem
2374 4938 2687 5000 defectum,
2710 4938 2769 4991 et
2797 4935 2889 4990 cui
2921 4931 3276 5006 praeteritum
3308 4945 3655 5001 omnemque
3683 4925 3767 4984 lac

2117 5028 2276 5085 boris
2315 5027 2401 5083 tui
2449 5026 2774 5100 profectum
2834 5021 3138 5078 debuisses
3197 5021 3486 5097 imputare
3519 5033 3533 5074 :
3566 5034 3632 5074 ac
3662 5032 3767 5089 per

2118 5118 2229 5174 hoc
2258 5120 2420 5173 tanto
2452 5115 2660 5172 certior
2688 5114 2759 5170 de
2787 5111 2985 5186 gratiae
3016 5127 3156 5169 mea
3214 5108 3512 5166 beneficiis
3556 5106 3764 5165 existe-

2118 5219 2233 5272 res,
2268 5206 2487 5278 quanto
2519 5202 2719 5259 minus
2750 5201 2823 5257 de
2853 5198 3079 5256 meritis
3110 5198 3230 5256 tuis
3259 5211 3670 5272 praesumeres.

1862 5546 2265 5578 ἡ
