4114 6184
273 266 343 333 51
1287 268 1629 340 OTHLONI
1676 267 2027 339 MONACHI
2076 267 2140 333 S.
2186 265 2676 337 EMMERAMMI
3614 267 3690 333 52

1522 500 1793 589 PARS
1876 499 2163 589 SECU
2181 499 2248 588 N
2258 501 2434 588 DA.

357 680 472 734 Hoc
516 676 645 733 ideo
698 676 943 734 clericus
993 680 1367 751 supradictus
1398 681 1524 736 ideo
1558 681 1809 753 scripsit,
1863 684 1926 735 ut
1955 680 2009 748 Α
2037 682 2245 752 gendo,
2280 697 2379 735 seu
2414 679 2588 735 etiam
2612 678 2939 750 jejunando
2967 682 3174 750 sponte
3204 676 3381 747 subii,
3408 695 3524 734 non
3550 678 3692 736 satis

289 768 381 825 his
423 768 523 841 qui
555 769 614 823 in
648 769 1043 825 conversionis
1098 769 1263 825 initio
1312 789 1536 826 sacram
1572 773 1933 844 Scripturam

287 856 477 930 legere
534 858 797 929 cupiunt,
866 860 1196 916 ostenderet
1276 860 1527 932 qualiter
1585 863 1935 917 immensam

290 947 588 1004 diabolicae
633 948 856 1004 fraudis
904 951 1201 1015 astutiam,
1254 967 1370 1021 qua
1418 968 1619 1006 omnes
1669 952 1936 1007 eamdem

294 1037 658 1108 Scripturam
691 1037 951 1110 legentes
982 1040 1329 1112 impugnare
1361 1041 1527 1110 solet,
1552 1058 1865 1111 agnoscere
1882 1044 1939 1095 et

292 1143 631 1198 praecavere,
668 1128 1033 1200 qualiterque
1070 1131 1244 1185 etiam
1280 1131 1485 1184 divinae
1535 1130 1939 1201 inspirationis

291 1215 540 1285 gratiam
574 1233 887 1287 agnoscere
919 1224 973 1273 et
1005 1220 1269 1275 invocare
1301 1220 1566 1274 debeant.
1602 1220 1849 1290 Scripsit
1886 1223 1941 1273 et

292 1304 447 1359 idem
474 1306 716 1361 clericus
741 1306 926 1362 multa
956 1308 1362 1378 alia,quaedam
1385 1310 1619 1380 quidem
1646 1308 1939 1373 dictando,

298 1395 565 1465 quaedam
600 1401 791 1451 autem
825 1397 936 1452 alio
994 1399 1184 1463 modo,
1243 1416 1368 1469 quae
1427 1398 1646 1453 scilicet
1696 1403 1942 1469 utraque

298 1484 722 1554 subsequenter
752 1488 1003 1557 pandere
1034 1487 1157 1541 volo
1185 1506 1196 1553 ;
1232 1489 1329 1541 sed
1365 1488 1578 1542 dictata
1606 1488 1789 1559 prius,
1816 1492 1946 1558 post

298 1572 419 1627 haec
439 1590 667 1644 quoque
690 1580 896 1630 caetera
918 1577 1291 1646 pandam.Sic
1310 1594 1443 1647 ergo
1466 1578 1671 1648 incipit
1693 1578 1946 1633 scribere

301 1661 371 1715 de
402 1661 682 1717 librorum
718 1663 1206 1729 dictamine.Quia
1226 1667 1408 1737 igitur
1433 1666 1672 1721 alternis
1698 1667 1777 1720 uti
1801 1668 1947 1721 dele-

302 1750 508 1805 ctabile
540 1756 647 1817 est,
683 1770 797 1807 non
829 1753 1019 1807 solum
1052 1755 1123 1809 ob
1156 1755 1558 1825 depellendam
1595 1756 1749 1810 tzedii
1774 1756 1948 1810 mole-

300 1839 601 1905 stiam,sed
621 1840 794 1895 etiam
815 1842 886 1897 ob
910 1844 1252 1899 recreandas
1280 1846 1485 1899 animae
1512 1850 1565 1900 et
1587 1845 1845 1916 corporis
1862 1845 1944 1899 vi-

299 1944 390 1983 res
406 1930 608 1984 studui
624 1932 917 2001 quondam
933 1933 1084 1987 dicta
1099 1934 1335 1988 diversae
1351 1934 1647 2005 qualitatis
1670 1935 1942 2002 scribere,

2046 769 2302 841 afﬂigere
2332 785 2543 840 corpus
2572 768 2936 823 videbantur.
2961 770 3222 838 Cumque
3249 766 3348 821 diu
3382 771 3689 824 tractarem

2046 876 2160 931 quo
2192 859 2567 931 potissimum
2601 858 2793 913 studio
2831 862 3045 912 memet
3077 858 3133 911 in
3177 857 3358 911 tantis
3416 858 3695 928 periculis

2047 949 2431 1004 constitutum
2465 946 2768 1019 aptissime
2810 947 3150 1018 jugiterque
3208 947 3693 1019 constringerem,

2049 1055 2184 1094 occu
2196 1037 2651 1107 rritanimoiutin
2669 1037 2985 1092 dictamine
3004 1054 3095 1091 me
3110 1054 3455 1108 occuparem
3474 1037 3691 1109 aliquo:

2050 1130 2203 1200 quod
2237 1132 2291 1182 et
2310 1145 2461 1198 saepe
2482 1130 2753 1199 expertus
2777 1143 2905 1182 sum
2934 1130 3186 1181 mentem
3216 1126 3491 1182 lascivam
3510 1129 3701 1195 cujus-

2050 1216 2193 1273 libet
2235 1218 2582 1272 scholastice
2631 1215 2905 1271 instructi
2955 1216 3014 1270 in
3075 1214 3233 1270 nullo
3294 1232 3464 1287 posse
3512 1216 3700 1289 magis

2052 1306 2375 1377 constringi
2405 1324 2580 1377 quam
2616 1306 2810 1360 studio
2842 1305 3123 1360 dictandi.

2124 1395 2473 1464 Hujusmodi
2504 1396 2684 1467 igitur
2704 1395 3005 1449 occasione
3024 1394 3546 1465 accepta,libellum
3570 1396 3688 1467 pri-

2054 1502 2214 1540 mum
2251 1485 2501 1539 scribere
2524 1484 2665 1555 coepi
2691 1486 2929 1538 metrico
2953 1483 3174 1539 scilicet
3196 1483 3489 1555 stylo,quo
3513 1486 3699 1541 maxi-

2055 1592 2147 1629 me
2169 1576 2226 1628 in
2250 1573 2513 1629 sarculari
2543 1574 2661 1629 vita
2687 1574 2911 1645 positus
2938 1591 3029 1628 me
3047 1574 3419 1628 excercebam
3453 1591 3700 1647 ;ponens

2054 1664 2112 1719 in
2129 1681 2193 1720 eo
2227 1663 2416 1718 varias
2441 1662 2768 1735 spiritualis
2801 1663 3075 1718 doctrinae
3110 1662 3450 1730 sententias,
3484 1664 3699 1735 quibus

2056 1771 2149 1809 me
2182 1753 2551 1809 solummodo
2583 1757 2787 1809 contra
2817 1753 3171 1808 tentationes
3201 1752 3576 1808 imminentes
3607 1753 3693 1808 in-

2056 1848 2292 1898 struens
2323 1843 2619 1910 roboravi;
2653 1847 2753 1897 aut
2784 1841 3086 1913 pravitatis
3119 1857 3260 1896 meae
3292 1842 3699 1913 quantitatem,

2057 1949 2234 2003 quam
2268 1949 2402 1987 cum
2435 1932 2657 1987 caeteris
2689 1931 2914 1988 clericis
2948 1931 3338 1987 communiter
3367 1931 3426 1985 in
3480 1932 3699 1987 mundo

299 2019 397 2073 sed
418 2035 573 2074 nunc
590 2021 1003 2077 reserarelibet
1021 2040 1147 2093 quae
1165 2024 1670 2095 scripserim.Tres
1694 2040 1945 2096 namque
1977 2060 2024 2125 B
2057 2023 2414 2091 exercebam,
2450 2022 2949 2093 pertinaciamque
2997 2038 3173 2093 quam
3229 2020 3556 2092 specialiter
3586 2038 3699 2092 prae

294 2106 523 2164 libellos
554 2109 779 2165 diverso
809 2116 1069 2183 tempore
1099 2114 1442 2185 diversoque
1490 2115 1637 2186 stylo
1682 2116 1835 2170 edidi
1880 2115 1937 2170 in

295 2197 679 2269 primis,quos
696 2199 849 2255 volui
874 2202 931 2255 in
966 2220 1149 2257 unum
1171 2204 1638 2276 volumen,quasi
1663 2207 1732 2259 ad
1760 2222 1939 2259 unam

293 2289 768 2343 convescentium
827 2307 1089 2346 mensam
1142 2292 1431 2365 colligere,
1462 2294 1648 2349 instar
1677 2294 1943 2349 videlicet

292 2376 475 2432 trium
506 2377 1101 2451 pulmentorum,qum
1125 2382 1291 2437 nobis
1317 2389 1556 2439 sanctus
1575 2386 1741 2439 Pater
1762 2385 1941 2440 Bene-

296 2464 487 2519 dictus
521 2467 1107 2540 cmnantibuslargiri
1130 2471 1301 2537 jubet
1333 2472 1391 2525 in
1424 2472 1715 2543 regula,ut
1745 2474 1840 2544 qui
1876 2490 1944 2527 ex

300 2570 416 2607 uno
448 2555 774 2625 nequiverit
806 2558 1059 2623 reﬁci,ex
1085 2560 1196 2614 alio
1232 2562 1543 2615 reﬁcietur.
1565 2563 1802 2617 Conﬁdo
1836 2563 1942 2617 ita-

302 2658 416 2712 que
448 2642 505 2697 in
538 2643 949 2716 Domino,quia
969 2648 1125 2701 omni
1159 2650 1446 2719 spirituali
1474 2651 1599 2706 cibo
1622 2651 1945 2706 delectatus

305 2730 365 2784 in
400 2731 595 2803 aliquo
627 2733 856 2789 illorum
891 2735 1163 2803 inveniat,
1215 2756 1317 2809 per
1365 2740 1518 2811 quod
1562 2740 1947 2811 spiritualiter

304 2820 461 2875 reﬁci
490 2820 698 2877 valeat.
734 2823 842 2877 Sed
876 2824 1005 2893 hazc,
1028 2826 1097 2880 de
1129 2828 1401 2883 omnibus
1434 2830 1782 2901 generaliter
1828 2830 1947 2885 sint

304 2909 478 2964 dicta.
511 2911 674 2965 Nunc
704 2929 836 2967 vero
868 2930 1123 2969 reserare
1155 2917 1323 2987 cupio
1373 2934 1498 2987 quae
1549 2936 1723 2973 causa
1775 2919 1948 2973 fuerit

303 2997 570 3069 singulos
615 3001 885 3069 scribere,
923 3008 985 3058 ut
1010 3003 1189 3059 lector
1218 3005 1588 3077 aliquatenus
1622 3007 1826 3062 exinde
1858 3008 1946 3062 in-

302 3090 560 3143 structus
592 3091 814 3146 noverit
846 3109 938 3147 me
975 3110 1345 3165 nequaquam
1384 3096 1597 3152 frustra
1641 3097 1700 3151 in
1730 3097 1947 3152 talibus

301 3176 641 3233 desudasse.

368 3263 631 3319 Primum
665 3282 799 3338 ergo
832 3266 1094 3323 libellum
1127 3272 1362 3326 metrice
1396 3274 1804 3344 prolatum,cui
1838 3273 1948 3328 im-

300 3353 469 3424 posui
501 3353 739 3410 titulum
759 3359 851 3411 :De
879 3357 1137 3429 Spiritali
1166 3360 1432 3433 doctrina,
1467 3363 1720 3418 scribere
1741 3364 1948 3433 hujus-

2056 2109 2257 2165 multis
2282 2110 2496 2165 ibidem
2530 2111 2875 2176 retinebam,
2913 2105 3100 2182 magis
3132 2111 3491 2165 attenderem
3524 2114 3700 2181 atque

2049 2200 2293 2256 litterise
2307 2200 2591 2271 xpositam
2609 2200 2810 2270 majori
2829 2198 3167 2271 poenitentia
3181 2199 3517 2253 diluendam
3532 2216 3705 2271 agno-

2053 2306 2294 2345 scerem.
2330 2288 2552 2344 Inserui
2588 2289 2644 2343 in
2680 2290 2882 2344 eodem
2918 2289 3093 2343 etiam
3143 2287 3339 2343 libello
3369 2302 3701 2343 sermonem

2054 2380 2370 2450 quemdam
2402 2378 2765 2433 lamentabili
2799 2376 2947 2448 stylo
2977 2377 3221 2446 editum,
3266 2377 3427 2448 prius
3467 2377 3703 2446 quidem

2054 2469 2366 2539 disputans
2388 2469 2458 2522 de
2481 2469 2712 2522 diversa
2730 2466 3073 2521 clericorum
3091 2466 3443 2539 negligentia
3459 2483 3561 2522 nec
3588 2484 3703 2522 non

2055 2556 2557 2613 avaritiazdeinde
2588 2573 2834 2611 narrans
2865 2557 2933 2611 de
2966 2555 3283 2611 miserabiii
3310 2555 3705 2627 improbitatis

2055 2664 2196 2701 meae
2226 2646 2482 2701 vindicta
2513 2651 2631 2700 tam
2665 2644 3050 2715 spiritualiter
3090 2662 3267 2717 quam
3329 2643 3707 2716 corporaliter

2056 2740 2303 2806 patrata.
2340 2734 2686 2805 lgnorabam
2720 2733 2873 2789 enim
2907 2736 3066 2801 tunc,
3102 2735 3147 2787 si
3177 2750 3291 2805 quo
3348 2731 3473 2788 loco
3505 2732 3703 2804 profe-

2058 2825 2238 2879 renda
2271 2825 2457 2879 forent
2486 2822 2831 2893 hujusmodi
2859 2822 3031 2887 dicta,
3067 2839 3192 2893 quae
3223 2821 3357 2877 licet
3410 2821 3468 2875 in
3531 2822 3704 2876 modo

2059 2914 2179 2969 sint
2208 2915 2554 2985 posita,post
2584 2918 2787 2968 caetera
2816 2917 3175 2978 tamen,cum
3205 2928 3297 2966 me
3338 2910 3557 2982 aliquid
3577 2927 3704 2981 per-

2058 3004 2363 3074 spicaciori
2384 3003 2597 3057 intuitu
2615 3018 2927 3073 agnoscere
2942 3001 3415 3073 ccepissem,ame
3438 3004 3709 3056 constant

2058 3092 2215 3147 edita
2248 3110 2260 3159 ;
2298 3091 2438 3163 quia
2470 3091 2728 3145 metricis
2752 3090 3013 3163 prolatus
3044 3089 3334 3146 estverbis
3358 3106 3483 3161 qua
3508 3089 3705 3160 pueris

2059 3185 2117 3236 et
2150 3179 2506 3235 intrantibus
2541 3180 2611 3233 ad
2642 3179 2949 3234 discendas
2968 3179 3193 3235 litteras
3224 3196 3257 3233 a
3290 3177 3489 3232 multis
3511 3176 3708 3248 primi-

2060 3278 2153 3326 tus
2184 3270 2442 3324 exbiberi
2477 3268 2757 3324 solent.ln
2780 3269 2987 3340 primis
3020 3285 3251 3340 quoque
3274 3283 3485 3339 ponere
3508 3268 3705 3321 decre-

2058 3359 2114 3413 vi
2152 3363 2215 3413 ut
2240 3376 2307 3413 ex
2338 3359 2445 3412 hoc
2477 3357 2724 3428 quilibet
2755 3359 2827 3413 ad
2871 3358 3134 3413 veritatis
3181 3357 3332 3411 viam
3395 3372 3710 3412 conversus

303 3443 458 3499 modi
491 3448 615 3499 erat
647 3461 841 3501 causa.
876 3447 1019 3503 Cum
1054 3450 1209 3503 enim
1243 3453 1541 3521 quondam
1583 3469 1651 3507 ex
1699 3453 1945 3517 inﬁrmi-
1978 3437 2020 3502 C
2060 3453 2258 3503 sumat
2281 3449 2446 3519 quasi
2474 3447 2788 3519 prandium
2816 3446 3179 3503 conversioni
3225 3464 3343 3502 suae
3381 3462 3709 3519 congruum

301 3534 419 3585 tate
451 3533 706 3587 maxima
728 3536 1138 3592 convalescens
1170 3539 1241 3592 ad
1273 3540 1606 3595 monasticae
1635 3543 1945 3612 professio-

300 3618 394 3673 nis
424 3620 603 3675 vitam
637 3623 1099 3694 venissem,tunc
1131 3626 1189 3680 in
1222 3627 1399 3696 brevi,
1427 3628 1741 3699 plusquam
1769 3631 1949 3685 credi—

302 3706 417 3761 bile
449 3707 740 3777 sit,factus
768 3728 900 3766 sum
935 3729 1135 3784 sospes
1161 3733 1172 3769 :
1203 3732 1269 3769 ex
1296 3733 1411 3786 qua
1434 3718 1710 3788 sospitate
1730 3718 1948 3774 veritus

306 3813 379 3851 ne
410 3795 645 3869 aliquod
678 3800 961 3855 damnum
996 3803 1296 3873 spirituale
1331 3805 1471 3860 mihi
1507 3807 1950 3878 oriretur,prece

307 3885 623 3942 Dominum
670 3888 881 3945 intima
928 3893 1120 3963 rogavi
1156 3910 1225 3948 ne
1258 3911 1349 3949 me
1380 3894 1438 3949 in
1468 3900 1629 3950 tanta
1672 3898 1953 3968 sospitate

308 3975 566 4046 positum
618 3978 733 4033 otio
777 3979 974 4034 inutili
1021 3986 1366 4052 torpescere,
1408 3986 1506 4039 sed
1542 3985 1737 4054 aliqua
1765 3990 1950 4043 tenta-

307 4064 678 4136 tione,quam
712 4067 854 4122 mihi
888 4085 1203 4141 congruere
1236 4073 1427 4143 sciret,
1462 4074 1679 4144 pulsari
1715 4078 1952 4147 permit-

307 4156 474 4208 teret.
531 4154 664 4210 Post
694 4155 843 4211 hanc
874 4159 1195 4215 orationem
1230 4178 1343 4216 non
1376 4162 1630 4217 multum
1675 4166 1954 4236 temporis

312 4242 521 4298 ﬂuxit:
557 4247 615 4299 et
644 4260 773 4300 ecce
816 4247 985 4301 varia
1030 4250 1418 4305 tentationum
1469 4251 1749 4309 molestiae
1796 4271 1954 4309 acce-

312 4330 517 4386 dentes
546 4330 605 4386 in
638 4336 869 4389 tantum
904 4353 994 4391 me
1027 4338 1633 4407 circumdederunt,ut
1652 4347 1707 4397 et
1729 4343 1959 4399 incaute

315 4435 407 4473 me
424 4436 621 4476 orasse
639 4425 695 4477 et
718 4424 905 4496 magis
922 4427 991 4481 ad
1016 4426 1315 4482 interitum
1332 4446 1506 4499 quam
1522 4431 1591 4485 ad
1614 4436 1958 4501 proventum

315 4509 653 4565 exauditum
714 4528 842 4567 esse
899 4512 1213 4583 aliquando
1271 4534 1517 4573 vererer.
1577 4521 1684 4573 Sed
1746 4521 1957 4592 saepius

317 4602 640 4655 retractans
672 4600 817 4657 illud
852 4602 1237 4674 apostolicum
1274 4606 1527 4662 :Fz'delz’s
1556 4610 1822 4680 Deus,qui
1852 4626 1960 4665 non

316 4689 560 4757 patietur
582 4705 672 4744 vos
705 4694 910 4747 tentari
937 4710 1108 4763 supra.
1137 4695 1193 4748 id
1217 4696 1356 4765 quod
1386 4699 1627 4767 potestis,
1667 4698 1763 4753 sed
1797 4701 1964 4769 faciet

320 4791 442 4830 cum
472 4780 769 4834 tentatione
794 4788 1119 4851 proventum
1139 4789 1197 4838 ut
1218 4787 1442 4855 possitzs
1472 4788 1743 4842 sustinere
1760 4804 1779 4847 ,·
1809 4786 1965 4843 labo-

323 4864 443 4919 ravi
475 4882 586 4920 non
619 4873 904 4937 quantum
937 4871 1130 4941 debui,
1177 4875 1277 4928 sed
1328 4880 1613 4945 quantum
1654 4875 1965 4948 fragilitate

323 4967 454 5007 mea
484 4954 872 5024 permittente,
894 4956 1137 5030 ipsoque
1174 4962 1414 5017 Domino
1439 4964 1770 5034 adjuvante,
1804 4961 1964 5033 potui

325 5057 395 5095 ne
414 5040 471 5095 in
491 5048 802 5114 conspectu
826 5045 1289 5106 adversariorum
1324 5069 1586 5107 meorum
1612 5067 1961 5107 corruerem.

324 5129 573 5202 Ideoque
604 5130 662 5186 in
693 5136 857 5189 tanta
887 5135 1153 5193 molestia
1181 5140 1543 5205 tentationis,
1585 5157 1709 5209 qua:
1741 5157 1806 5194 eo
1840 5157 1966 5194 ma-

322 5218 412 5291 gis
432 5219 918 5295 imminebat,quo
947 5228 1134 5297 major
1153 5229 1402 5298 sospitas
1422 5226 1736 5298 corporalis
1758 5227 1963 5296 inerat,

323 5308 660 5366 omnimodo
694 5316 940 5369 tractare
974 5317 1138 5387 coepi,
1175 5317 1330 5388 quali
1359 5316 1859 5387 studio,qualique
1885 5317 1964 5370 la-

320 5397 458 5451 bore
485 5415 695 5471 corpus
728 5403 958 5474 spiritui
991 5404 1509 5474 subjicerem.Nam
1548 5421 1614 5459 ea
1647 5421 1771 5475 quze
1804 5422 1965 5459 com-

322 5488 579 5543 muniter
595 5506 723 5546 cum
742 5492 962 5547 caeteris
982 5494 1260 5548 fratribus
1274 5493 1330 5547 in
1351 5494 1608 5548 coenobio
1622 5509 1790 5565 agere
1804 5495 1968 5549 doco-

321 5574 552 5639 bar,sed
568 5583 623 5635 et
641 5579 739 5637 illa
753 5598 877 5654 quae
894 5580 1128 5651 speciali
1144 5582 1444 5637 devotione
1458 5582 1764 5638 scribendo
1779 5588 1877 5640 aut
1892 5583 1967 5638 le-

2061 3538 2263 3607 sicque
2294 3536 2490 3591 leviori
2523 3535 2649 3590 cibo
2664 3537 2913 3590 refectus
2945 3536 3310 3590 adlautiores
3324 3536 3504 3606 dapes
3534 3552 3710 3590 sacra)

2060 3625 2333 3680 doctrina:
2367 3625 2681 3696 capiendas
2710 3625 2896 3695 aptior
2927 3623 3437 3678 accedat.Librum
3473 3640 3607 3677 vero
3632 3624 3711 3676 vi-

2062 3714 2459 3777 sionum,licet
2491 3719 2622 3785 post
2645 3715 2792 3769 duos
2822 3712 3178 3783 scripserim,
3204 3711 3263 3766 in
3286 3713 3487 3767 ordine
3509 3716 3707 3767 tamen

2063 3804 2387 3859 secundum
2416 3802 2544 3858 ideo
2577 3804 2839 3874 posui,ut
2870 3801 2970 3857 illa
2991 3799 3408 3872 doctrina,quze
3444 3801 3501 3856 in
3527 3799 3712 3873 priori

2060 3892 2257 3948 libello
2286 3891 2461 3947 variis
2494 3892 2718 3962 prolata
2748 3896 2837 3947 est
2867 3891 3194 3957 sententiis,
3230 3890 3286 3945 in
3320 3890 3428 3945 hoc
3475 3906 3710 3962 quoque

2064 3982 2239 4038 variis
2271 3983 2675 4037 corroboretur
2695 3981 2976 4053 exemplis
3012 3998 3025 4045 ;
3058 3997 3241 4051 eaque
3272 3978 3535 4034 tenacius
3567 3995 3712 4050 prae-

2066 4072 2249 4127 missa
2278 4070 2472 4125 animo
2504 4070 2825 4124 inhaereant
2858 4070 3189 4139 verba,qua:
3217 4068 3422 4138 majori
3452 4068 3713 4123 testimo-

2066 4161 2162 4216 nio
2196 4166 2315 4215 tam
2348 4159 2582 4232 pietatis
2615 4176 2789 4231 quam
2823 4159 3147 4214 severitatis
3179 4158 3385 4212 divina
3414 4158 3470 4210 in
3508 4157 3712 4212 subse-

2069 4250 2385 4322 quentibus
2418 4250 2925 4315 commendantur,
2958 4248 3016 4302 in
3050 4263 3271 4302 morem
3303 4245 3569 4301 videlicet
3588 4245 3713 4301 lau-

2069 4340 2233 4395 tioris
2264 4338 2399 4405 cibi,
2433 4339 2529 4409 qui
2563 4338 2749 4409 primo
2783 4355 2934 4409 aqua
2962 4354 3107 4409 pura
3130 4341 3350 4403 coctus,
3385 4336 3593 4391 deinde
3616 4334 3717 4389 ali-

2069 4444 2187 4499 qua
2214 4428 2356 4481 aceti
2390 4426 2475 4481 vel
2524 4427 2699 4481 etiam
2753 4424 2970 4497 piperis
3017 4425 3338 4495 adjectione
3383 4423 3715 4480 accuratius

2070 4522 2448 4588 praeparatur.
2502 4514 2637 4571 Sola
2668 4516 2821 4570 enim
2854 4514 3113 4570 lenitatis
3144 4514 3320 4569 verba
3362 4513 3420 4568 in
3454 4514 3714 4569 docendo

2072 4604 2492 4677 prolata,quasi
2524 4605 2761 4676 quidam
2794 4603 2905 4659 cibi
2931 4603 2990 4658 in
3014 4602 3139 4658 sola
3168 4620 3320 4674 aqua
3349 4603 3565 4658 excocti
3589 4619 3717 4675 pos-

2072 4698 2214 4749 sunt
2242 4693 2523 4765 intelligi;
2557 4694 2657 4749 sed
2708 4710 2839 4748 cum
2892 4692 3105 4748 dehinc
3155 4692 3350 4763 aliqua
3393 4692 3716 4747 severitatis

1995 4811 2041 4876 Β
2073 4782 2342 4855 exempla
2368 4783 2434 4838 ad
2447 4781 2951 4850 miscentur,velut
2974 4797 3172 4837 amaro
3200 4782 3345 4836 aceti
3378 4798 3477 4836 seu
3502 4780 3717 4853 piperis

2076 4872 2474 4928 additamento
2496 4873 2731 4927 condita
2750 4870 2967 4927 fercula
2994 4875 3055 4925 ut
3079 4870 3345 4926 suaviora
3366 4870 3718 4937 efﬁciantur,

2077 4978 2193 5016 non
2223 4961 2542 5033 incongrue
2570 4961 2999 5033 intelliguntur.
3034 4964 3289 5031 Apparet
3335 4960 3513 5032 igitur
3561 4958 3723 5031 quia,

2076 5051 2228 5105 sicut
2259 5052 2425 5106 cibus
2456 5056 2573 5105 tam
2607 5050 2824 5105 amaris
2856 5066 3035 5120 quam
3078 5048 3354 5104 suavibus
3384 5048 3723 5104 condimen-

2077 5140 2152 5195 tis
2184 5144 2383 5194 coctus
2414 5139 2639 5194 avidius
2673 5138 2946 5205 sumitur,
2982 5138 3062 5193 ita
3090 5142 3147 5193 et
3176 5138 3441 5194 doctrina
3493 5138 3723 5194 blandi-

2076 5228 2289 5283 mentis
2320 5228 2557 5298 quidem
2592 5227 2880 5294 inchoata,
2906 5227 3005 5281 sed
3039 5226 3249 5283 deinde
3280 5226 3529 5297 alicujus
3561 5244 3725 5284 seve-

2077 5315 2266 5370 ritatis
2297 5316 2605 5370 commista
2633 5315 2912 5388 exemplis
2936 5316 3258 5372 studiosius
3293 5314 3723 5372 auditur.Unde

2076 5409 2132 5459 et
2160 5402 2460 5474 apostolus
2510 5405 2802 5461 doctorem
2856 5405 3177 5478 quemlibet
3224 5404 3519 5460 instruens
3569 5406 3650 5459 ait
3704 5422 3717 5460 :

2076 5495 2275 5562 Argue,
2306 5496 2546 5560 obsecra,
2578 5496 2818 5568 increpa,
2853 5494 2909 5550 id
2945 5499 3032 5552 est
3062 5492 3461 5550 blandimenta
3491 5494 3721 5550 terrori-

2075 5584 2185 5639 bus
2217 5582 2492 5641 admisce.
