4118 6188
335 368 414 439 53
937 367 1084 434 LIB.
1130 371 1232 434 DE
1277 365 1911 432 TENTATIONIBUS
1958 360 2131 426 SUIS
2177 360 2277 424 ET
2322 361 2798 425 SCRIPTIS.—-
2827 360 3026 426 PARS
3071 352 3149 425 ῙῙ.
3674 354 3755 420 54

333 509 435 568 His
465 507 646 581 igitur
670 505 989 578 praelibatis
1011 508 1082 563 de
1104 508 1344 564 secundi
1387 506 1589 563 ordine
1625 503 1827 570 libelli,
1854 503 1978 573 jam
2010 499 2065 566 Α
2097 499 2269 567 tium,
2295 501 2460 572 quasi
2485 502 2559 558 ad
2579 519 2843 560 mensam
2866 503 3338 563 convescentium
3362 515 3594 576 ponere,
3617 516 3744 574 quas

331 615 466 657 vero
498 597 859 668 subjungere
911 596 1036 652 volo
1084 599 1182 652 ubi
1230 603 1288 653 et
1335 614 1450 668 qua
1497 595 1798 650 occasione
1841 593 1980 646 scri-

333 694 499 763 ptum
513 687 709 742 fuerit.
727 689 870 743 Cum
891 704 1026 760 ergo
1045 689 1463 744 monasterium
1481 691 1748 742 nostrum
1763 683 1821 738 in
1843 683 1984 738 urbe

335 778 657 837 Ratisbona
680 779 1040 833 consitutum
1071 779 1232 833 varia
1270 778 1676 848 episcoporum
1711 790 1984 846 persecu-

331 869 489 924 tione
509 867 730 923 destrui
755 868 1036 936 viderem,
1062 869 1259 940 ibique
1283 887 1384 941 per
1405 869 1640 935 triginta
1663 883 1846 923 annos
1865 880 1983 918 me-

335 958 483 1014 liora
503 973 748 1029 sperans
774 958 1181 1026 subsistcrem,
1210 960 1436 1014 occulto
1460 956 1794 1028 Deijudicio
1818 955 1986 1022 longe

269 1122 272 1125 ι
334 1046 503 1104 aliter
519 1064 698 1119 quam
725 1063 1021 1118 sperarem
1042 1049 1249 1103 evenit.
1274 1049 1530 1112 Qualiter
1548 1054 1740 1102 autem
1766 1047 1987 1099 destru-

335 1137 451 1193 ctio
475 1142 634 1192 tanta
660 1136 936 1203 evenerit,
962 1137 1101 1208 quia
1123 1155 1228 1193 nec
1262 1138 1512 1193 breviter
1547 1134 1786 1207 proferri
1816 1133 1983 1199 valet,

341 1243 448 1283 nec
475 1225 725 1296 ineptias
754 1230 953 1282 tantas
982 1226 1076 1282 hic
1109 1245 1393 1299 exponere
1439 1227 1600 1292 libet,
1634 1225 1765 1280 aliis
1797 1223 1983 1296 profe-

347 1316 530 1372 renda
546 1314 833 1385 relinquo:
857 1315 964 1370 hoc
984 1315 1353 1371 solummodo
1372 1333 1674 1380 enarrans,
1695 1314 1833 1385 quia
1855 1328 1987 1366 cum

347 1403 631 1460 exteriora
660 1407 713 1458 et
751 1403 1028 1458 interiora
1079 1405 1417 1460 monasterii
1470 1405 1654 1459 nostri
1685 1401 1991 1458 commoda

339 1493 574 1565 penitus
604 1492 823 1547 destrui
857 1493 1258 1561 sensissem,et
1289 1500 1489 1550 contra
1519 1495 1636 1548 haec
1668 1492 1748 1548 nil
1773 1508 1985 1564 przeva-

341 1580 609 1647 luissem,
633 1581 775 1652 quin
802 1583 920 1636 imo
943 1599 974 1636 a
997 1583 1275 1639 fratribus
1298 1585 1652 1656 quibusdam
1671 1581 1988 1653 juvenibus

337 1671 556 1743 quibus
589 1671 972 1742 displicebam
1005 1674 1160 1733 apud
1184 1675 1521 1746 episcopum
1547 1677 1875 1739 accusatus,
1899 1687 1992 1724 va-

336 1759 452 1817 rias
490 1759 638 1815 mihi
671 1760 863 1815 minas
895 1762 965 1816 ab
1009 1761 1109 1817 illo
1157 1761 1431 1834 illiusque
1480 1761 1866 1817 familiaribus
1897 1757 1990 1830 agi

2096 591 2339 661 quilibet
2367 592 2546 648 lector
2576 594 2800 661 avidus,
2831 596 2964 652 licet
2992 598 3233 668 indigno
3269 595 3418 668 stylo
3450 593 3625 660 edita,
3650 609 3746 665 ge-

2094 700 2310 741 nerosae
2336 689 2531 742 tamen
2562 686 2815 743 materiae
2865 688 3209 753 dignitatem
3258 685 3592 744 retinentia.
3637 699 3741 756 pro

2095 777 2343 848 dapibus
2365 778 2538 834 lautis
2555 779 2842 850 potuisset
2859 782 3113 849 gustare.
3134 778 3281 834 Nam
3301 795 3425 849 quae
3451 775 3747 832 sententia

2094 868 2307 924 lautior
2329 873 2384 924 et
2405 869 2637 924 suavior
2656 869 2803 924 valet
2825 885 2951 924 esse
2973 886 3148 940 quam
3189 869 3260 922 de
3301 867 3489 936 gratia
3527 865 3650 931 Dei,
3686 869 3746 921 et

2097 976 2200 1014 cur
2221 961 2510 1014 credenda
2531 959 2892 1031 dicendaque
2913 958 2990 1014 sit
3010 958 3195 1030 gratia
3218 976 3231 1022 ;
3256 957 3482 1025 judicia
3507 971 3742 1028 quoque

2097 1065 2272 1120 quam
2294 1066 2426 1104 vera
2441 1051 2721 1120 justaque
2742 1053 2797 1103 et
2817 1049 3147 1104 necessaria
3168 1047 3288 1101 sint
3313 1065 3326 1112 ;
3352 1046 3451 1101 sed
3473 1049 3532 1100 et
3557 1061 3636 1116 qu
3647 1061 3747 1100 an-

2095 1144 2215 1194 tam
2250 1141 2395 1194 bene
2424 1139 2633 1206 agendi
2665 1138 2999 1194 facultatem
3032 1157 3065 1193 a
3103 1139 3220 1193 Deo
3269 1151 3606 1192 concessam
3640 1135 3742 1190 ha-

2096 1230 2340 1284 beamus
2371 1229 2601 1284 nisibus
2631 1230 2767 1284 totis
2799 1229 3093 1300 inquirere
3135 1230 3309 1297 atque
3359 1224 3627 1295 pluribus
3656 1228 3746 1279 te-

2098 1318 2392 1373 stimoniis
2423 1320 2744 1390 approbare
2765 1318 2793 1373 ?
2841 1323 2972 1374 Haec
3023 1317 3239 1390 quippe
3285 1315 3398 1371 tria
3427 1329 3531 1387 per
3558 1313 3742 1369 trium

2100 1408 2489 1478 quaestionum
2522 1407 2847 1464 solutiones
2868 1408 2924 1462 in
2959 1407 3057 1463 illo
3088 1408 3258 1470 libro,
3291 1422 3465 1477 quem
3491 1405 3548 1460 in
3572 1402 3746 1459 tertio

2097 1497 2279 1552 locavi
2303 1498 2524 1560 ordine,
2551 1497 2696 1568 stylo
2718 1515 2831 1568 quo
2854 1496 3014 1568 potui
3053 1511 3156 1567 per
3176 1494 3473 1566 dialogum
3503 1489 3746 1564 protuli,

2100 1603 2343 1641 numero
2375 1587 2597 1642 scilicet
2627 1591 2683 1641 et
2713 1586 2913 1640 ordine
2956 1585 3058 1640 tali
3103 1585 3443 1640 desiderans
3477 1586 3743 1638 sanctam

2101 1677 2445 1732 Trinitatem
2471 1676 2754 1732 venerari.
2779 1677 2889 1731 Sed
2913 1680 2970 1730 et
2989 1676 3045 1730 in
3071 1676 3178 1730 hoc
3201 1675 3468 1730 eamdem
3491 1671 3748 1728 Trinita-

2099 1770 2216 1822 tem
2247 1766 2506 1822 venerari
2541 1767 2871 1831 studebam,
2904 1765 3044 1836 quia
3090 1765 3147 1818 in
3197 1764 3369 1820 tertia
3398 1762 3742 1834 quastione,

335 1849 554 1920 saepius
578 1849 1094 1944 auidissgmgtunc,
1117 1851 1299 1923 petita
1321 1853 1392 1944 ab
1410 1853 1620 1907 abbate
1648 1850 1898 1918 licentia,
1919 1849 1989 1903 ad
2022 1879 2070 1944 Β
2102 1873 2279 1928 quam
2309 1855 2468 1911 velut
2498 1853 2715 1911 fercula
2744 1855 3008 1926 quaedam
3060 1853 3351 1925 praecipua
3400 1851 3515 1906 ritu
3547 1849 3743 1921 sagaci

336 1938 767 1997 monasterium
791 1940 1075 1996 Fuldense
1099 1944 1267 2012 quasi
1293 1942 1405 1998 cito
1430 1958 1769 1997 reversurus
1795 1955 1986 2011 perre-

339 2028 418 2085 xi.
457 2027 881 2084 Verumtamen
913 2047 1028 2086 non
1061 2031 1265 2086 dubito
1317 2031 1455 2103 quin
1506 2035 1731 2086 tantam
1763 2031 1992 2084 destru-

340 2117 593 2174 ctionem
626 2135 800 2173 nemo
833 2118 890 2173 in
923 2136 1029 2175 nos
1061 2136 1230 2192 agere
1282 2126 1497 2192 posset,
1548 2120 1659 2176 nisi
1703 2121 1868 2191 justo
1897 2116 1994 2172 Dei

338 2207 566 2278 judicio
589 2209 963 2280 peccatisque
985 2210 1202 2265 nostris
1226 2210 1594 2281 exigentibus
1626 2209 1950 2281 permissus
1977 2221 1991 2260 :

347 2297 507 2367 quod
543 2296 768 2352 scilicet
799 2299 1004 2354 exinde
1037 2298 1230 2370 palam
1264 2301 1436 2354 datur
1465 2299 1733 2371 intelligi,
1768 2297 1907 2369 quia
1936 2297 1996 2350 in

353 2385 486 2456 ipso
538 2386 913 2443 discessionis
959 2405 1100 2444 mere
1135 2406 1306 2455 anno,
1341 2389 1440 2459 qui
1475 2394 1598 2444 erat
1626 2389 1697 2444 ab
1729 2388 1995 2442 incarna-

354 2474 516 2530 tione
544 2477 769 2532 Domini
803 2479 958 2544 1062,
993 2479 1330 2534 miserando
1371 2495 1716 2550 semperque
1745 2475 1998 2548 lugendo

354 2562 490 2636 igne
521 2567 897 2622 combustum
930 2571 1018 2623 est
1046 2568 1374 2624 coenobium
1407 2573 1695 2624 nostrum.

419 2656 486 2710 In
523 2655 802 2711 Fuldensi
835 2657 1013 2728 igitur
1043 2658 1395 2714 monasterio
1427 2658 1674 2730 positus,
1707 2661 1764 2712 et
1793 2656 1998 2726 aptatae

347 2745 799 2816 tranquillitatis
821 2751 994 2817 atque
1016 2748 1318 2803 cbaritatis
1342 2749 1493 2803 dono
1516 2748 1733 2802 ibidem
1757 2744 1997 2817 potitus,

346 2833 694 2906 frequenter
723 2837 983 2901 tractavi,
1013 2836 1264 2908 qualiter
1293 2855 1395 2909 pro
1428 2839 1688 2906 ejusdem
1713 2830 1998 2904 tranquil-

289 2939 296 2948 '
345 2922 538 2978 litatis
559 2924 750 2994 gratia
775 2925 912 2992 Deo,
935 2943 967 2980 a
988 2942 1103 2997 quo
1128 2926 1269 2981 mihi
1294 2928 1429 2982 data
1451 2932 1558 2991 est,
1601 2929 1794 2996 grates
1826 2921 1998 2976 refer-

343 3029 498 3069 rem.
526 3013 804 3086 Magnum
830 3014 1044 3086 quippe
1067 3015 1212 3070 mihi
1235 3020 1373 3071 tunc
1393 3017 1696 3072 videbatur
1717 3013 1773 3067 in
1797 3011 1999 3066 eodem

343 3103 711 3158 monasterio
728 3103 969 3175 pacifico
993 3106 1222 3160 incessu
1246 3123 1417 3176 posse
1439 3103 1833 3160 deambulare.
1858 3104 2001 3163 Qua-

344 3197 594 3264 propter
614 3192 880 3247 animum
907 3195 976 3248 ad
1002 3194 1344 3250 deferendas
1376 3196 1491 3251 Deo
1522 3194 1739 3267 gratias
1761 3189 1999 3247 omnino

2103 1949 2390 2012 contexta,
2422 1949 2477 2001 et
2505 1944 2680 2000 allata
2711 1944 2771 1998 in
2800 1947 3056 1999 extremo
3103 1943 3173 1999 ad
3223 1941 3490 1998 lectionis
3519 1955 3745 1996 cmnam

2105 2037 2542 2091 considentibus
2575 2034 2858 2105 apposui;
2893 2034 2963 2088 de
2989 2034 3117 2105 ipsa
3149 2036 3351 2088 sancta
3381 2029 3668 2086 Trinitate
3690 2031 3749 2083 et

2106 2126 2354 2192 Unitate,
2369 2127 2538 2195 juxta
2555 2123 2950 2192 intelligentiae
2970 2139 3109 2178 meae
3133 2121 3304 2186 vires,
3329 2119 3487 2175 brevi
3511 2122 3568 2174 et
3589 2133 3750 2187 aper—

2105 2218 2164 2270 ta
2193 2216 2551 2286 probataque
2581 2215 2668 2280 (ut
2699 2214 2886 2284 spero)
2934 2212 3109 2267 variis
3156 2210 3439 2281 exemplis
3488 2211 3544 2264 et
3575 2223 3748 2279 argu-

2107 2304 2320 2359 mentis
2350 2305 2570 2359 ratione
2594 2303 2864 2358 disserui.
2897 2306 3073 2373 Spero
3121 2302 3297 2357 etiam
3329 2317 3422 2355 me
3451 2298 3509 2352 in
3542 2297 3748 2352 eodem

2107 2394 2301 2450 libello
2325 2395 2598 2449 omnibus
2615 2398 2734 2449 tam
2756 2394 2815 2448 in
2840 2392 3104 2448 saeculari
3127 2407 3302 2461 quam
3322 2387 3610 2458 spirituali
3631 2386 3753 2440 vita

2108 2483 2315 2554 positis
2338 2483 2534 2553 aliqua
2549 2481 2947 2537 aadiﬁcationis
2963 2480 3136 2534 verba
3153 2477 3489 2548 protulisse,
3509 2489 3613 2548 per
3625 2488 3754 2543 quae

2110 2573 2355 2644 quilibet
2385 2572 2707 2626 esurientes
2734 2575 2790 2625 et
2821 2570 3087 2625 sitientes
3111 2567 3405 2638 justitiam
3438 2562 3596 2619 refici
3617 2579 3753 2630 pos-

2110 2666 2267 2717 sunt.
2293 2663 2421 2716 Haec
2443 2661 2679 2733 quidem
2705 2661 2775 2715 de
2795 2660 2928 2715 libri
2952 2657 3190 2715 extremi
3215 2655 3418 2711 ordine
3437 2653 3556 2708 sint
3571 2651 3749 2714 dicta,

2110 2753 2200 2806 cui
2232 2751 2470 2805 titulum
2503 2750 2754 2821 imposui
2785 2767 2797 2804 :
2832 2751 2905 2803 De
2932 2749 3107 2804 tribus
3135 2744 3553 2817 quastionibus,
3586 2742 3643 2796 id
3663 2743 3754 2796 est

2111 2841 2180 2896 de
2211 2841 2416 2896 divinae
2445 2840 2679 2908 pietatis
2705 2839 2999 2909 agnitione
3026 2837 3498 2904 iudiciorumque
3527 2831 3754 2887 divino-

2111 2946 2239 2985 rum
2265 2929 2618 2993 diversitate,
2643 2945 2746 2984 nec
2769 2946 2884 2983 non
2911 2929 2981 2982 de
3000 2927 3160 2982 varia
3178 2927 3324 2981 bene
3342 2921 3549 2994 agendi
3575 2919 3754 2975 facul-

2109 3024 2248 3076 tate.
2282 3019 2500 3076 Deinde
2530 3036 2661 3074 vero
2720 3017 3140 3090 subjungimus
3195 3032 3314 3088 qua
3369 3029 3548 3070 causa
3577 3010 3755 3066 fuerit.

2113 3110 2384 3179 scriptus.

2185 3199 2434 3263 Quidam
2459 3214 2713 3268 namque
2731 3197 3055 3252 monachus
3077 3197 3146 3251 de
3165 3193 3444 3265 Augiensi
3467 3189 3755 3255 ccenobio,

345 3286 724 3346 convertens,
755 3287 812 3337 et
841 3282 889 3337 si
922 3300 1038 3353 qua
1070 3285 1330 3339 dictandi
1363 3285 1606 3340 materia
1635 3287 1765 3353 apte
1798 3296 1996 3336 occur-
2027 3258 2072 3322 Ο
2115 3287 2952 3342 nobilissimaAlemannorum
2968 3281 3596 3354 stirpeortus,nomine
3611 3283 3759 3332 Hen-

347 3377 507 3426 reret
543 3371 773 3426 diutius
803 3373 1135 3442 exquirens,
1184 3373 1365 3444 reperi
1421 3373 1656 3427 tandem
1689 3369 2004 3442 quamdam

345 3459 624 3514 dictandi
650 3460 1030 3527 occasionem,
1056 3461 1306 3516 visiones
1332 3461 1618 3524 videlicet,
1659 3476 1805 3530 quas
1826 3461 1881 3512 ct
1902 3473 2006 3527 ego

348 3547 667 3621 quondam
698 3549 807 3602 vidi
840 3555 894 3603 et
923 3552 994 3604 ab
1025 3550 1152 3604 aliis
1184 3567 1285 3621 per
1308 3550 1435 3604 loca
1465 3550 1692 3604 diversa
1715 3547 2006 3618 profectus

349 3636 582 3693 audivi.
618 3636 733 3692 Has
763 3654 1014 3708 namque
1047 3639 1116 3692 ad
1151 3638 1469 3692 multorum
1500 3636 1761 3691 notitiam
1788 3635 2008 3690 deferre

351 3727 481 3782 ideo
516 3723 665 3780 utile
715 3741 843 3781 esse
903 3727 1246 3792 arbitrabar,
1306 3726 1444 3796 quia
1501 3727 1670 3781 credo
1701 3726 1771 3779 ad
1805 3739 2008 3778 omnes

350 3816 630 3872 homines
666 3815 955 3886 pertinere
987 3816 1214 3886 quoties
1245 3815 1490 3886 quilibet
1518 3814 1787 3870 visitatur
1814 3830 1847 3868 a
1867 3814 2008 3879 Deo,

353 3910 456 3960 aut
483 3921 592 3977 per
619 3903 1062 3975 castigationem
1089 3910 1189 3959 aut
1213 3922 1316 3976 per
1344 3903 1822 3967 consolationem,
1858 3902 2010 3956 sicut

351 4000 408 4050 et
437 3995 571 4066 ipse
603 3993 660 4047 in
695 3993 1006 4065 Evangelio
1037 3995 1177 4048 dicit
1204 4011 1216 4048 ε
1261 3994 1409 4062 Quod
1457 3995 1556 4047 uni
1585 3992 1722 4054 dico,
1759 3991 2009 4046 omnibus

351 4085 502 4139 dico.
541 4083 839 4137 Incitabar
867 4082 1043 4137 etiam
1077 4099 1143 4137 ex
1173 4082 1281 4136 hoc
1311 4083 1382 4136 ad
1417 4081 1816 4143 scribendum,
1851 4078 2005 4150 quia,

353 4189 487 4228 cum
513 4171 657 4226 olim
681 4170 911 4226 libellos
930 4172 1076 4226 duos
1093 4170 1395 4237 ediderim,
1415 4170 1653 4224 tertium
1674 4186 1776 4240 pro
1795 4171 2007 4223 sanctae

355 4261 677 4317 Trinitatis
700 4261 941 4327 honore,
967 4261 1012 4314 si
1037 4261 1165 4331 ipsa
1183 4260 1436 4314 Trinitas
1460 4259 1800 4331 dignaretur
1820 4255 2011 4327 inspi-

358 4366 513 4415 rare,
543 4350 756 4420 szepius
784 4349 973 4420 optavi
1009 4350 1241 4404 addere.
1277 4348 1401 4404 Tali
1435 4349 1628 4419 itaque
1659 4364 1835 4401 causa
1865 4345 2007 4400 inci-

356 4444 544 4505 tatus,
586 4437 805 4492 librum
836 4437 1149 4502 visionum,
1182 4439 1252 4492 de
1295 4454 1408 4509 quo
1436 4438 1558 4508 jam
1590 4436 1820 4491 locutus
1853 4450 2009 4498 sum,

356 4528 620 4583 scribere
651 4527 874 4582 studui.

2117 3377 2294 3437 ricus,
2319 3392 2451 3429 cum
2477 3377 2548 3429 ab
2568 3373 2894 3428 Jerusalem
2915 3376 3313 3434 reverteretur,
3344 3369 3497 3438 apud
3523 3384 3628 3422 nos
3650 3365 3758 3420 ali-

2118 3463 2378 3534 quandiu
2410 3463 2740 3532 hospitatus
2793 3466 2900 3516 est.
2959 3461 3064 3515 Hic
3121 3475 3257 3530 ergo
3319 3457 3457 3529 quia
3504 3456 3564 3510 in
3597 3470 3763 3510 sacra

2118 3553 2417 3622 Scriptura
2447 3551 2588 3606 satis
2619 3551 2921 3605 studiosus
2955 3550 3084 3617 fuit,
3117 3565 3209 3603 me
3231 3549 3563 3616 frequenter
3592 3541 3763 3613 quasi

2117 3642 2412 3696 doctorem
2443 3640 2605 3705 adiit,
2662 3639 3006 3710 suppliciter
3035 3654 3247 3708 rogans
3279 3652 3382 3704 pro
3405 3632 3762 3703 quibusdam

2119 3747 2294 3785 sacra:
2325 3730 2638 3800 Scripturae
2670 3728 2978 3783 sententiis
3005 3731 3070 3782 ut
3097 3744 3196 3782 eas
3228 3726 3339 3781 sibi
3389 3736 3759 3793 exponerem.

2118 3821 2236 3889 Ego
2259 3823 2453 3874 autem
2477 3817 2868 3873 humilitatem
2894 3822 3067 3886 atque
3092 3812 3594 3886 importunitatem
3621 3809 3765 3881 peti-

2118 3908 2295 3963 tionis
2312 3908 2440 3975 ejus
2464 3908 2793 3971 attendens,
2818 3909 2989 3974 prout
3006 3905 3264 3972 potui,ad
3291 3917 3538 3973 quaeque
3559 3903 3762 3971 rogata

2119 3987 2414 4066 respondi.
2459 4000 2718 4064 Cumque
2763 3995 2884 4049 haec
2930 3993 3160 4049 collatio
3209 3992 3424 4062 sapius
3471 3991 3624 4044 inter
3654 4005 3762 4042 nos

2118 4085 2316 4140 habita
2338 4083 2446 4139 sibi
2472 4083 2744 4155 placeret,
2766 4087 3058 4154 postremo
3077 4082 3219 4137 illud
3239 4083 3548 4150 deposcere
3567 4077 3760 4147 cmpit,

2120 4178 2185 4228 ut
2213 4173 2480 4228 eamdem
2524 4172 2891 4227 collationem
2941 4171 3152 4226 litteris
3202 4170 3546 4240 exciperem.
3598 4166 3758 4229 Quod

2119 4262 2254 4317 licet
2283 4261 2380 4316 diu
2416 4266 2536 4316 tam
2569 4277 2670 4332 pro
2703 4261 2928 4316 desidia
2957 4277 3134 4331 quam
3167 4276 3269 4330 pro
3299 4253 3765 4332 ignorantiagdif-

2120 4351 2352 4414 ferrem,
2381 4367 2696 4420 aggressus
2731 4367 2862 4406 sum
2914 4352 3172 4414 tandem,
3226 4347 3489 4404 scribens
3521 4329 3761 4416 quidem

2122 4456 2224 4511 per
2254 4437 2574 4510 dialogum,
2609 4439 2707 4493 sed
2753 4438 2879 4493 sine
2922 4437 3088 4492 titulo
3139 4436 3391 4491 auctoris
3439 4439 3497 4488 et
3543 4433 3765 4501 absque

2122 4544 2504 4599 personarum
2529 4531 2797 4582 notarum
2821 4526 3054 4593 litteris,
3075 4544 3146 4580 ne
3171 4525 3337 4580 facile
3354 4524 3574 4593 pateret
3595 4520 3764 4588 cujus

426 4615 700 4672 Tertium
730 4632 864 4671 vero
896 4615 1180 4681 libellum,
1214 4631 1386 4686 quem
1421 4618 1552 4669 ante
1593 4629 1776 4668 annos
1829 4615 1915 4678 16,
1947 4614 2014 4665 ut
2042 4622 2090 4687 Ι)
2122 4634 2269 4688 opus
2299 4619 2469 4672 esset.
2505 4616 2659 4671 Inter
2701 4615 2820 4670 haec
2875 4631 3008 4670 vero
3066 4613 3162 4669 ille
3221 4614 3291 4668 ad
3341 4607 3764 4666 monasterium

357 4704 761 4776 reor,scripsi,
786 4720 891 4758 cur
911 4703 967 4758 in
1005 4708 1260 4758 extremo
1284 4703 1486 4759 ordine
1511 4701 1801 4774 posuerim
1827 4699 2012 4771 primo

355 4793 706 4859 dicendum,
742 4792 953 4847 deinde
983 4808 1098 4862 qua
1130 4809 1308 4847 causa
1337 4790 1588 4863 scriptus
1612 4788 1784 4844 fuerit
1804 4789 2015 4844 subne-

359 4883 666 4938 ctendum.
691 4880 840 4944 Quia
865 4881 1020 4935 enim
1043 4880 1363 4935 multorum
1388 4878 1677 4935 accuratis
1693 4878 1882 4949 epulis
1905 4893 2012 4930 coe-

361 4971 634 5026 nantium
670 4985 799 5024 mos
830 4973 939 5038 est,
972 4969 1113 5023 utin
1142 4969 1330 5039 prima
1350 4972 1406 5024 et
1434 4967 1691 5023 secunda
1714 4966 1836 5021 vice
1855 4965 2012 5020 vilio-

360 5075 425 5113 ra
475 5074 732 5130 quaeque
779 5057 998 5113 fercula
1045 5058 1196 5127 (quae
1220 5074 1332 5112 non
1358 5055 1708 5112 ideoviliora
1739 5054 2011 5117 dicimus,

358 5148 531 5218 quasi
557 5146 681 5202 sint
700 5145 858 5213 vilia,
884 5146 980 5200 sed
1011 5147 1163 5216 quod
1188 5145 1308 5200 sint
1329 5145 1567 5217 optimis
1588 5144 1885 5213 inferiora)
1913 5168 1927 5209 ;
1953 5143 2011 5196 in

354 5241 628 5292 extrema
647 5250 781 5289 vero
805 5233 1074 5303 lautiora,
1099 5238 1154 5290 et
1172 5234 1370 5306 aliqua
1395 5238 1516 5289 arte
1539 5233 1830 5305 pracipua
1856 5237 2016 5286 cocta

359 5325 475 5379 sibi
520 5339 818 5397 apponere
859 5323 1127 5394 jubeant,
1176 5322 1477 5394 cupientes
1509 5322 1565 5376 in
1597 5322 1706 5376 hoc
1744 5338 1855 5375 non
1892 5325 2012 5375 tam

360 5430 484 5470 suae
517 5413 691 5485 gulae,
726 5429 906 5485 quam
937 5411 1206 5482 aliorum,
1240 5413 1341 5483 qui
1374 5413 1517 5467 forte
1538 5409 1762 5466 invitati
1786 5413 1925 5465 sunt
1945 5410 2016 5464 ad

363 5502 724 5570 convivium,
778 5500 1142 5557 delectationi
1196 5505 1252 5555 et
1298 5499 1504 5555 honori
1559 5498 1881 5554 deservire:
1915 5516 2018 5562 ego

363 5595 613 5648 econtra
633 5589 826 5648 simile
851 5589 1070 5662 aliquid
1094 5589 1328 5645 inoliter
1349 5588 1500 5644 volui
1543 5589 1601 5643 in
1626 5593 1882 5643 extremo
1914 5587 2019 5642 ali-

367 5697 494 5755 qua
524 5679 791 5739 lautioris
822 5680 1124 5746 sententiae
1153 5678 1393 5738 verbula
1423 5682 1556 5737 ante
1587 5677 1792 5734 faciem
1826 5678 2020 5751 legen-

2125 4723 2297 4761 suum
2343 4709 2582 4760 vocatus
2630 4703 3038 4773 proficiscitur,
3091 4707 3148 4758 et
3191 4705 3321 4773 post
3366 4716 3478 4753 non
3507 4695 3764 4753 multum

2123 4798 2355 4863 tempus
2384 4795 2455 4848 ad
2492 4809 2595 4847 nos
2627 4791 2836 4846 iterum
2867 4790 3194 4846 revertitur.
3229 4791 3392 4844 Tunc
3413 4787 3614 4843 videns
3636 4801 3762 4854 quae

2124 4883 2378 4938 scribere
2435 4881 2602 4951 ccepi,
2659 4879 3024 4952 qualiterque
3079 4896 3147 4935 ea
3198 4876 3561 4939 adumbravi,
3595 4873 3767 4929 unice

2123 4971 2290 5043 petiit
2322 4975 2386 5025 ut
2415 4975 2473 5026 et
2503 4986 2743 5025 causam
2776 4968 3068 5024 scribendi
3099 4967 3455 5023 illustrarem
3503 4963 3764 5038 prologo,

2125 5065 2182 5115 et
2213 5060 2519 5129 utriusque
2551 5073 2830 5129 personae,
2865 5059 2977 5113 mei
3007 5058 3275 5113 videlicet
3303 5073 3369 5111 ac
3401 5055 3514 5119 sui,
3549 5067 3768 5108 memo-

2127 5150 2272 5203 riam
2291 5149 2673 5219 patefacerem
2695 5148 2751 5202 in
2770 5146 3030 5218 dialogo:
3053 5147 3205 5218 quod
3230 5162 3380 5210 mox,
3402 5148 3465 5198 ut
3482 5145 3765 5214 poteram,

2128 5237 2389 5293 scribens
2408 5237 2649 5308 implere
2671 5237 3002 5292 studebam.
3029 5237 3154 5290 Haec
3176 5235 3358 5304 igitur
3377 5247 3556 5288 causa
3576 5227 3770 5286 Dialo-

2127 5341 2265 5398 gum
2298 5343 2388 5381 me
2421 5325 2672 5381 scribere
2705 5324 2878 5381 fecit:
2912 5341 3089 5393 quam
3143 5323 3356 5378 idcirco
3405 5318 3675 5388 reseravi,
3699 5333 3773 5372 ne

2105 5415 2324 5494 ~videar
2354 5416 2572 5470 frustra
2601 5413 2834 5484 scriptis
2880 5413 2992 5468 alia
3039 5413 3250 5468 addere
3297 5411 3556 5482 scripta,
3588 5411 3772 5478 utque

2130 5503 2361 5576 cognita
2391 5504 2671 5560 charitate
2703 5519 2819 5573 qua
2865 5501 3208 5574 impellebar
3253 5500 3324 5555 ad
3371 5498 3767 5562 scribendum,

2132 5593 2379 5666 quilibet
2400 5593 2458 5648 in
2483 5608 2732 5665 quorum
2758 5608 2969 5646 manus
2991 5591 3098 5648 iste
3118 5589 3266 5646 liber
3303 5588 3546 5655 venerit,
3568 5585 3772 5641 eadem

2134 5681 2416 5741 charitatc
2445 5680 2762 5739 incitantur
2783 5680 2852 5737 ad
2882 5679 3214 5753 legendum.
3237 5679 3364 5738 Haec
3385 5675 3503 5736 sint
3526 5672 3680 5730 dicta
3700 5669 3771 5726 de
