4118 6188
313 356 394 420 55
1327 361 1665 423 OTHLONI
1714 360 2068 422 MUNACHI
2117 360 2182 422 S.
2230 360 2721 423 EMMERAMMI
3660 366 3739 427 56

323 497 679 570 supradictis
707 496 895 563 libris,
929 512 1074 566 quos
1109 494 1167 550 in
1201 512 1386 550 unum
1419 511 1763 566 componere
1785 495 1961 550 volui.
1997 496 2051 561 Α
2082 494 2212 569 logo
2244 495 2571 563 intimatur,
2608 496 2815 567 scripsi
2867 500 3182 568 antequam
3234 497 3635 569 proficiscerer
3666 499 3736 554 ad

326 588 493 644 Nunc
514 588 689 642 etiam
715 586 855 640 libet
874 587 1124 657 pandere
1147 603 1259 655 qua
1279 603 1456 640 causa
1478 586 1802 640 studuerim
1830 586 1973 642 alios

329 677 556 733 libellos
602 677 873 732 scribere.

405 768 549 822 Cum
581 767 761 839 igitur
805 767 1262 838 persecutionem
1316 786 1490 837 quam
1540 768 1597 821 in
1630 768 1979 823 monasterio

338 862 537 912 nostro
568 861 655 924 (ut
686 858 1089 928 supradictum
1121 862 1230 925 est)
1276 874 1485 927 passus
1535 875 1714 923 eram,
1751 857 1981 928 fugiens

338 946 409 1000 ad
442 946 727 1001 Fuldense
755 947 1176 1001 monasterium
1206 946 1484 1017 venirem,
1518 947 1717 1016 ibique
1747 964 1848 1017 per
1878 964 1979 1001 an-

339 1051 446 1089 nos
477 1040 727 1105 quatuor
747 1052 879 1089 cum
904 1035 1324 1104 tranquillitate
1350 1052 1561 1106 magna
1583 1040 1979 1090 commoratus

337 1123 601 1189 viderer;
624 1124 875 1177 dictandi
897 1124 1305 1193 scribendique
1330 1124 1588 1178 studium
1616 1126 1983 1195 frequentare

342 1212 683 1283 postulabar
705 1231 736 1267 a
759 1214 1113 1282 quibusdam
1142 1214 1403 1281 ejusdem
1430 1214 1765 1268 monasterii
1791 1214 1981 1267 fratri-

340 1301 471 1369 bus,
506 1306 570 1356 ut
596 1302 779 1357 sancti
806 1302 1081 1356 Bonifaeii
1109 1304 1297 1356 V’itam
1326 1303 1544 1356 difficili
1571 1302 1717 1373 style
1743 1304 1982 1369 editam,

344 1389 563 1461 aliquid
598 1390 822 1445 facilius
846 1392 1095 1444 ederem.
1121 1392 1304 1452 Quam
1330 1391 1841 1461 petitionem,licet
1880 1392 1980 1446 diu

341 1479 712 1551 denegarem,
738 1486 1030 1550 postremo
1056 1486 1246 1534 tamen
1272 1480 1611 1551 compulsus
1634 1482 1985 1551 importunis

342 1569 634 1639 precibus,
662 1574 725 1622 ut
748 1570 927 1638 potui,
957 1570 1107 1639 quod
1138 1571 1351 1639 petitus
1373 1586 1530 1623 eram
1562 1570 1815 1641 implevi.
1837 1573 1987 1626 Cau-

346 1674 412 1711 sa
426 1673 561 1727 ergo
580 1656 677 1711 tali
698 1657 911 1711 librum
930 1659 1112 1712 sancti
1131 1659 1405 1712 Bonifacii
1425 1665 1731 1730 promptus
1746 1660 1983 1730 scripsi:

349 1744 527 1799 alium
561 1762 790 1816 quoque
821 1746 1083 1800 libellum
1117 1764 1289 1817 quem
1322 1747 1604 1817 appellavi
1637 1747 1984 1815 Manualem,

2087 586 2509 640 monasterium
2541 586 2847 641 Fuldense.
2887 586 2995 641 Sed
3028 591 3085 641 et
3125 587 3317 641 Vitam
3353 588 3534 641 sancti
3572 587 3737 643 Alto-

2090 675 2200 740 nis,
2238 693 2354 730 una
2386 691 2516 729 cum
2550 675 2903 745 quibusdam
2960 677 3318 730 carminibus
3362 677 3432 731 ad
3467 678 3740 732 eumdem

2092 770 2361 819 sanctum
2388 765 2835 836 pertinentibus.
2862 766 3175 835 Postquam
3203 781 3334 818 vero
3359 766 3524 831 redii,
3554 766 3739 820 Vitam

2092 854 2277 909 sancti
2312 854 2504 925 Magni
2553 854 2778 925 scripsi,
2830 854 3172 924 compulsus
3208 855 3454 909 fratrum
3486 855 3742 909 duorum

2093 944 2365 1015 precibus
2396 942 2621 997 intimis
2654 949 2710 997 et
2753 942 3030 1009 assiduis,
3082 942 3386 997 Wilhelmi
3418 943 3643 997 scilicet
3674 960 3744 997 ex

2094 1034 2540 1104 congregatione
2561 1037 2780 1098 nostra,
2806 1037 2863 1086 et
2884 1032 3122 1086 alterius
3148 1032 3245 1101 qui
3264 1033 3333 1086 ad
3358 1050 3459 1086 nos
3480 1032 3742 1087 discendi

2096 1140 2272 1177 causa
2314 1140 2380 1177 ex
2414 1122 2767 1176 monasterio
2800 1123 2982 1175 sancti
3020 1122 3207 1191 Μειεηὶ
3257 1122 3431 1191 venit,
3462 1121 3745 1175 Adalham

2096 1211 2307 1277 dictus,
2344 1213 2561 1283 quique
2596 1228 2749 1264 nunc
2784 1211 2837 1265 in
2864 1218 3083 1265 Sanctae
3109 1211 3249 1265 Α.ίίἐο
3275 1210 3534 1266 ccenobio
3562 1212 3746 1265 abbas

2096 1306 2184 1355 est
2216 1301 2591 1355 constitutus.

2170 1391 2301 1444 Post
2326 1390 2446 1443 haec
2479 1394 2673 1443 autem
2707 1406 2839 1443 cum
2866 1390 3128 1444 viderum
3167 1389 3342 1444 simul
3396 1395 3451 1445 et
3489 1390 3750 1444 audirem

2099 1478 2359 1550 undique
2383 1478 2719 1533 Christiance
2738 1478 3036 1549 religionis
3058 1480 3539 1548 destructionem,
3570 1484 3755 1533 recto-

2098 1585 2224 1623 rum
2250 1573 2304 1623 et
2324 1567 2653 1639 principum
2680 1568 3093 1639 negligentiam
3122 1568 3179 1621 in
3220 1568 3511 1634 subditos,
3536 1573 3655 1622 tam
3691 1570 3747 1623 id

2099 1658 2389 1730 spirituali
2423 1674 2600 1728 quam
2634 1657 2893 1711 saeculari
2936 1657 3050 1711 vita
3100 1659 3341 1728 positos,
3375 1658 3755 1729 doloremque

2091 1747 2313 1819 jugiter
2335 1764 2435 1818 pro
2458 1747 2695 1813 talibus,
2723 1747 2973 1817 cogitare
2992 1748 3158 1818 cmpi,
3184 1747 3398 1818 utquia
3418 1747 3616 1801 nullus
3635 1748 3756 1819 dig-

347 1851 451 1905 pro
483 1835 880 1889 admonitione
911 1835 1254 1889 clericorum
1300 1841 1355 1890 et
1388 1835 1670 1891 laicorum
1705 1836 1986 1908 scriptum
2021 1872 2068 1936 B
2101 1841 2441 1891 nareturmc
2458 1837 2659 1891 audire
2676 1837 2971 1890 communi
2991 1836 3753 1909 sermoneloquontem,pro

347 1922 564 1977 ibidem
599 1924 823 1994 positus
851 1922 1025 1977 edidi.
1061 1926 1201 1977 Item
1252 1924 1512 1979 libellum
1548 1926 1987 1981 Proverbiorum

348 2011 407 2066 in
437 2013 637 2066 eodem
673 2014 1025 2068 monasterio
1072 2013 1295 2083 positus
1344 2014 1595 2069 scribere
1644 2016 1811 2085 ccepi.
1843 2016 1987 2072 Cum

347 2106 540 2156 autem
562 2102 814 2156 assiduis
833 2104 1094 2173 epistolis
1110 2121 1210 2175 per
1229 2104 1563 2157 monasterii
1586 2104 1767 2159 nostri
1782 2104 1990 2161 fratres

347 2190 632 2261 quosdam
665 2197 965 2247 revocatus
1011 2194 1081 2247 ad
1117 2193 1362 2264 patriam
1398 2192 1609 2247 nollem
1642 2194 1754 2249 cito
1787 2195 1989 2249 reverti

348 2283 586 2351 propter
613 2278 843 2335 illorum
877 2282 1145 2345 fratrum,
1169 2284 1319 2337 inter
1340 2299 1484 2352 quas
1509 2288 1646 2337 tunc
1665 2299 1990 2339 commora-

349 2368 475 2433 bar,
508 2369 845 2439 petitionem
870 2372 1247 2437 (omnimodis
1278 2370 1428 2425 enim
1464 2372 1732 2441 precibus
1766 2377 1829 2426 ut
1859 2372 1992 2427 illos

351 2474 466 2511 non
499 2458 823 2513 desererem
856 2460 1297 2531 efflagitabant),
1344 2460 1436 2514 vix
1486 2462 1719 2515 tandem
1776 2463 1847 2516 ab
1878 2461 1992 2516 illis

350 2546 647 2599 remeandi
676 2545 970 2602 licentiam
1002 2549 1248 2603 obtinui.

424 2634 839 2690 Verumtamen
864 2638 933 2690 ad
954 2638 1372 2692 monasterium
1399 2644 1661 2693 nostrum
1692 2639 1852 2710 prius
1877 2655 1998 2709 per-

354 2723 550 2777 venire
577 2722 756 2791 nolui,
792 2742 967 2795 quam
1013 2726 1244 2781 indiciis
1294 2727 1590 2797 aliquibus
1638 2729 1998 2799 explorarem

361 2812 612 2882 qualiter
641 2814 839 2869 omnia
864 2821 1173 2886 agerentur
1203 2816 1437 2870 ibidem.
1463 2816 1586 2878 Qua
1614 2818 1683 2871 de
1710 2835 1767 2872 re
1791 2818 1861 2871 ad
1883 2833 2003 2871 mo-

359 2902 681 2956 nasterium
712 2903 1006 2958 Amerbach
1045 2904 1265 2959 dictum
1320 2906 1562 2975 perrexi,
1613 2905 1854 2976 cupiens
1890 2904 2001 2960 Illic

357 2994 693 3059 exspectare
723 3008 1029 3063 quousque
1076 2998 1270 3047 certus
1316 2994 1513 3048 fierem
1565 2995 1635 3048 de
1668 2994 2001 3049 monasterii

365 3079 547 3134 nostri
579 3080 878 3149 qualitate.
922 3081 1185 3152 Cumque
1232 3084 1301 3135 ad
1353 3083 1615 3150 ejusdem
1669 3082 2007 3138 monasterii

365 3167 573 3222 abbate
591 3173 896 3239 susceptus
919 3170 1073 3224 omni
1103 3170 1462 3226 humanitate
1484 3176 1539 3225 et
1562 3172 1774 3241 pietate
1796 3172 2004 3228 retine-

2102 1926 2455 1996 miseriaque
2489 1930 2649 1980 tanta
2681 1924 3113 1991 condolentem,
3167 1925 3254 1981 vel
3306 1926 3612 1981 scribendo
3646 1926 3754 1980 ali-

2101 2032 2217 2085 qua
2258 2031 2432 2069 sacrae
2454 2015 2762 2085 Scriptura:
2784 2014 2956 2068 verba
2979 2014 3316 2085 proferrem,
3342 2017 3498 2070 unde
3525 2014 3755 2086 aliquos

2102 2104 2384 2158 aedificare
2418 2120 2667 2175 possem.
2705 2104 2817 2157 Hac
2852 2103 3031 2175 igitur
3073 2121 3252 2158 causa
3297 2105 3504 2175 scripsi
3541 2104 3757 2160 librum

2103 2192 2215 2247 mei
2248 2210 2481 2264 quoque
2510 2192 2701 2263 Operis
2734 2192 3145 2259 novissimum,
3181 2192 3273 2247 cui
3302 2194 3539 2247 titulum
3566 2194 3757 2265 impo-

2103 2282 2232 2337 sui:
2274 2287 2352 2336 Dc
2408 2298 2574 2336 cursu
2628 2283 2934 2352 spirituali.
3002 2284 3060 2335 in
3128 2299 3240 2353 quo
3301 2284 3564 2338 videlicet
3609 2284 3760 2339 libro

2106 2375 2389 2441 quantum
2450 2387 2552 2439 per
2606 2388 2779 2424 sacrae
2834 2369 3164 2441 Scripturae,
3228 2372 3595 2443 maximeque
3652 2390 3757 2444 per

2104 2458 2369 2514 Psalterii
2399 2463 2455 2512 et
2486 2459 2775 2530 Evangelii
2810 2476 3084 2530 campum
3131 2477 3362 2515 currere
3396 2462 3581 2532 potui,
3619 2462 3762 2516 scri-

2108 2548 2295 2602 bendo
2329 2548 2562 2617 protuli.
2602 2550 2753 2601 Inter
2780 2549 2899 2602 hac
2926 2554 2982 2603 et
3012 2566 3313 2604 sermones
3339 2553 3629 2622 quosdam
3655 2567 3759 2606 nec

2109 2654 2224 2691 non
2248 2636 2524 2708 epistolas
2550 2655 2650 2708 pro
2674 2638 2969 2692 communi
2996 2638 3247 2693 utilitate
3272 2638 3478 2711 scripsi
3507 2656 3685 2710 :quas
3714 2641 3763 2695 si

2110 2726 2243 2797 quis
2275 2728 2419 2781 forte
2449 2725 2637 2797 legere
2682 2726 2949 2797 voluerit,
3014 2730 3166 2798 apud
3220 2745 3327 2783 nos
3375 2728 3632 2784 invenire
3664 2747 3764 2801 po-

2111 2816 2263 2870 terit.
2291 2816 2507 2887 Scripsi
2540 2816 2714 2870 etiam
2770 2820 2901 2871 ante
2950 2816 3145 2887 plures
3203 2835 3387 2873 annos
3440 2818 3655 2873 librum
3687 2820 3764 2873 De

2113 2904 2453 2975 confessione
2480 2914 2703 2959 actuum
2753 2922 3019 2973 meorum,
3072 2910 3135 2961 ut
3182 2908 3229 2961 si
3285 2924 3402 2977 qua
3449 2907 3762 2963 infirmitas

2114 2993 2201 3047 vel
2254 2992 2560 3048 subitanea
2608 3006 2766 3049 mors
2817 3011 2909 3049 me
2957 2995 3016 3049 in
3065 2995 3340 3050 extremis
3390 2996 3699 3067 impediret
3730 3014 3764 3051 a

2118 3082 2313 3137 debita
2375 3083 2760 3153 confessione,
2817 3084 3023 3139 saltem
3081 3101 3183 3157 per
3241 3085 3457 3157 scripta
3488 3086 3769 3157 pateface-

2120 3187 2240 3225 rem
2268 3168 2400 3241 quis
2422 3188 2490 3225 ex
2521 3172 2886 3243 memetipso,
2915 3174 3048 3243 quis
3096 3189 3164 3228 ex
3205 3173 3304 3228 Dei
3342 3174 3528 3246 gratia
3554 3191 3765 3229 essem.

365 3273 475 3322 rer,
502 3261 557 3311 et
573 3258 643 3312 de
661 3275 834 3313 sacra:
858 3259 1167 3330 Scriptura:
1191 3261 1614 3330 quaestionibus
1634 3260 2006 3317 multisinter
2039 3241 2081 3307 C
2191 3259 2396 3314 Adhuc
2428 3260 2681 3330 proferre
2712 3241 2855 3316 libet
2885 3241 3134 3316 duarum
3185 3241 3514 3318 orationum
3568 3265 3761 3319 verba.

362 3362 467 3400 nos
486 3362 678 3401 sermo
692 3348 968 3402 assiduus
982 3353 1269 3419 ageretur,
1292 3349 1723 3420 placuissetque
1736 3351 1785 3405 ei
1807 3351 2002 3421 saepis-

358 3434 505 3495 sime
528 3436 827 3506 responsio
854 3454 1000 3502 mea,
1026 3438 1235 3491 accidit
1259 3442 1319 3491 ut
1342 3439 1513 3507 juxta
1536 3438 1832 3508 paschalia
1857 3440 2001 3495 festa

354 3523 596 3579 dixisset
638 3525 711 3578 ad
762 3542 853 3579 me
880 3542 892 3578 :
920 3526 1147 3580 Credite
1186 3526 1327 3579 mihi
1358 3528 1508 3595 quod
1538 3527 1584 3580 si
1608 3527 1768 3580 vobis
1802 3530 2000 3596 praeci-

354 3628 488 3681 pere
510 3611 729 3681 aliquid
763 3630 1015 3682 possem,
1050 3614 1271 3682 absque
1315 3614 1492 3667 dubio
1534 3615 1903 3684 praeciperem
1940 3622 2002 3671 ut

355 3700 413 3753 in
439 3699 545 3753 hac
568 3700 934 3755 solemnitate
958 3702 1219 3771 proxima
1259 3718 1586 3756 sermonem
1627 3704 1894 3759 faceretis
1926 3706 1997 3759 ad

358 3788 659 3859 populum.
685 3792 785 3843 Cui
810 3806 914 3859 ego
938 3790 1209 3860 respondi
1234 3790 1432 3844 dicens
1459 3809 1470 3845 :
1497 3791 1610 3846 Cur
1645 3792 1785 3845 talia
1805 3793 1999 3848 dicitis

358 3878 430 3931 ad
456 3893 565 3942 me,
602 3877 699 3947 qui
735 3878 878 3931 nihil
914 3878 1089 3947 hujus
1122 3878 1199 3933 rei
1234 3878 1371 3943 scio,
1407 3879 1504 3949 qui
1534 3897 1831 3949 nunquam
1864 3898 1998 3936 con-

358 3965 519 4019 suevi
553 3964 833 4036 populum
867 3966 1083 4037 alloqui
1115 3968 1173 4021 in
1206 3967 1482 4037 publico?
1512 3968 1613 4023 lllo
1644 3986 1774 4025 vero
1797 3972 1998 4027 eadem

356 4058 671 4123 repetente,
697 4054 837 4125 ccepi
871 4072 1004 4109 mox
1024 4056 1277 4127 cogitare
1300 4057 1452 4111 intra
1474 4074 1565 4112 me
1583 4059 1781 4113 dicens
1810 4078 1821 4115 :
1849 4060 1997 4123 Quid

356 4141 627 4209 facerem,
658 4141 705 4198 si
729 4143 961 4214 aliquis,
988 4146 1156 4215 cujus
1175 4147 1347 4215 jussa
1367 4148 1693 4218 transgredi
1714 4163 1827 4203 non
1855 4166 1997 4219 pra:-

356 4247 671 4297 sumerem,
706 4231 846 4286 talia
879 4233 1023 4287 mihi
1056 4235 1433 4306 praeciperet?
1465 4236 1625 4291 Unde
1657 4236 1997 4307 hujusmodi

349 4335 498 4389 opus
532 4322 957 4377 assumendum
989 4328 1078 4378 est
1108 4324 1251 4377 mihi
1284 4329 1508 4396 sponte,
1551 4326 1893 4397 priusquam
1926 4330 1997 4383 ab

350 4406 545 4479 aliquo
575 4409 891 4481 compellar
912 4415 1166 4481 potente,
1192 4417 1255 4466 ut
1281 4417 1363 4468 sic
1387 4413 1627 4483 probem
1650 4415 1789 4485 quid
1816 4416 1999 4471 factu-

352 4514 453 4552 rus
483 4514 695 4553 essem.
719 4499 1122 4571 Continuoque
1145 4501 1290 4572 stylo
1319 4506 1553 4573 accepto
1575 4502 1829 4559 scribere
1851 4506 1993 4577 ccepi

2114 3349 2433 3403 Attendens
2467 3350 2623 3403 enim
2674 3350 2905 3421 saepius,
2954 3352 3092 3421 quia
3144 3350 3429 3422 plurimos
3480 3352 3762 3424 exemplis

2114 3437 2308 3507 pravis
2355 3438 2580 3507 seduxi,
2605 3438 2745 3492 talia
2767 3440 3047 3494 orationis
3079 3442 3253 3495 verba
3277 3441 3528 3497 scribere
3548 3441 3769 3510 studui,

2120 3524 2179 3578 in
2206 3526 2422 3596 quibus
2452 3524 2857 3596 unusquisque
2885 3528 3027 3581 satis
3050 3528 3241 3583 doceri
3266 3535 3455 3599 potest
3484 3530 3773 3601 quomodo

2114 3630 2215 3684 pro
2240 3630 2300 3668 se
2322 3620 2378 3669 et
2400 3632 2502 3684 pro
2526 3614 2660 3669 aliis
2701 3632 2865 3670 orare
2914 3616 3157 3672 debeat:
3211 3635 3335 3688 quae
3378 3618 3599 3673 scilicet
3629 3636 3762 3673 ora-

2112 3702 2301 3756 tiones
2320 3719 2452 3757 cum
2485 3721 2517 3756 a
2544 3703 3039 3774 quibusdamjam
3062 3705 3469 3773 babeantur,in
3494 3707 3601 3762 hoc
3624 3723 3767 3778 opu-

2112 3790 2273 3845 sculo
2306 3792 2630 3847 describere
2664 3791 2843 3861 nolui.
2868 3798 2963 3847 Hae
3002 3800 3195 3851 autem
3219 3798 3510 3851 orationes
3536 3796 3767 3869 aliaque

2112 3881 2380 3950 superius
2417 3882 2487 3935 de
2516 3881 2773 3935 dictandi
2798 3882 2949 3937 dono
2971 3884 3215 3953 prolata,
3241 3890 3400 3939 tanto
3436 3886 3625 3957 magis
3646 3887 3765 3957 pie-

2114 3968 2220 4022 tati
2254 3968 2458 4024 divinaa
2492 3974 2763 4025 constant
2792 3972 3112 4038 referenda,
3150 3980 3370 4044 quanto
3393 3975 3648 4045 amplius
3677 3992 3771 4030 no-

2110 4060 2236 4112 tum
2268 4062 2357 4113 est
2387 4075 2479 4113 me
2509 4059 2665 4113 vitiis
2694 4058 2966 4130 plurimis
3012 4063 3308 4131 quondam
3332 4063 3594 4119 deditum
3617 4062 3759 4118 nihil

2110 4145 2319 4201 borum
2352 4148 2656 4202 meruisse.
2691 4148 2822 4202 Ideo
2851 4154 3047 4203 autem
3080 4149 3198 4205 haec
3230 4152 3464 4222 protuli,
3517 4156 3580 4206 ut
3602 4153 3772 4223 juxta

2114 4233 2223 4290 hoc
2256 4236 2407 4307 quod
2445 4236 2572 4307 ipse
2606 4236 2885 4291 Dominus
2946 4236 3004 4291 in
3052 4238 3360 4310 Evangelia
3390 4240 3621 4295 cuidam
3655 4241 3771 4295 dae-

2112 4326 2378 4380 moniaco
2411 4343 2444 4379 a
2476 4341 2536 4380 se
2566 4324 2808 4380 liberato
2839 4327 3112 4398 praecepit
3142 4329 3341 4383 dicens
3367 4346 3378 4383 :
3410 4329 3547 4385 Vade
3580 4331 3640 4383 in
3682 4328 3771 4385 do-

2111 4430 2266 4468 mum
2298 4422 2466 4482 tuam,
2501 4423 2553 4468 et
2598 4430 2776 4468 narra
2825 4418 3033 4485 quanta
3078 4416 3273 4485 fecerit
3320 4418 3423 4472 tibi
3470 4419 3629 4484 Deus,
3664 4432 3770 4488 ego

2112 4518 2343 4573 quoque
2366 4518 2662 4557 narrarem
2696 4506 2915 4573 quanta
2936 4503 3081 4558 mihi
3105 4504 3385 4561 beneficia
3412 4506 3567 4562 Deus
3596 4505 3757 4562 exhi-

355 4586 412 4641 in
434 4588 675 4643 modum
690 4589 999 4655 sermonis,
1017 4607 1257 4645 sumens
1274 4592 1573 4646 exordium
1590 4592 1657 4647 de
1682 4592 1999 4649 Psalmistae
2031 4611 2078 4674 Β
2110 4591 2321 4646 buerit.

354 4676 546 4732 dicitis
572 4695 584 4732 :
619 4678 885 4733 Dominus
910 4678 975 4733 de
994 4680 1123 4734 cozlo
1150 4682 1416 4751 prospicit
1447 4697 1609 4751 super
1638 4680 1786 4751 ﬁlios
1818 4682 2000 4737 homi-

351 4782 489 4820 num
516 4784 528 4820 :
555 4782 682 4836 quae
707 4767 986 4823 nimirum
1010 4770 1185 4838 dicta,
1211 4774 1495 4839 quantum
1520 4771 1704 4841 potui,
1730 4771 2003 4827 similitu-

358 4855 563 4910 dinum
588 4857 953 4926 argumentis
969 4857 1253 4923 roboravi,
1270 4860 1510 4913 credens
1527 4876 1625 4930 per
1638 4859 1760 4915 haec
1774 4860 2001 4931 aliquos

359 4943 671 4998 aadiﬁcari:
728 4944 816 4998 cui
877 4943 1143 5001 videlicet
1202 4947 1360 5017 operi
1414 4947 1652 5003 titulum
1712 4949 2003 5020 imposui:

362 5032 635 5101 Quomodo
668 5033 963 5101 legendum
991 5037 1062 5089 sit
1094 5036 1153 5089 in
1184 5037 1342 5091 rebus
1366 5038 1691 5093 visibz'lz'bus.
1724 5040 1871 5094 Cum
1903 5056 2005 5094 au-

359 5128 477 5177 tem
509 5121 567 5176 in
600 5122 801 5177 eodem
836 5122 960 5177 loco
991 5140 1174 5179 unum
1219 5141 1362 5195 pene
1411 5143 1629 5182 annum
1684 5144 2005 5196 manerem,

358 5216 642 5268 venerunt
672 5211 864 5265 nuntii
897 5228 963 5266 ex
1003 5214 1356 5269 monasterio
1408 5221 1604 5271 nostro
1650 5217 1840 5284 missi,
1872 5232 2008 5273 cum

362 5302 575 5372 quibus
606 5300 811 5356 exinde
838 5302 909 5356 ad
943 5301 1189 5372 patriam
1223 5320 1491 5360 reversus
1522 5322 1675 5360 sum.

434 5391 534 5445 llis
562 5389 740 5462 igitur
769 5390 961 5457 dictis,
994 5391 1184 5446 dicam
1217 5410 1451 5463 quoque
1475 5411 1589 5464 qua
1608 5395 1676 5449 de
1700 5411 1879 5450 causa
1901 5412 2009 5450 cae-

372 5484 528 5534 teros
561 5479 895 5549 scripserim
926 5480 1262 5537 libellos.Ex
1295 5483 1572 5553 petitione
1600 5499 1853 5553 namque
1886 5486 2005 5539 tra-

364 5574 518 5625 trum
544 5574 900 5639 nostrorum,
920 5569 1108 5624 Vitam
1126 5571 1311 5625 sancti
1332 5569 1551 5626 Nicolai
1573 5587 1675 5626 nec
1693 5588 1806 5627 non
1823 5573 2011 5628 sancti

362 5656 698 5730 Wolfgangi
730 5660 1069 5727 emendans,
1104 5660 1252 5715 sicut
1283 5658 1341 5714 in
1383 5660 1688 5731 utriusque
1718 5660 1843 5717 vitae
1876 5679 2010 5733 pro-

2185 4680 2345 4735 Unde
2367 4679 2557 4735 adhuc
2575 4678 2715 4735 libet
2734 4696 3026 4751 enarrare,
3050 4687 3271 4754 quanta
3302 4684 3545 4740 scientia
3563 4701 3757 4756 quan-

2112 4772 2287 4840 taque
2310 4768 2556 4823 facultas
2578 4769 2867 4823 scribendi
2890 4770 3034 4824 mihi
3071 4771 3207 4826 data
3245 4772 3423 4829 fuerit
3446 4791 3480 4829 a
3510 4774 3761 4830 Domino

2122 4856 2181 4910 in
2214 4857 2492 4927 primaeva
2522 4860 2706 4911 aetate.
2736 4856 2881 4911 Cum
2914 4857 3094 4929 igitur
3141 4876 3356 4930 parvus
3399 4861 3651 4917 scholari
3681 4862 3769 4916 di-

2121 4944 2379 5017 sciplinae
2402 4944 2652 5000 traditus
2676 4944 2919 5001 fuissem
2943 4946 3286 5019 litterasque
3323 4948 3589 5005 celeriter
3618 4950 3773 5005 didi-

2120 5034 2354 5101 cissem,
2398 5035 2542 5106 ccepi
2582 5034 2759 5089 etiam
2795 5033 2965 5107 longe
2993 5041 3125 5091 ante
3154 5037 3393 5094 solitum
3418 5043 3651 5111 tempus
3683 5040 3774 5094 di-

2122 5125 2341 5194 scendi,
2368 5124 2494 5178 sine
2508 5124 2683 5193 jussu
2698 5123 2989 5196 magistri,
3011 5130 3193 5182 artem
3212 5128 3438 5184 discere
3456 5128 3769 5183 scribendi.

2123 5212 2353 5268 Furtivo
2376 5213 2531 5267 enim
2559 5218 2614 5267 et
2632 5212 2865 5267 insolito
2889 5214 3082 5281 modo,
3112 5233 3217 5271 nec
3239 5234 3351 5273 non
3378 5218 3501 5273 sine
3530 5218 3776 5274 docente

2121 5302 2287 5357 nisus
2318 5319 2448 5357 sum
2482 5302 2745 5356 eamdem
2778 5306 2961 5357 artem
2985 5304 3274 5362 scribendi
3304 5306 3763 5379 apprehendere.

2122 5392 2245 5454 Qua
2272 5392 2342 5447 de
2374 5409 2433 5446 re
2463 5391 2705 5462 contigit
2748 5394 2808 5445 ut
2852 5408 3107 5461 pennam
3159 5397 3230 5451 ad
3271 5396 3647 5452 scribendum
3676 5396 3766 5450 in-

2121 5485 2275 5536 recto
2304 5497 2413 5536 usu
2437 5481 2679 5536 retinere
2702 5497 3165 5551 consuescerem,
3200 5500 3303 5541 nec
3327 5490 3526 5559 postea
3546 5487 3619 5542 ab
3646 5484 3765 5541 ullo

2121 5570 2362 5625 docente
2384 5588 2560 5643 super
2582 5570 2689 5625 hoc
2712 5570 2922 5644 corrigi
2948 5572 3221 5629 valerem.
3244 5575 3474 5631 Nimius
3507 5590 3765 5647 namque

2121 5676 2265 5717 usus
2295 5660 2593 5731 prohibuit
2626 5677 2715 5716 me
2749 5662 3077 5719 emendare.
3126 5665 3289 5732 Quod
3333 5682 3467 5723 cum
3499 5666 3764 5723 viderent
