4118 6188
297 386 372 451 87
898 384 1045 450 LIB.
1090 386 1192 446 DE
1235 381 1865 447 TENTATIONYBUS
1910 381 2082 446 SUIS
2124 383 2225 445 ET
2270 381 2642 446 SCRIPTIS.
2673 415 2753 430 —
2779 383 2982 446 PARS
3027 381 3105 445 II.
3629 367 3710 437 58

298 519 515 596 plures,
546 519 823 577 dixerunt
841 536 1043 576 omnes
1074 536 1377 593 nunquam
1404 536 1498 576 me
1518 520 1666 576 bene
1697 519 1945 593 scriptu-
1976 518 2030 586 Α
2060 523 2116 577 et
2144 519 2403 594 quinque
2432 518 2492 575 in
2525 517 2653 575 aliis
2684 516 2829 575 locis
2849 515 3385 585 commorantibus;
3419 514 3539 571 tres
3567 528 3711 585 quo-

299 628 453 670 rum.
481 611 594 667 Sed
626 609 798 666 aliter
827 610 1015 666 evenit
1045 628 1111 667 ex
1137 611 1325 683 gratia
1351 611 1473 679 Dei,
1501 610 1653 667 sicut
1681 610 1951 684 plurimis

306 705 514 757 notum
546 703 656 755 est.
690 699 836 755 Nam
870 717 1001 755 cum
1035 700 1094 755 in
1127 700 1393 773 pueritia,
1416 700 1662 774 ipsoque
1690 705 1953 773 tempore

301 807 417 863 quo
446 787 652 845 tabula
681 788 827 843 mihi
858 789 995 844 data
1034 794 1124 845 est
1176 807 1308 845 cum
1356 788 1487 846 aliis
1518 792 1712 862 pueris
1761 790 1831 844 ad
1864 790 1950 844 di-

300 879 580 936 scendam
604 876 957 949 scripturam
980 877 1207 933 viderer
1227 878 1447 950 aliquid
1479 879 1732 935 scribere
1758 894 1948 946 nosse,

302 967 654 1025 miraculum
689 984 805 1023 non
839 984 1080 1039 parvum
1106 967 1326 1040 prmbui
1357 968 1686 1023 videntibus
1711 986 1723 1024 :
1745 968 1954 1024 deinde

300 1074 437 1114 vero
468 1074 584 1114 non
616 1061 751 1130 post
799 1056 1042 1129 longum
1072 1061 1306 1129 tempus
1354 1062 1474 1112 tam
1505 1059 1670 1113 bene
1700 1057 1955 1113 scribere

306 1147 473 1220 coepi,
502 1151 855 1219 tantumque
900 1146 1171 1202 affectum
1226 1148 1297 1202 ad
1328 1147 1436 1202 hoc
1466 1147 1645 1203 habui
1694 1152 1758 1203 ut
1786 1153 1843 1203 et
1893 1148 1954 1203 in

303 1238 432 1294 loco
451 1237 550 1293 illo
578 1253 692 1308 quo
717 1236 858 1291 talia
880 1236 1080 1304 didici,
1102 1236 1160 1291 id
1184 1243 1273 1293 est
1295 1236 1354 1291 in
1389 1237 1649 1292 coenobio
1670 1239 1957 1308 Tegernsee

309 1327 490 1393 dicto,
523 1326 735 1381 multos
784 1325 969 1381 libros
1010 1326 1422 1397 scripsissem;
1455 1332 1512 1382 et
1558 1326 1615 1382 in
1651 1327 1953 1383 Franciam

304 1415 627 1471 translatus
646 1414 836 1470 adhuc
860 1432 1022 1486 puer,
1048 1415 1243 1487 ibique
1264 1415 1323 1471 in
1348 1420 1577 1472 tantum
1605 1416 1791 1472 multa
1819 1416 1957 1473 scri-

300 1504 960 1570 bendolaborassem,ut
983 1504 1118 1560 inde
1141 1505 1369 1561 rediens
1384 1523 1529 1577 pene
1545 1506 1671 1561 visu
1694 1506 1954 1577 privatus

301 1593 564 1651 fuissem.
599 1593 729 1650 Hace
758 1610 894 1665 ergo
923 1594 1054 1650 ideo
1086 1596 1342 1665 proferre
1373 1594 1599 1651 decrevi
1629 1599 1696 1651 ut
1725 1594 1956 1667 aliquos

302 1683 608 1741 incitarem
629 1684 701 1739 ad
726 1683 977 1739 similem
1002 1683 1275 1739 affectum
1295 1683 1598 1741 laborandi
1635 1702 1649 1752 ;
1678 1683 1954 1757 gratiam-

305 1789 413 1846 que
432 1771 559 1839 Dei,
580 1789 709 1844 quaa
726 1776 888 1828 tanta
910 1772 1054 1828 mihi
1078 1773 1356 1828 beneficia
1379 1774 1646 1845 praebuit,
1665 1773 1799 1830 aliis
1820 1792 1955 1830 nar-

306 1878 438 1919 rans
467 1878 570 1917 eos
600 1862 673 1917 ad
732 1861 1226 1934 magniﬁcentiam
1258 1863 1522 1918 eamdem
1573 1863 1822 1935 gratiam
1854 1864 1954 1920 Dei
1988 1898 2036 1962 Β

307 1967 538 2007 mecum
560 1950 816 2007 traham.
840 1951 930 2021 Et,
947 1955 1012 2007 ut
1042 1951 1151 2007 hoc
1175 1951 1431 2023 amplius
1450 1951 1680 2017 faciam,
1705 1954 1960 2025 proferre

305 2041 445 2098 libet
473 2046 768 2114 quantum
813 2040 1196 2097 laboraverim
1232 2042 1541 2097 scribendo
1573 2048 1791 2114 postea,
1825 2060 1956 2098 cum

307 2147 570 2187 reversus
624 2132 871 2187 fuissem
916 2132 989 2187 de
1019 2131 1303 2186 Francia:
1338 2131 1418 2186 ibi
1464 2131 1682 2203 quippe
1734 2134 1959 2188 fueram

307 2220 543 2293 quando
588 2218 738 2276 obiit
784 2224 972 2276 Caesar
1021 2220 1325 2284 Henricus,
1376 2226 1430 2277 et
1484 2221 1674 2276 factus
1725 2225 1813 2277 est
1861 2239 1961 2278 rex

302 2310 626 2366 Conradus.

375 2402 697 2470 Postquam
716 2398 897 2470 igitur
912 2398 969 2453 in
991 2398 1176 2454 sancti
1194 2399 1610 2455 Emmerammi
1625 2400 1956 2456 cnanobium

304 2487 377 2544 ad
410 2487 851 2544 conversionem
886 2488 1184 2554 veni,mox
1204 2489 1598 2559 quorumdam
1630 2504 1800 2560 prece
1829 2489 1959 2561 pul-

300 2581 485 2644 satus,
524 2581 686 2633 tanto
717 2576 930 2632 iterum
960 2577 1255 2633 scribendi
1286 2578 1483 2633 studio
1515 2579 1861 2649 occupabar,
1895 2583 1961 2634 ut

300 2682 450 2737 raro,
466 2665 584 2721 nisi
613 2666 671 2720 in
696 2665 920 2721 festivis
945 2665 1154 2722 diebus
1182 2670 1283 2721 aut
1313 2667 1369 2720 in
1395 2666 1527 2722 aliis
1560 2666 1721 2721 horis
1744 2667 1960 2722 incom-

301 2754 662 2828 petentibus,
686 2756 758 2809 ab
780 2754 889 2810 hoc
912 2771 1083 2828 opere
1105 2771 1415 2810 cessarem.
1437 2756 1661 2810 Interea
1677 2756 1960 2812 successit

300 2848 354 2900 et
380 2842 542 2898 alius
572 2842 757 2897 labor.
791 2842 937 2897 Nam
964 2859 1066 2914 pro
1097 2858 1163 2898 eo
1196 2842 1348 2914 quod
1382 2842 1596 2914 saepius
1626 2842 1833 2913 legere,
1860 2846 1960 2896 aut

301 2932 581 2999 scribere,
615 2937 721 2987 aut
758 2930 979 2986 dictare
1022 2930 1260 2986 videbar
1305 2930 1785 2987 scholasticorum
1820 2947 1960 3005 cura

299 3021 444 3078 mihi
469 3021 797 3079 commissa
812 3024 901 3076 est
920 3038 932 3077 :
949 3036 1017 3076 ex
1037 3021 1253 3092 quibus
1283 3020 1561 3075 nimirum
1586 3020 1860 3076 omnibus
1879 3018 1960 3076 ita

296 3126 396 3182 per
413 3111 677 3184 gratiam
703 3111 799 3166 Dei
824 3110 1357 3183 constringebar,ut
1378 3126 1528 3179 saepe
1551 3126 1763 3181 corpus
1776 3109 1957 3182 quieti

297 3199 647 3256 necessariae
700 3216 817 3256 non
867 3199 1235 3270 permitterer
1264 3199 1512 3254 tradere.
1548 3201 1808 3271 Cumque
1835 3198 1954 3253 dic-

2062 628 2174 683 que
2204 610 2385 666 libros
2415 608 2883 680 Evangeiiorum,
2915 612 2971 665 et
3001 608 3146 663 duos
3177 624 3307 663 cum
3338 602 3619 678 Epistolis
3653 607 3710 660 et

2062 698 2409 772 Evangeliis,
2442 700 2542 771 qui
2569 697 2917 754 Lectionarii
2947 700 3246 753 vocantur.
3271 695 3353 751 Ad
3385 695 3508 750 haec
3530 692 3706 749 etiam

2062 788 2271 861 scripsi
2302 792 2554 860 quatuor
2576 786 2953 844 matutinales
2975 785 3175 841 libros.
3200 788 3407 840 Postea
3436 786 3710 839 senectus

2062 883 2119 933 et
2147 878 2463 934 infirmitas
2510 878 2669 933 varia
2723 893 2815 931 me
2866 874 3186 948 prohibuit,
3220 872 3588 943 maximeque
3620 870 3708 925 in-

2065 969 2345 1041 quietudo
2368 968 2805 1039 diuturna,quae
2838 965 2980 1021 mihi
3004 982 3071 1020 ex
3095 962 3273 1018 variis
3304 960 3459 1017 curis
3484 964 3541 1015 et
3568 977 3708 1015 mce-

2063 1075 2193 1115 rore
2222 1075 2327 1130 pro
2358 1057 2698 1113 monasterii
2746 1056 2927 1111 nostri
2959 1051 3354 1110 destructione
3384 1054 3579 1106 exorto
3612 1064 3715 1121 per

2063 1153 2329 1218 tempora
2351 1147 2588 1202 inolevit
2617 1146 2823 1201 multa.
2848 1145 2909 1201 Ei
2935 1148 3128 1200 autem
3158 1142 3257 1214 qui
3289 1157 3462 1197 omne
3491 1140 3712 1194 bonum

2066 1242 2321 1310 prmstat,
2354 1240 2411 1291 et
2435 1235 2597 1292 solus
2627 1241 2838 1291 cuncta
2858 1235 3167 1307 gubernat,
3202 1231 3421 1304 quique
3452 1225 3596 1283 mihi
3628 1224 3715 1281 in-

2065 1326 2241 1399 digno
2272 1326 2563 1382 concessit
2593 1325 2848 1398 plurima
2876 1325 3048 1390 dona,
3083 1322 3160 1377 sit
3204 1320 3333 1377 laus
3365 1324 3601 1385 aeterna,
3634 1317 3711 1373 sit

2065 1416 2251 1471 honor
2280 1432 2384 1488 per
2411 1414 2624 1471 saecula
2651 1419 2881 1471 cuncta.

2140 1506 2305 1561 Libet
2333 1505 2506 1561 etiam
2554 1506 2829 1577 proferre,
2862 1507 3149 1575 quantum
3194 1500 3491 1558 reminisci
3522 1501 3706 1569 valeo,

2066 1600 2209 1667 quot
2238 1595 2416 1650 libros
2466 1595 2820 1667 quibusdam
2862 1592 3139 1649 ccsnobiis
3168 1596 3271 1648 aut
3301 1591 3507 1647 amicis
3539 1590 3715 1646 tradi-

2067 1686 2273 1740 derim.
2290 1686 2360 1740 Et
2381 1685 2568 1757 primo
2591 1685 2827 1757 quidem
2849 1684 3055 1739 fratres
3070 1682 3389 1738 Fuldenses
3413 1679 3715 1736 nominare

2065 1773 2213 1840 volo,
2248 1774 2384 1845 quia
2414 1790 2517 1845 pro
2548 1790 2615 1828 eo
2652 1774 2806 1844 quod
2839 1773 2991 1844 apud
3023 1788 3122 1828 eos
3153 1769 3404 1826 maxime
3434 1768 3713 1834 laboravi,

2067 1864 2330 1919 scribens
2351 1862 2530 1919 libros
2561 1862 2801 1928 multos,
2826 1878 2972 1933 quos
2996 1859 3351 1917 monasterio
3374 1863 3571 1914 nostro
3592 1862 3711 1912 tra-

2070 1953 2279 2009 debam
2310 1971 2322 2020 ;
2358 1953 2485 2007 ideo
2516 1952 2669 2023 apud
2691 1969 2795 2007 nos
2826 1967 3059 2023 quoque
3091 1949 3297 2021 scripsi
3328 1948 3529 2014 libros,
3564 1964 3713 2019 quos

2072 2042 2183 2114 ipsi
2214 2058 2331 2096 non
2375 2041 2687 2096 habebant.
2720 2040 2955 2096 Tradidi
3004 2055 3258 2111 namque
3289 2037 3373 2094 eis
3403 2037 3556 2092 sicut
3587 2052 3712 2092 me-

2071 2130 2240 2197 mini,
2257 2149 2333 2186 vn
2352 2129 2597 2194 libellos,
2619 2128 3103 2186 Herveldensibus
3125 2132 3320 2184 autem
3334 2128 3481 2183 duos
3505 2126 3709 2180 libros.

2068 2226 2329 2292 Cumque
2360 2237 2429 2275 ex
2478 2219 2740 2292 partibus
2770 2218 2884 2274 illis
2917 2234 3290 2285 remeassem,
3324 2220 3380 2273 et
3409 2216 3480 2271 ad
3512 2216 3714 2270 Amar-

2070 2311 2202 2365 ba'h
2240 2310 2554 2380 venissem,
2581 2308 2794 2365 tradidi
2844 2309 3107 2380 ejusdem
3137 2306 3247 2362 loci
3299 2305 3495 2362 abbati
3528 2321 3713 2360 unum

2068 2398 2308 2455 librum.
2341 2399 2549 2455 Postea
2597 2414 2729 2453 vero
2761 2414 2894 2453 cum
2938 2397 3113 2453 fratre
3144 2400 3346 2452 nostro
3396 2392 3716 2451 Wilhelmo

2069 2490 2382 2560 prolectus,
2411 2489 2545 2544 dedi
2594 2489 2644 2544 ei
2689 2493 2942 2560 quatuor
2982 2486 3184 2552 libros,
3216 2486 3369 2541 inter
3417 2501 3565 2557 quos
3596 2488 3719 2540 erat

2067 2578 2323 2634 Missalis
2343 2577 2491 2633 liber
2512 2578 2654 2633 satis
2679 2576 2967 2649 pretiosus
2991 2592 3004 2632 :
3037 2575 3239 2631 Abbati
3269 2576 3339 2630 de
3362 2575 3716 2630 Lauresheim

2070 2685 2253 2723 unum
2285 2667 2501 2723 librum
2529 2693 2541 2733 ;
2574 2666 2764 2721 abbati
2813 2668 2883 2722 de
2914 2667 3205 2736 Ebersperg
3234 2680 3419 2719 unum
3450 2662 3665 2719 librum
3697 2680 3711 2731 ;

2069 2756 2273 2812 amicis
2296 2757 2648 2829 quibusdam
2674 2756 2729 2811 in
2756 2755 2987 2811 Boemia
3012 2754 3221 2823 positis
3241 2758 3493 2825 quatuor
3510 2752 3711 2821 libros;

2068 2846 2256 2902 amico
2284 2846 2515 2901 cuidam
2546 2845 2605 2900 in
2639 2844 2872 2901 Patavia
2916 2845 3103 2916 posito
3137 2860 3319 2898 unum
3350 2842 3607 2910 librum;
3642 2842 3714 2897 ad

2071 2935 2492 2995 monasterium
2532 2936 2818 3005 Tcgernsee
2847 2934 2992 2989 duos
3040 2932 3262 2999 libros;
3296 2932 3368 2987 ad
3413 2929 3718 3004 Pryelense

2070 3023 2398 3079 coenobium
2434 3039 2609 3096 prope
2657 3040 2765 3079 nos
2814 3022 3071 3096 positum
3112 3022 3381 3078 volumen
3412 3037 3622 3085 unum.
3654 3020 3716 3077 in

2068 3129 2183 3186 quo
2215 3117 2331 3168 tres
2364 3112 2498 3167 libri
2533 3117 2719 3168 erant.
2748 3113 2856 3168 Sed
2879 3117 2935 3167 et
2956 3112 3076 3168 filio
3097 3112 3314 3168 sororis
3336 3127 3476 3166 mets
3497 3108 3715 3165 ibidem

2068 3201 2254 3274 posito
2286 3219 2471 3256 unum
2506 3200 2743 3266 librum,
2778 3200 3083 3272 variasque
3131 3200 3409 3272 epistolas
3440 3198 3594 3254 dedi.
3626 3198 3711 3254 Ad

294 3289 455 3345 tandi
493 3288 763 3344 studium
786 3288 1025 3357 inesset,
1045 3288 1115 3344 ad
1147 3289 1255 3343 hoc
1278 3288 1603 3360 saepissime
1633 3306 1748 3343 non
1771 3288 1950 3343 habui
1983 3274 2026 3341 C
2065 3290 2346 3363 Superius
2395 3291 2822 3361 (Obermunstcr)
2854 3306 3087 3361 quoque
3135 3288 3554 3344 monasterium
3594 3291 3713 3343 tres

292 3380 560 3451 tempus,
593 3378 706 3433 nisi
739 3378 798 3433 in
830 3376 1050 3433 festivis
1081 3377 1307 3445 diebus,
1333 3380 1434 3432 aut
1458 3378 1749 3443 noctibus,
1784 3394 1953 3433 cons-

290 3467 513 3523 trictus
547 3465 812 3522 videlicet
837 3471 894 3521 et
915 3484 1227 3538 puerorum
1259 3483 1399 3521 cura
1420 3467 1489 3521 ad
1523 3466 1873 3531 docendum,
1897 3470 1955 3520 et

288 3554 545 3612 illorum
600 3556 888 3627 petitione,
922 3555 1138 3627 quibus
1187 3544 1453 3611 scribere.
1490 3555 1656 3627 ccepi,
1690 3556 1761 3609 ad
1812 3555 1956 3610 scri-

288 3646 587 3701 bendum.
622 3647 770 3717 Ergo
801 3648 1010 3717 praeter
1052 3643 1280 3700 libellos
1312 3661 1346 3699 a
1378 3660 1471 3699 me
1502 3644 1773 3711 dictatas,
1807 3660 1956 3716 quos

295 3737 410 3789 tam
443 3739 663 3808 sponte
695 3751 873 3806 quam
906 3734 1122 3806 petitus
1157 3750 1262 3806 pro
1296 3732 1542 3789 aliorum
1575 3733 1955 3789 aediﬁcatione

299 3823 525 3879 dandos
540 3824 791 3896 scripsi;
813 3840 930 3879 uno
945 3823 1140 3878 minus
1153 3841 1225 3877 xx
1238 3822 1419 3879 libros
1435 3821 1702 3879 Missales
1720 3823 1952 3895 scripsi,

297 3910 497 3965 decem
512 3910 759 3983 quidem
782 3909 1094 3966 abbatibus
1108 3914 1209 3965 aut
1223 3910 1502 3965 fratribus
1527 3910 1586 3964 in
1602 3910 1955 3966 monasterio

298 4005 500 4057 nostro
512 3999 729 4074 positis
745 4017 759 4068 ;
776 4004 1032 4072 quatuor
1044 4003 1239 4055 autem
1258 3998 1955 4071 fratribusFuldensibus,

2063 3379 2282 3446 libros;
2319 3380 2389 3433 ad
2440 3379 2686 3434 Inferius
2732 3379 3234 3446 (Nidernmunster)
3285 3375 3707 3431 monasterium

2066 3485 2249 3522 unum
2282 3467 2499 3522 librum
2536 3467 2688 3521 dedi.
2721 3467 3001 3522 Prazterea
3049 3464 3251 3519 multis
3283 3464 3413 3520 aliis
3442 3463 3575 3519 dedi
3607 3467 3710 3519 aut

2065 3555 2200 3612 misi
2230 3556 2545 3628 aliquando
2577 3549 2879 3611 sermones
2906 3559 3005 3610 aut
3027 3554 3351 3626 proverbia,
3375 3567 3475 3607 seu
3510 3551 3711 3624 aliqua

2063 3644 2463 3701 aedificationis
2494 3645 2727 3717 scripta.
2753 3643 2917 3700 Talia
2948 3649 3143 3699 autem
3164 3641 3379 3699 laboris
3412 3642 3523 3696 mei
3556 3641 3713 3696 indi-

2064 3734 2154 3790 cia
2185 3735 2277 3790 hic
2315 3734 2444 3790 ideo
2475 3734 2711 3807 protuli,
2732 3738 2796 3789 ut
2828 3733 3057 3806 aliquos
3088 3731 3406 3788 monachos
3437 3730 3714 3787 otiositati

2065 3824 2292 3879 deditos
2316 3828 2732 3889 converterem,
2757 3826 2813 3878 et
2837 3823 2908 3878 ad
2939 3822 3174 3896 aliquod
3202 3838 3348 3893 opus
3373 3820 3712 3877 monasticae

2062 3912 2191 3967 vita:
2226 3929 2549 3984 congruum
2582 3913 2902 3967 incitarem.
2928 3911 2985 3965 Si
3019 3910 3176 3967 enim
3207 3915 3325 3965 tam
3361 3926 3574 3982 magna
3604 3925 3710 3967 ne-

2065 4005 2308 4074 queunt,
2334 4000 2590 4056 faciliora
2620 4017 2788 4074 agere
2819 4004 3084 4073 possunt.
