4114 6184
443 364 523 429 59
1459 366 1803 429 OTHLONI
1848 367 2208 432 MONACHI
2254 372 2320 433 S.
2369 369 2863 437 EMMERAMMI
3788 374 3872 442 60

458 526 3866 571 Ἦ

1136 712 2289 819 νεΝειιιΑΒιιιε
2384 721 3155 825 οτΗιοΝι

1536 931 1857 988 MONACHI
1893 933 2772 993 SANCT—EMMERAMMENSIS

446 1088 1293 1215 DIALOGUS
1418 1094 1632 1214 DE
1754 1097 2368 1221 TRIBUS
2512 1099 3860 1250 QUAESTIONIBUS,

2039 1310 2100 1365 Id
2135 1315 2223 1366 est
2256 1328 2268 1366 :
2637 1359 2641 1363 .

767 1436 855 1497 De
885 1437 1098 1520 divinae
1124 1441 1363 1520 pietatis
1393 1442 1715 1521 agnitione,
1744 1442 2225 1605 judz'cz'ortzinyque
2255 1446 2588 1586 q’ivinorum
2618 1447 2975 1523 diversitate,
3010 1460 3065 1511 et
3094 1449 3163 1511 de
3194 1450 3363 1510 varia
3397 1448 3535 1510 bene

1875 1544 2025 1603 agen
2072 1546 2088 1585 ι
2155 1546 2265 1586 acu
2297 1538 2433 1588 late.
2733 1541 2736 1544 ’

1875 1538 2088 1603 agendz
2121 1538 2433 1603 facultate.
2733 1541 2736 1544 ’

444 1643 639 1722 Prodit
669 1660 818 1722 [tunc
843 1645 1089 1722 primum
1211 1644 1389 1722 lucem
1419 1663 1490 1701 ex
1534 1648 1687 1703 codd.
1720 1666 1848 1722 mss.
1882 1651 2216 1722 inclytorum
2247 1657 2703 1709 monasteriorum
2755 1656 2808 1709 S.
2844 1656 3029 1711 Crucis
3082 1657 3200 1712 0rd.
3237 1657 3367 1712 Cist.
3402 1660 3455 1711 et
3483 1653 3874 1710 Lambacenst's

519 1714 633 1798 (ἰν-ἀ.
665 1713 719 1798 S,
755 1715 952 1797 Bened.
987 1718 1047 1770 in
1096 1717 1335 1788 Austria,
1369 1735 1534 1789 opera
1564 1724 1612 1774 et
1655 1720 1830 1775 studio
1888 1713 2017 1778 Ven:
2064 1726 2124 1779 D.
2159 1730 2222 1779 P.
2260 1726 2514 1795 Leopoldi
2550 1727 2924 1798 Wydemanni,
2961 1728 3317 1783 Carthasiani
3361 1731 3411 1783 et
3464 1725 3879 1783 bibliothecarii

522 1786 909 1843 Gemm’censis.

1035 1906 1226 1977 (Apud
1261 1906 1326 1962 R.
1364 1907 1422 1961 Ρ.
1456 1908 1816 1966 Bernardum
1848 1911 2101 1978 Pezium,
2137 1912 2441 1969 Thesaurus
2472 1915 2690 1984 Anecd.,
2725 1916 2822 1985 III,
2855 1934 2916 1987 11,
2957 1932 3087 1988 pag.
3123 1916 3270 1987 141.)

1954 2174 2378 2262 INCIPIT

1061 2346 1628 2461 DIALOGUS
1695 2352 1844 2459 DE
1914 2350 2318 2465 TRIBUS
2386 2351 3245 2480 QUIESTIONIBUS

1476 2549 1973 2625 PROLOGUS
2044 2550 2421 2624 LIBELLI
2504 2553 2673 2626 HUJ
2685 2553 2821 2626 US.

1940 2738 2361 2749 —————.————

517 2839 778 2910 Appetis,
830 2838 1113 2909 Heinrice,
1149 2840 1419 2896 mihimet
1468 2840 1737 2912 specialis
1788 2839 1993 2906 amice,
2030 2844 2094 2894 ut
2125 2839 2181 2906 Α
2210 2838 2403 2912 inepte
2431 2842 2520 2897 vel
2552 2841 2751 2913 inique
2782 2843 3075 2915 prolatum
3108 2839 3471 2913 agnoverint,
3497 2838 3650 2910 quod
3682 2837 3860 2894 etiam

448 2925 611 2983 illam
644 2928 1133 2985 confabulationis
1160 2934 1367 2985 nostrae
1390 2930 1803 2993 ratiunculam,
1828 2946 2003 3000 quam
2028 2930 2098 2983 de

448 3016 662 3089 pietate
686 3017 880 3072 divina
913 3019 1202 3089 rebusque
1221 3019 1351 3074 aliis
1385 3020 1629 3075 fecimus
1661 3020 1978 3091 quondam,
2003 3018 2097 3072 lit-

448 3106 589 3163 teris
622 3123 781 3162 more
813 3106 1026 3179 dialogi
1050 3108 1201 3162 inter
1232 3126 1336 3165 nos
1367 3109 1551 3164 habiti
1584 3126 1890 3181 exponam.
1912 3111 2096 3173 Quam

449 3196 787 3268 petitionem
813 3213 879 3251 ex
909 3201 1072 3268 parte
1094 3198 1356 3265 devotus,
1378 3204 1433 3253 et
1463 3216 1531 3253 ex
1563 3204 1722 3271 parte
1754 3198 1959 3254 studeo
1994 3198 2099 3251 im-

453 3284 606 3357 plere
637 3285 854 3341 invitus
886 3303 899 3341 :
934 3274 1176 3342 devotus
1200 3289 1603 3359 quidem,ideo
1636 3288 1774 3359 quia
1808 3304 1919 3358 prae
1944 3303 2097 3341 mor-

450 3373 670 3430 talibus
701 3375 904 3431 multis
934 3376 1203 3432 charitati
1248 3383 1359 3432 tuas
1392 3378 1574 3449 gestio
1607 3394 1807 3448 parere
1834 3395 1845 3443 ;
1882 3376 2098 3431 invitus

450 3468 669 3529 autem,
702 3465 861 3536 quia,
894 3466 1047 3521 sicut
1075 3484 1107 3521 a
1142 3483 1233 3521 me
1266 3467 1537 3538 accepisti
1582 3467 1822 3537 ipseque
1855 3467 2097 3538 legendo

453 3554 738 3626 probasti,
773 3556 1039 3610 eamdem
1072 3555 1355 3610 rationem
1390 3556 1515 3610 sine
1546 3557 1804 3626 praemio,
1838 3556 1963 3610 sine
1994 3573 2097 3610 au-

452 3641 628 3697 ctoris
658 3642 827 3698 titulo
876 3644 1033 3699 volui
1073 3645 1351 3715 proferre,
1387 3649 1470 3710 ut,
1506 3645 1554 3698 si
1612 3645 1757 3699 forte
1802 3643 2097 3714 quispiam

454 3730 685 3786 invidiae
715 3731 803 3786 vel
834 3732 1208 3787 detractionis
1241 3737 1401 3802 peste
1450 3736 1675 3803 captus,
1704 3732 1860 3786 dicta
1890 3732 2097 3801 hujus-

452 3821 609 3877 modi
643 3837 875 3894 rugosa,
908 3826 972 3875 ut
1020 3820 1188 3892 solet,
1220 3822 1407 3875 fronte
1456 3828 1733 3894 torvaque
1780 3821 1922 3876 facie
1954 3822 2093 3892 [cod.

454 3910 507 3966 S.
544 3910 700 3965 Cruc.
736 3910 879 3980 acie]
910 3908 1153 3981 legendo
1184 3910 1387 3977 adiret,
1413 3910 1678 3966 nesciens
1710 3927 1883 3982 quem
1907 3910 2098 3981 operis

442 4000 636 4070 hujus
682 4003 979 4054 auctorem
1024 4005 1471 4071 persequeretur
1518 4000 1831 4055 invidendo
1880 4000 1967 4055 vel
2000 4001 2098 4054 de-

452 4087 738 4144 trahendo
752 4087 936 4143 levius
950 4087 1476 4145 insaniret.Invidis
1492 4107 1745 4160 namque
1762 4094 1817 4145 et
1831 4090 2099 4161 superbis

456 4193 602 4250 pene
632 4177 741 4231 erit
769 4176 1104 4234 inevitabile
1135 4178 1269 4248 [c0d.
1294 4181 1481 4233 Lamb.
1517 4170 1686 4250 penna
1714 4180 1823 4234 erit
1853 4180 2103 4234 inevita—

457 4265 638 4337 bilis],
672 4270 735 4320 ut
766 4266 1118 4339 cujusquam
1152 4272 1296 4322 nota:
1328 4267 1574 4338 vilisque
1605 4285 1862 4339 personae
1887 4269 2103 4340 scripta

460 4354 541 4411 vel
573 4355 727 4410 dicta
758 4355 979 4427 absque
1010 4355 1282 4412 irrisione
1312 4357 1498 4428 possit
1528 4374 1860 4428 agnoscere.

533 4444 696 4501 Unde
725 4461 927 4516 precor
958 4450 1042 4510 ut,
1078 4446 1218 4517 quia
1247 4447 1394 4501 votis
1423 4446 1539 4500 tuis
1572 4446 1980 4518 obtemperans
2005 4463 2105 4518 per

461 4532 818 4590 alternantes
832 4533 1043 4606 dialogi
1058 4552 1336 4606 personas
1351 4534 1605 4591 nominis
1620 4535 1732 4589 mei
1751 4536 2103 4592 mentionem

461 4641 636 4697 cogor
666 4624 873 4691 facere,
906 4627 969 4678 tu
1003 4640 1235 4696 quoque
1278 4623 1536 4695 digneris
1568 4624 1675 4680 hoc
1706 4625 1942 4679 omnino
1973 4643 2105 4698 pro-

459 4714 654 4768 videre
684 4729 755 4767 ne
777 4714 1079 4785 parvitatis
1102 4730 1241 4769 meae
1272 4713 1531 4783 verbula,
1557 4715 1627 4768 ad
1662 4714 2103 4769 aediﬁcationem

460 4801 777 4857 humilium
810 4802 1179 4858 solummodo
1203 4802 1425 4874 prolata
1454 4802 1784 4858 invidorum
1817 4808 1873 4859 et
1904 4821 2106 4875 super-

462 4889 672 4946 borum
704 4890 847 4945 ﬁant
874 4891 1146 4947 ludibria.

535 4979 664 5033 Haec
694 4978 873 5051 igitur
893 4979 1009 5034 dixi
1032 4984 1269 5052 propter
1298 4982 1688 5053 quorumdam
1713 4981 2103 5038 insolentiam.

463 5067 524 5124 Si
556 5067 693 5140 quid
719 5084 847 5123 vero
871 5068 929 5122 in
961 5068 1053 5123 his
1076 5069 1323 5140 desipui,
1348 5070 1673 5143 ignoscant,
1699 5087 1915 5140 quaeso,
1941 5070 2105 5124 mihi.

466 5157 683 5213 Deinde
714 5174 937 5227 omnes,
974 5158 1075 5229 qui
1124 5159 1244 5214 haec
1274 5159 1463 5231 legere
1515 5159 1600 5214 vel
1632 5160 1833 5215 audire
1863 5160 2109 5232 dignan-

464 5251 580 5317 tur,
616 5248 853 5302 obsecro
902 5247 1071 5303 unice
1116 5252 1198 5316 ut,
1233 5249 1278 5303 si
1334 5250 1470 5321 quid
1504 5249 1597 5304 hic
1647 5249 1943 5321 sapientia:
1992 5249 2111 5305 sale

468 5336 767 5392 conditum
825 5338 1135 5409 reperiant,
1194 5338 1310 5394 Deo
1367 5339 1585 5412 gratias
1662 5339 1930 5406 referant,
1990 5339 2109 5410 qui,

468 5426 700 5497 quando
732 5424 873 5494 vult,
910 5427 1096 5483 brutis
1130 5444 1363 5500 quoque
1412 5428 1767 5484 animalibus
1816 5428 2109 5501 loquelam

468 5518 705 5587 praestat
731 5532 1049 5587 congruam
1080 5534 1092 5571 :
1126 5517 1408 5587 mihique,
1437 5518 1534 5588 qui
1563 5516 1643 5571 nil
1676 5534 1743 5571 ex
1774 5534 1886 5585 me,
1911 5520 2011 5574 sed
2045 5536 2111 5574 ex

2211 2930 2429 2985 sanctis
2471 2931 2745 2987 Patribus
2775 2932 2988 3004 legitur
3017 2931 3297 2993 evenisse,
3332 2927 3639 3000 imperitiae
3671 2926 3861 2997 magis

2210 3035 2386 3089 quam
2421 3019 2657 3076 malitize
2712 3039 2853 3076 mea:
2904 3023 3203 3092 deputent,
3255 3019 3502 3090 ideoque
3559 3016 3642 3072 sic
3690 3015 3863 3071 noxia

2212 3113 2471 3163 resecent
2499 3113 2562 3163 ut
2597 3109 2761 3164 utilia
2793 3127 2905 3165 non
2938 3110 3343 3165 condemnent.
3378 3105 3509 3162 Scio
3537 3105 3690 3160 enim
3723 3103 3864 3175 quia

2211 3200 2330 3250 tam
2365 3204 2629 3252 sanctam
2655 3204 2892 3270 tamque
2922 3200 3165 3254 arduam
3190 3196 3495 3252 materiam
3520 3194 3678 3249 nullo
3710 3191 3861 3264 stylo

2210 3291 2312 3341 aut
2340 3303 2607 3343 sermone
2637 3304 2894 3359 congruo
2924 3303 3188 3359 promere
3222 3285 3382 3357 potui
3410 3304 3423 3352 ;
3457 3287 3858 3340 verumtamen

2210 3376 2362 3443 ideo,
2396 3381 2692 3449 utcunque
2725 3379 2977 3448 proferre
3001 3376 3221 3443 studui,
3253 3380 3319 3430 ut
3349 3392 3381 3430 a
3407 3372 3608 3447 peritis
3638 3370 3860 3444 aliqui-

2212 3466 2322 3521 bus
2355 3466 2709 3535 proferretur
2738 3467 2797 3521 in
2828 3466 3062 3521 melius.

2284 3554 2505 3610 Peritos
2529 3560 2723 3611 autem
2758 3555 2883 3611 dico
2914 3556 3101 3625 magis
3124 3554 3255 3610 illos
3286 3554 3385 3625 qui
3418 3554 3477 3607 in
3509 3569 3674 3608 sacra
3703 3550 3856 3607 Scri-

2213 3650 2571 3717 pturaquam
2598 3645 2769 3715 quiin
2792 3642 3549 3699 dialecticasuntinstructi.
3567 3642 3712 3696 Nam
3732 3639 3858 3695 dia-

2213 3734 2448 3790 lecticos
2462 3734 2747 3803 quosdam
2761 3734 2840 3789 ita
2855 3734 3150 3805 simplices
3164 3731 3356 3787 inveni
3376 3735 3439 3785 ut
3460 3729 3659 3784 omnia
3680 3745 3857 3783 sacres

2214 3823 2528 3893 Scripturze
2557 3823 2727 3893 dicta,
2744 3824 2913 3894 juxta
2936 3822 3247 3879 dialecticae
3269 3819 3692 3885 auctoritatem,
3717 3833 3858 3872 con-

2216 3911 2556 3981 stringenda
2576 3929 2702 3967 esse
2728 3912 3105 3967 decernerent
3126 3910 3431 3982 magisque
3462 3905 3657 3962 Boetio
3681 3920 3857 3977 quam

2216 4002 2434 4056 sanctis
2457 4001 2839 4071 scriptoribus
2863 4002 2917 4054 in
2933 4000 3204 4072 plurimis
3217 3999 3388 4054 dictis
3402 3996 3720 4053 crederent.
3743 3994 3861 4050 Un-

2215 4091 2284 4146 de
2316 4095 2371 4145 et
2402 4091 2673 4145 eumdem
2709 4091 2967 4145 Boetium
3000 4089 3184 4145 secuti
3220 4105 3312 4144 me
3360 4084 3862 4159 reprehendebant

2134 4216 2182 4282 B
2216 4181 2369 4252 quod
2404 4196 2661 4251 personae
2695 4195 2905 4234 nomen
2939 4177 3134 4241 alicui,
3168 4177 3281 4231 nisi
3314 4174 3653 4232 substantiis
3684 4170 3860 4228 ratio-

2216 4268 2333 4324 nali
2356 4269 2731 4323 ascriberem.
2758 4271 2889 4332 Quee
2926 4266 3298 4339 reprehensio
3331 4265 3379 4320 si
3402 4266 3567 4336 justa
3596 4267 3704 4329 est,
3731 4262 3859 4333 jus-

2214 4363 2339 4413 tum
2374 4362 2462 4412 est
2493 4357 2666 4412 etiam
2700 4361 2764 4411 ut
2794 4356 2908 4411 alia
2941 4355 3179 4411 nomina
3205 4358 3261 4411 et
3288 4354 3482 4419 verba,
3517 4368 3644 4424 qua;
3673 4350 3732 4405 in
3763 4349 3859 4404 lit-

2214 4447 2355 4503 teris
2383 4447 2565 4502 sacris
2596 4445 2974 4502 inveniuntur
3005 4445 3172 4500 aliter
3218 4443 3407 4515 posita
3436 4458 3612 4513 quam
3646 4438 3860 4495 dialec-

2215 4536 2329 4591 tica
2359 4538 2581 4599 doceat,
2616 4534 3217 4605 reprehendantur,ut
3248 4529 3597 4601 substantia,
3613 4526 3861 4600 species,

2215 4642 2420 4698 genus,
2456 4622 2691 4692 sentire,
2724 4628 2781 4677 et
2809 4622 3043 4689 habere,
3076 4621 3308 4693 aliaque
3341 4620 3527 4691 plura.

2288 4715 2417 4769 Haec
2438 4713 2619 4785 igitur
2638 4712 2851 4779 omnia,
2868 4712 3192 4767 secundum
3212 4705 3862 4779 dialecticam,singulas

2218 4802 2587 4861 solummodo
2610 4801 3108 4873 interpretationis
3130 4799 3347 4856 habent
3372 4816 3385 4866 ;
3419 4799 3544 4867 sed,
3568 4798 3740 4869 juxta
3770 4811 3863 4850 sa-

2218 4910 2325 4949 crae
2355 4892 2665 4962 Scripturze
2688 4907 2883 4959 usum,
2906 4889 3082 4945 variis
3116 4888 3305 4944 modis
3328 4891 3629 4959 ponuntur
3658 4901 3671 4940 :
3708 4899 3865 4939 nunc

2220 4982 2479 5054 quidem,
2533 4984 2597 5035 ut
2646 4980 2703 5034 in
2756 4978 3094 5047 dialectica;
3146 4978 3441 5033 interdum
3489 4993 3643 5047 vero,
3676 4973 3862 5031 aliter.

2218 5071 2381 5128 Unde
2414 5074 2469 5126 et
2499 5074 2737 5125 sanctus
2769 5068 3155 5139 Augustinus,
3189 5075 3310 5123 tam
3340 5067 3401 5121 in
3431 5065 3644 5122 divinis
3686 5078 3866 5137 quam

2218 5161 2277 5215 in
2313 5158 2691 5216 saecularibus
2714 5157 2922 5213 litteris
2953 5157 3357 5225 doctissimus,
3381 5156 3440 5211 in
3471 5156 3616 5210 libro
3640 5154 3869 5210 Retrac-

2219 5250 2507 5305 tationum
2539 5263 2655 5301 non
2709 5245 2943 5302 erubuit
2987 5245 3251 5301 confiteri
3301 5262 3364 5301 se
3408 5258 3632 5301 errasse
3664 5243 3725 5297 in
3757 5241 3869 5297 hoc

2222 5339 2398 5410 quod,
2442 5338 2611 5409 juxta
2664 5336 2973 5407 quosdam,
3027 5335 3327 5392 sensibilis
3375 5332 3745 5390 solummodo
3796 5331 3869 5388 de

2221 5426 2621 5498 corporalibus
2651 5424 2991 5497 accipienda
3021 5426 3316 5497 quondam
3357 5421 3710 5494 scripsisset.
3742 5420 3865 5490 Est,

2221 5516 2433 5588 inquit,
2462 5532 2670 5571 sensus
2702 5519 2759 5571 et
2788 5515 3021 5571 mentis.

469 5605 597 5676 ejus
627 5604 778 5660 dono
811 5604 929 5660 haec
960 5606 1194 5678 protuli,
1219 5605 1329 5662 hoc
1359 5587 1621 5661 beneﬁcii
1656 5607 2111 5681 munusimpen-
2142 5587 2184 5654 (ἶ
2295 5587 2439 5663 Cum
2476 5621 2612 5678 ergo
2661 5605 3109 5677 reprehensores
3159 5602 3272 5658 mei
3311 5600 3432 5656 haac
3484 5600 3705 5673 omnia,
3738 5616 3868 5673 quae

470 5694 612 5753 dant
645 5697 706 5752 ut
752 5712 855 5770 pro
886 5696 1139 5770 peccatis
1189 5696 1334 5753 meis
1380 5695 1759 5753 intercedant.
1790 5698 1864 5753 At
1892 5696 1940 5754 si
1972 5700 2112 5772 quid

2224 5695 2363 5765 dixi,
2396 5696 2455 5751 in
2478 5712 2646 5754 sacra
2665 5696 2967 5770 Scriptura
2991 5691 3449 5766 emendaverint,
3469 5694 3610 5750 tunc
3624 5695 3682 5751 et
3702 5688 3873 5751 illam
