4118 6188
265 341 337 414 BI
1243 347 1551 411 DIALOG.
1601 346 1698 410 DE
1743 345 2030 413 TRIBUS
2077 345 2700 421 QUES'I‘IONIBUS.
3599 336 3680 402 62

267 482 672 553 rusticitatem,
706 498 886 556 quam
915 480 976 539 in
1007 499 1267 556 personae
1301 483 1454 540 dicto
1485 485 1746 542 scribens
1780 500 1910 558 pro-
1943 485 1996 554 Α
2031 484 2173 544 Nam
2207 501 2373 542 sacra
2409 483 2708 558 Scriptura
2745 499 2954 541 nomen
2986 486 3045 540 et
3070 494 3379 556 personam
3411 477 3566 536 idem
3597 473 3677 534 si-

268 573 394 641 tIJli,
445 572 626 629 simul
677 572 994 644 corrigant.
1025 573 1108 628 Ad
1162 573 1301 640 haec,
1350 592 1567 646 quaeso,
1602 575 1920 647 dignentur

267 663 565 721 attendere
596 662 738 735 quia
778 667 929 718 Deus
959 663 1350 736 omnipotens,
1384 665 1535 720 sicut
1583 666 1918 720 dialecticos

265 758 318 810 et
348 753 770 824 grammaticos
804 753 876 808 ad
917 752 1232 822 agnitionis
1261 771 1379 809 suae
1410 755 1657 826 gratiam
1690 754 1917 809 trahere

265 843 430 914 solet,
463 842 546 898 ita
591 843 902 897 amborum
933 842 1088 898 dicta
1120 843 1212 898 vel
1251 845 1468 916 scripta
1521 845 1780 915 accipere
1831 844 1915 898 di-

267 937 500 1007 gnatur,
535 933 857 987 dummodo
902 933 1203 987 veritatem
1238 933 1527 1005 fidemque
1556 951 1782 988 sacram
1815 933 1916 988 ob-

266 1039 493 1080 servare
535 1022 828 1077 studeant.
860 1023 967 1076 Sed
1001 1022 1048 1076 si
1084 1023 1228 1077 forte
1278 1022 1645 1078 saecularium
1695 1022 1911 1078 littera-

265 1128 394 1167 rum
451 1109 783 1182 eloquentia
825 1110 1010 1165 inﬂati
1043 1109 1162 1166 hinc
1215 1128 1325 1166 non
1377 1111 1747 1176 crediderint,
1779 1127 1914 1165 eon-

265 1201 677 1272 tonderintque
724 1204 902 1255 Deum
935 1199 1224 1272 elegantia
1266 1201 1553 1256 sermonis
1586 1200 1677 1256 sui
1728 1199 1916 1272 magis

267 1290 545 1348 delectari
567 1306 738 1362 quam
762 1288 1085 1345 rusticitate
1112 1289 1316 1356 nostri,
1341 1290 1663 1356 attendant,
1691 1306 1911 1360 precor,

263 1380 424 1452 quod
451 1378 754 1451 Apostolus
786 1378 930 1434 dicit
964 1396 975 1433 :
1011 1379 1292 1450 Sapientia
1340 1381 1504 1451 hujus
1552 1379 1746 1433 mundi
1773 1379 1910 1433 stul-

262 1471 394 1525 titia
422 1469 576 1540 apud
601 1473 777 1524 Deum
808 1470 858 1538 (Ι
888 1468 1006 1523 Cor.
1042 1470 1158 1537 In);
1193 1475 1246 1523 et
1281 1486 1292 1524 :
1331 1470 1558 1524 Infirma
1587 1469 1778 1523 mundi
1807 1469 1912 1524 ele-

269 1559 347 1628 git
369 1559 529 1626 Deus,
566 1567 626 1612 ut
653 1557 951 1628 confundat
971 1561 1140 1629 fortia
1168 1560 1214 1629 (I
1244 1559 1362 1612 Cor.
1390 1559 1447 1627 ι),

333 1647 486 1702 Inter
517 1646 641 1701 haec
664 1663 896 1717 quoque
919 1647 1286 1718 pensandum
1315 1652 1401 1702 est
1431 1648 1568 1718 quia
1601 1647 1836 1701 nomina
1859 1651 1915 1702 et

266 1736 433 1793 verba
474 1736 769 1806 quaedam,
804 1753 957 1790 nunc
1001 1737 1236 1807 quidem
1288 1737 1546 1805 abusive,
1581 1753 1733 1790 nunc
1783 1753 1914 1791 vero

268 1825 494 1899 proprie
525 1830 844 1896 ponuntur.
871 1825 941 1880 Ut
974 1825 1031 1880 in
1057 1825 1304 1880 Psalmis
1335 1826 1574 1880 verbum
1604 1842 1912 1897 persequor.

273 1915 332 1976 In
362 1929 478 1969 uno
511 1913 671 1970 enim
703 1913 826 1969 loco
871 1913 1083 1969 dicitur
1116 1932 1128 1970 :
1162 1915 1391 1986 Inquire
1438 1931 1626 1987 pacem
1657 1920 1705 1970 et
1734 1931 1917 1986 perse-

271 2019 426 2079 quere
453 2019 578 2058 eam
603 2004 772 2073 (Psal.
807 2006 1027 2072 xxxm).
1053 2003 1205 2058 Alibi
1237 2021 1368 2059 vero
1400 2003 1511 2058 alio
1539 2021 1716 2059 sensu
1754 2004 1917 2075 poni-

272 2098 381 2158 tur,
415 2098 482 2147 ut
515 2109 529 2146 :
562 2093 944 2148 Detrahentem
974 2102 1174 2150 secreto
1199 2098 1458 2164 proximo
1486 2109 1584 2148 suo
1615 2093 1760 2148 hunc
1786 2110 1917 2164 per-

271 2183 530 2254 sequebar
557 2183 730 2250 (Psal.
763 2184 836 2253 ο).
873 2183 1130 2247 Quorum
1165 2182 1433 2238 videlicet
1465 2200 1647 2237 unum
1684 2198 1918 2237 necesse

269 2277 350 2327 est
380 2271 644 2341 abusive,
678 2270 834 2327 aliud
876 2289 1010 2328 vero
1061 2272 1290 2344 proprie
1342 2273 1602 2343 positum
1637 2271 1768 2339 dici,
1803 2271 1916 2326 nisi

269 2362 434 2428 forte,
470 2377 575 2432 pro
624 2378 688 2415 eo
732 2361 910 2432 quod,
939 2361 1025 2416 vel
1060 2379 1260 2434 pacem
1318 2366 1665 2433 quaerentes,
1698 2360 1785 2415 vel
1815 2361 1916 2415 ho-

265 2450 492 2506 minem
549 2449 748 2505 laedere
807 2449 1064 2506 volentes
1104 2451 1234 2523 (hoc
1292 2451 1446 2506 enim
1508 2455 1919 2522 persequentes

265 2539 601 2611 signiﬁcat),
635 2543 955 2611 utrumque
997 2541 1294 2611 sequendo
1325 2540 1577 2612 agimus,
1603 2545 1919 2610 utrumque

267 2628 442 2685 etiam
471 2645 589 2683 uno
616 2629 938 2699 eodemque
959 2630 1134 2684 verbo
1157 2630 1409 2701 proferre
1434 2630 1917 2701 possimus.Quod

267 2718 312 2773 si
340 2717 424 2772 ita
455 2721 568 2784 est,
605 2718 757 2772 idem
804 2719 875 2772 de
913 2734 1154 2789 persona
1189 2720 1362 2773 datur
1393 2718 1659 2791 intelligi.
1685 2723 1829 2774 Nam
1863 2725 1921 2774 et

267 2807 540 2863 Latinum
566 2811 780 2862 nomen
804 2811 889 2862 est
910 2812 966 2862 et
985 2808 1112 2878 ejus
1134 2808 1315 2880 origo,
1334 2809 1502 2879 juxta
1523 2809 1917 2880 grammatica:

267 2896 560 2970 regulam,
585 2896 753 2951 facile
786 2901 977 2968 potest
1006 2897 1262 2968 agnosci.
1296 2897 1374 2952 De
1406 2899 1576 2952 verbo
1610 2901 1761 2952 enim
1795 2915 1916 2968 per-

262 3002 382 3040 sona
445 3001 715 3057 personas
747 2986 1046 3040 derivatur
1089 3003 1300 3041 nomen
1334 2988 1486 3058 quod
1533 2993 1621 3042 est
1665 3005 1916 3058 persona,

267 3074 595 3147 penultima
625 3074 867 3148 syllaba,
903 3075 1271 3130 discretionis
1302 3093 1497 3146 causa,
1525 3077 1823 3147 producta,
1851 3094 1920 3132 ne

270 3164 654 3236 imperativus
685 3179 811 3219 esse
844 3169 1081 3235 putetur
1115 3181 1380 3236 persona.
1406 3165 1587 3231 Unde,
1615 3165 1766 3220 sicut
1796 3182 1918 3220 ver-

2027 577 2302 650 gnifieare
2331 575 2614 647 perhibet,
2637 591 2770 630 cum
2797 591 2896 646 pro
2922 574 3110 629 tribus
3134 570 3428 645 personis,
3454 567 3664 636 Patris,

2027 670 2085 721 et
2115 665 2259 735 Filii,
2283 670 2340 720 et
2371 665 2628 736 Spiritus
2649 664 2854 734 sancti,
2881 681 3027 736 quas
3049 661 3370 734 saepissime
3391 659 3668 731 legimus,

2027 755 2138 812 tria
2171 756 2408 811 nomina
2441 755 2729 810 interdum
2767 754 2949 826 ponit,
2984 757 3048 807 ut
3082 768 3094 806 :
3125 754 3321 806 Euntes
3349 750 3530 805 docete
3558 764 3674 803 orn-

2025 863 2121 901 nes
2149 850 2357 918 gentes,
2383 847 2723 916 baptisantes
2749 861 2834 900 eos
2865 845 2925 898 in
2950 843 3170 898 nomine
3196 842 3406 908 Patris,
3429 848 3479 894 et
3509 835 3674 906 Filii,

2025 944 2076 991 et
2104 936 2346 1002 Spiritus
2375 937 2554 990 sancti
2585 935 2794 1006 (Matth.
2829 933 3012 1003 xvm).
3047 931 3268 994 Quibus
3293 928 3487 984 verbis
3519 926 3675 982 colli-

2027 1026 2183 1096 gitur
2213 1025 2372 1097 quia,
2395 1029 2450 1079 et
2477 1041 2709 1087 nomen,
2731 1029 2786 1078 et
2820 1039 3067 1095 persona
3096 1018 3507 1076 communione
3538 1033 3677 1088 qua-

2028 1116 2160 1170 dam
2183 1117 2534 1186 junguntur.
2559 1115 2702 1169 Cum
2737 1113 2892 1168 enim
2927 1127 3136 1167 nomen
3164 1126 3266 1182 pro
3294 1123 3546 1180 persona
3576 1123 3676 1178 po-

2028 1204 2205 1273 nitur,
2240 1221 2451 1259 nomen
2496 1216 2688 1258 autem
2736 1201 2911 1258 variis
2960 1201 3134 1256 rebus
3185 1196 3516 1266 ascribitur,
3548 1212 3675 1269 per-

2027 1310 2170 1349 sona
2200 1309 2432 1364 quoque
2462 1292 2639 1348 variis
2672 1292 2846 1347 rebus
2879 1289 3088 1346 ascribi
3119 1287 3290 1344 valet.

2097 1382 2409 1437 Smculares
2438 1399 2566 1436 vero
2599 1381 2986 1452 litterae,quas
3021 1379 3197 1434 etiam
3232 1376 3469 1450 plurimi
3503 1375 3674 1448 spiri-

2026 1472 2172 1528 tales
2201 1472 2305 1527 viri
2339 1477 2684 1542 sequuntur,
2712 1469 2903 1526 simile
2935 1469 3072 1540 quid
3125 1468 3386 1523 tradunt.
3421 1466 3566 1522 Cum
3616 1465 3674 1520 in

2026 1562 2422 1636 grammaticae
2456 1560 2783 1633 pronomini
2831 1563 2886 1614 et
2917 1560 3085 1614 verbo
3117 1562 3234 1612 tres
3268 1571 3546 1626 personas
3577 1570 3675 1609 as-

2026 1651 2279 1717 cribunt,
2299 1656 2359 1705 ut
2377 1667 2386 1704 :
2405 1667 2529 1720 ego,
2547 1654 2629 1718 tu,
2646 1649 2768 1715 ille;
2791 1652 2845 1702 et
2861 1667 2872 1703 :
2891 1647 3037 1719 lego,
3055 1646 3219 1718 legis,
3241 1644 3398 1710 legit.
3415 1645 3673 1709 Quarum

2026 1742 2217 1814 prima
2239 1745 2295 1796 et
2316 1741 2573 1796 secunda
2595 1755 2841 1811 persona
2862 1736 3093 1810 proprie
3116 1733 3382 1790 rationali
3404 1734 3677 1788 substan-

2027 1831 2119 1885 tiae
2169 1829 2538 1892 conveniunt,
2589 1829 2727 1899 quia
2783 1843 2951 1881 nemo
3011 1828 3202 1896 potest
3256 1822 3444 1878 dicere
3478 1839 3490 1876 :
3525 1821 3674 1891 Ego;

2029 1937 2200 1976 nemo
2234 1923 2424 1990 potest
2454 1916 2815 1987 intelligere:
2851 1915 2963 1980 Tu,
2995 1913 3107 1969 nisi
3142 1909 3463 1967 rationalis.
3484 1908 3678 1964 Tertia

2028 2025 2159 2064 vero
2193 2025 2460 2080 persona,
2486 2024 2609 2078 quze
2643 2005 2858 2060 dicitur
2887 2003 3006 2067 ille,
3031 2002 3151 2069 illa,
3180 2000 3350 2070 illud,
3373 1999 3441 2054 ad
3473 2014 3678 2070 quam-

2028 2099 2168 2154 libet
2199 2096 2592 2152 irrationalem
2639 2101 2695 2152 et
2737 2093 3137 2150 insensibilem
3183 2095 3534 2156 creaturam,
3566 2086 3678 2143 diei

2028 2189 2197 2255 valet,
2223 2191 2323 2241 ut:
2353 2186 2450 2240 ille
2484 2186 2631 2252 fons,
2667 2184 2765 2240 illa
2795 2199 2967 2254 aqua,
2997 2181 3140 2236 illud
3173 2196 3371 2252 requor
3400 2177 3550 2233 fluit.

2097 2282 2228 2331 Haec
2276 2276 2455 2348 igitur
2503 2275 2701 2330 omnia
2749 2271 3056 2338 dialectici,
3107 2286 3325 2341 quaeso,
3374 2267 3680 2323 attendant

2028 2365 2292 2437 mihique
2324 2382 2437 2419 non
2473 2365 2765 2435 imputent
2795 2362 2865 2429 si,
2899 2361 2958 2414 in
2991 2357 3293 2432 cpuseulis
3326 2356 3493 2426 meis,
3516 2354 3676 2411 aliud

2029 2455 2169 2526 quid
2225 2471 2402 2526 quam
2462 2452 2766 2508 dialectica
2825 2451 3027 2505 doceat
3085 2447 3430 2503 invenerint.
3491 2445 3680 2514 Major

2028 2529 2181 2600 enim
2216 2561 2355 2599 cura
2387 2543 2530 2597 mihi
2579 2547 2667 2597 est
2713 2540 2980 2612 legendo,
3013 2537 3102 2593 vel
3150 2536 3480 2600 scribendo,
3514 2531 3680 2605 sequi

2030 2637 2366 2689 sanctorum
2408 2631 2558 2685 dicta
2592 2646 2768 2702 quam
2812 2627 3088 2692 Platonis,
3112 2626 3197 2680 vel
3231 2622 3559 2679 Aristotelis
3590 2621 3676 2693 ip-

2031 2723 2267 2792 siusque
2299 2721 2473 2776 etiam
2517 2720 2696 2774 Boetii
2732 2719 3025 2789 dogmata.
3061 2715 3188 2783 Qui,
3223 2714 3356 2768 licet
3400 2713 3458 2767 in
3504 2711 3678 2767 dictis

2031 2809 2300 2882 plurimis
2337 2813 2530 2864 orator
2562 2807 2732 2862 fuerit
2763 2804 3307 2868 excellentissimus,
3341 2801 3399 2856 in
3432 2799 3677 2873 quibus-

2031 2901 2165 2954 dam
2199 2905 2391 2953 tamen
2427 2913 2653 2952 errasse
2698 2895 3011 2950 invenitur.
3039 2895 3194 2948 Inter
3241 2909 3366 2962 quae
3417 2888 3558 2944 illud
3590 2892 3679 2944 est

2031 2988 2208 3060 quod,
2242 3005 2308 3041 ex
2354 3003 2602 3058 persona
2643 2983 3022 3056 philos0phim
3069 2981 3336 3052 loquens,
3381 2979 3679 3034 Lucanum

2031 3077 2307 3150 gentilem
2360 3081 2416 3130 et
2461 3075 2756 3129 infidelem
2795 3071 3142 3128 familiarem
3191 3086 3365 3125 suum
3400 3065 3678 3140 appellat,

2033 3167 2230 3221 dicens
2264 3183 2277 3220 :
2313 3167 2375 3220 Et
2413 3164 2720 3219 familiaris
2771 3179 2936 3216 meus
2987 3162 3275 3216 Lucanus.
3310 3157 3472 3224 Quod
3519 3155 3677 3211 enim

266 3253 393 3309 bum
423 3269 672 3326 persona
708 3271 821 3308 non
869 3259 1171 3326 propterea
1200 3253 1413 3308 dicitur
1456 3256 1606 3325 quod
1662 3255 1916 3326 aliquam
1951 3242 1992 3307 C
2033 3255 2176 3310 nulli
2210 3253 2508 3309 conveniat
2539 3253 2728 3307 dicere
2771 3250 3044 3322 gentilcm
3087 3249 3342 3320 aliquem
3375 3262 3517 3299 vere;
3550 3244 3678 3316 phi-

265 3359 396 3409 rem,
456 3343 574 3398 vel'
611 3343 1007 3397 substantiam
1062 3343 1313 3415 proprie,
1367 3345 1465 3398 sed
1526 3343 1923 3399 indifferenter

269 3431 605 3504 quamlibet
636 3448 752 3486 rem
797 3438 1092 3504 personet,
1124 3433 1242 3487 sive
1283 3432 1563 3498 nominet,
1598 3433 1678 3486 ita
1710 3438 1763 3487 et
1796 3450 1920 3504 per-

269 3537 403 3576 sona
439 3537 558 3592 pro
599 3520 908 3591 cujuslibet
949 3521 1028 3576 rei
1061 3521 1391 3594 agnomine,
1424 3521 1508 3577 vel
1561 3522 1924 3576 demonstra-

268 3610 415 3666 tione
461 3608 582 3665 dici
609 3614 817 3682 potest.

331 3698 524 3766 Quod,
552 3699 668 3754 nisi
693 3697 879 3769 fallor,
903 3703 1025 3754 tam
1055 3700 1240 3754 Sacra
1270 3699 1581 3772 Scriptura
1614 3717 1792 3772 quam
1817 3717 1921 3755 sre-

269 3787 553 3844 cularium
606 3787 936 3843 litterarum
971 3787 1281 3843 traditione
1332 3787 1626 3843 invenitur
1670 3787 1749 3843 ita
1775 3805 1921 3843 esse.

2033 3345 2273 3415 sophiae,
2309 3344 2363 3396 id
2416 3347 2502 3398 est
2555 3341 2758 3394 divinae
2791 3339 3086 3409 sapientiae
3137 3335 3484 3391 familiarem
3529 3347 3680 3399 esse,

2035 3431 2222 3487 ﬁdelis
2255 3430 2499 3502 quilibet
2530 3429 2823 3483 advertere
2855 3426 3026 3479 valet.

2103 3519 2486 3574 Venerandus
2515 3520 2605 3571 est
2654 3531 2789 3587 ergo
2823 3513 2976 3568 Deus
3025 3510 3337 3586 omniaque
3369 3506 3545 3561 simul
3592 3506 3678 3561 di-

2033 3610 2167 3663 vina
2195 3608 2489 3664 laudanda
2512 3608 2650 3661 sunt
2672 3621 2774 3676 pro
2797 3602 3013 3674 capite;
3046 3604 3102 3656 et
3129 3603 3260 3672 post
3281 3598 3401 3652 hzec
3433 3599 3679 3670 possunt

2034 3698 2258 3754 laudari
2291 3701 2496 3753 caetera
2527 3709 2791 3767 quaeque.

2586 3783 2722 3855 Expl
2729 3784 2823 3837 icit
2853 3781 3040 3852 prolog
3049 3795 3130 3834 us.

1737 4048 2223 4135 INCIPIT

317 4231 1172 4358 DIALOGUS
1266 4233 1482 4356 DE
1571 4234 2187 4357 TRIBUS
2284 4226 3619 4380 QUXESTIONIBUS,

1837 4452 1897 4495 ID
1946 4452 2056 4497 EST
2101 4454 2114 4496 ζ

507 4573 602 4636 De
646 4573 866 4636 divina
907 4574 1148 4656 pietatis
1193 4576 1516 4655 agnitione,
1546 4574 2027 4656 iudiciorumque
2063 4573 2406 4656 divinorum
2447 4574 2805 4648 diversitate,
2839 4592 2942 4633 nec
2990 4591 3102 4630 non
3153 4568 3222 4628 de
3271 4567 3439 4628 varia

1623 4655 1762 4715 bene
1790 4654 2013 4734 agendi
2033 4654 2345 4733 facultate.

1035 4811 1234 4880 Quam
1265 4807 1402 4886 pius
1432 4815 1494 4868 et
1515 4809 1720 4885 justus
1749 4807 2070 4878 Dominus,
2106 4806 2202 4867 vel
2231 4815 2466 4886 quanta
2494 4806 2754 4868 facultas

1037 4889 1341 4949 Omnibus
1373 4889 1616 4961 existat,
1653 4887 1814 4948 bona
1842 4889 1957 4947 uiti
1987 4888 2224 4948 discere
2257 4889 2445 4961 uisus,

1035 4971 1168 5030 Huc
1197 4968 1452 5030 humilis
1481 4969 1710 5044 veniat,
1745 4976 1807 5029 et
1836 4974 2056 5030 cuneta
2085 4969 2299 5047 legens
2328 4969 2446 5028 sibi
2477 4967 2672 5028 discat
2700 4965 2850 5044 (3‘2).

811 5127 1044 5184 CAPUT
1085 5128 1392 5184 PRIMUM.

1956 5129 2010 5196 Α
2111 5131 2172 5184 Η.
2207 5129 2330 5184 Non
2365 5128 2465 5193 ita,
2492 5129 2591 5183 sed
2638 5127 2916 5199 quoniam
2948 5124 3244 5181 continuis
3293 5123 3682 5179 tentationum

279 5217 331 5272 In
358 5218 579 5276 divinis
609 5218 916 5290 Scripturis
945 5217 1101 5272 homo
1131 5218 1343 5273 abunde
1381 5218 1600 5274 docetur
1638 5233 1762 5290 qum
1786 5220 1931 5274 scitu
2040 5223 2096 5273 et
2125 5217 2629 5290 perturbationum
2661 5215 2946 5271 molestiis
2979 5215 3120 5269 adeo
3169 5213 3392 5268 afficior
3433 5216 3498 5267 ut
3541 5212 3682 5284 quid

777 5291 1015 5345 salutem
1042 5292 1352 5345 necessaria
1380 5299 1526 5346 sunt.

2041 5305 2110 5362 ad
2145 5306 2396 5361 salutem
2429 5310 2691 5360 nostram
2735 5304 3020 5376 pertineat
3059 5302 3356 5374 providere
3388 5301 3685 5358 interdum

344 5401 551 5452 Heinr.
583 5399 700 5454 Cur
732 5413 870 5464 non,
906 5390 1173 5466 Othlone,
1205 5413 1339 5451 eum
1370 5397 1770 5464 convenimus,
1798 5400 1930 5468 apte
2038 5412 2280 5467 prorsus
2312 5396 2594 5466 ignorem.

283 5485 346 5540 de
376 5487 567 5542 salute
598 5492 799 5542 nostra
829 5485 1051 5556 aliquid
1083 5490 1405 5541 tractamus
1426 5487 1454 5540 ‘I

345 5577 494 5635 Othl.
527 5576 704 5641 Quasi
738 5575 1011 5648 cuiquam
1040 5574 1197 5630 aliud
1228 5576 1548 5648 gerendum
1581 5574 1657 5630 sit
1687 5573 1854 5631 dicis.

2111 5486 2170 5540 0.
2206 5483 2509 5550 Molestiis,
2533 5501 2659 5556 quae
2683 5499 3052 5554 quacumque
3078 5480 3299 5536 inimici
3321 5479 3681 5536 circumven-

2038 5575 2194 5630 tione
2224 5573 2575 5643 inferuntur,
2599 5572 2925 5644 omnigenis
2947 5576 3064 5627 tam
3087 5570 3310 5628 Veteris
3339 5587 3516 5644 quam
3541 5569 3682 5628 Novi

344 5676 456 5750 (32)
491 5675 560 5736 1n
590 5676 786 5736 codice
814 5673 1088 5735 Crucensi
1119 5673 1180 5733 hi
1210 5690 1413 5733 versus
1443 5673 1684 5749 prologo
1715 5672 2168 5747 praemittuntur.
