4118 6188
452 362 529 431 63
1462 355 1802 447 0THLONI
1847 387 2199 452 MONACHI
2245 390 2310 452 s.
2356 391 2848 458 EMMEBAMMI
3784 396 3865 463 64

455 506 807 604 Testamenti
836 513 1186 574 rudimentis
1218 519 1297 575 ita
1318 519 1513 577 divina
1534 522 1660 594 jam
1694 523 1941 580 stisfecit
1970 543 2099 597 gra-
2130 527 2183 593 Α
2214 526 2280 582 Et
2314 532 2375 584 ut
2406 546 2720 602 cognoscas
2754 548 2929 604 quam
2966 529 3211 588 firmiter
3239 531 3389 589 hanc
3420 536 3672 602 teneam,
3703 528 3875 591 simi-

460 602 539 659 tia
571 609 633 659 ut
668 606 807 661 nihil
842 608 1119 665 doctrina;
1147 611 1312 667 nobis
1335 612 1409 667 sit
1430 630 1574 685 Opus
1608 614 1818 671 addere
1842 616 2102 688 nihilque

459 692 613 751 aliud
665 701 933 767 tractare,
968 699 1079 755 nisi
1123 719 1249 773 qua
1296 720 1364 759 ex
1411 721 1609 760 eorum
1663 708 1974 762 edocemur
2021 708 2099 765 le-

458 786 666 845 cﬁone.

528 876 590 932 Η.
630 880 913 937 Proverbii
967 886 1275 956 cujusdam
1323 888 1686 955 reminiscor,
1727 891 1894 960 cujus
1943 896 1997 946 et
2044 896 2099 947 te

462 981 691 1024 mecum
727 973 1019 1029 reminisci
1051 993 1268 1046 precor.
1297 977 1353 1032 0.
1385 978 1583 1049 Cujus,
1613 982 1846 1050 quaeso?
1872 983 1931 1035 11.
1956 982 2099 1044 Quia

457 1057 673 1112 scilicet
704 1077 906 1118 omnes
958 1081 1100 1134 pene
1132 1067 1393 1122 doctores
1444 1068 1693 1124 indoctis
1740 1070 2099 1141 quibuslibet

452 1151 552 1201 aut
583 1148 871 1221 ignorant,
907 1171 1009 1209 seu
1042 1156 1435 1227 dedignantur
1466 1161 1739 1231 compati.

526 1238 582 1293 0.
618 1239 731 1295 Cur
764 1239 873 1296 ista
905 1243 1144 1315 inquis?
1174 1249 1234 1300 11.
1271 1249 1552 1312 Quoniam
1587 1249 1923 1320 ignorantia:
1958 1267 2095 1305 meae

455 1328 735 1385 molestiis
769 1332 909 1387 nihil
963 1335 1294 1391 addendum
1327 1356 1453 1393 esse
1502 1339 1719 1403 dixisti,
1755 1340 1865 1393 nisi
1917 1344 1973 1393 ut
2030 1357 2097 1394 ea

456 1432 580 1490 quae
605 1420 728 1491 jam
763 1423 980 1494 scripta
1012 1430 1149 1480 sunt
1179 1426 1365 1499 legere
1398 1445 1653 1493 conarer,
1688 1429 1852 1500 quasi
1886 1429 2095 1483 amodo

455 1507 674 1580 nullus,
702 1511 809 1565 nisi
846 1517 1015 1569 antea
1038 1515 1287 1571 discussi
1320 1518 1553 1584 erroris,
1581 1519 1715 1572 oriri
1742 1518 1929 1573 valeat
1960 1536 2094 1572 cau-

453 1612 536 1663 sa,
562 1599 646 1654 vel
678 1602 981 1659 enucleare
1034 1621 1134 1675 per
1188 1623 1278 1660 me
1338 1607 1565 1677 possim
1594 1607 1859 1662 universa
1918 1626 2093 1663 sacra:

450 1686 758 1759 Scripturae
791 1691 961 1747 dicta.
998 1694 1157 1749 Unde
1190 1713 1393 1766 precor
1427 1696 1666 1750 inscitiae
1700 1715 1839 1751 more
1872 1698 2092 1768 paulis-

447 1790 547 1847 per
578 1780 1008 1835 condescendas
1048 1788 1121 1853 et,
1154 1783 1199 1838 si
1237 1801 1353 1854 qua
1402 1786 1750 1851 indiscussa,
1783 1786 1867 1841 vel
1900 1786 2095 1857 ignota

445 1868 795 1937 exquisiero,
827 1886 1082 1926 reserare
1113 1874 1371 1928 studeas.

517 1956 574 2011 0.
612 1957 789 2011 Miror
819 1960 957 2029 quid
993 1962 1061 2015 de
1096 1961 1187 2016 his
1236 1980 1359 2033 quae
1393 1965 1675 2019 duntaxat
1719 1966 2087 2021 discutienda

447 2048 505 2098 et
537 2048 885 2116 requirenda
935 2051 1067 2121 [ροιί.
1103 2055 1261 2106 Cruc.
1297 2054 1674 2126 exquirendalJ
1708 2058 1843 2110 sunt
1890 2056 2089 2127 exqui-

444 2150 567 2188 rere
600 2136 822 2207 cupias,
846 2138 981 2210 quid
1015 2158 1128 2195 non
1162 2142 1513 2213 exquisitum
1550 2150 1722 2216 atque
1753 2145 2089 2201 discussum

447 2222 659 2279 alicubi
692 2229 943 2298 reperire
991 2230 1223 2287 valeas?
1254 2233 1358 2289 Sed
1387 2250 1491 2289 cur
1538 2235 1783 2289 moraris
1834 2236 2089 2307 proferre

445 2314 584 2387 quid
617 2315 800 2373 velis?

1088 2432 1319 2489 CAPUT
1361 2436 1427 2490 II.

439 2515 708 2586 Quomodo
748 2522 1127 2577 misericordia
1171 2524 1335 2593 plena
1366 2525 1584 2579 dicatur
1632 2536 1796 2591 terra,
1831 2542 1958 2580 cum
2011 2530 2088 2580 tot

853 2595 1017 2649 malis
1047 2596 1380 2665 afﬂigantur
1410 2596 1671 2653 homines.

508 2715 693 2770 Heinr.
728 2716 890 2780 Quod
941 2718 1121 2789 igitur
1173 2721 1345 2791 paulo
1402 2727 1535 2777 ante
1576 2723 1769 2777 dixisti
1824 2723 2080 2777 divinam

436 2803 685 2874 gratiam
718 2806 775 2860 in
817 2809 1092 2865 omnibus
1122 2811 1474 2867 rudimentis
1505 2813 1858 2867 satisfecisse
1890 2812 2079 2880 nobis,

434 2890 514 2946 ita
545 2908 672 2948 esse
704 2894 903 2952 fateor.
933 2898 1118 2953 Movet
1148 2905 1342 2954 autem
1377 2918 1469 2955 me
1501 2900 1892 2970 aliquantum,
1918 2900 2076 2971 quia,

433 2996 567 3035 cum
618 2984 902 3054 scriptum
953 2988 1075 3042 sit:
1118 2988 1484 3044 Misericordia
1526 2991 1746 3044 Domini
1791 2991 1952 3059 plena
2000 2994 2080 3044 est

430 3077 583 3125 terra
630 3072 801 3143 (Psal’.
834 3076 1031 3146 xxxii),
1065 3080 1121 3131 et
1152 3094 1251 3147 per
1298 3096 1425 3133 eam
1458 3078 1643 3133 vivere
1691 3083 1747 3133 et
1796 3096 1923 3133 esse
1973 3096 2078 3133 nos

428 3159 758 3227 credamus,
786 3162 987 3219 multis
1010 3170 1202 3220 tamen
1229 3165 1510 3222 molestiis
1533 3174 1587 3222 et
1610 3168 1863 3222 miseriis
1886 3167 1942 3221 in
1970 3166 2077 3221 hoc

428 3248 657 3315 saculo,
685 3251 757 3305 ab
802 3251 966 3307 initio
1010 3271 1198 3325 usque
1228 3256 1297 3309 ad
1334 3257 1509 3311 tinem
1561 3256 1708 3319 vita,
1743 3273 2072 3323 gravamur.

430 3335 646 3393 Verum
688 3356 942 3414 namque
989 3360 1116 3399 esse
1164 3362 1275 3399 non
1327 3346 1562 3417 ambigo
1612 3347 1763 3416 quod
1815 3346 2075 3416 exquiro.

432 3427 567 3496 Sed,
593 3432 884 3501 quomodo
914 3450 1115 3487 verum
1151 3434 1226 3489 sit
1276 3436 1427 3505 quod
1465 3436 1523 3489 in
1556 3440 1716 3489 tanta
1748 3435 2079 3490 diversitate

431 3523 721 3585 versatur,
745 3520 1021 3591 ignorans
1070 3523 1117 3579 si
1161 3524 1481 3595 quidquam
1539 3526 1744 3579 exinde
1778 3530 1982 3595 praeter
2012 3525 2077 3578 fi-

435 3607 567 3662 dem
601 3610 931 3665 ratiocinari
972 3612 1159 3673 liceat,
1194 3612 1452 3666 intimari
1483 3629 1655 3682 posco
1712 3612 1895 3667 Multa
1925 3614 2079 3667 enim

424 3692 567 3767 legi,
600 3698 701 3752 sed
738 3716 1029 3770 nusquam
1076 3700 1415 3770 hujusmodi
1448 3702 1827 3771 quaestionem
1860 3701 2079 3756 resolu-

434 3786 550 3840 tam
584 3784 841 3842 invenire
872 3788 1055 3857 potui.

507 3875 566 3931 0.
602 3876 743 3931 Rem
776 3894 808 3931 a
840 3894 932 3932 me
969 3878 1173 3949 exigis,
1208 3895 1383 3949 quam
1434 3878 1635 3951 lingua
1666 3883 1721 3933 et
1754 3896 1917 3933 mens
1950 3896 2081 3950 pro-

432 3965 636 4020 testari
672 3965 873 4036 nequit
907 3965 1047 4020 ulla.

508 4056 571 4109 Η.
604 4058 718 4109 Cur
772 4054 881 4110 hoc
932 4055 1103 4110 modo
1153 4055 1380 4127 objicis,
1414 4057 1513 4127 qui
1563 4058 1749 4128 prius,
1782 4059 1948 4129 quasi
2000 4056 2081 4111 nil

435 4143 712 4215 cuiquam
747 4144 901 4199 ﬁdeli
934 4144 1279 4215 quaestionis
1309 4147 1517 4200 amodo
1563 4148 1859 4202 movendae
1893 4164 2081 4201 rema-

436 4238 623 4300 neret,
657 4233 1026 4305 loquebaris?
1056 4234 1287 4306 suscipe
1324 4235 1501 4307 igitur
1536 4235 1891 4307 interrogata
1922 4253 2081 4292 com-

434 4323 678 4395 patienti
710 4324 929 4391 animo,
952 4328 1007 4380 et
1029 4341 1156 4395 qua
1185 4324 1319 4379 hinc
1352 4325 1589 4381 scienda
1614 4342 1816 4381 censes
1848 4326 2078 4382 edicito.

430 4410 631 4484 Neque
661 4412 818 4468 enim
849 4413 1096 4486 gratiam
1119 4413 1396 4481 divinam,
1423 4432 1539 4486 qua
1568 4418 1723 4469 terra
1752 4415 1925 4487 plena
1953 4431 2081 4471 esse

432 4501 784 4559 describitur
814 4519 1049 4574 quaque
1079 4502 1253 4558 etiam
1306 4503 1557 4560 ccslestis
1599 4504 1786 4575 patria
1817 4511 2081 4561 constare

435 4592 711 4662 creditur,
762 4591 845 4647 ita
900 4591 1470 4664 incircumscriptam
1528 4609 1655 4649 esse
1706 4594 1956 4649 arbitror
2014 4599 2081 4649 ut

2214 617 2522 675 litudinem
2556 624 2871 693 quamdam
2906 622 3110 677 rationi
3150 623 3281 677 huic
3312 629 3509 694 aptam
3542 625 3859 697 subjungo.

2284 711 2461 765 Credo
2496 729 2747 783 namque
2779 713 2935 785 quia,
2972 713 3121 768 sicut
3168 714 3529 785 impossibile
3561 720 3648 769 est
3680 718 3861 773 maris

2212 799 2631 856 abundantiam
2666 802 2744 856 ita
2784 802 3075 857 exhauriri
3128 808 3192 858 ut
3243 804 3561 875 quidquam
3594 805 3863 861 videatur

2213 890 2418 958 minui,
2454 892 2533 945 ita
2583 893 2754 947 etiam
2808 892 3125 948 divinitatis
3167 910 3429 964 supernae
3478 897 3754 965 majestas
3787 897 3860 951 ab

2210 978 2469 1034 humana
2517 982 2758 1047 ratione,
2799 984 2967 1051 juxta
3016 983 3385 1053 dignitatem.
3420 983 3505 1038 vel
3557 1002 3742 1056 usque
3784 972 3861 1040 ad

2211 1075 2517 1138 punctum,
2549 1076 2795 1141 nequeat
2826 1072 3053 1142 exponi.
3087 1072 3241 1125 Mare
3291 1072 3449 1127 enim
3488 1074 3659 1144 juxta
3710 1074 3858 1129 hau-

2209 1159 2413 1214 rientis
2445 1160 2593 1214 vires
2645 1160 2864 1215 hauriri
2910 1160 3144 1231 quidem
3176 1160 3347 1228 valet,
3383 1162 3482 1216 sed
3533 1167 3665 1233 post
3714 1162 3861 1218 hau-

2208 1252 2364 1302 stum
2420 1247 2581 1303 nulla
2635 1267 2876 1321 prorsus
2928 1249 3338 1305 diminutionis
3397 1251 3563 1323 signa
3620 1253 3860 1323 praebet.

2209 1337 2372 1391 Haud
2423 1338 2593 1393 aliter
2638 1356 2871 1411 quoque
2904 1340 2974 1391 de
3011 1341 3120 1394 Deo
3174 1340 3608 1411 aliquantulum
3671 1347 3862 1413 potest
3956 1333 3971 1341 ’

2208 1427 2525 1499 disputari;
2562 1430 2660 1483 sed
2694 1430 3061 1500 profunditas
3094 1433 3149 1484 et
3182 1429 3859 1502 magnitudosapientiaa

2207 1517 2334 1585 ejus
2367 1518 2763 1588 disputatione
2796 1518 2957 1573 nulla
3003 1519 3084 1573 ita
3131 1518 3280 1573 valet
3331 1520 3749 1591 comprehendi
3795 1524 3862 1575 ut

2206 1605 2525 1677 quidquam
2596 1608 2851 1680 patiatur
2928 1608 3239 1663 exhauriri.
3316 1614 3451 1663 Ecce
3520 1609 3861 1678 credulitas,

2206 1712 2380 1767 quam
2415 1697 2482 1749 de
2520 1699 2628 1752 Deo
2661 1715 2761 1768 per
2802 1698 3248 1752 similitudinem
3284 1697 3570 1769 prolatam
3621 1698 3858 1754 indubi-

2203 1789 2394 1839 tanter
2425 1786 2669 1842 retinere
2698 1804 2789 1841 me
2821 1788 3010 1842 scias:
3040 1788 3192 1841 unde
3220 1804 3425 1858 precnr
3452 1787 3595 1841 mihi
3633 1788 3863 1860 aliqua-

2118 1915 2163 1977 Β
2205 1878 2374 1929 tenus
2407 1892 2473 1931 ea
2504 1894 2629 1947 quae
2664 1876 2935 1948 superius
2968 1877 3177 1948 expetii
3212 1878 3460 1948 Operias,
3495 1878 3747 1948 qualiter
3775 1879 3861 1933 vi-

2206 1964 2434 2031 delicet,
2461 1967 2627 2035 juxta
2680 1966 3078 2031 Psalmistam,
3114 1990 3139 2014 ‹‹
3178 1966 3577 2021 Misericordia
3626 1967 3860 2022 Domini

2203 2052 2374 2124 plena
2404 2058 2479 2109 sit
2510 2060 2663 2110 terra
2699 2073 2763 2108 ;››
2799 2073 2929 2110 cum
2966 2060 3127 2111 tanta
3170 2056 3555 2111 afﬂictionum
3589 2055 3861 2111 miseria-

2202 2161 2473 2215 rumque,
2498 2161 2601 2199 nec
2626 2162 2740 2200 non
2774 2146 3110 2218 fragilitatis
3137 2146 3407 2200 humana)
3432 2145 3701 2201 molestia
3730 2164 3859 2202 om-

2200 2235 2291 2289 nis
2322 2252 2466 2305 pene
2500 2236 2755 2289 mundus
2788 2235 3029 2290 laboret.

2272 2325 2331 2379 0.
2368 2330 2441 2380 De
2472 2324 2578 2378 hac
2601 2324 2943 2396 quaestione,
2968 2324 3102 2380 licet
3134 2325 3394 2396 primum
3426 2325 3851 2395 exhorruerim,

2188 2414 2311 2484 jam
2346 2413 2617 2468 delectari
2652 2414 2887 2485 incipio,
2922 2431 3055 2469 cum
3106 2419 3159 2469 te
3202 2420 3364 2469 tanta
3392 2415 3503 2469 ﬁde
3534 2416 3858 2486 pramuni-

2193 2508 2319 2558 tum
2352 2503 2560 2558 sentio.
2596 2507 2697 2557 Sec
2730 2504 2882 2559 sicut
2930 2509 3013 2571 tu,
3049 2508 3112 2558 ut
3152 2505 3409 2576 apertius
3460 2504 3764 2559 intimares
3796 2509 3852 2560 te

2193 2592 2305 2647 fide
2338 2597 2538 2647 sancta
2569 2592 2887 2659 imbutum,
2921 2594 3295 2665 assumpsisti
3328 2593 3729 2649 similitudinis
3753 2612 3845 2649 ar-

2192 2686 2561 2753 gumentum,
2598 2683 2676 2737 ita
2721 2701 2973 2755 quoque,
3008 2684 3146 2755 quia
3203 2688 3365 2737 tanta
3414 2683 3654 2755 quaestio
3705 2701 3845 2751 non,

2192 2770 2304 2824 nisi
2334 2788 2435 2842 per
2468 2771 2905 2839 similitudines,
2933 2772 3139 2844 exponi
3171 2772 3341 2842 valet,
3369 2789 3459 2826 me
3492 2773 3693 2827 eadem
3728 2772 3850 2828 fac-

2190 2863 2389 2915 turum
2432 2862 2716 2932 patienter
2764 2862 2920 2916 audi.
2956 2863 3066 2917 Res
3128 2862 3284 2917 enim
3340 2846 3591 2916 obscura
3644 2863 3849 2933 expla-

2191 2951 2384 3004 nanda
2416 2950 2802 3006 similitudine
2835 2950 3060 3021 indiget
3091 2951 3307 3022 aliqua.

2264 3038 2445 3109 Igitur
2476 3039 2663 3094 instar
2688 3039 2920 3105 scholae,
2955 3040 3014 3093 in
3046 3058 3163 3111 qua
3194 3039 3480 3111 sapientia
3506 3039 3850 3096 omnimoda

2188 3133 2377 3181 exstat
2409 3129 2709 3195 discenda,
2736 3147 2989 3200 praesens
3016 3147 3047 3183 a
3070 3147 3324 3200 superno
3350 3145 3700 3201 summoque
3731 3130 3851 3184 Ma-

2187 3216 2369 3285 gistro
2402 3218 2719 3271 constituta
2745 3224 2829 3273 est
2853 3219 2989 3272 vita.
3016 3220 3176 3273 Sicut
3199 3223 3394 3272 autem
3424 3218 3481 3271 in
3514 3218 3713 3273 schola
3746 3235 3847 3274 ne-

2110 3289 2151 3353 C
2191 3321 2351 3360 cesse
2383 3311 2471 3361 est
2499 3324 2626 3361 esse
2656 3307 2815 3362 varia
2847 3307 3169 3378 disciplina:
3211 3324 3446 3378 genera,
3472 3324 3587 3362 non
3632 3308 3704 3361 ob
3737 3307 3847 3362 hoc

2191 3402 2274 3458 ut,
2299 3395 2383 3449 vel
2418 3397 2728 3466 quisquam
2764 3413 2866 3467 per
2896 3397 3013 3451 haec
3047 3397 3300 3451 afflictus
3324 3390 3587 3463 intereat,
3606 3395 3693 3451 vel
3720 3412 3847 3452 om-

2192 3501 2294 3539 nes
2327 3486 2564 3556 pariter,
2598 3487 2695 3541 sed
2728 3492 2808 3551 ut,
2842 3491 3011 3558 prout
3043 3492 3182 3541 mtas
3214 3490 3315 3540 aut
3350 3486 3621 3541 meritum
3655 3487 3854 3557 cujus-

2192 3591 2304 3645 que
2336 3575 2614 3645 postulat,
2675 3576 3096 3653 exhibeantur,
3150 3575 3230 3629 ita
3288 3575 3347 3630 in
3409 3575 3518 3630 hac
3548 3574 3684 3641 vita,
3718 3592 3849 3646 quas

2192 3663 2391 3717 schola
2424 3664 2681 3719 maxima
2728 3669 2837 3729 est,
2868 3664 3139 3735 plurimis
3172 3681 3319 3735 opus
3368 3664 3478 3717 erit
3526 3664 3851 3735 disciplina;

2191 3750 2627 3823 instrumentis,
2654 3753 2800 3808 nulli
2833 3755 2901 3808 ad
2935 3752 3257 3823 interitum,
3283 3753 3379 3807 sed
3415 3753 3486 3806 ad
3520 3753 3853 3823 profectum

2193 3841 2555 3911 preparatis.
2592 3842 2717 3905 Qua
2767 3844 2837 3897 de
2877 3860 2938 3898 re
2971 3842 3091 3897 haec
3126 3847 3213 3897 est
3260 3842 3449 3913 prima
3498 3840 3733 3911 pietatis
3764 3843 3857 3897 di-

2191 3930 2338 3985 vina:
2370 3930 2733 4001 dispensatio
2766 3937 2849 4002 ut,
2880 3933 3019 4004 quia
3049 3932 3335 4003 fragilitas
3367 3931 3631 3985 humana
3661 3947 3763 4002 per
3791 3949 3855 3988 se

2194 4018 2534 4075 nullatenus
2566 4020 2719 4074 valet
2749 4022 3090 4088 subsistere,
3126 4020 3355 4075 nutanti
3388 4018 3727 4075 omnimoda
3755 4035 3852 4075 oc-

2192 4112 2407 4173 currat,
2434 4114 2533 4162 aut
2559 4108 2818 4176 lenitate,
2842 4109 2930 4165 vel
2954 4111 3293 4181 asperitate;
3326 4108 3511 4163 multo
3534 4108 3692 4163 enim
3726 4124 3851 4163 me-

2191 4195 2303 4251 lius
2335 4196 2804 4270 clementiusque
2836 4203 2924 4253 est
2969 4199 3040 4252 ad
3088 4197 3409 4271 praecipitia
3439 4201 3851 4269 properantem

2192 4284 2389 4356 aliquo
2420 4288 2596 4342 modo
2630 4285 2914 4359 impedire
2945 4305 3122 4359 quam
3153 4287 3505 4344 consentire.

2836 4412 3068 4468 CAPUT
3106 4414 3197 4467 III.

2192 4502 2334 4556 Deus
2363 4502 2648 4573 singulari
2678 4502 2916 4572 quadam
2962 4504 3167 4574 pietate
3191 4502 3446 4573 permisit
3494 4505 3556 4556 ut
3602 4501 3762 4557 homo
3794 4500 3857 4557 iis

2513 4574 2647 4629 bono
2678 4582 2729 4629 et
2758 4576 2938 4645 gratia
2979 4590 3089 4627 non
3121 4578 3257 4629 esset
3284 4574 3528 4628 stabilis.

440 4681 587 4741 nulli
619 4698 969 4753 sermonem,
1001 4680 1145 4738 nulli
1176 4681 1381 4738 saltem
1415 4682 1918 4738 ratiocinationem
1950 4683 2086 4739 hinc
2118 4660 2163 4725 D
2268 4682 2456 4736 Heinr.
2490 4680 2606 4735 Cur
2634 4696 2769 4753 ergo
2806 4682 2976 4749 Deus,
3010 4697 3143 4735 cum
3196 4680 3274 4736 sit
3305 4680 3681 4752 omnipotens
3726 4696 3855 4735 om-

439 4772 659 4845 agitare
688 4772 877 4828 liceat.

514 4862 575 4917 0.
610 4862 764 4916 Licet
794 4862 1015 4933 absque
1045 4863 1224 4918 fiubio
1266 4861 1562 4932 omnibus,
1598 4866 1771 4933 prout
1809 4862 2085 4933 possibile

437 4953 545 5018 est,
580 4950 801 5022 optima
830 4968 1073 5024 quaeque
1122 4952 1191 5006 de
1222 4952 1339 5006 Deo
1387 4950 1721 5006 ratiocinari
1756 4954 1813 5005 et
1842 4951 2083 5005 investi-

434 5055 594 5112 gare,
628 5040 937 5096 Psalmista
966 5057 1033 5096 ex
1061 5057 1311 5112 persona
1340 5040 1565 5095 Domini
1598 5044 1911 5095 attestante
1941 5057 1953 5095 :
1995 5044 2086 5097 Va-

434 5132 554 5186 cate
592 5139 647 5185 et
692 5130 869 5186 videte
916 5132 1175 5201 quoniam
1231 5146 1333 5203 ego
1389 5146 1507 5184 sum
1563 5130 1699 5183 Deus
1728 5132 1901 5200 (Psal.
1935 5131 2080 5200 XLV).

435 5219 583 5285 Quia
612 5219 793 5292 igitur
812 5218 1066 5274 Charitas
1088 5222 1176 5275 est
1200 5224 1367 5289 Deus,
1395 5219 1583 5291 gratia
1604 5225 1802 5275 autem
1826 5219 1922 5274 Dei
1947 5220 2084 5275 cha-

437 5308 615 5377 ritas;
647 5308 739 5365 Dei
767 5309 957 5381 gratia
988 5326 1124 5381 ergo
1156 5309 1309 5365 Deus
1350 5313 1457 5365 est.
1478 5310 1662 5376 Quam
1691 5310 1763 5364 ob
1797 5325 1916 5364 rem
1950 5326 2085 5365 cum

438 5414 643 5454 vacare
673 5401 729 5454 et
757 5398 952 5454 videre
983 5398 1391 5471 pracipiamur
1411 5400 1565 5470 quod
1588 5399 1741 5454 Deus
1772 5399 1865 5466 sit,
1891 5397 2083 5470 inqui-

442 5504 568 5544 rere
589 5488 845 5559 protecto
868 5486 1239 5559 praecipimur
1262 5486 1509 5559 gratiam
1529 5487 1649 5543 Dei.
1665 5487 2083 5544 Verumtamen

443 5576 643 5633 omnia
672 5576 868 5632 divina
897 5576 979 5632 sic
1008 5576 1358 5649 inquirenda
1388 5581 1528 5632 sunt
1557 5579 1619 5631 ut
1656 5576 1830 5649 digne
1860 5594 1925 5632 ac
1954 5592 2084 5649 per-

442 5666 590 5724 fecte
618 5683 651 5721 a
680 5664 839 5721 nullo
871 5666 983 5721 dici
1012 5666 1101 5723 vel
1132 5666 1347 5739 percipi
1382 5682 1553 5737 posse
1583 5666 1915 5720 credantur.

512 5758 577 5815 Η.
609 5759 729 5814 Hac
760 5756 1041 5813 nimirum
1062 5756 1175 5812 ﬁde
1197 5754 1446 5812 arbitror
1477 5770 1569 5809 me
1599 5754 1743 5811 satis
1764 5754 2079 5811 imbutum.

2196 4768 2430 4841 niaque,
2461 4774 2527 4825 ut
2570 4770 2852 4842 scriptum
2903 4774 3013 4837 est,
3040 4787 3166 4841 quae
3218 4768 3401 4825 voluit
3447 4769 3649 4825 fecerit
3676 4769 3850 4841 (Psal.

2195 4859 2375 4930 cxm),
2412 4876 2525 4914 non
2578 4860 2721 4914 adeo
2773 4858 3044 4915 stabilem
3096 4876 3161 4915 ac
3210 4860 3517 4914 robustum
3550 4858 3853 4914 hominem

2196 4948 2458 5005 condidit
2489 4953 2551 5003 ut
2580 4949 2800 5021 absque
2831 4948 2960 5018 hac,
2996 4965 3170 5020 quam
3203 4948 3369 5014 dicis,
3405 4950 3733 5005 necessaria
3762 4948 3855 5003 di-

2195 5036 2453 5110 sciplina:
2486 5038 2755 5093 molestia
2804 5042 2957 5093 stare
2990 5038 3229 5110 posset?
3271 5036 3501 5094 videtur
3532 5037 3687 5094 enim
3744 5036 3852 5093 ali-

2196 5128 2350 5200 quod
2382 5127 2738 5198 impotentiae
2770 5127 2881 5183 hoc
2912 5143 3039 5183 esse
3070 5125 3378 5182 indicium.

2267 5218 2325 5273 0.
2362 5217 2486 5272 Non
2519 5217 2738 5283 omnia,
2770 5217 2851 5271 ita
2899 5221 2963 5272 ut
3013 5216 3309 5283 videntur,
3337 5220 3478 5272 sunt
3522 5216 3850 5288 pensanda.

2164 5370 2169 5377 ,
2196 5312 2347 5362 Deus
2372 5322 2647 5377 namque,
2673 5306 2825 5361 sicut
2846 5304 3240 5378 omnipotens,
3265 5305 3348 5361 ita
3368 5309 3426 5360 et.
3441 5305 3646 5375 justus
3667 5304 3855 5362 simul

2195 5399 2251 5452 et
2281 5396 2470 5451 bonus
2492 5400 2601 5464 est,
2626 5394 2895 5467 ideoque,
2918 5395 3197 5467 quoniam
3219 5394 3490 5452 voluntas
3510 5394 3639 5466 ejus
3664 5394 3851 5469 nulla,

2196 5484 2308 5541 nisi
2330 5485 2495 5557 justa
2524 5487 2581 5540 et
2609 5484 2781 5556 bona,
2806 5485 3201 5557 amplectitur,
3233 5484 3441 5541 merito
3474 5484 3695 5553 omnia,
3718 5501 3851 5558 quis

2194 5575 2348 5631 Deus
2403 5574 2545 5645 vult,
2578 5574 2763 5632 facere
2822 5576 3055 5632 dicitur.
3096 5575 3244 5631 Cum
3299 5589 3437 5648 ergo
3489 5572 3714 5631 dictum
3766 5573 3851 5631 sit

2194 5665 2486 5737 quomodo
2517 5664 2735 5735 omnia,
2759 5681 2885 5737 quae
2906 5670 3059 5723 Deus
3088 5663 3248 5732 velit,
3272 5663 3461 5723 facere
3489 5660 3679 5739 possit
3705 5678 3849 5721 con-

2193 5752 2574 5813 siderandum
2626 5760 2715 5814 est
2760 5772 2887 5827 quae
2945 5754 3006 5815 in
3064 5754 3305 5815 homine
3358 5753 3627 5831 voluerit,
3656 5762 3847 5827 caque
