4118 6188
304 278 384 342 65
1273 283 1581 346 DIALOG.
1629 283 1732 344 nn
1773 277 2059 343 TRIBUS
2103 279 2724 350 QUIES'I‘IONIBUS.
3645 306 3727 368 δε

297 413 637 488 justissima
667 417 723 469 et
750 414 974 486 optima
1003 419 1139 471 sunt
1169 417 1680 492 dicenda.Legitur
1710 434 1963 488 namque
1994 418 2046 484 Α
2077 413 2382 505 humilitas
2415 419 2539 473 sine
2571 422 3132 491 superbia,charitas
3163 429 3290 486 sine
3322 433 3723 505 odio,castitas

306 506 444 578 quia
475 510 630 560 Deus
661 505 1054 577 omnipotens,
1088 507 1363 563 omnibus
1395 509 1676 565 creaturis
1709 508 1958 579 impera-

305 595 418 652 tivo
450 599 683 650 tantum
717 596 1196 668 verboconditis,
1227 596 1308 652 ita
1337 599 1464 670 ipso
1499 599 1728 653 dicente
1773 616 1785 653 :
1841 599 1967 652 Fiat

305 686 456 757 (Gen.
509 685 548 756 1)
580 683 692 740 hoc
744 689 802 740 et
851 684 1026 753 illud;
1079 685 1374 742 hominem
1428 692 1622 744 autem
1678 688 1960 752 facturus,

306 776 473 849 quasi
509 773 870 830 consulendo
911 779 966 830 et
1007 777 1308 831 tractando
1357 777 1484 847 ejus
1532 777 1958 843 excellentiam,

307 865 669 940 praeveniens
701 865 913 920 dixerit
949 882 960 920 :
995 867 1285 922 Faciamus
1321 868 1605 923 hominem
1642 868 1711 922 ad
1763 867 1963 936 imagi-

305 973 428 1013 nem
455 963 510 1011 et
538 955 973 1011 similitudinem
1006 964 1265 1011 nostram.
1301 957 1368 1011 Et
1399 961 1532 1029 post
1569 972 1773 1030 pauca,
1806 953 1960 1009 Scri-

307 1050 482 1120 ptura
515 1045 690 1100 refert
721 1061 736 1100 :
768 1048 842 1099 Et
871 1046 1399 1117 creavit,inquiens,
1424 1049 1567 1102 Deus
1597 1047 1874 1101 hominem
1893 1045 1963 1098 ad

307 1137 611 1205 imaginem
639 1151 798 1189 suam
829 1135 1034 1205 (Ibid.).
1069 1135 1202 1198 Quae
1237 1135 1519 1190 nimirum
1571 1136 1725 1189 dicta
1773 1133 1960 1190 omni-

307 1225 486 1282 modo
517 1228 654 1280 sunt
687 1225 1006 1295 pensanda,
1032 1225 1170 1296 quia
1200 1242 1267 1279 ex
1301 1224 1391 1280 his
1422 1224 1714 1297 colligitur
1744 1227 1964 1295 quanta

312 1316 472 1371 Deus
502 1313 789 1370 hominem
822 1313 1173 1369 conditionis
1206 1314 1489 1387 dignitate
1520 1313 1786 1369 extulerit
1818 1329 1961 1384 quo-

310 1420 431 1476 que
466 1404 636 1458 modo
665 1419 795 1458 eum
833 1403 1022 1458 vivere
1055 1403 1320 1459 voluerit.

379 1493 486 1548 Sed
544 1497 608 1547 ut
654 1493 1103 1565 omnigenarum
1153 1493 1458 1559 virtutum,
1511 1510 1657 1565 quas
1706 1491 1962 1563 profecto

311 1581 553 1653 imagini
587 1581 878 1650 divinm,id
901 1587 990 1636 est
1012 1582 1234 1637 homini
1259 1583 1468 1637 insitas
1491 1598 1620 1637 esse
1646 1582 1960 1644 credimus,

313 1671 615 1726 scientiam
668 1671 1123 1742 facultatemque
1175 1673 1710 1744 praetermittamus,
1763 1672 1831 1725 de
1877 1687 1963 1724 ar-

310 1760 463 1816 bitrii
497 1759 768 1816 libertate
799 1760 1169 1816 solummodo
1215 1760 1412 1832 aliqua
1461 1761 1748 1826 dicamus,
1784 1775 1960 1830 quam

314 1850 605 1922 accepisse
627 1849 887 1904 creditur
907 1866 1038 1904 cum
1072 1850 1292 1904 caeteris
1321 1851 1658 1905 virtutibus.
1691 1848 1963 1919 Alioquin

311 1941 427 2009 Dei,
460 1939 564 2010 qui
594 1939 778 1994 libero
811 1938 1050 1994 arbitrio
1100 1939 1305 2011 utique
1353 1939 1690 2011 perfruitur,
1725 1937 1967 1991 minime

313 2031 660 2102 exprimeret
692 2028 1030 2101 imaginem.
1065 2033 1393 2083 Attestatur
1433 2028 1608 2084 etiam
1659 2027 1765 2082 hoc
1815 2025 1966 2082 Scri-

314 2125 505 2190 ptura,
557 2135 694 2173 cum
750 2118 819 2172 de
870 2117 984 2172 Deo
1037 2117 1407 2189 praecipiente
1456 2117 1630 2172 refert
1660 2115 1800 2170 talia
1832 2133 1844 2170 :
1876 2117 1970 2170 Ea:

309 2211 479 2273 omni,
499 2207 718 2278 inquit,
749 2208 909 2279 tigno
948 2207 1204 2278 paradisi
1239 2207 1487 2273 comede,-
1518 2207 1582 2261 de
1613 2207 1762 2274 tigno
1790 2209 1966 2260 autem

307 2299 552 2354 scientiae
585 2297 712 2351 boni
737 2301 790 2352 et
820 2297 966 2351 mali
996 2313 1064 2352 ne
1088 2296 1334 2352 comedas
1367 2295 1624 2367 (6811.11).
1649 2299 1789 2349 Cum
1811 2295 1967 2349 enim

315 2387 550 2442 homini
573 2386 799 2442 condito
821 2386 1086 2457 quendam
1111 2386 1810 2456 conceduntur,quaadam
1835 2400 1970 2439 vero

313 2476 768 2541 interdicuntur,
806 2480 964 2548 patet
997 2477 1250 2547 profecto
1285 2475 1422 2548 quia
1466 2475 1646 2530 libero
1690 2474 1969 2545 praeditus

310 2565 491 2622 fuerit
518 2565 779 2620 arbitrio.
815 2565 984 2620 Liber
1013 2569 1208 2620 autem
1264 2566 1454 2621 factus
1500 2565 1628 2634 ejus
1660 2565 1831 2634 jussa
1859 2564 1968 2617 im-

317 2655 480 2727 plere
510 2654 771 2722 debuit,a
803 2671 917 2725 quo
947 2657 1003 2708 et
1033 2653 1358 2709 libertatem
1389 2653 1760 2724 accepit.Hoc
1793 2651 1972 2724 igitur

315 2762 449 2800 cum
477 2746 712 2816 justum
743 2743 1198 2813 esset,voluntas
1225 2743 1323 2799 Dei
1346 2744 1454 2798 fuit
1477 2744 1546 2797 ad
1581 2742 1967 2814 implendum.

315 2832 486 2889 Unde
508 2833 652 2888 satis
678 2832 859 2887 claret
881 2831 1017 2903 quia
1043 2833 1196 2904 quod
1235 2849 1346 2887 non
1380 2838 1468 2887 est
1499 2829 1742 2903 impleta
1772 2831 1974 2901 hujus-

311 2923 480 2978 modi
521 2921 796 2977 voluntas
826 2938 941 2976 non
974 2923 1043 2976 ad
1079 2921 1364 2976 libertatis
1415 2921 1705 2989 Datqrem,
1752 2921 1849 2975 sed
1899 2923 1970 2976 ad

309 3008 589 3082 praecepti
625 3009 806 3062 divini
835 3009 1204 3063 referendum
1241 3013 1329 3062 est
1359 3014 1874 3080 transgressorem.

378 3100 445 3154 Η.
485 3098 626 3153 Cum
659 3098 971 3152 verborum
1004 3103 1240 3152 tuorum
1272 3097 1482 3153 seriem
1505 3097 1759 3164 attendo,
1793 3115 1966 3168 quor-

309 3205 442 3243 sum
483 3189 724 3242 tendant
757 3187 958 3241 miror.

377 3279 441 3333 0.
485 3276 558 3332 Ut
587 3276 1145 3348 interrogationibus
1195 3277 1312 3330 tuis
1364 3277 1741 3332 satisfaciam.
1787 3279 1970 3332 Inter-

308 3367 570 3440 rogabas
604 3381 858 3436 namque
887 3365 946 3419 in
978 3365 1185 3436 primis
1218 3382 1395 3436 quare
1427 3371 1577 3420 Deus
1626 3366 1970 3420 at'ﬂictiones

307 3460 519 3511 tantas
549 3455 611 3508 in
643 3454 857 3508 mundo
889 3454 1248 3525 permiserit;
1283 3454 1512 3524 deinde,
1543 3471 1647 3508 cur
1671 3454 1970 3510 hominem

308 3550 434 3600 tam
479 3542 746 3615 fragilem
769 3543 1246 3606 condiderit.Quze
1275 3549 1520 3614 utraque
1539 3544 1678 3614 quia
1707 3560 1773 3597 ex
1799 3543 1970 3615 primi

313 3633 582 3689 hominis
630 3633 962 3687 conditione
1010 3636 1139 3687 orta
1191 3648 1321 3687 esse
1366 3631 1655 3701 videntur,
1706 3633 1971 3702 ejusdem

311 3739 554 3795 quoque
586 3721 846 3776 hominis
877 3722 1162 3793 originem
1195 3721 1475 3792 replicare
1505 3721 1696 3788 libuit,
1731 3723 1969 3788 ut,dum

313 3812 369 3868 in
400 3818 539 3868 ortu
575 3828 755 3866 causa
784 3811 947 3865 ﬁeret
977 3812 1230 3882 cognita,
1265 3810 1427 3865 nulla
1457 3811 1730 3882 deinceps
1779 3828 1972 3882 quais-

313 3902 390 3956 tio
414 3906 697 3974 ageretur
726 3888 1042 3970 superflua.

383 3996 453 4047 Η.
491 3991 631 4046 Esto
661 3995 724 4044 ut
751 3990 866 4044 ista
890 3989 1151 4060 quaestio,
1187 3989 1354 4061 quasi
1387 3989 1702 4060 superﬂua,
1737 3989 1972 4060 abjicia-

314 4085 429 4148 tur,
462 4078 630 4152 quid,
665 4095 884 4150 quaeso,
939 4079 1142 4133 divinae
1195 4079 1428 4150 grzetize,
1464 4095 1578 4149 qua
1628 4079 1799 4149 plena
1843 4094 1971 4133 esse

312 4173 466 4224 terra
496 4168 876 4234 describitur,
911 4167 966 4222 in
1000 4168 1264 4237 ejusdem
1293 4168 1466 4239 primi
1501 4167 1756 4222 hominis
1779 4167 1974 4222 condi-

314 4258 476 4313 tione
509 4259 829 4330 deputatur
845 4257 872 4310 ?

390 4347 450 4403 0.
485 4346 656 4402 Nulla
685 4362 884 4401 rerum
917 4345 1191 4418 qualitas,
1225 4347 1338 4401 nisi
1370 4363 1471 4417 per
1506 4349 1869 4413 anticimena,
1912 4347 1969 4402 id

315 4441 401 4492 est
429 4435 918 4504 contraria,valet
947 4437 1206 4508 agnosci.
1239 4437 1490 4508 Ideoque
1519 4437 1564 4492 si
1599 4438 1847 4508 gratiam
1875 4436 1971 4492 Dei

317 4527 485 4599 cupis
511 4527 1120 4598 agnoscere,ejusdem
1146 4525 1345 4597 gratiae
1373 4526 1822 4597 oppositum,vel
1841 4543 1971 4581 con-
2001 4545 2047 4608 ι)

314 4615 565 4671 trarium
594 4615 736 4687 quid
768 4616 844 4670 sit
875 4615 1039 4687 prius
1069 4614 1245 4670 debes
1280 4615 1861 4676 attendere..Necesse
1883 4620 1972 4670 est

316 4706 468 4760 enim
507 4705 830 4775 cujuslibet
859 4705 938 4759 rei
973 4705 1327 4776 agnitionem
1361 4705 1750 4776 esse.Agnitio
1773 4711 1966 4760 autem

317 4792 666 4865 hujusmodi
688 4810 816 4849 esse
838 4794 1068 4848 videtur
1089 4792 1484 4860 distantia,vel
1511 4794 1971 4864 diversitas,quze

317 4883 467 4940 inter
516 4883 792 4954 quaelibet
842 4883 1112 4955 opposita
1142 4887 1198 4938 et
1231 4882 1525 4937 contraria
1570 4883 1876 4954 reperitur,
1909 4887 1975 4937 ut

318 4970 468 5027 inter
502 4973 707 5027 album
741 4977 796 5028 et
827 4973 1083 5044 nigrum.
1115 4971 1328 5026 Album
1379 4972 1533 5026 enim
1585 4971 1646 5025 in
1701 4971 1852 5036 albo,
1883 4970 1972 5026 vel

318 5061 557 5134 nigrum
591 5061 650 5116 in
679 5062 844 5134 nigro
873 5061 1095 5133 pictum
1129 5061 1293 5116 facile
1325 5062 1561 5132 agnosci
1595 5061 1837 5130 nequit;
1870 5061 1969 5115 sed

316 5156 640 5223 utrumque
688 5168 791 5223 per
839 5152 1201 5223 oppositum,
1255 5149 1340 5205 vel
1389 5150 1686 5205 diversum
1721 5151 1969 5205 colorem

318 5242 681 5313 agnoscitur.
711 5245 801 5297 Ita
820 5248 876 5296 et
896 5241 1082 5312 gratia
1105 5240 1300 5295 divina
1321 5239 1744 5294 consideranda
1765 5245 1852 5294 est
1874 5257 1975 5310 per

317 5330 442 5400 ejus
478 5331 843 5403 oppositum,
878 5332 1032 5402 quod
1081 5335 1169 5385 est
1219 5331 1482 5384 div1num
1523 5329 1838 5400 judicium.
1872 5329 1972 5384 His

317 5435 575 5491 namque
605 5421 840 5477 duobus
874 5419 1180 5492 oppositis,
1223 5420 1313 5474 vel
1365 5419 1609 5488 collatis,
1656 5425 1972 5488 utrumque

317 5507 792 5584 intelligitur.Sic
821 5510 1001 5565 etiam
1034 5510 1253 5565 bonum
1286 5507 1758 5579 mali,virtusque
1780 5508 1972 5563 omnis

317 5598 443 5680 vitii
474 5599 757 5660 contrarii
789 5599 1157 5681 oppositione
1181 5597 1470 5658 clarescit.
1503 5597 1804 5666 Quomodo
1836 5612 1971 5674 ergo

2072 504 2197 558 sine
2227 504 2841 569 luxuria,abstinentia
2871 513 2996 568 sine
3026 517 3183 588 gula,
3216 518 3426 578 lenitas
3449 504 3574 582 Sine
3596 546 3722 586 cru-

2072 591 2616 666 delitate,patientia
2645 599 2771 654 sine
2793 602 3026 671 injuria,
3049 608 3262 664 veritas
3293 610 3417 669 sine
3443 616 3713 687 falsitate,

2072 687 2407 780 craterasque
2434 686 2678 742 virtutes
2698 687 2821 743 sine
2837 690 2990 747 vitiis
3021 699 3328 753 contrariis
3350 703 3434 756 vel
3459 686 3721 780 agnosci,

2070 771 2156 825 vel
2188 771 2407 842 aliquid
2433 775 2622 829 meriti
2649 776 2859 834 habere
2891 783 3258 851 potuissent?
3290 789 3344 843 Si
3379 771 3534 849 enim
3558 771 3719 854 nulla

2072 876 2267 915 rerum
2321 864 2704 920 contrarietas
2763 867 2850 921 vel
2909 870 3214 929 diversitas
3271 885 3444 950 esset,
3497 901 3600 939 nec
3658 904 3722 943 se

2072 950 2384 1042 quisquam
2417 969 2811 1020 exercere,nec
2841 959 3154 1030 cujuslibet
3185 968 3457 1024 meritum
3486 975 3718 1042 probari

2072 1040 2379 1110 potuisset.
2409 1043 2491 1096 Ad
2517 1043 2632 1098 haec
2654 1045 2828 1100 etiam
2853 1048 2899 1101 si
2929 1049 3088 1106 nulla
3121 1069 3336 1127 pugna,
3373 1040 3533 1115 nulla
3565 1070 3718 1120 esset

2071 1134 2128 1186 et
2182 1129 2441 1185 victoria.
2488 1133 2543 1185 Si
2595 1151 2726 1189 vero
2777 1136 2937 1191 nulla
2985 1139 3243 1209 victoria,
3287 1146 3448 1202 nulla
3492 1166 3725 1224 quoque

2073 1219 2364 1289 speranda
2385 1227 2539 1276 esset
2559 1222 2742 1293 gloria
2764 1225 2856 1280 his
2887 1227 3101 1298 quibus
3132 1236 3220 1286 est
3239 1219 3721 1297 certandu‘m.S‘ed

2076 1324 2182 1361 nec
2215 1307 2438 1364 lucit‘eri
2471 1309 2580 1364 diei
2610 1311 2843 1368 claritas
2875 1315 3000 1372 sine
3035 1321 3352 1378 tenebrosa:
3402 1329 3588 1384 noctis
3619 1347 3719 1403 op-

2073 1397 2363 1490 positione
2391 1405 2576 1490 grata,
2609 1401 2694 1455 vel
2724 1404 2978 1473 pretiosa
3009 1415 3182 1464 esset.
3235 1411 3381 1467 Nam
3413 1416 3557 1471 nihil
3591 1397 3722 1490 gra-

2073 1486 2312 1551 tum,vel
2345 1488 2665 1558 pretiosum
2700 1490 3096 1561 habetur,nisi
3129 1501 3285 1568 quod
3317 1486 3722 1574 comparatum

2074 1575 2240 1629 alteri
2285 1575 2657 1665 excellentius
2712 1580 2958 1636 videtur.
3018 1583 3128 1638 Sed
3178 1589 3316 1657 quia
3363 1597 3725 1665 comparatio

2073 1681 2190 1719 non
2224 1664 2420 1719 minus
2451 1681 2626 1736 quam
2649 1667 2704 1720 in
2727 1664 3720 1753 duobusagitur,ubicomparanda;

2074 1753 2382 1808 alteritatis
2413 1754 2579 1824 copia
2622 1755 2826 1822 deerit,
2860 1760 3049 1829 gratia
3095 1761 3268 1817 simul
3303 1773 3356 1821 et
3389 1771 3724 1839 pretiositas

2077 1843 2294 1897 deficit.
2331 1843 2476 1906 Quia
2507 1860 2640 1914 ergo
2673 1861 2775 1916 per
2812 1845 3149 1918 hujusmodi
3203 1860 3724 1927 comparationem.

2075 1931 2161 1987 vel
2186 1933 2609 2003 oppositionem
2643 1935 2830 2005 gratia
2852 1937 2951 1991 Dei
2969 1939 3142 1994 etiam
3166 1943 3588 2004 consideranda
3613 1956 3722 2019 est;

2078 2022 2348 2091 angelica
2375 2027 2596 2077 naturae
2615 2023 2958 2095 dignitatem
2977 2029 3223 2100 ejusque
3245 2032 3475 2088 ruinam
3500 2038 3727 2095 existin-

2077 2111 2276 2178 bilem,
2312 2111 2369 2166 in
2404 2129 2520 2182 qua
2551 2112 2961 2182 Deijudiciurn
2995 2119 3251 2187 primum
3282 2127 3580 2194 apparuit;
3621 2145 3723 2183 nec

2078 2217 2193 2255 non
2218 2200 2389 2271 primi
2419 2201 2670 2256 hominis
2692 2202 2922 2274 lapsum
2941 2207 3378 2279 veniabilem,in
3409 2230 3523 2284 quo
3545 2217 3721 2272 etiam

2077 2288 2136 2343 in
2179 2289 2446 2344 homines
2477 2294 2625 2344 facta
2656 2291 2845 2362 prima
2894 2293 2993 2348 Dei
3042 2297 3229 2366 gratia
3277 2304 3582 2372 apparuit;
3623 2306 3724 2362 sed

2079 2383 2136 2432 et
2166 2377 2546 2433 multimodas
2594 2379 2692 2434 Dei
2748 2382 3174 2451 miserationes,
3209 2394 3409 2458 postea
3449 2394 3726 2450 omnibus

2080 2467 2216 2537 [coit
2254 2468 2437 2522 Lamb.
2484 2468 2841 2536 hominibus]
2872 2471 3183 2539 exhibitas,
3235 2477 3481 2534 invicem
3532 2484 3726 2539 confe-

2080 2573 2209 2612 rens
2241 2556 2456 2624 animo,
2482 2563 2766 2627 quantum
2800 2560 3076 2629 possibile
3107 2568 3217 2631 est,
3241 2572 3725 2636 pertracta.Cum-

2080 2663 2193 2716 que
2242 2647 2362 2700 hmo
2412 2647 2608 2701 animo
2667 2649 2974 2705 revolveris
3023 2657 3079 2705 et
3122 2653 3485 2724 quibuslibet
3535 2661 3726 2732 culpis

2079 2753 2381 2807 pcenarum
2415 2737 2622 2791 merita
2653 2739 2955 2807 objeceris,
2991 2739 3264 2798 fateberis
3296 2748 3495 2816 procul
3545 2750 3723 2806 dubio

2087 2850 2106 2874 ι
2142 2826 2545 2880 misericordia
2577 2826 2804 2881 Domini
2838 2829 3068 2898 plenam
3102 2848 3231 2887 esse
3261 2839 3497 2891 terram.
3530 2860 3558 2889 ››

2151 2915 2427 2978 Quamvis
2445 2917 2596 2968 enim
2614 2915 3086 2985 plurimresaaculi
3104 2923 3724 3000 generationes,culpis

2080 3004 2464 3074 exigentibus,
2492 3005 2712 3072 judicio
2747 3005 2845 3060 Dei
2873 3008 3206 3075 justissima
3250 3015 3370 3067 sint
3412 3015 3723 3086 damnatae,

2079 3093 2236 3148 idem
2260 3094 2762 3163 tamenjudicium
2788 3097 3049 3152 evenisse
3071 3100 3324 3155 creditur
3348 3119 3450 3174 pro
3476 3104 3727 3163 aliorum

2000 3169 2042 3234 C
2083 3183 2290 3252 salute,
2324 3183 2475 3238 sicut
2519 3189 2576 3237 et
2602 3184 2760 3238 salus
2805 3186 3067 3255 gentium
3116 3169 3490 3248 damnatione
3537 3197 3729 3252 evenit

2078 3273 2435 3327 Judaeorum.
2471 3273 2616 3329 Nam
2658 3277 2832 3327 tantae
2864 3275 3074 3330 scholae
3103 3278 3416 3350 disciplina
3445 3299 3562 3337 non
3603 3283 3728 3340 sine

2081 3363 2412 3433 aliquorum
2462 3361 2584 3415 tieri
2635 3366 2824 3431 potest
2871 3366 3058 3433 ruina,
3113 3366 3264 3420 sicut
3320 3384 3424 3422 nec
3471 3386 3719 3440 granum

2081 3452 2302 3522 absque
2335 3453 2633 3521 palearum
2662 3451 2949 3504 excutitur
2981 3453 3210 3524 tritura,
3243 3457 3514 3526 quamvis
3553 3476 3724 3530 quos-

2081 3542 2239 3606 dam,
2275 3555 2422 3609 quos
2453 3538 2510 3591 in
2546 3539 2652 3592 hac
2684 3539 2800 3592 vita
2829 3540 3138 3596 damnatos
3168 3543 3454 3617 videmus,
3478 3547 3534 3601 in
3566 3551 3722 3604 futu-

2082 3647 2146 3684 ra
2176 3628 2488 3684 salvandos
2518 3645 2644 3682 esse
2677 3645 2999 3699 speremus.

2155 3725 2226 3774 H.
2257 3718 2386 3773 Jam
2418 3718 2558 3772 satis
2589 3716 2896 3772 deelarasti
2931 3720 3067 3790 quia
3101 3721 3327 3793 ﬂagella
3374 3725 3572 3782 divina
3609 3729 3728 3784 sint

2083 3805 2410 3862 necessaria
2440 3808 2714 3877 quodque
2743 3807 2942 3878 gratias
2988 3810 3176 3881 magis
3225 3829 3400 3883 quam
3434 3817 3553 3870 sint
3582 3834 3727 3890 sup-

2081 3895 2254 3968 plicio
2285 3896 2640 3966 deputanda.
2673 3897 2781 3948 Sed
2832 3901 2888 3950 et
2935 3898 3108 3967 primi
3162 3900 3418 3958 hominis
3467 3903 3722 3976 lapsum,

2082 4002 2257 4056 quem
2291 3985 2696 4055 imperitorum
2728 3985 2939 4056 vulgus
2984 3992 3158 4043 refert
3205 3991 3274 4044 ad
3327 3992 3725 4065 Conditorem,

2081 4077 2143 4128 tu
2175 4073 2411 4145 quidem
2443 4072 2808 4143 apertissime
2834 4075 3083 4130 docuisti
3114 4078 3187 4131 ad
3213 4081 3474 4148 ejusdem
3529 4082 3724 4138 homi-

2082 4163 2173 4218 nis
2205 4162 2573 4218 referendum
2605 4178 2733 4217 esse
2763 4161 3238 4220 inobedientiam.

2719 4268 2951 4324 CAPUT
2991 4271 3081 4326 IV.

2080 4362 2142 4415 In
2171 4358 2526 4435 damnatione
2562 4357 2887 4435 angelorum
2933 4365 3311 4435 apostatarum
3349 4365 3565 4435 justum
3619 4369 3726 4423 Dei

2142 4431 2454 4502 judicium;
2487 4432 2546 4484 in
2577 4433 2929 4501 reparatione
2956 4431 3191 4488 hominis
3222 4431 3360 4506 lapsi
3389 4437 3579 4494 divina
3607 4442 3724 4509 pie-

2153 4508 2236 4557 tas
2260 4513 2509 4574 apparet.

2152 4611 2338 4665 Heinr.
2372 4614 2536 4663 Nunc
2567 4625 2701 4680 ergo
2735 4625 2936 4680 precor
2967 4615 3050 4676 ut,
3084 4612 3220 4683 quia
3246 4614 3417 4683 paulo
3450 4616 3723 4687 superius

2085 4701 2400 4754 maximam
2435 4699 2664 4769 pietatis
2695 4698 2900 4752 divinas
2932 4700 3426 4770 dispensationem
3462 4704 3721 4762 humano

2082 4789 2279 4861 generi
2311 4788 2625 4842 exhibitam
2669 4787 2724 4839 in
2775 4787 3044 4858 angelicae
3093 4795 3148 4844 et
3177 4790 3448 4848 humanas
3499 4801 3722 4850 naturae

2083 4878 2387 4933 collatione
2442 4875 2640 4930 sentiri
2694 4892 2864 4945 posse
2913 4878 3131 4947 dixisti,
3166 4882 3236 4935 de
3281 4881 3372 4937 his
3403 4885 3580 4939 etiam
3613 4883 3724 4938 ali-

2083 4968 2222 5039 quid
2256 4966 2485 5037 planius
2519 4965 2817 5035 disputare
2847 4968 3095 5023 coneris.

2155 5059 2215 5111 0.
2251 5057 2511 5110 Obscura
2541 5059 2680 5108 sunt
2704 5054 2868 5109 valde
2900 5072 3025 5126 quae
3057 5060 3268 5128 quaeris
3299 5065 3357 5115 et
3388 5077 3453 5116 eo
3484 5062 3555 5116 ad
3593 5079 3722 5133 pro-

2084 5146 2386 5201 ferendum
2415 5144 2742 5198 difficiliora
2769 5161 2882 5216 quo
2910 5148 2969 5200 in
2991 5150 3341 5218 quiesstione
3372 5151 3723 5206 rarioraJSed

2083 5236 2240 5308 quia,
2275 5241 2338 5289 ut
2375 5233 2685 5304 Apostolus
2718 5233 2857 5288 dicit
2889 5251 2902 5289 :
2935 5237 3249 5292 Invisibilia
3289 5241 3385 5294 Dei
3411 5257 3445 5294 α
3471 5245 3725 5297 creatura

2083 5325 2274 5380 mundi
2299 5341 2398 5396 per
2425 5340 2485 5377 ea
2517 5338 2641 5393 qua:
2667 5325 2814 5394 facta
2838 5329 2968 5378 sunt
3003 5327 3282 5382 intellecta
3309 5330 3726 5400 conspiciuntur

2083 5416 2257 5486 (Rom.
2294 5415 2354 5486 1),
2389 5413 2800 5485 aggrediamur
2847 5413 3064 5485 aliqua,
3098 5433 3223 5487 quae.
3254 5418 3342 5473 vel
3374 5421 3468 5474 Dei
3514 5420 3723 5492 gratia,

2082 5507 2152 5561 de
2183 5522 2300 5576 qua
2318 5502 2726 5576 loquimur,vel
2754 5504 2898 5559 ﬁdes
2921 5509 3125 5561 sancta
3146 5508 3572 5581 suggerit,hinc
3597 5525 3726 5582 pro-

2079 5593 2304 5678 palare.
2332 5595 2396 5653 In
2427 5593 2645 5675 quibus
2675 5596 2892 5672 tamen,
2925 5609 2998 5654 ne
3044 5595 3178 5678 quis
3226 5614 3332 5660 nos
3379 5598 3725 5680 temeritatis
