4118 6188
376 298 456 360 67
1381 286 1722 351 OTHLONl
1770 282 2124 351 MONACIII
2173 288 2236 349 S.
2283 286 2777 351 EMMERAMMI
3708 288 3790 351 68

384 430 569 504 possit
598 443 859 501 arguere,
890 425 937 480 si
970 423 1108 496 quid
1140 425 1331 495 inepte
1359 423 1443 479 vel
1476 422 1688 478 incerte
1713 422 2022 491 [cod.Crur.
2058 424 2111 490 Α
2141 439 2252 477 non
2287 439 2408 492 quae
2443 422 2518 475 sit
2558 439 2773 489 massa,
2822 422 2922 477 sed
2973 420 3164 493 qualis
3208 420 3284 476 sit
3331 421 3555 491 artifex,
3607 438 3675 477 ex
3721 440 3793 480 ea

383 522 622 588 inrecte]
658 513 1200 590 proferimus,omni
1232 513 1451 568 homini
1486 512 1726 567 meliora
1756 512 2027 567 sentienti

384 612 453 665 ad
488 606 918 664 emendandum
951 620 1057 658 nos
1089 603 1456 673 subjicimus.
1490 601 1734 656 Videtur
1776 618 2029 671 namque

383 699 587 753 divinae
619 695 821 767 gratiae
852 694 1057 748 merito
1089 692 1453 747 referendum
1484 691 1769 761 quidquid
1798 690 2027 761 pietatis

383 786 695 858 excogitari
712 789 899 856 potest
918 788 1112 837 actum
1129 798 1265 852 erga
1286 798 1471 851 genus
1494 780 1841 834 humanum.
1857 779 2029 841 Quid-

382 876 521 948 quid
555 881 747 929 autem
783 872 1103 927 severitatis
1134 875 1189 925 et
1219 869 1598 925 districtionis
1622 868 1844 937 judicio
1880 872 2027 922 Deus

381 968 438 1020 in
474 964 694 1019 mundo
726 961 1146 1027 statuerit,non
1180 963 1243 1012 ut
1275 958 1333 1012 in
1367 958 1472 1012 hoc
1506 957 1830 1011 delentetur
1857 955 2027 1026 quasi

383 1052 655 1119 crudelis,
690 1052 789 1107 sed
825 1054 887 1104 ut
918 1050 1046 1119 ejus
1087 1048 1274 1119 gratia
1323 1052 1379 1101 et
1426 1047 1682 1118 potentia
1728 1050 2023 1116 appareat,

382 1148 672 1199 statutum
704 1141 893 1209 credo,
927 1139 1066 1209 quia
1088 1136 1296 1207 judicii
1348 1136 1473 1189 sine
1526 1135 1912 1206 oppositione,
1962 1138 2028 1187 ut

380 1251 558 1305 supra
589 1233 813 1286 dictum
844 1233 952 1295 est,
988 1226 1149 1281 nulla
1175 1226 1359 1299 gratia
1389 1224 1540 1279 valet
1570 1240 1865 1295 apparere.

453 1327 527 1377 Ut
557 1338 691 1391 ergo
725 1324 781 1373 et
810 1335 915 1372 nos
945 1317 1191 1388 gratiam
1225 1313 1631 1385 judiciumque
1685 1312 1785 1366 Dei
1836 1313 2024 1383 possi-

383 1428 515 1466 mus
549 1409 917 1477 aliquatenus
947 1405 1263 1467 attendere,
1296 1404 1663 1457 conferamus
1708 1406 2025 1472 utrumque

382 1503 440 1555 in
474 1499 733 1571 angelica
763 1503 817 1551 et
849 1496 1107 1549 humana
1138 1493 1487 1547 conditione.
1522 1492 1580 1545 Si
1614 1492 1792 1563 igitur
1828 1492 1896 1543 ad
1923 1509 2024 1544 an-

380 1590 623 1661 gelicam
658 1585 955 1656 respicias,
992 1583 1133 1654 quid
1165 1600 1232 1638 ea
1262 1582 1319 1635 in
1351 1586 1615 1635 creatura
1649 1579 2025 1651 praeclarius?

378 1684 435 1735 et
459 1684 653 1733 tamen
690 1680 818 1747 post
846 1672 1362 1743 trangressionem,
1399 1686 1501 1723 nec
1554 1670 1779 1723 veniam
1814 1668 2024 1722 habere

380 1767 593 1823 meruit
625 1781 725 1818 nec
760 1762 1083 1833 quidquam
1119 1761 1276 1825 boni,
1306 1760 1391 1814 vel
1440 1758 1585 1813 velle
1635 1757 1843 1829 potuit,
1877 1762 2022 1810 atte-

378 1861 569 1912 stante
602 1858 802 1907 sancto
823 1849 1147 1921 Augustino
1180 1848 1365 1918 qui,in
1399 1848 1547 1901 libro
1579 1864 1671 1900 xw
1704 1853 1779 1901 De
1810 1848 2024 1900 civitate

374 1946 493 2011 Dei,
524 1944 605 1997 ita
635 1940 839 1997 scribit
870 1956 881 1992 ε
918 1943 1159 2009 Propter
1206 1936 1508 2000 meritum,
1565 1935 1776 2004 inquit,
1821 1936 2021 2004 primae

379 2034 543 2089 malae
565 2028 879 2086 voluntatis
897 2046 1013 2082 suae
1038 2028 1117 2080 ita
1135 2028 1479 2080 damnatum
1504 2030 1676 2095 atque
1699 2025 2021 2078 obduratus

373 2129 461 2178 est
478 2120 719 2194 angelus
740 2118 929 2173 malus
948 2118 1145 2187 utjam
1163 2116 1522 2169 voluntatem
1545 2114 1751 2167 bonam
1778 2113 2023 2168 ulterius

374 2213 633 2267 haberet.
696 2210 951 2263 Rursum
1012 2206 1061 2260 si
1128 2206 1397 2259 humanae
1474 2203 1825 2258 conditionis
1884 2204 2023 2273 jura

374 2308 506 2375 post
548 2298 1071 2369 transgressionem
1123 2294 1399 2365 imposita
1446 2293 1730 2359 attendas,
1766 2293 1903 2362 quid
1954 2309 2020 2347 ea

371 2390 545 2444 vilius
576 2388 898 2458 excogitare
934 2389 1097 2454 potes
1119 2384 1144 2436 ?
1178 2384 1587 2437 Verumtamen
1613 2387 1743 2452 post
1766 2381 2017 2451 culpam,

372 2486 425 2534 et
457 2480 685 2533 veniam
709 2481 765 2529 et
787 2474 1036 2544 eligendi
1062 2472 1195 2525 boni
1222 2471 1529 2525 arbitrium
1549 2470 1760 2524 habere
1785 2471 2016 2525 meruit.

370 2570 503 2632 Quae
534 2567 838 2635 utriusque
870 2569 1088 2616 naturaz
1119 2559 1375 2614 conditio
1406 2560 1454 2613 si
1486 2575 1857 2630 summopere
1888 2575 2019 2613 con-

373 2660 611 2722 feratur,
645 2655 826 2708 altera
854 2653 924 2706 ab
958 2652 1139 2705 altera
1169 2649 1677 2703 declaratur.Nam
1712 2650 1766 2701 in
1795 2647 2017 2719 angelis

372 2744 952 2818 peccantibus,quam
981 2741 1349 2794 tremendum
1375 2738 2016 2808 horrendumquejudi-

371 2838 526 2890 cium
562 2835 655 2888 Dei
688 2834 763 2887 sit
792 2834 941 2885 valet
970 2828 1226 2901 agnosci.
1262 2828 1323 2881 ln
1358 2827 1611 2881 hominis
1643 2844 1773 2881 vero
1823 2826 2011 2897 culpa,

372 2922 639 2995 quamvis
671 2938 840 2992 poma
869 2919 1061 2990 gravis
1101 2924 1156 2971 et
1203 2917 1516 2970 metuenda
1546 2916 1854 2978 sentiatur,
1889 2932 2011 2969 ma-

366 3013 524 3066 xima
545 3017 740 3065 tamen
771 3007 970 3080 gratim
1002 3010 1364 3077 argumenta,
1399 3004 1444 3057 si
1470 3004 1693 3073 judicio
1742 3002 2012 3073 angelicae

312 3143 317 3147 .
366 3107 586 3155 natura:
617 3099 1012 3163 conferantur,
1044 3096 1234 3149 inesse
1281 3094 1571 3147 videntur.
1633 3091 1811 3145 Multo
1852 3091 2009 3146 enim

2055 1804 2102 1868 B

2139 512 2277 583 quid
2313 511 2970 575 facturus,attendentes
3002 511 3217 566 credite
3248 511 3383 582 quia
3414 511 3654 584 majoris
3680 530 3789 584 po-

2139 602 2335 655 tentiae
2370 606 2551 655 estex
2583 602 2757 655 rebus
2785 601 3005 657 intimis
3032 602 3285 655 maxima
3314 617 3489 671 quam
3539 617 3607 655 ex
3662 619 3789 657 ma-

2136 692 2267 760 gnis
2302 692 2489 746 facere
2520 708 2751 762 magna.
2787 691 2879 745 Sic
2933 696 2988 745 et
3037 690 3274 760 majoris
3326 696 3410 745 est
3461 690 3784 746 clementia:

2138 796 2409 850 magnam
2454 796 2632 849 quam
2686 796 2919 851 parvam
2971 778 3134 850 lapso
3186 779 3477 835 dimittere
3523 780 3781 852 culpam.

2138 868 2219 921 Ad
2255 868 2375 922 haec
2405 869 2577 922 etiam
2612 869 2952 941 perpendite
2984 868 3121 938 quia
3153 884 3387 923 necesse
3431 873 3519 923 est
3569 870 3629 924 in
3678 870 3785 925 ali-

2136 973 2250 1028 quo
2282 957 2513 1027 probari
2544 963 2888 1028 argumento
2938 957 3077 1027 quid
3129 957 3199 1011 de
3248 957 3372 1012 suis
3422 958 3647 1014 meritis
3706 960 3787 1017 sit

2133 1045 2307 1101 homo
2338 1050 2393 1100 et
2425 1046 2561 1117 quid
2595 1048 2665 1101 de
2698 1046 2897 1117 gratiae
2928 1046 3132 1100 divinae
3165 1046 3335 1101 dono.

2800 1155 3030 1206 CAPUT
3069 1155 3135 1206 V.

2133 1242 2196 1295 In
2236 1243 2456 1311 peccato
2502 1242 2768 1309 originali
2814 1244 2959 1310 facto
3010 1241 3250 1297 hominis
3279 1244 3570 1304 meritum;
3600 1246 3656 1299 in
3689 1245 3782 1301 di-

2360 1314 2524 1367 misso
2554 1314 2761 1368 divina:
2787 1315 3010 1384 pietatis
3037 1314 3239 1367 donum
3264 1314 3548 1386 probatur.

2205 1407 2631 1473 Argumentum
2660 1408 2851 1456 autem
2885 1401 2999 1457 tale
3030 1407 3329 1472 peccatum
3361 1407 3777 1478 constat[f.leg.

2136 1491 2444 1560 monstrat]
2467 1490 3049 1561 originale,quoniam
3083 1491 3139 1545 in
3172 1492 3277 1545 hoc
3310 1509 3427 1547 uno
3458 1494 3781 1566 eodemque

2135 1581 2415 1650 probatur
2448 1585 2761 1649 utrumque
2796 1596 2808 1633 :
2842 1580 2899 1633 in
2934 1580 3082 1634 facto
3116 1580 3351 1651 quidem
3384 1581 3641 1638 hominis
3666 1600 3783 1639 me-

2135 1668 2309 1721 ritum
2331 1686 2342 1733 ;
2364 1668 2421 1721 in
2447 1667 2689 1723 dimisso
2712 1674 2903 1723 autem
2925 1686 3025 1740 per
3043 1669 3638 1739 baptismum,divina3
3663 1672 3785 1744 pie-

2134 1756 2269 1811 tatis
2302 1758 2541 1810 donum.
2577 1756 2703 1810 Haec
2734 1764 2822 1812 est
2853 1758 3033 1828 igitur
3064 1774 3243 1812 causa
3272 1759 3572 1830 originalis
3596 1760 3781 1832 culpa

2134 1846 2340 1901 merito
2372 1847 2696 1917 reputanda
2722 1863 2824 1917 pro
2856 1847 3113 1901 antidoto
3145 1853 3346 1902 contra
3376 1866 3578 1905 omnes
3618 1867 3779 1906 mor-

2134 1936 2236 1989 bos
2267 1935 2550 2004 superbize
2584 1951 2731 2005 quag,
2765 1934 2851 1989 vel
2884 1952 2950 1990 ex
2982 1940 3200 1989 natura:
3232 1936 3589 2003 excellentia,
3627 1938 3781 1993 sicut

2132 2028 2188 2078 et
2219 2024 2441 2102 angelis
2473 2024 2733 2095 contigit,
2768 2023 2852 2078 vel
2885 2041 2953 2079 ex
2984 2028 3254 2078 natorum
3287 2025 3546 2095 profectu
3579 2026 3778 2082 homi-

2133 2112 2305 2167 nibus
2338 2112 2474 2167 oriri
2526 2118 2739 2183 posset,
2792 2112 2931 2184 quia
2979 2112 3313 2183 superbiam
3362 2112 3635 2170 latentem
3693 2114 3779 2170 nil

2132 2205 2320 2271 magis
2352 2201 2682 2270 comprimit
2712 2217 2889 2272 quam
2922 2200 3093 2271 culpa
3123 2207 3346 2271 patens.

2203 2291 2364 2355 Quod
2400 2290 2447 2344 si
2482 2290 2775 2361 superbia,
2808 2289 2895 2344 vel
2929 2290 3273 2345 inﬁdelitate
3306 2290 3501 2362 aliqua
3523 2292 3776 2348 obcaeca-

2130 2379 2205 2433 tis
2240 2379 2434 2435 minus
2468 2385 2623 2451 patet
2654 2397 2722 2434 ex
2753 2380 3090 2450 supradicto
3124 2386 3465 2451 argumento
3496 2381 3651 2437 velut
3680 2384 3777 2437 ob-

2130 2470 2469 2539 scuro,quia
2501 2470 2555 2522 in
2592 2486 2708 2522 una
2737 2470 3057 2540 eademque
3086 2486 3165 2539 re,
3193 2475 3249 2523 et
3275 2487 3443 2541 poma
3474 2472 3775 2541 probatur,

2128 2562 2182 2610 et
2211 2558 2400 2628 gratia
2433 2558 2870 2623 inesse,addam
2896 2558 3050 2611 aliud
3080 2564 3491 2628 argumentum
3518 2559 3773 2631 planius.

2124 2646 2287 2699 Multi
2321 2647 2572 2717 denique
2605 2653 2883 2717 vestrum,
2917 2647 3058 2700 dum
3094 2664 3309 2715 servos,
3352 2648 3437 2702 vel
3481 2649 3775 2719 quoslibet

2127 2736 2237 2789 sibi
2262 2737 2608 2791 commissos
2631 2754 2663 2790 a
2691 2736 2968 2806 nequitiis
2992 2738 3115 2791 suis
3140 2737 3297 2792 nullo
3320 2738 3552 2809 pietatis
3579 2740 3775 2794 mode-

2126 2826 2348 2879 ramine
2382 2825 2649 2879 cohibere
2681 2831 2948 2896 possunt,
2982 2826 3244 2880 dolentes
3275 2843 3371 2881 eos
3405 2828 3590 2898 perire
3612 2829 3771 2900 peni-

2123 2918 2345 2977 tus,aut
2376 2915 2766 2979 caecitate,aut
2789 2914 3039 2985 alicujus
3062 2916 3305 2969 membri
3331 2915 3769 2975 detruncatione

2123 3003 2193 3057 ab
2228 3003 2495 3074 incoeptis
2548 3004 2889 3074 reprimunt.
2944 3006 3203 3075 Cumque
3250 3003 3369 3058 hac
3422 3006 3681 3074 fecerint,
3732 3024 3766 3063 a

2123 3092 2347 3147 cunctis
2380 3093 2739 3163 sapientibus
2770 3092 2901 3163 plus
2923 3109 3122 3147 eorum
3146 3093 3351 3148 salutis
3370 3110 3546 3165 quam
3572 3096 3761 3166 perdi-

366 3190 709 3244 clementius
736 3192 825 3241 est
854 3187 924 3239 ab
958 3182 1303 3251 inl’imis,ubi
1326 3200 1458 3253 spes
1480 3181 1671 3236 omnis
1694 3186 1783 3235 est
1808 3181 2004 3245 veniae,
2039 3177 2081 3244 C
2119 3182 2293 3235 tionis
2325 3198 2501 3235 causa
2536 3184 2737 3237 iecisse
2768 3182 3084 3236 creduntur
3132 3184 3591 3252 attendentibus,
3624 3185 3762 3256 quia

368 3280 439 3333 ad
481 3294 715 3333 summa
760 3273 1081 3346 quemlibet
1136 3271 1374 3343 provehi
1423 3288 1599 3342 quam
1651 3270 1708 3323 in
1758 3270 2010 3325 summis

366 3368 773 3431 constitutum,
810 3364 908 3418 ubi
939 3362 1101 3417 locus
1133 3360 1331 3415 nullus
1381 3365 1468 3415 est
1518 3359 1892 3430 poenitentiae,
1938 3359 2008 3412 ad

363 3458 569 3511 intima
599 3455 791 3525 dejici.

436 3546 565 3600 Haac
591 3545 769 3615 igitur
802 3547 1045 3612 utraque
1077 3540 1331 3595 maxima
1353 3540 1520 3594 nobis
1552 3538 1852 3609 pensanda
1874 3542 2012 3591 sunt

364 3632 696 3688 humilitate
729 3636 785 3685 et
818 3648 918 3701 pro
951 3629 1228 3683 continua
1285 3629 1488 3680 divinae
1540 3625 1770 3695 pietatis
1815 3626 2007 3679 confe-

364 3722 543 3775 renda
571 3719 990 3783 admonitione,
1026 3733 1092 3769 ac
1126 3715 1173 3769 si
1208 3715 1351 3787 ipsis
1382 3715 1555 3769 rebus
1587 3712 1812 3767 collatis
1856 3713 2009 3766 Deus

362 3810 631 3865 homines
662 3808 987 3863 admonens
1032 3804 1387 3874 loqueretur,
1441 3803 1638 3856 dicens
1674 3818 1684 3854 ε
1721 3802 2011 3855 Attendite

361 3917 487 3971 quae
507 3899 797 3970 peccando
824 3894 1121 3949 meruistis
1148 3900 1204 3947 et
1227 3898 1515 3964 quantum
1544 3896 1740 3963 postea
1761 3892 2008 3961 gratiam

362 3988 597 4044 exhibui
629 3986 825 4051 vobis;
858 3991 914 4039 et
944 3985 993 4039 si
1025 3984 1144 4038 haac
1178 3982 1323 4036 alias
1355 3998 1597 4053 pensare
1629 3980 2011 4050 nequitis,an-

360 4078 530 4149 gelici
564 4082 762 4132 reatus
798 4076 1077 4129 ultionem
1110 4071 1516 4141 recordamini,
1550 4070 1687 4141 quia
1722 4069 2007 4140 quidquid

362 4167 497 4221 huic
552 4164 835 4220 dissimile
894 4180 996 4235 pro
1055 4163 1309 4234 peccatis
1358 4160 1563 4215 vestris
1621 4165 1708 4213 est
1766 4161 2005 4225 factum,

360 4256 557 4327 gratiae
590 4254 960 4310 solummodo
994 4268 1131 4306 meae
1164 4254 1391 4306 constat
1430 4248 1851 4320 deputandum.
1888 4247 2007 4302 Illis

361 4361 615 4415 namque
646 4348 777 4414 post
807 4343 1061 4413 lapsum,
1095 4358 1199 4395 nec
1229 4341 1413 4405 venia,
1450 4354 1551 4392 nec
1586 4338 1720 4391 boni
1754 4337 2005 4407 eligendi

360 4433 607 4490 facultas
642 4432 759 4487 ulla
792 4431 991 4485 relicta
1034 4436 1141 4485 est.
1176 4429 1353 4485 Vobis
1401 4435 1594 4481 autem
1646 4443 1757 4480 non
1811 4426 2004 4481 solum

358 4522 480 4577 haec
512 4521 719 4593 reliqui
746 4538 757 4589 ;
793 4520 895 4573 sed
927 4524 1001 4589 et,
1036 4523 1099 4573 ut
1130 4535 1231 4573 vos
1263 4520 1332 4571 de
1364 4516 1609 4570 terrenis
1636 4516 1703 4568 ad
1728 4514 2001 4584 omlestia,
2035 4549 2083 4614 Β

360 4612 514 4666 unde
544 4611 716 4665 iidem
750 4608 993 4680 maligni
1027 4607 1216 4679 angeli
1249 4606 1476 4676 depulsi
1527 4610 1683 4671 sunt,
1724 4606 2007 4657 transter-

359 4716 503 4768 rem,
540 4699 926 4753 humanitatis
957 4703 1163 4752 vestrae
1198 4712 1430 4751 carnem
1455 4694 1771 4764 assumpsi.
1798 4698 1855 4746 ln
1890 4709 2005 4764 qua

358 4790 553 4855 etiam,
586 4795 651 4842 ut
680 4788 1044 4842 ostenderem
1077 4790 1297 4856 quanta
1321 4784 1463 4838 mihi
1486 4782 1815 4838 ob'edientia
1836 4782 2004 4836 debe-

357 4882 444 4931 ret
473 4876 647 4931 homo
680 4877 874 4944 subdi,
909 4891 1012 4947 ego
1045 4874 1385 4929 hominibus
1425 4873 1759 4928 omnimodo
1807 4871 2001 4941 subje-

357 4972 485 5021 ctus
515 4965 779 5036 exempla
809 4964 1182 5037 praebui.Scio
1215 4965 1465 5034 denique
1486 4963 1624 5033 quia
1654 4962 1881 5016 cunctis
1904 4961 2003 5015 ho-

357 5056 615 5111 minibus
646 5060 801 5110 esset
831 5054 1169 5109 incredibile
1201 5054 1341 5125 quid
1375 5054 1547 5107 homo
1586 5053 1820 5106 deberet
1866 5056 2000 5115 Deo,

361 5146 469 5201 nisi
503 5146 627 5218 ipse
657 5145 755 5199 tali
787 5144 1094 5216 probarem
1140 5143 1423 5215 exemplo.
1474 5143 1719 5196 Proinde
1765 5142 1809 5195 si
1859 5141 2000 5211 quid

355 5252 456 5291 vos
480 5240 705 5290 moveat
727 5235 878 5305 quod
905 5250 973 5288 ex
992 5240 1107 5288 tam
1131 5233 1320 5305 fragili
1344 5248 1537 5287 massa
1561 5232 1724 5303 origo
1742 5231 2002 5285 humana

354 5325 650 5397 procedat,
683 5323 1044 5378 considerate
1076 5324 1132 5377 in
1159 5321 1364 5395 primis
1396 5322 1503 5376 hoc
1536 5323 1705 5375 modo
1739 5338 1867 5376 esse
1893 5338 1999 5392 pu-

355 5414 537 5469 nitam
566 5412 908 5485 protoplasti
940 5412 1427 5481 inobedientiam;
1457 5414 1599 5467 dum
1646 5411 1803 5465 enim
1854 5428 1998 5483 prie-

350 5503 535 5576 ceptis
565 5505 711 5558 meis
742 5501 927 5558 noluit
959 5502 1210 5571 obedire,
1248 5503 1453 5558 merito
1502 5502 1761 5575 aliquam
1808 5502 1998 5557 carnis

350 5592 766 5659 contumeliam
814 5593 1015 5652 debuit
1056 5593 1467 5653 inevitabiliter
1496 5593 1729 5650 sentire.
1780 5592 2000 5651 Deinde

2118 3271 2281 3340 juxta
2311 3270 2641 3341 evangelica
2670 3271 2862 3337 verba,
2896 3272 3091 3325 melius
3120 3275 3196 3325 est
3229 3272 3298 3325 ad
3328 3274 3497 3327 vitam
3542 3274 3768 3346 ingredi

2118 3360 2347 3415 debilem
2380 3361 2466 3414 vel
2490 3361 2771 3427 claudum,
2798 3378 2959 3430 quam
2978 3361 3116 3415 duas
3138 3378 3335 3415 manus
3356 3362 3437 3417 vel
3458 3362 3591 3418 duos
3606 3364 3768 3435 pede:

2120 3451 2405 3504 habentem
2434 3452 2585 3504 mitti
2614 3452 2668 3503 in
2702 3452 2884 3518 ignem
2916 3454 3187 3506 aeternum
3218 3451 3423 3521 (Matth.
3476 3460 3655 3519 xvm).
3705 3454 3763 3507 Si

2120 3557 2255 3610 ergo
2278 3540 2417 3593 talia
2453 3540 2626 3595 unius
2658 3541 2899 3594 forsitan
2919 3540 3174 3594 hominis
3200 3540 3436 3594 utilitati
3456 3541 3767 3597 consulens

2121 3628 2296 3682 homo
2328 3628 2483 3682 novit
2516 3645 2705 3699 agere,
2741 3645 2917 3699 quare
2960 3630 3137 3683 etiam
3170 3646 3283 3683 non
3317 3645 3407 3683 me
3440 3630 3496 3682 in
3530 3628 3772 3686 homine

2120 3718 2626 3788 primo,sapientia
2656 3719 2995 3774 omnimoda
3026 3736 3059 3773 a
3090 3735 3181 3773 me
3212 3719 3435 3773 imbuto
3468 3722 3522 3773 et
3553 3718 3627 3773 ob
3658 3719 3772 3775 hoc

2120 3806 2190 3860 ad
2218 3806 2620 3861 inobedientiae
2642 3809 3155 3879 praesumptionem
3179 3812 3381 3863 contra
3401 3824 3491 3862 me
3521 3806 3766 3880 elevato,

2119 3895 2298 3949 totius
2330 3894 2572 3950 humani
2603 3898 2831 3967 generis
2865 3897 3113 3952 salutem
3148 3898 3491 3968 portendere
3525 3898 3767 3953 arbitra-

2121 3984 2433 4050 mini,dum
2467 3986 2593 4055 ejus
2626 3986 2927 4057 dignitatis
2960 3992 3183 4057 portem
3217 3987 3534 4058 quamdam
3560 3987 3617 4041 in
3639 3986 3766 4058 ipso

2120 4090 2253 4127 mox
2298 4074 2461 4129 initio
2508 4074 2775 4130 elationis
2830 4080 3129 4147 tantopere
3179 4076 3637 4131 abscindendam
3668 4076 3765 4130 de-

2118 4163 2309 4217 crevi?
2356 4162 2426 4217 Ut
2474 4164 2629 4218 enim
2681 4164 2937 4219 hominis
2994 4169 3083 4219 est
3133 4165 3347 4220 delicta
3395 4165 3764 4221 solummodo

2118 4252 2407 4321 praeterita
2437 4254 2663 4323 punire,
2699 4254 2780 4308 sic
2817 4255 2911 4308 Dei
2943 4254 3362 4325 omnipotentis
3407 4261 3495 4310 est
3547 4256 3762 4323 futura,

2118 4358 2188 4394 ne
2216 4342 2486 4395 eveniant
2518 4343 2689 4413 mala,
2724 4345 3024 4398 occasione
3056 4345 3387 4416 omnigena,
3422 4361 3760 4417 prazcavere.

2189 4431 2314 4485 llaec
2346 4432 2541 4503 igitur,
2576 4449 2607 4487 o
2641 4432 2939 4500 mortales,
2969 4434 3040 4487 de
3071 4434 3341 4505 originali
3374 4433 3602 4490 macula
3629 4451 3767 4506 pen-

2117 4527 2336 4588 santes,
2366 4523 2580 4588 sentite,
2617 4528 2677 4576 ut
2709 4523 2989 4593 scriptum
3022 4528 3130 4590 est,
3154 4529 3228 4579 de
3258 4525 3485 4580 Domino
3518 4527 3579 4580 in
3606 4525 3763 4580 boni-

2116 4621 2224 4664 tate
2256 4612 2405 4682 (Sap.
2438 4614 2499 4681 1).
2530 4612 2935 4666 ltecordamini
2968 4630 3201 4685 quoque
3242 4615 3398 4684 quod
3455 4613 3767 4670 Psalmista

2116 4699 2268 4754 dicat
2300 4717 2312 4753 :
2348 4701 2620 4767 Quomodo
2650 4704 2947 4757 miseretur
2992 4708 3152 4774 pater
3207 4705 3468 4774 ﬁliorum,
3506 4706 3765 4759 misertus

2112 4798 2187 4843 est
2234 4791 2497 4844 Dominus
2544 4792 2863 4846 timentibus
2919 4808 2997 4860 se,
3050 4795 3310 4863 quoniam
3361 4796 3473 4865 ipse
3514 4794 3765 4862 cognovit

2111 4880 2434 4949 ﬁgmentum
2484 4889 2727 4935 nostrum
2776 4881 2945 4951 (Psal.
2994 4884 3122 4953 cu);
3171 4888 3228 4937 et
3268 4883 3479 4938 iterum
3518 4880 3765 4937 :Fideli:

2112 4969 2373 5024 Dominus
2399 4971 2457 5023 in
2486 4970 2734 5025 omnibus
2768 4971 2942 5025 verbis
2967 4974 3084 5026 suis
3114 4972 3286 5039 (Psal.
3321 4974 3527 5043 CXLIV).

2184 5059 2251 5111 Et
2283 5064 2346 5112 ut
2376 5075 2543 5113 nemo
2566 5060 2896 5130 suspicetur
2918 5060 3055 5131 quia
3076 5077 3179 5131 pro
3205 5060 3547 5115 crudelitate
3567 5059 3765 5131 aliqua

2111 5146 2408 5201 diabolum
2443 5149 2809 5219 permiserim
2835 5150 2892 5202 in
2922 5150 3125 5204 multis
3146 5149 3461 5217 dominari,
3483 5148 3767 5204 attendite

2111 5237 2265 5306 quod
2293 5238 2363 5291 ad
2396 5238 2501 5291 Job
2529 5254 2620 5292 me
2652 5238 2871 5292 dixisse
2920 5239 3205 5310 scriptum
3245 5243 3333 5294 est
3384 5256 3395 5293 :
3448 5239 3564 5293 Non
3604 5237 3767 5308 quasi

2107 5326 2343 5381 crudelis
2369 5327 2636 5381 suscitabo
2662 5344 2784 5381 eum
2815 5329 2929 5397 (Job
2962 5331 3092 5401 xu),
3126 5327 3499 5400 subintellige
3548 5326 3753 5382 diabo-

2109 5419 2253 5471 lum.
2289 5416 2443 5470 Inter
2474 5416 2591 5471 hzec
2616 5418 2790 5473 etiam
2822 5416 2965 5473 libet
2997 5434 3319 5474 memorare
3349 5418 3489 5490 quia
3510 5418 3581 5473 de
3607 5415 3767 5487 judi-

2110 5506 2328 5560 ciorum
2349 5522 2607 5561 meorum
2626 5508 2965 5563 austeritate
2978 5506 3146 5562 multi
3162 5506 3351 5561 solent
3368 5518 3758 5561 murmurare.

2108 5594 2220 5654 Sed
2250 5596 2453 5653 eadem
2485 5598 2798 5660 austeritas
2856 5614 3032 5673 quam
3058 5596 3385 5655 necessaria
3415 5595 3493 5655 sit
3535 5592 3756 5667 mundo

2480 5782 2509 5801 ς
