4114 6184
293 251 375 322 69

1270 247 1580 320 DIALOG.
1628 258 1731 321 DE
1775 254 2063 324 TRIBUS
2110 257 2739 332 QUIES'I‘IONIBUS.
2784 335 2811 345 _

3633 261 3716 329 '70

292 397 347 450 et
377 391 493 448 hoc
534 387 793 447 maxime
842 387 1088 464 probare
1118 390 1362 462 potestis
1410 391 1568 463 quia,
1603 408 1736 448 cum
1768 391 1957 465 pluri-
1986 396 2037 461 Α
2071 394 2432 466 randamque
2453 394 2926 467 promissionem.
2947 396 3159 470 Sicque
3180 396 3482 456 conferens
3499 403 3557 455 et
3582 416 3715 472 per-

293 498 441 553 mos,
476 484 548 537 ut
576 486 635 537 et
683 480 795 552 ipsi
848 480 1160 553 perpessis,
1195 484 1252 536 et
1285 474 1383 536 alii
1432 481 1648 537 auditis
1708 481 1953 554 ﬂagellis

294 573 733 637 convertantur,
770 568 1050 641 afﬂigam,
1087 567 1470 625 nihilominus
1517 573 1715 626 tamen
1759 572 1818 625 in
1853 587 1951 626 ne-

296 660 482 735 quitia
512 660 626 715 sua
655 661 1045 731 perseverant.
1078 658 1242 722 Quod
1284 658 1332 714 si
1362 659 1562 714 eadem
1589 658 1951 730 judiciorum

295 766 569 807 meorum
601 749 918 804 austeritas
948 747 1186 819 penitus
1217 752 1491 815 cessaret,
1518 754 1755 820 quanta,
1789 754 1954 821 puta-

295 840 393 904 tis,
425 837 812 911 praesumptio
862 840 1237 908 quantusque
1286 835 1598 892 exitiabilis
1648 837 1955 893 conﬂictus

297 929 449 984 inter
478 925 754 983 homines
803 925 1030 981 saeviret
1048 924 1076 978 ?
1106 925 1222 980 Hoc
1249 930 1445 980 autem
1500 925 1753 981 habeant
1782 944 1957 1000 argu-

300 1022 567 1074 mentum
599 1014 704 1087 qui
732 1013 1085 1070 districtioni
1117 1030 1258 1069 meae
1289 1014 1568 1087 derogare
1598 1021 1902 1072 conantur.

951 1119 1181 1176 CAPUT
1218 1120 1313 1176 VI.

526 1212 713 1283 pietas
739 1217 792 1266 et
830 1212 1091 1283 severitas
1118 1218 1244 1283 sunt
1272 1209 1377 1265 duo
1408 1211 1546 1266 retia
1587 1211 1789 1283 quibus
1819 1213 1958 1268 Deus

608 1284 904 1339 salvandos
932 1282 1011 1338 ad
1038 1298 1092 1336 se
1119 1282 1338 1338 trahere
1360 1282 1651 1338 consuevit.

376 1371 725 1445 Hujnsmodi
756 1371 939 1445 igitur
986 1371 1164 1437 dicta,
1196 1375 1499 1443 utcunque
1548 1372 1795 1443 prolata,
1827 1372 1958 1429 ideo

304 1478 566 1537 persona
577 1460 782 1516 divine
797 1459 1009 1515 rationi
1023 1459 1407 1515 assimilanda
1420 1461 1597 1516 statui
1608 1461 1765 1533 ,quia
1784 1478 1961 1533 super

305 1553 396 1609 his
418 1550 686 1624 plurima
710 1550 1121 1622 imperitorum
1147 1549 1338 1617 turba,
1368 1549 1771 1622 indignatione
1803 1567 1961 1607 nunc

306 1641 494 1709 tacita,
543 1655 707 1695 nunc
756 1638 933 1694 etiam
983 1637 1210 1709 prolata
1256 1654 1390 1693 eum
1439 1638 1710 1694 incusare
1741 1640 1957 1694 studet.

303 1214 498 1271 Divina

2068 482 2325 539 miscens
2360 489 2607 556 utraque
2635 485 2841 541 timere
2870 486 3046 541 simul
3073 492 3131 542 et
3160 505 3392 560 sperare
3423 488 3483 544 in
3512 489 3712 545 Domi-

2062 588 2136 626 no
2170 571 2417 628 doceris.

2140 661 2357 717 Deinde
2380 662 2760 719 considerans
2782 665 3201 736 famem,quam
3227 668 3715 740 praedixitJoseph

2063 750 2122 804 in
2155 750 2421 823 x‘Egypto,
2454 768 2911 824 pressuramque
2955 754 3206 809 ﬁliorum
3241 757 3415 812 Israel
3449 759 3519 813 ab
3546 758 3716 830 Egy-

2066 838 2202 910 ptiis
2234 839 2479 912 illatam,
2514 858 2617 896 nec
2640 858 2752 896 non
2782 840 2980 913 plagas
3009 844 3414 915 Egyptiorum
3436 852 3493 901 et
3513 863 3715 902 eorum

2065 928 2493 985 demersionem
2542 930 2602 985 in
2659 931 2808 985 mari
2838 930 3034 987 Rubro
3084 932 3318 1000 factam,
3354 934 3473 989 haec
3520 934 3719 990 omnia

2066 1017 2337 1087 potenliae
2367 1017 2574 1072 divinae
2623 1017 2793 1091 signa
2822 1019 2943 1074 fore
2993 1021 3177 1089 scito;
3211 1026 3521 1077 attestante
3562 1022 3718 1077 Scri-

2066 1110 2400 1178 ptura,quae
2435 1108 2612 1162 Deum
2642 1112 2841 1162 narrat
2857 1108 2928 1162 ad
2965 1108 3319 1165 Pharaonem
3346 1111 3564 1167 dixisse
3580 1110 3722 1182 quia

2065 1194 2136 1251 ad
2165 1196 2264 1251 hoc
2290 1198 2471 1267 ipsum
2507 1198 2741 1253 excitavi
2769 1201 2838 1266 te,
2872 1202 2935 1252 ut
2981 1198 3261 1254 ostendam
3292 1203 3347 1254 in
3382 1204 3434 1255 te
3463 1202 3723 1256 virtutem

2064 1298 2262 1352 meam,
2294 1293 2345 1340 et
2374 1287 2749 1340 annuntiatur
2766 1302 2963 1341 nomen
2983 1303 3166 1342 meum
3196 1290 3253 1343 in
3282 1287 3540 1345 universa
3571 1298 3722 1345 terra

2067 1373 2260 1443 (Exod.
2294 1391 2386 1441 1x;
2422 1375 2576 1430 Rom.
2602 1376 2701 1447 ιχ).
2740 1374 2898 1430 Licet
2921 1376 3078 1431 enim
3112 1377 3182 1432 de
3211 1378 3566 1448 quibusdam
3599 1378 3721 1434 haec

2068 1463 2170 1518 Dei
2199 1464 2375 1517 verba
2407 1468 2733 1531 taceantur,
2767 1465 3055 1520 credenda
3077 1471 3213 1521 sunt
3245 1473 3462 1523 tamen.
3496 1467 3722 1531 Quibus

2069 1550 2340 1623 potentia:
2373 1556 2430 1607 et
2474 1552 2682 1622 judicii
2738 1553 2923 1625 signis
2973 1553 3021 1607 si
3071 1571 3207 1610 mox
3248 1557 3510 1611 conferas
3542 1556 3721 1612 tritici

2071 1642 2321 1712 copiam,
2347 1658 2477 1712 quae
2499 1642 2650 1697 facta
2671 1648 2759 1696 est
2783 1647 2917 1697 ante
2936 1643 3147 1698 famem
3163 1645 3522 1715 praedictam,
3541 1647 3721 1701 Israe-

309 1732 449 1788 Sunt
476 1732 768 1803 praeterea
795 1727 913 1784 alia
939 1726 1393 1783 innumerabilia
1422 1732 1543 1782 tam
1577 1728 1960 1784 districtionis
1994 1774 2039 1838 Β
2070 1729 2214 1785 litici
2248 1730 2444 1802 populi
2470 1731 3361 1805 ereptionem,Ninivitarumque
3390 1735 3716 1790 conversio-

324 1827 352 1838 ,u
424 1818 655 1838 _n_,,a3__
700 1834 863 1838 ___-_._
897 1816 1466 1838 _--qu-2___2__12-.'_
1530 1834 1767 1838 .__________
1810 1835 1925 1838 __-_-
2124 1836 2194 1838 ,η
2266 1837 2271 1838 ,
2314 1821 2550 1838 ,A,,,,,,'
2689 1821 2755 1838 ἰ,
2862 1836 2868 1838 .
2929 1821 3032 1838 ιινν·
3168 1821 3205 1838 11
3257 1823 3290 1838 ι·
3671 1827 3679 1838 ι

309 1827 359 1877 et
377 1818 661 1893 potentiae
694 1834 870 1889 quam
892 1818 1093 1889 gratias
1109 1817 1237 1886 ejus
1258 1816 1495 1882 indicia,
1524 1834 1775 1889 quorum
1803 1835 1960 1890 quae-

312 1910 435 1966 dam
463 1909 531 1964 in
564 1924 746 1964 sacra
796 1906 1107 1978 Scriptura
1136 1905 1348 1977 alibris,
1380 1908 1647 1977 quaedam
1681 1907 1739 1961 in
1772 1908 1962 1980 quoti-

314 1999 497 2055 dianis
530 1996 917 2053 inveniuntur
962 1995 1397 2067 experimentis.
1431 1996 1511 2050 Ex
1540 2012 1792 2067 quorum
1833 2014 1962 2052 om-

314 2090 467 2144 nium
484 2085 805 2143 collatiOne
821 2084 1194 2157 aliquatenus
1215 2084 1427 2155 inspici
1443 2084 1593 2139 valet
1614 2086 1770 2156 quia,
1795 2086 1964 2158 quasi

314 2177 668 2250 quibusdam
710 2174 953 2240 retibus,
987 2190 1086 2229 eos
1134 2189 1281 2245 quos
1316 2174 1466 2227 Deus
1496 2172 1808 2229 salvandos
1838 2190 1966 2230 esse

312 2266 606 2340 previdet,
640 2265 716 2320 ad
746 2281 807 2321 se
835 2262 1068 2319 trahere
1097 2262 1264 2317 solet.
1291 2261 1452 2317 Unde
1482 2267 1539 2317 et
1570 2262 1627 2317 in
1663 2262 1966 2335 Evangelia

311 2373 444 2413 voce
470 2353 714 2411 Domini
745 2352 933 2409 nostri
964 2352 1181 2408 dicitur
1213 2367 1225 2406 :
1257 2352 1426 2407 Nemo
1468 2355 1644 2423 potest
1672 2354 1860 2407 venire
1889 2352 1969 2407 ad

310 2462 415 2515 me,
442 2446 557 2499 nisi
586 2445 757 2499 Pater
783 2458 937 2498 meus
976 2442 1212 2497 traxerit
1242 2457 1369 2496 eum
1397 2442 1575 2512 (Joan.
1608 2441 1708 2513 v1).
1740 2443 1801 2496 Si
1832 2458 1968 2515 ergo

316 2533 520 2607 quaeris
547 2533 850 2606 quomodo
868 2531 940 2587 ad
968 2530 1219 2587 salutem
1244 2529 1515 2597 traharis,
1536 2530 1781 2599 intuere,
1797 2531 1969 2601 juxta

314 2622 685 2698 Apostolum,
749 2620 1021 2694 pietatem
1080 2619 1259 2675 simul
1333 2624 1390 2675 et
1445 2620 1807 2675 severitatem
1866 2620 1969 2675 Dei

315 2729 527 2786 easque
570 2711 777 2784 procul
833 2709 1009 2766 dubio
1059 2709 1204 2765 retia
1234 2709 1445 2765 salutis
1503 2716 1609 2764 tuae
1642 2726 1769 2765 esse
1800 2711 1967 2766 scito.

322 2803 463 2859 Nam
498 2803 550 2859 si
585 2800 961 2857 solummodo
993 2799 1360 2855 severitatem
1395 2799 1488 2854 Dei
1520 2800 1861 2859 attenderis.
1890 2799 1971 2854 nil

315 2893 383 2949 ab
412 2909 483 2949 eo
513 2889 749 2965 praemii
779 2907 885 2963 pro
916 2888 1113 2945 labore
1161 2894 1264 2944 tuo
1296 2904 1540 2961 sperans
1569 2895 1967 2961 accepturum,

312 2982 587 3056 pavidus,
620 2980 784 3036 velut
810 2996 845 3035 a
871 2979 1015 3035 facie
1046 2979 1200 3051 ignis
1232 2995 1381 3046 cera,
1410 2976 1713 3050 liquescis.
1746 2979 1807 3033 Si
1837 2996 1969 3035 vero

312 3073 377 3129 de
407 3072 539 3129 sola
570 3070 789 3144 pietate
808 3070 939 3141 ejus
968 3069 1049 3124 ita
1070 3068 1535 3140 preesumpseris,
1563 3071 1627 3122 ut
1656 3084 1760 3139 pro
1790 3068 1970 3123 nullis

2074 1836 2229 1890 nem,
2264 1821 2654 1875 necessariam
2687 1821 2901 1875 iterum
2928 1821 3069 1876 facis
3100 1821 3636 1894 collationem,quae
3666 1827 3724 1880 te

2073 1911 2244 1964 docet
2273 1910 2479 1964 timere
2510 1910 2728 1981 pariter
2757 1914 2815 1965 et
2846 1926 3077 1981 sperare
3108 1910 3167 1965 in
3203 1911 3463 1967 Domino.

2148 1999 2364 2053 Iterum
2397 1999 2445 2054 si
2478 1999 2744 2053 attendas
2776 2000 2924 2054 Esau
2960 2004 3016 2054 et
3045 1998 3237 2056 Saulis
3269 2001 3421 2073 regis
3448 2000 3724 2072 abjectio-

2075 2103 2230 2153 nem,
2267 2087 2427 2153 Core,
2460 2087 2690 2142 Dathan
2735 2092 2792 2143 et
2821 2087 3059 2155 Abiron,
3093 2088 3420 2145 Holofernis
3451 2096 3509 2145 et
3535 2093 3723 2147 Aman

2076 2176 2261 2231 hostis
2286 2177 2620 2232 Judazorum
2656 2176 2985 2232 mirabilem
3015 2179 3481 2246 exstinctionem,
3506 2186 3563 2235 et
3582 2197 3724 2253 gen-

2075 2266 2224 2320 tium
2256 2264 2509 2331 illarum,
2544 2282 2692 2337 quas
2723 2265 2826 2319 tilii
2862 2266 3041 2321 Israel
3071 2266 3430 2336 deleverunt,
3460 2267 3722 2325 interne-

2077 2354 2325 2421 cionem,
2362 2358 2419 2408 et
2450 2354 2568 2409 hac
2601 2356 2801 2409 omnia
2834 2354 3042 2409 divinae
3073 2359 3303 2412 tantum
3334 2356 3722 2413 districtionis

2069 2443 2297 2513 judicia
2325 2460 2453 2498 esse
2482 2444 2742 2511 credens,
2770 2460 2905 2498 mox
2933 2444 3176 2499 adhibes
3204 2444 3312 2499 Job
3343 2449 3399 2500 et
3424 2444 3556 2500 Elite
3588 2462 3724 2502 san-

2079 2531 2361 2599 ctitatem,
2389 2533 2563 2587 David
2596 2533 2749 2604 regis
2777 2531 3148 2602 electionem,
3174 2532 3411 2605 Moysis,
3444 2538 3502 2589 et
3533 2536 3726 2590 Aaron

2080 2626 2137 2675 et
2162 2620 2343 2675 Josue
2374 2620 2740 2693 dignitatem,
2768 2620 3021 2676 ﬁliorum
3051 2622 3231 2678 Israel
3256 2622 3313 2676 in
3347 2627 3562 2678 terram
3593 2639 3726 2695 pro-

2082 2709 2381 2765 missionis
2411 2710 2921 2778 introductionem,
2943 2712 3088 2779 Aod,
3107 2710 3338 2767 Gedeon
3368 2715 3425 2767 et
3455 2712 3726 2784 Samson,

2079 2799 2282 2854 Judith
2302 2815 2534 2871 quoque
2558 2799 2878 2871 victoriam,
2906 2800 3110 2856 Esther
3132 2801 3343 2873 reginae
3360 2806 3565 2857 contra
3590 2801 3728 2858 hos-

2081 2893 2169 2943 tes
2197 2888 2531 2942 Judaaorum
2565 2889 2983 2955 defensionem,
3023 2906 3297 2961 magnam
3336 2889 3727 2946 nihilominus

2071 2978 2279 3048 judicii
2312 2977 2629 3049 gratiaeque
2660 2978 2867 3033 divinae
2914 2978 3057 3033 facie
3085 2978 3476 3046 collationem,
3509 2996 3626 3051 qua
3655 2980 3726 3036 ad

2078 3066 2310 3122 timoris
2341 3066 2675 3138 amorisque
2695 3068 2877 3122 divini
2898 3068 3231 3124 accenderis
3261 3068 3730 3138 delectationem,

313 3161 636 3218 sceleribus
686 3157 1034 3232 perpetratis
1080 3158 1345 3213 districto
1366 3157 1754 3226 judicandum
1786 3163 1839 3212 te
1870 3174 1967 3212 ve-
2001 3146 2043 3212 C
2083 3156 2284 3210 dicens
2316 3172 2448 3211 cum
2472 3156 2889 3212 Psalmista:ln
2917 3158 3008 3211 via
3026 3159 3467 3213 testimoniorum
3490 3162 3729 3225 tuorum,

313 3251 518 3319 rearis,
553 3250 766 3306 eodem
798 3248 972 3303 modo
1006 3247 1292 3303 remissus
1323 3246 1541 3302 deﬁcis.

380 3340 521 3395 Bac
555 3339 744 3412 igitur
774 3343 1026 3409 utraque
1077 3336 1431 3392 conferanda
1461 3335 1638 3390 simul
1668 3339 1725 3391 et
1754 3335 1973 3407 ample-

314 3429 536 3486 ctenda
550 3444 684 3483 esse
703 3420 1017 3483 Psalmista
1028 3425 1406 3481 considerans
1421 3423 1726 3498 psallebat,
1743 3426 1972 3481 dicens:

312 3515 763 3574 Misericorde
818 3520 870 3572 et
933 3515 1212 3587 judicium
1283 3514 1511 3569 cantabo
1568 3514 1691 3581 tibi,
1751 3514 1980 3570 Domine

317 3607 513 3680 (Psal.
547 3605 621 3673 ο).
653 3605 791 3661 Hinc
842 3606 1053 3661 iterum
1102 3604 1286 3659 dicit:
1329 3605 1489 3672 Virga
1536 3607 1633 3657 tua
1662 3612 1713 3658 et
1752 3602 1979 3659 baculus

316 3704 457 3753 tua:
508 3696 639 3767 ipsa
666 3711 757 3750 me
796 3694 1073 3751 consolata
1118 3700 1245 3748 sunt
1277 3692 1454 3764 (Psal.
1486 3692 1645 3764 xxn).
1680 3692 1792 3747 Sed
1843 3694 1982 3764 quia

316 3801 454 3841 eum
490 3784 660 3856 virga
690 3783 993 3856 ﬂagellari,
1015 3782 1222 3838 baculo
1252 3786 1450 3837 autem
1473 3781 1643 3836 inniti
1672 3785 1730 3836 et
1758 3787 1984 3837 susten-

313 3875 427 3930 tari
464 3873 754 3945 solemus,
786 3889 1041 3945 congrue
1070 3887 1171 3944 per
1191 3872 1415 3943 virgam
1449 3870 1697 3939 Domini,
1732 3872 1861 3942 ejus
1891 3888 1980 3926 se-

313 3965 632 4020 veritatem
658 3981 673 4031 ;
707 3977 811 4033 per
830 3961 1105 4018 baculum
1129 3977 1261 4016 vero
1293 3961 1548 4015 divinam
1574 3959 1849 4032 pietatem
1882 3962 1981 4015 de-

320 4053 801 4127 signavit,eaque
832 4052 1496 4122 conjungens,neutrum
1521 4050 1647 4105 sine
1672 4048 1851 4104 altero
1870 4048 1982 4104 sibi

313 4145 595 4199 sufﬁcere
647 4141 1059 4207 consideravit,
1093 4156 1159 4195 ac
1209 4139 1258 4194 si
1290 4144 1486 4211 aperte
1516 4139 1733 4193 diceret
1766 4156 1779 4193 :
1812 4139 1980 4194 Seve-

309 4233 463 4288 ritas
495 4236 553 4287 et
582 4230 774 4304 pietas
806 4235 933 4300 tua,
967 4229 1147 4286 simul
1177 4228 1421 4294 collatae,
1445 4227 1655 4284 salutis
1688 4244 1828 4283 mete
1864 4227 1981 4283 exi-

311 4325 496 4377 stunt
526 4337 720 4377 causa.

961 4426 1187 4484 CAPUT
1225 4425 1348 4483 VII.

2082 3245 2332 3311 Domine,
2380 3245 2674 3300 delectatus
2724 3261 2863 3312 sum,
2922 3246 3063 3301 sicut
3113 3248 3168 3299 in
3220 3246 3474 3301 omnibus
3521 3246 3734 3302 divitiis

2084 3333 2260 3406 (Psal.
2293 3334 2510 3403 cxvm).
2548 3332 2848 3403 Oransque
2877 3332 3058 3388 simul
3098 3350 3233 3388 cum
3266 3350 3332 3388 eo
3366 3350 3379 3388 :
3416 3334 3633 3405 Conﬁge
3660 3335 3733 3389 li-

2083 3438 2232 3478 more
2246 3426 2338 3476 tuo
2353 3437 2435 3475 car
2448 3436 2544 3475 nes
2564 3437 2766 3488 meas,a
2776 3420 3011 3490 judiciis
3030 3423 3184 3477 enim
3208 3422 3319 3477 tuis
3338 3422 3503 3477 timui
3518 3421 3733 3493 (Ibid).

2702 3527 2931 3584 CAPUT
2969 3528 3116 3583 VIII.
3744 3566 3773 3581 ,ρ

2088 3620 2151 3673 In
2187 3617 2361 3674 Veteri
2412 3617 2746 3672 Testamento
2786 3617 2882 3672 Dei
2926 3617 3216 3685 judicium,
3269 3619 3328 3672 in
3359 3617 3502 3673 Novo
3530 3618 3734 3689 gratia,

2145 3690 2383 3762 ejusdem
2403 3691 2581 3760 pietas
2612 3690 2841 3760 speciali
2870 3690 3102 3760 quodam
3129 3689 3284 3745 modo
3314 3690 3672 3761 intelligitur.

2160 3778 2553 3849 Hac-quidem
2567 3777 2903 3851 supradicta
2919 3779 2976 3834 iu
2994 3779 3186 3834 Veteri
3207 3782 3577 3834 Testamento
3604 3794 3739 3834 con-

2090 3869 2370 3925 tinentur.
2409 3872 2469 3922 In
2520 3868 2674 3923 Novo
2724 3873 2920 3923 autem
2953 3867 3002 3923 si
3031 3868 3198 3924 Judee
3245 3872 3522 3940 apostata
3554 3866 3744 3922 Simo-

2091 3958 2300 4029 nisque
2330 3956 2476 4028 Magi
2504 3956 2805 4012 interitum
2831 3975 2844 4025 ;
2878 3956 2996 4012 Arii
3028 3973 3261 4030 quoque
3282 3961 3742 4028 ceterorumque

2091 4045 2498 4102 haereticorum
2546 4044 2871 4117 perfidiam,
2903 4046 3157 4101 Judaicae
3205 4046 3413 4118 plebis,
3462 4062 3568 4102 nec
3622 4062 3739 4101 non

2091 4136 2356 4209 gentium
2388 4134 2646 4204 illarum,
2681 4152 2807 4207 quae
2856 4134 3049 4190 adhuc
3080 4135 3409 4208 paganismi
3442 4135 3556 4191 ritu
3589 4134 3743 4190 deti-

2092 4232 2326 4295 nentur,
2359 4223 2768 4280 inﬁdelitatem
2791 4224 3055 4280 conferas
3078 4225 3151 4280 ad
3183 4224 3429 4279 latronis
3460 4228 3518 4279 et
3539 4228 3739 4279 centu-

2094 4315 2275 4386 rionis
2298 4314 2617 4386 evangelici
2644 4314 2817 4368 fidem
2840 4320 2897 4368 et
2927 4319 3262 4370 sanctorum
3289 4311 3607 4368 infantium
3641 4327 3744 4384 pro

2094 4404 2307 4459 Christi
2339 4420 2478 4458 nece
2521 4403 2848 4459 occisorum
2893 4403 3239 4475 dignitatem
3272 4407 3326 4457 et
3359 4401 3429 4457 ad
3480 4401 3745 4473 gentium

312 4518 649 4590 Atrei-untur
686 4535 761 4575 ea:
816 4518 993 4576 Veteri
1040 4519 1370 4573 Testamento
1401 4514 1621 4590 divinae
1662 4514 1911 4585 pietatis,
1942 4528 1971 4568 e

2098 4493 2488 4566 plurimarum
2538 4491 2879 4563 religionem
2928 4509 3225 4564 magnam,
3261 4490 3516 4562 profecto
3564 4505 3633 4544 ex
3661 4486 3747 4543 eis

864 4591 1167 4647 severitatis
1194 4589 1467 4660 exempla.

384 4680 514 4737 Sed
548 4679 895 4759 hujuemodi
953 4679 1321 4737 collationem
1366 4677 1473 4733 hoc
1525 4677 1697 4732 modo
1728 4674 1787 4730 in
1819 4673 1987 4731 libris

320 4768 586 4841 sparsim
612 4768 1294 4827 scrutare.Memorarein
1310 4766 1518 4840 primis
1533 4765 1705 4837 primi
1729 4765 1990 4838 parentis

318 4859 808 4916 maledictionem
830 4865 888 4916 et
909 4860 1109 4916 diluvii
1128 4855 1421 4931 generalis
1442 4855 1794 4911 horrendam
1814 4855 1987 4913 inun-

320 4948 657 5017 dationem,
689 4966 797 5006 nec
828 4966 944 5006 non
979 4948 1213 5004 urbium
1259 4946 1522 5003 Sodoma:
1569 4950 1627 5000 et
1656 4944 1990 5000 Gomorrhaa

318 5040 706 5095 tremendam
749 5038 1210 5104 subversionem,
1243 5036 1460 5107 illaque
1510 5034 1709 5090 omnia
1753 5034 1990 5104 judicii,

316 5125 403 5183 vel
434 5127 838 5184 districtionis
869 5127 1075 5183 divina:
1107 5126 1276 5198 signa
1316 5126 1436 5181 fore
1467 5124 1654 5180 crede.
1688 5125 1822 5189 Quae
1854 5124 1994 5195 quia

320 5231 426 5287 per
448 5233 521 5273 se
542 5215 700 5272 nihil
723 5221 1062 5289 cperantur,
1088 5216 1201 5271 nisi
1222 5229 1493 5287 pavorem
1524 5212 1611 5268 vel
1634 5214 1995 5285 desperatio-

316 5308 736 5375 nem,attende
763 5323 899 5362 mox
921 5306 1129 5362 divinae
1150 5303 1384 5378 pietatis
1406 5301 1706 5374 indicia,id
1728 5307 1818 5359 est
1840 5304 1993 5375 ejus-

318 5394 457 5451 dem
494 5395 851 5469 protoplasti
878 5394 1359 5468 redemptionem,
1389 5391 1523 5447 licet
1561 5407 1775 5462 seram,
1799 5391 1996 5447 Enoch

320 5483 925 5553 translationem,Noe
946 5484 1321 5555 ﬁliorumque
1334 5481 1459 5553 ejus
1473 5480 1998 5552 conversationem,

318 5590 435 5657 pec
454 5591 584 5635 non
604 5575 879 5649 Abrahae,
898 5575 1060 5636 Isaac
1079 5577 1138 5639 et
1163 5572 1339 5634 Jacob
1361 5570 1806 5631 memorandam
1829 5586 1999 5630 vene-

2102 4582 2396 4654 concipies
2422 4580 2648 4636 timoris
2670 4585 2724 4636 et
2756 4581 2973 4637 amoris
3003 4581 3181 4636 divini
3211 4577 3745 4650 compunctionem.

2171 4673 2283 4729 Sed
2315 4677 2378 4727 ut
2407 4670 2815 4726 brevissimam
2838 4670 3425 4738 efﬁcacissimamque
3457 4667 3747 4736 omnium,

2101 4780 2228 4836 quae
2276 4761 2335 4815 in
2384 4776 2551 4816 sacra
2605 4759 2907 4831 Scriptura
2953 4758 3346 4824 continentur,
3380 4754 3750 4812 collationem

2101 4852 2302 4920 facias,
2322 4851 2764 4905 Testamentum
2777 4847 2957 4903 Vetus
2975 4848 3174 4903 confer
3199 4847 3271 4902 ad
3291 4846 3538 4914 Novum,
3561 4843 3623 4900 in
3641 4843 3753 4900 Ve-

2103 4942 2210 4997 teri
2244 4939 2479 5012 quidem
2496 4938 2815 5009 judicium,
2832 4939 2887 4993 in
2910 4937 3066 4993 Novo
3091 4941 3284 4992 autem
3311 4934 3561 5009 gratiam
3585 4930 3753 4988 intel-

2103 5031 2312 5104 ligens.
2339 5028 2613 5095 Quamvis
2644 5027 2801 5083 enim
2825 5028 2884 5082 in
2907 5032 3154 5099 utroque
3184 5031 3431 5096 utraque
3452 5021 3755 5078 inveniano

2103 5126 2221 5187 tur,
2264 5118 2600 5174 nullatenus
2645 5123 2841 5172 tamen
2890 5115 3178 5188 comquari
3227 5117 3495 5186 possunt,
3528 5111 3668 5183 quia
3695 5109 3757 5165 in

2104 5207 2297 5265 Veteri
2328 5207 2510 5263 habes
2533 5207 2799 5263 Latorem
2822 5207 2967 5279 legis
2990 5208 3059 5262 de
3089 5205 3373 5277 gravitate
3394 5199 3757 5273 judiciorum

2107 5298 2361 5355 maxime
2408 5297 2746 5365 dictantem,
2779 5313 2844 5352 eo
2897 5295 3165 5351 videlicet
3212 5292 3432 5348 modo:
3487 5288 3570 5357 Si,
3602 5287 3758 5361 quis,

2108 5387 2322 5461 inquit,
2356 5385 2502 5441 illud
2551 5385 2641 5442 vel
2686 5386 2829 5441 illud
2878 5384 3095 5451 fecerit,
3128 5387 3314 5439 morte
3360 5378 3664 5436 moriatur.
3696 5377 3760 5433 In

2109 5478 2266 5535 Novo
2296 5480 2493 5533 autem
2516 5474 2869 5533 ineffabilem
2893 5473 3125 5531 Domini
3159 5470 3342 5529 nostri
3371 5470 3511 5527 Jesu
3541 5465 3760 5525 Christi
3862 5527 3877 5533 _

2110 5566 2382 5650 gratiam,
2413 5565 2660 5629 dicentis
2693 5584 2707 5627 :
2746 5567 2930 5627 Venite
2952 5565 3025 5631 ad
3051 5578 3140 5628 me
3161 5576 3347 5624 omnes
3375 5560 3475 5645 qui
3499 5557 3764 5623 laboratis
