  <div class='ocr_page' id='page_1' title='image "/cluster/home/n/w/nwhite01/storage/ocr_20150623/146/hvd.32044054760053/041.png"; bbox 0 0 4114 6184; ppageno 0'>
   <div class='ocr_carea' id='block_1_1' title="bbox 384 239 3801 352">
    <p class='ocr_par' dir='ltr' id='par_1_1' title="bbox 384 239 3801 352">
     <span class='ocr_line' id='line_1_1' title="bbox 384 239 3801 352; baseline -0.011 -11"><span class='ocrx_word' id='word_1_1' title='bbox 384 287 459 352; x_wconf 75' lang='grc' dir='ltr'>τι</span> <span class='ocrx_word' id='word_1_2' title='bbox 1396 263 1738 330; x_wconf 86' lang='lat' dir='ltr'>OTHLONI</span> <span class='ocrx_word' id='word_1_3' title='bbox 1783 257 2138 323; x_wconf 80' lang='lat' dir='ltr'>MONACHI</span> <span class='ocrx_word' id='word_1_4' title='bbox 2187 259 2252 317; x_wconf 93' lang='lat' dir='ltr'>s.</span> <span class='ocrx_word' id='word_1_5' title='bbox 2298 239 2789 316; x_wconf 82' lang='lat' dir='ltr'>EMMEBAMMI</span> <span class='ocrx_word' id='word_1_6' title='bbox 3721 239 3801 304; x_wconf 75' lang='lat'><strong>72</strong></span> 
     </span>
    </p>
   </div>
   <div class='ocr_carea' id='block_1_2' title="bbox 387 375 3801 478">
    <p class='ocr_par' dir='ltr' id='par_1_2' title="bbox 387 375 3801 478">
     <span class='ocr_line' id='line_1_2' title="bbox 387 375 3801 478; baseline -0.013 -1"><span class='ocrx_word' id='word_1_7' title='bbox 387 426 437 478; x_wconf 85' lang='lat' dir='ltr'>et</span> <span class='ocrx_word' id='word_1_8' title='bbox 484 417 700 475; x_wconf 87' lang='lat' dir='ltr'>onerati</span> <span class='ocrx_word' id='word_1_9' title='bbox 747 412 896 477; x_wconf 83' lang='lat' dir='ltr'>estis,</span> <span class='ocrx_word' id='word_1_10' title='bbox 929 412 980 465; x_wconf 88' lang='lat' dir='ltr'>et</span> <span class='ocrx_word' id='word_1_11' title='bbox 1009 423 1105 476; x_wconf 83' lang='lat' dir='ltr'>ego</span> <span class='ocrx_word' id='word_1_12' title='bbox 1152 405 1394 472; x_wconf 82' lang='lat' dir='ltr'>reﬁciam</span> <span class='ocrx_word' id='word_1_13' title='bbox 1437 416 1526 456; x_wconf 87' lang='lat' dir='ltr'>vos</span> <span class='ocrx_word' id='word_1_14' title='bbox 1575 397 1784 468; x_wconf 80' lang='lat' dir='ltr'>(Matth.</span> <span class='ocrx_word' id='word_1_15' title='bbox 1821 395 1920 466; x_wconf 83' lang='lat' dir='ltr'>x1).</span> <span class='ocrx_word' id='word_1_16' title='bbox 1957 398 2032 446; x_wconf 87' lang='lat' dir='ltr'>De</span> <span class='ocrx_word' id='word_1_17' title='bbox 2062 393 2115 459; x_wconf 78' lang='grc' dir='ltr'><strong>Α</strong></span> <span class='ocrx_word' id='word_1_18' title='bbox 2147 391 2300 445; x_wconf 88' lang='lat' dir='ltr'>diam</span> <span class='ocrx_word' id='word_1_19' title='bbox 2338 394 2395 443; x_wconf 87' lang='lat' dir='ltr'>ct</span> <span class='ocrx_word' id='word_1_20' title='bbox 2439 386 2822 458; x_wconf 85' lang='lat' dir='ltr'>multiplicem</span> <span class='ocrx_word' id='word_1_21' title='bbox 2855 382 2911 436; x_wconf 92' lang='lat' dir='ltr'>in</span> <span class='ocrx_word' id='word_1_22' title='bbox 2960 377 3370 435; x_wconf 82' lang='lat' dir='ltr'>venationibus</span> <span class='ocrx_word' id='word_1_23' title='bbox 3393 375 3647 444; x_wconf 81' lang='lat' dir='ltr'>solertia,</span> <span class='ocrx_word' id='word_1_24' title='bbox 3680 380 3801 432; x_wconf 83' lang='lat' dir='ltr'>cat-</span> 
     </span>
    </p>
   </div>
   <div class='ocr_carea' id='block_1_3' title="bbox 384 484 2026 594">
    <p class='ocr_par' dir='ltr' id='par_1_3' title="bbox 384 484 2026 594">
     <span class='ocr_line' id='line_1_3' title="bbox 384 484 2026 594; baseline -0.019 -27"><span class='ocrx_word' id='word_1_25' title='bbox 384 508 792 594; x_wconf 87' lang='lat' dir='ltr'>quanimirum</span> <span class='ocrx_word' id='word_1_26' title='bbox 815 495 1188 557; x_wconf 89' lang='lat' dir='ltr'>collationein</span> <span class='ocrx_word' id='word_1_27' title='bbox 1211 487 1775 560; x_wconf 82' lang='lat' dir='ltr'>JoannisEvangelio</span> <span class='ocrx_word' id='word_1_28' title='bbox 1795 484 2026 539; x_wconf 87' lang='lat' dir='ltr'>dicitur:</span> 
     </span>
    </p>
   </div>
   <div class='ocr_carea' id='block_1_4' title="bbox 383 574 2031 669">
    <p class='ocr_par' dir='ltr' id='par_1_4' title="bbox 383 574 2031 669">
     <span class='ocr_line' id='line_1_4' title="bbox 383 574 2031 669; baseline -0.021 -12"><span class='ocrx_word' id='word_1_29' title='bbox 383 574 495 657; x_wconf 43' lang='lat' dir='ltr'>lter</span> <span class='ocrx_word' id='word_1_30' title='bbox 524 614 622 669; x_wconf 86' lang='lat' dir='ltr'>per</span> <span class='ocrx_word' id='word_1_31' title='bbox 651 596 863 665; x_wconf 77' lang='lat' dir='ltr'>Moysen</span> <span class='ocrx_word' id='word_1_32' title='bbox 896 589 1023 643; x_wconf 85' lang='lat' dir='ltr'>data</span> <span class='ocrx_word' id='word_1_33' title='bbox 1052 590 1148 651; x_wconf 88' lang='lat' dir='ltr'>est,</span> <span class='ocrx_word' id='word_1_34' title='bbox 1180 586 1365 652; x_wconf 86' lang='lat' dir='ltr'>gratia</span> <span class='ocrx_word' id='word_1_35' title='bbox 1392 584 1442 636; x_wconf 88' lang='lat' dir='ltr'>et</span> <span class='ocrx_word' id='word_1_36' title='bbox 1487 581 1699 634; x_wconf 74' lang='lat' dir='ltr'>veritas</span> <span class='ocrx_word' id='word_1_37' title='bbox 1725 591 1823 646; x_wconf 83' lang='lat' dir='ltr'>per</span> <span class='ocrx_word' id='word_1_38' title='bbox 1850 574 2031 630; x_wconf 84' lang='lat' dir='ltr'>Jesum</span> 
     </span>
    </p>
   </div>
   <div class='ocr_carea' id='block_1_5' title="bbox 385 663 2027 757">
    <p class='ocr_par' dir='ltr' id='par_1_5' title="bbox 385 663 2027 757">
     <span class='ocr_line' id='line_1_5' title="bbox 385 663 2027 757; baseline -0.02 -12"><span class='ocrx_word' id='word_1_39' title='bbox 385 663 660 746; x_wconf 77' lang='lat' dir='ltr'>Christum</span> <span class='ocrx_word' id='word_1_40' title='bbox 689 663 838 757; x_wconf 80' lang='lat' dir='ltr'>facta</span> <span class='ocrx_word' id='word_1_41' title='bbox 884 681 962 733; x_wconf 85' lang='lat' dir='ltr'>est</span> <span class='ocrx_word' id='word_1_42' title='bbox 993 677 1279 757; x_wconf 70' lang='lat' dir='ltr'>(Joan._1)._</span> <span class='ocrx_word' id='word_1_43' title='bbox 1299 671 1442 725; x_wconf 88' lang='lat' dir='ltr'>Cum</span> <span class='ocrx_word' id='word_1_44' title='bbox 1491 668 1670 757; x_wconf 76' lang='lat' dir='ltr'>igitur</span> <span class='ocrx_word' id='word_1_45' title='bbox 1700 663 1869 757; x_wconf 81' lang='lat' dir='ltr'>audis</span> <span class='ocrx_word' id='word_1_46' title='bbox 1899 677 2027 757; x_wconf 76' lang='lat' dir='ltr'>gra-</span> 
     </span>
    </p>
   </div>
   <div class='ocr_carea' id='block_1_6' title="bbox 378 745 2031 834">
    <p class='ocr_par' dir='ltr' id='par_1_6' title="bbox 378 745 2031 834">
     <span class='ocr_line' id='line_1_6' title="bbox 378 745 2031 834; baseline -0.021 -8"><span class='ocrx_word' id='word_1_47' title='bbox 378 745 520 826; x_wconf 84' lang='lat' dir='ltr'>tiam</span> <span class='ocrx_word' id='word_1_48' title='bbox 551 771 608 821; x_wconf 88' lang='lat' dir='ltr'>et</span> <span class='ocrx_word' id='word_1_49' title='bbox 661 745 870 834; x_wconf 76' lang='lat' dir='ltr'>legem,</span> <span class='ocrx_word' id='word_1_50' title='bbox 905 757 1048 814; x_wconf 89' lang='lat' dir='ltr'>scito</span> <span class='ocrx_word' id='word_1_51' title='bbox 1101 753 1237 827; x_wconf 88' lang='lat' dir='ltr'>quia</span> <span class='ocrx_word' id='word_1_52' title='bbox 1267 751 1358 806; x_wconf 85' lang='lat' dir='ltr'>lex</span> <span class='ocrx_word' id='word_1_53' title='bbox 1405 749 1600 821; x_wconf 71' lang='lat' dir='ltr'>gratiae</span> <span class='ocrx_word' id='word_1_54' title='bbox 1635 750 1721 800; x_wconf 90' lang='lat' dir='ltr'>est</span> <span class='ocrx_word' id='word_1_55' title='bbox 1764 745 2031 815; x_wconf 89' lang='lat' dir='ltr'>opposita</span> 
     </span>
    </p>
   </div>
   <div class='ocr_carea' id='block_1_7' title="bbox 374 843 1255 928">
    <p class='ocr_par' dir='ltr' id='par_1_7' title="bbox 374 843 1255 928">
     <span class='ocr_line' id='line_1_7' title="bbox 374 843 1255 928; baseline -0.022 -13"><span class='ocrx_word' id='word_1_56' title='bbox 374 861 625 928; x_wconf 84' lang='lat' dir='ltr'>ideoque</span> <span class='ocrx_word' id='word_1_57' title='bbox 657 869 757 924; x_wconf 88' lang='lat' dir='ltr'>pro</span> <span class='ocrx_word' id='word_1_58' title='bbox 783 848 1013 922; x_wconf 89' lang='lat' dir='ltr'>judicio</span> <span class='ocrx_word' id='word_1_59' title='bbox 1047 843 1255 917; x_wconf 90' lang='lat' dir='ltr'>posita.</span> 
     </span>
    </p>
   </div>
   <div class='ocr_carea' id='block_1_8' title="bbox 451 923 2030 1012">
    <p class='ocr_par' dir='ltr' id='par_1_8' title="bbox 451 923 2030 1012">
     <span class='ocr_line' id='line_1_8' title="bbox 451 923 2030 1012; baseline -0.019 -9"><span class='ocrx_word' id='word_1_60' title='bbox 451 923 594 1003; x_wconf 79' lang='lat' dir='ltr'>Hinc</span> <span class='ocrx_word' id='word_1_61' title='bbox 625 923 681 999; x_wconf 81' lang='lat' dir='ltr'>et</span> <span class='ocrx_word' id='word_1_62' title='bbox 732 936 1044 1012; x_wconf 83' lang='lat' dir='ltr'>Apostolus</span> <span class='ocrx_word' id='word_1_63' title='bbox 1074 933 1218 989; x_wconf 83' lang='lat' dir='ltr'>dicit</span> <span class='ocrx_word' id='word_1_64' title='bbox 1249 948 1262 985; x_wconf 91' lang='lat'><strong>:</strong></span> <span class='ocrx_word' id='word_1_65' title='bbox 1295 932 1581 984; x_wconf 81' lang='lat' dir='ltr'>Peccatum</span> <span class='ocrx_word' id='word_1_66' title='bbox 1628 927 1688 978; x_wconf 83' lang='lat' dir='ltr'>in</span> <span class='ocrx_word' id='word_1_67' title='bbox 1742 923 1886 978; x_wconf 83' lang='lat' dir='ltr'>vobis</span> <span class='ocrx_word' id='word_1_68' title='bbox 1919 936 2030 974; x_wconf 83' lang='lat' dir='ltr'>non</span> 
     </span>
    </p>
   </div>
   <div class='ocr_carea' id='block_1_9' title="bbox 375 1010 2030 1092">
    <p class='ocr_par' dir='ltr' id='par_1_9' title="bbox 375 1010 2030 1092">
     <span class='ocr_line' id='line_1_9' title="bbox 375 1010 2030 1092; baseline -0.018 0"><span class='ocrx_word' id='word_1_69' title='bbox 375 1010 805 1092; x_wconf 85' lang='lat' dir='ltr'>dominabitur</span> <span class='ocrx_word' id='word_1_70' title='bbox 836 1044 946 1082; x_wconf 82' lang='lat' dir='ltr'>non</span> <span class='ocrx_word' id='word_1_71' title='bbox 967 1026 1116 1078; x_wconf 86' lang='lat' dir='ltr'>enim</span> <span class='ocrx_word' id='word_1_72' title='bbox 1145 1023 1276 1076; x_wconf 83' lang='lat' dir='ltr'>estis</span> <span class='ocrx_word' id='word_1_73' title='bbox 1322 1020 1420 1072; x_wconf 86' lang='lat' dir='ltr'>sub</span> <span class='ocrx_word' id='word_1_74' title='bbox 1447 1018 1582 1087; x_wconf 87' lang='lat' dir='ltr'>lege,</span> <span class='ocrx_word' id='word_1_75' title='bbox 1604 1013 1695 1068; x_wconf 85' lang='lat' dir='ltr'>sed</span> <span class='ocrx_word' id='word_1_76' title='bbox 1722 1013 1820 1067; x_wconf 84' lang='lat' dir='ltr'>sub</span> <span class='ocrx_word' id='word_1_77' title='bbox 1850 1010 2030 1080; x_wconf 83' lang='lat' dir='ltr'>gratia</span> 
     </span>
    </p>
   </div>
   <div class='ocr_carea' id='block_1_10' title="bbox 379 1099 2027 1200">
    <p class='ocr_par' dir='ltr' id='par_1_10' title="bbox 379 1099 2027 1200">
     <span class='ocr_line' id='line_1_10' title="bbox 379 1099 2027 1200; baseline -0.021 -16"><span class='ocrx_word' id='word_1_78' title='bbox 379 1130 550 1200; x_wconf 76' lang='lat' dir='ltr'>(Rom.</span> <span class='ocrx_word' id='word_1_79' title='bbox 584 1126 680 1190; x_wconf 80' lang='lat' dir='ltr'>v1).</span> <span class='ocrx_word' id='word_1_80' title='bbox 702 1119 846 1174; x_wconf 84' lang='lat' dir='ltr'>Hinc</span> <span class='ocrx_word' id='word_1_81' title='bbox 869 1122 926 1171; x_wconf 90' lang='lat' dir='ltr'>et</span> <span class='ocrx_word' id='word_1_82' title='bbox 970 1109 1225 1168; x_wconf 76' lang='lat' dir='ltr'>Ezechiel</span> <span class='ocrx_word' id='word_1_83' title='bbox 1251 1106 1533 1179; x_wconf 83' lang='lat' dir='ltr'>propheta</span> <span class='ocrx_word' id='word_1_84' title='bbox 1553 1121 1622 1158; x_wconf 83' lang='lat' dir='ltr'>ex</span> <span class='ocrx_word' id='word_1_85' title='bbox 1649 1099 1874 1199; x_wconf 82' lang='lat' dir='ltr'>Domini</span> <span class='ocrx_word' id='word_1_86' title='bbox 1899 1114 2027 1198; x_wconf 79' lang='lat' dir='ltr'>per-</span> 
     </span>
    </p>
   </div>
   <div class='ocr_carea' id='block_1_11' title="bbox 379 1189 2029 1274">
    <p class='ocr_par' dir='ltr' id='par_1_11' title="bbox 379 1189 2029 1274">
     <span class='ocr_line' id='line_1_11' title="bbox 379 1189 2029 1274; baseline -0.021 -1"><span class='ocrx_word' id='word_1_87' title='bbox 379 1189 524 1273; x_wconf 80' lang='lat' dir='ltr'>sona</span> <span class='ocrx_word' id='word_1_88' title='bbox 555 1189 697 1268; x_wconf 83' lang='lat' dir='ltr'>dicit</span> <span class='ocrx_word' id='word_1_89' title='bbox 728 1227 741 1264; x_wconf 90' lang='lat'><strong>:</strong></span> <span class='ocrx_word' id='word_1_90' title='bbox 775 1207 920 1262; x_wconf 90' lang='lat' dir='ltr'>Dabe</span> <span class='ocrx_word' id='word_1_91' title='bbox 949 1205 1026 1259; x_wconf 88' lang='lat' dir='ltr'>eis</span> <span class='ocrx_word' id='word_1_92' title='bbox 1069 1207 1346 1274; x_wconf 68' lang='lat' dir='ltr'>praecepta</span> <span class='ocrx_word' id='word_1_93' title='bbox 1375 1212 1486 1251; x_wconf 84' lang='lat' dir='ltr'>non</span> <span class='ocrx_word' id='word_1_94' title='bbox 1517 1195 1695 1252; x_wconf 85' lang='lat' dir='ltr'>bona;</span> <span class='ocrx_word' id='word_1_95' title='bbox 1725 1199 1774 1245; x_wconf 90' lang='lat' dir='ltr'>ct</span> <span class='ocrx_word' id='word_1_96' title='bbox 1815 1189 2029 1258; x_wconf 41' lang='lat' dir='ltr'>juz-Iicia</span> 
     </span>
    </p>
   </div>
   <div class='ocr_carea' id='block_1_12' title="bbox 377 1275 2029 1369">
    <p class='ocr_par' dir='ltr' id='par_1_12' title="bbox 377 1275 2029 1369">
     <span class='ocr_line' id='line_1_12' title="bbox 377 1275 2029 1369; baseline -0.019 -8"><span class='ocrx_word' id='word_1_97' title='bbox 377 1322 517 1369; x_wconf 85' lang='lat' dir='ltr'>mea,</span> <span class='ocrx_word' id='word_1_98' title='bbox 550 1318 659 1357; x_wconf 84' lang='lat' dir='ltr'>non</span> <span class='ocrx_word' id='word_1_99' title='bbox 692 1301 750 1354; x_wconf 89' lang='lat' dir='ltr'>in</span> <span class='ocrx_word' id='word_1_100' title='bbox 780 1297 979 1367; x_wconf 78' lang='lat' dir='ltr'>quibus</span> <span class='ocrx_word' id='word_1_101' title='bbox 1001 1293 1178 1346; x_wconf 81' lang='lat' dir='ltr'>vivent</span> <span class='ocrx_word' id='word_1_102' title='bbox 1207 1287 1416 1358; x_wconf 66' lang='lat' dir='ltr'>(Ezech.</span> <span class='ocrx_word' id='word_1_103' title='bbox 1451 1279 1728 1353; x_wconf 78' lang='lat' dir='ltr'>xx),legis</span> <span class='ocrx_word' id='word_1_104' title='bbox 1759 1275 2029 1332; x_wconf 85' lang='lat' dir='ltr'>videlicet</span> 
     </span>
    </p>
   </div>
   <div class='ocr_carea' id='block_1_13' title="bbox 377 1370 2030 1468">
    <p class='ocr_par' dir='ltr' id='par_1_13' title="bbox 377 1370 2030 1468">
     <span class='ocr_line' id='line_1_13' title="bbox 377 1370 2030 1468; baseline -0.02 -18"><span class='ocrx_word' id='word_1_105' title='bbox 377 1395 661 1468; x_wconf 58' lang='lat' dir='ltr'>praecepta</span> <span class='ocrx_word' id='word_1_106' title='bbox 693 1385 892 1442; x_wconf 90' lang='lat' dir='ltr'>volens</span> <span class='ocrx_word' id='word_1_107' title='bbox 948 1378 1214 1449; x_wconf 78' lang='lat' dir='ltr'>intelligi,</span> <span class='ocrx_word' id='word_1_108' title='bbox 1247 1392 1373 1446; x_wconf 72' lang='lat' dir='ltr'>quae</span> <span class='ocrx_word' id='word_1_109' title='bbox 1423 1371 1691 1468; x_wconf 79' lang='lat' dir='ltr'>quamvis</span> <span class='ocrx_word' id='word_1_110' title='bbox 1742 1370 1943 1464; x_wconf 75' lang='lat' dir='ltr'>sancta</span> <span class='ocrx_word' id='word_1_111' title='bbox 1974 1370 2030 1419; x_wconf 91' lang='lat' dir='ltr'>et</span> 
     </span>
    </p>
   </div>
   <div class='ocr_carea' id='block_1_14' title="bbox 375 1455 2028 1539">
    <p class='ocr_par' dir='ltr' id='par_1_14' title="bbox 375 1455 2028 1539">
     <span class='ocr_line' id='line_1_14' title="bbox 375 1455 2028 1539; baseline -0.02 0"><span class='ocrx_word' id='word_1_112' title='bbox 375 1455 720 1539; x_wconf 76' lang='lat' dir='ltr'>mandatum</span> <span class='ocrx_word' id='word_1_113' title='bbox 773 1478 1040 1529; x_wconf 84' lang='lat' dir='ltr'>sanctum</span> <span class='ocrx_word' id='word_1_114' title='bbox 1094 1473 1150 1522; x_wconf 88' lang='lat' dir='ltr'>et</span> <span class='ocrx_word' id='word_1_115' title='bbox 1202 1468 1442 1526; x_wconf 90' lang='lat' dir='ltr'>bonum,</span> <span class='ocrx_word' id='word_1_116' title='bbox 1486 1460 1545 1514; x_wconf 90' lang='lat' dir='ltr'>in</span> <span class='ocrx_word' id='word_1_117' title='bbox 1595 1455 2028 1526; x_wconf 82' lang='lat' dir='ltr'>comparatione</span> 
     </span>
    </p>
   </div>
   <div class='ocr_carea' id='block_1_15' title="bbox 373 1543 2026 1639">
    <p class='ocr_par' dir='ltr' id='par_1_15' title="bbox 373 1543 2026 1639">
     <span class='ocr_line' id='line_1_15' title="bbox 373 1543 2026 1639; baseline -0.019 -12"><span class='ocrx_word' id='word_1_118' title='bbox 373 1579 568 1627; x_wconf 89' lang='lat' dir='ltr'>tamen</span> <span class='ocrx_word' id='word_1_119' title='bbox 615 1565 812 1639; x_wconf 67' lang='lat' dir='ltr'>gratiae</span> <span class='ocrx_word' id='word_1_120' title='bbox 863 1577 979 1615; x_wconf 89' lang='lat' dir='ltr'>non</span> <span class='ocrx_word' id='word_1_121' title='bbox 1031 1559 1202 1622; x_wconf 87' lang='lat' dir='ltr'>bona,</span> <span class='ocrx_word' id='word_1_122' title='bbox 1238 1554 1551 1608; x_wconf 88' lang='lat' dir='ltr'>attestante</span> <span class='ocrx_word' id='word_1_123' title='bbox 1595 1545 1890 1617; x_wconf 87' lang='lat' dir='ltr'>Apostolo,</span> <span class='ocrx_word' id='word_1_124' title='bbox 1925 1543 2026 1614; x_wconf 87' lang='lat' dir='ltr'>qui</span> 
     </span>
    </p>
   </div>
   <div class='ocr_carea' id='block_1_16' title="bbox 375 1635 2030 1730">
    <p class='ocr_par' dir='ltr' id='par_1_16' title="bbox 375 1635 2030 1730">
     <span class='ocr_line' id='line_1_16' title="bbox 375 1635 2030 1730; baseline -0.02 -14"><span class='ocrx_word' id='word_1_125' title='bbox 375 1661 523 1730; x_wconf 81' lang='lat' dir='ltr'>legis</span> <span class='ocrx_word' id='word_1_126' title='bbox 573 1635 857 1726; x_wconf 22' lang='lat' dir='ltr'>et&#39;gratiaz</span> <span class='ocrx_word' id='word_1_127' title='bbox 907 1647 1150 1720; x_wconf 79' lang='lat' dir='ltr'>gloriam</span> <span class='ocrx_word' id='word_1_128' title='bbox 1185 1643 1488 1697; x_wconf 87' lang='lat' dir='ltr'>conferens</span> <span class='ocrx_word' id='word_1_129' title='bbox 1541 1635 1680 1690; x_wconf 86' lang='lat' dir='ltr'>dicit</span> <span class='ocrx_word' id='word_1_130' title='bbox 1713 1651 1724 1687; x_wconf 90' lang='lat'>:</span> <span class='ocrx_word' id='word_1_131' title='bbox 1759 1637 1904 1688; x_wconf 86' lang='lat' dir='ltr'>Nam</span> <span class='ocrx_word' id='word_1_132' title='bbox 1931 1647 2030 1686; x_wconf 88' lang='lat' dir='ltr'>nec</span> 
     </span>
    </p>
   </div>
   <div class='ocr_carea' id='block_1_17' title="bbox 379 1721 2108 1836">
    <p class='ocr_par' dir='ltr' id='par_1_17' title="bbox 379 1721 2108 1836">
     <span class='ocr_line' id='line_1_17' title="bbox 379 1721 2108 1836; baseline -0.02 -31"><span class='ocrx_word' id='word_1_133' title='bbox 379 1721 757 1819; x_wconf 64' lang='lat' dir='ltr'>gloriﬁcatum</span> <span class='ocrx_word' id='word_1_134' title='bbox 785 1743 863 1796; x_wconf 88' lang='lat' dir='ltr'>est</span> <span class='ocrx_word' id='word_1_135' title='bbox 885 1735 1023 1809; x_wconf 81' lang='lat' dir='ltr'>quod</span> <span class='ocrx_word' id='word_1_136' title='bbox 1051 1733 1252 1788; x_wconf 77' lang='lat' dir='ltr'>claruit</span> <span class='ocrx_word' id='word_1_137' title='bbox 1276 1735 1494 1836; x_wconf 65' lang='lat' dir='ltr'>prapter</span> <span class='ocrx_word' id='word_1_138' title='bbox 1515 1724 1880 1836; x_wconf 58' lang='lat' dir='ltr'>excellentem</span> <span class='ocrx_word' id='word_1_139' title='bbox 1907 1721 2027 1836; x_wconf 60' lang='lat' dir='ltr'>gto:</span> <span class='ocrx_word' id='word_1_140' title='bbox 2060 1771 2108 1836; x_wconf 78' lang='grc' dir='ltr'><strong>Β</strong></span> 
     </span>
    </p>
   </div>
   <div class='ocr_carea' id='block_1_18' title="bbox 2007 1815 2026 1864">
    <p class='ocr_par' dir='ltr' id='par_1_18' title="bbox 2007 1815 2026 1864">
     <span class='ocr_line' id='line_1_18' title="bbox 2007 1815 2026 1864; baseline 0 0"><span class='ocrx_word' id='word_1_141' title='bbox 2007 1815 2026 1864; x_wconf 85' lang='lat' dir='ltr'>t</span> 
     </span>
    </p>
   </div>
   <div class='ocr_carea' id='block_1_19' title="bbox 380 1813 1998 1904">
    <p class='ocr_par' dir='ltr' id='par_1_19' title="bbox 380 1813 1998 1904">
     <span class='ocr_line' id='line_1_19' title="bbox 380 1813 1998 1904; baseline -0.02 -10"><span class='ocrx_word' id='word_1_142' title='bbox 380 1813 626 1904; x_wconf 54' lang='lat' dir='ltr'>riamtll</span> <span class='ocrx_word' id='word_1_143' title='bbox 663 1834 790 1888; x_wconf 86' lang='lat' dir='ltr'>Cor.</span> <span class='ocrx_word' id='word_1_144' title='bbox 826 1828 928 1897; x_wconf 79' lang='lat' dir='ltr'>ui).</span> <span class='ocrx_word' id='word_1_145' title='bbox 964 1823 1167 1879; x_wconf 89' lang='lat' dir='ltr'>Omnis</span> <span class='ocrx_word' id='word_1_146' title='bbox 1199 1819 1354 1875; x_wconf 91' lang='lat' dir='ltr'>enim</span> <span class='ocrx_word' id='word_1_147' title='bbox 1385 1815 1587 1888; x_wconf 84' lang='lat' dir='ltr'>gloria,</span> <span class='ocrx_word' id='word_1_148' title='bbox 1623 1820 1678 1868; x_wconf 89' lang='lat' dir='ltr'>et</span> <span class='ocrx_word' id='word_1_149' title='bbox 1708 1813 1938 1866; x_wconf 78' lang='lat' dir='ltr'>bonitas</span> <span class='ocrx_word' id='word_1_150' title='bbox 1970 1827 1998 1865; x_wconf 91' lang='lat' dir='ltr'>e</span> 
     </span>
    </p>
   </div>
   <div class='ocr_carea' id='block_1_20' title="bbox 382 1899 2026 1988">
    <p class='ocr_par' dir='ltr' id='par_1_20' title="bbox 382 1899 2026 1988">
     <span class='ocr_line' id='line_1_20' title="bbox 382 1899 2026 1988; baseline -0.017 -7"><span class='ocrx_word' id='word_1_151' title='bbox 382 1899 649 1980; x_wconf 34' lang='lat' dir='ltr'>virtus‘in</span> <span class='ocrx_word' id='word_1_152' title='bbox 680 1914 1112 1988; x_wconf 82' lang='lat' dir='ltr'>comparatione</span> <span class='ocrx_word' id='word_1_153' title='bbox 1142 1907 1381 1979; x_wconf 86' lang='lat' dir='ltr'>majoris</span> <span class='ocrx_word' id='word_1_154' title='bbox 1413 1905 1610 1958; x_wconf 87' lang='lat' dir='ltr'>minus</span> <span class='ocrx_word' id='word_1_155' title='bbox 1640 1901 1836 1956; x_wconf 86' lang='lat' dir='ltr'>claret.</span> <span class='ocrx_word' id='word_1_156' title='bbox 1864 1899 2026 1954; x_wconf 88' lang='lat' dir='ltr'>Unde</span> 
     </span>
    </p>
   </div>
   <div class='ocr_carea' id='block_1_21' title="bbox 382 1989 2025 2077">
    <p class='ocr_par' dir='ltr' id='par_1_21' title="bbox 382 1989 2025 2077">
     <span class='ocr_line' id='line_1_21' title="bbox 382 1989 2025 2077; baseline -0.016 -8"><span class='ocrx_word' id='word_1_157' title='bbox 382 2013 558 2069; x_wconf 82' lang='lat' dir='ltr'>etiam</span> <span class='ocrx_word' id='word_1_158' title='bbox 591 2011 649 2064; x_wconf 91' lang='lat' dir='ltr'>in</span> <span class='ocrx_word' id='word_1_159' title='bbox 682 2002 1117 2077; x_wconf 87' lang='lat' dir='ltr'>comparatione</span> <span class='ocrx_word' id='word_1_160' title='bbox 1145 1999 1242 2054; x_wconf 85' lang='lat' dir='ltr'>Dei</span> <span class='ocrx_word' id='word_1_161' title='bbox 1265 2013 1435 2051; x_wconf 86' lang='lat' dir='ltr'>nemo</span> <span class='ocrx_word' id='word_1_162' title='bbox 1467 1995 1677 2058; x_wconf 91' lang='lat' dir='ltr'>bonus,</span> <span class='ocrx_word' id='word_1_163' title='bbox 1703 1991 1854 2046; x_wconf 88' lang='lat' dir='ltr'>sicut</span> <span class='ocrx_word' id='word_1_164' title='bbox 1883 1989 2025 2044; x_wconf 89' lang='lat' dir='ltr'>scri-</span> 
     </span>
    </p>
   </div>
   <div class='ocr_carea' id='block_1_22' title="bbox 380 2077 2024 2176">
    <p class='ocr_par' dir='ltr' id='par_1_22' title="bbox 380 2077 2024 2176">
     <span class='ocr_line' id='line_1_22' title="bbox 380 2077 2024 2176; baseline -0.017 -18"><span class='ocrx_word' id='word_1_165' title='bbox 380 2109 545 2176; x_wconf 90' lang='lat' dir='ltr'>ptum</span> <span class='ocrx_word' id='word_1_166' title='bbox 579 2104 668 2154; x_wconf 87' lang='lat' dir='ltr'>est</span> <span class='ocrx_word' id='word_1_167' title='bbox 701 2114 714 2153; x_wconf 88' lang='lat'><strong>:</strong></span> <span class='ocrx_word' id='word_1_168' title='bbox 748 2097 909 2150; x_wconf 83' lang='lat' dir='ltr'>Nemo</span> <span class='ocrx_word' id='word_1_169' title='bbox 942 2094 1132 2157; x_wconf 85' lang='lat' dir='ltr'>bonus,</span> <span class='ocrx_word' id='word_1_170' title='bbox 1164 2088 1279 2142; x_wconf 85' lang='lat' dir='ltr'>nisi</span> <span class='ocrx_word' id='word_1_171' title='bbox 1315 2085 1459 2140; x_wconf 84' lang='lat' dir='ltr'>solus</span> <span class='ocrx_word' id='word_1_172' title='bbox 1491 2089 1631 2138; x_wconf 85' lang='lat' dir='ltr'>Deus</span> <span class='ocrx_word' id='word_1_173' title='bbox 1663 2082 1811 2152; x_wconf 84' lang='lat' dir='ltr'>(Luc.</span> <span class='ocrx_word' id='word_1_174' title='bbox 1846 2077 2024 2149; x_wconf 84' lang='lat' dir='ltr'>xvm).</span> 
     </span>
    </p>
   </div>
   <div class='ocr_carea' id='block_1_23' title="bbox 378 2167 2026 2259">
    <p class='ocr_par' dir='ltr' id='par_1_23' title="bbox 378 2167 2026 2259">
     <span class='ocr_line' id='line_1_23' title="bbox 378 2167 2026 2259; baseline -0.017 -11"><span class='ocrx_word' id='word_1_175' title='bbox 378 2167 560 2248; x_wconf 66' lang='lat' dir='ltr'>lVIulta</span> <span class='ocrx_word' id='word_1_176' title='bbox 589 2201 821 2259; x_wconf 88' lang='lat' dir='ltr'>quoque</span> <span class='ocrx_word' id='word_1_177' title='bbox 845 2183 936 2237; x_wconf 88' lang='lat' dir='ltr'>his</span> <span class='ocrx_word' id='word_1_178' title='bbox 958 2178 1176 2236; x_wconf 88' lang='lat' dir='ltr'>similia</span> <span class='ocrx_word' id='word_1_179' title='bbox 1203 2173 1444 2230; x_wconf 83' lang='lat' dir='ltr'>inveniri</span> <span class='ocrx_word' id='word_1_180' title='bbox 1475 2175 1723 2243; x_wconf 87' lang='lat' dir='ltr'>possunt</span> <span class='ocrx_word' id='word_1_181' title='bbox 1745 2170 1814 2224; x_wconf 92' lang='lat' dir='ltr'>de</span> <span class='ocrx_word' id='word_1_182' title='bbox 1846 2167 2026 2222; x_wconf 88' lang='lat' dir='ltr'>colla-</span> 
     </span>
    </p>
   </div>
   <div class='ocr_carea' id='block_1_24' title="bbox 376 2257 2028 2340">
    <p class='ocr_par' dir='ltr' id='par_1_24' title="bbox 376 2257 2028 2340">
     <span class='ocr_line' id='line_1_24' title="bbox 376 2257 2028 2340; baseline -0.016 -4"><span class='ocrx_word' id='word_1_183' title='bbox 376 2283 535 2336; x_wconf 88' lang='lat' dir='ltr'>tione</span> <span class='ocrx_word' id='word_1_184' title='bbox 565 2257 788 2332; x_wconf 35' lang='lat' dir='ltr'>V&#39;cteris</span> <span class='ocrx_word' id='word_1_185' title='bbox 814 2271 1072 2340; x_wconf 90' lang='lat' dir='ltr'>Novique</span> <span class='ocrx_word' id='word_1_186' title='bbox 1092 2262 1468 2320; x_wconf 87' lang='lat' dir='ltr'>Testamenti.</span> <span class='ocrx_word' id='word_1_187' title='bbox 1489 2263 1622 2326; x_wconf 77' lang='lat' dir='ltr'>Quze</span> <span class='ocrx_word' id='word_1_188' title='bbox 1647 2259 1695 2313; x_wconf 88' lang='lat' dir='ltr'>si</span> <span class='ocrx_word' id='word_1_189' title='bbox 1720 2257 2028 2328; x_wconf 83' lang='lat' dir='ltr'>diligenter</span> 
     </span>
    </p>
   </div>
   <div class='ocr_carea' id='block_1_25' title="bbox 379 2345 2028 2424">
    <p class='ocr_par' dir='ltr' id='par_1_25' title="bbox 379 2345 2028 2424">
     <span class='ocr_line' id='line_1_25' title="bbox 379 2345 2028 2424; baseline -0.016 1"><span class='ocrx_word' id='word_1_190' title='bbox 379 2371 449 2424; x_wconf 91' lang='lat' dir='ltr'>ad</span> <span class='ocrx_word' id='word_1_191' title='bbox 484 2385 544 2423; x_wconf 88' lang='lat' dir='ltr'>se</span> <span class='ocrx_word' id='word_1_192' title='bbox 575 2366 822 2420; x_wconf 88' lang='lat' dir='ltr'>invicem</span> <span class='ocrx_word' id='word_1_193' title='bbox 854 2361 1248 2417; x_wconf 83' lang='lat' dir='ltr'>conferantur,</span> <span class='ocrx_word' id='word_1_194' title='bbox 1284 2369 1462 2424; x_wconf 88' lang='lat' dir='ltr'>quam</span> <span class='ocrx_word' id='word_1_195' title='bbox 1495 2345 1922 2404; x_wconf 70' lang='lat' dir='ltr'>inaestimabilis</span> <span class='ocrx_word' id='word_1_196' title='bbox 1953 2345 2028 2400; x_wconf 85' lang='lat' dir='ltr'>sit</span> 
     </span>
    </p>
   </div>
   <div class='ocr_carea' id='block_1_26' title="bbox 378 2441 1634 2531">
    <p class='ocr_par' dir='ltr' id='par_1_26' title="bbox 378 2441 1634 2531">
     <span class='ocr_line' id='line_1_26' title="bbox 378 2441 1634 2531; baseline -0.017 -18"><span class='ocrx_word' id='word_1_197' title='bbox 378 2457 568 2531; x_wconf 89' lang='lat' dir='ltr'>gratia</span> <span class='ocrx_word' id='word_1_198' title='bbox 599 2454 697 2509; x_wconf 89' lang='lat' dir='ltr'>Dei</span> <span class='ocrx_word' id='word_1_199' title='bbox 729 2451 882 2507; x_wconf 89' lang='lat' dir='ltr'>circa</span> <span class='ocrx_word' id='word_1_200' title='bbox 910 2447 1178 2502; x_wconf 86' lang='lat' dir='ltr'>homines</span> <span class='ocrx_word' id='word_1_201' title='bbox 1211 2441 1634 2497; x_wconf 85' lang='lat' dir='ltr'>consideratur.</span> 
     </span>
    </p>
   </div>
   <div class='ocr_carea' id='block_1_27' title="bbox 1022 2548 1382 2608">
    <p class='ocr_par' dir='ltr' id='par_1_27' title="bbox 1022 2548 1382 2608">
     <span class='ocr_line' id='line_1_27' title="bbox 1022 2548 1382 2608; baseline -0.019 0"><span class='ocrx_word' id='word_1_202' title='bbox 1022 2551 1252 2608; x_wconf 84' lang='lat' dir='ltr'><strong>CAPUT</strong></span> <span class='ocrx_word' id='word_1_203' title='bbox 1293 2548 1382 2603; x_wconf 90' lang='lat' dir='ltr'>IX.</span> 
     </span>
    </p>
   </div>
   <div class='ocr_carea' id='block_1_28' title="bbox 377 2633 2024 2724">
    <p class='ocr_par' dir='ltr' id='par_1_28' title="bbox 377 2633 2024 2724">
     <span class='ocr_line' id='line_1_28' title="bbox 377 2633 2024 2724; baseline -0.016 -15"><span class='ocrx_word' id='word_1_204' title='bbox 377 2656 460 2709; x_wconf 74' lang='lat' dir='ltr'>Ex</span> <span class='ocrx_word' id='word_1_205' title='bbox 484 2650 802 2724; x_wconf 79' lang='lat' dir='ltr'>quotidiana</span> <span class='ocrx_word' id='word_1_206' title='bbox 831 2647 1000 2724; x_wconf 84' lang='lat' dir='ltr'>etiam</span> <span class='ocrx_word' id='word_1_207' title='bbox 1023 2645 1135 2697; x_wconf 83' lang='lat' dir='ltr'>vita</span> <span class='ocrx_word' id='word_1_208' title='bbox 1159 2637 1472 2724; x_wconf 74' lang='lat' dir='ltr'>ostenditur</span> <span class='ocrx_word' id='word_1_209' title='bbox 1485 2637 1632 2724; x_wconf 75' lang='lat' dir='ltr'>mira</span> <span class='ocrx_word' id='word_1_210' title='bbox 1661 2633 1860 2715; x_wconf 67' lang='lat' dir='ltr'>diuinae</span> <span class='ocrx_word' id='word_1_211' title='bbox 1879 2647 2024 2724; x_wconf 60' lang='lat' dir='ltr'>seue-</span> 
     </span>
    </p>
   </div>
   <div class='ocr_carea' id='block_1_29' title="bbox 447 2704 2026 2791">
    <p class='ocr_par' dir='ltr' id='par_1_29' title="bbox 447 2704 2026 2791">
     <span class='ocr_line' id='line_1_29' title="bbox 447 2704 2026 2791; baseline -0.014 -11"><span class='ocrx_word' id='word_1_212' title='bbox 447 2704 629 2780; x_wconf 63' lang='lat' dir='ltr'>ritatis</span> <span class='ocrx_word' id='word_1_213' title='bbox 671 2721 993 2791; x_wconf 77' lang='lat' dir='ltr'>pietatisque</span> <span class='ocrx_word' id='word_1_214' title='bbox 1045 2712 1381 2784; x_wconf 79' lang='lat' dir='ltr'>conjunctio,</span> <span class='ocrx_word' id='word_1_215' title='bbox 1442 2726 1548 2781; x_wconf 77' lang='lat' dir='ltr'>qua.</span> <span class='ocrx_word' id='word_1_216' title='bbox 1591 2706 1833 2761; x_wconf 84' lang='lat' dir='ltr'>hominis</span> <span class='ocrx_word' id='word_1_217' title='bbox 1876 2704 2026 2758; x_wconf 82' lang='lat' dir='ltr'>satus</span> 
     </span>
    </p>
   </div>
   <div class='ocr_carea' id='block_1_30' title="bbox 446 2795 709 2851">
    <p class='ocr_par' dir='ltr' id='par_1_30' title="bbox 446 2795 709 2851">
     <span class='ocr_line' id='line_1_30' title="bbox 446 2795 709 2851; baseline -0.019 0"><span class='ocrx_word' id='word_1_218' title='bbox 446 2795 709 2851; x_wconf 77' lang='lat' dir='ltr'>consistit.</span> 
     </span>
    </p>
   </div>
   <div class='ocr_carea' id='block_1_31' title="bbox 449 2881 2023 2973">
    <p class='ocr_par' dir='ltr' id='par_1_31' title="bbox 449 2881 2023 2973">
     <span class='ocr_line' id='line_1_31' title="bbox 449 2881 2023 2973; baseline -0.014 -16"><span class='ocrx_word' id='word_1_219' title='bbox 449 2903 550 2958; x_wconf 87' lang='lat' dir='ltr'>llis</span> <span class='ocrx_word' id='word_1_220' title='bbox 581 2899 758 2973; x_wconf 84' lang='lat' dir='ltr'>igitur</span> <span class='ocrx_word' id='word_1_221' title='bbox 780 2899 850 2952; x_wconf 91' lang='lat' dir='ltr'>de</span> <span class='ocrx_word' id='word_1_222' title='bbox 879 2893 1179 2965; x_wconf 85' lang='lat' dir='ltr'>Scriptura</span> <span class='ocrx_word' id='word_1_223' title='bbox 1203 2887 1538 2961; x_wconf 68' lang='lat' dir='ltr'>prazlibatis,</span> <span class='ocrx_word' id='word_1_224' title='bbox 1564 2885 1703 2940; x_wconf 89' lang='lat' dir='ltr'>libet</span> <span class='ocrx_word' id='word_1_225' title='bbox 1725 2883 1897 2938; x_wconf 89' lang='lat' dir='ltr'>etiam</span> <span class='ocrx_word' id='word_1_226' title='bbox 1922 2881 2023 2936; x_wconf 89' lang='lat' dir='ltr'>ali-</span> 
     </span>
    </p>
   </div>
   <div class='ocr_carea' id='block_1_32' title="bbox 382 2973 2024 3064">
    <p class='ocr_par' dir='ltr' id='par_1_32' title="bbox 382 2973 2024 3064">
     <span class='ocr_line' id='line_1_32' title="bbox 382 2973 2024 3064; baseline -0.015 -16"><span class='ocrx_word' id='word_1_227' title='bbox 382 2991 725 3064; x_wconf 80' lang='lat' dir='ltr'>quantisper</span> <span class='ocrx_word' id='word_1_228' title='bbox 754 2984 1048 3041; x_wconf 87' lang='lat' dir='ltr'>declarare</span> <span class='ocrx_word' id='word_1_229' title='bbox 1080 2979 1369 3052; x_wconf 88' lang='lat' dir='ltr'>quomodo</span> <span class='ocrx_word' id='word_1_230' title='bbox 1418 2977 1475 3030; x_wconf 91' lang='lat' dir='ltr'>in</span> <span class='ocrx_word' id='word_1_231' title='bbox 1508 2973 1866 3046; x_wconf 87' lang='lat' dir='ltr'>quotidianis</span> <span class='ocrx_word' id='word_1_232' title='bbox 1899 2974 2024 3025; x_wconf 66' lang='lat' dir='ltr'>vita:</span> 
     </span>
    </p>
   </div>
   <div class='ocr_carea' id='block_1_33' title="bbox 379 3059 2025 3151">
    <p class='ocr_par' dir='ltr' id='par_1_33' title="bbox 379 3059 2025 3151">
     <span class='ocr_line' id='line_1_33' title="bbox 379 3059 2025 3151; baseline -0.015 -13"><span class='ocrx_word' id='word_1_233' title='bbox 379 3059 560 3151; x_wconf 74' lang='lat' dir='ltr'>hujus</span> <span class='ocrx_word' id='word_1_234' title='bbox 588 3059 1263 3149; x_wconf 56' lang='lat' dir='ltr'>eirperimentisjustitiaa</span> <span class='ocrx_word' id='word_1_235' title='bbox 1294 3065 1639 3139; x_wconf 84' lang='lat' dir='ltr'>pietatisque</span> <span class='ocrx_word' id='word_1_236' title='bbox 1671 3063 1876 3117; x_wconf 68' lang='lat' dir='ltr'>divina:</span> <span class='ocrx_word' id='word_1_237' title='bbox 1910 3059 2025 3115; x_wconf 89' lang='lat' dir='ltr'>col-</span> 
     </span>
    </p>
   </div>
   <div class='ocr_carea' id='block_1_34' title="bbox 2141 466 3794 544">
    <p class='ocr_par' dir='ltr' id='par_1_34' title="bbox 2141 466 3794 544">
     <span class='ocr_line' id='line_1_34' title="bbox 2141 466 3794 544; baseline -0.008 -10"><span class='ocrx_word' id='word_1_238' title='bbox 2141 484 2331 534; x_wconf 86' lang='lat' dir='ltr'>tarum</span> <span class='ocrx_word' id='word_1_239' title='bbox 2371 478 2523 532; x_wconf 90' lang='lat' dir='ltr'>circa</span> <span class='ocrx_word' id='word_1_240' title='bbox 2572 490 2768 530; x_wconf 89' lang='lat' dir='ltr'>mures</span> <span class='ocrx_word' id='word_1_241' title='bbox 2817 470 3129 544; x_wconf 88' lang='lat' dir='ltr'>capiendos</span> <span class='ocrx_word' id='word_1_242' title='bbox 3160 467 3450 540; x_wconf 87' lang='lat' dir='ltr'>peritiam,</span> <span class='ocrx_word' id='word_1_243' title='bbox 3487 466 3606 522; x_wconf 86' lang='lat' dir='ltr'>vari</span> <span class='ocrx_word' id='word_1_244' title='bbox 3657 467 3794 521; x_wconf 89' lang='lat' dir='ltr'>ani-</span> 
     </span>
    </p>
   </div>
   <div class='ocr_carea' id='block_1_35' title="bbox 2141 554 3790 626">
    <p class='ocr_par' dir='ltr' id='par_1_35' title="bbox 2141 554 3790 626">
     <span class='ocr_line' id='line_1_35' title="bbox 2141 554 3790 626; baseline -0.008 -3"><span class='ocrx_word' id='word_1_245' title='bbox 2141 569 2383 623; x_wconf 89' lang='lat' dir='ltr'>malium</span> <span class='ocrx_word' id='word_1_246' title='bbox 2417 573 2474 622; x_wconf 90' lang='lat' dir='ltr'>et</span> <span class='ocrx_word' id='word_1_247' title='bbox 2504 565 2827 620; x_wconf 87' lang='lat' dir='ltr'>bestiarum</span> <span class='ocrx_word' id='word_1_248' title='bbox 2879 561 3178 626; x_wconf 87' lang='lat' dir='ltr'>utilitates,</span> <span class='ocrx_word' id='word_1_249' title='bbox 3213 557 3446 612; x_wconf 80' lang='lat' dir='ltr'>dulcem</span> <span class='ocrx_word' id='word_1_250' title='bbox 3499 554 3691 612; x_wconf 87' lang='lat' dir='ltr'>mellis</span> <span class='ocrx_word' id='word_1_251' title='bbox 3721 555 3790 610; x_wconf 88' lang='lat' dir='ltr'>li-</span> 
     </span>
    </p>
   </div>
   <div class='ocr_carea' id='block_1_36' title="bbox 2139 645 3791 729">
    <p class='ocr_par' dir='ltr' id='par_1_36' title="bbox 2139 645 3791 729">
     <span class='ocr_line' id='line_1_36' title="bbox 2139 645 3791 729; baseline -0.007 -16"><span class='ocrx_word' id='word_1_252' title='bbox 2139 674 2404 729; x_wconf 87' lang='lat' dir='ltr'>quorem,</span> <span class='ocrx_word' id='word_1_253' title='bbox 2456 652 2975 725; x_wconf 85' lang='lat' dir='ltr'>incomparabilem</span> <span class='ocrx_word' id='word_1_254' title='bbox 3035 649 3152 703; x_wconf 89' lang='lat' dir='ltr'>vini</span> <span class='ocrx_word' id='word_1_255' title='bbox 3204 663 3498 720; x_wconf 88' lang='lat' dir='ltr'>saporem,</span> <span class='ocrx_word' id='word_1_256' title='bbox 3558 645 3791 717; x_wconf 84' lang='lat' dir='ltr'>aliaque</span> 
     </span>
    </p>
   </div>
   <div class='ocr_carea' id='block_1_37' title="bbox 2140 737 3788 819">
    <p class='ocr_par' dir='ltr' id='par_1_37' title="bbox 2140 737 3788 819">
     <span class='ocr_line' id='line_1_37' title="bbox 2140 737 3788 819; baseline -0.007 -17"><span class='ocrx_word' id='word_1_257' title='bbox 2140 748 2446 819; x_wconf 86' lang='lat' dir='ltr'>potionum</span> <span class='ocrx_word' id='word_1_258' title='bbox 2497 747 2888 800; x_wconf 85' lang='lat' dir='ltr'>cont&#39;ectarum</span> <span class='ocrx_word' id='word_1_259' title='bbox 2931 756 3162 812; x_wconf 88' lang='lat' dir='ltr'>genera,</span> <span class='ocrx_word' id='word_1_260' title='bbox 3198 737 3408 792; x_wconf 88' lang='lat' dir='ltr'>miram</span> <span class='ocrx_word' id='word_1_261' title='bbox 3459 740 3788 792; x_wconf 84' lang='lat' dir='ltr'>aromatum</span> 
     </span>
    </p>
   </div>
   <div class='ocr_carea' id='block_1_38' title="bbox 2138 825 3791 904">
    <p class='ocr_par' dir='ltr' id='par_1_38' title="bbox 2138 825 3791 904">
     <span class='ocr_line' id='line_1_38' title="bbox 2138 825 3791 904; baseline -0.007 -13"><span class='ocrx_word' id='word_1_262' title='bbox 2138 836 2430 891; x_wconf 86' lang='lat' dir='ltr'>variorum</span> <span class='ocrx_word' id='word_1_263' title='bbox 2468 833 2870 904; x_wconf 83' lang='lat' dir='ltr'>fragrantiam,</span> <span class='ocrx_word' id='word_1_264' title='bbox 2892 829 3018 883; x_wconf 88' lang='lat' dir='ltr'>auri</span> <span class='ocrx_word' id='word_1_265' title='bbox 3049 831 3104 882; x_wconf 89' lang='lat' dir='ltr'>et</span> <span class='ocrx_word' id='word_1_266' title='bbox 3134 825 3354 898; x_wconf 87' lang='lat' dir='ltr'>argenti</span> <span class='ocrx_word' id='word_1_267' title='bbox 3388 841 3791 896; x_wconf 84' lang='lat' dir='ltr'>gemmarum-</span> 
     </span>
    </p>
   </div>
   <div class='ocr_carea' id='block_1_39' title="bbox 2141 914 3794 997">
    <p class='ocr_par' dir='ltr' id='par_1_39' title="bbox 2141 914 3794 997">
     <span class='ocr_line' id='line_1_39' title="bbox 2141 914 3794 997; baseline -0.007 -16"><span class='ocrx_word' id='word_1_268' title='bbox 2141 943 2253 997; x_wconf 89' lang='lat' dir='ltr'>que</span> <span class='ocrx_word' id='word_1_269' title='bbox 2305 927 2596 985; x_wconf 90' lang='lat' dir='ltr'>decorem,</span> <span class='ocrx_word' id='word_1_270' title='bbox 2628 926 2951 990; x_wconf 71' lang='lat' dir='ltr'>cznteraque</span> <span class='ocrx_word' id='word_1_271' title='bbox 3000 916 3218 972; x_wconf 88' lang='lat' dir='ltr'>metalli</span> <span class='ocrx_word' id='word_1_272' title='bbox 3252 914 3660 986; x_wconf 87' lang='lat' dir='ltr'>supplementa</span> <span class='ocrx_word' id='word_1_273' title='bbox 3689 932 3794 971; x_wconf 90' lang='lat' dir='ltr'>ne-</span> 
     </span>
    </p>
   </div>
   <div class='ocr_carea' id='block_1_40' title="bbox 2140 1003 3790 1081">
    <p class='ocr_par' dir='ltr' id='par_1_40' title="bbox 2140 1003 3790 1081">
     <span class='ocr_line' id='line_1_40' title="bbox 2140 1003 3790 1081; baseline -0.005 -11"><span class='ocrx_word' id='word_1_274' title='bbox 2140 1015 2412 1081; x_wconf 88' lang='lat' dir='ltr'>cessaria,</span> <span class='ocrx_word' id='word_1_275' title='bbox 2479 1017 2785 1066; x_wconf 71' lang='lat' dir='ltr'>structura:</span> <span class='ocrx_word' id='word_1_276' title='bbox 2844 1007 3086 1079; x_wconf 66' lang='lat' dir='ltr'>lapideae</span> <span class='ocrx_word' id='word_1_277' title='bbox 3135 1004 3504 1060; x_wconf 89' lang='lat' dir='ltr'>munimenta</span> <span class='ocrx_word' id='word_1_278' title='bbox 3555 1003 3790 1077; x_wconf 86' lang='lat' dir='ltr'>aliaque</span> 
     </span>
    </p>
   </div>
   <div class='ocr_carea' id='block_1_41' title="bbox 2138 1094 3792 1175">
    <p class='ocr_par' dir='ltr' id='par_1_41' title="bbox 2138 1094 3792 1175">
     <span class='ocr_line' id='line_1_41' title="bbox 2138 1094 3792 1175; baseline -0.005 -17"><span class='ocrx_word' id='word_1_279' title='bbox 2138 1103 2412 1175; x_wconf 90' lang='lat' dir='ltr'>perplura</span> <span class='ocrx_word' id='word_1_280' title='bbox 2459 1107 2700 1156; x_wconf 65' lang='lat' dir='ltr'>terrente</span> <span class='ocrx_word' id='word_1_281' title='bbox 2741 1096 3034 1152; x_wconf 84' lang='lat' dir='ltr'>felicitatis</span> <span class='ocrx_word' id='word_1_282' title='bbox 3082 1094 3409 1150; x_wconf 87' lang='lat' dir='ltr'>commoda.</span> <span class='ocrx_word' id='word_1_283' title='bbox 3457 1094 3671 1165; x_wconf 88' lang='lat' dir='ltr'>Sicque</span> <span class='ocrx_word' id='word_1_284' title='bbox 3722 1111 3792 1150; x_wconf 85' lang='lat' dir='ltr'>ex</span> 
     </span>
    </p>
   </div>
   <div class='ocr_carea' id='block_1_42' title="bbox 2139 1173 3790 1264">
    <p class='ocr_par' dir='ltr' id='par_1_42' title="bbox 2139 1173 3790 1264">
     <span class='ocr_line' id='line_1_42' title="bbox 2139 1173 3790 1264; baseline -0.005 -16"><span class='ocrx_word' id='word_1_285' title='bbox 2139 1173 2426 1264; x_wconf 78' lang='lat' dir='ltr'>utrisque,</span> <span class='ocrx_word' id='word_1_286' title='bbox 2457 1189 2762 1246; x_wconf 87' lang='lat' dir='ltr'>collatione</span> <span class='ocrx_word' id='word_1_287' title='bbox 2787 1189 2955 1253; x_wconf 80' lang='lat' dir='ltr'>facta,</span> <span class='ocrx_word' id='word_1_288' title='bbox 2981 1173 3304 1255; x_wconf 86' lang='lat' dir='ltr'>intelligere</span> <span class='ocrx_word' id='word_1_289' title='bbox 3331 1188 3496 1255; x_wconf 89' lang='lat' dir='ltr'>potes</span> <span class='ocrx_word' id='word_1_290' title='bbox 3526 1183 3665 1256; x_wconf 90' lang='lat' dir='ltr'>quid</span> <span class='ocrx_word' id='word_1_291' title='bbox 3698 1200 3790 1240; x_wconf 84' lang='lat' dir='ltr'>se-</span> 
     </span>
    </p>
   </div>
   <div class='ocr_carea' id='block_1_43' title="bbox 2135 1273 3232 1351">
    <p class='ocr_par' dir='ltr' id='par_1_43' title="bbox 2135 1273 3232 1351">
     <span class='ocr_line' id='line_1_43' title="bbox 2135 1273 3232 1351; baseline -0.008 -15"><span class='ocrx_word' id='word_1_292' title='bbox 2135 1283 2370 1349; x_wconf 87' lang='lat' dir='ltr'>veritas,</span> <span class='ocrx_word' id='word_1_293' title='bbox 2405 1280 2667 1351; x_wconf 91' lang='lat' dir='ltr'>quidque</span> <span class='ocrx_word' id='word_1_294' title='bbox 2700 1278 2776 1333; x_wconf 87' lang='lat' dir='ltr'>sit</span> <span class='ocrx_word' id='word_1_295' title='bbox 2806 1276 2990 1348; x_wconf 90' lang='lat' dir='ltr'>pietas</span> <span class='ocrx_word' id='word_1_296' title='bbox 3022 1273 3232 1329; x_wconf 89' lang='lat' dir='ltr'>divina.</span> 
     </span>
    </p>
   </div>
   <div class='ocr_carea' id='block_1_44' title="bbox 2210 1361 3791 1440">
    <p class='ocr_par' dir='ltr' id='par_1_44' title="bbox 2210 1361 3791 1440">
     <span class='ocr_line' id='line_1_44' title="bbox 2210 1361 3791 1440; baseline -0.003 -15"><span class='ocrx_word' id='word_1_297' title='bbox 2210 1371 2449 1440; x_wconf 79' lang='lat' dir='ltr'>Agenda</span> <span class='ocrx_word' id='word_1_298' title='bbox 2478 1372 2567 1424; x_wconf 87' lang='lat' dir='ltr'>est</span> <span class='ocrx_word' id='word_1_299' title='bbox 2596 1367 2775 1422; x_wconf 89' lang='lat' dir='ltr'>etiam</span> <span class='ocrx_word' id='word_1_300' title='bbox 2821 1364 3137 1433; x_wconf 90' lang='lat' dir='ltr'>unicuique</span> <span class='ocrx_word' id='word_1_301' title='bbox 3167 1361 3395 1417; x_wconf 87' lang='lat' dir='ltr'>collatio</span> <span class='ocrx_word' id='word_1_302' title='bbox 3445 1361 3598 1417; x_wconf 90' lang='lat' dir='ltr'>inter</span> <span class='ocrx_word' id='word_1_303' title='bbox 3645 1380 3706 1418; x_wconf 88' lang='lat' dir='ltr'>se</span> <span class='ocrx_word' id='word_1_304' title='bbox 3733 1368 3791 1420; x_wconf 91' lang='lat' dir='ltr'>et</span> 
     </span>
    </p>
   </div>
   <div class='ocr_carea' id='block_1_45' title="bbox 2140 1450 3786 1530">
    <p class='ocr_par' dir='ltr' id='par_1_45' title="bbox 2140 1450 3786 1530">
     <span class='ocr_line' id='line_1_45' title="bbox 2140 1450 3786 1530; baseline -0.004 -17"><span class='ocrx_word' id='word_1_305' title='bbox 2140 1458 2435 1530; x_wconf 85' lang='lat' dir='ltr'>quoslibet</span> <span class='ocrx_word' id='word_1_306' title='bbox 2449 1454 2977 1520; x_wconf 88' lang='lat' dir='ltr'>alios,attendendo</span> <span class='ocrx_word' id='word_1_307' title='bbox 2993 1450 3486 1522; x_wconf 82' lang='lat' dir='ltr'>videliCetjugiter</span> <span class='ocrx_word' id='word_1_308' title='bbox 3499 1457 3786 1522; x_wconf 87' lang='lat' dir='ltr'>quantum</span> 
     </span>
    </p>
   </div>
   <div class='ocr_carea' id='block_1_46' title="bbox 2138 1539 3790 1619">
    <p class='ocr_par' dir='ltr' id='par_1_46' title="bbox 2138 1539 3790 1619">
     <span class='ocr_line' id='line_1_46' title="bbox 2138 1539 3790 1619; baseline -0.003 -17"><span class='ocrx_word' id='word_1_309' title='bbox 2138 1547 2465 1619; x_wconf 88' lang='lat' dir='ltr'>spiritualis</span> <span class='ocrx_word' id='word_1_310' title='bbox 2496 1563 2600 1600; x_wconf 90' lang='lat' dir='ltr'>seu</span> <span class='ocrx_word' id='word_1_311' title='bbox 2633 1542 2948 1616; x_wconf 86' lang='lat' dir='ltr'>corporalis</span> <span class='ocrx_word' id='word_1_312' title='bbox 2981 1541 3177 1613; x_wconf 66' lang='lat' dir='ltr'>gratiae</span> <span class='ocrx_word' id='word_1_313' title='bbox 3224 1539 3442 1604; x_wconf 90' lang='lat' dir='ltr'>minus,</span> <span class='ocrx_word' id='word_1_314' title='bbox 3473 1540 3559 1594; x_wconf 91' lang='lat' dir='ltr'>vel</span> <span class='ocrx_word' id='word_1_315' title='bbox 3591 1543 3790 1612; x_wconf 80' lang='lat' dir='ltr'>majus</span> 
     </span>
    </p>
   </div>
   <div class='ocr_carea' id='block_1_47' title="bbox 2138 1629 3785 1707">
    <p class='ocr_par' dir='ltr' id='par_1_47' title="bbox 2138 1629 3785 1707">
     <span class='ocr_line' id='line_1_47' title="bbox 2138 1629 3785 1707; baseline -0.004 -16"><span class='ocrx_word' id='word_1_316' title='bbox 2138 1637 2275 1707; x_wconf 89' lang='lat' dir='ltr'>illis,</span> <span class='ocrx_word' id='word_1_317' title='bbox 2305 1655 2338 1691; x_wconf 90' lang='lat' dir='ltr'>a</span> <span class='ocrx_word' id='word_1_318' title='bbox 2369 1635 2612 1691; x_wconf 90' lang='lat' dir='ltr'>Domino</span> <span class='ocrx_word' id='word_1_319' title='bbox 2646 1632 2950 1704; x_wconf 89' lang='lat' dir='ltr'>acceperit.</span> <span class='ocrx_word' id='word_1_320' title='bbox 2976 1629 3184 1684; x_wconf 88' lang='lat' dir='ltr'>Nullus</span> <span class='ocrx_word' id='word_1_321' title='bbox 3215 1629 3370 1684; x_wconf 88' lang='lat' dir='ltr'>enim</span> <span class='ocrx_word' id='word_1_322' title='bbox 3403 1631 3785 1702; x_wconf 87' lang='lat' dir='ltr'>semetipsum</span> 
     </span>
    </p>
   </div>
   <div class='ocr_carea' id='block_1_48' title="bbox 2139 1719 3790 1795">
    <p class='ocr_par' dir='ltr' id='par_1_48' title="bbox 2139 1719 3790 1795">
     <span class='ocr_line' id='line_1_48' title="bbox 2139 1719 3790 1795; baseline -0.003 -14"><span class='ocrx_word' id='word_1_323' title='bbox 2139 1727 2282 1781; x_wconf 88' lang='lat' dir='ltr'>satis</span> <span class='ocrx_word' id='word_1_324' title='bbox 2333 1724 2527 1781; x_wconf 85' lang='lat' dir='ltr'>metiri</span> <span class='ocrx_word' id='word_1_325' title='bbox 2560 1722 2847 1795; x_wconf 62' lang='lat' dir='ltr'>praevalet,</span> <span class='ocrx_word' id='word_1_326' title='bbox 2885 1720 2996 1774; x_wconf 89' lang='lat' dir='ltr'>nisi</span> <span class='ocrx_word' id='word_1_327' title='bbox 3043 1719 3290 1774; x_wconf 88' lang='lat' dir='ltr'>alterum</span> <span class='ocrx_word' id='word_1_328' title='bbox 3349 1719 3699 1785; x_wconf 82' lang='lat' dir='ltr'>consideret,</span> <span class='ocrx_word' id='word_1_329' title='bbox 3732 1725 3790 1776; x_wconf 83' lang='lat' dir='ltr'>et</span> 
     </span>
    </p>
   </div>
   <div class='ocr_carea' id='block_1_49' title="bbox 2138 1805 3787 1886">
    <p class='ocr_par' dir='ltr' id='par_1_49' title="bbox 2138 1805 3787 1886">
     <span class='ocr_line' id='line_1_49' title="bbox 2138 1805 3787 1886; baseline -0.005 -16"><span class='ocrx_word' id='word_1_330' title='bbox 2138 1817 2196 1869; x_wconf 92' lang='lat' dir='ltr'>in</span> <span class='ocrx_word' id='word_1_331' title='bbox 2229 1818 2354 1885; x_wconf 90' lang='lat' dir='ltr'>ejus</span> <span class='ocrx_word' id='word_1_332' title='bbox 2388 1812 2668 1886; x_wconf 83' lang='lat' dir='ltr'>qualitate</span> <span class='ocrx_word' id='word_1_333' title='bbox 2697 1811 2885 1865; x_wconf 88' lang='lat' dir='ltr'>discat</span> <span class='ocrx_word' id='word_1_334' title='bbox 2917 1808 3056 1880; x_wconf 89' lang='lat' dir='ltr'>quid</span> <span class='ocrx_word' id='word_1_335' title='bbox 3087 1806 3176 1861; x_wconf 89' lang='lat' dir='ltr'>vel</span> <span class='ocrx_word' id='word_1_336' title='bbox 3205 1805 3314 1860; x_wconf 89' lang='lat' dir='ltr'>sibi</span> <span class='ocrx_word' id='word_1_337' title='bbox 3347 1807 3518 1875; x_wconf 89' lang='lat' dir='ltr'>desit,</span> <span class='ocrx_word' id='word_1_338' title='bbox 3542 1805 3628 1861; x_wconf 89' lang='lat' dir='ltr'>vel</span> <span class='ocrx_word' id='word_1_339' title='bbox 3659 1824 3787 1878; x_wconf 71' lang='lat' dir='ltr'>quae</span> 
     </span>
    </p>
   </div>
   <div class='ocr_carea' id='block_1_50' title="bbox 2137 1896 3785 1975">
    <p class='ocr_par' dir='ltr' id='par_1_50' title="bbox 2137 1896 3785 1975">
     <span class='ocr_line' id='line_1_50' title="bbox 2137 1896 3785 1975; baseline -0.005 -17"><span class='ocrx_word' id='word_1_340' title='bbox 2137 1905 2289 1960; x_wconf 87' lang='lat' dir='ltr'>dona</span> <span class='ocrx_word' id='word_1_341' title='bbox 2313 1904 2439 1975; x_wconf 85' lang='lat' dir='ltr'>jam</span> <span class='ocrx_word' id='word_1_342' title='bbox 2471 1901 2831 1958; x_wconf 76' lang='lat' dir='ltr'>sufﬁcienter</span> <span class='ocrx_word' id='word_1_343' title='bbox 2862 1898 3090 1953; x_wconf 89' lang='lat' dir='ltr'>habeat.</span> <span class='ocrx_word' id='word_1_344' title='bbox 3127 1896 3286 1951; x_wconf 89' lang='lat' dir='ltr'>Unde</span> <span class='ocrx_word' id='word_1_345' title='bbox 3318 1911 3554 1951; x_wconf 89' lang='lat' dir='ltr'>necesse</span> <span class='ocrx_word' id='word_1_346' title='bbox 3583 1901 3671 1952; x_wconf 90' lang='lat' dir='ltr'>est</span> <span class='ocrx_word' id='word_1_347' title='bbox 3702 1901 3785 1967; x_wconf 88' lang='lat' dir='ltr'>ut,</span> 
     </span>
    </p>
   </div>
   <div class='ocr_carea' id='block_1_51' title="bbox 2136 1989 3786 2057">
    <p class='ocr_par' dir='ltr' id='par_1_51' title="bbox 2136 1989 3786 2057">
     <span class='ocr_line' id='line_1_51' title="bbox 2136 1989 3786 2057; baseline -0.005 -9"><span class='ocrx_word' id='word_1_348' title='bbox 2136 2011 2267 2048; x_wconf 90' lang='lat' dir='ltr'>cum</span> <span class='ocrx_word' id='word_1_349' title='bbox 2299 1993 2567 2047; x_wconf 88' lang='lat' dir='ltr'>videmur</span> <span class='ocrx_word' id='word_1_350' title='bbox 2593 1989 2763 2044; x_wconf 90' lang='lat' dir='ltr'>nobis</span> <span class='ocrx_word' id='word_1_351' title='bbox 2795 1993 2914 2042; x_wconf 89' lang='lat' dir='ltr'>tam</span> <span class='ocrx_word' id='word_1_352' title='bbox 2939 1991 3133 2040; x_wconf 87' lang='lat' dir='ltr'>mente</span> <span class='ocrx_word' id='word_1_353' title='bbox 3164 2001 3341 2056; x_wconf 89' lang='lat' dir='ltr'>quam</span> <span class='ocrx_word' id='word_1_354' title='bbox 3365 2001 3604 2056; x_wconf 91' lang='lat' dir='ltr'>corpore</span> <span class='ocrx_word' id='word_1_355' title='bbox 3635 2002 3786 2057; x_wconf 86' lang='lat' dir='ltr'>pau-</span> 
     </span>
    </p>
   </div>
   <div class='ocr_carea' id='block_1_52' title="bbox 2135 2073 3782 2154">
    <p class='ocr_par' dir='ltr' id='par_1_52' title="bbox 2135 2073 3782 2154">
     <span class='ocr_line' id='line_1_52' title="bbox 2135 2073 3782 2154; baseline -0.006 -15"><span class='ocrx_word' id='word_1_356' title='bbox 2135 2099 2303 2154; x_wconf 86' lang='lat' dir='ltr'>peres</span> <span class='ocrx_word' id='word_1_357' title='bbox 2334 2087 2390 2137; x_wconf 89' lang='lat' dir='ltr'>et</span> <span class='ocrx_word' id='word_1_358' title='bbox 2439 2078 2675 2148; x_wconf 83' lang='lat' dir='ltr'>inﬁrmi,</span> <span class='ocrx_word' id='word_1_359' title='bbox 2709 2075 2941 2132; x_wconf 89' lang='lat' dir='ltr'>servitio</span> <span class='ocrx_word' id='word_1_360' title='bbox 2988 2075 3169 2130; x_wconf 88' lang='lat' dir='ltr'>nimio</span> <span class='ocrx_word' id='word_1_361' title='bbox 3201 2073 3484 2145; x_wconf 89' lang='lat' dir='ltr'>depressi,</span> <span class='ocrx_word' id='word_1_362' title='bbox 3515 2073 3603 2128; x_wconf 86' lang='lat' dir='ltr'>vel</span> <span class='ocrx_word' id='word_1_363' title='bbox 3635 2091 3782 2146; x_wconf 84' lang='lat' dir='ltr'>qua-</span> 
     </span>
    </p>
   </div>
   <div class='ocr_carea' id='block_1_53' title="bbox 2137 2163 3781 2243">
    <p class='ocr_par' dir='ltr' id='par_1_53' title="bbox 2137 2163 3781 2243">
     <span class='ocr_line' id='line_1_53' title="bbox 2137 2163 3781 2243; baseline -0.006 -16"><span class='ocrx_word' id='word_1_364' title='bbox 2137 2189 2366 2243; x_wconf 90' lang='lat' dir='ltr'>cunque</span> <span class='ocrx_word' id='word_1_365' title='bbox 2399 2169 2637 2224; x_wconf 88' lang='lat' dir='ltr'>miseria</span> <span class='ocrx_word' id='word_1_366' title='bbox 2667 2165 2970 2238; x_wconf 89' lang='lat' dir='ltr'>implicati,</span> <span class='ocrx_word' id='word_1_367' title='bbox 3005 2181 3139 2218; x_wconf 81' lang='lat' dir='ltr'>mox</span> <span class='ocrx_word' id='word_1_368' title='bbox 3189 2179 3526 2218; x_wconf 90' lang='lat' dir='ltr'>revocemus</span> <span class='ocrx_word' id='word_1_369' title='bbox 3558 2163 3628 2218; x_wconf 92' lang='lat' dir='ltr'>ad</span> <span class='ocrx_word' id='word_1_370' title='bbox 3661 2179 3781 2218; x_wconf 88' lang='lat' dir='ltr'>me-</span> 
     </span>
    </p>
   </div>
   <div class='ocr_carea' id='block_1_54' title="bbox 2137 2251 3784 2331">
    <p class='ocr_par' dir='ltr' id='par_1_54' title="bbox 2137 2251 3784 2331">
     <span class='ocr_line' id='line_1_54' title="bbox 2137 2251 3784 2331; baseline -0.005 -15"><span class='ocrx_word' id='word_1_371' title='bbox 2137 2262 2383 2316; x_wconf 89' lang='lat' dir='ltr'>moriam</span> <span class='ocrx_word' id='word_1_372' title='bbox 2416 2259 2701 2331; x_wconf 89' lang='lat' dir='ltr'>plurimos</span> <span class='ocrx_word' id='word_1_373' title='bbox 2733 2257 2789 2310; x_wconf 89' lang='lat' dir='ltr'>in</span> <span class='ocrx_word' id='word_1_374' title='bbox 2823 2259 3071 2325; x_wconf 88' lang='lat' dir='ltr'>utroque</span> <span class='ocrx_word' id='word_1_375' title='bbox 3123 2252 3360 2307; x_wconf 89' lang='lat' dir='ltr'>homine</span> <span class='ocrx_word' id='word_1_376' title='bbox 3390 2251 3784 2324; x_wconf 87' lang='lat' dir='ltr'>pauperiores,</span> 
     </span>
    </p>
   </div>
   <div class='ocr_carea' id='block_1_55' title="bbox 2136 2341 3732 2414">
    <p class='ocr_par' dir='ltr' id='par_1_55' title="bbox 2136 2341 3732 2414">
     <span class='ocr_line' id='line_1_55' title="bbox 2136 2341 3732 2414; baseline -0.006 -10"><span class='ocrx_word' id='word_1_377' title='bbox 2136 2350 2513 2414; x_wconf 84' lang='lat' dir='ltr'>infirmiores,</span> <span class='ocrx_word' id='word_1_378' title='bbox 2547 2346 2824 2402; x_wconf 86' lang='lat' dir='ltr'>servitute</span> <span class='ocrx_word' id='word_1_379' title='bbox 2852 2349 2909 2399; x_wconf 91' lang='lat' dir='ltr'>et</span> <span class='ocrx_word' id='word_1_380' title='bbox 2938 2341 3178 2398; x_wconf 87' lang='lat' dir='ltr'>miseria</span> <span class='ocrx_word' id='word_1_381' title='bbox 3207 2342 3413 2412; x_wconf 84' lang='lat' dir='ltr'>majori</span> <span class='ocrx_word' id='word_1_382' title='bbox 3446 2346 3732 2414; x_wconf 87' lang='lat' dir='ltr'>gravatos.</span> 
     </span>
    </p>
   </div>
   <div class='ocr_carea' id='block_1_56' title="bbox 2208 2430 3780 2509">
    <p class='ocr_par' dir='ltr' id='par_1_56' title="bbox 2208 2430 3780 2509">
     <span class='ocr_line' id='line_1_56' title="bbox 2208 2430 3780 2509; baseline -0.004 -16"><span class='ocrx_word' id='word_1_383' title='bbox 2208 2439 2470 2509; x_wconf 88' lang='lat' dir='ltr'>Cumque</span> <span class='ocrx_word' id='word_1_384' title='bbox 2524 2435 2605 2490; x_wconf 89' lang='lat' dir='ltr'>ita</span> <span class='ocrx_word' id='word_1_385' title='bbox 2657 2434 2925 2489; x_wconf 88' lang='lat' dir='ltr'>miserias</span> <span class='ocrx_word' id='word_1_386' title='bbox 2957 2431 3198 2498; x_wconf 34' lang='lat' dir='ltr'>alienas»,</span> <span class='ocrx_word' id='word_1_387' title='bbox 3251 2430 3490 2486; x_wconf 88' lang='lat' dir='ltr'>collatas</span> <span class='ocrx_word' id='word_1_388' title='bbox 3541 2430 3780 2501; x_wconf 89' lang='lat' dir='ltr'>nostris,</span> 
     </span>
    </p>
   </div>
   <div class='ocr_carea' id='block_1_57' title="bbox 2137 2519 3777 2599">
    <p class='ocr_par' dir='ltr' id='par_1_57' title="bbox 2137 2519 3777 2599">
     <span class='ocr_line' id='line_1_57' title="bbox 2137 2519 3777 2599; baseline -0.005 -15"><span class='ocrx_word' id='word_1_389' title='bbox 2137 2530 2388 2599; x_wconf 86' lang='lat' dir='ltr'>majores</span> <span class='ocrx_word' id='word_1_390' title='bbox 2420 2525 2800 2589; x_wconf 88' lang='lat' dir='ltr'>senserimus,</span> <span class='ocrx_word' id='word_1_391' title='bbox 2839 2521 3002 2578; x_wconf 84' lang='lat' dir='ltr'>facile</span> <span class='ocrx_word' id='word_1_392' title='bbox 3034 2521 3172 2592; x_wconf 89' lang='lat' dir='ltr'>quia</span> <span class='ocrx_word' id='word_1_393' title='bbox 3202 2519 3504 2585; x_wconf 87' lang='lat' dir='ltr'>nobiscum</span> <span class='ocrx_word' id='word_1_394' title='bbox 3539 2520 3616 2574; x_wconf 89' lang='lat' dir='ltr'>sit</span> <span class='ocrx_word' id='word_1_395' title='bbox 3644 2535 3777 2592; x_wconf 87' lang='lat' dir='ltr'>gra-</span> 
     </span>
    </p>
   </div>
   <div class='ocr_carea' id='block_1_58' title="bbox 2135 2609 3635 2686">
    <p class='ocr_par' dir='ltr' id='par_1_58' title="bbox 2135 2609 3635 2686">
     <span class='ocr_line' id='line_1_58' title="bbox 2135 2609 3635 2686; baseline -0.005 -14"><span class='ocrx_word' id='word_1_396' title='bbox 2135 2619 2218 2672; x_wconf 88' lang='lat' dir='ltr'>tia</span> <span class='ocrx_word' id='word_1_397' title='bbox 2252 2617 2346 2672; x_wconf 89' lang='lat' dir='ltr'>Dei</span> <span class='ocrx_word' id='word_1_398' title='bbox 2380 2616 2566 2686; x_wconf 87' lang='lat' dir='ltr'>major</span> <span class='ocrx_word' id='word_1_399' title='bbox 2596 2629 2773 2684; x_wconf 88' lang='lat' dir='ltr'>quam</span> <span class='ocrx_word' id='word_1_400' title='bbox 2803 2629 2937 2667; x_wconf 91' lang='lat' dir='ltr'>cum</span> <span class='ocrx_word' id='word_1_401' title='bbox 2968 2610 3085 2665; x_wconf 90' lang='lat' dir='ltr'>illis</span> <span class='ocrx_word' id='word_1_402' title='bbox 3117 2609 3264 2665; x_wconf 88' lang='lat' dir='ltr'>scire</span> <span class='ocrx_word' id='word_1_403' title='bbox 3293 2609 3635 2682; x_wconf 86' lang='lat' dir='ltr'>poterimus.</span> 
     </span>
    </p>
   </div>
   <div class='ocr_carea' id='block_1_59' title="bbox 2204 2698 3785 2774">
    <p class='ocr_par' dir='ltr' id='par_1_59' title="bbox 2204 2698 3785 2774">
     <span class='ocr_line' id='line_1_59' title="bbox 2204 2698 3785 2774; baseline -0.004 -14"><span class='ocrx_word' id='word_1_404' title='bbox 2204 2706 2483 2761; x_wconf 85' lang='lat' dir='ltr'>Similiter</span> <span class='ocrx_word' id='word_1_405' title='bbox 2511 2721 2645 2759; x_wconf 91' lang='lat' dir='ltr'>cum</span> <span class='ocrx_word' id='word_1_406' title='bbox 2670 2703 2945 2774; x_wconf 89' lang='lat' dir='ltr'>superbia</span> <span class='ocrx_word' id='word_1_407' title='bbox 2976 2704 3174 2755; x_wconf 86' lang='lat' dir='ltr'>nostra</span> <span class='ocrx_word' id='word_1_408' title='bbox 3193 2699 3301 2755; x_wconf 92' lang='lat' dir='ltr'>hoc</span> <span class='ocrx_word' id='word_1_409' title='bbox 3333 2698 3689 2771; x_wconf 86' lang='lat' dir='ltr'>suggesserit</span> <span class='ocrx_word' id='word_1_410' title='bbox 3718 2704 3785 2754; x_wconf 92' lang='lat' dir='ltr'>ut</span> 
     </span>
    </p>
   </div>
   <div class='ocr_carea' id='block_1_60' title="bbox 2135 2789 3780 2862">
    <p class='ocr_par' dir='ltr' id='par_1_60' title="bbox 2135 2789 3780 2862">
     <span class='ocr_line' id='line_1_60' title="bbox 2135 2789 3780 2862; baseline -0.006 -10"><span class='ocrx_word' id='word_1_411' title='bbox 2135 2797 2446 2852; x_wconf 87' lang='lat' dir='ltr'>credamus</span> <span class='ocrx_word' id='word_1_412' title='bbox 2476 2810 2582 2848; x_wconf 88' lang='lat' dir='ltr'>nos</span> <span class='ocrx_word' id='word_1_413' title='bbox 2629 2798 2881 2859; x_wconf 87' lang='lat' dir='ltr'>sanctos,</span> <span class='ocrx_word' id='word_1_414' title='bbox 2916 2790 3230 2862; x_wconf 86' lang='lat' dir='ltr'>sapientes,</span> <span class='ocrx_word' id='word_1_415' title='bbox 3253 2789 3558 2860; x_wconf 83' lang='lat' dir='ltr'>perfectos,</span> <span class='ocrx_word' id='word_1_416' title='bbox 3594 2805 3780 2843; x_wconf 87' lang='lat' dir='ltr'>recor-</span> 
     </span>
    </p>
   </div>
   <div class='ocr_carea' id='block_1_61' title="bbox 2135 2877 3778 2951">
    <p class='ocr_par' dir='ltr' id='par_1_61' title="bbox 2135 2877 3778 2951">
     <span class='ocr_line' id='line_1_61' title="bbox 2135 2877 3778 2951; baseline -0.006 -10"><span class='ocrx_word' id='word_1_417' title='bbox 2135 2888 2360 2951; x_wconf 88' lang='lat' dir='ltr'>demur,</span> <span class='ocrx_word' id='word_1_418' title='bbox 2412 2901 2546 2938; x_wconf 81' lang='lat' dir='ltr'>mox</span> <span class='ocrx_word' id='word_1_419' title='bbox 2593 2882 2910 2936; x_wconf 88' lang='lat' dir='ltr'>multorum</span> <span class='ocrx_word' id='word_1_420' title='bbox 2953 2884 3190 2934; x_wconf 87' lang='lat' dir='ltr'>Patrum</span> <span class='ocrx_word' id='word_1_421' title='bbox 3232 2883 3353 2932; x_wconf 88' lang='lat' dir='ltr'>tam</span> <span class='ocrx_word' id='word_1_422' title='bbox 3403 2877 3778 2949; x_wconf 70' lang='lat' dir='ltr'>praesentium</span> 
     </span>
    </p>
   </div>
   <div class='ocr_carea' id='block_1_62' title="bbox 2137 2965 3777 3046">
    <p class='ocr_par' dir='ltr' id='par_1_62' title="bbox 2137 2965 3777 3046">
     <span class='ocr_line' id='line_1_62' title="bbox 2137 2965 3777 3046; baseline -0.006 -17"><span class='ocrx_word' id='word_1_423' title='bbox 2137 2991 2313 3046; x_wconf 88' lang='lat' dir='ltr'>quam</span> <span class='ocrx_word' id='word_1_424' title='bbox 2362 2972 2729 3036; x_wconf 85' lang='lat' dir='ltr'>absentium;</span> <span class='ocrx_word' id='word_1_425' title='bbox 2765 2970 2819 3023; x_wconf 90' lang='lat' dir='ltr'>in</span> <span class='ocrx_word' id='word_1_426' title='bbox 2855 2984 3105 3040; x_wconf 91' lang='lat' dir='ltr'>quorum</span> <span class='ocrx_word' id='word_1_427' title='bbox 3156 2967 3588 3038; x_wconf 88' lang='lat' dir='ltr'>comparatione</span> <span class='ocrx_word' id='word_1_428' title='bbox 3620 2965 3777 3020; x_wconf 83' lang='lat' dir='ltr'>inve-</span> 
     </span>
    </p>
   </div>
   <div class='ocr_carea' id='block_1_63' title="bbox 2135 3055 3776 3128">
    <p class='ocr_par' dir='ltr' id='par_1_63' title="bbox 2135 3055 3776 3128">
     <span class='ocr_line' id='line_1_63' title="bbox 2135 3055 3776 3128; baseline -0.005 -11"><span class='ocrx_word' id='word_1_429' title='bbox 2135 3064 2366 3118; x_wconf 89' lang='lat' dir='ltr'>niemur</span> <span class='ocrx_word' id='word_1_430' title='bbox 2413 3059 2803 3117; x_wconf 87' lang='lat' dir='ltr'>stolidissimi.</span> <span class='ocrx_word' id='word_1_431' title='bbox 2836 3058 3044 3128; x_wconf 91' lang='lat' dir='ltr'>Sicque</span> <span class='ocrx_word' id='word_1_432' title='bbox 3091 3057 3156 3110; x_wconf 84' lang='lat' dir='ltr'>tit</span> <span class='ocrx_word' id='word_1_433' title='bbox 3205 3060 3269 3109; x_wconf 91' lang='lat' dir='ltr'>ut</span> <span class='ocrx_word' id='word_1_434' title='bbox 3315 3055 3388 3110; x_wconf 90' lang='lat' dir='ltr'>ab</span> <span class='ocrx_word' id='word_1_435' title='bbox 3437 3055 3776 3127; x_wconf 89' lang='lat' dir='ltr'>hujusmodi</span> 
     </span>
    </p>
   </div>
   <div class='ocr_carea' id='block_1_64' title="bbox 380 3143 3780 3228">
    <p class='ocr_par' dir='ltr' id='par_1_64' title="bbox 380 3143 3780 3228">
     <span class='ocr_line' id='line_1_64' title="bbox 380 3143 3780 3228; baseline -0.009 -3"><span class='ocrx_word' id='word_1_436' title='bbox 380 3143 876 3225; x_wconf 50' lang='lat' dir='ltr'>lationem-valeas</span> <span class='ocrx_word' id='word_1_437' title='bbox 907 3163 1112 3227; x_wconf 85' lang='lat' dir='ltr'>facere,</span> <span class='ocrx_word' id='word_1_438' title='bbox 1148 3161 1212 3212; x_wconf 90' lang='lat' dir='ltr'>ut</span> <span class='ocrx_word' id='word_1_439' title='bbox 1243 3173 1344 3228; x_wconf 89' lang='lat' dir='ltr'>per</span> <span class='ocrx_word' id='word_1_440' title='bbox 1374 3155 1495 3209; x_wconf 64' lang='lat' dir='ltr'>haec</span> <span class='ocrx_word' id='word_1_441' title='bbox 1526 3154 1685 3207; x_wconf 89' lang='lat' dir='ltr'>dicas</span> <span class='ocrx_word' id='word_1_442' title='bbox 1717 3151 1856 3222; x_wconf 90' lang='lat' dir='ltr'>quia</span> <span class='ocrx_word' id='word_1_443' title='bbox 1880 3150 2026 3204; x_wconf 82' lang='lat' dir='ltr'>Mise-</span> <span class='ocrx_word' id='word_1_444' title='bbox 2055 3146 2097 3212; x_wconf 88' lang='lat' dir='ltr'>C</span> <span class='ocrx_word' id='word_1_445' title='bbox 2135 3153 2440 3207; x_wconf 81' lang='lat' dir='ltr'>collatione</span> <span class='ocrx_word' id='word_1_446' title='bbox 2470 3148 2870 3208; x_wconf 88' lang='lat' dir='ltr'>humiliemur.</span> <span class='ocrx_word' id='word_1_447' title='bbox 2897 3151 2954 3201; x_wconf 90' lang='lat' dir='ltr'>et</span> <span class='ocrx_word' id='word_1_448' title='bbox 2983 3147 3053 3200; x_wconf 89' lang='lat' dir='ltr'>de</span> <span class='ocrx_word' id='word_1_449' title='bbox 3075 3143 3283 3215; x_wconf 88' lang='lat' dir='ltr'>judicii</span> <span class='ocrx_word' id='word_1_450' title='bbox 3318 3144 3665 3216; x_wconf 86' lang='lat' dir='ltr'>pietatisque</span> <span class='ocrx_word' id='word_1_451' title='bbox 3695 3143 3780 3197; x_wconf 90' lang='lat' dir='ltr'>di-</span> 
     </span>
    </p>
   </div>
   <div class='ocr_carea' id='block_1_65' title="bbox 380 3239 2022 3321">
    <p class='ocr_par' dir='ltr' id='par_1_65' title="bbox 380 3239 2022 3321">
     <span class='ocr_line' id='line_1_65' title="bbox 380 3239 2022 3321; baseline -0.015 -6"><span class='ocrx_word' id='word_1_452' title='bbox 380 3258 620 3314; x_wconf 84' lang='lat' dir='ltr'>ricordia</span> <span class='ocrx_word' id='word_1_453' title='bbox 648 3254 869 3310; x_wconf 84' lang='lat' dir='ltr'>Domini</span> <span class='ocrx_word' id='word_1_454' title='bbox 913 3251 1078 3321; x_wconf 77' lang='lat' dir='ltr'>plena</span> <span class='ocrx_word' id='word_1_455' title='bbox 1107 3250 1181 3303; x_wconf 88' lang='lat' dir='ltr'>est</span> <span class='ocrx_word' id='word_1_456' title='bbox 1223 3251 1369 3301; x_wconf 81' lang='lat' dir='ltr'>terra</span> <span class='ocrx_word' id='word_1_457' title='bbox 1404 3244 1572 3315; x_wconf 82' lang='lat' dir='ltr'>(Psat.</span> <span class='ocrx_word' id='word_1_458' title='bbox 1604 3239 1802 3310; x_wconf 78' lang='lat' dir='ltr'>xxxu),</span> <span class='ocrx_word' id='word_1_459' title='bbox 1838 3256 2022 3310; x_wconf 87' lang='lat' dir='ltr'>quan-</span> 
     </span>
    </p>
   </div>
   <div class='ocr_carea' id='block_1_66' title="bbox 379 3330 2022 3420">
    <p class='ocr_par' dir='ltr' id='par_1_66' title="bbox 379 3330 2022 3420">
     <span class='ocr_line' id='line_1_66' title="bbox 379 3330 2022 3420; baseline -0.014 -15"><span class='ocrx_word' id='word_1_460' title='bbox 379 3348 692 3420; x_wconf 87' lang='lat' dir='ltr'>doquidem</span> <span class='ocrx_word' id='word_1_461' title='bbox 725 3348 847 3398; x_wconf 87' lang='lat' dir='ltr'>tam</span> <span class='ocrx_word' id='word_1_462' title='bbox 879 3337 1240 3395; x_wconf 89' lang='lat' dir='ltr'>districtione</span> <span class='ocrx_word' id='word_1_463' title='bbox 1262 3350 1435 3407; x_wconf 91' lang='lat' dir='ltr'>quam</span> <span class='ocrx_word' id='word_1_464' title='bbox 1471 3330 1681 3405; x_wconf 88' lang='lat' dir='ltr'>pietate</span> <span class='ocrx_word' id='word_1_465' title='bbox 1699 3330 1859 3386; x_wconf 90' lang='lat' dir='ltr'>salus</span> <span class='ocrx_word' id='word_1_466' title='bbox 1889 3346 2022 3383; x_wconf 89' lang='lat' dir='ltr'>con-</span> 
     </span>
    </p>
   </div>
   <div class='ocr_carea' id='block_1_67' title="bbox 379 3436 848 3494">
    <p class='ocr_par' dir='ltr' id='par_1_67' title="bbox 379 3436 848 3494">
     <span class='ocr_line' id='line_1_67' title="bbox 379 3436 848 3494; baseline -0.019 0"><span class='ocrx_word' id='word_1_467' title='bbox 379 3439 538 3494; x_wconf 89' lang='lat' dir='ltr'>sistit</span> <span class='ocrx_word' id='word_1_468' title='bbox 566 3436 848 3490; x_wconf 88' lang='lat' dir='ltr'>humana.</span> 
     </span>
    </p>
   </div>
   <div class='ocr_carea' id='block_1_68' title="bbox 449 3507 2027 3593">
    <p class='ocr_par' dir='ltr' id='par_1_68' title="bbox 449 3507 2027 3593">
     <span class='ocr_line' id='line_1_68' title="bbox 449 3507 2027 3593; baseline -0.014 -12"><span class='ocrx_word' id='word_1_469' title='bbox 449 3525 697 3581; x_wconf 87' lang='lat' dir='ltr'>Attende</span> <span class='ocrx_word' id='word_1_470' title='bbox 721 3538 856 3593; x_wconf 89' lang='lat' dir='ltr'>ergo</span> <span class='ocrx_word' id='word_1_471' title='bbox 879 3519 1026 3574; x_wconf 89' lang='lat' dir='ltr'>aeris</span> <span class='ocrx_word' id='word_1_472' title='bbox 1055 3513 1481 3586; x_wconf 86' lang='lat' dir='ltr'>intemperiem,</span> <span class='ocrx_word' id='word_1_473' title='bbox 1498 3513 1733 3576; x_wconf 78' lang='lat' dir='ltr'>famem,</span> <span class='ocrx_word' id='word_1_474' title='bbox 1759 3507 2027 3579; x_wconf 88' lang='lat' dir='ltr'>pestilen-</span> 
     </span>
    </p>
   </div>
   <div class='ocr_carea' id='block_1_69' title="bbox 377 3598 2023 3679">
    <p class='ocr_par' dir='ltr' id='par_1_69' title="bbox 377 3598 2023 3679">
     <span class='ocr_line' id='line_1_69' title="bbox 377 3598 2023 3679; baseline -0.014 -9"><span class='ocrx_word' id='word_1_475' title='bbox 377 3618 542 3679; x_wconf 89' lang='lat' dir='ltr'>tiam,</span> <span class='ocrx_word' id='word_1_476' title='bbox 569 3610 985 3667; x_wconf 85' lang='lat' dir='ltr'>mortalitatem</span> <span class='ocrx_word' id='word_1_477' title='bbox 1004 3613 1123 3659; x_wconf 87' lang='lat' dir='ltr'>tam</span> <span class='ocrx_word' id='word_1_478' title='bbox 1144 3601 1486 3658; x_wconf 85' lang='lat' dir='ltr'>animalium</span> <span class='ocrx_word' id='word_1_479' title='bbox 1503 3616 1678 3669; x_wconf 88' lang='lat' dir='ltr'>quam</span> <span class='ocrx_word' id='word_1_480' title='bbox 1697 3598 2023 3661; x_wconf 88' lang='lat' dir='ltr'>hominum,</span> 
     </span>
    </p>
   </div>
   <div class='ocr_carea' id='block_1_70' title="bbox 377 3685 2028 3761">
    <p class='ocr_par' dir='ltr' id='par_1_70' title="bbox 377 3685 2028 3761">
     <span class='ocr_line' id='line_1_70' title="bbox 377 3685 2028 3761; baseline -0.013 -1"><span class='ocrx_word' id='word_1_481' title='bbox 377 3701 773 3759; x_wconf 87' lang='lat' dir='ltr'>incursionem</span> <span class='ocrx_word' id='word_1_482' title='bbox 793 3697 1073 3761; x_wconf 82' lang='lat' dir='ltr'>hOstium,</span> <span class='ocrx_word' id='word_1_483' title='bbox 1091 3707 1411 3747; x_wconf 78' lang='lat' dir='ltr'>venenosae</span> <span class='ocrx_word' id='word_1_484' title='bbox 1436 3687 1879 3755; x_wconf 81' lang='lat' dir='ltr'>mortiferasque</span> <span class='ocrx_word' id='word_1_485' title='bbox 1903 3685 2028 3740; x_wconf 85' lang='lat' dir='ltr'>her-</span> 
     </span>
    </p>
   </div>
   <div class='ocr_carea' id='block_1_71' title="bbox 378 3779 2028 3856">
    <p class='ocr_par' dir='ltr' id='par_1_71' title="bbox 378 3779 2028 3856">
     <span class='ocr_line' id='line_1_71' title="bbox 378 3779 2028 3856; baseline -0.014 -7"><span class='ocrx_word' id='word_1_486' title='bbox 378 3795 586 3849; x_wconf 88' lang='lat' dir='ltr'>barum</span> <span class='ocrx_word' id='word_1_487' title='bbox 620 3790 793 3854; x_wconf 82' lang='lat' dir='ltr'>vires,</span> <span class='ocrx_word' id='word_1_488' title='bbox 829 3783 1208 3856; x_wconf 86' lang='lat' dir='ltr'>rapacitatem</span> <span class='ocrx_word' id='word_1_489' title='bbox 1262 3779 1536 3852; x_wconf 90' lang='lat' dir='ltr'>luporum</span> <span class='ocrx_word' id='word_1_490' title='bbox 1570 3782 2028 3844; x_wconf 58' lang='lat' dir='ltr'>ceterarumque</span> 
     </span>
    </p>
   </div>
   <div class='ocr_carea' id='block_1_72' title="bbox 378 3864 2027 3948">
    <p class='ocr_par' dir='ltr' id='par_1_72' title="bbox 378 3864 2027 3948">
     <span class='ocr_line' id='line_1_72' title="bbox 378 3864 2027 3948; baseline -0.014 -10"><span class='ocrx_word' id='word_1_491' title='bbox 378 3880 725 3948; x_wconf 87' lang='lat' dir='ltr'>bestiarum,</span> <span class='ocrx_word' id='word_1_492' title='bbox 755 3891 986 3930; x_wconf 90' lang='lat' dir='ltr'>morsus</span> <span class='ocrx_word' id='word_1_493' title='bbox 1010 3873 1370 3941; x_wconf 83' lang='lat' dir='ltr'>serpentum,</span> <span class='ocrx_word' id='word_1_494' title='bbox 1395 3868 1737 3930; x_wconf 89' lang='lat' dir='ltr'>draconum,</span> <span class='ocrx_word' id='word_1_495' title='bbox 1770 3864 2027 3934; x_wconf 86' lang='lat' dir='ltr'>scorpio-</span> 
     </span>
    </p>
   </div>
   <div class='ocr_carea' id='block_1_73' title="bbox 379 3951 2028 4036">
    <p class='ocr_par' dir='ltr' id='par_1_73' title="bbox 379 3951 2028 4036">
     <span class='ocr_line' id='line_1_73' title="bbox 379 3951 2028 4036; baseline -0.014 -10"><span class='ocrx_word' id='word_1_496' title='bbox 379 3987 545 4036; x_wconf 89' lang='lat' dir='ltr'>num,</span> <span class='ocrx_word' id='word_1_497' title='bbox 582 3980 942 4030; x_wconf 86' lang='lat' dir='ltr'>muscarum,</span> <span class='ocrx_word' id='word_1_498' title='bbox 969 3973 1335 4024; x_wconf 88' lang='lat' dir='ltr'>aranearum,</span> <span class='ocrx_word' id='word_1_499' title='bbox 1369 3953 1711 4009; x_wconf 85' lang='lat' dir='ltr'>edacitatem</span> <span class='ocrx_word' id='word_1_500' title='bbox 1744 3951 2028 4006; x_wconf 91' lang='lat' dir='ltr'>vermium</span> 
     </span>
    </p>
   </div>
   <div class='ocr_carea' id='block_1_74' title="bbox 381 4040 2028 4122">
    <p class='ocr_par' dir='ltr' id='par_1_74' title="bbox 381 4040 2028 4122">
     <span class='ocr_line' id='line_1_74' title="bbox 381 4040 2028 4122; baseline -0.012 -8"><span class='ocrx_word' id='word_1_501' title='bbox 381 4053 941 4122; x_wconf 87' lang='lat' dir='ltr'>minutorum,nobis</span> <span class='ocrx_word' id='word_1_502' title='bbox 958 4049 1179 4121; x_wconf 87' lang='lat' dir='ltr'>jugiter</span> <span class='ocrx_word' id='word_1_503' title='bbox 1199 4043 1750 4108; x_wconf 80' lang='lat' dir='ltr'>adhaerentium,seu</span> <span class='ocrx_word' id='word_1_504' title='bbox 1776 4059 1845 4095; x_wconf 84' lang='lat' dir='ltr'>ex</span> <span class='ocrx_word' id='word_1_505' title='bbox 1864 4040 2028 4095; x_wconf 90' lang='lat' dir='ltr'>nobis</span> 
     </span>
    </p>
   </div>
   <div class='ocr_carea' id='block_1_75' title="bbox 384 4132 2029 4207">
    <p class='ocr_par' dir='ltr' id='par_1_75' title="bbox 384 4132 2029 4207">
     <span class='ocr_line' id='line_1_75' title="bbox 384 4132 2029 4207; baseline -0.012 -4"><span class='ocrx_word' id='word_1_506' title='bbox 384 4146 780 4207; x_wconf 87' lang='lat' dir='ltr'>nascentium,</span> <span class='ocrx_word' id='word_1_507' title='bbox 803 4142 1083 4197; x_wconf 81' lang='lat' dir='ltr'>incertam</span> <span class='ocrx_word' id='word_1_508' title='bbox 1116 4142 1173 4192; x_wconf 90' lang='lat' dir='ltr'>et</span> <span class='ocrx_word' id='word_1_509' title='bbox 1214 4133 1511 4190; x_wconf 73' lang='lat' dir='ltr'>difficilem</span> <span class='ocrx_word' id='word_1_510' title='bbox 1544 4132 1794 4203; x_wconf 88' lang='lat' dir='ltr'>piscium</span> <span class='ocrx_word' id='word_1_511' title='bbox 1827 4138 2029 4201; x_wconf 87' lang='lat' dir='ltr'>captu-</span> 
     </span>
    </p>
   </div>
   <div class='ocr_carea' id='block_1_76' title="bbox 384 4219 2030 4302">
    <p class='ocr_par' dir='ltr' id='par_1_76' title="bbox 384 4219 2030 4302">
     <span class='ocr_line' id='line_1_76' title="bbox 384 4219 2030 4302; baseline -0.011 -11"><span class='ocrx_word' id='word_1_512' title='bbox 384 4253 530 4302; x_wconf 89' lang='lat' dir='ltr'>ram,</span> <span class='ocrx_word' id='word_1_513' title='bbox 562 4234 822 4289; x_wconf 86' lang='lat' dir='ltr'>locorum</span> <span class='ocrx_word' id='word_1_514' title='bbox 874 4226 1214 4302; x_wconf 65' lang='lat' dir='ltr'>praecipitia,</span> <span class='ocrx_word' id='word_1_515' title='bbox 1248 4223 1567 4278; x_wconf 89' lang='lat' dir='ltr'>multarum</span> <span class='ocrx_word' id='word_1_516' title='bbox 1602 4219 2030 4275; x_wconf 88' lang='lat' dir='ltr'>demersionem</span> 
     </span>
    </p>
   </div>
   <div class='ocr_carea' id='block_1_77' title="bbox 385 4309 2031 4394">
    <p class='ocr_par' dir='ltr' id='par_1_77' title="bbox 385 4309 2031 4394">
     <span class='ocr_line' id='line_1_77' title="bbox 385 4309 2031 4394; baseline -0.012 -14"><span class='ocrx_word' id='word_1_517' title='bbox 385 4323 646 4393; x_wconf 90' lang='lat' dir='ltr'>navium,</span> <span class='ocrx_word' id='word_1_518' title='bbox 661 4322 812 4394; x_wconf 88' lang='lat' dir='ltr'>ignis</span> <span class='ocrx_word' id='word_1_519' title='bbox 826 4319 1212 4380; x_wconf 81' lang='lat' dir='ltr'>exustionem,</span> <span class='ocrx_word' id='word_1_520' title='bbox 1228 4328 1512 4384; x_wconf 88' lang='lat' dir='ltr'>aquarum</span> <span class='ocrx_word' id='word_1_521' title='bbox 1528 4309 1939 4364; x_wconf 87' lang='lat' dir='ltr'>inundantium</span> <span class='ocrx_word' id='word_1_522' title='bbox 1955 4309 2031 4362; x_wconf 83' lang='lat' dir='ltr'>ir-</span> 
     </span>
    </p>
   </div>
   <div class='ocr_carea' id='block_1_78' title="bbox 385 4398 2032 4486">
    <p class='ocr_par' dir='ltr' id='par_1_78' title="bbox 385 4398 2032 4486">
     <span class='ocr_line' id='line_1_78' title="bbox 385 4398 2032 4486; baseline -0.012 -16"><span class='ocrx_word' id='word_1_523' title='bbox 385 4409 979 4486; x_wconf 83' lang='lat' dir='ltr'>ruptionem,inﬁnita</span> <span class='ocrx_word' id='word_1_524' title='bbox 1000 4401 1440 4479; x_wconf 88' lang='lat' dir='ltr'>paupertatis,et</span> <span class='ocrx_word' id='word_1_525' title='bbox 1460 4398 1818 4454; x_wconf 81' lang='lat' dir='ltr'>inﬁrmitatis</span> <span class='ocrx_word' id='word_1_526' title='bbox 1841 4404 1896 4452; x_wconf 90' lang='lat' dir='ltr'>et</span> <span class='ocrx_word' id='word_1_527' title='bbox 1919 4399 2032 4452; x_wconf 87' lang='lat' dir='ltr'>t&#39;ra-</span> 
     </span>
    </p>
   </div>
   <div class='ocr_carea' id='block_1_79' title="bbox 387 4487 2111 4582">
    <p class='ocr_par' dir='ltr' id='par_1_79' title="bbox 387 4487 2111 4582">
     <span class='ocr_line' id='line_1_79' title="bbox 387 4487 2111 4582; baseline -0.011 -23"><span class='ocrx_word' id='word_1_528' title='bbox 387 4501 913 4577; x_wconf 74' lang='lat' dir='ltr'>gilitatishumana:</span> <span class='ocrx_word' id='word_1_529' title='bbox 929 4499 1275 4560; x_wconf 88' lang='lat' dir='ltr'>damna,nec</span> <span class='ocrx_word' id='word_1_530' title='bbox 1295 4507 1406 4544; x_wconf 88' lang='lat' dir='ltr'>non</span> <span class='ocrx_word' id='word_1_531' title='bbox 1424 4488 1752 4561; x_wconf 89' lang='lat' dir='ltr'>principum</span> <span class='ocrx_word' id='word_1_532' title='bbox 1787 4487 2030 4559; x_wconf 85' lang='lat' dir='ltr'>pravita-</span> <span class='ocrx_word' id='word_1_533' title='bbox 2063 4517 2111 4582; x_wconf 71' lang='grc' dir='ltr'><strong>Β</strong></span> 
     </span>
    </p>
   </div>
   <div class='ocr_carea' id='block_1_80' title="bbox 382 4576 2031 4660">
    <p class='ocr_par' dir='ltr' id='par_1_80' title="bbox 382 4576 2031 4660">
     <span class='ocr_line' id='line_1_80' title="bbox 382 4576 2031 4660; baseline -0.012 -11"><span class='ocrx_word' id='word_1_534' title='bbox 382 4576 530 4660; x_wconf 77' lang='lat' dir='ltr'>tem;</span> <span class='ocrx_word' id='word_1_535' title='bbox 556 4579 1582 4660; x_wconf 58' lang='lat' dir='ltr'>haec,inquam,omniaattende,etin</span> <span class='ocrx_word' id='word_1_536' title='bbox 1606 4576 1920 4648; x_wconf 85' lang='lat' dir='ltr'>bisjudicii</span> <span class='ocrx_word' id='word_1_537' title='bbox 1945 4577 2031 4630; x_wconf 93' lang='lat' dir='ltr'>di-</span> 
     </span>
    </p>
   </div>
   <div class='ocr_carea' id='block_1_81' title="bbox 379 4665 2031 4748">
    <p class='ocr_par' dir='ltr' id='par_1_81' title="bbox 379 4665 2031 4748">
     <span class='ocr_line' id='line_1_81' title="bbox 379 4665 2031 4748; baseline -0.011 -10"><span class='ocrx_word' id='word_1_538' title='bbox 379 4683 496 4738; x_wconf 90' lang='lat' dir='ltr'>vini</span> <span class='ocrx_word' id='word_1_539' title='bbox 511 4680 875 4737; x_wconf 86' lang='lat' dir='ltr'>severitatem</span> <span class='ocrx_word' id='word_1_540' title='bbox 890 4678 962 4732; x_wconf 91' lang='lat' dir='ltr'>ob</span> <span class='ocrx_word' id='word_1_541' title='bbox 979 4677 1281 4748; x_wconf 88' lang='lat' dir='ltr'>peccatoru</span> <span class='ocrx_word' id='word_1_542' title='bbox 1293 4686 1346 4724; x_wconf 94' lang='lat' dir='ltr'>m</span> <span class='ocrx_word' id='word_1_543' title='bbox 1364 4675 1697 4722; x_wconf 89' lang='lat' dir='ltr'>nostrorum</span> <span class='ocrx_word' id='word_1_544' title='bbox 1715 4667 1921 4720; x_wconf 87' lang='lat' dir='ltr'>merita</span> <span class='ocrx_word' id='word_1_545' title='bbox 1934 4665 2031 4720; x_wconf 91' lang='lat' dir='ltr'>de-</span> 
     </span>
    </p>
   </div>
   <div class='ocr_carea' id='block_1_82' title="bbox 381 4760 2032 4837">
    <p class='ocr_par' dir='ltr' id='par_1_82' title="bbox 381 4760 2032 4837">
     <span class='ocr_line' id='line_1_82' title="bbox 381 4760 2032 4837; baseline -0.01 -10"><span class='ocrx_word' id='word_1_546' title='bbox 381 4770 766 4828; x_wconf 87' lang='lat' dir='ltr'>monstranda</span> <span class='ocrx_word' id='word_1_547' title='bbox 788 4773 844 4823; x_wconf 91' lang='lat' dir='ltr'>et</span> <span class='ocrx_word' id='word_1_548' title='bbox 872 4762 1296 4837; x_wconf 85' lang='lat' dir='ltr'>compescenda</span> <span class='ocrx_word' id='word_1_549' title='bbox 1325 4760 2032 4827; x_wconf 81' lang='lat' dir='ltr'>iutonantcm,cognosce,</span> 
     </span>
    </p>
   </div>
   <div class='ocr_carea' id='block_1_83' title="bbox 382 4847 2036 4929">
    <p class='ocr_par' dir='ltr' id='par_1_83' title="bbox 382 4847 2036 4929">
     <span class='ocr_line' id='line_1_83' title="bbox 382 4847 2036 4929; baseline -0.011 -13"><span class='ocrx_word' id='word_1_550' title='bbox 382 4863 535 4917; x_wconf 88' lang='lat' dir='ltr'>sicut</span> <span class='ocrx_word' id='word_1_551' title='bbox 553 4859 838 4929; x_wconf 83' lang='lat' dir='ltr'>scriptum</span> <span class='ocrx_word' id='word_1_552' title='bbox 860 4862 977 4911; x_wconf 89' lang='lat' dir='ltr'>est:</span> <span class='ocrx_word' id='word_1_553' title='bbox 995 4852 1270 4924; x_wconf 82' lang='lat' dir='ltr'>Pugnabit</span> <span class='ocrx_word' id='word_1_554' title='bbox 1293 4849 1441 4904; x_wconf 81' lang='lat' dir='ltr'>orbis</span> <span class='ocrx_word' id='word_1_555' title='bbox 1459 4856 1729 4902; x_wconf 84' lang='lat' dir='ltr'>terrarum</span> <span class='ocrx_word' id='word_1_556' title='bbox 1751 4849 1939 4900; x_wconf 87' lang='lat' dir='ltr'>contra</span> <span class='ocrx_word' id='word_1_557' title='bbox 1957 4847 2036 4899; x_wconf 82' lang='lat' dir='ltr'>in-</span> 
     </span>
    </p>
   </div>
   <div class='ocr_carea' id='block_1_84' title="bbox 381 4937 2037 5016">
    <p class='ocr_par' dir='ltr' id='par_1_84' title="bbox 381 4937 2037 5016">
     <span class='ocr_line' id='line_1_84' title="bbox 381 4937 2037 5016; baseline -0.01 -11"><span class='ocrx_word' id='word_1_558' title='bbox 381 4951 629 5005; x_wconf 79' lang='lat' dir='ltr'>sensatos</span> <span class='ocrx_word' id='word_1_559' title='bbox 653 4946 801 5016; x_wconf 85' lang='lat' dir='ltr'>(Sap.</span> <span class='ocrx_word' id='word_1_560' title='bbox 828 4945 900 5014; x_wconf 91' lang='lat' dir='ltr'>v).</span> <span class='ocrx_word' id='word_1_561' title='bbox 935 4944 1004 4997; x_wconf 90' lang='lat' dir='ltr'>Et</span> <span class='ocrx_word' id='word_1_562' title='bbox 1032 4957 1270 4996; x_wconf 88' lang='lat' dir='ltr'>rursum</span> <span class='ocrx_word' id='word_1_563' title='bbox 1298 4957 1308 4994; x_wconf 94' lang='lat'>:</span> <span class='ocrx_word' id='word_1_564' title='bbox 1340 4938 1630 4993; x_wconf 81' lang='lat' dir='ltr'>Revetatur</span> <span class='ocrx_word' id='word_1_565' title='bbox 1654 4938 1738 4990; x_wconf 85' lang='lat' dir='ltr'>ira</span> <span class='ocrx_word' id='word_1_566' title='bbox 1759 4937 1854 4990; x_wconf 86' lang='lat' dir='ltr'>Dei</span> <span class='ocrx_word' id='word_1_567' title='bbox 1872 4951 2037 5006; x_wconf 82' lang='lat' dir='ltr'>super</span> 
     </span>
    </p>
   </div>
   <div class='ocr_carea' id='block_1_85' title="bbox 385 5025 2032 5106">
    <p class='ocr_par' dir='ltr' id='par_1_85' title="bbox 385 5025 2032 5106">
     <span class='ocr_line' id='line_1_85' title="bbox 385 5025 2032 5106; baseline -0.012 -10"><span class='ocrx_word' id='word_1_568' title='bbox 385 5054 601 5096; x_wconf 83' lang='lat' dir='ltr'>omnem</span> <span class='ocrx_word' id='word_1_569' title='bbox 631 5036 965 5106; x_wconf 79' lang='lat' dir='ltr'>impietatem</span> <span class='ocrx_word' id='word_1_570' title='bbox 994 5035 1045 5085; x_wconf 86' lang='lat' dir='ltr'>et</span> <span class='ocrx_word' id='word_1_571' title='bbox 1085 5030 1419 5101; x_wconf 85' lang='lat' dir='ltr'>injustitiam</span> <span class='ocrx_word' id='word_1_572' title='bbox 1447 5027 1734 5081; x_wconf 84' lang='lat' dir='ltr'>hominum</span> <span class='ocrx_word' id='word_1_573' title='bbox 1766 5026 1935 5096; x_wconf 78' lang='lat' dir='ltr'>(Rom.</span> <span class='ocrx_word' id='word_1_574' title='bbox 1971 5025 2032 5094; x_wconf 88' lang='lat'>1).</span> 
     </span>
    </p>
   </div>
   <div class='ocr_carea' id='block_1_86' title="bbox 459 5113 2034 5193">
    <p class='ocr_par' dir='ltr' id='par_1_86' title="bbox 459 5113 2034 5193">
     <span class='ocr_line' id='line_1_86' title="bbox 459 5113 2034 5193; baseline -0.011 -11"><span class='ocrx_word' id='word_1_575' title='bbox 459 5129 715 5193; x_wconf 89' lang='lat' dir='ltr'>Quorum</span> <span class='ocrx_word' id='word_1_576' title='bbox 749 5130 967 5178; x_wconf 87' lang='lat' dir='ltr'>terrore</span> <span class='ocrx_word' id='word_1_577' title='bbox 988 5121 1126 5192; x_wconf 87' lang='lat' dir='ltr'>quia</span> <span class='ocrx_word' id='word_1_578' title='bbox 1157 5120 1225 5174; x_wconf 92' lang='lat' dir='ltr'>ad</span> <span class='ocrx_word' id='word_1_579' title='bbox 1255 5119 1526 5173; x_wconf 87' lang='lat' dir='ltr'>timorem</span> <span class='ocrx_word' id='word_1_580' title='bbox 1550 5115 1785 5187; x_wconf 90' lang='lat' dir='ltr'>Dei,qui</span> <span class='ocrx_word' id='word_1_581' title='bbox 1817 5120 1904 5168; x_wconf 90' lang='lat' dir='ltr'>est</span> <span class='ocrx_word' id='word_1_582' title='bbox 1927 5113 2034 5166; x_wconf 89' lang='lat' dir='ltr'>ini-</span> 
     </span>
    </p>
   </div>
   <div class='ocr_carea' id='block_1_87' title="bbox 384 5205 2037 5278">
    <p class='ocr_par' dir='ltr' id='par_1_87' title="bbox 384 5205 2037 5278">
     <span class='ocr_line' id='line_1_87' title="bbox 384 5205 2037 5278; baseline -0.01 -6"><span class='ocrx_word' id='word_1_583' title='bbox 384 5217 532 5273; x_wconf 88' lang='lat' dir='ltr'>tium</span> <span class='ocrx_word' id='word_1_584' title='bbox 553 5213 762 5270; x_wconf 86' lang='lat' dir='ltr'>salutis</span> <span class='ocrx_word' id='word_1_585' title='bbox 783 5209 1390 5278; x_wconf 68' lang='lat' dir='ltr'>nostrae,solummodo</span> <span class='ocrx_word' id='word_1_586' title='bbox 1415 5205 1783 5274; x_wconf 89' lang='lat' dir='ltr'>instruimur,</span> <span class='ocrx_word' id='word_1_587' title='bbox 1801 5219 2037 5258; x_wconf 85' lang='lat' dir='ltr'>necesse</span> 
     </span>
    </p>
   </div>
   <div class='ocr_carea' id='block_1_88' title="bbox 382 5291 2038 5369">
    <p class='ocr_par' dir='ltr' id='par_1_88' title="bbox 382 5291 2038 5369">
     <span class='ocr_line' id='line_1_88' title="bbox 382 5291 2038 5369; baseline -0.009 -8"><span class='ocrx_word' id='word_1_588' title='bbox 382 5312 470 5363; x_wconf 90' lang='lat' dir='ltr'>est</span> <span class='ocrx_word' id='word_1_589' title='bbox 501 5310 564 5359; x_wconf 90' lang='lat' dir='ltr'>ut</span> <span class='ocrx_word' id='word_1_590' title='bbox 592 5303 768 5358; x_wconf 87' lang='lat' dir='ltr'>etiam</span> <span class='ocrx_word' id='word_1_591' title='bbox 795 5317 862 5356; x_wconf 89' lang='lat' dir='ltr'>ea</span> <span class='ocrx_word' id='word_1_592' title='bbox 888 5299 1156 5354; x_wconf 86' lang='lat' dir='ltr'>attendas</span> <span class='ocrx_word' id='word_1_593' title='bbox 1181 5297 1397 5369; x_wconf 90' lang='lat' dir='ltr'>quibus</span> <span class='ocrx_word' id='word_1_594' title='bbox 1421 5296 1491 5350; x_wconf 90' lang='lat' dir='ltr'>ad</span> <span class='ocrx_word' id='word_1_595' title='bbox 1521 5309 1779 5348; x_wconf 90' lang='lat' dir='ltr'>amorem</span> <span class='ocrx_word' id='word_1_596' title='bbox 1804 5291 1903 5346; x_wconf 86' lang='lat' dir='ltr'>Dei</span> <span class='ocrx_word' id='word_1_597' title='bbox 1928 5297 2038 5346; x_wconf 89' lang='lat' dir='ltr'>tra-</span> 
     </span>
    </p>
   </div>
   <div class='ocr_carea' id='block_1_89' title="bbox 381 5381 2038 5461">
    <p class='ocr_par' dir='ltr' id='par_1_89' title="bbox 381 5381 2038 5461">
     <span class='ocr_line' id='line_1_89' title="bbox 381 5381 2038 5461; baseline -0.008 -10"><span class='ocrx_word' id='word_1_598' title='bbox 381 5395 604 5461; x_wconf 87' lang='lat' dir='ltr'>himur,</span> <span class='ocrx_word' id='word_1_599' title='bbox 633 5393 688 5446; x_wconf 91' lang='lat' dir='ltr'>id</span> <span class='ocrx_word' id='word_1_600' title='bbox 715 5395 825 5458; x_wconf 88' lang='lat' dir='ltr'>est,</span> <span class='ocrx_word' id='word_1_601' title='bbox 844 5391 994 5445; x_wconf 88' lang='lat' dir='ltr'>aeris</span> <span class='ocrx_word' id='word_1_602' title='bbox 1017 5387 1622 5460; x_wconf 83' lang='lat' dir='ltr'>temperiem,t‘rugum</span> <span class='ocrx_word' id='word_1_603' title='bbox 1647 5381 2038 5454; x_wconf 88' lang='lat' dir='ltr'>copiam,cor-</span> 
     </span>
    </p>
   </div>
   <div class='ocr_carea' id='block_1_90' title="bbox 385 5471 2039 5559">
    <p class='ocr_par' dir='ltr' id='par_1_90' title="bbox 385 5471 2039 5559">
     <span class='ocr_line' id='line_1_90' title="bbox 385 5471 2039 5559; baseline -0.008 -19"><span class='ocrx_word' id='word_1_604' title='bbox 385 5500 592 5559; x_wconf 88' lang='lat' dir='ltr'>porum</span> <span class='ocrx_word' id='word_1_605' title='bbox 627 5480 961 5546; x_wconf 87' lang='lat' dir='ltr'>sanitatem,</span> <span class='ocrx_word' id='word_1_606' title='bbox 995 5478 1154 5552; x_wconf 87' lang='lat' dir='ltr'>pacis</span> <span class='ocrx_word' id='word_1_607' title='bbox 1196 5476 1498 5550; x_wconf 84' lang='lat' dir='ltr'>gaudium,</span> <span class='ocrx_word' id='word_1_608' title='bbox 1533 5471 1786 5544; x_wconf 88' lang='lat' dir='ltr'>plurima</span> <span class='ocrx_word' id='word_1_609' title='bbox 1816 5473 2039 5528; x_wconf 84' lang='lat' dir='ltr'>saluta-</span> 
     </span>
    </p>
   </div>
   <div class='ocr_carea' id='block_1_91' title="bbox 386 5561 2042 5642">
    <p class='ocr_par' dir='ltr' id='par_1_91' title="bbox 386 5561 2042 5642">
     <span class='ocr_line' id='line_1_91' title="bbox 386 5561 2042 5642; baseline -0.007 -11"><span class='ocrx_word' id='word_1_610' title='bbox 386 5574 544 5642; x_wconf 82' lang='lat' dir='ltr'>rium</span> <span class='ocrx_word' id='word_1_611' title='bbox 557 5571 877 5631; x_wconf 86' lang='lat' dir='ltr'>herbarum</span> <span class='ocrx_word' id='word_1_612' title='bbox 904 5569 1570 5642; x_wconf 86' lang='lat' dir='ltr'>medicamenta,oanum</span> <span class='ocrx_word' id='word_1_613' title='bbox 1594 5561 1827 5636; x_wconf 82' lang='lat' dir='ltr'>vigilem</span> <span class='ocrx_word' id='word_1_614' title='bbox 1851 5569 2042 5622; x_wconf 86' lang='lat' dir='ltr'>custo-</span> 
     </span>
    </p>
   </div>
   <div class='ocr_carea' id='block_1_92' title="bbox 2130 3229 3775 3304">
    <p class='ocr_par' dir='ltr' id='par_1_92' title="bbox 2130 3229 3775 3304">
     <span class='ocr_line' id='line_1_92' title="bbox 2130 3229 3775 3304; baseline -0.008 -8"><span class='ocrx_word' id='word_1_615' title='bbox 2130 3243 2275 3296; x_wconf 76' lang='lat' dir='ltr'>vinze</span> <span class='ocrx_word' id='word_1_616' title='bbox 2307 3239 2548 3295; x_wconf 90' lang='lat' dir='ltr'>consilio</span> <span class='ocrx_word' id='word_1_617' title='bbox 2573 3238 2768 3291; x_wconf 90' lang='lat' dir='ltr'>minus</span> <span class='ocrx_word' id='word_1_618' title='bbox 2800 3251 3129 3290; x_wconf 90' lang='lat' dir='ltr'>causemur.</span> <span class='ocrx_word' id='word_1_619' title='bbox 3161 3233 3303 3288; x_wconf 89' lang='lat' dir='ltr'>Nam</span> <span class='ocrx_word' id='word_1_620' title='bbox 3337 3233 3492 3304; x_wconf 91' lang='lat' dir='ltr'>quod</span> <span class='ocrx_word' id='word_1_621' title='bbox 3527 3249 3636 3286; x_wconf 90' lang='lat' dir='ltr'>non</span> <span class='ocrx_word' id='word_1_622' title='bbox 3669 3229 3775 3284; x_wconf 88' lang='lat' dir='ltr'>ha-</span> 
     </span>
    </p>
   </div>
   <div class='ocr_carea' id='block_1_93' title="bbox 2134 3319 3777 3399">
    <p class='ocr_par' dir='ltr' id='par_1_93' title="bbox 2134 3319 3777 3399">
     <span class='ocr_line' id='line_1_93' title="bbox 2134 3319 3777 3399; baseline -0.007 -14"><span class='ocrx_word' id='word_1_623' title='bbox 2134 3332 2361 3397; x_wconf 86' lang='lat' dir='ltr'>bemus,</span> <span class='ocrx_word' id='word_1_624' title='bbox 2386 3326 2787 3399; x_wconf 87' lang='lat' dir='ltr'>justojudicio</span> <span class='ocrx_word' id='word_1_625' title='bbox 2810 3325 2907 3379; x_wconf 89' lang='lat' dir='ltr'>Dei</span> <span class='ocrx_word' id='word_1_626' title='bbox 2933 3343 2947 3392; x_wconf 90' lang='lat'><strong>;</strong></span> <span class='ocrx_word' id='word_1_627' title='bbox 2982 3324 3136 3395; x_wconf 91' lang='lat' dir='ltr'>quod</span> <span class='ocrx_word' id='word_1_628' title='bbox 3162 3338 3295 3377; x_wconf 89' lang='lat' dir='ltr'>vero</span> <span class='ocrx_word' id='word_1_629' title='bbox 3322 3322 3626 3388; x_wconf 88' lang='lat' dir='ltr'>habemus,</span> <span class='ocrx_word' id='word_1_630' title='bbox 3659 3319 3777 3392; x_wconf 91' lang='lat' dir='ltr'>pie-</span> 
     </span>
    </p>
   </div>
   <div class='ocr_carea' id='block_1_94' title="bbox 2129 3411 3410 3474">
    <p class='ocr_par' dir='ltr' id='par_1_94' title="bbox 2129 3411 3410 3474">
     <span class='ocr_line' id='line_1_94' title="bbox 2129 3411 3410 3474; baseline -0.005 0"><span class='ocrx_word' id='word_1_631' title='bbox 2129 3420 2232 3474; x_wconf 86' lang='lat' dir='ltr'>tati</span> <span class='ocrx_word' id='word_1_632' title='bbox 2263 3417 2632 3473; x_wconf 86' lang='lat' dir='ltr'>solummodo</span> <span class='ocrx_word' id='word_1_633' title='bbox 2664 3414 2871 3469; x_wconf 73' lang='lat' dir='ltr'>divinzc</span> <span class='ocrx_word' id='word_1_634' title='bbox 2903 3411 3273 3468; x_wconf 82' lang='lat' dir='ltr'>referendum</span> <span class='ocrx_word' id='word_1_635' title='bbox 3305 3417 3410 3467; x_wconf 90' lang='lat' dir='ltr'>est.</span> 
     </span>
    </p>
   </div>
   <div class='ocr_carea' id='block_1_95' title="bbox 2784 3519 3120 3577">
    <p class='ocr_par' dir='ltr' id='par_1_95' title="bbox 2784 3519 3120 3577">
     <span class='ocr_line' id='line_1_95' title="bbox 2784 3519 3120 3577; baseline -0.006 0"><span class='ocrx_word' id='word_1_636' title='bbox 2784 3519 3011 3577; x_wconf 80' lang='lat' dir='ltr'>CAPUT</span> <span class='ocrx_word' id='word_1_637' title='bbox 3052 3523 3120 3575; x_wconf 84' lang='lat' dir='ltr'>X.</span> 
     </span>
    </p>
   </div>
   <div class='ocr_carea' id='block_1_96' title="bbox 2135 3607 3783 3679">
    <p class='ocr_par' dir='ltr' id='par_1_96' title="bbox 2135 3607 3783 3679">
     <span class='ocr_line' id='line_1_96' title="bbox 2135 3607 3783 3679; baseline -0.007 -9"><span class='ocrx_word' id='word_1_638' title='bbox 2135 3617 2198 3670; x_wconf 86' lang='lat' dir='ltr'>In</span> <span class='ocrx_word' id='word_1_639' title='bbox 2224 3623 2447 3671; x_wconf 61' lang='lat' dir='ltr'>aeternis</span> <span class='ocrx_word' id='word_1_640' title='bbox 2495 3613 2878 3666; x_wconf 84' lang='lat' dir='ltr'>damnatorum</span> <span class='ocrx_word' id='word_1_641' title='bbox 2913 3607 3198 3679; x_wconf 83' lang='lat' dir='ltr'>suppliciis</span> <span class='ocrx_word' id='word_1_642' title='bbox 3245 3611 3294 3662; x_wconf 91' lang='lat' dir='ltr'>et</span> <span class='ocrx_word' id='word_1_643' title='bbox 3344 3607 3620 3679; x_wconf 80' lang='lat' dir='ltr'>beatorum</span> <span class='ocrx_word' id='word_1_644' title='bbox 3649 3620 3783 3674; x_wconf 82' lang='lat' dir='ltr'>gau-</span> 
     </span>
    </p>
   </div>
   <div class='ocr_carea' id='block_1_97' title="bbox 2327 3678 3588 3750">
    <p class='ocr_par' dir='ltr' id='par_1_97' title="bbox 2327 3678 3588 3750">
     <span class='ocr_line' id='line_1_97' title="bbox 2327 3678 3588 3750; baseline -0.007 -10"><span class='ocrx_word' id='word_1_645' title='bbox 2327 3687 2432 3740; x_wconf 84' lang='lat' dir='ltr'>diis</span> <span class='ocrx_word' id='word_1_646' title='bbox 2461 3685 2650 3739; x_wconf 69' lang='lat' dir='ltr'>etutem</span> <span class='ocrx_word' id='word_1_647' title='bbox 2679 3684 2776 3737; x_wconf 90' lang='lat' dir='ltr'>Dei</span> <span class='ocrx_word' id='word_1_648' title='bbox 2802 3678 3062 3737; x_wconf 77' lang='lat' dir='ltr'>severitas</span> <span class='ocrx_word' id='word_1_649' title='bbox 3093 3688 3142 3735; x_wconf 86' lang='lat' dir='ltr'>et</span> <span class='ocrx_word' id='word_1_650' title='bbox 3169 3681 3340 3750; x_wconf 82' lang='lat' dir='ltr'>pietas</span> <span class='ocrx_word' id='word_1_651' title='bbox 3369 3678 3588 3734; x_wconf 77' lang='lat' dir='ltr'>relucet.</span> 
     </span>
    </p>
   </div>
   <div class='ocr_carea' id='block_1_98' title="bbox 2211 3764 3791 3842">
    <p class='ocr_par' dir='ltr' id='par_1_98' title="bbox 2211 3764 3791 3842">
     <span class='ocr_line' id='line_1_98' title="bbox 2211 3764 3791 3842; baseline -0.006 -12"><span class='ocrx_word' id='word_1_652' title='bbox 2211 3776 2403 3829; x_wconf 82' lang='lat' dir='ltr'>Potest</span> <span class='ocrx_word' id='word_1_653' title='bbox 2453 3773 2643 3828; x_wconf 88' lang='lat' dir='ltr'>adhuc</span> <span class='ocrx_word' id='word_1_654' title='bbox 2695 3770 2785 3842; x_wconf 89' lang='lat' dir='ltr'>agi</span> <span class='ocrx_word' id='word_1_655' title='bbox 2833 3786 3048 3841; x_wconf 89' lang='lat' dir='ltr'>magna</span> <span class='ocrx_word' id='word_1_656' title='bbox 3095 3767 3346 3833; x_wconf 88' lang='lat' dir='ltr'>collatio,</span> <span class='ocrx_word' id='word_1_657' title='bbox 3378 3782 3506 3837; x_wconf 67' lang='lat' dir='ltr'>quas</span> <span class='ocrx_word' id='word_1_658' title='bbox 3556 3764 3791 3820; x_wconf 88' lang='lat' dir='ltr'>videtur</span> 
     </span>
    </p>
   </div>
   <div class='ocr_carea' id='block_1_99' title="bbox 2137 3855 3789 3922">
    <p class='ocr_par' dir='ltr' id='par_1_99' title="bbox 2137 3855 3789 3922">
     <span class='ocr_line' id='line_1_99' title="bbox 2137 3855 3789 3922; baseline -0.007 -2"><span class='ocrx_word' id='word_1_659' title='bbox 2137 3865 2312 3920; x_wconf 88' lang='lat' dir='ltr'>etiam</span> <span class='ocrx_word' id='word_1_660' title='bbox 2344 3862 2609 3918; x_wconf 89' lang='lat' dir='ltr'>omnium</span> <span class='ocrx_word' id='word_1_661' title='bbox 2643 3859 2958 3922; x_wconf 88' lang='lat' dir='ltr'>conclusio,</span> <span class='ocrx_word' id='word_1_662' title='bbox 2993 3859 3042 3913; x_wconf 91' lang='lat' dir='ltr'>si</span> <span class='ocrx_word' id='word_1_663' title='bbox 3075 3856 3286 3912; x_wconf 77' lang='lat' dir='ltr'>inferni</span> <span class='ocrx_word' id='word_1_664' title='bbox 3317 3855 3540 3910; x_wconf 89' lang='lat' dir='ltr'>scilicet</span> <span class='ocrx_word' id='word_1_665' title='bbox 3571 3859 3789 3910; x_wconf 62' lang='lat' dir='ltr'>aterna</span> 
     </span>
    </p>
   </div>
   <div class='ocr_carea' id='block_1_100' title="bbox 2139 3945 3788 4024">
    <p class='ocr_par' dir='ltr' id='par_1_100' title="bbox 2139 3945 3788 4024">
     <span class='ocr_line' id='line_1_100' title="bbox 2139 3945 3788 4024; baseline -0.005 -17"><span class='ocrx_word' id='word_1_666' title='bbox 2139 3951 2445 4024; x_wconf 83' lang='lat' dir='ltr'>supplicia,</span> <span class='ocrx_word' id='word_1_667' title='bbox 2479 3955 2536 4005; x_wconf 91' lang='lat' dir='ltr'>et</span> <span class='ocrx_word' id='word_1_668' title='bbox 2579 3949 2736 4021; x_wconf 88' lang='lat' dir='ltr'>regni</span> <span class='ocrx_word' id='word_1_669' title='bbox 2787 3946 3035 4003; x_wconf 59' lang='lat' dir='ltr'>caelestis</span> <span class='ocrx_word' id='word_1_670' title='bbox 3085 3946 3383 4002; x_wconf 90' lang='lat' dir='ltr'>beatitudo</span> <span class='ocrx_word' id='word_1_671' title='bbox 3434 3945 3788 4016; x_wconf 89' lang='lat' dir='ltr'>sempiterna</span> 
     </span>
    </p>
   </div>
   <div class='ocr_carea' id='block_1_101' title="bbox 2140 4033 3788 4108">
    <p class='ocr_par' dir='ltr' id='par_1_101' title="bbox 2140 4033 3788 4108">
     <span class='ocr_line' id='line_1_101' title="bbox 2140 4033 3788 4108; baseline -0.006 -11"><span class='ocrx_word' id='word_1_672' title='bbox 2140 4045 2534 4097; x_wconf 79' lang='lat' dir='ltr'>conferantur.</span> <span class='ocrx_word' id='word_1_673' title='bbox 2569 4041 2704 4103; x_wconf 68' lang='lat' dir='ltr'>Qua:</span> <span class='ocrx_word' id='word_1_674' title='bbox 2739 4043 2986 4108; x_wconf 87' lang='lat' dir='ltr'>utraque</span> <span class='ocrx_word' id='word_1_675' title='bbox 3017 4035 3140 4091; x_wconf 89' lang='lat' dir='ltr'>sine</span> <span class='ocrx_word' id='word_1_676' title='bbox 3184 4035 3298 4090; x_wconf 86' lang='lat' dir='ltr'>ﬁne</span> <span class='ocrx_word' id='word_1_677' title='bbox 3327 4033 3540 4089; x_wconf 91' lang='lat' dir='ltr'>idcirco</span> <span class='ocrx_word' id='word_1_678' title='bbox 3573 4033 3788 4105; x_wconf 87' lang='lat' dir='ltr'>pariter</span> 
     </span>
    </p>
   </div>
   <div class='ocr_carea' id='block_1_102' title="bbox 2141 4122 3788 4203">
    <p class='ocr_par' dir='ltr' id='par_1_102' title="bbox 2141 4122 3788 4203">
     <span class='ocr_line' id='line_1_102' title="bbox 2141 4122 3788 4203; baseline -0.007 -16"><span class='ocrx_word' id='word_1_679' title='bbox 2141 4147 2528 4203; x_wconf 85' lang='lat' dir='ltr'>permansura</span> <span class='ocrx_word' id='word_1_680' title='bbox 2570 4145 2697 4183; x_wconf 89' lang='lat' dir='ltr'>esse</span> <span class='ocrx_word' id='word_1_681' title='bbox 2746 4127 2937 4194; x_wconf 89' lang='lat' dir='ltr'>credo,</span> <span class='ocrx_word' id='word_1_682' title='bbox 2974 4131 3057 4192; x_wconf 90' lang='lat' dir='ltr'>ut,</span> <span class='ocrx_word' id='word_1_683' title='bbox 3111 4126 3262 4180; x_wconf 90' lang='lat' dir='ltr'>sicut</span> <span class='ocrx_word' id='word_1_684' title='bbox 3309 4123 3611 4195; x_wconf 71' lang='lat' dir='ltr'>praesentis</span> <span class='ocrx_word' id='word_1_685' title='bbox 3659 4122 3788 4176; x_wconf 58' lang='lat' dir='ltr'>vitae</span> 
     </span>
    </p>
   </div>
   <div class='ocr_carea' id='block_1_103' title="bbox 2142 4215 3786 4289">
    <p class='ocr_par' dir='ltr' id='par_1_103' title="bbox 2142 4215 3786 4289">
     <span class='ocr_line' id='line_1_103' title="bbox 2142 4215 3786 4289; baseline -0.006 -14"><span class='ocrx_word' id='word_1_686' title='bbox 2142 4223 2313 4289; x_wconf 91' lang='lat' dir='ltr'>dona,</span> <span class='ocrx_word' id='word_1_687' title='bbox 2339 4219 2647 4274; x_wconf 88' lang='lat' dir='ltr'>collatione</span> <span class='ocrx_word' id='word_1_688' title='bbox 2669 4215 3421 4288; x_wconf 67' lang='lat' dir='ltr'>praesentiumjudiciorum</span> <span class='ocrx_word' id='word_1_689' title='bbox 3444 4217 3786 4286; x_wconf 86' lang='lat' dir='ltr'>pensantur,</span> 
     </span>
    </p>
   </div>
   <div class='ocr_carea' id='block_1_104' title="bbox 2142 4303 3789 4378">
    <p class='ocr_par' dir='ltr' id='par_1_104' title="bbox 2142 4303 3789 4378">
     <span class='ocr_line' id='line_1_104' title="bbox 2142 4303 3789 4378; baseline -0.005 -13"><span class='ocrx_word' id='word_1_690' title='bbox 2142 4311 2224 4366; x_wconf 89' lang='lat' dir='ltr'>sic</span> <span class='ocrx_word' id='word_1_691' title='bbox 2255 4310 2430 4365; x_wconf 90' lang='lat' dir='ltr'>etiam</span> <span class='ocrx_word' id='word_1_692' title='bbox 2463 4311 2671 4363; x_wconf 66' lang='lat' dir='ltr'>futura:</span> <span class='ocrx_word' id='word_1_693' title='bbox 2705 4306 3094 4378; x_wconf 87' lang='lat' dir='ltr'>perennisque</span> <span class='ocrx_word' id='word_1_694' title='bbox 3123 4304 3249 4359; x_wconf 69' lang='lat' dir='ltr'>vitae</span> <span class='ocrx_word' id='word_1_695' title='bbox 3281 4304 3520 4376; x_wconf 84' lang='lat' dir='ltr'>gaudia,</span> <span class='ocrx_word' id='word_1_696' title='bbox 3551 4303 3789 4358; x_wconf 81' lang='lat' dir='ltr'>damna-</span> 
     </span>
    </p>
   </div>
   <div class='ocr_carea' id='block_1_105' title="bbox 2143 4393 3784 4466">
    <p class='ocr_par' dir='ltr' id='par_1_105' title="bbox 2143 4393 3784 4466">
     <span class='ocr_line' id='line_1_105' title="bbox 2143 4393 3784 4466; baseline -0.006 -12"><span class='ocrx_word' id='word_1_697' title='bbox 2143 4398 2318 4454; x_wconf 89' lang='lat' dir='ltr'>tionis</span> <span class='ocrx_word' id='word_1_698' title='bbox 2349 4404 2572 4454; x_wconf 72' lang='lat' dir='ltr'>reternaa</span> <span class='ocrx_word' id='word_1_699' title='bbox 2616 4396 2841 4466; x_wconf 90' lang='lat' dir='ltr'>judicio</span> <span class='ocrx_word' id='word_1_700' title='bbox 2873 4395 3100 4464; x_wconf 88' lang='lat' dir='ltr'>collata,</span> <span class='ocrx_word' id='word_1_701' title='bbox 3134 4411 3260 4465; x_wconf 61' lang='lat' dir='ltr'>quae</span> <span class='ocrx_word' id='word_1_702' title='bbox 3311 4400 3368 4449; x_wconf 90' lang='lat' dir='ltr'>et</span> <span class='ocrx_word' id='word_1_703' title='bbox 3397 4397 3616 4464; x_wconf 87' lang='lat' dir='ltr'>quanta</span> <span class='ocrx_word' id='word_1_704' title='bbox 3647 4393 3784 4456; x_wconf 87' lang='lat' dir='ltr'>sint,</span> 
     </span>
    </p>
   </div>
   <div class='ocr_carea' id='block_1_106' title="bbox 2145 4479 3790 4553">
    <p class='ocr_par' dir='ltr' id='par_1_106' title="bbox 2145 4479 3790 4553">
     <span class='ocr_line' id='line_1_106' title="bbox 2145 4479 3790 4553; baseline -0.005 -11"><span class='ocrx_word' id='word_1_705' title='bbox 2145 4489 2540 4542; x_wconf 87' lang='lat' dir='ltr'>attendantur.</span> <span class='ocrx_word' id='word_1_706' title='bbox 2591 4485 2814 4550; x_wconf 90' lang='lat' dir='ltr'>Quibus</span> <span class='ocrx_word' id='word_1_707' title='bbox 2859 4482 3050 4538; x_wconf 89' lang='lat' dir='ltr'>verbis</span> <span class='ocrx_word' id='word_1_708' title='bbox 3115 4483 3321 4538; x_wconf 84' lang='lat' dir='ltr'>beatus</span> <span class='ocrx_word' id='word_1_709' title='bbox 3369 4481 3682 4553; x_wconf 89' lang='lat' dir='ltr'>Gregorius</span> <span class='ocrx_word' id='word_1_710' title='bbox 3728 4479 3790 4534; x_wconf 91' lang='lat' dir='ltr'>in</span> 
     </span>
    </p>
   </div>
   <div class='ocr_carea' id='block_1_107' title="bbox 2144 4567 3786 4648">
    <p class='ocr_par' dir='ltr' id='par_1_107' title="bbox 2144 4567 3786 4648">
     <span class='ocr_line' id='line_1_107' title="bbox 2144 4567 3786 4648; baseline -0.005 -17"><span class='ocrx_word' id='word_1_711' title='bbox 2144 4578 2291 4632; x_wconf 88' lang='lat' dir='ltr'>libro</span> <span class='ocrx_word' id='word_1_712' title='bbox 2321 4575 2690 4648; x_wconf 86' lang='lat' dir='ltr'>Dialogorum</span> <span class='ocrx_word' id='word_1_713' title='bbox 2725 4578 2930 4645; x_wconf 87' lang='lat' dir='ltr'>quarto</span> <span class='ocrx_word' id='word_1_714' title='bbox 2959 4573 3290 4643; x_wconf 90' lang='lat' dir='ltr'>concordat,</span> <span class='ocrx_word' id='word_1_715' title='bbox 3315 4571 3516 4626; x_wconf 89' lang='lat' dir='ltr'>dicens</span> <span class='ocrx_word' id='word_1_716' title='bbox 3551 4587 3563 4626; x_wconf 94' lang='lat'>:</span> <span class='ocrx_word' id='word_1_717' title='bbox 3594 4567 3786 4642; x_wconf 88' lang='lat' dir='ltr'>Iniqui</span> 
     </span>
    </p>
   </div>
   <div class='ocr_carea' id='block_1_108' title="bbox 2125 4660 3788 4735">
    <p class='ocr_par' dir='ltr' id='par_1_108' title="bbox 2125 4660 3788 4735">
     <span class='ocr_line' id='line_1_108' title="bbox 2125 4660 3788 4735; baseline -0.006 -12"><span class='ocrx_word' id='word_1_718' title='bbox 2125 4673 2346 4722; x_wconf 83' lang='lat' dir='ltr'>omnes</span> <span class='ocrx_word' id='word_1_719' title='bbox 2378 4671 2588 4720; x_wconf 67' lang='lat' dir='ltr'>(sterno</span> <span class='ocrx_word' id='word_1_720' title='bbox 2620 4663 2908 4735; x_wconf 88' lang='lat' dir='ltr'>supplicio</span> <span class='ocrx_word' id='word_1_721' title='bbox 2942 4680 3049 4718; x_wconf 89' lang='lat' dir='ltr'>sua</span> <span class='ocrx_word' id='word_1_722' title='bbox 3080 4661 3390 4734; x_wconf 90' lang='lat' dir='ltr'>iniquitate</span> <span class='ocrx_word' id='word_1_723' title='bbox 3431 4660 3788 4733; x_wconf 88' lang='lat' dir='ltr'>puniuntur;</span> 
     </span>
    </p>
   </div>
   <div class='ocr_carea' id='block_1_109' title="bbox 2144 4747 3792 4824">
    <p class='ocr_par' dir='ltr' id='par_1_109' title="bbox 2144 4747 3792 4824">
     <span class='ocr_line' id='line_1_109' title="bbox 2144 4747 3792 4824; baseline -0.006 -12"><span class='ocrx_word' id='word_1_724' title='bbox 2144 4758 2241 4812; x_wconf 90' lang='lat' dir='ltr'>sed</span> <span class='ocrx_word' id='word_1_725' title='bbox 2276 4761 2471 4810; x_wconf 87' lang='lat' dir='ltr'>tamen</span> <span class='ocrx_word' id='word_1_726' title='bbox 2523 4755 2594 4808; x_wconf 88' lang='lat' dir='ltr'>ad</span> <span class='ocrx_word' id='word_1_727' title='bbox 2649 4753 2867 4824; x_wconf 89' lang='lat' dir='ltr'>aliquid</span> <span class='ocrx_word' id='word_1_728' title='bbox 2919 4753 3228 4819; x_wconf 90' lang='lat' dir='ltr'>ardebunt,</span> <span class='ocrx_word' id='word_1_729' title='bbox 3261 4750 3504 4818; x_wconf 90' lang='lat' dir='ltr'>scilicet,</span> <span class='ocrx_word' id='word_1_730' title='bbox 3537 4755 3603 4804; x_wconf 90' lang='lat' dir='ltr'>ut</span> <span class='ocrx_word' id='word_1_731' title='bbox 3641 4747 3792 4820; x_wconf 88' lang='lat' dir='ltr'>justi</span> 
     </span>
    </p>
   </div>
   <div class='ocr_carea' id='block_1_110' title="bbox 2144 4838 3791 4914">
    <p class='ocr_par' dir='ltr' id='par_1_110' title="bbox 2144 4838 3791 4914">
     <span class='ocr_line' id='line_1_110' title="bbox 2144 4838 3791 4914; baseline -0.006 -13"><span class='ocrx_word' id='word_1_732' title='bbox 2144 4861 2348 4901; x_wconf 88' lang='lat' dir='ltr'>omnes</span> <span class='ocrx_word' id='word_1_733' title='bbox 2379 4851 2436 4900; x_wconf 91' lang='lat' dir='ltr'>et</span> <span class='ocrx_word' id='word_1_734' title='bbox 2468 4845 2525 4898; x_wconf 90' lang='lat' dir='ltr'>in</span> <span class='ocrx_word' id='word_1_735' title='bbox 2571 4845 2686 4899; x_wconf 85' lang='lat' dir='ltr'>Deo</span> <span class='ocrx_word' id='word_1_736' title='bbox 2718 4844 2952 4898; x_wconf 89' lang='lat' dir='ltr'>videant</span> <span class='ocrx_word' id='word_1_737' title='bbox 3000 4843 3232 4914; x_wconf 89' lang='lat' dir='ltr'>gaudia,</span> <span class='ocrx_word' id='word_1_738' title='bbox 3265 4857 3388 4911; x_wconf 77' lang='lat' dir='ltr'>quae</span> <span class='ocrx_word' id='word_1_739' title='bbox 3438 4838 3791 4913; x_wconf 87' lang='lat' dir='ltr'>percipiunt,</span> 
     </span>
    </p>
   </div>
   <div class='ocr_carea' id='block_1_111' title="bbox 2144 4930 3635 5004">
    <p class='ocr_par' dir='ltr' id='par_1_111' title="bbox 2144 4930 3635 5004">
     <span class='ocr_line' id='line_1_111' title="bbox 2144 4930 3635 5004; baseline -0.005 -13"><span class='ocrx_word' id='word_1_740' title='bbox 2144 4942 2200 4991; x_wconf 89' lang='lat' dir='ltr'>et</span> <span class='ocrx_word' id='word_1_741' title='bbox 2226 4936 2283 4990; x_wconf 89' lang='lat' dir='ltr'>in</span> <span class='ocrx_word' id='word_1_742' title='bbox 2314 4934 2431 4989; x_wconf 91' lang='lat' dir='ltr'>illis</span> <span class='ocrx_word' id='word_1_743' title='bbox 2462 4934 2776 5004; x_wconf 88' lang='lat' dir='ltr'>respiciant</span> <span class='ocrx_word' id='word_1_744' title='bbox 2807 4930 3114 5004; x_wconf 87' lang='lat' dir='ltr'>supplicia,</span> <span class='ocrx_word' id='word_1_745' title='bbox 3147 4948 3271 5003; x_wconf 60' lang='lat' dir='ltr'>qua</span> <span class='ocrx_word' id='word_1_746' title='bbox 3303 4933 3635 4986; x_wconf 89' lang='lat' dir='ltr'>evaserunt.</span> 
     </span>
    </p>
   </div>
   <div class='ocr_carea' id='block_1_112' title="bbox 2215 5018 3789 5089">
    <p class='ocr_par' dir='ltr' id='par_1_112' title="bbox 2215 5018 3789 5089">
     <span class='ocr_line' id='line_1_112' title="bbox 2215 5018 3789 5089; baseline -0.005 -9"><span class='ocrx_word' id='word_1_747' title='bbox 2215 5025 2499 5080; x_wconf 87' lang='lat' dir='ltr'>Neutrum</span> <span class='ocrx_word' id='word_1_748' title='bbox 2543 5023 2720 5089; x_wconf 90' lang='lat' dir='ltr'>enim,</span> <span class='ocrx_word' id='word_1_749' title='bbox 2756 5022 2812 5076; x_wconf 91' lang='lat' dir='ltr'>id</span> <span class='ocrx_word' id='word_1_750' title='bbox 2867 5027 2974 5088; x_wconf 89' lang='lat' dir='ltr'>est,</span> <span class='ocrx_word' id='word_1_751' title='bbox 3009 5037 3113 5076; x_wconf 87' lang='lat' dir='ltr'>nec</span> <span class='ocrx_word' id='word_1_752' title='bbox 3162 5020 3384 5075; x_wconf 91' lang='lat' dir='ltr'>malum</span> <span class='ocrx_word' id='word_1_753' title='bbox 3418 5035 3521 5075; x_wconf 89' lang='lat' dir='ltr'>nec</span> <span class='ocrx_word' id='word_1_754' title='bbox 3570 5018 3789 5074; x_wconf 88' lang='lat' dir='ltr'>bonum</span> 
     </span>
    </p>
   </div>
   <div class='ocr_carea' id='block_1_113' title="bbox 2147 5108 3791 5182">
    <p class='ocr_par' dir='ltr' id='par_1_113' title="bbox 2147 5108 3791 5182">
     <span class='ocr_line' id='line_1_113' title="bbox 2147 5108 3791 5182; baseline -0.004 -12"><span class='ocrx_word' id='word_1_755' title='bbox 2147 5114 2271 5170; x_wconf 88' lang='lat' dir='ltr'>sine</span> <span class='ocrx_word' id='word_1_756' title='bbox 2329 5115 2506 5169; x_wconf 90' lang='lat' dir='ltr'>altero</span> <span class='ocrx_word' id='word_1_757' title='bbox 2557 5111 2904 5179; x_wconf 84' lang='lat' dir='ltr'>declaratur,</span> <span class='ocrx_word' id='word_1_758' title='bbox 2953 5115 3010 5165; x_wconf 88' lang='lat' dir='ltr'>et</span> <span class='ocrx_word' id='word_1_759' title='bbox 3054 5116 3369 5182; x_wconf 89' lang='lat' dir='ltr'>utrumque</span> <span class='ocrx_word' id='word_1_760' title='bbox 3420 5109 3567 5164; x_wconf 92' lang='lat' dir='ltr'>miro</span> <span class='ocrx_word' id='word_1_761' title='bbox 3618 5108 3791 5163; x_wconf 88' lang='lat' dir='ltr'>modo</span> 
     </span>
    </p>
   </div>
   <div class='ocr_carea' id='block_1_114' title="bbox 2147 5201 3788 5271">
    <p class='ocr_par' dir='ltr' id='par_1_114' title="bbox 2147 5201 3788 5271">
     <span class='ocr_line' id='line_1_114' title="bbox 2147 5201 3788 5271; baseline -0.005 -11"><span class='ocrx_word' id='word_1_762' title='bbox 2147 5205 2308 5260; x_wconf 89' lang='lat' dir='ltr'>alteri</span> <span class='ocrx_word' id='word_1_763' title='bbox 2341 5203 2678 5258; x_wconf 77' lang='lat' dir='ltr'>famulatur.</span> <span class='ocrx_word' id='word_1_764' title='bbox 2715 5202 2775 5255; x_wconf 88' lang='lat' dir='ltr'>In</span> <span class='ocrx_word' id='word_1_765' title='bbox 2811 5201 2907 5255; x_wconf 90' lang='lat' dir='ltr'>illo</span> <span class='ocrx_word' id='word_1_766' title='bbox 2943 5217 3195 5271; x_wconf 91' lang='lat' dir='ltr'>namque</span> <span class='ocrx_word' id='word_1_767' title='bbox 3227 5201 3378 5256; x_wconf 87' lang='lat' dir='ltr'>malo</span> <span class='ocrx_word' id='word_1_768' title='bbox 3411 5202 3629 5256; x_wconf 89' lang='lat' dir='ltr'>bonum</span> <span class='ocrx_word' id='word_1_769' title='bbox 3660 5213 3788 5253; x_wconf 78' lang='lat' dir='ltr'>ser—</span> 
     </span>
    </p>
   </div>
   <div class='ocr_carea' id='block_1_115' title="bbox 2146 5287 3797 5364">
    <p class='ocr_par' dir='ltr' id='par_1_115' title="bbox 2146 5287 3797 5364">
     <span class='ocr_line' id='line_1_115' title="bbox 2146 5287 3797 5364; baseline -0.005 -14"><span class='ocrx_word' id='word_1_770' title='bbox 2146 5297 2354 5362; x_wconf 85' lang='lat' dir='ltr'>viebat,</span> <span class='ocrx_word' id='word_1_771' title='bbox 2388 5293 2509 5364; x_wconf 89' lang='lat' dir='ltr'>qui,</span> <span class='ocrx_word' id='word_1_772' title='bbox 2537 5294 2707 5363; x_wconf 86' lang='lat' dir='ltr'>juxta</span> <span class='ocrx_word' id='word_1_773' title='bbox 2738 5291 3072 5362; x_wconf 82' lang='lat' dir='ltr'>evangelica</span> <span class='ocrx_word' id='word_1_774' title='bbox 3102 5292 3298 5358; x_wconf 89' lang='lat' dir='ltr'>verba,</span> <span class='ocrx_word' id='word_1_775' title='bbox 3332 5290 3478 5347; x_wconf 88' lang='lat' dir='ltr'>abiit</span> <span class='ocrx_word' id='word_1_776' title='bbox 3507 5290 3568 5344; x_wconf 87' lang='lat' dir='ltr'>in</span> <span class='ocrx_word' id='word_1_777' title='bbox 3601 5287 3797 5361; x_wconf 87' lang='lat' dir='ltr'>regio-</span> 
     </span>
    </p>
   </div>
   <div class='ocr_carea' id='block_1_116' title="bbox 2148 5377 3800 5456">
    <p class='ocr_par' dir='ltr' id='par_1_116' title="bbox 2148 5377 3800 5456">
     <span class='ocr_line' id='line_1_116' title="bbox 2148 5377 3800 5456; baseline -0.004 -16"><span class='ocrx_word' id='word_1_778' title='bbox 2148 5401 2281 5440; x_wconf 89' lang='lat' dir='ltr'>nem</span> <span class='ocrx_word' id='word_1_779' title='bbox 2313 5383 2719 5456; x_wconf 85' lang='lat' dir='ltr'>longinquam,</span> <span class='ocrx_word' id='word_1_780' title='bbox 2745 5387 2801 5438; x_wconf 90' lang='lat' dir='ltr'>et</span> <span class='ocrx_word' id='word_1_781' title='bbox 2829 5382 2907 5436; x_wconf 91' lang='lat' dir='ltr'>ibi</span> <span class='ocrx_word' id='word_1_782' title='bbox 2937 5379 3234 5438; x_wconf 85' lang='lat' dir='ltr'>luxuriose</span> <span class='ocrx_word' id='word_1_783' title='bbox 3263 5381 3461 5435; x_wconf 89' lang='lat' dir='ltr'>vivens</span> <span class='ocrx_word' id='word_1_784' title='bbox 3491 5377 3800 5450; x_wconf 80' lang='lat' dir='ltr'>dissipavit</span> 
     </span>
    </p>
   </div>
   <div class='ocr_carea' id='block_1_117' title="bbox 2149 5467 3798 5550">
    <p class='ocr_par' dir='ltr' id='par_1_117' title="bbox 2149 5467 3798 5550">
     <span class='ocr_line' id='line_1_117' title="bbox 2149 5467 3798 5550; baseline -0.005 -20"><span class='ocrx_word' id='word_1_785' title='bbox 2149 5474 2540 5550; x_wconf 75' lang='lat' dir='ltr'>sqbstantiam</span> <span class='ocrx_word' id='word_1_786' title='bbox 2571 5489 2762 5529; x_wconf 87' lang='lat' dir='ltr'>suam.</span> <span class='ocrx_word' id='word_1_787' title='bbox 2785 5473 3050 5544; x_wconf 83' lang='lat' dir='ltr'>Cumque</span> <span class='ocrx_word' id='word_1_788' title='bbox 3081 5475 3556 5527; x_wconf 86' lang='lat' dir='ltr'>consummasset</span> <span class='ocrx_word' id='word_1_789' title='bbox 3575 5467 3798 5537; x_wconf 82' lang='lat' dir='ltr'>omnia,</span> 
     </span>
    </p>
   </div>
   <div class='ocr_carea' id='block_1_118' title="bbox 2149 5559 3800 5638">
    <p class='ocr_par' dir='ltr' id='par_1_118' title="bbox 2149 5559 3800 5638">
     <span class='ocr_line' id='line_1_118' title="bbox 2149 5559 3800 5638; baseline -0.005 -15"><span class='ocrx_word' id='word_1_790' title='bbox 2149 5570 2206 5623; x_wconf 88' lang='lat' dir='ltr'>et</span> <span class='ocrx_word' id='word_1_791' title='bbox 2257 5568 2512 5638; x_wconf 82' lang='lat' dir='ltr'>egestate</span> <span class='ocrx_word' id='word_1_792' title='bbox 2562 5563 2853 5624; x_wconf 85' lang='lat' dir='ltr'>laboraret</span> <span class='ocrx_word' id='word_1_793' title='bbox 2904 5560 3271 5632; x_wconf 86' lang='lat' dir='ltr'>multimoda,</span> <span class='ocrx_word' id='word_1_794' title='bbox 3306 5559 3364 5617; x_wconf 89' lang='lat' dir='ltr'>in</span> <span class='ocrx_word' id='word_1_795' title='bbox 3413 5574 3476 5617; x_wconf 86' lang='lat' dir='ltr'>se</span> <span class='ocrx_word' id='word_1_796' title='bbox 3527 5571 3800 5628; x_wconf 64' lang='lat' dir='ltr'>reversus</span> 
     </span>
    </p>
   </div>
  </div>
