4114 6184
278 323 357 381 73
1257 323 1568 385 DIALOG.
1616 324 1718 383 DE
1761 325 2043 387 TRIBUS
2089 326 2714 396 QUAL'STIONIBUS.
3611 348 3691 405 74

273 453 426 508 dixit
462 471 477 509 :
508 455 725 526 Quanti
747 420 1078 510 mercenarii
1106 457 1166 511 in
1191 456 1355 512 domo
1381 459 1560 529 patris
1607 459 1717 512 mei
1744 458 1928 513 abun-
1958 465 2012 530 Α
2044 460 2328 527 struxisti,
2363 477 2466 532 spe
2499 478 2712 534 magna
2741 469 3028 525 accendor
3052 475 3108 526 et
3138 470 3283 528 illud
3333 491 3367 529 a
3396 477 3453 530 te
3483 478 3682 548 exqui-

271 543 412 597 dant
436 545 680 615 panibus
707 559 801 615 ego
840 554 1023 600 autem
1079 544 1166 600 hic
1221 549 1373 617 fame
1423 563 1587 617 pareo
1617 551 1641 599 .9
1670 547 1919 618 Surgam,

205 663 212 672 ο
265 638 322 686 et
355 634 446 688 ibo
479 632 548 687 ad
568 638 781 704 patrem
809 650 990 688 meum
1026 634 1178 705 (Luc.
1208 635 1322 706 xv).
1356 635 1462 701 Qui
1497 635 1800 702 nimirum,
1853 654 1926 692 ne

265 727 724 778 consumeretur
752 721 1249 795 malis,respectus
1279 728 1368 780 est
1389 742 1491 797 spe
1522 730 1774 797 paternae
1809 726 1922 798 pie-

260 811 423 864 tatis.
461 815 707 867 Econtra
738 829 868 866 vero
901 812 1123 867 malum
1182 814 1338 868 bono
1402 813 1460 867 in
1522 814 1692 870 beato
1744 815 1922 870 Paulo

261 899 555 970 apostolo,
615 901 714 972 qui
773 900 915 955 dicit
973 901 1095 957 :Ne
1154 903 1466 972 magnitudo
1524 904 1922 959 revelationum

259 989 496 1044 extollat
527 1007 616 1044 me
641 990 799 1045 datus
827 998 908 1045 est
937 992 1080 1045 mihi
1107 990 1374 1046 stimulus
1405 993 1588 1046 carnis
1627 1009 1783 1061 meae,
1817 1011 1920 1048 an-

259 1078 416 1146 gelus
448 1078 693 1146 Satanae,
737 1087 795 1134 ut
824 1095 912 1134 me
960 1079 1262 1150 colaphi-tet
1320 1081 1394 1150 (II
1449 1081 1569 1135 Cor.
1631 1082 1755 1152 xu).
1806 1082 1915 1145 Qui

265 1166 658 1223 nihilominus
691 1184 761 1224 ne
793 1167 1164 1224 extolleretur
1194 1168 1252 1223 in
1284 1168 1807 1240 bonis,depressus
1830 1174 1918 1226 est

267 1257 508 1313 stimulo
567 1257 889 1329 pravitatis.
951 1257 1275 1328 Utrumque
1361 1274 1495 1329 ergo
1554 1258 1914 1314 famulamen

268 1347 563 1418 quoddam
593 1347 746 1412 dico,
779 1350 835 1401 et
865 1346 995 1413 hoc,
1027 1347 1177 1417 quod
1210 1363 1386 1418 egens
1416 1347 1667 1402 refectus
1699 1351 1808 1413 est,
1844 1364 1912 1402 ne

269 1437 603 1507 desperaret
633 1456 652 1499 ,°
683 1440 741 1490 et
772 1434 940 1503 illud,
976 1453 1088 1506 quo
1121 1435 1430 1491 abundans
1461 1437 1774 1508 depressus
1804 1441 1911 1504 est,

270 1542 346 1580 ne
374 1543 435 1580 se
467 1523 790 1580 extolleret.

336 1619 596 1685 Cumque
608 1614 730 1670 haec
749 1619 801 1668 et
816 1614 910 1669 his
925 1613 1055 1669 simi
1069 1614 1142 1669 lia
1165 1614 1223 1669 in
1239 1618 1336 1670 tuo
1353 1613 1667 1670 contuleris
1692 1614 1908 1680 animo,

260 1704 632 1776 perpendens
660 1702 930 1759 videlicet
959 1721 1134 1775 quam
1170 1709 1375 1776 potens
1416 1708 1474 1758 et
1504 1704 1805 1759 districtus
1836 1703 1912 1758 sit

2035 565 2160 604 rere
2194 568 2206 604 :
2241 550 2494 620 qualiter
2524 569 2638 608 uno
2670 553 2906 613 homine
2962 566 3236 630 peccante
3292 577 3479 633 genus
3509 582 3681 624 omne

2034 637 2360 694 humanum
2393 641 2789 699 damnationis
2820 650 3169 706 sententiam
3203 655 3503 726 meruerit,
3526 655 3681 716 sicut

2035 728 2359 818 saepissime
2391 746 2557 785 sacra
2588 731 2888 803 Scriptura
2908 739 3123 810 prodit,
3141 745 3206 794 ut
3237 746 3325 797 est
3353 742 3500 799 illud
3523 747 3676 818 Apo-

2033 816 2165 871 stoli
2200 835 2212 870 :
2247 818 2397 873 Sicut
2426 837 2527 890 per
2557 823 2724 876 unius
2766 822 3030 880 delictum
3083 845 3270 885 omnes
3316 816 3589 890 homines
3615 837 3673 892 in

2031 904 2558 975 condemnationem,
2589 914 2697 965 etc.
2735 910 2909 980 (Rom,
2940 917 3021 982 v),
3049 915 3172 972 Non
3231 921 3388 976 enim
3438 925 3674 998 ambigo

2031 993 2100 1048 de
2121 994 2284 1064 justo
2317 997 2415 1050 Dei
2440 998 2663 1068 judicio
2695 999 2754 1054 in
2778 1002 2947 1058 nobis
2979 1004 3259 1073 facto,sed
3289 1008 3456 1066 valde
3493 993 3675 1070 mirbr
3713 1053 3716 1066 .

2029 1085 2321 1153 quomodo
2353 1102 2455 1156 per
2485 1103 2668 1142 unum
2700 1096 3036 1160 peccantem
3055 1111 3260 1152 omnes
3280 1099 3670 1158 meruerimus

2028 1171 2485 1229 damnationem.
2547 1175 2709 1232 Unde
2776 1197 2978 1251 precor
3036 1188 3121 1253 ut,
3187 1185 3343 1241 sicut
3397 1190 3671 1260 superius

2027 1260 2276 1316 obscura
2309 1266 2577 1319 reserasti
2611 1283 2680 1337 pe
2713 1277 3061 1340 argumenta
3102 1273 3292 1345 plura,
3357 1277 3439 1332 ita
3495 1279 3670 1336 etiam

2025 1349 2367 1418 quaestionis
2399 1353 2575 1424 hujus
2598 1358 3019 1428 mystcrium,si
3043 1379 3158 1418 non
3183 1363 3328 1420 alias
3351 1366 3542 1423 valeat
3563 1369 3672 1426 de-

2027 1438 2255 1504 nudari,
2283 1447 2625 1512 argumento
2657 1446 2852 1518 aliquo
2886 1451 3123 1507 studeas
3153 1469 3428 1511 reserare.

2093 1525 2156 1581 Ο.
2183 1529 2343 1592 Quod
2371 1532 2606 1603 qumris,
2641 1536 2761 1589 tam
2791 1553 3070 1608 magnum
3101 1544 3159 1595 et
3188 1542 3508 1601 obscurum
3568 1563 3664 1602 ar-

2022 1615 2322 1688 duumque
2355 1624 2443 1673 est
2474 1625 2538 1674 ut
2569 1638 2766 1678 verear
2791 1623 2848 1679 in
2881 1642 2945 1681 eo
2979 1627 3301 1701 quidquam
3333 1633 3420 1688 vel
3482 1635 3668 1691 medi-

2021 1706 2198 1759 tando
2231 1706 2551 1764 immorari.
2586 1711 2881 1783 Scriptum
2913 1721 3001 1771 est
3031 1718 3184 1774 enim
3217 1736 3229 1774 :
3258 1721 3477 1778 -lltiora
3519 1733 3574 1780 te
3600 1741 3672 1782 ne

262 1793 414 1848 Deus
445 1793 507 1846 in
540 1793 878 1848 exercendis
890 1793 1290 1864 judiciis,quae
1313 1793 1440 1848 ideo
1464 1792 1618 1848 mala
1640 1793 1909 1848 videntur
1942 1841 1990 1906 Β
2020 1799 2289 1850 scrutatus
2324 1798 2502 1868 [ueris
2534 1817 2547 1866 ;
2581 1800 2672 1855 sed
2729 1818 2850 1873 qua:
2892 1809 3151 1877 prxcepit
3207 1809 3316 1864 tibi
3369 1813 3533 1879 Deus,
3565 1814 3670 1870 illa

264 1881 489 1906 -5AI:.I:_
522 1881 655 1906 ..--:..
693 1898 897 1906 ..η-.--Α
926 1882 1257 1906 --_1:.-_s.-_
1282 1886 1332 1906 ,ιι
1362 1897 1553 1906 ...ρ-...ηυ-
1589 1881 1729 1906 -;ι.;ι
1757 1881 1905 1906 ...ηε-..ι
2029 1887 2191 1906 -A._:1_.
2231 1901 2433 1906 --_-_---,,
2519 1893 2552 1906 ,n
2597 1891 2605 1900 -
2715 1891 2726 1906 ι
2812 1892 2843 1906 σι
3095 1897 3125 1906 ..
3275 1899 3284 1906 .
3513 1904 3523 1906 μ
3636 1905 3639 1906 ,

262 1881 662 1952 stolidis,quia
692 1898 904 1953 aspeaa
925 1882 1257 1937 sentiuntur
1279 1886 1336 1936 et
1360 1881 1730 1949 amara,nihil
1755 1881 1910 1936 enim

261 1975 345 2026 est
376 1970 740 2034 malum,sed
771 1971 1011 2026 abusive
1040 1987 1142 2042 pro
1175 1987 1345 2042 poena
1367 1970 1672 2039 dicitur,eo
1705 1971 1912 2041 utique

263 2076 472 2131 genere
505 2058 785 2131 loquendi
819 2077 934 2131 quo
985 2059 1212 2131 flagella
1242 2059 1430 2115 solent
1487 2059 1640 2115 mala
1667 2060 1856 2116 vocari
1893 2078 1906 2128 ;

262 2165 558 2221 quamque
582 2148 876 2221 benignus
895 2153 951 2204 et
972 2153 1279 2221 promptus
1301 2149 1359 2203 in
1383 2149 1707 2206 exhibenba
1719 2150 1909 2222 gratia

260 2238 414 2294 nulla
445 2239 879 2310 pratcritorum
913 2238 1252 2304 criminum,
1297 2256 1423 2310 quae
1455 2239 1820 2295 confessione
1852 2243 1908 2294 et

255 2328 599 2399 pmnitentia
629 2327 958 2395 diluuntur,
993 2327 1396 2400 indignatione
1427 2315 1908 2398 retractus,nulla

253 2434 641 2488 personarum
732 2416 1064 2489 acceptione
1133 2417 1472 2489 impeditus,
1535 2418 1903 2473 conﬁteberis

255 2505 455 2576 procul
483 2505 854 2576 dubio,jnxta
886 2504 1429 2577 Psalmistam,quia
1460 2507 1692 2561 Domini
1713 2511 1792 2561 est
1813 2524 1901 2562 sa-

255 2595 335 2648 lus
361 2594 637 2664 (Psal.m)
672 2612 686 2660 ;
720 2599 777 2648 et
807 2595 972 2664 iuxta
1000 2593 1510 2666 Apostolum,quia
1535 2611 1646 2651 non
1676 2596 1904 2651 volentis

249 2699 420 2755 neque
469 2685 768 2751 currentis,
828 2683 919 2739 secl
975 2684 1286 2738 miserentis
1337 2687 1414 2738 est
1470 2685 1617 2750 Dei;
1648 2686 1905 2755 cujusque

249 2773 357 2826 vult
385 2774 691 2828 miseretur
720 2792 743 2837 ;
770 2776 820 2828 et
846 2789 1003 2845 quem
1033 2773 1168 2841 vult,
1205 2773 1430 2828 indurat
1459 2773 1631 2844 (Rom.
1662 2774 1758 2844 ιχ).

316 2861 424 2916 Ubi
462 2863 799 2917 notandum
831 2866 920 2917 est
949 2861 1090 2932 quia
1139 2861 1248 2917 hoc
1305 2866 1394 2917 est
1453 2861 1554 2916 Dei
1615 2863 1901 2936 misereri,

251 2950 583 3021 quemlibet
615 2950 1020 3024 castigatione,
1087 2950 1174 3005 vel
1231 2949 1612 3022 inspiratione
1643 2951 1841 3024 aliqua
1871 2971 1905 3009 a

249 3039 418 3094 malis
453 3040 738 3112 operibus
767 3044 1120 3108 convertere;
1144 3040 1254 3095 hoc
1275 3044 1468 3096 autem
1493 3041 1905 3112 ejusjudicare

245 3129 574 3200 quemlibet
593 3129 653 3184 in
669 3129 947 3201 nequitiis
959 3130 1084 3185 suis
1097 3129 1732 3201 derelinquere.0mnis
1746 3133 1900 3188 enim

2020 1887 2194 1954 cogita
2222 1901 2436 1956 semper
2460 1931 2471 1955 ,
2503 1893 2556 1943 et
2585 1891 2644 1944 in
2664 1891 2922 1961 pluribus
2952 1897 3205 1964 operibus
3233 1899 3351 1969 ejus
3379 1917 3450 1955 ne
3492 1904 3668 1972 fueris

2019 1975 2265 2029 curiosus
2295 1977 2480 2044 (Eccli.
2517 1981 2620 2047 ιιι).

2089 2067 2161 2117 II.
2196 2064 2399 2120 Fateor
2427 2066 2508 2120 ita
2537 2084 2664 2123 esse
2695 2073 2759 2124 ut
2788 2069 2954 2126 dicis.
3008 2073 3119 2128 Sed
3179 2075 3318 2146 quia
3375 2094 3405 2133 e
3435 2082 3666 2138 contra-

2019 2151 2102 2206 rio
2134 2153 2418 2225 scripturn
2468 2161 2557 2211 est
2591 2158 2832 2214 :Omnia
2885 2163 3180 2232 possibilia
3236 2175 3361 2222 sunt
3417 2168 3667 2227 credenti

2015 2243 2216 2309 (Marc.
2247 2242 2359 2313 1x);
2413 2248 2469 2298 et
2526 2262 2802 2304 rursum:
2845 2251 3021 2306 Virtus
3053 2254 3154 2308 Dei
3208 2259 3287 2309 est
3335 2257 3395 2310 in
3425 2259 3666 2316 salutem

2013 2331 2165 2420 omni
2190 2332 2438 2386 credenti
2458 2335 2635 2402 (Rom.
2674 2335 2736 2408 1),
2765 2354 2989 2410 egoque
3027 2342 3198 2397 credo
3252 2347 3308 2399 te
3360 2361 3533 2416 posse
3562 2365 3666 2420 per

2012 2419 2454 2490 inspirationem
2491 2423 2746 2479 divinam
2773 2426 3019 2483 animari
3037 2430 3108 2484 ad
3135 2429 3478 2502 hujusmodi
3503 2419 3660 2508 qua:-

2013 2506 2261 2562 stionem
2296 2507 2635 2567 solvendam
2671 2529 2682 2566 :
2719 2531 2921 2586 precor
2981 2522 3043 2572 ut
3099 2534 3167 2574 ea
3223 2537 3349 2592 qua:
3396 2506 3658 2596 exquiro,

2015 2602 2299 2666 quantum
2335 2599 2544 2670 possis,
2577 2601 2851 2659 intimare
2892 2609 3138 2664 coneris.

2177 2688 2534 2776 Quacunque
2565 2691 2678 2746 ﬁde
2711 2709 2955 2763 quaeras,
2981 2712 3197 2768 magna
3226 2704 3365 2756 sunt
3395 2702 3659 2776 mihique

2013 2774 2274 2830 difﬁcilia
2302 2777 2597 2834 absolvere
2629 2796 2754 2851 quae
2779 2798 2968 2854 rogas.
2995 2783 3108 2840 Sed
3139 2788 3320 2860 verbi,
3353 2789 3513 2848 illius
3533 2774 3656 2850 me-

2013 2880 2159 2934 mor,
2196 2866 2348 2936 quod
2381 2866 2596 2922 dicitur
2618 2886 2651 2922 a
2682 2869 2927 2926 Domino
2961 2873 3195 2929 cuidam
3229 2879 3487 2934 credenti
3521 2882 3657 2938 :Ma-

2010 2969 2118 3023 gna
2147 2962 2224 3009 est
2252 2955 2380 3024 ﬁdes
2415 2964 2506 3010 tua
2533 2975 2554 3018 ;
2585 2957 2680 3026 ﬁat
2710 2959 2812 3013 tibi
2840 2980 2859 3026 ;
2887 2962 3028 3016 sicut
3064 2965 3146 3016 vis
3179 2965 3384 3035 (Matth.
3418 2969 3532 3042 xv),
3567 2987 3658 3026 ac-

2008 3047 2175 3113 cepta
2208 3043 2343 3098 hinc
2372 3044 2587 3100 ﬁducia
2620 3048 2926 3118 aggredior
2948 3051 3262 3122 exquisita,
3295 3056 3485 3129 magis
3518 3058 3653 3116 ﬁdei

2013 3133 2121 3184 tua:
2154 3149 2330 3202 quam
2362 3133 2616 3188 scientiae
2651 3152 2790 3190 meae
2823 3137 3044 3195 viribus
3081 3142 3408 3201 roboratus.
3444 3147 3513 3202 Et
3543 3147 3654 3204 hoc

244 3218 574 3285 homo,tam
609 3219 817 3274 doctus
849 3234 1025 3289 quam
1050 3217 1550 3288 indoctus,tandiu
1581 3221 1635 3275 id
1659 3219 1899 3287 inﬁmis,
1933 3213 1974 3279 C
2014 3217 2306 3289 imprimis
2337 3221 2465 3277 dico
2483 3223 2619 3293 quia
2641 3224 2805 3294 prius
2826 3243 2972 3297 opus
2995 3233 3082 3284 est
3100 3229 3203 3285 tibi
3229 3233 3432 3288 multis
3453 3236 3655 3293 verbo-

243 3308 406 3378 qnasi
442 3308 691 3379 quidam
724 3311 976 3380 agrotus
999 3307 1367 3379 jacet,donec
1399 3325 1534 3363 eum
1578 3311 1768 3380 gratia
1797 3328 1896 3365 su-

238 3412 415 3466 perae
449 3396 661 3452 exinde
692 3395 890 3468 aliqua
919 3396 1220 3451 occasione
1250 3396 1564 3452 elevet.Sed
1599 3415 1726 3469 quae
1750 3399 1898 3454 ratio

234 3483 322 3539 vel
355 3484 580 3557 lingua
609 3485 676 3540 de
706 3485 921 3556 pietate
951 3489 1008 3540 et
1035 3484 1341 3540 severitate
1373 3485 1568 3540 divina
1612 3487 1898 3558 explicare

234 3578 444 3644 potest
475 3573 757 3645 condigna
784 3574 812 3627 ?
843 3590 1084 3646 prorsus
1148 3572 1330 3627 nulla.
1365 3573 1528 3628 Unde
1586 3577 1643 3628 et
1674 3590 1740 3628 ea
1770 3592 1897 3645 quae

235 3665 390 3716 sunt
432 3661 611 3730 dicta,
639 3662 819 3719 habeo
851 3679 954 3734 pro
985 3661 1196 3717 debitae
1229 3661 1472 3717 rationis
1504 3662 1776 3720 scintilla.

312 3751 385 3806 H.
423 3750 572 3806 Cum
621 3751 793 3807 audio
842 3751 1002 3822 talia,
1051 3755 1109 3806 et
1157 3767 1492 3822 expavesco,
1548 3755 1604 3806 et
1649 3752 1893 3823 gaudeo.

237 3840 577 3912 Expavesco
610 3841 870 3912 quidem,
906 3839 1044 3912 quia
1073 3839 1144 3894 de
1175 3839 1463 3895 immensa
1495 3841 1592 3896 Dei
1640 3842 1899 3912 potentia

238 3929 375 3984 vilia
404 3934 462 3986 et
494 3928 796 4001 superﬂua
817 3945 1080 4001 unquam
1107 3928 1355 4001 cogitavi
1398 3947 1412 3997 ;
1444 3930 1668 4001 gaudeo
1701 3935 1894 3986 autem

239 4019 381 4088 quia
410 4023 582 4073 tanta
612 4018 849 4089 pietatis
881 4018 1088 4073 divina:
1120 4018 1404 4073 beneﬁcia
1426 4019 1764 4091 nosjugiter
1784 4021 1887 4075 cir-

242 4108 532 4163 cumdare
562 4107 908 4178 agnosco.Si
932 4106 1086 4162 enim
1120 4106 1318 4162 omnia
1349 4124 1476 4179 quze
1507 4113 1569 4163 tu
1603 4109 1895 4180 protulisti

242 4197 307 4250 de
339 4197 441 4252 Dei
474 4197 689 4268 gratia,
727 4197 938 4251 rationi
971 4197 1176 4252 nebitae
1204 4201 1704 4268 comparata,sunt
1725 4199 1895 4270 quasi

240 4284 516 4352 scintilla,
553 4285 695 4357 quid
729 4289 902 4356 putas
934 4286 1186 4358 perfecta
1220 4287 1329 4341 erit
1359 4286 1602 4341 scientia
1628 4288 1656 4341 ‘?

314 4374 373 4428 0.
403 4375 588 4445 Cujus
623 4374 706 4429 rei
736 4374 1003 4430 notitiam
1037 4381 1101 4428 nt
1130 4374 1497 4446 apertissime
1537 4380 1593 4430 et
1613 4376 1894 4433 citissime

243 4463 741 4535 comprehendas,
777 4463 1080 4519 recordare
1109 4463 1246 4534 quid
1284 4463 1600 4535 Apostolus
1650 4465 1894 4521 dicat:0

234 4551 466 4609 altitudo
499 4553 838 4608 divitiarum
864 4555 1156 4624 sapientiae
1184 4557 1239 4607 ct
1267 4555 1506 4608 stientiae
1541 4555 1638 4609 Dei
1667 4562 1686 4611 !
1715 4559 1895 4625 Quam
1925 4582 1971 4646 Β

234 4642 822 4712 incomprehensibilia
842 4652 892 4697 et
914 4642 1354 4697 innumerabilia
1374 4652 1502 4699 sunt
1511 4645 1730 4714 judicia
1749 4646 1890 4715 ejus,

235 4737 279 4784 et
306 4731 723 4801 investigabiles
752 4733 860 4788 vim
892 4730 1057 4786 illius
1093 4735 1110 4783 ,ν
1143 4731 1317 4801 (Rom.
1353 4731 1458 4802 x1.)

891 4854 1124 4910 CAPUT
1160 4854 1251 4908 XI.

241 4943 513 5010 Quomodo
546 4946 719 5000 unius
743 4945 932 4999 homin
942 4946 988 4999 is
1012 4944 1174 5014 culpa
1198 4950 1377 5000 totum
1400 4961 1570 5014 genus
1592 4947 1795 5003 human
1805 4937 1900 5003 uni

587 5019 839 5088 perierit.
875 5016 1184 5086 Di/ﬁcultas
1212 5019 1546 5086 quaestionis.

305 5123 667 5180 θείην-,ΝΟΜ
699 5125 831 5180 tein
858 5123 950 5178 his
973 5121 1226 5194 amplius
1257 5123 1726 5196 immorari,quia
1752 5127 1895 5182 satis

237 5209 603 5268 declaratum
625 5217 714 5267 est
741 5211 888 5267 nihil
907 5229 1078 5283 posse
1106 5213 1215 5267 Deo
1239 5212 1483 5284 dignum
1507 5213 1897 5271 dici.Restant

243 5306 433 5357 autem
467 5301 610 5372 alia,
644 5317 771 5372 quae
819 5318 886 5356 ex
949 5300 1252 5356 occasione
1308 5303 1758 5372 prmcedentium
1823 5306 1894 5360 ad

245 5393 634 5459 questionem
666 5407 862 5446 meum
889 5395 1255 5445 commovent
1287 5391 1725 5448 animum.Nam
1759 5411 1893 5449 cum

238 5479 428 5535 recolo
461 5497 644 5551 quam
677 5478 848 5551 plura
879 5477 1047 5533 utilia
1077 5480 1147 5534 de
1173 5479 1476 5552 originalis
1507 5482 1690 5553 culpae
1717 5499 1896 5539 causa

237 5568 564 5637 protulisti,
596 5568 648 5623 ei
681 5585 860 5641 quam
913 5569 1089 5624 variis
1143 5569 1577 5640 collationibus,
1643 5588 1747 5626 nec
1781 5590 1893 5628 non

237 5657 608 5732 argumentis
639 5658 710 5714 ad
744 5658 945 5732 gratiae
973 5657 1178 5725 divinae
1245 5658 1605 5732 agnitionem
1667 5677 1760 5717 me
1798 5661 1892 5718 ἰη-

573 5787 836 5850 ΡΑτΒοι.
885 5749 1145 5848 CXLVI.

2010 3317 2140 3358 rum
2172 3306 2685 3375 instrumentis,ut
2713 3327 2815 3382 per
2845 3312 2966 3368 haec
2997 3317 3069 3369 ad
3101 3320 3277 3372 tantae
3310 3322 3653 3389 quaestionis

2009 3391 2431 3449 sublimitatem
2477 3400 2908 3467 agnoscendum
2958 3404 3250 3473 gradatim
3307 3410 3651 3480 ascendens,

2006 3484 2167 3536 tanto
2199 3481 2388 3552 aptior
2408 3483 2668 3556 demum,
2701 3493 2920 3557 quanto
2978 3491 3167 3562 magis
3199 3492 3530 3553 instructus
3561 3497 3652 3553 in-

2005 3569 2350 3625 troducaris.

2562 3644 2564 3647 ’
2637 3689 2866 3748 CAPUT
2895 3693 3013 3748 xu.

2004 3793 2459 3878 Deus-severitate
2484 3796 2756 3878 improbos
2796 3807 2845 3853 et
2886 3801 3156 3878 superbos
3212 3809 3500 3878 compescit
3527 3826 3548 3870 ,'
3579 3810 3654 3866 le-

2075 3865 2249 3952 nitate
2278 3864 2515 3952 humiles
2536 3869 2594 3922 in
2621 3884 2770 3939 spem
2812 3864 2994 3940 erigit.
3054 3864 3362 3932 Ostenditur
3409 3864 3488 3934 idr
3516 3864 3650 3952 plu-

2075 3937 2230 3989 ribus
2259 3939 2539 4005 exemplis.

2073 4067 2259 4158 .Iudex
2288 4067 2469 4139 igitur
2497 4074 2552 4124 et
2573 4076 2761 4128 rector
2787 4076 3066 4145 providus
3087 4081 3477 4154 quodcunque
3508 4085 3649 4158 agit.

2007 4156 2273 4211 doctrina
2303 4158 2431 4213 erit.
2465 4159 2612 4215 Nam
2642 4178 2713 4216 ne
2745 4162 3042 4235 aliquibus
3063 4156 3652 4242 prmsumptionisﬁel

2004 4245 2291 4315 superbia:
2323 4247 2686 4304 occasionem
2723 4250 2928 4332 lenitas
2961 4254 3148 4325 ipsius
3179 4258 3383 4329 pariat,
3418 4277 3654 4319 severus

2002 4336 2059 4386 et
2087 4332 2391 4390 districtus
2423 4335 2716 4392 interdum
2752 4340 2810 4394 in
2845 4341 3072 4411 judicio
3130 4362 3237 4400 suo
3295 4353 3501 4419 exstat,
3536 4369 3652 4410 non

2002 4420 2207 4492 utique
2237 4423 2562 4481 delectatus
2593 4427 2651 4480 in
2709 4427 3075 4488 districtione
3130 4433 3256 4504 tali,
3317 4437 3418 4493 sed
3477 4439 3654 4495 saluti

2007 4510 2372 4582 prospiciens
2404 4515 2726 4583 communi,
2754 4533 2881 4587 quae
2917 4520 3043 4577 sine
3070 4522 3429 4582 districtione
3461 4527 3658 4598 aliqua

2005 4600 2212 4669 nequit
2235 4601 2837 4672 provideri.Rursum,
2866 4624 2937 4662 ne
2968 4610 3150 4680 aliqui
3171 4613 3497 4667 severitatis
3527 4615 3655 4684 ejus

2009 4686 2369 4744 nimietatem
2403 4689 2534 4760 plus
2555 4693 2719 4761 justo
2752 4694 3072 4750 formident
3104 4713 3348 4768 seseque
3387 4700 3498 4755 sub
3527 4701 3657 4773 ejus

2007 4775 2267 4846 potentia
2292 4776 2499 4833 salvari
2533 4796 2704 4849 posse
2736 4781 3068 4852 desperent,
3102 4784 3506 4844 misericordia
3537 4789 3659 4846 ino-

2006 4864 2207 4935 pinata
2247 4866 2462 4921 refovet
2515 4873 2573 4922 et
2620 4868 2972 4937 consolatur,
3004 4889 3121 4928 non
3153 4878 3383 4932 tantum
3415 4875 3651 4936 illorum

2006 4953 2319 5024 specialem
2353 4960 2638 5026 quantum
2673 4958 3132 5018 consolationem
3157 4966 3462 5023 attendens
3484 4984 3656 5041 gene-

2008 5042 2211 5099 ralem.

2077 5132 2220 5186 Cum
2249 5148 2383 5204 ergo
2417 5133 2534 5189 haec
2564 5136 2732 5190 multi
2763 5139 3040 5196 mortales
3095 5142 3361 5200 noverint
3400 5149 3458 5200 et
3513 5162 3654 5219 ege-

2005 5219 2142 5285 rint,
2177 5221 2779 5294 quid,putas,Arbiter
2808 5228 3178 5302 omnipotens
3208 5232 3267 5288 in
3301 5251 3656 5307 unoquoque

2004 5309 2150 5381 gerit
2179 5309 2206 5363 ?
2237 5311 2490 5382 Denique
2525 5330 2638 5368 non
2671 5315 2863 5371 solum
2896 5319 3219 5386 verbis,sed
3247 5321 3422 5377 etiam
3454 5323 3648 5395 cperi-

2005 5399 2115 5453 bus
2147 5415 2351 5455 omnes
2382 5401 2621 5457 instruit
2651 5421 2805 5459 nunc
2858 5406 3096 5476 quidem
3158 5409 3474 5480 deterrens,
3508 5430 3658 5472 nunc

2005 5492 2200 5542 autem
2233 5488 2572 5546 demulcens
2607 5509 2619 5546 :
2654 5492 2757 5557 sic,
2792 5495 2952 5550 verbi
2984 5499 3194 5567 gratia,
3249 5499 3304 5554 in
3353 5500 3658 5560 Nabucho-

2004 5577 2257 5631 donosor
2273 5577 2425 5648 regis
2447 5579 2655 5650 suique
2678 5581 2845 5636 ducis
2866 5581 3200 5642 Holofernis
3219 5585 3356 5643 elati
3375 5605 3666 5663 compres-

2003 5664 2184 5738 sione,
2218 5682 2422 5724 omnes
2452 5665 2632 5724 elatos
2667 5669 2960 5744 principes
3009 5673 3212 5731 edocet
3259 5680 3653 5754 comprimen-

3305 5805 3343 5872 3
