4118 6188
231 404 234 408 .
309 358 393 418 .77
1291 352 1600 416 DIALOG.
1651 353 1753 412 DE
1798 353 2084 414 TRIBUS
2134 353 2755 424 QUAESTIONIBUS.
3647 364 3733 429 .78

318 488 406 541 est
435 483 692 540 humiles
736 500 866 541 esse
896 483 1154 553 student,
1188 484 1343 555 quod
1395 488 1487 538 est
1534 482 1794 555 pueritiae
1823 497 1968 538 vera
1999 485 2053 550 Α
2085 483 2347 552 instruit,
2374 488 2437 538 ut
2466 484 2546 539 nil
2572 480 2683 541 nisi
2695 486 2928 556 justum
2951 487 3217 543 videatur
3247 488 3531 561 quidquid
3553 491 3626 545 ab
3647 491 3732 548 eis

318 573 625 644 indicium,
674 573 874 629 divina
918 573 1106 646 gratia
1157 573 1487 628 efficiantur
1535 571 1718 644 digni,
1773 571 1860 627 vel
1913 572 1972 626 in

289 679 478 742 Fpace,
507 661 599 718 vel
637 661 906 736 martyrii
953 661 1150 733 palma
1181 661 1398 718 cmlesti
1446 678 1620 732 regno
1673 660 1970 716 associari.

297 752 465 816 'Quia
493 768 633 824 ergo
664 752 723 806 in
755 751 847 806 his
879 751 1202 806 infantibus
1253 766 1457 807 omnes
1486 750 1542 805 in
1578 765 1640 805 se
1671 750 1972 805 credentes

319 841 629 915 piissimus
660 839 892 895 Arbiter
923 839 1028 907 ita,
1051 844 1116 894 ut
1147 839 1370 895 dictum
1395 844 1502 910 est,
1539 839 1825 894 consolari
1858 855 1974 893 cre~

303 929 858 997 .ditur,;refera.mus
888 926 1124 998 aliquod
1170 929 1229 983 in
1262 945 1382 1000 quo
1432 927 1816 982 nihilominus
1847 943 1972 982 om-

317 1035 423 1075 nes
453 1017 711 1091 perﬁdos
740 1032 984 1088 arguere
1014 1016 1302 1072 videatur.

387 1107 501 1164 Sed
523 1105 661 1177 quid
693 1105 953 1178 apertius
973 1105 1042 1161 ad
1069 1105 1177 1161 hoc
1205 1106 1455 1178 reperire
1475 1104 1777 1161 valeamus
1794 1119 1972 1175 quam

322 1197 479 1268 quod
498 1195 582 1251 de
611 1195 835 1252 Herode
863 1211 1043 1266 super
1085 1193 1315 1250 Christo
1347 1193 1750 1252 fraudulenter
1779 1192 1971 1263 inqui-

325 1290 502 1342 rente.
517 1289 574 1340 et
602 1283 829 1339 Judais
848 1283 1341 1354 respondentibus
1372 1282 1620 1353 legimus
1640 1282 1667 1336 ‘I
1695 1281 1781 1337 llli
1813 1296 1974 1336 nam-

331 1390 466 1446 que,
497 1374 632 1445 quia
657 1371 859 1428 dolose
887 1371 1188 1428 Christum
1223 1371 1574 1444 investigare
1597 1371 1970 1437 studuerunt,

307 1480 446 1520 Anon
475 1462 662 1520 solum
700 1478 836 1516 eum
871 1461 1114 1516 minime
1159 1461 1525 1530 invenerunt,
1557 1461 1658 1516 sed
1693 1458 1865 1514 etiam
1899 1457 1972 1512 ad

329 1556 564 1618 tantam,
619 1550 874 1622 perﬁdia
923 1567 1043 1604 sua
1102 1566 1298 1619 causa,
1333 1547 1656 1621 nequitiam
1708 1546 1970 1618 perducti

322 1646 460 1697 sunt
490 1645 558 1696 ut
590 1645 647 1696 et
676 1641 803 1711 ipse
830 1639 1110 1705 Herodes,
1137 1655 1237 1710 pro
1269 1638 1496 1694 Christo
1529 1637 1855 1709 plectendo,
1889 1636 1973 1690 in-

317 1730 572 1786 fantium
595 1729 1022 1802 .pradictorum
1051 1727 1506 1784 innumerabilia
1535 1726 1771 1798 agmina
1803 1740 1970 1780 neca-

320 1825 428 1885 ret,
461 1823 520 1874 et
547 1818 734 1875 Judai
764 1817 825 1872 in
857 1817 1072 1873 Christi
1123 1817 1476 1921 quandoque
1507 1831 1708 1914 necem
1741 1813 1969 1921 c‘ons'pi:
2001 1857 2049 1921 B

320 1910 535 1964 rarent.
564 1909 704 1973 Quo-
722 1923 862 1962 sane
891 1911 1024 1962 actu
1053 1905 1396 1977 omnes,qui
1419 1893 1717 1960 Christum
1750 1901 1972 1974 duplici

315 1997 494 2054 corde
515 2001 875 2068 sequuntur,
906 1995 1193 2066 increpari
1222 1995 1515 2050 videntur.

389 2085 854 2151 Qualiter-etiam
889 2083 1310 2140 tentationibus
1361 2081 1670 2139 diabolicis
1702 2080 1972 2137 resistere

303 2177 670 2242 debeamus,
691 2174 960 2230 Christus
979 2161 1087 2229 nos
1108 2171 1441 2244 edocet,qui
1469 2170 1974 2242 tentatori,quam-

320 2266 410 2322 vis
440 2264 564 2328 sibi.
583 2264 787 2320 omnia
815 2263 973 2318 nuda
997 2268 1055 2318 et
1083 2266 1284 2334 aperta
1312 2265 1508 2318 essent
1539 2260 1725 2332 (Hebr.
1759 2259 1856 2329 ιν),
1888 2263 1976 2314 ta-

319 2353 820 2419 mennullismisi
854 2369 1029 2408 sacra
1053 2351 1365 2424 Scriptura
1397 2349 1976 2421 verbis,respoudere

322 2443 509 2500 voluit
535 2443 739 2500 dicens
771 2461 785 2498 :
811 2441 1089 2529 Scriptum
1119 2450 1200 2496 est
1231 2458 1250 2494 ,ο
1279 2445 1406 2497 Νοη
1438 2441 1496 2495 in
1525 2440 1636 2495 solo
1662 2454 1810 2510 pane
1839 2439 1977 2492 vivet

324 2532 504 2600 homo,
532 2531 624 2586 sed
674 2533 737 2587 in
783 2527 937 2587 omni
982 2532 1139 2587 verbo
1187 2529 1327 2603 quod
1366 2529 1608 2600 procedit
1653 2527 1718 2582 de
1757 2542 1848 2582 ore
1879 2527 1978 2581 Dei

289 2621 532 2692 (Matth.
566 2622 666 2692 Iv).
711 2621 780 2676 Et
810 2621 1023 2676 iterum
1056 2637 1069 2676 :
1105 2619 1380 2691 Scriptum
1429 2623 1503 2674 est
1538 2618 1696 2673 :Non
1742 2617 1977 2671 tentabis

317 2712 625 2768 Dominum
663 2711 837 2766 Deum
882 2711 1059 2766 tuum.
1093 2708 1162 2763 Et
1213 2723 1448 2762 rursum
1487 2724 1500 2760 :
1535 2705 1820 2775 Scriptum
1851 2706 1928 2758 est
1957 2720 1976 2756 .·

298 2801 619 2858 Dominum
671 2798 846 2854 Deum
894 2802 1050 2852 tuum
1096 2795 1348 2851 adorabis
1397 2799 1449 2849 et
1501 2795 1590 2849 illi
1634 2795 1741 2848 soli
1779 2793 1980 2848 servies

316 2887 540 2962 (Ibid.).~
566 2887 793 2953 Quibus
823 2886 1015 2941 verbis
1034 2901 1238 2940 omnes
1263 2883 1464 2940 fideles
1492 2884 1886 2951 instruuntur,
1914 2885 1980 2935 ut

297 2979 390 3034 .in~
421 2977 744 3033 tentatione
771 2974 944 3047 positi
975 2991 1204 3032 sacram
1235 2989 1467 3044 semper
1496 2972 1770 3044 paginam
1799 2969 1980 3042 inspi-

313 3067 504 3132 ciant,
558 3081 736 3122 sacra
788 3063 1101 3136 Scriptura
1150 3063 1327 3118 verba
1373 3077 1605 3133 semper
1649 3060 1976 3116 attendant.

2084 571 2286 642 iniqua
2315 572 2634 630 intentione
2657 576 2967 646 profertur,
2989 593 3104 632 non
3135 577 3571 635 attendentibus
3602 579 3731 638 ideo

2083 677 2143 714 se
2178 661 2285 716 hac
2321 661 2573 718 falsitate
2596 662 2970 736 deludi,quia
2997 667 3437 738 nequamillum
3468 670 3729 736 oculum,

2083 749 2153 804 de
2183 766 2298 820 quo
2329 750 2616 807 Dominus
2647 751 2705 806 in
2736 753 3047 825 Evangelio
3077 755 3217 812 dicit
3250 772 3263 811 :
3299 755 3359 812 Si
3387 757 3732 813 oculus-tuus

2080 855 2316 910 nequam
2362 840 2561 912 fuerit,
2595 845 2768 896 totum
2795 844 3007 914 {corpus
3057 848 3211 900 tuum
3251 846 3594 903 tenebrosum
3621 849 3733 903 erit

2083 929 2295 998 (Matth.
2328 929 2429 999 v1),
2464 930 2741 985 retinent.

2153 1017 2415 1088 Nequam
2447 1019 2697 1088 profecto
2726 1024 2816 1075 est
2855 1020 3059 1076 oculus
3108 1021 3210 1078 illa
3240 1039 3440 1096 prava
3463 1024 3730 1097 intentio,

2083 1121 2200 1176 qua
2229 1105 2476 1178 quilibet
2529 1105 2718 1162 aliena
2765 1113 3048 1180 appetens
3097 1111 3258 1166 omni
3290 1103 3473 1169 modo.
3509 1112 3735 1170 laborat

2081 1199 2200 1274 tam
2261 1195 2492 1268 scriptis
2550 1213 2726 1268 quam
2775 1197 3116 1271 vulgaribus
3159 1199 3422 1271 judiciis,
3482 1201 3736 1274 qualiter

2083 1301 2368 1355 pauperes
2399 1290 2456 1340 et
2477 1285 2774 1357 simplices
2797 1287 3206 1359 supplantans,
3233 1290 3476 1362 antiqua
3499 1294 3732 1347 sancto-

2083 1389 2213 1428 rum
2245 1377 2485 1428 Patrum
2510 1375 2737 1430 decreta
2765 1375 3062 1448 dissipans
3088 1377 3419 1434 desiderata
3447 1379 3729 1448 obtineat,

2084 1479 2197 1517 non
2230 1464 2543 1518 attendens
2565 1464 2718 1534 quod
2751 1465 3036 1522 Dominus
3067 1483 3170 1538 per
3199 1467 3546 1539 prophetam
3573 1484 3731 1524 com-

2083 1551 2362 1614 minatur,
2423 1551 2625 1607 dicens
2677 1571 2690 1608 :
2749 1555 2836 1610 Va?
2875 1557 2972 1626 qui
3030 1555 3268 1612 condunt
3335 1558 3475 1627 leges
3511 1558 3733 1628 iniquas

2083 1639 2234 1709 (1δαὶ.
2268 1643 2346 1706 x).
2382 1639 2448 1693 Et
2474 1639 2683 1695 iterum
2720 1659 2732 1696 :
2770 1642 2860 1698 Va
2887 1644 2989 1714 qui
3033 1643 3228 1699 dicunt
3267 1645 3467 1700 bonum
3496 1648 3731 1712 malum,

2081 1731 2130 1783 et
2159 1729 2370 1783 malum
2411 1731 2632 1799 bonum,
2675 1739 2933 1800 ponentes
2980 1735 3230 1788 tenebras
3257 1734 3319 1787 in
3365 1734 3541 1790 lucem
3567 1742 3619 1789 et
3649 1734 3733 1788 lu-

2081 1832 2195 1871 cem
2224 1819 2285 1871 in
2310 1818 2560 1872 tenebras
2608 1819 2766 1881 (Isai.
2800 1819 2878 1889 v).
2914 1820 3127 1876 Lucem
3177 1820 3235 1874 in
3267 1822 3538 1878 tenebras
3567 1821 3734 1894 ponit

2085 1905 2186 1976 qui
2218 1922 2392 1960 sacra
2446 1906 2755 1978 Scriptura
2786 1908 2961 1963 verba
3007 1924 3272 1980 perverse
3309 1909 3642 1982 intelligens
3670 1910 3732 1966 in

2084 1994 2298 2050 erroris
2347 1995 2437 2050 sui
2488 1995 2967 2068 supplementum
3017 1999 3219 2065 sumit,
3281 1998 3434 2055 sicut
3477 1999 3733 2058 haretici

2086 2083 2258 2139 multi
2288 2083 2494 2141 fecisse
2527 2085 2822 2156 leguntur.

2157 2173 2286 2228 Hac
2325 2178 2520 2229 autem
2575 2174 2702 2230 ideo
2753 2175 2973 2247 aliquid
3004 2175 3176 2232 solito
3224 2176 3505 2248 prolixius
3553 2177 3732 2248 edidi,

2086 2261 2243 2333 quia,
2269 2279 2368 2331 pro
2394 2263 2592 2318 dolor!
2619 2280 2870 2336 agnosco
2894 2281 3049 2319 nunc
3072 2281 3218 2336 pene
3238 2281 3444 2326 omnes
3459 2272 3731 2336 rectores,

2086 2355 2205 2406 tam
2240 2350 2481 2407 clericos
2511 2368 2688 2423 quam
2719 2351 2921 2419 laicos,
2958 2352 3039 2408 nil
3073 2354 3261 2426 magis
3292 2355 3525 2412 studere
3554 2372 3734 2428 quam

2086 2440 2277 2496 aliena
2305 2456 2530 2512 rapere.
2571 2440 2987 2497 Verumtamen
3019 2443 3262 2498 clericos
3292 2446 3364 2499 ab
3394 2443 3737 2515 hujusmodi

2087 2530 2291 2584 morbo
2325 2529 2488 2585 nulla
2520 2546 2658 2586 cura
2693 2529 2826 2602 plus
2857 2546 3034 2602 quam
3068 2531 3381 2603 Scriptura
3412 2549 3589 2589 sacra
3617 2532 3736 2590 lec-

2088 2619 2168 2674 tio
2201 2624 2457 2683 sanaret,
2491 2619 2540 2674 si
2570 2635 2699 2675 eam
2746 2619 2941 2676 studio
2970 2623 3200 2676 tantum
3231 2622 3612 2692 agnoscenda
3644 2637 3738 2682 ve-

2088 2706 2280 2762 ritatis
2312 2724 2549 2780 suaque
2583 2707 3018 2764 emendationis
3062 2723 3245 2764 causa
3274 2725 3512 2765 summa
3540 2709 3738 2766 humi-

2091 2796 2250 2852 litate
2301 2797 2758 2868 frequentarent,
2793 2801 2973 2853 Deum
3016 2797 3241 2870 jugiter
3286 2815 3392 2870 pro
3440 2797 3735 2856 intellectu

2087 2901 2234 2957 puro
2263 2890 2586 2941 exorantes.
2616 2886 2761 2941 Nam
2793 2886 2894 2958 qui
2925 2885 3038 2941 alia
3066 2885 3389 2942 intentione
3415 2886 3605 2960 legere
3636 2904 3740 2944 so-

2061 2973 2211 3030 "lent
2242 2972 2466 3028 nullam
2489 2973 2927 3030 adiﬁcationem
2959 2975 3166 3030 exinde
3187 2974 3482 3048 percipere
3512 2992 3740 3033 meren-

2088 3068 2205 3133 tur,
2229 3063 2329 3119 sed
2365 3063 2431 3117 fit
2461 3063 2519 3118 in
2551 3063 2634 3119 eis
2666 3065 2820 3135 quod
2846 3063 3132 3136 scriptum
3162 3065 3489 3122 est20cutos
3513 3065 3738 3131 habent,

289 3151 954 3216 'Demonstravitetiam
968 3151 1140 3208 nobis
1153 3151 1437 3206 Dominus
1458 3149 1516 3204 in
1537 3167 1644 3206 sua
1663 3148 1981 3204 tentatione
2090 3160 2140 3208 et
2164 3167 2273 3207 non
2302 3152 2570 3209 videbunt
2596 3173 2615 3220 ,-
2645 3168 2805 3209 aures
2833 3151 3056 3224 habent,
3088 3154 3138 3209 el
3165 3170 3282 3209 non
3309 3153 3539 3210 audient
3567 3155 3738 3226 (Psal.

317 3248 556 3317 quanta
587 3241 908 3299 calliditate
937 3240 1204 3296 diabolus
1260 3255 1486 3295 sacram
1518 3237 1879 3309 Scripturam
1910 3236 1977 3291 ad
2014 3226 2056 3292 C
2093 3239 2282 3311 cxm).'

319 3332 635 3405 pravitatis
665 3341 785 3388 sua
835 3329 1215 3386 intentionem
1265 3329 1491 3384 ﬂectere
1540 3331 1800 3382 conetur.
1834 3325 1978 3380 Cum

319 3423 500 3480 enim
522 3420 608 3476 illi
637 3437 816 3492 supra
838 3418 1220 3491 pinnaculum
1243 3417 1445 3490 templi
1474 3420 1690 3472 statuto
1709 3430 1980 3487 suggere-

283 3516 442 3577 ntet,
463 3511 670 3566 dicens
697 3526 712 3564 :
738 3509 888 3565 Mitte
917 3517 968 3564 te
985 3509 1243 3565 deorsum
1267 3507 1476 3578 (Ibid.),
1505 3521 1642 3560 mox
1659 3502 1980 3559 Psalmista

317 3597 696 3669 dicta,quasi
715 3597 785 3653 ad
803 3596 858 3652 id
875 3598 1028 3669 quod
1055 3596 1408 3668 suggerebat
1437 3593 1572 3649 olim
1594 3591 1982 3664 pranuntiata

309 3687 606 3751 fuissent,
654 3685 957 3756 subjunxit
1001 3702 1015 3739 :
1066 3686 1342 3755 Scriptum
1389 3691 1484 3749 est,
1518 3682 1812 3753 inquiens,
1853 3682 1983 3751 quia

289 3823 298 3838 ι
323 3777 545 3849 tangatis
570 3777 694 3833 sui:
713 3775 998 3832 mandavit
1026 3775 1090 3830 de
1119 3782 1170 3830 te
1200 3776 1259 3828 ut
1307 3774 1368 3827 in
1395 3775 1652 3827 manibus
1686 3771 1882 3826 tollant
1909 3777 1982 3836 te,

293 3905 296 3908 η
322 3882 394 3924 ne
423 3881 679 3938 unquam
708 3863 953 3936 offendas
981 3863 1052 3918 ad
1099 3862 1339 3934 lapidem
1364 3861 1558 3934 pedem
1588 3864 1744 3915 tuum
1776 3858 1981 3930 (Ibid.).

287 3993 308 3996 -τ
325 3954 688 4027 Huiusmodi
708 3952 852 4026 igitu
863 3951 1188 4010 rdiabolica
1200 3951 1458 4008 versutia
1472 3965 1847 4021 nequaquam
1871 3964 1988 4003 cre-

305 4045 530 4104 denda
579 4047 670 4099 est
719 4043 939 4098 frustra
985 4041 1228 4113 prolata,
1275 4040 1374 4096 sed
1424 4039 1630 4095 exinde
1680 4039 1991 4093 edocemur

332 4139 561 4207 quanta
589 4148 732 4188 cura
752 4129 923 4186 nobis
944 4130 1024 4186 sit
1049 4133 1260 4186 contra.
1281 4128 1546 4184 eamdem
1563 4127 1881 4183 versutiam
1913 4125 1994 4180 vi-

303 4222 670 4296 gilandum.
699 4219 838 4292 Agit
865 4219 1026 4274 enim
1049 4218 1108 4273 in
1140 4217 1311 4273 nobis
1339 4216 1624 4288 quotidie,
1649 4232 1777 4287 qua
1811 4213 1992 4270 semel

332 4313 398 4368 in
427 4309 678 4368 Domino
709 4308 1088 4381 praesumpsit
1114 4322 1306 4380 agere,
1329 4310 1562 4361 tentans
1592 4304 1860 4360 videlicet
1887 4321 1994 4360 nos

337 4399 717 4456 fraudulenta
763 4414 939 4454 sacra
967 4395 1297 4467 Scriptura
1344 4393 1603 4451 illatione
1646 4393 1707 4448 in
1737 4409 1993 4450 errorem

329 4487 596 4561 aliquem
626 4487 924 4546 inducere.

958 4635 1187 4692 CAPUT
1227 4634 1372 4690 XIV.

301 4747 558 4806 ‘Contra;
569 4761 806 4818 pmvam
835 4745 1048 4800 divinae
1073 4743 1375 4818 Scriptura
1404 4741 1929 4818 interpretationem,
1948 4747 1999 4795 et

580 4812 888 4874 avaritiam
914 4812 1381 4888 rapacitatemque
1409 4812 1751 4867 clericorum.

406 4971 528 5026 Nec
560 4969 801 5036 mirum,
821 4967 871 5023 si
900 4967 1145 5022 Satanas
1167 4981 1394 5020 sacram
1425 4962 1787 5034 Scripturam
1812 4962 1998 5017 simu-

337 5059 459 5117 lata
493 5057 755 5131 qualibet
777 5057 947 5127 justa
968 5055 1191 5110 ratione
1222 5054 1292 5108 ad
1318 5069 1486 5108 suam
1520 5051 1842 5122 nequitiam
1874 5067 1998 5106 ver-

334 5155 462 5206 tere
485 5146 804 5218 valeat,qui
835 5162 897 5202 se
925 5144 985 5199 in
1010 5143 1284 5216 angelum
1309 5140 1997 5212 lucistransﬁguratSed

335 5240 566 5310 quanto
600 5234 808 5305 maiori
863 5233 1180 5290 calliditate
1228 5247 1397 5286 suam
1432 5229 1754 5300 nequitiam
1805 5233 2003 5286 conte-

335 5341 481 5398 gere
532 5323 714 5389 novit,
749 5327 911 5377 tanto
964 5320 1096 5392 plus
1127 5319 1504 5391 pracavenda
1551 5322 1639 5373 est
1688 5335 1722 5372 a
1775 5317 2002 5374 cunctis

337 5413 641 5479 fidelibus,
674 5411 931 5466 maxime
962 5427 996 5472 a
1025 5407 1221 5465 saculi
1243 5407 1546 5478 judicibus
1569 5411 1626 5463 et
1657 5407 1998 5462 rectoribus.

337 5501 484 5558 Illos
495 5502 752 5573 denique
763 5499 814 5556 si
829 5498 1070 5554 avaritia
1087 5497 1458 5553 solummodo
1475 5512 1641 5550 corru
1651 5495 2003 5567 perit,tantis

339 5591 434 5647 vel
453 5607 648 5646 «sacra
672 5589 988 5662 Scriptura
1009 5585 1379 5651 testimoniis,
1405 5583 1494 5640 vel
1520 5584 1782 5638 saeculari
1812 5587 2006 5640 facun-

338 5681 445 5740 dia
478 5681 551 5738 ad
585 5694 656 5740 ea
681 5695 810 5754 qua
839 5677 1058 5751 injuste
1088 5675 1350 5734 obtinere
1379 5672 1660 5748 gestiunt,
1688 5673 2006 5732 obtinenda

2165 3330 2375 3385 Eadem
2437 3346 2572 3386 vero
2624 3332 2874 3398 cacitas,
2937 3347 3062 3402 qua
3135 3332 3362 3388 clericis
3405 3349 3474 3388 ex
3519 3331 3744 3388 libralis

2093 3419 2198 3488 [sic
2227 3426 2454 3488 uterque
2479 3417 2595 3472 cod.
2620 3434 2641 3479 ;
2686 3421 2826 3488 forte
2854 3421 2956 3488 leg.
2989 3417 3273 3489 liberalis]
3322 3419 3582 3474 scientia
3610 3435 3743 3490 eve-

2097 3508 2185 3561 nit
2215 3505 2520 3575 abusione,
2554 3505 2718 3561 laicis
2768 3507 3027 3562 nascitur
3057 3522 3126 3562 ex
3155 3506 3452 3562 sacularis
3504 3507 3742 3578 sapien-

2094 3593 2186 3648 tia
2218 3592 2690 3664 prasumptione.
2723 3596 2866 3647 Cum
2911 3593 3068 3648 enim
3099 3598 3323 3649 tantam
3356 3594 3622 3666 peritiam
3655 3593 3744 3649 di-

2096 3682 2259 3738 cendi
2313 3681 2588 3754 qualibet
2629 3687 2686 3736 et
2734 3682 3083 3738 defendendi
3138 3683 3410 3749 habeant,
3447 3687 3511 3738 ut
3557 3683 3615 3738 in
3661 3681 3746 3738 eis

2097 3772 2292 3844 ipsum
2323 3769 2583 3825 Tullium
2618 3771 3015 3843 disputantem
3051 3777 3308 3843 putares,
3329 3776 3621 3844 tantaque
3651 3788 3745 3828 sa-

2100 3860 2328 3933 pientia
2361 3863 2644 3916 talentum
2694 3876 2762 3916 ex
2796 3861 2906 3916 Deo
2955 3860 3284 3932 acciperent
3324 3879 3502 3917 causa
3552 3861 3747 3918 defen-

2099 3950 2273 4004 dendi
2306 3948 2604 4020 simplices
2635 3954 2691 4004 et
2731 3965 3037 4022 pauperes,
3072 3949 3156 4004 illi
3189 3955 3444 4016 econtra,
3475 3966 3508 4005 ο
3539 3949 3742 4006 nefasl

2100 4038 2354 4094 avaritia
2387 4037 2611 4093 facibus
2642 4038 3014 4106 inflammati,
3047 4044 3104 4094 et
3132 4039 3204 4094 ob
3237 4039 3343 4095 hoc
3374 4057 3613 4111 prorsus
3643 4041 3748 4095 ob-

2102 4126 2318 4194 cacati,
2365 4143 2735 4198 quorumque
2777 4128 2929 4182 bona
2984 4133 3232 4198 possunt
3279 4129 3581 4196 devorant,
3610 4145 3747 4184 ven-

2103 4220 2252 4270 trem
2284 4231 2386 4285 pro
2434 4218 2568 4285 Deo,
2604 4214 2947 4286 temporalia
2997 4213 3162 4270 lucra
3197 4231 3294 4287 pro
3325 4219 3540 4272 aterna
3569 4214 3748 4271 felici-

2106 4309 2224 4359 tate
2255 4307 2539 4359 amantes.

2735 4463 2965 4519 CAPUT
3004 4463 3119 4518 XV.

2024 4593 2072 4658 D
2176 4572 2390 4626 Divina
2415 4571 2639 4642 pietatis
2659 4577 2735 4626 est
2761 4572 3032 4658 virtutum
3059 4575 3109 4625 et
3138 4571 3399 4627 vitiorum
3419 4572 3681 4644 exemplis

2736 4649 2880 4697 recta
2907 4640 3111 4697 docere.

2175 4787 2320 4839 Item
2349 4801 2421 4839 ne
2449 4784 2520 4839 de
2551 4781 3041 4855 promissionibus
3094 4782 3219 4840 suis
3248 4799 3512 4855 unquam
3545 4783 3752 4859 despe-

2105 4889 2324 4939 remus,
2357 4871 2637 4943 exemplis
2676 4871 3030 4942 quibusdam
3085 4871 3284 4928 docuit
3313 4888 3420 4929 nos
3450 4875 3750 4934 Dominus.

2108 4962 2381 5018 Promisit
2410 4960 2664 5031 denique
2695 4959 3000 5031 discipulis
3045 4960 3170 5016 suis
3201 4961 3496 5034 simulque
3525 4963 3754 5020 cunctis

2105 5051 2165 5106 in
2216 5067 2279 5106 se
2325 5049 2706 5117 credentibus,
2760 5050 3008 5106 dicens:
3046 5051 3144 5108 Ubi
3171 5053 3300 5106 sunt
3345 5051 3472 5118 duo,
3525 5054 3606 5108 vel
3647 5057 3754 5108 tres

2106 5141 2424 5210 congregati
2454 5141 2515 5194 in
2563 5139 2786 5193 nomine
2814 5154 2950 5204 meo,
2994 5140 3075 5195 ibi
3100 5156 3223 5195 sum
3255 5143 3314 5195 in
3360 5141 3536 5197 medio
3565 5157 3757 5198 eorum

2109 5230 2314 5301 (Matth.
2349 5228 2534 5297 xvm).
2569 5228 2731 5294 Quod
2785 5232 2923 5299 quia
2973 5243 3204 5300 semper
3252 5229 3493 5301 impleat
3522 5229 3755 5302 spirita-

2110 5319 2242 5373 liter
2298 5317 2612 5390 aliquando
2669 5315 2854 5372 voluit
2897 5317 3323 5372 demonstrare
3379 5319 3759 5390 corporaliter

2109 5408 2255 5462 Nam
2287 5424 2419 5462 cum
2473 5405 2778 5478 discipulis
2827 5405 2952 5460 suis
2983 5407 3055 5461 ad
3108 5405 3410 5462 castellum
3459 5409 3757 5478 quoddam

2111 5496 2390 5552 euntibus
2420 5500 2476 5551 et
2505 5496 2573 5550 de
2597 5511 2658 5550 se
2687 5493 3177 5565 colloquentibus,
3200 5493 3325 5566 ipse
3357 5495 3646 5568 Christus,
3670 5512 3758 5552 re-

2114 5589 2284 5657 pente
2315 5601 2624 5656 apparens,
2651 5584 2772 5638 ibat
2803 5599 2936 5638 cum
2968 5582 3085 5638 illis
3111 5601 3123 5651 ;
3160 5585 3361 5657 sicque
3391 5602 3591 5642 eorum
3625 5603 3760 5642 con-

2110 5674 2298 5733 viator
2326 5673 2585 5743 effectus,
2619 5672 2755 5730 licet
2799 5672 2870 5728 ab
2901 5672 2986 5729 eis
3034 5673 3440 5732 dubitantibus
3470 5673 3762 5748 imprimis
