4118 6188
377 415 456 475 79

388 564 506 605 non
551 544 705 602 esset
752 536 1006 612 agnitus,
1054 527 1349 593 omnibus,
1384 540 1509 596 quae
1565 521 1636 575 de
1683 517 1811 589 ipso
1844 513 2030 581 erant,
2061 510 2117 577 Α

389 632 709 710 Scripturis
741 622 1036 685 instruxit.

462 708 670 801 Docuit
699 736 876 793 etiam
907 729 1178 806 praelatos
1209 723 1463 797 quodam
1495 713 1758 786 exemplo
1790 708 2037 806 non_de-

392 838 528 893 bere
549 826 875 905 pracipites
895 836 1024 879 esse
1048 819 1109 874 in
1123 814 1369 888 judicio.
1384 810 1532 866 Nam
1563 822 1697 863 cum
1719 798 2038 874 quamdam

397 888 813 982 mulieremdn
862 907 1147 968 adulterio
1196 901 1622 976 deprehensam
1669 888 1858 948 Judaei
1907 889 2041 943 ante

394 975 975 1073 i—l—lum‘deducerent,
1007 1001 1064 1056 et
1091 1011 1193 1068 pro
1226 985 1587 1062 ‘hujusmodi
1625 980 1867 1037 crimine
1889 975 2045 1073 judi-

403 1106 563 1163 cium
590 1099 778 1173 ipsius
806 1091 1198 1165 exquirerent,
1229 1098 1346 1138 non
1395 1076 1594 1134 statim
1626 1088 1728 1145 pro
1759 1064 2044 1138 exquisito

402 1153 707 1266 respondit
751 1182 995 1257 judicio,
1030 1177 1132 1234 sed
1180 1170 1471 1229 inclinans
1522 1181 1584 1220 se
1613 1156 1955 1232 aliquandiu
1986 1153 2045 1207 in

1184 1264 1201 1266 “
1474 1256 1483 1266 “
1596 1254 1609 1266 ‘
1771 1264 1782 1266 μ
1814 1265 1820 1266 κ
1842 1264 1863 1266 _
1896 1242 2020 1266 --2.1-

404 1242 907 1352 ié§§§,—§é£i£ebat
936 1242 1118 1341 digito
1150 1264 1332 1334 (Joan.
1364 1256 1511 1326 VIII),
1543 1254 1866 1309 admonens

408 1332 800 1430 Ioannes
847 1332 1048 1417 ﬁdeles
1103 1332 1212 1410 hoc
1262 1350 1411 1405 facto
1468 1349 1554 1410 ut,
1586 1332 2053 1430 cum‘quselibet

405 1462 549 1521 vitia
604 1455 1002 1532 proximorum
1051 1440 1439 1515 conspiciunt,
1482 1432 1569 1489 vel
1628 1427 1892 1493 audiunt,
1936 1438 2052 1477 non

1317 1529 1325 1532 ³
1393 1525 1433 1532 ’⁵
1555 1527 1562 1532 ‘
1640 1523 1657 1532 '
1709 1526 1719 1532 -
1873 1530 1883 1532 ς
1950 1509 2032 1532 --.1

413 1509 549 1610 ante
601 1509 1253 1614 bievcﬂreprehendendo
1306 1525 1573 1599 judicent
1639 1509 2051 1614 [uterqueucod

408 1639 696 1714 judicare]
730 1647 905 1706 quam
951 1628 1019 1683 ad
1072 1617 1489 1680 conscientiam
1539 1625 1707 1667 suam
1754 1601 2059 1660 humiliter

1675 1702 1717 1714 ,ί
1794 1691 2057 1714 -ω,“-ι

417 1691 633 1786 ieversi
662 1691 1032 1781 dis‘cretionis
1061 1713 1242 1785 digito
1289 1722 1418 1763 eam
1449 1701 1760 1772 diligenter
1789 1691 2060 1763 sculpant

418 1780 477 1877 et
495 1780 569 1874 in
583 1780 679 1872 ea,
699 1811 838 1885 quid
893 1780 1185 1871 Conditori
1218 1797 1461 1871 placeat,
1495 1780 2063 1885 quidvendispliccat

1350 347 1731 478 ‘OOTHLONI
1775 374 2133 443 MONACHI
2176 372 2239 432 s.
2285 360 2780 430 EMMERAMMI

3709 339 3791 400 80
3876 368 3877 373 η

2759 489 2989 549 CAPUT
3026 485 3171 543 XVI.

2146 610 2456 669 Ostenditur
2485 603 2736 674 exemplo
2782 598 2985 674 Christi
3027 610 3128 674 per
3153 589 3510 674 faciliorauet
3535 583 3796 674 planiora

2216 658 2286 739 Eia
2306 658 2698 751 'd'if‘fici'liorum
2749 680 2799 727 et
2840 658 3217 727 obscurimum
3265 658 3629 731 cognitionem
3650 658 3798 727 {pro-

2222 750 2583 824 grediendum
2611 762 2739 803 esse.
3596 774 3597 777 η

2223 916 2423 971 Heinr.
2476 905 2753 975 Quamvis
2787 903 2906 959 sint
2950 900 3155 956 sancta
3185 898 3242 951 et
3292 888 3621 949 necessaria
3648 885 3804 953 vitae,

2154 1021 2282 1078 quas
2305 1004 2433 1074 jam
2482 993 2795 1070 protulisti,
2828 989 3200 1052 documenta,
3232 982 3437 1039 ardore
3479 982 3676 1034 tamen
3710 991 3807 1031 so-

2156 1065 2420 1158 lutionis,
2450 1065 2629 1160 quam
2674 1081 2936 1154 exquiro,
2965 1078 3237 1132 videntur
3265 1070 3525 1127 taediosa.
3557 1065 3723 1122 Unde
3753 1065 3812 1119 et

2157 1184 2266 1239 hoc
2298 1178 2445 1235 mihi
2496 1190 2692 1248 quaeso
2724 1167 2968 1226 reserari
3002 1183 3104 1221 cur
3152 1164 3213 1219 in
3244 1162 3337 1217 his
3364 1157 3510 1214 velis
3556 1160 3678 1211 tam
3711 1151 3813 1231 diu

2159 1267 2489 1333 immorari,
2523 1262 2693 1337 quasi
2723 1260 2840 1327 illa,
2872 1274 2997 1330 quae
3029 1252 3188 1327 petii,
3239 1245 3579 1323 quaestionis
3609 1257 3816 1316 propo-

2161 1361 2286 1416 sitae
2318 1357 2473 1412 dicta
2500 1368 2743 1426 prorsus
2775 1348 3054 1404 omittens
3073 1344 3101 1398 ?

2236 1447 2296 1503 0.
2330 1422 2520 1518 Ipsius
2552 1439 2785 1497 Domini
2838 1434 3026 1509 nostri
3057 1433 3200 1489 Jesu
3245 1425 3461 1484 Christi
3506 1422 3703 1480 verbis
3731 1435 3822 1476 re-

2166 1537 2471 1610 spondeo:
2518 1530 2669 1600 Quod
2715 1528 2879 1599 facio,
2912 1529 2972 1580 tu
3022 1522 3201 1579 nescis
3250 1516 3428 1583 modo,
3460 1515 3595 1570 scies
3636 1514 3827 1568 autem

2162 1633 2349 1701 postea
2380 1624 2557 1695 (Joan.
2591 1618 2737 1690 xm).

2242 1719 2316 1770 Η.
2365 1691 2752 1768 sanctissima
2799 1703 3038 1777 quidem
3088 1699 3263 1756 verba
3312 1691 3663 1773 audio;_sed
3710 1703 3829 1762 quo

2172 1805 2436 1870 tendant,
2468 1801 2696 1873 ignoro.

418 1906 625 1967 sedula
653 1896 1084 1959 examinatione
1112 1885 1453 1944 discutiant.
1485 1881 1594 1935 Per
1623 1871 2061 1967 inclinatio-nem
2094 1898 2142 1964 Β
2244 1893 2306 1950 0.
2340 1869 2562 1947 Di'cmil.
2599 1885 2944 1955 Ubicunque
2976 1879 3158 1952 igitur
3186 1877 3458 1943 obscura,
3489 1869 3578 1928 vel
3603 1869 3829 1942 ignota,

419 1956 857 2066 idesu
887 1980 1214 2045 humilitas,
1249 1991 1349 2047 per
1399 1969 1647 2043 digitum
1697 1956 2066 2066 discretionis

426 2044 743 2150 subtilitas,
766 2093 870 2151 per
894 2078 1109 2130 terram
1141 2082 1274 2123 vero
1296 2079 1396 2119 cor
1421 2060 1772 2123 humanum,
1805 2047 1960 2121 quod
1981 2044 2071 2100 vel

428 2180 739 2240 bonarum,
761 2135 850 2224 vel
871 2162 1158 2221 malarum
1191 2153 1487 2211 actionum
1514 2144 1662 2203 solet
1682 2140 1921 2197 reddere
1951 2135 2071 2190 fru-

502 2358 1209 2437 Similiterjquoquejvere
1259 2344 1675 2424 penitentibus
1705 2341 1761 2394 et
1793 2334 2076 2392 instanter

431 2420 1030 2522 orantibusiihristbs
1060 2420 1325 2514 exempla
1345 2436 1506 2493 dedit
1529 2452 1543 2503 ;
1570 2429 1923 2522 poenitentes
1951 2420 2079 2493 qui-

436 2516 677 2610 den—17in
721 2546 892 2601 beata
939 2536 1125 2594 Maria
1167 2526 1531 2602 Magdalena,
1565 2520 1850 2576 instanter
1881 2516 2076 2610 autem

434 2651 666 2703 orantes
694 2639 758 2693 in
796 2630 1041 2690 muliere
1069 2623 1396 2680 Cbananaea
1441 2614 1759 2668 instruens.
1794 2604 1920 2659 Ηερο
1968 2599 2075 2672 igi-

439 2823 692 2882 maxime
722 2779 1077 2873 dttendenda
1103 2804 1263 2868 sunt,
1297 2795 1436 2869 quia
1481 2786 1743 2860 nequitia
1771 2779 2079 2847 diabolica,

439 2908 708 2987 quamvis
745 2906 806 2960 in
853 2911 1058 2958 omnes
1106 2887 1309 2947 ﬁdeles
1339 2876 1740 2955 impugnando
1789 2868 2081 2938 desaeviat,

1515 2982 1657 2987 κέλ-ψ
1714 2964 2079 2987 -ι-ιι--ιιιηηηηη

441 2964 698 3074 ἐωριὶιιε
743 2999 941 3050 tamen
987 3001 1108 3050 eos,
1139 2994 1287 3052 quos
1318 2989 1420 3046 per
1466 2982 1664 3025 veram
1714 2964 2084 3074 peccatorum

1233 3071 1240 3074 _
1403 3059 1437 3074 ,.
1529 3057 1538 3067 .
1622 3049 1960 3074 ,__,__,,_M
2014 3062 2040 3074 ﬂ

443 3044 686 3148 suotrum
739 3074 1146 3156 pmnitentiam
1194 3071 1251 3123 et
1296 3057 1576 3120 orationis
1622 3049 1965 3108 instantiam
2013 3044 2087 3101 ad

1328 3151 1414 3156 --›
1480 3148 1490 3156 -
1766 3144 1776 3156 .
2037 3138 2084 3156 ,ι

793 3167 1102 3237 confugere
1146 3151 1445 3230 perspicit,
1477 3144 1807 3237 impugnat.
1840 3135 2002 3237 Unde
2031 3138 2089 3189 et

449 3269 645 3344 plures
675 3255 936 3319 conversi
966 3254 1142 3308 tanta;
1166 3234 1630 3315 impugnationis
1662 3228 1930 3287 molestia
1959 3240 2090 3297 gra-

445 3324 584 3427 itati,
616 3349 1109 3424 desperantesque
1137 3337 1288 3392 hanc
1331 3330 1390 3385 in
1435 3324 1681 3383 Domino
1715 3333 1884 3392 posse
1914 3329 2092 3386 supe-

449 3406 590 3513 rari’,
623 3444 694 3499 ad
723 3406 1017 3496 ‘vitiorum
1065 3418 1573 3485 consuetudinem,
1607 3411 1768 3483 quasi
1816 3406 1968 3462 canis
2009 3417 2094 3457 re-

448 3497 635 3596 versus
667 3530 744 3589 ad
771 3527 1036 3585 vomitum
1062 3533 1224 3574 suum
1253 3513 1324 3584 (II
1352 3502 1625 3574 Petr.‘11),
1656 3497 1974 3555 redierunt.

524 3646 590 3701 In
618 3640 853 3696 Simone
899 3631 1075 3687 etiam
1128 3624 1321 3692 Mago,
1372 3613 1473 3685 qui
1521 3622 1625 3683 pro
1665 3623 1730 3662 eo
1780 3602 1937 3701 quod
1983 3598 2102 3701 spi:

458 3731 651 3791 ritalia
707 3727 861 3782 dona
912 3734 1045 3775 cum
1094 3707 1342 3785 pecunia
1412 3710 1747 3770 comparare
1796 3692 1963 3746 nisus
2012 3689 2103 3742 est

458 3824 590 3898 (Act.
621 3816 767 3889 vm),
800 3825 938 3869 nam
980 3803 1197 3876 legitur
1242 3796 1299 3850 id
1332 3808 1448 3848 non
1500 3782 1809 3898 perfecisse
1838 3780 1939 3834 sed
1975 3781 2100 3898 ttin-

455 3866 767 3970 tummodb
792 3900 924 3967 niti,
956 3911 1070 3951 non
1101 3888 1292 3947 solum
1344 3879 1570 3937 veniam
1603 3870 1828 3930 nullam
1860 3884 1962 3940 pro
1994 3866 2103 3920 hu-

452 3996 719 4075 jusmodi
747 3990 917 4063 culpa
947 3979 1221 4046 obtinuit,
1254 3973 1355 4031 sed
1385 3969 1562 4026 etiam
1595 3960 1820 4020 malitia
1849 3956 2107 4013 maxima

1255 4064 1269 4075 .
1328 4061 1367 4075 ..
1414 4060 1450 4075 ..
1546 4072 1560 4075 A
1594 4066 1902 4075 unum“
1932 4047 2085 4075 ,6“

459 4047 782 4147 bbcaecatus
802 4047 1133 4144 aeternaque
1160 4060 1567 4123 maledictione
1590 4066 1904 4128 percussus
1932 4047 2108 4102 inter-

459 4179 548 4235 iit.
580 4178 645 4232 In
701 4173 830 4241 hoc,
870 4168 1139 4238 inquam,
1185 4156 1420 4211 Simone
1475 4152 1627 4203 Deus
1678 4155 1882 4198 omnes
1925 4135 2105 4193 eccle-

465 4264 689 4326 siastici
718 4257 940 4318 ordinis
981 4253 1135 4309 viros
1165 4241 1403 4302 instruit
1434 4254 1524 4308 ne,
1557 4229 1838 4307 spiritalis
1869 4225 2105 4298 regimi-

462 4358 557 4415 nis
588 4347 989 4410 monarchiam
1019 4337 1202 4413 pretio
1248 4339 1478 4389 terreno
1528 4334 1865 4393 comparare
1894 4332 2108 4388 prensu-

463 4449 711 4513 mentes,
739 4436 956 4497 similia
981 4430 1295 4504 patiantur.
1321 4417 1493 4475 Semel
1524 4413 1701 4481 enim,
1735 4412 1797 4463 ut
1823 4405 2104 4476 scriptum

456 4543 567 4609 est,
600 4495 840 4605 loquitur
888 4526 1026 4580 Deus
1076 4526 1126 4574 et
1177 4510 1409 4571 secundo
1456 4521 1571 4562 non
1616 4499 1815 4569 repetit
1861 4495 2107 4564 idipsum

1520 4595 1531 4609 '
1666 4608 1685 4609 η
1719 4589 1952 4609 Luxu...
2009 4583 2081 4609 η..

459 4583 852 4702 ὗᾶὶίῖέέέιι).
897 4614 1168 4681 Ideoque,
1201 4619 1327 4676 quae
1357 4595 1536 4702 semel
1589 4589 1958 4702 pertbeatum
2009 4583 2107 4702 13e-

457 4672 616 4773 trum
656 4672 989 4785 apostlolum
1040 4700 1099 4754 in
1131 4694 1368 4751 Simone
1417 4680 1735 4747 damnavit,
1770 4678 1828 4731 in
1878 4672 2106 4730 cunctis

1313 4779 1352 4785 -.
1584 4771 1598 4785 ,
1773 4781 1879 4785 πμ
1918 4760 2074 4785 μΔ-Λε

460 4802 641 4862 simul
683 4760 958 4873 perpetuo
1006 4790 1267 4849 damnat,
1298 4779 1499 4835 dicens
1531 4771 1603 4828 ad
1655 4781 1887 4824 omnem
1918 4760 2106 4818 homi-

461 4909 595 4951 nem
626 4857 884 4945 Siinobis
913 4879 1179 4952 ejusdem
1209 4872 1555 4930 sectatorem
1591 4878 1603 4917 :
1636 4857 1878 4915 Pecunia
1907 4862 2002 4908 tua
2032 4859 2107 4906 te-

458 4998 587 5042 cum
613 4980 691 5035 sit
720 4977 779 5032 in
805 4971 1111 5047 perditione
1140 4963 1278 5036 (Act.
1309 4957 1453 5028 vm).

530 5087 662 5144 Haec
689 5082 871 5157 igitur
895 5074 1093 5134 omnia
1138 5069 1367 5139 aliaque
1392 5063 1485 5118 his
1516 5056 1751 5123 similia,
1785 5067 1912 5124 quae
1943 5063 2105 5120 repe-

460 5177 562 5235 riri
592 5140 842 5249 possunt
884 5174 1007 5224 tam
1052 5164 1111 5217 in
1142 5156 1365 5215 Veteris
1414 5166 1591 5224 quam
1625 5149 1683 5202 in
1738 5140 1880 5198 Novi
1910 5140 2108 5194 Testa-

462 5231 645 5324 menlti
670 5258 936 5327 historia,
968 5251 1233 5311 omnium
1258 5242 1520 5301 fidelium
1553 5240 1693 5292 sunt
1721 5231 2102 5293 documenta;

458 5362 517 5414 et
545 5356 605 5411 in
643 5354 737 5408 his
784 5348 937 5406 valet
984 5340 1301 5399 admodum
1333 5325 1687 5388 considerari
1738 5323 1959 5394 quanta
2004 5315 2104 5372 Dci

462 5446 540 5501 sit
569 5439 903 5513 benignitas
933 5434 1085 5490 circa
1110 5425 1399 5491 homines,
1433 5417 1669 5491 quibus,
1703 5410 1840 5483 quid
1872 5406 1960 5463 vel
1994 5403 2108 5460 sibi

1589 5505 1603 5513 .
1762 5501 1783 5513 ,.
1856 5497 1892 5513 ,.
1986 5493 2077 5513 μμ

455 5493 824 5608 placweatfvel
869 5521 1193 5594 displiceat,
1226 5515 1287 5570 in
1317 5505 1708 5585 quorumdam
1758 5497 1930 5555 factis
1977 5493 2104 5566 dig—

456 5626 633 5687 natur
654 5618 875 5694 jugiter
900 5611 1195 5671 intimare.

2179 1982 2264 2042 vel
2294 1978 2559 2036 difficilia
2576 1970 3035 2046 simplicioribus
3066 1972 3123 2024 et
3139 1965 3337 2022 idiotis
3357 1965 3496 2019 sunt
3523 1956 3835 2022 tradenda,

2179 2072 2342 2146 prius
2372 2068 2571 2140 aliqua
2635 2044 2811 2137 plana
2838 2063 2896 2116 et
2924 2057 3157 2131 cognita
3202 2054 3478 2110 constant
3524 2044 3840 2113 edocenda,

2182 2168 2265 2230 ut,
2297 2162 2359 2215 in
2390 2159 2482 2213 his
2515 2151 2854 2217 assuefacti,
2886 2150 2959 2206 ad
3002 2144 3298 2217 incognita
3327 2146 3385 2197 et
3415 2141 3668 2197 obscura
3698 2132 3841 2190 faci-

2183 2252 2298 2307 lius
2364 2243 2725 2319 capessenda
2780 2238 3134 2311 quandoque
3199 2230 3608 2287 instituantur.
3671 2223 3841 2279 Hunc

2185 2353 2439 2410 namque
2483 2349 2707 2390 morem
2740 2328 3022 2385 Dominus
3073 2329 3195 2381 tam
3243 2322 3303 2376 in
3356 2317 3631 2393 operibus
3663 2327 3846 2386 quam

2182 2427 2374 2487 verbis
2407 2424 2532 2481 suis
2563 2423 2879 2477 observans
2902 2420 2960 2489 et
2990 2432 3078 2483 ea,
3111 2428 3237 2484 quae
3270 2407 3608 2483 nuperrime
3641 2406 3848 2476 protu-

2187 2517 2248 2584 li,
2286 2521 2341 2573 et
2373 2514 2487 2571 alia
2517 2510 2747 2568 inﬁnita
2775 2507 2957 2565 edidit
2987 2505 3162 2560 dicta.

2258 2606 2329 2660 Et
2360 2607 2423 2659 ut
2452 2602 2535 2657 ita
2570 2616 2697 2655 esse
2728 2593 3120 2669 perspicacius
3166 2587 3381 2645 intueri
3429 2584 3643 2650 valeas,
3673 2578 3841 2636 verbi

2190 2691 2471 2768 propositi
2502 2687 2849 2745 sententiam
2879 2683 2940 2738 in
2971 2681 3232 2738 medium
3252 2676 3640 2751 proferamus.
3667 2673 3839 2725 Petro

2190 2757 2387 2855 itaque
2429 2779 2824 2848 interrogante
2871 2776 2923 2829 et
2971 2770 3198 2827 dicente
3245 2765 3473 2821 Christo
3515 2779 3529 2818 :
3575 2762 3648 2816 Tu
3691 2757 3844 2815 mihi

2194 2849 2342 2929 lavas
2387 2870 2604 2943 pedes?
2652 2863 2953 2936 respondit
3002 2861 3128 2932 ipse
3174 2861 3230 2914 et
3278 2854 3424 2912 dixit
3473 2869 3486 2908 :
3547 2849 3700 2919 Quod
3747 2862 3843 2919 ego
3886 2858 3897 2870 '

2193 2962 2357 3035 facio,
2412 2962 2475 3013 tu
2528 2955 2704 3011 nescis
2759 2950 2938 3018 modo,
2994 2950 3127 3004 scies
3185 2946 3369 3000 autem
3423 2947 3605 3013 postea
3663 2937 3842 3008 (Joan.

2196 3023 2351 3121 xm);
2393 3048 2656 3118 Cumque
2708 3041 2788 3097 nil
2839 3038 2973 3113 plus
3004 3039 3075 3093 de
3122 3035 3301 3106 hujus
3350 3030 3642 3089 solutione
3681 3023 3847 3082 verbi

2200 3114 2457 3203 adderet,
2482 3114 2583 3190 sed
2609 3133 2810 3187 lavans
2827 3126 3253 3200 discipulorum
3271 3122 3448 3195 pedes
3478 3115 3651 3190 ope're
3673 3114 3851 3170 verba

2153 3268 2164 3290 ι
2203 3225 2500 3300 incognita
2555 3220 2938 3295 exposuisset,
2972 3220 3115 3272 tunc
3176 3214 3415 3268 demum
3447 3206 3590 3280 quid
3647 3203 3840 3279 verba,

2206 3292 2369 3390 quidv
2400 3329 2575 3386 opera
2620 3292 2760 3366 talia
2802 3305 3197 3378 signiﬁcarent
3243 3295 3550 3363 intimavit,
3598 3292 3848 3350 dicens:

2202 3383 2371 3465 Scitis
2406 3383 2539 3477 quid
2566 3400 2791 3473 fecerim
2835 3396 3031 3452 vobis?
3075 3393 3174 3450 Vos
3203 3390 3404 3446 vocatis
3453 3401 3560 3452 me,
3592 3383 3855 3453 Magister

2204 3500 2255 3552 et
2288 3473 2530 3560 Domine,
2580 3493 2633 3545 et
2665 3488 2794 3544 bene
2841 3483 3048 3552 dicitis,
3100 3497 3222 3536 sum
3262 3478 3484 3535 etenim.
3515 3473 3576 3529 Si
3604 3486 3729 3542 ergo
3756 3483 3855 3540 ego

2207 3587 2318 3640 lavi
2365 3557 2561 3637 vestros
2611 3577 2769 3651 pedes
2817 3574 3079 3655 Dominus
3126 3573 3178 3626 et
3226 3568 3500 3638 Magister,
3533 3565 3583 3618 et
3629 3576 3721 3617 vos
3768 3557 3858 3613 de-

2210 3675 2341 3729 betis
2388 3671 2530 3725 alter
2574 3648 2813 3722 alterius
2863 3648 3047 3717 lavare
3095 3657 3277 3731 pedes.
3337 3654 3663 3724 Exemplum
3705 3648 3857 3704 enim

2209 3761 2335 3817 dedi
2380 3759 2549 3826 vobis,
2580 3760 2640 3811 ut
2687 3749 3138 3826 quemadmodum
3183 3762 3278 3817 ego
3320 3744 3432 3819 feci
3479 3741 3649 3806 vobis,
3680 3739 3760 3793 ita
3806 3738 3879 3792 δι’

2212 3867 2305 3907 vos
2334 3848 2565 3923 faciatis
2596 3844 2799 3917 (Ibid.).
2833 3840 3058 3906 Quibus
3113 3834 3394 3895 nimirum
3438 3829 3631 3893 verbis
3662 3828 3860 3899 aperte

2214 3920 2648 3996 demonstratur
2678 3933 2818 4005 quia
2866 3930 2916 3986 si
2947 3930 3148 4001 ignota
3193 3925 3482 3997 praecepta
3510 3920 3733 3989 absque
3760 3930 3860 3971 ex-

2214 4028 2424 4102 emplis
2455 4004 2762 4092 factorum,
2785 4018 2876 4076 vel
2904 4018 3213 4074 verborum
3245 4012 3547 4086 proferret,
3573 4004 3861 4079 fragilitas

2213 4120 2475 4175 humana
2504 4125 2877 4185 nequaquam
2908 4110 3158 4179 caperet.

2285 4209 2449 4264 Sicut
2465 4201 2750 4278 igiturhic
2761 4200 3114 4255 documenta
3125 4210 3232 4251 sua
3245 4187 3563 4266 praemissis
3577 4186 3863 4241 factorum

2215 4295 2579 4377 argumentis
2598 4290 2874 4346 Dominus
2887 4284 3117 4342 nosterJ
3123 4299 3259 4339 esus
3272 4279 3542 4337 Christus
3555 4271 3863 4347 expressit,

2212 4374 2294 4443 ita
2315 4386 2489 4443 etiam
2513 4380 2650 4438 alibi
2667 4376 2988 4451 saepissime
3010 4372 3204 4430 verbis
3222 4364 3655 4441 argumentosis
3673 4365 3868 4418 osten-

2215 4478 2318 4532 dit.
2354 4475 2536 4539 Sicut,
2561 4485 2696 4526 cum
2724 4467 3060 4522 Judaeorum
3088 4458 3407 4517 novissima
3437 4452 3734 4528 prioribus
3766 4464 3866 4522 pe-

2205 4567 2338 4637 jora
2366 4562 2876 4620 demonstraturus
2906 4556 3081 4619 esset,
3113 4549 3279 4623 prius
3301 4548 3371 4603 de
3401 4542 3710 4600 immundo
3741 4538 3870 4611 spi-

2214 4656 2327 4711 ritu
2359 4654 2430 4708 ab
2462 4648 2699 4706 homine
2731 4648 2977 4702 exeunte
3029 4645 3087 4698 et
3116 4642 3328 4695 iterum
3360 4651 3495 4691 cum
3526 4630 3657 4688 aliis
3687 4626 3870 4701 spiri-

2217 4746 2374 4800 tibus
2390 4738 2767 4812 nequioribus
2788 4726 3431 4802 revertentc,quoddam
3456 4714 3869 4778 similitudinis

2218 4834 2633 4905 argumentum
2656 4823 2941 4897 sumpsit;
2971 4819 3174 4891 sicque
3193 4820 3393 4889 postea
3413 4806 3866 4879 intulit,dicens:

2216 4896 2317 4978 Si;
2335 4922 2439 4977 erit
2457 4927 2507 4974 et
2527 4914 2869 4989 generationi
2894 4910 3018 4965 huic
3035 4908 3292 4980 pessimae
3312 4902 3521 4976 (Matth.
3544 4898 3670 4969 xu).
3698 4896 3869 4967 Item,

2218 5011 2451 5085 quando
2465 5007 2740 5062 intimare
2759 5001 2944 5059 voluit
2959 4996 3252 5070 quomodo
3269 4990 3680 5063 unusquisque
3702 4983 3874 5041 fratri

2218 5118 2323 5157 suo
2351 5116 2418 5155 ea
2440 5114 2566 5168 quae
2598 5097 2801 5161 contra
2821 5106 2955 5145 eum
2989 5083 3418 5142 commississet
3438 5077 3732 5135 dimittere
3764 5075 3872 5130 de-

2216 5192 2399 5255 beret,
2425 5166 2838 5257 argumentum
2863 5172 3271 5233 similitudinis
3294 5169 3589 5243 quoddam
3618 5166 3689 5221 de
3712 5179 3873 5236 rege,

2217 5280 2319 5354 qui
2350 5274 2533 5331 voluit
2583 5272 2867 5327 rationem
2898 5282 3110 5337 ponere
3159 5279 3294 5317 cum
3330 5257 3513 5317 servis
3545 5254 3690 5320 suis,
3725 5270 3876 5325 prai-

2220 5368 2418 5435 misit;
2453 5365 2653 5433 sicque
2681 5360 2919 5414 demum
2953 5352 3279 5425 subjunxit,
3304 5349 3499 5405 dicens
3524 5362 3538 5401 :
3562 5345 3655 5401 Sic
3682 5351 3733 5398 et
3762 5343 3878 5397 Pa-

2218 5464 2299 5515 ter
2328 5472 2477 5512 meus
2502 5450 2734 5508 caelestia
2756 5446 2927 5520 faciet
2952 5444 3117 5514 vobis,
3139 5444 3194 5499 si
3222 5457 3333 5496 non
3353 5436 3681 5494 remiseritis
3701 5448 3876 5487 unus-

2217 5550 2442 5620 quisque
2480 5543 2649 5607 fratri
2675 5554 2772 5595 suo
2802 5537 2868 5593 de
2916 5534 3170 5592 cordibus
3201 5530 3399 5586 vestris
3431 5523 3653 5597 (Matth.
3683 5521 3875 5593 xvni).

2219 5611 2388 5700 item,
2419 5631 2651 5706 quando
2697 5625 3007 5700 explanare
3036 5620 3224 5678 voluit
3272 5615 3446 5692 quale
3495 5612 3779 5687 gaudium
3812 5611 3877 5667 in

2220 5698 2470 5786 coelovsit
2521 5735 2697 5793 super
2729 5698 3082 5789 unoquoque
3129 5711 3429 5785 peccatore
3461 5698 3876 5786 pcenitentiam
