4118 6188
327 368 399 432 81
1304 367 1616 429 DIALOG.
1666 367 1767 428 DE
1812 363 2098 431 TRIBUS
2145 367 2770 440 QUIESTIONIBUS.
3669 355 3747 424 82

322 506 550 578 agente,
586 499 1037 558 similitudinem
1069 503 1385 572 quamdam
1419 503 1490 556 de
1521 520 1620 556 ove
1653 501 1876 574 perdita
1923 507 1977 556 et
2007 506 2058 568 Α
2092 521 2252 576 quase
2302 505 2648 576 generaliter
2701 502 2898 558 omnia
2945 503 3109 574 justa
3166 505 3222 558 et
3278 499 3534 557 nessaria
3578 507 3738 571 sunt,

319 594 556 649 inventa
582 591 906 664 praemisit;
942 593 1140 662 sicque
1173 598 1374 662 postea
1401 591 1595 645 intulit
1630 590 1826 645 dicens
1855 610 1865 645 ε
1901 593 1982 646 Ila

313 682 581 754 gaudium
639 684 747 737 erit
803 684 857 735 in
917 683 1044 736 cwlo
1077 698 1238 752 super
1271 697 1376 736 uno
1402 685 1680 752 peccatore
1707 683 1980 751 perniten-

314 790 446 828 nam
475 777 684 844 agente
720 775 874 837 (Luc.
909 775 1023 841 xv).

387 862 534 916 Cum
567 877 706 932 ergo
727 860 1042 915 Dominum
1078 864 1366 923 nostrum,
1401 860 1497 930 qui
1557 861 1612 914 in
1682 861 1976 926 omnibus,

315 955 492 1022 prout
514 948 878 1021 possibilitas
906 942 1562 1020 permittit,imitandus
1602 953 1718 1019 jest,
1774 950 1978 1005 audias

311 1039 584 1096 obscuris
616 1038 886 1110 planiora
901 1038 1071 1093 toties
1088 1038 1462 1110 praemisisse,
1482 1055 1552 1093 ne
1569 1038 1817 1106 mireris,
1843 1055 1975 1094 cum

313 1145 408 1184 me
466 1128 724 1184 audieris
768 1127 1108 1198 quaestionis
1151 1128 1584 1183 obscurissimis
1623 1129 1974 1183 solutionem

313 1218 698 1284 diti'erentem,
732 1216 1095 1272 facilioribus
1148 1219 1205 1271 te
1253 1216 1416 1288 prius
1465 1216 1754 1272 instruere
1803 1218 1975 1273 docu-

314 1306 552 1362 mentis.
581 1306 662 1360 Ad
697 1306 820 1360 haec
851 1305 1025 1361 etiam
1060 1306 1340 1361 denuntio
1373 1306 1651 1378 quia,nisi
1686 1305 1785 1362 illa
1800 1308 1975 1362 verba

309 1395 650 1467 judiciaque
671 1394 930 1462 Domini,
964 1411 1090 1465 quae
1123 1399 1418 1465 utcunque
1449 1396 1652 1450 sentiri
1686 1400 1742 1450 et
1782 1398 1970 1466 promi

313 1490 576 1557 possunt,
609 1482 920 1556 diligenter
977 1483 1296 1552 auscultas,
1349 1486 1655 1540 attendens
1705 1485 1972 1541 videlicet

317 1590 490 1646 quam
518 1575 685 1645 justa
713 1577 768 1628 et
788 1589 944 1639 vera,
977 1590 1275 1644 quamque
1319 1574 1649 1629 necessaria
1696 1573 1966 1643 existant,

306 1661 585 1719 facillime
637 1663 696 1717 in
757 1662 852 1717 his
883 1679 1010 1734 quae
1042 1662 1418 1718 obscuritatis
1449 1668 1840 1735 conteguntur
1870 1681 1966 1719 ne-

307 1752 465 1818 bula,
497 1750 863 1821 inﬁdelitate,
893 1753 982 1807 vel
1006 1752 1370 1807 dubitatione
1402 1752 1707 1824 delinquas
1746 1752 1962 1823 aliqua.

2093 594 2424 665 specialiter
2454 599 2650 648 tamen
2683 593 2944 664 quaedam
2965 594 3147 663 justa,
3177 591 3442 663 quaedam
3482 607 3616 646 vero
3649 608 3746 648 ne-

2091 684 2345 739 cessaria
2369 685 2634 755 quaedam
2651 685 2815 753 justa
2837 681 3012 737 simul
3044 687 3098 736 et
3124 681 3746 752 necessaria,quaadam

2091 773 2267 828 etiam
2303 773 2529 828 occulta
2561 774 2848 828 dicantur.
2884 773 3078 842 anue
3117 771 3314 826 omnia
3372 771 3431 824 in
3497 775 3750 843 quatuor

2091 864 2312 934 species
2343 863 2792 934 distinguentes,
2829 861 2897 915 de
2930 859 3198 932 singulis,
3243 865 3532 932 quantum
3588 861 3744 916 Deus

2088 951 2287 1023 largiri
2311 951 2910 1023 dignatur,dicamus,
2937 953 3217 1020 ponentes
3239 947 3296 1002 in
3331 948 3517 1020 prima
3547 948 3740 1021 specie

2080 1041 2334 1112 justa,in
2351 1038 2969 1105 secundanecessaria,
3003 1038 3062 1092 in
3095 1038 3267 1092 tertia
3288 1038 3454 1108 justa
3484 1037 3660 1092 simul
3683 1041 3740 1093 et

2087 1131 2433 1196 necessaria,
2468 1147 2593 1201 quae
2629 1129 2802 1184 etiam
2826 1127 3022 1184 omnia
3039 1125 3298 1182 existunt
3319 1125 3648 1205 manifesta,
3677 1126 3738 1182 in

2085 1225 2293 1290 quarta
2324 1223 2520 1274 autem
2551 1219 2761 1292 specie,
2786 1216 3262 1288 occulta.',Czntera
3277 1232 3364 1284 ea,
3386 1231 3514 1287 qua:
3546 1215 3734 1270 mani-

2083 1308 2231 1364 festa
2290 1309 2541 1364 dicimus
2593 1307 2835 1379 judicia,
2875 1305 3118 1377 judiciis
3150 1305 3505 1377 quibusdam
3540 1302 3736 1360 valent

2083 1397 2319 1470 agnosci
2346 1416 2358 1464 ;
2367 1399 2531 1469 justa
2544 1397 2780 1468 quidem
2807 1413 2874 1450 ex
2904 1393 3734 1467 prmeedentibus,neoessaria

2083 1492 2277 1542 autem
2308 1502 2375 1541 ex
2407 1485 2924 1558 subsequentibus.
2959 1483 3206 1540 Illavero
3220 1483 3472 1539 dicimus
3504 1483 3732 1538 occulta

2081 1593 2207 1648 qua:
2267 1592 2370 1630 nec
2427 1593 2495 1630 ex
2552 1573 3008 1646 praecedentibus
3061 1589 3165 1628 nec
3233 1572 3730 1645 subsequentibus

2080 1665 2273 1721 causis
2288 1665 2532 1736 probare
2547 1663 2737 1719 valent
2760 1680 2887 1734 qua:
2915 1661 3033 1717 sint
3062 1665 3117 1717 et
3137 1661 3430 1733 quomodo
3450 1661 3589 1728 sint,
3625 1662 3729 1716 sed

2078 1755 2484 1809 tantummodo
2544 1753 2834 1807 credenda
2891 1755 3030 1806 sunt
3075 1751 3260 1821 justa,
3297 1750 3424 1805 ideo
3464 1749 3730 1806 videlicet

304 1841 503 1914 Neque
533 1842 687 1896 enim
722 1841 876 1896 sicut
905 1842 1247 1914 corporalia,
1272 1859 1398 1913 quae
1447 1841 1569 1898 solo
1618 1842 1836 1898 intuitu
1878 1844 1965 1897 di-
1996 1880 2042 1945 B
2078 1843 2236 1915 quia,
2295 1860 2430 1898 cum
2489 1847 2600 1897 Deo
2656 1844 2851 1896 futura
2899 1841 3067 1912 quasi
3100 1839 3389 1911 praeterita
3419 1839 3538 1894 sint
3568 1843 3728 1908 nota,

306 1935 692 2004 gnoscuntur,
727 1934 813 2000 ut,
845 1930 952 1997 sol,
983 1931 1156 2003 ignis,
1191 1935 1364 1999 terra,
1408 1949 1560 2004 aqua
1615 1932 1845 2004 aliaque
1872 1932 1963 1988 his

307 2019 548 2086 similia,
569 2019 651 2074 ita
678 2017 971 2090 spiritulia
1002 2023 1174 2092 atque
1205 2019 1401 2075 divina
1457 2022 1961 2093 comprehendun-

307 2113 420 2164 tur.
457 2109 568 2164 Sed
591 2112 648 2163 et
677 2108 1019 2181 hocjugiter
1044 2110 1460 2165 attendendum
1489 2111 1816 2183 intimaque
1849 2112 1961 2166 fide

306 2198 678 2253 retinendum
695 2197 834 2269 quia
847 2198 1033 2270 gratia
1056 2199 1251 2254 divina
1265 2200 1464 2255 omnia
1485 2202 1722 2256 excedat
1752 2202 1963 2256 merita

305 2285 702 2341 humanarum
734 2285 1042 2341 virtutum.

928 2402 1161 2458 CAPUT
1187 2403 1356 2459 XVII.

306 2491 642 2562 Pr0ponitur
688 2493 923 2563 quaestio
971 2491 1058 2565 de,
1083 2496 1319 2562 quatuor
1346 2494 1622 2565 speciebus
1649 2494 1963 2550 divinorum

959 2563 1316 2634 judiciorum.

381 2679 584 2732 Heinr.
611 2677 756 2733 Mira
787 2682 926 2733 sunt
955 2694 1086 2750 qua:
1117 2680 1312 2746 audio,
1345 2680 1499 2751 quia,
1523 2680 1678 2736 velut
1707 2682 1964 2738 incanta-

305 2765 573 2822 tionibus
604 2767 986 2838 quibusdam,
1018 2768 1098 2822 ita
1129 2785 1222 2824 me
1242 2769 1554 2824 attonitum
1586 2771 1849 2826 efficiunt
1878 2777 1962 2840 ut,

311 2871 452 2911 cum
484 2857 649 2928 prius
680 2857 878 2912 animo
900 2857 1228 2930 impatienti
1269 2859 1608 2930 quaestionis
1656 2862 1964 2930 cujusdam

307 2943 674 3002 solutionem
706 2963 740 3001 a
768 2951 824 3000 te
855 2947 1164 3018 exigerem,
1193 2963 1369 3016 nunc,
1405 2965 1578 3019 cogar
1615 2966 1742 3005 eam
1789 2951 1967 3005 relin-

305 3050 494 3106 quere
522 3040 580 3089 et
614 3035 728 3090 alia
759 3037 1024 3106 quaadam
1057 3036 1308 3091 obseura
1337 3038 1632 3109 proposita
1664 3040 1866 3095 ardore
1889 3041 1965 3094 si~

310 3122 838 3196 miliinvestigare.
869 3128 1055 3196 Atque
1078 3125 1304 3180 utinam
1337 3142 1404 3181 ex
1436 3126 1776 3196 hujusmodi
1809 3128 1966 3183 inve-

309 3214 633 3285 stigatione
663 3214 735 3269 ad
768 3213 1070 3285 superiora
1099 3215 1380 3286 priusque
1420 3217 1710 3287 exquisita
1768 3217 1966 3272 induci

308 3318 547 3357 merear
568 3303 581 3356 l
1531 3326 1542 3332 ι

391 3389 532 3446 ΟιΙιι.
578 3391 699 3446 Fiet
722 3391 977 3462 profecto
1011 3394 1167 3464 quod
1201 3398 1392 3466 optas,
1417 3394 1465 3449 si
1492 3398 1685 3449 tamen
1734 3394 1794 3449 in
1842 3396 1970 3451 istis

306 3496 450 3552 qua:
481 3479 644 3550 prius
673 3481 917 3536 dicenda
940 3482 1776 3554 suntstudiosusdiligensque
1803 3485 1968 3539 audi-

306 3577 412 3625 tor
446 3567 680 3624 existas.
1876 3635 1878 3638 ν

386 3658 456 3712 Η.
483 3656 685 3712 Grates
715 3658 870 3713 omni
901 3659 1071 3714 modo
1103 3660 1208 3714 tibi
1241 3667 1473 3732 propter
1499 3664 1664 3716 tanta
1693 3662 1966 3733 rependo.

304 3750 483 3802 Nunc
514 3747 714 3818 igitur,
731 3764 864 3802 cum
887 3752 1111 3803 tantam
1138 3765 1339 3804 curam
1355 3749 1572 3805 habeas
1585 3751 1789 3818 nostri,
1813 3752 1968 3806 solve

307 3853 439 3909 quae
465 3837 807 3908 nuperrime
824 3837 1141 3909 prposuisti
1171 3855 1328 3910 :quaa
1343 3837 1970 3911 sintvidelicetjudicia

306 3927 411 3984 Dei
437 3929 628 3998 justa,
664 3944 791 3998 qua:
823 3928 1174 3996 necessaria,
1207 3945 1333 4000 quae
1364 3929 1542 3984 etiam
1576 3929 1657 3984 ita
1715 3929 1834 3986 sint
1879 3947 1966 3986 oc-

305 4018 491 4087 culta,
524 4022 589 4072 ut
611 4016 772 4071 nullo
802 4017 974 4071 modo
1003 4017 1243 4089 agnosci
1273 4018 1520 4074 valeant.

381 4108 443 4162 0.
505 4106 737 4162 Faciam
763 4121 898 4177 ergo
921 4110 1207 4177 quantum
1237 4105 1364 4179 ipse
1393 4107 1599 4162 annuit
1632 4108 1731 4180 qui
1771 4109 1968 4164 omnia

307 4196 466 4252 bona
495 4195 722 4250 tribuit.

384 4287 530 4340 Cum
562 4284 762 4356 itaque
792 4283 1069 4353 audieris,
1103 4285 1189 4340 vel
1222 4284 1430 4357 legeris
1461 4285 1599 4357 quia
1621 4286 1846 4358 judicia
1869 4287 1964 4341 Dei

306 4374 477 4444 justa
505 4378 556 4429 et
581 4390 718 4428 vera
776 4373 1153 4445 nessariaque
1193 4374 1330 4442 sint,
1389 4376 1620 4430 attende
1675 4376 1965 4448 imprimis

315 4463 460 4535 quid
488 4467 717 4534 justum
746 4479 1065 4534 verumque
1097 4480 1160 4518 ac
1188 4465 1586 4520 necessarium
1620 4465 1825 4521 usibus
1861 4466 1966 4520 hu-

312 4552 508 4608 manis
538 4552 845 4608 sentiatur.
871 4551 1066 4623 Neque
1088 4552 1243 4607 enim
1275 4551 1429 4608 Deus
1445 4553 1766 4619 hominem,
1793 4571 1968 4626 quem

307 4643 380 4697 ad
414 4642 734 4714 imaginem
760 4657 893 4696 sum
925 4641 1254 4712 plasmavit,
1305 4642 1385 4696 ita
1435 4642 1838 4698 inscnsibilem
1889 4661 1972 4698 re-

306 4731 484 4800 liquit
514 4735 581 4785 ut
608 4730 732 4785 haec
765 4729 1630 4802 aliquantuluminvestigareet
1651 4732 1972 4804 intelligere

307 4837 425 4899 non
462 4818 670 4892 possit.
687 4819 952 4890 Cumque
969 4819 1201 4891 singula
1219 4819 1567 4876 discusseris
1599 4826 1656 4876 et
1683 4822 1972 4878 inveneris

310 4909 428 4966 Deo
463 4910 544 4964 ita
571 4908 750 4964 redde
791 4913 856 4962 ut
912 4908 1238 4980 pessimum
1299 4909 1554 4964 inventio
1605 4912 1772 4966 docet
1821 4923 1967 4967 esse.

310 4999 460 5055 Nam
480 5015 662 5070 supra
676 5015 849 5054 nosse
880 4997 1024 5052 nihil
1056 4999 1234 5070 exigit
1264 4999 1478 5054 arbiter
1501 5018 1531 5054 a
1561 5005 1635 5055 te.
1671 5001 1780 5055 Sed
1809 5005 1871 5056 ut
1903 5003 1970 5056 de

312 5087 404 5143 bis
452 5088 632 5144 latius
673 5087 893 5158 aliquid
925 5087 1304 5158 disseramus,
1338 5106 1510 5144 omne
1531 5090 1761 5159 justum
1794 5091 1968 5145 etiam

307 5195 515 5234 verum
545 5181 638 5234 est
669 5193 958 5249 omneque
979 5193 1179 5232 verum
1202 5178 1454 5248 justum.
1481 5179 1719 5234 Justum
1739 5197 1969 5251 quoque

308 5273 366 5324 et
396 5284 575 5324 omne
601 5283 808 5323 verum
841 5266 1235 5322 necessarium
1269 5271 1518 5323 constat.
1553 5269 1615 5323 In
1648 5269 1755 5324 hoc
1774 5273 1967 5326 tamen

307 5358 558 5424 distant,
584 5356 726 5429 quia
756 5357 1172 5427 omnejustum
1205 5361 1260 5411 et
1288 5374 1488 5412 verum
1505 5357 1875 5414 solummodo
1897 5359 1967 5414 ad

307 5447 519 5515 Deum,
554 5445 955 5503 necessarium
977 5450 1170 5502 autem
1195 5447 1266 5502 ad
1328 5452 1652 5502 creaturam
1713 5450 1968 5503 referen-

311 5537 461 5593 dum
479 5541 586 5593 est.
606 5535 778 5592 Nullo
803 5533 960 5591 enim
979 5534 1202 5608 indiget
1216 5541 1365 5592 Deus
1389 5555 1402 5605 ;
1428 5537 1542 5593 Deo
1557 5541 1754 5592 autem
1778 5537 1968 5594 omnis

308 5631 586 5684 creatura
612 5625 856 5698 indiget.

414 5715 512 5775 His
525 5733 694 5791 ergos
706 5715 949 5789 prolatis
963 5715 1319 5790 aspiciamus
1336 5715 1590 5789 qualiter
1609 5715 1834 5787 judicia
1845 5717 1965 5775 Dei.

2067 1934 2229 2003 juste
2259 1933 2330 1988 de
2356 1932 2622 2004 utrisque
2645 1934 2828 2003 potest
2854 1927 3130 2001 judicari.

2147 2024 2301 2078 Inter
2313 2022 2431 2077 haec
2447 2037 2678 2093 quoque
2692 2035 3065 2086 summopere
3095 2017 3441 2073 intuendum
3465 2021 3554 2072 est
3574 2018 3730 2088 quod

2074 2128 2232 2166 more
2253 2111 2510 2166 humano
2533 2113 2786 2181 justum,
2821 2108 2907 2164 vel
2942 2107 3336 2163 necessarium
3356 2107 3602 2161 dicatur.
3628 2107 3732 2161 Ne-

2072 2213 2185 2272 que
2211 2200 2366 2254 enim
2382 2204 2494 2254 Deo
2512 2199 2669 2254 aliud
2693 2215 2879 2269 genus
2909 2197 3130 2269 loqeuza
3152 2195 3421 2251 novimus
3451 2195 3728 2268 praabere,

2071 2289 2187 2344 nisi
2221 2290 2374 2360 quod
2407 2288 2650 2344 scientia
2680 2286 3099 2343 humanasolet
3116 2286 3353 2353 habere,
3378 2285 3515 2355 quia
3543 2289 3600 2340 et
3621 2283 3732 2355 [ille

2073 2378 2302 2449 quoties
2335 2378 2503 2433 nobis
2536 2377 2757 2450 aliquid
2791 2375 3002 2445 innuit,
3049 2374 3262 2446 eloquii
3323 2374 3510 2430 nostri
3566 2388 3728 2430 more

2072 2468 2309 2539 promit.

2146 2562 2216 2612 Η.
2276 2557 2430 2612 Licet
2482 2555 2600 2612 sint
2639 2556 2888 2622 obseura
2945 2569 3076 2625 qua:
3119 2552 3286 2620 dicis,
3311 2550 3505 2606 dulcia
3533 2555 3730 2607 tamen

2073 2646 2434 2717 moraliaque
2491 2647 2763 2701 videntur
2791 2642 3191 2699 convenientia
3221 2640 3526 2698 sermonis.
3555 2641 3734 2710 [Unde

2075 2737 2231 2808 quod
2245 2735 2491 2808 coepisti,
2509 2749 2883 2807 prosequere,
2901 2732 3089 2805 quoad
3107 2747 3292 2802 usque
3304 2731 3526 2786 valeam
3557 2727 3728 2784 intel-

2074 2825 2271 2899 ligere.

2149 2919 2208 2972 0.
2243 2917 2373 2971 Jam
2405 2915 2663 2970 diximus
2695 2914 2847 2984 quod
2867 2908 3729 2982 omnejustum,etiamverum,

2077 3022 2366 3076 omneque
2391 3003 2840 3072 verumjustum
2873 3002 2968 3069 sit,
2994 3004 3051 3055 et
3079 2999 3236 3070 quod
3251 3014 3420 3054 omne
3440 3013 3643 3053 verum
3675 3000 3731 3051 et

2071 3097 2301 3166 justum
2335 3093 2729 3149 necessarium
2763 3091 2860 3158 sit,
2895 3096 2973 3156 et,
2997 3093 3137 3161 quot
3177 3087 3484 3160 speciebus
3534 3085 3734 3141 omnia

2070 3185 2296 3255 judicia
2330 3183 2422 3238 Dei
2444 3183 2736 3242 diﬂ‘erant,
2773 3196 3004 3252 quoque
3037 3179 3207 3234 modo
3239 3175 3731 3249 singulaproben-

2000 3255 2042 3321 (ἶ
2082 3278 2199 3328 tur.
2233 3275 2301 3327 Et
2333 3272 2471 3344 quia
2498 3288 2612 3326 non
2649 3270 2755 3324 nisi
2787 3269 3048 3323 humana
3077 3266 3316 3338 loquela
3345 3267 3542 3319 donec
3573 3262 3733 3334 loqui

2081 3361 2534 3431 novimus,nunc
2549 3359 2851 3412 videamus
2865 3356 3002 3426 quid
3020 3355 3173 3426 apud
3189 3353 3456 3408 homines
3477 3353 3731 3420 justum,

2078 3451 2164 3506 vel
2190 3448 2582 3505 necessarium
2615 3447 2863 3514 dicatur,
2897 3449 2961 3498 ut
2983 3441 3382 3514 perjustitiam
3407 3440 3732 3494 humanam

2071 3537 2296 3611 judicia
2335 3536 2530 3590 divina
2559 3548 2873 3607 agnoscere
2899 3530 3198 3586 valeamus
3229 3528 3430 3600 sicque
3461 3525 3729 3598 singulas

2072 3627 2430 3700 judiciorum
2461 3623 2788 3679 divinorum
2823 3620 3046 3692 species
3071 3617 3397 3691 propositas
3447 3614 3732 3686 exemplis

2079 3716 2294 3772 additis
2326 3713 2738 3787 approbemus.

2663 3827 2893 3884 CAPUT
2938 3825 3130 3880 XVIII.

2078 3924 2213 3990 Quae
2241 3924 2386 3976 inter
2404 3920 2651 3975 homines
2676 3918 2960 3987 sintjuata
3007 3918 3055 3990 et
3104 3913 3434 3990 necessaria,
3488 3912 3722 3980 occulta,

2416 3993 2498 4046 vel
2532 3986 2848 4060 manifesta,
2880 3992 2990 4043 etc.
3015 3988 3144 4054 Quae
3169 3986 3229 4039 in
3257 3987 3382 4040 Deo.

2145 4109 2571 4178 Justitianamq
2582 4123 2651 4162 ue
2663 4105 2923 4160 humana
2935 4107 3022 4159 est
3036 4099 3724 4172 utunusquisquejudez,

2074 4199 2162 4255 vel
2197 4203 2382 4255 rector
2412 4214 2479 4252 ea
2505 4213 2631 4268 qua:
2663 4194 2868 4264 iniqua
2899 4196 3039 4247 sunt
3068 4190 3178 4246 sub
3200 4189 3335 4260 jure
3366 4187 3727 4260 suo,aliquo,

2077 4294 2366 4360 quatenus
2380 4286 2782 4348 emendentur,
2798 4280 3109 4336 manifesto
3124 4276 3703 4350 pramoneatjudicio
3715 4321 3729 4346 ,

2079 4382 2162 4446 ut,
2181 4377 2226 4432 si
2244 4371 2794 4445 fortetransgressio
2828 4369 3102 4441 quaelibet
3135 4371 3336 4439 postea
3367 4367 3518 4422 facta
3532 4366 3728 4436 fuerit,

2078 4465 2277 4522 nullus
2333 4483 2394 4521 se
2452 4465 2522 4519 de
2557 4459 2889 4534 ignorantia
2917 4457 3103 4514 valeat
3134 4471 3411 4512 excusare
3442 4455 3502 4510 in
3533 4455 3734 4510 subse-

2079 4554 2280 4627 quenti
2305 4552 2552 4625 judicio,
2579 4566 2764 4622 eoque
2793 4545 3064 4603 licentius
3096 4550 3152 4600 et
3182 4544 3406 4615 justius
3451 4541 3733 4614 puniendi

2002 4628 2047 4692 D
2080 4645 2292 4700 habeat
2322 4645 2692 4715 potestatem,
2733 4654 2846 4710 quo
2878 4635 3172 4708 punienda
3202 4631 3735 4702 etdevitandaprae-

2085 4734 2374 4789 monebat.
2408 4730 2642 4786 Iustitia
2673 4743 2903 4799 quoque
2930 4726 3192 4779 humana
3222 4726 3312 4776 est
3357 4725 3422 4774 ut
3479 4719 3732 4774 dominis

2081 4823 2229 4879 servi
2264 4820 2608 4893 parentibus
2641 4813 3094 4870 Iiliiobedientes
3127 4810 3244 4866 sint
3273 4813 3329 4864 et
3361 4807 3602 4877 subditi,
3623 4824 3728 4862 caa-

2079 4917 2318 4983 teraque
2334 4908 2540 4977 multa,
2561 4923 2685 4978 qua:
2703 4902 3013 4959 memorari
3033 4903 3350 4972 nequeunt.
3375 4898 3508 4962 Quae
3532 4902 3724 4954 tamen

2080 5001 2277 5057 omnia
2333 5001 2461 5054 ideo
2490 4997 2812 5068 probantur
2835 4993 3017 5064 justa,
3051 4989 3190 5062 quia
3219 4993 3339 5044 tam
3380 4987 3728 5043 humanitus

2081 5108 2258 5163 quam
2295 5085 2575 5143 divinitus
2597 5083 2866 5139 instituta
2896 5087 3035 5136 sunt
3067 5084 3241 5158 atque
3269 5081 3578 5149 praecepta.

2150 5176 2485 5234 Necessaria
2515 5177 2709 5230 autem
2741 5171 3020 5226 dicuntur
3051 5166 3362 5224 Dominieaa
3385 5164 3729 5221 incarnatio-

2080 5270 2192 5336 nis,
2210 5265 2522 5341 passionis,
2539 5259 2979 5320 resurrectionis
2994 5264 3051 5314 et
3081 5257 3368 5324 omnium,
3397 5271 3526 5326 quae
3544 5254 3603 5308 in
3617 5253 3727 5310 hoc

2079 5357 2318 5423 mundo,
2353 5354 2441 5411 vel
2483 5352 2693 5420 verbis,
2726 5350 2812 5406 vel
2846 5345 3417 5421 operibusDominus
3439 5341 3728 5414 exhibuit,

2077 5445 2438 5519 dispensatio
2464 5463 2476 5512 ;
2512 5444 2610 5499 sed
2635 5447 2692 5498 et
2721 5439 2871 5496 aeris
2900 5437 3230 5510 temperies,
3259 5432 3401 5490 solis
3432 5431 3727 5505 splendor,

2078 5538 2231 5609 ignis
2265 5534 2440 5601 calor,
2468 5532 2810 5588 victualium
2843 5544 3039 5585 rerum
3053 5524 3404 5595 substantia,
3431 5527 3721 5578 rectorum

2077 5625 2475 5699 potentia,pau
2484 5637 2688 5695 perum
2707 5615 3168 5685 eura,servitutis
3187 5610 3725 5687 impensio,nuptia-

2079 5732 2211 5774 rum
2243 5713 2469 5788 copula,
2502 5711 2682 5771 totius
2721 5707 3041 5782 disciplinac
3056 5705 3344 5779 studia,ct
3361 5713 3723 5776 quaecunque
