4114 6184
293 364 371 425 83
720 358 723 359 ⁷
1291 358 1631 421 UTHLUNI
1678 358 2032 421 MUNACHI
2084 358 2144 419 S.
2200 356 2689 418 EMMEHAMMI
3623 354 3699 413 84

293 497 627 568 infirmitas,
649 496 737 552 vel
763 496 1047 568 fragilitas
1070 495 1329 550 humana
1351 494 1556 565 exigit:
1592 494 1690 548 sed
1724 499 1781 547 et
1812 508 1936 563 pcr-
1966 497 2018 558 Α
2050 491 2246 546 cordia
2276 507 2389 544 non
2422 490 2689 544 convenit
2712 488 2902 543 dicere
2925 488 3085 558 juste
3104 502 3167 542 se
3188 485 3451 541 eamdem
3474 482 3703 539 miseri-

289 584 1261 655 secutiones,tentationesipsaque
1295 582 1572 639 scandala
1610 581 1936 637 necessaria

288 679 448 741 sunt,
483 675 723 730 Domino
755 673 1017 729 dicente:
1050 675 1270 729 Necesse
1299 681 1378 728 est
1409 678 1465 727 ut
1500 674 1723 727 veniant
1778 687 1935 725 scan-

286 756 415 820 dala
447 764 665 835 (Matth.
708 762 866 834 xvn).
901 764 1058 817 Inter
1087 779 1212 833 quae
1245 761 1442 816 omnia
1492 761 1741 815 maxime
1800 775 1937 814 con-

289 857 446 909 stant
476 853 805 908 necessaria
834 852 1247 923 contemplatio
1282 851 1497 917 divina,
1535 867 1659 922 qua
1692 849 1775 904 ita
1805 864 1937 920 pro-

288 941 526 1014 ponitur
554 941 780 996 cunctis
812 946 875 996 ut
897 941 967 996 de
998 958 1083 1012 ea,
1120 940 1287 1012 quasi
1319 940 1449 1012 ipsa
1480 938 1605 995 sola
1634 939 1711 993 sit
1740 953 1939 993 neces-

289 1030 461 1098 saria,
482 1029 758 1086 dicatura
779 1030 1025 1086 Domino
1051 1035 1253 1086 :Porro
1284 1046 1455 1084 unum
1482 1037 1559 1084 est
1577 1028 1942 1084 necessarium

288 1120 437 1191 (ινιτ.
464 1120 520 1191 x)

360 1210 493 1275 Quae
523 1208 803 1264 nimirum
837 1212 1065 1273 cuncta,
1099 1208 1366 1280 quianon
1402 1208 1531 1274 Deo,
1566 1206 1666 1261 sed
1692 1204 1945 1261 homini-

289 1298 399 1354 bus
440 1297 557 1353 sint
586 1298 937 1367 necessaria,
970 1297 1102 1352 luce
1122 1296 1337 1351 clarius
1361 1300 1466 1351 est.
1497 1295 1939 1364 Verumtamen,

290 1387 429 1460 quia
466 1386 663 1442 omnia
713 1404 746 1441 a
776 1387 890 1442 Deo
922 1403 1025 1457 pro
1069 1384 1235 1440 nobis
1267 1385 1533 1439 ordinata
1556 1385 1719 1454 justa
1777 1386 1938 1447 sunt,

284 1477 452 1548 justa
481 1480 619 1531 sunt
648 1486 783 1545 ergo
816 1475 1015 1530 omnia
1043 1473 1321 1545 prwdicta
1348 1474 1696 1528 necessaria.
1740 1472 1821 1528 Ex
1877 1488 1942 1527 eo

295 1564 531 1636 quidem
555 1562 886 1635 justa,quia
916 1579 948 1617 a
972 1567 1083 1617 Deo
1113 1562 1416 1627 ordinata;
1451 1578 1519 1616 ex
1557 1562 1665 1617 hoc
1685 1577 1817 1617 vero
1851 1577 1944 1615 ne-

293 1651 566 1717 ceSsaria,
629 1649 766 1722 quia
823 1650 949 1705 sine
1003 1650 1094 1705 his
1118 1650 1435 1706 subsistere
1459 1649 1661 1721 nequit
1690 1648 1942 1705 conditio

210 1782 213 1783 ν
292 1740 573 1796 humana.

364 1828 734 1899 Quaecunque
773 1828 1192 1899 etiamisclatia,
1206 1828 1293 1883 vel
1309 1828 1578 1900 praesidia
1591 1828 1811 1883 mundo
1844 1842 1946 1899 per

288 1917 515 1989 judicia
545 1917 743 1972 divina
762 1917 1128 1988 exhibentur,
1171 1917 1297 1973 ideo
1330 1917 1725 1973 dicendasunt
1754 1932 1949 1971 neces-

296 2005 599 2077 sariaquia
614 2021 725 2061 non
758 2005 956 2074 itaper
980 2006 1241 2060 humana
1271 2006 1623 2077 contingunt
1655 2005 1863 2060 merita
1884 2007 1949 2057 ut

296 2093 526 2167 possint
555 2097 756 2149 nostra
783 2098 992 2166 aparte
1006 2093 1121 2149 dici
1128 2094 1294 2165 justa
1328 2094 1473 2160 [Cod.
1501 2096 1660 2150 Cruc.
1696 2099 1760 2148 ut
1789 2097 1948 2165 post-

298 2184 418 2240 sint
447 2200 563 2239 non
594 2187 726 2255 apte
758 2181 867 2238 dici
895 2183 1060 2253 justa
1080 2184 1115 2253 ],
1148 2184 1204 2238 id
1238 2187 1345 2249 est,
1371 2184 1534 2253 juste
1564 2188 1620 2238 et
1649 2199 1718 2239 ex
1756 2181 1949 2236 debito

299 2272 468 2328 nobis
498 2288 776 2328 concessa
804 2290 817 2339 ;
853 2272 953 2328 sed
986 2271 1107 2327 sola
1137 2273 1233 2328 Dei
1262 2272 1629 2344 providentia
1642 2277 1815 2343 atque
1844 2270 1952 2325 cle-

300 2359 521 2416 mantia
550 2360 883 2416 necessitati
916 2361 1193 2416 humanas
1220 2362 1614 2433 praevidentur
1652 2360 1954 2432 profutura

302 2450 485 2507 Omne
515 2448 672 2502 enim
694 2449 929 2518 justum
964 2466 1033 2504 ex
1062 2449 1175 2504 Deo
1208 2466 1386 2520 super
1417 2449 1685 2505 homines
1710 2450 1951 2516 factum,

303 2542 385 2593 er
406 2534 599 2608 aliquo
621 2537 850 2605 merito,
892 2536 980 2592 vel
1021 2538 1214 2593 debito
1245 2553 1447 2592 eorum
1478 2536 1825 2608 praecedenti
1858 2553 1953 2591 ac-

306 2622 466 2681 ciditi
498 2624 907 2681 Necessarium
948 2642 1082 2682 vero
1114 2624 1422 2681 dicendum
1449 2630 1538 2682 est
1576 2626 1729 2696 quod
1778 2623 1957 2680 nullis

307 2713 768 2786 praecedentibus
800 2715 1045 2783 meritis,
1063 2716 1162 2771 sed
1177 2715 1301 2771 sola
1326 2715 1425 2771 Dei
1441 2714 1955 2787 gratiaﬁobtinetur.

381 2821 619 2876 Justum
648 2837 881 2893 quoque
896 2839 1087 2887 omne,
1108 2838 1210 2893 pro
1241 2838 1306 2877 eo
1327 2823 1480 2893 quod
1507 2822 1661 2878 Deus
1681 2827 1738 2877 et
1760 2822 1961 2892 justus

317 2912 375 2965 et
403 2910 594 2965 bonus
624 2913 729 2977 est,
765 2910 985 2965 bonum
1013 2928 1026 2979 ;
1060 2910 1457 2966 necessarium
1488 2927 1640 2981 vero,
1674 2910 1813 2981 quia
1843 2914 1961 2964 tam

318 3012 389 3054 ex
417 2998 569 3053 malo
597 3014 772 3070 quam
802 2998 955 3054 bono
979 2998 1221 3066 accedit,
1254 3016 1368 3053 non
1395 2999 1841 3064 solumbonum,
1862 2998 1963 3053 sed

319 3086 495 3142 etiam
526 3086 746 3142 malum
777 3087 889 3141 dici
922 3092 1130 3159 potest.
1164 3088 1310 3143 Nam
1352 3088 1745 3157 mendacium,
1808 3086 1963 3158 quod

321 3173 542 3245 absque
558 3174 737 3231 dubio
752 3175 971 3230 malum
986 3180 1096 3243 est,
1110 3176 1735 3247 invenitursaepissime
1768 3191 1964 3230 neces-

319 3262 570 3318 sarium.
604 3262 806 3318 Omnis
851 3281 1082 3335 quoque
1112 3264 1283 3335 culpa
1314 3280 1415 3335 per
1435 3280 1496 3320 se
1518 3267 1745 3319 constat
1770 3263 1962 3331 mala;

318 3350 419 3405 sed
450 3350 522 3405 ad
552 3351 773 3406 bonum
798 3351 854 3406 in
869 3352 1454 3407 hominelaciendum
1468 3356 1609 3408 tunc
1630 3352 1739 3407 erit
1770 3367 1969 3407 neces-

315 3438 489 3509 saria,
523 3452 657 3493 cum
690 3440 823 3511 quis
855 3439 1779 3513 elatus,velpropriaefragilitatis
1812 3441 1971 3512 igna-

312 3540 413 3581 rus
469 3525 529 3580 in
583 3543 710 3582 eam
776 3545 1077 3595 corruens,
1122 3530 1344 3599 etlinde
1384 3530 1526 3600 quid
1560 3529 1636 3584 sit
1668 3531 1868 3585 dicens
1898 3530 1967 3583 ad

315 3612 558 3670 meliora
587 3631 902 3672 conversus
916 3617 1109 3671 fuerit.
1141 3617 1303 3671 Sicut
1317 3618 1386 3671 de
1404 3619 1795 3686 sanctoPetro
1825 3616 1969 3672 mul-

315 3703 509 3773 tisque
539 3702 671 3758 aliis
703 3704 936 3775 legitur,
973 3705 1073 3775 qui
1092 3705 1218 3759 ideo
1234 3704 1621 3776 dispositione
1635 3704 1828 3760 divina
1850 3721 1972 3776 per-

318 3789 488 3847 missi
520 3795 658 3846 sunt
687 3792 939 3863 graviter
967 3791 1602 3864 delinquere,utetipsi
1631 3811 1731 3865 per
1750 3793 1969 3864 fragili-

317 3879 461 3934 tatis
483 3892 601 3934 sua)
630 3879 1712 3953 eXperimentadiscerentquid-essent
1753 3887 1808 3938 et
1838 3882 1970 3937 aliis

321 3967 700 4038 peccantibus
712 3984 839 4023 com
849 3968 964 4039 pati
981 3968 1217 4024 scirent.
1242 3968 1354 4025 Hoc
1368 3970 1549 4041 igitur
1562 3971 1731 4026 modo
1749 3971 1969 4027 malum

324 4059 555 4111 constat
583 4072 712 4110 esse
741 4057 1157 4112 necessarium.

392 4142 810 4200 Verumtamen
842 4161 1015 4201 omne
1046 4146 1269 4202 malum
1287 4147 1456 4203 nobis
1471 4148 1964 4216 necessarium,ex

319 4245 386 4285 eo
417 4229 654 4301 quidem
688 4233 842 4303 quod
864 4238 967 4289 .est
981 4233 1225 4301 malum,
1258 4235 1675 4305 indehumanze
1690 4237 1965 4309 praevari-

322 4317 569 4374 cationis
594 4318 856 4375 insinuat
886 4322 1161 4377 meritum
1193 4339 1206 4389 ;
1240 4338 1308 4377 ex
1338 4339 1449 4393 qua
1464 4329 1659 4380 autem
1683 4326 1969 4382 sitneces-

321 4406 567 4473 sarium,
611 4408 746 4464 inde
785 4409 991 4465 divina:
1024 4410 1280 4481 pitetatis
1312 4417 1540 4468 constat
1559 4420 1970 4484 argumentum

2045 580 2301 635 cordiam
2343 577 2689 650 percepisse,
2724 577 2821 632 sed
2839 576 3189 645 necessario,
3223 574 3311 629 vel
3343 573 3594 646 gratuito
3605 574 3702 645 ju-

2047 669 2192 724 dicis
2210 668 2382 722 dono.
2408 666 2485 723 Ne
2516 667 2680 731 forte,
2700 666 2747 721 si
2768 664 3227 721 misericordiam
3241 661 3689 735 adeptamjusti-

2048 758 2140 813 tiae
2173 757 2507 827 meritoque
2536 772 2640 811 suo
2671 752 3289 827 deputaverit,judicis
3318 752 3517 825 pietati
3550 752 3709 807 dero-

2049 863 2185 919 gare
2211 846 2474 901 videatur

2122 936 2280 991 Idem
2295 935 2363 989 de
2386 934 2487 989 Dei
2511 934 2698 1004 gratia
2731 932 3105 988 sentiendum
3123 936 3233 988 est.
3256 930 3363 997 Qui
3395 928 3552 986 enim
3571 930 3706 985 seri;

2051 1028 2216 1096 ptum
2266 1028 2384 1079 est:
2421 1030 2623 1079 Omnes
2668 1025 3056 1093 peccaverunt,
3098 1024 3149 1075 et
3183 1022 3344 1089 egent
3365 1020 3709 1090 glorz‘a‘Dei,

2050 1112 2335 1183 iustiﬁcati
2397 1112 2569 1181 gratis
2613 1127 2713 1183 per
2742 1112 2990 1181 gratiam
3023 1111 3195 1181 ipsius
3220 1110 3392 1181 (Rom.
3436 1108 3543 1180 ιιι).
3578 1107 3710 1163 Ideo

2052 1201 2250 1257 nullus
2272 1202 2443 1257 debet
2465 1201 2673 1271 dicere,
2697 1200 2785 1255 vel
2804 1200 3035 1255 credere
3053 1199 3318 1254 eamdem
3334 1197 3583 1269 gratiam
3610 1197 3714 1253 Dei

2053 1308 2114 1347 se
2147 1290 2560 1362 promeruisse.
2588 1289 2859 1360 Alioquin
2900 1304 3015 1343 non
3042 1292 3200 1344 esset
3244 1287 3451 1360 gratia,
3500 1286 3549 1342 si
3608 1284 3715 1343 ulli
3756 1296 3757 1301 ‘

2050 1380 2259 1436 fuisset
2278 1380 2493 1434 debita.
3024 1400 3027 1403 ι

2124 1469 2271 1533 Quia
2298 1468 2477 1541 igitur
2507 1467 2650 1523 satis
2677 1471 2765 1522 est
2802 1467 3021 1522 dictum
3050 1466 3190 1538 quid
3216 1466 3447 1536 justum
3482 1464 3579 1532 sit,
3624 1465 3713 1521 vel

2052 1555 2446 1613 necessarium
2470 1573 2536 1613 ex
2548 1554 2783 1626 justitia
2816 1556 3259 1623 humana,nunc
3276 1555 3739 1611 consideremus

2053 1663 2180 1718 quae
2202 1646 2279 1701 sit
2309 1646 2525 1700 divina.
2550 1645 2695 1700 Nam
2720 1646 2789 1699 de
2806 1644 3251 1699 necessitatibus
3268 1640 3545 1699 humanis
3558 1642 3719 1699 nulla

2053 1736 2162 1791 erit
2208 1734 2536 1789 similitudo
2588 1734 2657 1789 ad
2707 1732 2925 1803 divina,
2956 1732 3199 1788 Justitia
3228 1737 3426 1788 autem
3456 1732 3720 1789 humana

2034 1812 2326 1895 superius
2357 1826 2446 1878 est
2478 1822 2852 1893 aliquatenus
2875 1826 3214 1886 memorata,
3242 1822 3342 1877 sed
3362 1822 3712 1877 h‘oc'iterum

2055 1928 2512 1969 commemorare
2558 1911 2713 1967 volui
2773 1912 2907 1980 [θεά.
2970 1911 3023 1966 S.
3081 1910 3261 1978 Cruc.,
3296 1910 3395 1966 hic
3448 1911 3514 1966 it.
3558 1926 3722 1967 com-

2054 2002 2227 2071 volo].
2263 2001 2521 2073 Denique
2543 2001 2949 2073 supradictum
2981 2004 3070 2057 est
3079 1999 3375 2072 justitiam
3396 2000 3720 2055 humanam

2058 2090 2398 2161 hujusmodi
2421 2106 2549 2146 esse
2571 2095 2636 2145 ut
2659 2089 2851 2144 omnis
2875 2089 3057 2160 judex
3078 2093 3135 2144 et
3154 2094 3345 2144 rector
3359 2105 3426 2145 ea
3460 2088 3718 2144 crimina

2060 2197 2186 2253 quae
2218 2180 2342 2252 lege
2365 2178 2562 2250 aliqua
2593 2179 2945 2249 praemonuit
2983 2194 3054 2233 ne
3110 2178 3335 2244 ﬁerent,
3394 2180 3726 2250 perpetrata

2058 2268 2301 2325 licenter
2323 2268 2528 2339 punire
2552 2267 2902 2339 possit.Quae
2943 2266 3166 2321 scilicet
3183 2267 3416 2338 justitia
3449 2266 3498 2322 si
3539 2266 3725 2323 subti-

2061 2357 2192 2413 liter
2224 2362 2516 2429 pensatur,
2559 2357 2618 2411 in
2652 2357 2915 2411 omnium
2948 2356 3303 2427 sapientium
3361 2355 3721 2412 conscientia

2063 2447 2368 2517 reperitur.
2402 2445 2791 2509 Quamobrem
2823 2461 2957 2500 cum
2986 2443 3206 2500 nullius
3256 2444 3549 2516 sapientis?
3585 2458 3724 2500 con-

2064 2534 2306 2590 scientia
2328 2534 2399 2589 de
2430 2533 2539 2589 hac
2560 2534 2787 2589 dubitet
2800 2533 3059 2603 justitia,
3085 2548 3319 2589 necesse
3342 2538 3431 2589 est
3456 2533 3724 2588 eamdem

2065 2640 2173 2679 nos
2202 2624 2350 2678 scire
2399 2622 2594 2677 divino
2637 2622 2993 2678 reddendam
3023 2638 3151 2677 esse
3183 2621 3427 2692 judicio,
3460 2621 3730 2693 ut,;sicut

2066 2713 2241 2768 homo
2292 2716 2619 2783 praepotens
2665 2710 3039 2782 iniquitatem
3072 2714 3277 2767 contra
3306 2714 3739 2782 precepta'sua?

2070 2804 2461 2873 perpetratam
2521 2799 2779 2871 quolibet
2836 2799 3059 2870 judicio
3110 2799 3257 2856 solet
3295 2799 3521 2871 punire,
3556 2799 3645 2855 ita
3673 2802 3743 2854 et

2072 2889 2453 2960 Omnipotens
2478 2905 2710 2945 omnem
2737 2888 3057 2960 nequitiam
3079 2893 3285 2944 contra
3306 2888 3494 2960 legem
3535 2898 3771 2957 δικαίην

2073 2993 2199 3049 quae
2225 2977 2309 3033 vel
2335 2994 2404 3033 ex
2426 2976 2677 3033 naturali
2697 2978 2952 3049 ingenio,
2974 2976 3063 3033 vel
3086 2975 3486 3049 qualicunque
3517 2975 3732 3031 indicio

2073 3066 2261 3121 indita
2315 3070 2404 3122 est
2459 3066 2704 3131 homini,
2749 3066 3012 3122 eﬁ‘ectam
3064 3067 3227 3137 justo
3269 3065 3757 3137 judicio,.prout:

2072 3154 2217 3225 vult,
2249 3154 2439 3210 valeat
2471 3156 2799 3211 emendare.

2149 3245 2211 3298 H.
2249 3244 2389 3298 Hinc
2422 3242 2656 3315 sapiens
2687 3244 3001 3315 quisquam
3028 3243 3296 3299 dubitare
3336 3242 3551 3300 minus!
3584 3242 3757 3299 valet:

2080 3348 2365 3403 unquam.

2715 3437 2949 3494 CAPUT
2980 3436 3107 3493 ΧΙΧ

2078 3528 2340 3599 Exempla
2365 3529 2561 3598 primm
2590 3528 2795 3593 speciei
2843 3528 3164 3582 divinorum
3210 3526 3593 3599 judiciomtn,
3617 3538 3759 3599 quam

2661 3599 2929 3654 dicuntur
2953 3601 3122 3666 iusta.

2150 3721 2293 3778 οιιιι.
2319 3721 2461 3776 Cum
2492 3735 2627 3793 ergo
2637 3708 3101 3791 juxtarationem
3128 3722 3468 3793 praedictam
3494 3721 3730 3793 justitia

2082 3810 2178 3865 Dei
2237 3809 2606 3878 aliquatenus
2659 3812 2834 3880 queat
2877 3809 3109 3882 inspici,
3152 3809 3292 3865 libet
3332 3811 3526 3877 modo,
3557 3814 3745 3882 prout»

2080 3913 2344 3969 possum,
2378 3912 2447 3952 ea
2476 3914 2599 3968 quae
2632 3901 2686 3952 te
2714 3897 3029 3970 instigante
3058 3898 3358 3970 pollicitus
3386 3900 3738 3971 sum'de'ju-

2083 3987 2251 4042 diciis
2308 3985 2520 4042 divinis
2564 3985 2877 4058 declarare,
2929 4004 3054 4059 quae
3108 3987 3374 4044 videlicet
3402 3986 3753 4060 specialiter‘

2072 4076 2258 4146 justa,
2297 4092 2425 4147 quae
2450 4076 2783 4148 specialiter
2811 4076 3161 4146 necessaria,
3205 4093 3330 4149 quae
3362 4078 3533 4148 justa-
3559 4076 3736 4133 simul

2084 4169 2141 4219 et
2162 4165 2488 4221 necessaria
2510 4182 2637 4236 quae
2659 4166 2889 4221 occulta
2904 4165 3080 4221 etiam
3103 4166 3379 4221 dicantur
3403 4167 3753 4240 quibusque

2086 4252 2322 4309 indiciis
2361 4253 2481 4308 haec
2512 4254 2740 4325 singula
2763 4258 3174 4326 agnoscantur.
3192 4255 3300 4310 Sed
3334 4254 3611 4327 quoniam
3642 4272 3734 4311 ca~

2060 4342 2453 4413 'demjudicia
2470 4342 2529 4397 in
2554 4344 3039 4415 quatuorspecics
3061 4342 3333 4400 distincta
3352 4345 3742 4416 promisimus

2088 4430 2370 4503 exemplis
2403 4432 2647 4503 probare
2679 4432 2930 4504 singula,
2964 4432 3021 4486 in
3056 4433 3267 4504 primis
3292 4434 3470 4505 prius:
3502 4449 3751 4506 quoqueL

329 4493 490 4595 U‘nde
531 4501 588 4552 et
616 4498 1052 4595 ῗωηίεβῐᾞῒίεθ
1087 4500 1294 4595 divum?
1325 4501 1974 4595 donaiqllf9_ta1}lasuﬁt
2082 4493 2292 4590 speciei
2317 4493 2584 4575 dicamus
2603 4493 2883 4593 exempla.
2904 4493 3199 4591 écriptum
3222 4493 3404 4594 igitur
3422 4493 3574 4579 nosti
3597 4493 3747 4595 quia

322 4588 391 4639 ut
421 4601 491 4641 ea
529 4586 728 4642 nullus
759 4586 946 4643 valeat
976 4589 1315 4659 promereri,
1351 4591 1618 4661 quamvis
1650 4592 1709 4646 in
1724 4592 1957 4663 disposi-

2082 4609 2468 4665 Sodomorum
2486 4614 2542 4664 et
2560 4610 3064 4665 Gomorrhaaorum
3079 4610 3254 4667 urbes
3270 4586 3732 4669 subversee'simt

319 4673 477 4729 tione
506 4675 709 4732 divina-
730 4677 1000 4734 dicantur
1030 4679 1204 4747 iusta,
1246 4678 1592 4749 ubijustum
1645 4685 1736 4736 est
1795 4697 1966 4737 omne

321 4761 1570 4838 pium,piumquecmnejustum,necessaria
1582 4770 1775 4841 potius
1788 4787 1965 4842 quam

314 4850 481 4921 justa
511 4868 544 4907 a
575 4854 745 4909 nobis
776 4860 915 4911 sunt
945 4856 1210 4913 dicenda.

398 4958 523 5013 Sed
542 4963 607 5014 ut
635 4959 743 5014 hoc
776 4961 1050 5031 aperdius
1063 4962 1362 5035 clarescat,
1380 4966 1883 5024 assumendasunt
1902 4983 1969 5023 ex

320 5044 569 5116 judiciis‘
592 5047 865 5104 humanis
896 5050 1849 5127 exempla.Quotiescunqueigitur
1870 5056 1968 5127 ju-

326 5134 439 5190 dexi
464 5136 709 5207 quilibet
737 5154 899 5193 reum
937 5138 1256 5209 quemlibet
1287 5140 1546 5197 districts
1576 5160 1678 5213 pro
1710 5145 1969 5216 nequitia

335 5238 455 5278 sua!
489 5226 679 5296 puniri
737 5227 954 5295 fecerit,
987 5234 1105 5282 tam
1147 5244 1180 5282 a
1229 5228 1434 5299 punito
1467 5246 1561 5285 reo
1594 5248 1769 5303 quam
1802 5252 1835 5289 a
1865 5252 1969 5305 pu-

327 5310 1272 5387 nientejudicejustumjudicium
1288 5316 1503 5373 factum
1518 5335 1645 5376 esse
1666 5322 1778 5377 dici
1799 5324 1967 5378 valet.

329 5401 473 5456 Cum
504 5414 637 5459 vero
677 5405 951 5476 cuiquam
985 5410 1207 5461 reatum
1226 5404 1526 5463 dimittens
1542 5410 1973 5479 misererijudi-

330 5490 564 5556 caverit,
589 5491 961 5563 ipsequidem
982 5494 1162 5564 judex
1175 5493 1390 5565 aliique
1402 5497 1592 5551 dicere
1612 5497 1804 5553 valent
1836 5500 1974 5569 quia

326 5576 489 5648 juete
519 5578 697 5649 idem,
728 5596 831 5653 pro
868 5581 1097 5653 pietatis
1128 5599 1245 5639 sua:
1267 5574 1817 5654 justitia,misertus
1832 5587 1972 5643 fuis-

330 5669 425 5725 set
445 5670 518 5725 et‘
530 5669 885 5741 pepercisset
915 5685 1032 5728 rec.
1066 5672 1169 5727 Cui
1200 5675 1396 5730 autem
1428 5673 1587 5733 facta,
1607 5679 1697 5732 est
1740 5676 1974 5735 miseri-

2067 4698 2293 4768 judicio
2324 4698 2514 4754 divino
2531 4699 2559 4752 ‘?

2145 4788 2208 4842 Η.
2237 4787 2529 4860 Scriptum
2562 4788 2817 4861 profecto
2847 4786 2977 4844 novi
3033 4787 3170 4861 quia
3236 4790 3539 4846 subversa
3594 4786 3751 4849 suntz

2070 4876 2297 4948 judicio
2324 4878 2444 4932 Dei.

2152 4966 2211 5021 0.
2246 4965 2413 5021 Potes
2466 4969 2659 5022 autem
2718 4966 2868 5022 scire
2918 4966 3210 5038 quomodo
3245 4966 3411 5023 idem
3438 4965 3743 5040 judicium
3802 5000 3807 5003 Α

2080 5054 2255 5110 fuerit
2276 5055 2503 5126 justum
2530 5060 2557 5109 ?

2150 5146 2213 5200 II.
2250 5143 2714 5212 Minime,nisiin
2748 5143 2856 5199 hoc
2890 5145 3353 5216 quodjudicium
3379 5146 3740 5218 Dei‘sernper

2074 5234 2303 5303 justum
2334 5248 2462 5287 esse
2492 5232 2683 5287 credo.
2718 5230 2924 5287 Alitert
2950 5248 3205 5305 namque
3222 5234 3533 5307 quomodo,
3562 5234 3649 5291 vel
3672 5234 3733 5290 in

2081 5321 2189 5375 hac
2237 5320 2676 5385 subversionne,
2703 5319 2792 5374 vel
2814 5319 2914 5375 ubi
2938 5322 3167 5390 justum
3202 5325 3297 5392 sit,
3317 5324 3543 5395 ignoro;
3576 5323 3751 5379 unde

2081 5424 2283 5481 precor
2308 5413 2371 5462 ut
2395 5413 2480 5474 tu,
2511 5408 2611 5479 qui
2635 5408 2755 5464 haec
2779 5411 3470 5490 proponebas;denudare
3490 5411 3747 5467 studeas

2155 5497 2215 5551 0.
2247 5497 2446 5553 Nonne
2475 5496 2914 5553 subversionem
2945 5498 3189 5553 urbium-
3201 5499 3613 5570 praedictarum
3636 5506 3747 5555 re»

2083 5584 2268 5657 perire
2285 5592 2447 5657 potes
2469 5585 2667 5658 aliqua
2685 5586 2895 5643 divina».
2915 5586 3149 5659 pietatis
3169 5588 3571 5648 admonitione
3587 5594 3737 5663 prla-

2079 5679 2312 5732 ventam
2344 5687 2477 5733 esse
2498 5676 2526 5730 (Ρ
