4114 6184
251 361 328 423 83
1227 359 1540 422 DIALOG.
1589 358 1692 420 DE
1734 359 2022 426 TRIBUS
2069 361 2697 433 OUESTIONIBUS.
3590 361 3670 426 86

323 496 396 550 Η.
430 494 911 564 Nequaquam,ut
939 507 1087 548 reor.
1119 492 1267 549 Nam
1297 493 1497 549 nullus
1527 493 1730 549 divinae
1759 493 1906 566 legis
1936 499 1991 562 Α
2021 495 2210 552 audis.
2243 497 2388 552 Nam
2421 513 2569 569 quos
2595 497 2884 570 prmscivit
2911 495 3354 572 incorrigihiles,
3376 494 3434 555 in
3467 499 3688 572 paucis:

251 581 528 647 monitor,
582 579 668 635 vel
720 580 1080 651 praedicator,
1144 581 1284 636 illuc
1333 580 1674 653 praemissus
1730 581 1910 648 fuisse

251 671 491 744 legitur,
515 670 616 725 sed
650 670 838 741 pridie
867 686 1042 741 quam
1071 671 1694 738 subverterentur,duo
1719 669 1909 742 angeli

249 761 484 816 venisse
516 758 901 823 dicuntur,ita
929 759 1220 814 referente.
1235 761 1538 832 Scriptura
1570 777 1581 813 :
1617 762 1907 830 Venerunt,

248 847 472 920 inquit,
503 848 610 902 duo
639 848 831 916 angeli
861 847 1148 904 Sodomam
1176 865 1395 920 vespere
1435 849 1649 905 sedente
1686 848 1820 904 Loth
1849 851 1906 903 in

251 939 744 1008 toribus‘civitatis
775 935 930 1008 (Gen.
963 938 1099 1009 xIx).

331 1027 392 1083 0.
431 1027 584 1098 Lege
629 1030 855 1097 emtam,
889 1043 1016 1098 quae
1047 1030 1395 1099 sequuntur,
1424 1033 1483 1083 et
1513 1026 1770 1082 invenies
1803 1026 1911 1082 for-

249 1116 405 1173 sitan
426 1115 656 1187 judicia
676 1114 938 1186 Dei,quae
957 1113 1175 1171 ibidem
1194 1115 1482 1188 completa
1505 1119 1912 1188 sunt,prmmo-

252 1203 492 1260 uitione
527 1203 727 1276 aliqua
778 1203 1139 1274 denuntiata,
1189 1204 1435 1277 ideoque
1476 1222 1610 1261 vera
1639 1209 1697 1260 et
1721 1205 1907 1275 justa.

251 1293 454 1364 Neque
481 1293 638 1348 enim
670 1309 716 1347 a-
733 1292 1019 1348 memoria
1043 1297 1142 1350 tua
1170 1294 1341 1350 debet
1360 1293 1525 1350 evelli
1558 1293 1697 1366 quid
1731 1309 1911 1365 supra

253 1382 483 1438 dictum
509 1382 587 1438 sit
611 1397 743 1438 esse
754 1383 987 1453 justum
1010 1383 1486 1455 causaquejusti.
1518 1383 1908 1446 Quamobrem

256 1470 596 1544 diligentius
623 1471 936 1542 Scriptura:
957 1475 1294 1527 memoratae
1322 1471 1631 1544 sequentia
1659 1473 1906 1538 intuere,

255 1568 314 1616 et
337 1560 598 1633 reperies
621 1560 954 1634 cognitione
984 1561 1182 1632 aliqua
1202 1578 1380 1634 quam
1397 1563 1562 1632 justa
1581 1561 1906 1632 fuerintju-

253 1648 408 1706 dioia
433 1651 538 1705 Dei
568 1649 630 1705 in
660 1649 908 1706 urbibus
939 1649 1292 1722 supradictis
1322 1651 1494 1707 facta.

318 1760 391 1813 Η;
426 1757 570 1821 Quae
600 1772 694 1812 me
714 1757 892 1828 jubes
922 1756 1176 1829 reperire
1223 1773 1447 1829 nequeo
1500 1775 1513 1812 :

253 1846 466 1919 profer.
500 1861 719 1917 quaeso.

316 1935 377 1992 0.
429 1934 661 2002 Nonne,
712 1939 856 2006 post
891 1950 961 1991 ea
1006 1951 1134 2006 quae
1176 1935 1516 2007 praemisisti
1588 1935 1902 2009 Scriptura

249 2024 438 2094 verba,
462 2023 751 2095 scriptum
780 2027 904 2080 est:
927 2025 1184 2094 Egressus
1212 2025 1398 2097 itaque
1435 2025 1570 2081 Loth
1597 2025 1806 2081 locutus
1824 2032 1905 2081 est

252 2114 324 2170 ad
349 2129 748 2185 generossuos,
796 2114 892 2184 qui
939 2115 1217 2184 accepturi
1260 2117 1420 2170 erant
1463 2115 1612 2185 ﬁlias
1662 2116 1798 2187 ejus,
1850 2119 1907 2171 et

253 2202 388 2258 dixit
417 2219 434 2257 :
468 2203 714 2274 Surgite,
763 2202 1095 2274 egredimini
1132 2203 1197 2259 de
1239 2205 1352 2259 loco
1383 2204 1504 2268 isto,
1548 2205 1680 2276 quia
1707 2204 1904 2260 delebit

251 2293 512 2348 Dominus
537 2293 820 2348 civitatem
845 2292 1008 2348 hanc.
1042 2295 1107 2348 Et
1138 2293 1286 2349 visus
1313 2297 1396 2349 est
1423 2294 1687 2365 eis.quasi
1711 2293 1904 2349 ludens

254 2382 660 2453 ιοηιηαὺέάο)

321 2473 383 2527 Η.
449 2470 748 2542 Scriptum
820 2471 1076 2544 profecto
1139 2471 1221 2528 ita
1274 2487 1405 2528 esse
1452 2469 1641 2528 recolo
1707 2489 1720 2528 :

1570 1757 1818 1829 ideoque
1842 1762 1904 1812 tu

1804 2472 1906 2528 sed

258 2560 545 2632 quomodo
576 2577 682 2632 per
709 2561 834 2617 haec
860 2561 1036 2616 verba
1056 2559 1282 2630 judicia
1310 2560 1509 2617 divina
1549 2561 1782 2632 probari
1808 2578 1905 2617 va-

258 2650 371 2706 lent
394 2651 567 2721 justa
588 2649 616 2703 ?

321 2743 391 2796 0.
413 2741 680 2795 Possunt
700 2737 892 2810 plane.
915 2740 982 2795 II.
1006 2739 1308 2805 Quomodo
1332 2739 1360 2793 ‘t
1390 2738 1450 2795 0.
1476 2737 1556 2794 Ex
1576 2737 1686 2794 hoc
1704 2738 1908 2810 utique

254 2827 396 2900 qm
413 2844 556 2884 cum
587 2828 1011 2899 Lot'quosdam
1041 2829 1240 2901 egredi
1270 2829 1344 2884 de
1371 2828 1495 2884 loco
1527 2826 1626 2883 illo
1655 2843 1906 2898 premo-

254 2917 482 2973 Μίδαι
495 2921 564 2972 et
589 2915 902 2973 dolendam
925 2917 1219 2973 civitatem
1244 2932 1372 2974 esse
1396 2917 1586 2988 ipsam
1612 2915 1910 2988 praedixis.

255 3011 355 3076 set,
390 3021 626 3072 omnes,
659 3005 760 3077 qui
791 3006 911 3062 haec
935 3006 1093 3064 dicta
1121 3007 1228 3063 Lot
1259 3006 1590 3071 audierunt,
1623 3005 1906 3062 admoniti

253 3101 384 3152 sunt
411 3100 481 3150 ut
501 3094 734 3166 judicia
747 3094 852 3151 Dei
872 3094 1144 3152 intimate
1164 3095 1605 3152 evaderent.Sed
1628 3094 1907 3167 quoniam

253 3185 590 3256 praedictam
604 3184 1132 3257 imminentemque
1144 3184 1582 3241 subversionem
1596 3183 1910 3242 noluerunt

254 3273 676 3344 credere,patet
703 3273 956 3345 profecto
989 3289 1088 3330 eos
1119 3273 1340 3346 ﬂagitia
1368 3290 1477 3330 sua
1500 3290 1606 3330 nec
1632 3273 1911 3345 poenitere

257 3361 418 3420 velle.
452 3362 599 3426 Qum
627 3363 698 3418 de
731 3361 1027 3436 colligitur
1057 3366 1115 3418 et
1143 3363 1424 3435 probatur
1436 3363 1668 3434 justum
1688 3378 1913 3418 verum-

258 3467 538 3522 queesse-
559 3451 660 3508 Dei
701 3451 1015 3521 judicium,
1070 3452 1225 3523 quod
1283 3469 1401 3508 non
1442 3456 1598 3521 ante,
1642 3451 1743 3507 sed
1783 3453 1914 3522 post

260 3539 777 3610 monitaneglecta
805 3539 1018 3597 delevit
1045 3539 1174 3596 loca
1202 3539 1494 3612 praedicta.

323 3647 388 3700 H.
422 3645 557 3701 Jam
587 3645 813 3718 plenius
845 3663 1098 3719 agnosco
1131 3647 1272 3719 quid
1317 3646 1690 3702 sentiendum
1736 3645 1813 3700 sit
1842 3646 1912 3702 de

241 3736 402 3806 justo
421 3735 668 3807 judicio.
721 3736 1139 3792 Verumtamen
1186 3735 1322 3791 huic
1367 3735 1600 3791 videtur
1631 3735 1912 3804 quiddam

251 3823 533 3880 obsistere
576 3823 638 3879 in
687 3825 890 3881 eadem
943 3825 1342 3880 subversione.
1374 3823 1521 3879 Nam
1570 3839 1776 3880 omnes
1832 3824 1913 3878 ibi

254 3930 624 3986 nequaquam
698 3917 838 3970 sunt
884 3914 1263 3986 praemoniti;
1314 3930 1520 3969 omnes
1545 3929 1700 3981 vero,
1750 3929 1912 3968 exce-

256 4004 380 4074 ptis
412 4003 508 4058 his
553 4002 658 4074 qui
733 4019 868 4058 cum
919 4005 1026 4058 Lot
1087 4003 1340 4071 exibant,
1412 4002 1685 4074 leguntur
1731 4002 1914 4057 fuisse

258 4092 532 4147 damnati.

322 4181 384 4236 0.
415 4180 725 4236 Judicium
759 4179 1023 4236 divinum
1055 4183 1267 4246 non,ut
1297 4180 1624 4235 humanum
1657 4178 1916 4251 plerum-

261 4284 388 4340 que,
419 4275 596 4325 errat.
635 4269 912 4335 Quamvis
933 4269 1089 4325 enim
1123 4269 1297 4339 Deus,
1338 4268 1684 4340 priusquam
1716 4284 1916 4339 quem~

260 4357 398 4414 libet
427 4364 678 4425 moneat,
710 4359 759 4414 si
801 4360 974 4430 cujus
1007 4358 1247 4414 monitis
1296 4359 1806 4430 obtemperaturus
1842 4356 1916 4412 sit

263 4448 542 4520 prasciat,
578 4449 869 4520 quosdam
900 4453 1097 4504 tamen
1133 4447 1426 4520 perituros
1455 4447 1583 4502 ideo
1623 4447 1693 4502 ad
1732 4447 1914 4519 pmni-

261 4537 497 4592 tentiam
529 4537 1033 4610 preemonet,velut
1058 4536 1397 4609 ignarus,ut
1425 4536 1484 4592 in
1506 4535 1636 4608 ipsa
1654 4535 1916 4590 admoni-

264 4626 409 4682 tione
438 4631 674 4683 cassa-ta
705 4625 1045 4682 hominibus
1099 4627 1370 4682 ostendat
1415 4626 1553 4697 quia
1594 4625 1654 4680 in
1697 4623 1917 4680 caeteris
1947 4613 1994 4679 D

261 4715 516 4784 judiciis,
550 4732 681 4788 quae
712 4733 828 4770 non
859 4715 1134 4783 ostendit,
1169 4715 1412 4770 minime
1440 4719 1613 4770 errat.
1650 4712 1918 4769 Probavit

272 4820 518 4877 namque
545 4805 608 4860 in
634 4805 748 4875 his,
781 4805 883 4876 qui
914 4804 1119 4860 moniti
1155 4821 1270 4860 non
1302 4809 1444 4859 sunt
1471 4803 1752 4872 conversi,
1776 4804 1916 4874 quia

273 4895 369 4949 etsi
413 4911 626 4950 omnes
683 4895 1140 4951 admonerentur
1190 4895 1392 4950 eadem
1437 4897 1633 4949 essent
1681 4891 1908 4948 facturi.

272 4981 419 5045 Quod
453 4983 740 5040 nimirum
772 4984 854 5038 ita
882 4999 1010 5040 esse
1042 4983 1212 5040 aliter
1241 4983 1415 5038 etiam
1448 4981 1914 5054 probatur.Nam

273 5071 611 5146 priusquam
664 5073 781 5128 duo
831 5072 1020 5146 angeli
1069 5073 1385 5129 Sodomam
1430 5072 1745 5138 venissent,
1779 5086 1913 5126 cum

269 5160 557 5218 Abraham
591 5161 845 5234 colloqui
876 5161 1105 5235 ipsique
1134 5163 1520 5218 Sodomorum
1572 5166 1630 5218 et
1668 5162 1912 5218 Gomor-

268 5248 552 5307 rhaeorum
584 5256 825 5323 peccata
855 5251 1198 5308 denuntiare
1227 5251 1522 5308 dicuntur.
1557 5251 1665 5307 Pro
1697 5252 1914 5323 quibus

265 5340 752 5398 cum‘Dominum
784 5340 953 5398 unice
982 5340 1443 5413 suppliciterque
1501 5341 1602 5397 diu
1631 5345 1911 5409 exoraret,

269 5433 366 5500 pot
413 5430 596 5502 plura
620 5429 900 5486 orationis
929 5430 1106 5486 verba
1135 5429 1358 5498 intulit,
1405 5430 1605 5487 dicens
1639 5449 1651 5487 :
1687 5431 1832 5499 Quid
1865 5431 1916 5486 si

265 5518 484 5579 imit.
509 5520 728 5590 fuerint
761 5521 906 5576 inter
947 5519 1073 5576 illos
1100 5519 1283 5576 decem
1303 5519 1450 5591 justi
1477 5523 1502 5573 .9
1539 5519 1643 5576 Cui
1675 5535 1912 5592 respon-

263 5606 430 5666 dens.
459 5608 772 5680 Dominus,
795 5609 876 5665 ait
946 5624 958 5664 :
1026 5609 1146 5666 Non
1204 5608 1386 5665 delebo
1452 5611 1673 5680 propter
1735 5608 1914 5666 decem

260 5695 418 5767 (Gelu
451 5701 640 5768 xvm).
687 5698 836 5757 Ecce
881 5697 981 5756 Dei
1026 5697 1220 5756 verbis
1269 5697 1408 5770 quid
1433 5701 1741 5756 venturum
1770 5699 1917 5757 foret

2019 586 2283 656 probavit
2308 602 2532 642 omnes.

2089 677 2152 730 Η.
2199 675 2345 740 Quid
2405 675 2550 730 mihi
2612 677 2929 733 dubietatis
2975 694 3153 749 super
3213 677 3330 734 hac.
3378 679 3686 738 sententia.-

2018 764 2269 833 inhaasit,
2301 770 2504 836 aperta
2531 766 2679 822 ratio
2702 765 2984 824 dissolvit.
3017 767 3306 825 Videntur
3329 769 3486 826 enim
3519 769 3685 828 mihi;

2020 854 2191 908 modo
2223 854 2440 924 omnia,
2467 871 2593 925 quae
2625 855 2694 910 de
2713 856 2876 927 justo
2905 855 3003 912 Dei
3025 856 3250 928 judicio
3278 857 3337 913 in
3369 858 3684 931 pradicas

2018 959 2151 998 rum
2172 943 2410 998 urbium
2441 945 2819 1000 subversione
2839 945 2990 1001 facto
3013 945 3358 1013 dixisti,tam
3384 947 3676 1007 lucidant.

2020 1032 2198 1088 mirer
2227 1033 2383 1103 quod
2414 1049 2531 1089 non
2562 1039 2793 1106 egomet
2831 1050 2944 1106 per.
2981 1050 3077 1090 me
3104 1050 3190 1090 ex.
3222 1034 3684 1094 circumstantia:

2019 1121 2330 1194 Scriptum
2361 1123 2564 1178 eadem
2592 1123 2894 1181 sentirem.
2923 1123 3686 1197 Jureigiturlegitumjure.

2019 1214 2336 1267 cantatur:
2386 1216 2580 1269 Justus
2621 1229 2696 1280 es,
2751 1213 2993 1279 Domine,
3042 1221 3093 1269 et
3137 1221 3366 1271 rectum.
3385 1213 3680 1286 judicium:

2017 1307 2175 1356 tuum
2204 1301 2376 1370 (Psal.
2405 1302 2620 1374 cxvm).
2653 1303 2722 1358 Et
2750 1301 2895 1358 illud
2923 1319 2935 1358 :
2967 1304 3139 1361 Iusta?
3167 1311 3220 1360 et
3241 1305 3528 1362 υθνωευέε
3553 1307 3681 1362 ιω,

2019 1391 2132 1446 Rea:
2157 1389 2498 1447 seculorum
2527 1392 2686 1463 (Dan.
2720 1394 2829 1460 III).

2092 1477 2152 1534 0.
2189 1479 2481 1536 Sentisme
2527 1485 2586 1536 et
2629 1480 2759 1548 hoc,
2807 1498 2882 1537 an
2930 1497 3002 1537 ex
3043 1482 3527 1554 praecedentibus,
3573 1482 3682 1540 vel;

2017 1568 2514 1639 subsequentibus
2565 1568 2760 1626 causis
2808 1569 3036 1627 dicatur
3056 1571 3291 1642 justum
3318 1571 3675 1644 prndictum;

2017 1657 2116 1712 Dei
2138 1656 2433 1727 judicium
2459 1656 2487 1710 Ἰ

2085 1747 2150 1800 Η.
2185 1739 2525 1817 Sentiojam
2557 1745 2728 1817 plane
2757 1747 3085 1819 quia,juxta
3100 1748 3456 1808 sententiam
3471 1752 3658 1822 tuam,

1933 1869 1983 1943 Β
2011 1834 2784 1943 unumqqodqueudicium
2806 1836 3187 1894 manifestum
3204 1853 3274 1895 ex
3291 1838 3674 1909 prandenti»

2011 1924 2125 1980 bus
2155 1924 2390 1997 probari
2404 1967 2407 1970 .
2421 1922 2575 1981 valet
2595 1924 2850 1996 justum.

2013 2137 2151 2193 Deus
2175 2139 2233 2192 in
2264 2136 2590 2212 quibusdam
2616 2138 2926 2212 manifestis
2946 2138 3185 2212 judiciis
3233 2138 3476 2198 ostendit
3500 2153 3667 2212 quam

2475 2211 2533 2264 in
2565 2210 2790 2266 occultis
2806 2209 2954 2280 juste
2967 2210 3200 2285 'judieet.
3506 2209 3543 2217 “’

2086 2315 2231 2370 9thl.
2281 2313 2460 2370 Visne
2502 2314 2661 2372 aliud
2706 2317 3039 2389 exemplum
3082 2317 3413 2391 propalari,
3444 2333 3514 2376 ex
3549 2333 3664 2390 quo

2007 2403 2236 2476 judicia
2267 2403 2369 2460 Dei
2401 2403 2678 2461 similiter
2704 2406 2936 2463 valeant
2967 2407 3251 2478 probari?

2089 2495 2152 2548 Il.
2205 2493 2348 2549 Volo
2411 2494 2886 2568 omnimodisque
2932 2495 3202 2568 deposeo,
3252 2494 3391 2568 quia
3445 2497 3664 2569 quanto

2017 2583 2280 2655 apertius
2302 2582 2596 2654 praeterita
2613 2583 2837 2639 declare
2847 2584 3116 2655 sti,tanto
3137 2583 3454 2640 avidiorem
3476 2599 3570 2641 me
3589 2584 3667 2659 ad

2019 2672 2218 2727 futura
2247 2672 3004 2745 praeparasti.Condelector
3024 2687 3280 2746 namque.
3299 2673 3366 2732 in
3396 2671 3490 2729 his
3510 2689 3664 2750 quaa-

2016 2760 2307 2818 stionibus
2338 2777 2404 2816 ac
2426 2761 2836 2833 solutionibus,
2869 2766 2934 2818 ut
2961 2761 3145 2833 illam,
3187 2778 3366 2835 quam
3397 2777 3660 2824 summo-

2015 2866 2150 2922 perc
2206 2850 2438 2922 expetii,
2470 2849 2674 2918 libeas,
2711 2851 2904 2922 quoad
2952 2865 3161 2926 usque.
3191 2849 3336 2906 velis
3372 2849 3663 2926 patienter

2015 2937 2358 3012 praestolari.
2407 2940 2763 3012 Prosequere
2807 2956 2944 3013 ergo
2994 2939 3285 3012 inchoata,
3325 2937 3464 3013 quia
3492 2938 3674 3016 plura-

2016 3028 2375 3100 proposuisti
2401 3027 2784 3100 explananda.
3373 3017 3375 3020 0

2090 3117 2148 3173 0.
2190 3121 2437 3174 Potesne
2467 3118 2776 3174 attendere
2792 3117 3055 3175 illud'Dei
3081 3117 3401 3189 judicium,
3433 3117 3666 3191 quodin

2023 3205 2172 3261 mari
2195 3206 2392 3262 Rubro
2415 3205 2572 3262 circa
2600 3207 2962 3264 Pharaonem
2981 3208 3479 3279 omnemqueejus
3503 3223 3669 3264 exer-

1979 3277 1986 3308 ¹
2025 3293 2205 3350 citum
2237 3293 2451 3367 legitur
2481 3295 2722 3362 factum,
2754 3296 3048 3365 quomodo
3080 3295 3157 3351 sit
3176 3277 3456 3366 justum?

2089 3384 2154 3438 Η.
2187 3383 2260 3438 Ut
2290 3384 2562 3450 arbitror,
2595 3399 2837 3454 possum
2865 3408 2879 3452 ;
2911 3383 3671 3456 alioquinindagatiOpraa-

2018 3472 2192 3529 terita
2215 3471 2515 3527 incassum
2545 3471 2838 3526 videretur
2865 3471 3038 3526 facta.

2093 3562 2162 3618 0.
2220 3560 2401 3626 Unde,
2458 3575 2618 3632 rogo,
2652 3559 2906 3614 maxime
2932 3559 3359 3631 patetjustum.

2091 3652 2156 3707 H.
2189 3653 2266 3704 Ex
2291 3647 2658 3704 multimodis
2685 3647 2989 3721 prodigiis,
3033 3651 3090 3704 et
3130 3647 3340 3721 signis:
3365 3646 3672 3721 plagisque

2023 3739 2506 3812 praecedentibus.
2539 3739 2647 3793 Sed
2665 3741 2723 3792 et
2751 3736 2800 3793 si
2831 3737 2970 3810 quid
2993 3735 3400 3809 justissimum
3424 3736 3673 3811 plussvas

2023 3829 2102 3885 let
2130 3845 2305 3900 quam
2331 3827 3002 3899 justum,justissimum
3023 3826 3332 3883 illuddico
3358 3826 3668 3898 judicium,

2023 3917 2177 3990 quod
2210 3919 2374 3972 tanta
2403 3919 2825 3988 praecesserunt
2854 3916 3075 3972 monita
3105 3915 3430 3988 signorum.

2097 4007 2156 4062 0.
2189 4005 2418 4078 Optimo
2448 4004 2670 4060 dixisti.
2703 4005 2852 4061 Nam
2879 4021 2998 4076 quo
3029 4004 3398 4076 plusl'uerata
3411 4004 3668 4077 justum,

2021 4098 2185 4150 tanto
2216 4093 2542 4149 districtius
2572 4092 2820 4164 perculit
2862 4095 3191 4166 lEgyptum.
3225 4093 3288 4150 In
3329 4092 3673 4166 huiusmodi

2022 4183 2199 4240 etiam
2213 4183 2506 4254 judicium
2529 4183 2882 4254 quandoque
2900 4197 3142 4238 casuros
3154 4182 3673 4257 scito-quicunque

2023 4272 2386 4339 inﬁrmitate,
2417 4271 2505 4326 vel
2538 4269 2798 4342 qualibet
2826 4270 3196 4342 correptione
3217 4288 3252 4328 a
3275 4271 3404 4330 Deo.
3424 4289 3672 4346 prmium

2024 4363 2155 4431 niti,
2186 4381 2220 4417 a
2240 4361 2399 4417 vitiis
2431 4360 2554 4416 suis
2586 4358 2793 4414 nolunt
2819 4359 3096 4415 converti.

2093 4454 2156 4508 H.
2174 4449 2586 4507 Justissimum
2608 4464 2848 4520 prorsus
2868 4447 3162 4518 judicium
3178 4448 3593 4522 videtur,quod
3610 4449 3672 4506 in

2026 4557 2150 4608 eos,
2181 4540 2283 4612 qui
2312 4538 2544 4610 pietatis
2575 4535 2799 4593 monita
2827 4541 3133 4608 spernunt,
3166 4542 3480 4596 exercetur.

2099 4630 2338 4686 Duobus
2367 4627 2547 4700 igitur
2570 4625 2852 4698 exemplis
2880 4625 3121 4697 prolatis
3151 4626 3439 4682 addamus
3468 4629 3672 4683 ettter‘

2023 4720 2194 4790 tium,
2227 4721 2294 4774 ut
2335 4717 2630 4773 evidenter
2676 4730 2960 4787 agnoscas
2999 4715 3295 4786 quomodo
3323 4713 3555 4786 judicia;
3581 4715 3672 4770 di.-

2023 4808 2160 4864 vina
2224 4805 2678 4878 comprobantur
2724 4804 2910 4874 justa.
2955 4804 3044 4858 Ad
3089 4803 3261 4875 quod.
3301 4803 3670 4877 congregatio

2026 4898 2188 4968 Core,
2223 4895 2449 4952 Dathan
2480 4900 2534 4949 et
2562 4892 2801 4959 Abiron,
2856 4893 2974 4948 sed.
3012 4896 3072 4948 et
3100 4909 3304 4950 omnes
3333 4892 3666 4963 ﬁliilsraal,

2024 4987 2126 5059 qui
2151 4985 2370 5059 egressi
2402 4985 2473 5040 de
2503 4984 2746 5056 Egypto
2776 4981 3076 5054 perierunt
3111 4982 3171 5038 in
3203 4983 3453 5054 deserto,
3485 4984 3670 5057 depu,

2022 5075 2354 5139 tentur.Qui
2384 5072 2561 5130 simul
2584 5088 2788 5129 omnes
2801 5073 2964 5143 justo
2976 5071 3202 5144 judicio
3222 5071 3324 5129 Dei
3349 5074 3672 5145 probantur

2023 5163 2306 5231 damnati,
2359 5163 2499 5236 quia
2549 5161 2826 5234 leguntur
2880 5161 3045 5217 omni
3093 5161 3267 5219 modo
3315 5161 3566 5234 correpti
3611 5165 3671 5220 et

2024 5253 2350 5328 praemoniti
2365 5292 2377 5310 .

2097 5346 2252 5400 Inter
2281 5342 2403 5399 haec
2433 5342 2610 5398 etiam
2641 5356 2994 5415 magnopere
3025 5339 3396 5413 pensandum
3425 5338 3672 5412 estquia

2023 5439 2081 5491 et
2107 5433 2217 5490 hoc
2241 5434 2472 5504 justum
2502 5432 2604 5488 Dei
2627 5432 2917 5504 judicium
2939 5428 3520 5503 intelligi.valet,cum
3549 5429 3675 5502 quit

2023 5521 2189 5590 libet,
2222 5521 2311 5578 vel
2342 5520 2595 5578 naturali
2626 5521 2880 5593 ingenio,
2911 5518 3002 5575 vel
3033 5517 3672 5593 scientiaquaaounquo

2023 5610 2230 5666 divinae
2262 5609 2408 5683 legis
2439 5608 2897 5682 praemoniti,sed
2927 5625 3044 5664 non
3075 5607 3358 5678 conversi,
3385 5609 3670 5666 damnans.-

2020 5705 2142 5770 tur,
2200 5697 2354 5756 sicut
2409 5697 2495 5754 illi
2537 5697 2729 5771 quiin
2777 5697 2973 5770 prima
2995 5695 3674 5768 mundiatatcoiluvio
