4118 6188
425 358 498 417 s7
1432 332 1772 417 ('iTHLONl
1823 349 2169 413 MONACHI
2221 355 2283 408 ες.
2336 316 2824 413 EMMERAMMI
3236 361 3241 367 ·
3756 350 3833 412 88

427 488 747 564 perierunt.
782 488 850 544 Hi
897 488 1050 543 enim
1085 503 1308 559 omnes,
1352 488 1628 559 quoniam
1664 486 1910 541 necdum
1946 499 2074 555 pro-
2106 483 2161 547 Α
2191 482 2461 537 videntur
2485 482 2686 554 ut,nisi
2721 482 2828 539 hoc
2862 482 3031 538 modo
3064 482 3249 555 pietas
3272 481 3466 537 divina
3486 498 3587 548 per
3616 482 3830 556 Joseph

427 580 546 637 lata
575 584 663 635 est
704 578 792 633 lex
823 577 965 642 ulla,
1001 576 1256 632 naturali
1289 578 1696 631 tantummodo
1737 592 1804 630 cx
1835 574 2077 629 scientia

432 667 697 725 damnati
729 670 888 722 sunt.
924 666 1086 721 Unde
1136 672 1194 721 et
1246 667 1557 737 Apostolus
1592 684 1605 720 :
1654 666 1956 729 Revelatur,
1988 662 2076 716 in-

431 759 580 832 quit,
635 758 725 811 ira
772 756 873 811 Dei
922 772 1089 826 super
1143 772 1355 810 omnem
1402 757 1735 825 impietatem
1774 754 2078 817 hominum,

430 864 582 921 quia,
615 845 761 916 quod
790 850 979 900 notum
1029 854 1106 899 est
1138 847 1258 913 Dei,
1314 846 1663 915 manifestum
1715 847 1793 898 est
1840 844 1896 895 in
1945 843 2079 895 illis.

434 937 571 991 Deus
601 936 751 989 enim
780 934 896 988 illis
946 934 1337 1004 mani/estauit.
1373 932 1682 987 Invisibilia
1727 933 1877 987 enim
1907 932 2082 1001 ipsius

430 1041 465 1080 a
496 1029 759 1079 creatura
789 1023 984 1077 mundi
1032 1039 1129 1093 per
1172 1039 1239 1078 ea
1287 1037 1408 1093 qua}
1453 1023 1598 1091 facta
1649 1025 1775 1075 sunt
1804 1021 2082 1074 intellecta

430 1114 849 1185 conspiciuntur
879 1114 1054 1183 (Rom.
1098 1113 1160 1182 1).
1213 1112 1374 1175 Quod
1404 1109 1627 1165 scilicet
1669 1110 1751 1164 ita
1788 1125 1914 1164 esse
1945 1107 2082 1162 alibi

433 1203 590 1258 idem
621 1201 932 1272 Apostolus
955 1201 1212 1271 apertius
1235 1198 1719 1266 declarat,dicens
1743 1199 1812 1253 de
1840 1198 2084 1269 quibus-

435 1292 571 1346 dam
603 1289 953 1345 naturaliter
995 1288 1359 1360 sapientibus
1411 1305 1423 1341 :
1475 1290 1611 1343 Cum
1668 1289 1835 1353 enim,
1870 1285 2083 1355 inquit,

434 1386 642 1449 gentes,
674 1395 794 1450 quae
826 1379 993 1450 legem
1019 1394 1131 1432 non
1164 1377 1383 1443 habent,
1436 1377 1767 1431 naturaliter
1797 1390 1921 1446 quae
1951 1375 2085 1445 legis

433 1473 563 1524 sunt
590 1470 827 1540 faciunt,
859 1466 1149 1523 ostendunt
1195 1482 1326 1538 Opus
1366 1467 1498 1536 legis
1526 1468 1790 1538 scriptum
1820 1467 1881 1519 in
1908 1465 2084 1519 cordi-

439 1557 537 1612 bus
564 1558 683 1612 suis
711 1557 886 1629 (Rom.
922 1557 1003 1627 ιι).

508 1645 860 1717 Hujusmodi
893 1645 1069 1699 etiam
1102 1644 1327 1699 ratione
1356 1642 1500 1698 illud
1532 1642 1806 1698 ultimum
1837 1646 2089 1698 tremen-

443 1735 705 1806 dumque
736 1734 840 1789 Dei
863 1733 1155 1804 judicium
1188 1732 1468 1804 probatur
1491 1731 1889 1803 justum,quia
1917 1731 2093 1787 variis

438 1822 906 1894 correptionibus
932 1826 989 1876 et
1020 1821 1261 1877 monitis
1283 1824 1510 1874 constat
1531 1820 1894 1892 praedictum.
1927 1821 2090 1876 Unde

2195 572 2542 643 provideret,
2580 590 2693 627 non
2725 571 2915 627 solum
2970 577 3135 644 pater
3176 572 3502 643 fratresque
3550 573 3697 643 ejus,
3731 574 3833 629 sed

2195 661 2369 715 etiam
2404 662 2681 733 Egyptus
2711 666 2831 716 tota
2864 661 3093 733 periret.

2271 750 2329 803 0.
2372 751 2502 804 Haec
2550 751 2747 804 omnia
2776 750 2977 823 igitur,
3008 768 3227 822 quaso,
3276 768 3342 807 ex
3373 752 3838 823 praecedentibus

2198 857 2271 894 an
2305 841 2799 911 subsequentibus
2830 840 3060 896 indiciis
3092 841 3324 912 pensari
3349 841 3583 897 valent?

2270 931 2333 983 H.
2381 929 2619 983 Nullum
2680 947 2821 985 sane
2874 930 3148 985 meritum
3186 931 3402 1002 Joseph
3443 949 3509 986 ex
3540 930 3841 1003 Scriptura

2204 1018 2426 1090 reperio
2472 1018 2583 1074 tale
2628 1021 2782 1091 quod
2832 1020 3257 1091 providentiam
3290 1024 3514 1075 tantam
3557 1021 3844 1092 potuisset

2204 1108 2486 1163 obtinere.
2538 1108 2617 1163 De
2665 1109 2909 1163 fratrum
2968 1126 3099 1164 vero
3147 1109 3369 1164 meritis
3418 1110 3528 1165 hoc
3584 1111 3844 1165 evenisse

2204 1197 2590 1268 incongruum
2609 1202 2696 1253 est
2717 1198 2805 1253 vel
2841 1202 3299 1265 autumare,cum
3329 1199 3629 1271 Scriptura
3649 1203 3845 1255 narret

2203 1286 2296 1341 his
2326 1286 2488 1341 valde
2520 1288 2827 1344 contraria.
2863 1289 3056 1343 Refert
3085 1288 3239 1344 enim
3272 1290 3411 1360 quia
3438 1294 3569 1361 post
3598 1298 3847 1345 mortem

2205 1377 2388 1447 patris
2418 1380 2668 1432 venerint
2718 1378 2788 1431 ad
2832 1377 3023 1450 Joseph
3068 1381 3266 1448 fratres
3316 1382 3450 1450 ejus,
3500 1389 3551 1435 et
3594 1381 3762 1450 proni
3788 1382 3844 1434 in

2206 1472 2409 1523 terram
2451 1469 2746 1523 dixerint:
2778 1468 2933 1523 Servi
2979 1470 3061 1522 tui
3104 1485 3311 1523 sumus.
3364 1469 3568 1537 Quibus
3617 1470 3715 1525 ille
3760 1487 3848 1526 re-

2205 1556 2421 1628 spondit
2448 1575 2466 1611 :
2496 1558 2677 1614 Nolite
2706 1558 2915 1610 timere.
2948 1561 3093 1613 Num
3140 1559 3243 1613 Dei
3285 1574 3567 1628 possumus
3596 1564 3852 1617 resistere

2208 1647 2524 1701 voluntati?
2550 1648 2644 1701 Vos
2674 1647 2738 1701 de
2767 1663 2851 1701 me
2880 1649 3128 1717 cogitatis
3156 1647 3391 1716 malum,
3437 1652 3489 1702 et
3523 1650 3662 1704 Deus
3689 1652 3853 1706 vertit

2210 1736 2355 1790 illud
2386 1737 2444 1789 in
2494 1735 2693 1790 bonum
2736 1752 2747 1788 :
2804 1743 2863 1790 ut
2909 1738 3087 1791 salvos
3127 1739 3331 1795 faceret
3366 1738 3597 1808 populos
3651 1740 3855 1795 multos

2210 1824 2359 1896 (Cen.
2394 1824 2467 1896 ι.)

439 1872 1620 1981 ᾆξ’ἰδέἒιὶὶέπῖέῐα””ἀῖἐςίῐ’ξ’ἳῂῖιέγὴᾶέιὲῒέδιε
1650 1912 1847 1964 ’veniet
1907 1910 2086 1981 (ρδαιο
2122 1872 2224 1937 ΒΧ
2279 1915 2335 1969 ο.
2374 1872 2517 1968 Οιίω
2548 1930 2683 1985 ergo
2714 1917 2835 1969 tam
2887 1913 3218 1971 necessaria
3250 1914 3457 1970 ἀίνίηδθ
3500 1915 3859 1987 Ρίθίθίίηυ·

440 2000 613 2071 XLIX).
647 1998 942 2069 Quidquid
975 2003 1168 2053 autem
1201 1999 1579 2054 manifestum
1614 1999 1679 2053 ﬁt
1694 1998 1940 2055 indiciis
1969 2016 2098 2071 pro-

441 2088 591 2144 fecto
622 2087 797 2142 variis
829 2087 1110 2158 probatur
1140 2088 1617 2159 praenuntiatum.

510 2176 714 2233 Nonne
746 2192 881 2249 ergo
912 2193 1015 2249 per
1044 2177 1166 2232 haec
1196 2178 1394 2233 omnia
1426 2176 1736 2249 perpendis
1768 2177 1907 2248 quia
1932 2176 2093 2232 diffe-

444 2266 635 2322 rentia
666 2283 924 2339 congrua
955 2266 1344 2339 appellantur,
1380 2266 1479 2322 illa
1503 2267 1728 2337 judicia
1751 2267 1933 2338 justa,
1968 2284 2093 2339 quae

438 2355 714 2428 przecedit
734 2355 1076 2426 admonitio,
1107 2355 1195 2410 vel
1231 2356 1515 2427 correptio
1540 2355 1775 2427 aliqua?

508 2446 573 2500 II.
605 2445 686 2499 Ex
739 2460 853 2514 quo
912 2461 1089 2515 super
1140 2446 1229 2499 his
1276 2445 1563 2499 disserere
1601 2445 2095 2516 cocpisti,jugiter

443 2532 711 2589 eamdem
765 2531 1178 2599 differentiam,
1222 2532 1357 2587 licet
1406 2533 1711 2604 hucusque
1742 2533 2090 2603 inauditam,

442 2624 668 2676 tantam
699 2621 963 2693 reputavi
1008 2624 1073 2676 ut
1104 2637 1229 2676 eam
1264 2639 1439 2677 sacrae
1477 2622 1787 2694 Scripturae
1820 2640 2092 2678 necessa-

443 2709 593 2765 riam
627 2725 755 2765 esse
786 2709 1152 2774 dicam.Quid
1186 2702 1343 2766 enini
1375 2728 1477 2782 per
1505 2711 1614 2765 hoc
1637 2712 1867 2783 pensari
1900 2716 2093 2784 potest

437 2799 593 2871 quod
626 2798 685 2853 in
718 2798 1019 2869 Scriptura
1050 2815 1217 2853 sacra
1245 2798 1418 2854 toties
1459 2799 1707 2865 dicatur,
1730 2800 1959 2870 judicia
1988 2801 2089 2856 Dei

433 2888 599 2958 justa
629 2886 743 2942 nisi
773 2891 840 2941 ut
869 2887 1255 2944 subaudiatur
1285 2886 1480 2958 aliqua
1511 2887 2043 2945 diﬁerentiacausa
2064 2891 2091 2945 ‘2

435 2977 656 3032 Sensus
688 2990 805 3031 non
836 2978 925 3031 est
955 2974 1194 3030 omnino
1225 2976 1647 3047 reprobandus.

1055 3091 1285 3147 CAPUT
1328 3092 1469 3146 XXI.

546 3179 620 3234 De
648 3179 890 3236 secunda
918 3180 1092 3253 specie
1122 3180 1442 3235 divinorum
1463 3182 1829 3253 judiciorum,
1864 3200 1981 3253 quae

937 3252 1199 3306 dicuntur
1254 3252 1585 3308 necessaria.

476 3365 651 3429 ,Othl.
686 3366 845 3421 Talis
877 3382 1087 3422 sensus
1118 3384 1234 3422 non
1265 3372 1354 3423 est
1381 3369 1618 3423 omnino
1652 3370 2080 3440 reprobandus.

438 3455 690 3511 Proinde
743 3455 883 3525 quia
912 3455 1191 3527 exemplis
1234 3457 1665 3513 sufﬁcientibus
1703 3460 1829 3528 jam
1863 3465 2092 3516 constat

438 3543 803 3600 declaratum
852 3545 1144 3615 quomodo
1194 3550 1591 3616 agnoscantur
1633 3548 1860 3602 Judicia
1900 3549 2087 3621 justa,

434 3633 779 3688 studeamus
809 3632 982 3687 etiam
1016 3634 1309 3687 declarare
1332 3650 1456 3703 quea
1481 3634 1599 3688 sint
1622 3637 2087 3701 necessaria,sub

432 3720 626 3792 specie
656 3721 934 3789 secunda,
968 3720 1260 3775 distincta.
1284 3722 1390 3775 Sed
1421 3722 1679 3792 primum
1712 3727 2007 3795 rogandus
2025 3744 2089 3782 es

435 3809 485 3865 si
512 3808 837 3881 quidquam
869 3810 1092 3879 absque
1124 3814 1271 3864 nutu
1295 3814 1351 3864 et
1373 3810 1733 3881 providentia
1756 3814 1853 3869 Dei
1885 3816 2086 3871 credas

434 3899 556 3972 geri
580 3902 602 3954 Ρ

508 3990 574 4043 Η.
605 3987 762 4043 Nihil
793 3987 1064 4056 omnino;
1098 3988 1258 4059 quia,
1289 3988 1441 4044 sicut
1480 4006 1513 4044 a
1542 3994 1742 4047 sancto
1776 3994 2088 4050 edocemur

441 4076 791 4148 Augustino,
823 4076 969 4130 nihil
1002 4076 1069 4131 ﬁt
1109 4076 1415 4133 visibiliter
1453 4095 1518 4134 ac
1548 4080 1903 4137 sensibiliter
1931 4085 2084 4154 quod

445 4181 563 4221 non
594 4165 665 4220 de
697 4164 977 4221 invisibili
1000 4169 1175 4238 atque
1196 4166 1549 4239 intelligibili
1568 4170 1670 4239 [sic
1692 4175 1916 4244 uterque
1943 4174 2083 4245 cod.]

436 4254 658 4309 summi
692 4254 1062 4326 imperatoris
1093 4256 1228 4311 aula
1257 4261 1357 4311 aut
1377 4258 1675 4327 jubeatur,
1715 4265 1814 4315 aut
1844 4263 2083 4333 permit-

435 4346 613 4399 tatur.

507 4434 569 4489 0.
625 4431 769 4488 Cum
820 4450 955 4506 ergo
996 4434 1116 4489 hac
1166 4436 1398 4491 attende
1449 4453 1515 4492 ea
1566 4454 1691 4508 quae
1741 4439 1811 4493 de
1866 4442 2081 4512 Joseph

429 4521 766 4595 patriarcha
783 4522 1338 4595 leguntur,qualiter
1358 4524 1834 4583 scilicetsuorum
1859 4529 2083 4586 malitia

2205 2001 2357 2057 dicia
2403 2018 2471 2057 ex
2511 2002 2688 2058 nullis
2721 2005 3181 2075 praecedentibus
3213 2004 3460 2073 meritis,
3495 2004 3584 2060 vel
3616 2005 3861 2062 indiciis

2204 2092 2448 2163 probare
2478 2073 2785 2163 queamus,
2824 2093 2985 2164 quid,
3040 2094 3153 2149 nisi
3204 2109 3273 2150 ex
3328 2094 3720 2165 subsequente
3766 2096 3856 2152 vel

2206 2186 2519 2252 apparente
2548 2182 2649 2237 Dei
2687 2182 2895 2255 gratia,
2920 2184 3223 2255 probanda
3255 2200 3560 2240 scnsemus
3580 2185 3607 2238 ?

2275 2291 2337 2343 II.
2390 2288 2615 2356 Merito,
2668 2294 2731 2345 ut
2772 2289 2940 2358 dicis,
2977 2290 3207 2361 pietatis
3239 2290 3444 2346 divinae
3476 2291 3851 2363 providentia

2203 2377 2570 2434 solummodo
2619 2387 2703 2434 est
2756 2380 3156 2450 deputandum
3202 2381 3356 2451 quod
3396 2380 3560 2436 nulla
3596 2382 3850 2453 provisio

2202 2468 2498 2539 praecessit
2528 2468 2854 2525 hominum.
2907 2470 3019 2525 Sed
3073 2473 3130 2524 et
3159 2469 3268 2525 hoc
3315 2470 3481 2525 video
3522 2472 3849 2527 notandum

2201 2558 2338 2629 quia
2365 2563 2515 2613 Deus
2536 2558 2906 2630 omnipotens
2936 2564 3057 2613 tam
3080 2576 3149 2614 ex
3177 2559 3348 2633 malis
3377 2576 3546 2631 quam
3574 2576 3643 2615 ex
3671 2560 3848 2616 bonis

2200 2652 2472 2719 operatur
2502 2665 2605 2703 sua
2637 2648 2933 2703 beneﬁcia.
3324 2642 3331 2649 ³

2272 2738 2329 2793 0.
2407 2736 2639 2792 Gaudeo
2712 2737 2851 2808 quia
2900 2754 3271 2809 nequaquam
3320 2738 3379 2793 in
3438 2736 3845 2811 superioribus

2199 2826 2416 2880 frustra
2446 2824 2721 2880 laboravi.
2752 2827 2941 2881 Audio
2973 2827 3129 2882 enim
3162 2827 3334 2884 citius
3354 2831 3409 2882 te
3433 2828 3604 2883 modo
3628 2826 3849 2883 sentire

2198 2914 2413 2986 quibus
2445 2914 2676 2970 indiciis
2695 2916 2920 2985 judicia
2946 2916 3267 2987 probentur
3294 2916 3507 2987 divina,
3533 2918 3687 2973 unde
3706 2934 3849 2990 pro-

2197 3004 2402 3075 positis
2425 3003 2538 3060 alia
2567 3005 2853 3061 addamus
2883 3006 3165 3078 exempla.

2272 3096 2333 3148 Η.
2366 3094 2481 3148 Deo
2513 3095 2753 3166 gratias,
2807 3095 2947 3166 quia
2995 3096 3114 3151 haec
3163 3097 3361 3152 omnia
3408 3097 3491 3152 ita
3522 3096 3715 3154 valent
3744 3098 3845 3153 de-

2202 3183 2514 3238 monstrari
2545 3183 2943 3255 exemplisque
2972 3185 3357 3256 comprobari.

2552 3234 2939 3255 __m_r__-,_-
2976 3234 3357 3256 --Ἦρα-,η

2119 3234 2161 3301 C
2276 3276 2343 3327 0.
2366 3273 2427 3326 In
2459 3271 2694 3327 Daniele
2722 3273 2903 3343 igitur
2930 3273 3067 3329 huic
3100 3273 3292 3330 simile
3323 3273 3673 3331 invenimus.
3697 3276 3845 3331 Nam

2199 3378 2333 3416 cum
2365 3378 2501 3417 eum
2527 3361 3063 3419 Nabuchddonosor
3083 3380 3181 3419 rex
3202 3381 3319 3419 una
3347 3381 3481 3420 cum
3514 3364 3688 3421 sociis
3720 3364 3845 3420 suis

2198 3450 2540 3522 cunctisque
2570 3449 2935 3523 sapientibus
2959 3452 3263 3521 Babylonis
3296 3458 3531 3526 propter
3558 3454 3848 3510 indiscus-

2198 3555 2323 3592 sam
2358 3539 2567 3593 somnii
2621 3536 3159 3612 interpretationem
3209 3544 3446 3615 perdere
3472 3544 3845 3611 decrevisset,

2198 3629 2338 3680 tunc
2368 3627 2494 3697 ipse
2524 3628 2784 3699 sociique
2815 3630 2963 3699 ejus,
3011 3630 3267 3687 Ananias
3315 3632 3600 3702 videlicet,
3643 3631 3844 3688 Misael

2197 3720 2370 3785 atque
2400 3716 2637 3771 Azarias
2668 3718 2915 3787 gratiam
2949 3718 3208 3774 divinam
3254 3720 3615 3788 invocabant,
3649 3727 3713 3777 ut
3742 3740 3845 3777 sa-

2197 3807 2493 3859 cramento
2525 3805 2736 3860 somnii
2768 3808 3016 3863 revelato
3064 3826 3178 3864 non
3224 3810 3497 3881 perirent.
3531 3812 3847 3867 Orantibus

2196 3908 2331 3963 ergo
2392 3892 2590 3963 simul,
2639 3895 2878 3967 Danieli,
2914 3896 3011 3968 qui
3047 3898 3198 3953 inter
3238 3898 3393 3969 ipsos
3426 3900 3540 3955 Deo
3591 3900 3846 3955 maxime

2196 3980 2478 4052 placebat,
2508 3983 2823 4039 revelatum
2854 3990 2942 4041 est
2970 3987 3181 4041 somnii
3204 3989 3570 4060 mysterium.
3603 3990 3724 4052 Quo
3747 4005 3848 4060 pa-

2197 4071 2427 4136 tefacto,
2462 4088 2577 4127 non
2611 4073 2803 4128 solum
2837 4075 2963 4146 ipse
2995 4092 3127 4131 cum
3163 4077 3355 4143 sociis,
3389 4079 3490 4133 sed
3531 4083 3588 4134 et
3615 4096 3844 4150 omnes,

2198 4158 2296 4229 qui
2321 4178 2421 4232 pro
2445 4163 2643 4217 eadem
2670 4179 2730 4217 re
2750 4163 2994 4219 interﬁci
3012 4166 3605 4237 jubebantur,mortis
3618 4169 3849 4224 decreta

2196 4255 2521 4306 evaserunt.
2546 4252 2648 4306 Per
2668 4253 2938 4308 eumdem
2971 4272 3202 4326 quoque
3222 4256 3517 4314 Danielem
3542 4258 3729 4315 multa
3749 4260 3845 4316 his

2195 4337 2413 4394 similia
2445 4345 2718 4411 operatus
2751 4347 2839 4397 est
2867 4348 3018 4399 Deus
3040 4345 3285 4416 judicia,
3319 4348 3685 4405 constituens
3706 4366 3843 4405 eum

2197 4429 2364 4498 quasi
2398 4445 2632 4485 murum
2667 4432 2790 4486 suis
2822 4437 2877 4487 et
2906 4438 3183 4490 terrorem
3217 4434 3443 4492 alienis.
3756 4494 3767 4499 -

2266 4518 2399 4580 Quae
2433 4519 2711 4574 nimirum
2745 4522 2961 4590 omnia,
2996 4524 3135 4594 quia
3166 4524 3325 4580 nulla
3347 4526 3710 4597 providentia
3739 4528 3845 4583 hu-

430 4612 679 4668 fratrum
712 4613 791 4667 ita
821 4617 1023 4668 contra
1052 4629 1187 4668 eum
1240 4613 1552 4669 invaluerit
1582 4620 1665 4683 ut,
1717 4617 1809 4671 vix
1839 4635 1873 4673 a
1902 4624 2085 4676 morte

2209 4623 2387 4671 :nana,
2414 4608 2511 4662 sed
2542 4608 2666 4663 sola
2701 4610 2792 4665 Dei
2827 4610 3608 4681 clementia,necessitatibus
3638 4615 3847 4673 huma-

435 4707 694 4773 ereptus,
726 4703 1180 4770 venundaretur,
1215 4703 1416 4775 sicque
1464 4704 1523 4758 in
1570 4706 1879 4777 zEgyptum
1916 4709 2089 4765 duce-

434 4794 612 4843 retur.
664 4795 926 4863 Cumque
980 4791 1100 4847 hmc
1132 4798 1188 4847 et
1234 4792 1367 4857 alia,
1400 4809 1525 4865 qua:
1574 4794 1645 4849 de
1694 4811 1759 4849 eo
1791 4796 2090 4868 Scriptura

434 4883 655 4947 narrat,
711 4881 905 4937 animo
951 4882 1258 4939 revolveris
1308 4884 1651 4941 afﬂictiones
1682 4885 1949 4943 videlicet
1990 4906 2086 4945 va-

433 4967 551 5024 rias
580 4973 635 5024 et
666 4972 959 5039 quomodo
992 4976 1122 5042 post
1152 4972 1687 5044 interpretationem
1722 4977 2084 5033 somniorum

435 5057 507 5112 ob
537 5057 822 5129 praedicta:
848 5059 1019 5114 famis
1049 5063 1273 5114 metum
1306 5062 1621 5117 obtinuerit
1649 5066 1827 5121 totius
1859 5067 2084 5139 Egypti

431 5146 915 5219 principatum,et
945 5147 1153 5204 deinde
1187 5150 1495 5216 fratres,ob
1526 5152 1889 5210 imminentis
1912 5156 2083 5211 famis

429 5236 719 5308 refugium
752 5237 822 5292 ad
856 5253 917 5292 se
948 5236 1265 5308 venientes,
1286 5238 1577 5293 frumento
1608 5243 1941 5299 consolatus
1970 5246 2083 5301 fue-

426 5324 897 5398 rit,qualiterquc
927 5328 999 5383 ad
1033 5330 1356 5382 extremum
1382 5332 1602 5397 patrem
1629 5333 2082 5405 progeniemque

425 5412 603 5469 simul
637 5431 870 5471 omnem
894 5417 966 5471 ad
991 5431 1054 5471 se
1076 5418 1401 5472 venientem
1428 5434 1459 5470 a
1488 5418 1660 5474 famis
1683 5420 1920 5477 interitu
1946 5424 2084 5481 libe-

424 5501 663 5569 raverit,
695 5503 835 5574 quid
868 5503 1025 5559 aliud
1060 5522 1235 5577 quam
1268 5507 1597 5562 necessaria
1628 5508 2080 5585 hujusmodiju-

424 5591 578 5648 dicia
608 5592 708 5649 Dei
746 5594 1114 5651 conﬁteberis
1141 5600 1162 5650 Ρ

426 5716 427 5719 η
496 5684 558 5738 Η.
636 5683 721 5740 Ita
796 5683 1050 5756 profecto
1099 5686 1426 5744 necessaria
1490 5687 1609 5743 haec
1677 5689 1873 5744 omnia
1932 5691 2076 5747 mihi

2200 4696 2292 4749 nis
2324 4688 2637 4753 consulens
2671 4699 3156 4757 inaestimabiliter
3184 4704 3452 4777 providit,
3482 4707 3690 4762 merito
3722 4724 3841 4765 non

2199 4801 2264 4839 ex
2298 4787 2779 4857 praecedentibus,
2817 4792 2916 4844 sed
2951 4791 3447 4863 subsequentibus
3480 4794 3673 4851 causis
3705 4813 3839 4867 pro~

2198 4872 2318 4927 bari
2352 4874 2647 4931 dicuntur.
2684 4877 2843 4933 Sicut
2872 4878 3025 4934 enim
3072 4896 3263 4951 nemo,
3315 4882 3425 4938 nisi
3474 4882 3632 4939 solus
3664 4888 3839 4953 Deus,

2199 4961 2536 5033 huiusmodi
2556 4966 2927 5022 necessitates
2952 4969 3480 5040 praevidit,itahanc
3497 4972 3840 5029 mortalium

2198 5052 2397 5109 nullus
2430 5056 2728 5125 providere
2777 5057 2986 5127 potuit.
3042 5058 3202 5114 Unde
3253 5077 3488 5117 necesse
3520 5066 3609 5119 est
3637 5066 3704 5117 ut
3727 5062 3837 5119 hu-

2186 5142 2447 5211 jusmodi
2474 5144 2697 5213 judicia
2726 5159 2796 5199 ex
2827 5144 2948 5200 solo
2972 5148 3333 5205 necessitatis
3365 5151 3841 5224 adjutorio,quod

2193 5247 2226 5284 a
2258 5230 2378 5285 solo
2411 5236 2521 5285 Deo
2553 5239 2915 5303 procuratur,
2950 5237 3342 5308 subsequente
3371 5238 3710 5296 clarescant.

2266 5341 2325 5392 Η.
2378 5339 2759 5410 Apertissime
2806 5341 2984 5414 igitur
3030 5343 3151 5399 haec
3200 5346 3485 5417 superiori
3535 5349 3839 5405 sententiae

2190 5429 2558 5496 conveniunt,
2584 5430 2798 5501 quibus
2822 5433 3101 5504 probatur
3125 5439 3347 5505 quanta
3366 5439 3519 5491 Deus
3539 5438 3839 5509 provideat

2190 5516 2615 5587 sapientia,non
2650 5520 2837 5576 solum
2872 5523 3239 5591 suorum,sed
3273 5521 3449 5578 etiam
3482 5524 3832 5591 alienorum,

2189 5604 2245 5658 id
2297 5613 2403 5675 est,
2446 5607 2769 5663 inﬁdelium
2822 5609 3073 5666 salutem
3128 5610 3272 5678 Quia
3319 5626 3456 5684 ergo
3506 5615 3722 5685 saepius
3772 5614 3833 5669 in

2188 5693 2486 5765 Scriptura
2545 5712 2709 5753 sacra
2738 5698 3045 5769 reperitur,
3090 5704 3375 5770 quan-tum
3407 5701 3599 5773 gratia
3636 5701 3836 5760 divina
