4118 6188
287 346 373 408 89
1272 351 1579 414 DIALOG.
1630 351 1730 411 DE
1774 347 2058 414 TRIBUS
2105 349 2728 423 QUASSTIONIBUS.
3624 350 3706 413 90

296 498 404 555 per
459 479 661 538 ﬁdeles
711 498 850 538 suos
891 481 1235 568 inﬁdelibus
1283 484 1648 550 misereatur,
1681 485 1948 557 nunquid
1977 485 2033 551 Α
2132 488 2198 540 Et
2225 487 2481 559 primum
2527 487 2764 558 quidem
2797 487 2866 542 de
2915 486 3103 560 primo
3134 490 3371 560 parente
3416 503 3705 560 ponamus

299 575 495 644 potest
541 587 794 643 usquam
845 573 1106 644 reperiri,
1140 574 1188 628 si
1220 590 1322 645 per
1371 574 1632 630 inﬁdeles
1680 574 1953 630 ﬁdelibus

297 660 500 733 aliqua
531 660 817 716 beneﬁcia
847 661 1119 733 dignetur
1148 661 1394 734 largiri?

906 768 1135 823 CAPUT
1172 769 1345 824 XXII.

423 856 609 912 Labor
638 856 951 926 inﬁdelium
982 859 1231 928 fidelibus
1252 861 1472 931 proﬁcit
1501 868 1555 915 et
1578 862 1814 931 prodest.

372 946 519 1002 0thl.
554 944 808 1000 Maxima
855 949 1057 1018 utique
1109 948 1262 1002 dona
1309 948 1411 1003 Dei
1460 949 1838 1004 inveniuntur
1879 949 1950 1004 ab

293 1033 627 1090 inﬁdelium
663 1051 1092 1106 pravorumque
1123 1036 1320 1092 labore
1352 1037 1621 1094 ﬁdelibus
1654 1055 1947 1106 concessa,

294 1125 348 1179 si
361 1123 671 1196 diligenter
685 1123 899 1178 fuerint
913 1125 1434 1196 exquisita.0mnis
1450 1145 1703 1199 namque
1725 1133 1949 1200 septem

295 1212 628 1269 liberalium
663 1213 879 1268 artium
935 1215 1194 1283 scientia,
1231 1233 1346 1287 qua
1378 1216 1521 1272 nihil
1552 1217 1610 1272 in
1643 1219 1817 1273 rebus
1847 1218 1950 1272 hu-

301 1303 501 1358 manis
549 1303 923 1374 prazstantius
967 1309 1075 1371 est,
1107 1321 1213 1376 per
1263 1305 1527 1361 inﬁdeles
1577 1307 1792 1361 dicitur
1838 1307 1952 1379 pri-

305 1391 496 1447 mitus
548 1393 784 1462 prolata.
845 1397 967 1448 Hoc
1023 1397 1218 1450 autem
1275 1395 1406 1450 ideo
1455 1395 1662 1450 divina:
1714 1396 1948 1468 pietatis

303 1480 735 1552 dispensatione
785 1482 1005 1536 factum
1059 1499 1186 1539 esse
1231 1484 1401 1539 credo
1432 1490 1497 1539 ut
1546 1501 1648 1556 pro
1694 1484 1947 1539 scientiae

297 1573 470 1624 tanta
514 1569 963 1640 investigatione
1001 1589 1117 1627 non
1171 1589 1318 1645 opus
1364 1577 1518 1629 esset
1561 1573 1854 1641 ﬁdelibus,
1886 1573 1946 1628 in

295 1656 491 1713 divino
541 1658 703 1714 cultu
770 1659 1192 1729 laborantibus,
1253 1661 1432 1716 nimis
1501 1662 1786 1728 laborare,
1846 1663 1946 1718 sed

290 1748 705 1803 tantummodo
753 1748 823 1803 de
852 1748 1218 1822 investigata,
1253 1755 1540 1822 quantum
1585 1767 1820 1808 necesse
1851 1769 1948 1807 cs-

2063 575 2413 647 exemplum.
2448 576 2566 648 lpsi
2606 593 2861 647 namque
2893 594 2925 631 a
2971 578 3086 633 Deo
3119 583 3470 650 praeceptum
3517 578 3707 634 fuerat

2063 671 2127 720 ut
2156 683 2217 722 se
2248 666 2452 738 aligni
2505 667 2661 722 vetiti
2713 684 2814 721 csu
2867 667 3204 722 abstineret.
3238 667 3340 722 Ille
3390 685 3522 723 vero
3572 684 3706 723 cum

2062 755 2197 810 huic
2228 761 2512 827 praecepto
2537 773 2649 811 non
2685 756 2964 824 obediret,
2990 756 3141 812 inter
3171 757 3286 812 alia
3314 758 3709 814 damnationis

2060 860 2294 917 genera,
2329 863 2454 917 quae
2487 863 2589 918 pro
2617 846 2762 902 tanti
2797 847 3064 918 praecepti
3100 847 3560 917 transgressione
3593 864 3709 902 me-

2061 935 2198 1001 ruit,
2242 940 2545 1006 peccatum
2599 935 2882 1008 originale
2928 936 3259 1008 generando
3310 937 3537 991 cunctis
3584 937 3710 993 suis

2061 1025 2311 1096 posteris
2342 1025 2561 1080 attulit.
2601 1025 2740 1080 Tale
2771 1043 2906 1097 ergo
2961 1025 3315 1097 supplicium
3349 1026 3593 1082 sortitus
3623 1030 3712 1083 est

2060 1112 2285 1184 primus
2315 1114 2490 1170 homo
2523 1130 2624 1186 per
2645 1115 2876 1185 justum
2914 1115 3007 1170 Dei
3034 1113 3345 1185 judicium.

2131 1222 2275 1276 Ecce
2323 1222 2538 1277 audisti
2580 1225 2811 1292 justum
2862 1222 2963 1277 Dei
3003 1221 3312 1293 judicium.
3365 1222 3527 1285 Quod
3576 1222 3704 1276 ideo

2058 1311 2339 1382 probatur
2379 1313 2633 1382 justum,
2668 1313 2806 1383 quia
2857 1329 2971 1366 non
3003 1316 3154 1378 ante,
3189 1313 3289 1367 sed
3339 1315 3472 1382 post
3500 1327 3707 1383 praece-

2058 1405 2221 1471 ptum
2246 1400 2476 1455 Domini
2503 1401 2856 1472 neglectum,
2880 1406 3109 1457 constat
3137 1401 3386 1457 illatum.
3418 1401 3585 1457 Nunc
3611 1417 3710 1455 au-

2055 1492 2171 1543 tem
2225 1488 2534 1560 diligenter
2586 1491 2856 1545 attendas
2889 1491 3181 1560 quomodo
3232 1491 3386 1545 idem
3409 1489 3704 1560 judicium

2054 1578 2273 1633 factum
2304 1577 2381 1632 sit
2413 1580 2829 1634 necessarium.

2127 1668 2405 1738 Ejusdem
2437 1684 2690 1738 namque
2739 1668 2912 1739 primi
2946 1669 3204 1739 parentis
3254 1667 3488 1739 posteri,
3524 1667 3579 1722 id
3612 1671 3701 1723 est

2057 1773 2228 1812 omne
2252 1773 2436 1828 genus
2462 1756 2810 1824 humanum,
2835 1758 2988 1828 quod
3022 1758 3091 1812 ad
3114 1757 3292 1812 vitam
3314 1761 3589 1811 aeternam
3612 1761 3701 1812 est

296 1840 403 1907 set,
436 1837 757 1908 percipere,
791 1843 914 1905 aut,
965 1839 1106 1909 quia
1153 1840 1452 1912 superﬂua
1483 1839 1670 1895 multa
1717 1845 1857 1895 sunt
1885 1841 1943 1895 in
1975 1860 2023 1926 Β
2054 1847 2554 1918 praedestinatum,
2587 1863 2910 1918 agnoscens
2941 1863 3002 1901 se
3032 1846 3090 1900 in
3123 1845 3532 1918 iniquitatibus
3563 1862 3698 1902 con-

293 1941 379 1996 ea,
412 1925 699 1982 haberent
749 1927 885 1998 quid
929 1945 1032 2000 pro
1064 1928 1164 1984 Dei
1217 1945 1412 1984 amore
1445 1933 1563 1984 tam
1607 1935 1948 2002 respuerent

297 2031 476 2086 quam
509 2014 810 2088 eligerent.

369 2103 496 2159 Non
546 2104 741 2160 solum
798 2105 955 2162 enim
1011 2107 1384 2180 philosophia
1443 2109 1788 2180 spiritualis,
1847 2111 1948 2165 sed

296 2195 474 2248 etiam
519 2193 772 2250 carnalis
821 2196 979 2251 vario
1038 2198 1211 2253 modo
1271 2198 1603 2253 necessaria
1659 2198 1944 2254 consistit.

295 2283 491 2338 Primo
523 2284 784 2356 quidem,
820 2289 884 2339 ut
929 2301 997 2341 ex
1025 2287 1287 2356 ejusdem
1338 2287 1585 2342 carnalis
1615 2288 1948 2344 considera-

294 2371 457 2428 tione
485 2378 542 2427 et
592 2374 978 2445 oppositione,
1012 2375 1336 2446 spiritualis
1385 2375 1595 2431 clarior
1644 2377 1947 2448 potiorque

294 2477 430 2516 esse
458 2462 754 2533 probetur.
789 2463 1078 2529 Secundo,
1115 2469 1179 2519 ut
1226 2466 1543 2536 prudentes
1591 2465 1806 2538 quippe
1843 2467 1945 2521 ha-

294 2549 476 2604 beant
504 2552 660 2622 quod
695 2553 792 2607 Dei
825 2568 929 2624 pro
977 2570 1175 2610 amore
1205 2559 1601 2610 contemnant.
1636 2556 1849 2623 Tertio,
1884 2559 1948 2611 ut

293 2639 464 2694 stulti
495 2641 717 2713 quique
739 2641 994 2698 habeant
1016 2660 1131 2714 quo
1159 2644 1298 2715 quid
1332 2643 1449 2698 sint
1477 2645 1808 2699 ostendant.
1829 2644 1945 2699 Deo

289 2728 449 2784 enim
473 2727 697 2801 placuit
727 2730 835 2786 hoc
858 2731 1194 2787 omnimodo
1224 2732 1526 2804 providere
1545 2735 1607 2786 ut
1626 2736 1744 2787 tam
1778 2732 1943 2788 stulti

289 2833 472 2889 quam
505 2818 800 2890 sapientes
830 2819 1112 2876 haberent
1140 2821 1199 2875 in
1229 2837 1363 2892 quo,
1397 2838 1565 2876 suam
1599 2821 1942 2893 qualitatem

289 2907 692 2978 ostendentes,
722 2911 778 2963 et
808 2908 939 2963 aliis
969 2914 1026 2964 et
1055 2909 1168 2964 sibi
1199 2910 1320 2964 noti
1351 2910 1576 2965 ﬁerent.

358 2995 472 3050 Sed
507 2993 602 3051 his
631 2995 870 3051 omissis
921 2997 993 3052 ad
1026 2998 1327 3068 proposita
1377 3001 1738 3053 revertamur
1766 2999 1939 3071 dicta,

283 3083 524 3139 duobus
555 3084 852 3156 praedictis
881 3086 1120 3141 tertium
1165 3087 1554 3159 adjungentes
1585 3088 1938 3160 exemplum,

282 3172 344 3228 in
382 3189 498 3244 quo
528 3174 742 3229 Esther
761 3175 1023 3247 reginam
1052 3175 1439 3232 venerabilem
1463 3194 1762 3232 assumere
1790 3177 1938 3233 volo.

282 3229 452 3318 Sicut
480 3263 639 3318 enim
671 3229 891 3336 Josep’h
921 3229 1720 3337 in/Eg‘yptumetDanieI—in
1739 3229 1939 3339 ’Βέιέέᾷ
1972 3229 2014 3296 C

280 3354 514 3411 Ioniam
563 3357 796 3424 ductus,
829 3361 1073 3428 uterque
1123 3374 1156 3411 a
1203 3356 1447 3412 Domino
1495 3357 1943 3428 praedestinatus

280 3448 378 3500 est
440 3443 700 3499 salvator
748 3444 1088 3516 multorum,
1119 3445 1205 3500 ita
1252 3451 1309 3500 et
1354 3446 1496 3514 haec,
1549 3452 1854 3518 assumpta
1883 3447 1942 3502 in

279 3531 746 3588 matrimonium
778 3534 928 3606 regis
978 3535 1240 3602 Assueri,
1273 3534 1522 3590 salutem
1551 3535 1809 3590 obtinuit
1838 3536 1941 3590 Ju-

282 3620 444 3678 daici
472 3620 677 3693 populi
709 3626 908 3678 contra
953 3627 1164 3690 Aman,
1196 3622 1673 3679 crudelissimum
1715 3623 1942 3680 hostem

281 3712 312 3768 J
322 3713 654 3767 udzeorum.

359 3806 433 3857 H.
469 3802 702 3867 Quanta
752 3801 1060 3856 concordia
1111 3801 1233 3856 haec
1263 3801 1664 3873 superioribus
1712 3819 1946 3874 respon-

285 3891 486 3961 deant,
515 3895 572 3946 et
593 3907 699 3962 per
718 3890 820 3946 Dei
840 3889 1111 3962 gratiam,
1141 3890 1447 3962 Seripturae
1470 3891 1662 3946 verbis
1692 3907 1943 3964 agnosco

284 3984 344 4035 et
374 3985 478 4034 tua
531 3979 911 4035 attestatione
961 3980 1239 4052 approbo.
1271 3980 1402 4035 Jam
1452 3979 1607 4035 enim
1658 3981 1847 4052 magis
1878 3998 1944 4036 ac

285 4068 480 4140 magis
510 4069 752 4124 attendo
786 4068 924 4140 quia
953 4067 1053 4124 illa
1073 4069 1300 4138 judicia
1341 4085 1544 4124 censes
1577 4069 1690 4124 dici
1721 4071 1942 4142 specia-

287 4155 424 4211 liter
453 4157 809 4225 necessaria,
845 4174 972 4228 quas
1005 4175 1118 4213 non
1152 4157 1365 4226 solum,
1400 4157 1579 4214 nullis
1610 4159 1942 4230 praeceden-

282 4245 451 4300 tibus
497 4246 724 4302 meritis
771 4246 1071 4318 humanis,
1116 4248 1216 4303 sed
1267 4247 1441 4302 etiam
1474 4263 1503 4302 e
1553 4247 1842 4304 contrario
1875 4264 1944 4304 ex

291 4334 474 4388 malis
504 4340 643 4404 orta,
673 4335 731 4390 in
764 4337 985 4392 bonum
1019 4339 1437 4392 convertuntur
1467 4336 1567 4392 Dei
1597 4337 1802 4408 gratia.
1839 4337 1943 4393 Illa

285 4439 429 4478 vero
461 4425 792 4496 specialiter
812 4425 997 4495 justa,
1029 4442 1158 4496 quae
1190 4425 1586 4481 admonitione
1614 4426 1810 4498 aliqua
1840 4444 1942 4498 pu-

285 4511 538 4568 niendos
569 4513 972 4586 praeedentia,
994 4515 1096 4571 sed
1129 4531 1243 4570 non
1271 4515 1636 4586 adiﬁcantia,
1659 4515 1940 4571 ultionem

284 4601 550 4658 inferunt
578 4604 840 4676 dignam.

356 4692 418 4747 0.
459 4692 544 4747 Ita
574 4693 855 4764 profecto,
886 4696 951 4748 ut
980 4693 1217 4765 asseris,
1243 4710 1468 4750 censeo.
1503 4694 1649 4750 Nam
1681 4698 1746 4749 ut
1776 4695 1943 4750 dissi-

287 4780 508 4837 militer
552 4783 805 4838 debeant
855 4782 1156 4855 appellari,
1193 4783 1527 4839 differentiae
1574 4784 1762 4856 ipsius
1795 4784 1941 4840 ratio

288 4870 509 4926 edocet.

878 4979 1111 5036 CAPUT
1149 4980 1345 5036 XXIII.

285 5067 419 5135 Quae
448 5085 623 5140 quam
671 5072 786 5125 sint
816 5070 919 5125 illa
964 5071 1062 5125 Dei
1078 5069 1318 5142 judicia,
1353 5085 1476 5140 quae
1512 5072 1667 5142 justa
1699 5072 1865 5127 simul
1893 5076 1943 5127 et

794 5144 1098 5198 necessaria
1128 5141 1390 5196 dicuntur
1413 5145 1438 5195 .9

352 5246 470 5302 Sed
507 5246 649 5320 quia
681 5247 1089 5319 differentiam,
1123 5265 1253 5319 quae
1283 5248 1436 5304 inter
1457 5250 1623 5321 justa
1652 5253 1710 5304 et
1741 5267 1940 5306 neces-

280 5336 439 5392 saria
468 5337 573 5393 Dei
599 5336 821 5407 judicia
844 5338 1073 5394 videtur
1101 5353 1250 5404 esse,
1283 5338 1564 5410 exemplis
1597 5338 1938 5395 sufﬁcienti-

282 5427 398 5481 bus
443 5427 908 5484 monstravimus
956 5428 1260 5484 videamus
1311 5428 1484 5483 etiam
1518 5444 1648 5498 quae
1690 5427 1792 5483 illa
1823 5429 1942 5484 sint

279 5530 416 5585 qua:
439 5515 605 5586 justa
635 5515 816 5572 simul
847 5521 904 5572 et
933 5516 1263 5574 necessaria
1291 5517 1588 5572 dicuntur.
1622 5518 1754 5580 Quae
1783 5517 1940 5574 vide-

279 5601 420 5660 licet
450 5604 563 5660 sub
614 5606 789 5662 tertia
817 5607 1010 5679 specie
1057 5606 1460 5673 distinximus,
1494 5622 1678 5678 eaque
1725 5592 1940 5664 nihilo-

284 5694 488 5754 minus
519 5695 800 5770 exemplis
831 5696 1162 5770 subjunctis
1191 5697 1607 5770 approbemus.

2059 1940 2292 2006 ceptum
2317 1939 2372 1989 et
2390 1941 2757 2006 procreatum
2781 1935 3233 2006 omnimodaque
3257 1933 3565 2005 fragilitate
3587 1934 3699 1988 cir-

2059 2025 2426 2091 cumdatam,
2461 2024 2609 2097 fugit
2657 2025 2726 2079 ad
2777 2025 3160 2090 conditorem,
3197 2022 3502 2096 postulans
3532 2023 3603 2078 ab
3635 2039 3702 2077 eo

2059 2114 2358 2170 sententiae
2382 2114 2563 2185 hujus
2592 2113 3043 2169 absolutionem.
3071 2116 3142 2168 At
3172 2112 3286 2181 ille,
3311 2113 3509 2168 omnia
3529 2114 3701 2183 juxta

2057 2219 2373 2275 congruam
2405 2206 2735 2274 temporum
2757 2202 2968 2258 seriem
2999 2201 3426 2273 hominumque
3459 2200 3704 2272 qualita-

2056 2294 2172 2346 tem
2207 2292 2546 2363 disponens,
2573 2291 2764 2363 primo
2799 2291 3032 2363 quidem
3051 2307 3150 2362 per
3168 2290 3375 2363 legalia
3392 2293 3696 2360 praecepta,

2057 2380 2266 2435 deinde
2295 2397 2398 2451 per
2441 2381 2601 2435 varia
2645 2380 3062 2451 prophetarum
3095 2380 3444 2434 documenta
3490 2376 3700 2433 salutis

2055 2468 2326 2524 humanae
2364 2470 2502 2539 jura
2549 2468 2823 2524 instituit.
2866 2468 3129 2539 Cumque
3181 2484 3281 2539 per
3331 2467 3451 2521 haec
3496 2465 3700 2520 multis

2056 2562 2354 2630 praestaret
2384 2559 2537 2613 dona
2566 2556 2798 2624 salutis,
2818 2556 3130 2612 novissime
3153 2555 3362 2611 Filium
3390 2570 3563 2609 suum
3587 2554 3700 2609 sibi

2055 2651 2434 2719 coaeternum,
2469 2648 2528 2701 in
2582 2646 2773 2703 carnis
2824 2645 3164 2718 peccatricis
3207 2643 3595 2700 similitudine
3635 2659 3702 2698 ex

2053 2737 2294 2808 Virgine
2350 2741 2741 2808 procreatum,
2803 2753 2906 2808 pro
2955 2734 3219 2790 omnium
3282 2732 3705 2789 restauratione

2055 2825 2390 2880 mortalium
2413 2826 2690 2898 dignatus
2708 2831 2796 2881 est
2825 2824 3075 2880 mittere.
3095 2823 3200 2890 Qui
3227 2822 3444 2879 scilicet
3465 2821 3703 2878 veniens

2055 2932 2259 2971 omnes
2290 2916 2361 2970 ad
2393 2932 2456 2971 se
2489 2915 2888 2987 confugientes
2933 2913 3207 2984 suscepit,
3239 2912 3364 2967 vitae
3397 2911 3701 2983 praeceptis

2054 3004 2350 3075 instruxit,
2374 3010 2432 3059 et
2459 3003 2962 3076 incorruptibilem
2986 3001 3585 3072 honestissimumque
3611 3018 3698 3055 re-

2052 3093 2368 3166 generandi
2387 3094 2625 3148 modum
2651 3099 3065 3159 statuens,n0n
3094 3091 3364 3148 solumin
3387 3089 3696 3145 maturiori

2053 3186 2216 3237 aetate
2241 3182 2459 3254 positos
2483 3200 2718 3254 suaeque
2740 3182 3016 3238 doctrinae
3041 3198 3300 3254 capaces,
3319 3180 3418 3236 sed
3441 3180 3615 3235 etiam
3638 3179 3698 3233 in

2051 3271 2298 3327 infantia
2329 3271 2674 3328 constitutos
2698 3261 3038 3341 vivendique
3064 3286 3307 3341 prorsus
3337 3269 3573 3340 ignaros
3592 3268 3701 3322 hac

2052 3362 2486 3432 regeneratione
2516 3361 2658 3415 adeo
2710 3359 2912 3415 extulit
2960 3363 3025 3413 ut
3052 3359 3204 3413 ﬁlios
3234 3356 3336 3411 Dei
3362 3359 3593 3411 vocaret
3624 3359 3700 3424 et,

2055 3455 2187 3523 post
2219 3448 2618 3521 temporalem,
2651 3448 2830 3502 vitam
2863 3453 3139 3502 aaternam
3175 3444 3555 3516 promitteret.

2126 3557 2339 3626 Sicque
2371 3555 2588 3610 factum
2620 3558 2709 3608 est
2739 3555 2804 3608 ut
2829 3552 3116 3624 judicium
3140 3551 3263 3617 Dei,
3288 3549 3441 3621 quod
3463 3565 3527 3604 ex
3552 3566 3699 3621 pras-

2055 3645 2281 3700 cedenti
2329 3643 2796 3715 transgressione
2846 3639 3187 3713 protoplasti
3217 3639 3575 3694 inferebatur
3597 3638 3698 3709 ju-

2035 3739 2234 3810 stum,
2271 3735 2663 3804 subsequente
2710 3733 2897 3803 gratia
2926 3731 3045 3800 Dei,
3075 3730 3238 3785 ﬁeret
3278 3726 3696 3793 necessarium,

2055 3822 2192 3893 quia
2237 3821 2505 3877 videlicet
2552 3819 2811 3892 depressi
2842 3824 2899 3876 et
2946 3817 3243 3874 humiliati
3293 3820 3430 3873 sunt
3459 3831 3562 3888 per
3590 3816 3699 3871 hoc

2054 3910 2321 3966 homines
2375 3926 2466 3976 ne,
2499 3909 2586 3965 vel
2635 3908 2889 3965 naturali
2936 3907 3240 3980 dignitate,
3289 3905 3378 3961 vel
3422 3904 3699 3977 peccandi

2053 3999 2402 4072 impunitate
2432 4015 2560 4054 sese
2607 3997 2966 4066 extollentes,
3000 3998 3185 4052 instar
3223 3995 3496 4068 angelicae
3528 3998 3695 4050 natu-

2052 4107 2148 4155 rae,
2181 4089 2240 4142 in
2273 4093 2553 4143 aeternum
2586 4088 2860 4159 perirent.
2885 4085 3147 4142 Prebavit
3176 4101 3431 4155 namque
3456 4089 3608 4139 Deus
3638 4084 3697 4140 in

2053 4177 2276 4250 angelis
2326 4177 2705 4249 peccantibus
2754 4176 2892 4248 quia
2923 4175 3076 4231 sicut
3123 4176 3256 4247 ipsi,
3290 4175 3498 4229 timore
3537 4173 3696 4229 nullo

2055 4268 2374 4334 constricti,
2434 4267 2868 4321 damnationem
2921 4268 3258 4336 perpetuam
3309 4264 3698 4336 superbiendo

2053 4360 2414 4424 meruerunt,
2449 4358 2531 4412 ita
2551 4360 2607 4411 et
2636 4356 2831 4420 homo,
2861 4354 2909 4410 si
2941 4354 3150 4408 timore
3170 4353 3366 4424 aliquo
3399 4370 3511 4408 non
3537 4369 3700 4408 cons-

2052 4447 2425 4519 tringeretur,
2449 4447 2712 4501 eamdem
2742 4449 3082 4500 mereretur.
3119 4443 3280 4498 Unde
3303 4441 3700 4513 constringen-

2052 4537 2163 4591 dus
2193 4540 2317 4591 erat
2337 4535 2547 4590 timore
2577 4533 2679 4588 tali
2711 4550 2826 4604 quo
2849 4537 2903 4588 et
2932 4531 3122 4605 gratia
3153 4531 3248 4586 Dei
3282 4545 3512 4601 semper
3532 4545 3698 4601 egere

2052 4626 2455 4680 ostenderetur
2499 4628 2554 4679 et
2598 4625 2668 4678 ad
2701 4640 2828 4678 eam
2885 4622 3083 4692 fugere
3128 4620 3350 4691 jugiter
3394 4617 3698 4690 compelle-

2053 4719 2234 4770 retur.

2121 4803 2374 4858 Timoris
2403 4806 2597 4857 autem
2620 4802 2767 4856 tanti
2799 4817 2976 4855 causa
3001 4798 3163 4854 nulla
3192 4797 3382 4871 potuit
3411 4815 3540 4854 esse
3561 4797 3694 4864 alia,

2050 4892 2162 4947 nisi
2184 4907 2354 4963 paena
2370 4890 2585 4960 aliqua.
2604 4889 2801 4960 Neque
2818 4889 2974 4944 enim
2997 4888 3318 4960 quidquam
3336 4888 3494 4943 aliud
3518 4904 3694 4959 quam

2051 4998 2222 5054 poena
2250 4981 2530 5048 timetur;
2565 4995 2735 5051 poena
2765 4994 2898 5033 vero
2940 4983 3029 5034 est
3058 4977 3230 5050 culpa
3262 4977 3439 5049 infici,
3486 4976 3700 5049 fragili-

2051 5075 2169 5127 tate
2201 5069 2469 5141 deprimi.
2505 5071 2865 5141 Quapropter
2896 5069 3049 5139 quod
3083 5073 3233 5123 Deus
3263 5066 3583 5134 hominem,
3607 5065 3693 5121 vel

2050 5158 2344 5231 originali,
2375 5159 2463 5214 vel
2491 5158 2751 5231 quolibet
2795 5161 3030 5229 peccato
3074 5156 3342 5230 permisit
3382 5155 3696 5226 implicari,

2051 5248 2196 5304 nihil
2230 5247 2388 5303 aliud
2410 5249 2779 5304 sentiendum
2808 5251 3036 5303 constat
3057 5247 3169 5302 nisi
3193 5250 3257 5301 ut
3285 5262 3419 5300 eum
3441 5245 3551 5299 huc
3580 5261 3700 5301 m0-

2052 5339 2123 5393 do
2155 5337 2491 5394 humiliaret
2512 5341 2568 5393 et
2598 5338 3004 5394 salvaret.Non
3039 5337 3192 5390 enim
3219 5336 3390 5390 homo
3419 5333 3698 5403 salvetur,

2051 5426 2163 5483 nisi
2196 5427 2558 5483 humilietur.
2588 5426 2894 5482 Humiliari
2929 5432 3123 5481 autem
3160 5425 3382 5496 nequit,
3406 5423 3518 5479 nisi
3538 5423 3697 5479 aliud

2047 5520 2335 5572 vereatur.
2368 5517 2566 5572 Vereri
2621 5516 2795 5572 etiam
2830 5532 2944 5570 non
2982 5520 3188 5586 potest,
3223 5512 3335 5568 nisi
3388 5529 3450 5569 se
3482 5512 3698 5568 sentiat

2051 5605 2250 5677 aliqua
2269 5605 2551 5678 pmna,vel
2567 5607 2691 5676 jam
2707 5604 3118 5672 inclusum,vel
3139 5603 3250 5659 cito
3263 5618 3433 5675 posse
3451 5601 3692 5658 includi.

2123 5696 2250 5753 Haec
2279 5695 2460 5769 igitur
2495 5695 2693 5755 omnia
2715 5695 2987 5753 videntur
3025 5695 3106 5752 ita
3130 5709 3387 5751 connexa
3402 5696 3468 5750 ut
3486 5705 3691 5765 praece-
3735 5745 3740 5747 _
