4118 6188
418 377 491 441 9'!
1427 382 1770 443 O'l‘HLONI
1817 380 2170 444 MONACHI
2217 383 2280 443 S.
2330 379 2826 442 EMMEBAMMI
3748 380 3831 440 93

419 512 617 570 dentis.
646 512 1129 585 subsequentium
1158 512 1275 569 sint
1314 531 1509 571 causa.
1542 515 1664 571 Nisi
1708 515 1861 569 enim
1895 532 2063 585 poena
2094 518 2147 581 Α
2178 515 2399 571 sarium
2424 530 2577 582 vero,
2601 514 2738 585 quia
2767 514 2893 568 sine
2911 511 3113 568 eodem
3136 510 3332 566 labore
3353 512 3410 565 et
3439 507 3637 566 dolore
3668 508 3833 567 nulla

422 603 727 675 praecedat,
762 602 937 657 timor
967 619 1081 657 non
1115 604 1400 675 sequitur.
1438 604 1717 660 Similiter
1746 605 1859 661 nisi
1892 605 2069 660 timor
2178 604 2366 676 proles
2396 604 2655 658 humana
2684 602 2893 657 nutriri
2921 600 3090 656 valet.
3125 601 3235 655 Sed
3270 616 3339 655 ne
3387 600 3581 656 omnis
3613 600 3827 656 mulier

425 692 730 762 prmeedat,
772 690 1074 746 humilitas
1125 710 1239 747 non
1293 695 1577 764 sequitur.
1613 695 1705 749 Sic
1749 696 1922 749 etiam
1956 694 2066 749 nisi

426 779 727 835 humilitas
768 781 1073 850 praecedat,
1110 782 1317 841 salutis
1364 788 1589 837 zeteruae
1620 782 1802 855 gloria
1834 801 1946 838 non
1980 799 2067 838 sc-

426 868 823 939 quitur.Unde
855 874 910 924 et
940 870 1462 941 nonnulli,quanto
1496 872 1627 943 plus
1660 873 1961 944 superbire
1984 890 2071 927 so-

426 956 567 1023 lent,
601 960 761 1013 tanto
791 959 1154 1030 gravioribus
1186 960 1397 1032 culpis,
1432 966 1495 1015 ut
1524 960 1930 1031 humilientur,
1957 962 2070 1015 im-

426 1045 631 1118 plicari
664 1047 945 1119 indigent.
980 1048 1085 1103 Per
1116 1049 1509 1104 humilitatem
1543 1066 1677 1121 ergo
1710 1052 2070 1106 redeundum

428 1140 516 1191 est
528 1135 751 1191 homini
773 1136 839 1190 ad
867 1138 1295 1208 patriam,unde
1316 1138 1700 1211 discessitper
1713 1139 2071 1211 superbiam.

474 1220 573 1281 7H;
607 1227 792 1292 Quam
827 1227 972 1282 ratio
1003 1226 1192 1282 dulcis
1222 1232 1279 1282 et
1316 1229 1386 1283 ad
1420 1228 1617 1283 omnia
1646 1229 1820 1283 verba
1846 1226 2070 1283 fidelis!

430 1314 708 1386 Experior
749 1320 901 1370 certe
948 1320 1069 1371 tam
1118 1316 1393 1389 praeclara
1441 1317 1662 1373 ratione
1712 1319 1863 1388 quod
1898 1317 2072 1381 Deus,

432 1406 552 1457 tam
586 1403 741 1458 mala
770 1404 1159 1475 permittendo
1191 1423 1368 1477 quam
1399 1406 1551 1461 bona
1583 1407 1930 1477 praestando,
1963 1404 2076 1459 cle-

435 1492 803 1548 mantissima
826 1509 1056 1563 semper
1085 1511 1219 1565 ergo
1242 1512 1444 1550 omnes
1468 1496 1525 1549 in
1550 1512 1610 1550 se
1633 1496 1932 1550 credentes
1957 1499 2081 1549 uta-

434 1584 533 1635 tur
562 1581 899 1635 intentione.
940 1582 1069 1637 Hzec
1100 1583 1296 1653 itaque
1318 1583 1630 1638 Psalmista
1652 1584 1919 1647 attendit,
1944 1600 2077 1638 cum

434 1669 623 1724 dixit:
663 1670 869 1725 Fidelis
912 1672 1181 1727 Dominus
1230 1676 1289 1727 in
1337 1674 1595 1729 omnibus
1624 1674 1803 1729 verbis
1850 1675 1963 1727 suis
1984 1690 2001 1733 ,·
2032 1676 2083 1727 et

432 1762 652 1814 sanctus
684 1761 741 1812 in
768 1760 1023 1814 omnibus
1052 1763 1311 1831 operibus
1332 1764 1443 1817 suis
1479 1764 1707 1833 (Psalm.
1728 1763 1934 1833 cxmv).
1969 1761 2079 1817 Sed

433 1852 493 1903 et
537 1847 854 1919 Apostolus
902 1850 1105 1903 eadem
1155 1855 1484 1920 attestatur,
1534 1852 1773 1906 dicens:
1810 1850 2085 1906 Conclusit

436 1938 575 1992 Deus
606 1939 789 1992 omnia
840 1940 900 1992 in
942 1938 1350 2007 incredulitate,
1377 1944 1437 1995 ut
1466 1943 1713 1995 omnium
1733 1942 2083 1996 misereretur

439 2026 616 2095 (Rom.
649 2026 750 2095 x1).
786 2026 923 2092 Quis
968 2044 1104 2099 ergo
1159 2029 1563 2100 imperitorum
1595 2034 1818 2085 tantam
1851 2046 2086 2101 sperare

439 2117 632 2186 potest
659 2115 760 2169 Dei
794 2115 1161 2171 clementiam
1208 2123 1273 2173 ut
1304 2122 1421 2173 tam
1454 2117 1513 2173 in
1545 2118 1765 2175 inﬁmis
1816 2136 1992 2190 quam
2025 2118 2083 2173 in

441 2203 679 2275 optimis
711 2204 885 2261 rebus
916 2207 1183 2262 ostendat
1212 2207 1371 2263 illam
1394 2208 1420 2261 ἰ)

514 2292 573 2348 0.
603 2294 836 2350 Gaudeo
875 2294 1014 2366 quia
1041 2300 1162 2352 tam
1212 2297 1522 2354 efﬁcaciter
1552 2298 1776 2371 prolata
1807 2298 1990 2353 sentis
2022 2302 2087 2352 ut

440 2382 617 2438 etiam
648 2382 897 2438 aliorum
928 2384 1023 2439 bis
1066 2384 1350 2441 similium
1381 2386 1799 2442 reminiscaris.
1837 2386 2089 2457 Ideoque

440 2470 588 2527 nihil
619 2470 713 2527 hic
742 2472 1123 2528 immerentes
1155 2473 1309 2529 ultra
1339 2476 1800 2545 progrediamur.

1029 2578 1259 2635 CAPUT
1298 2580 1491 2635 XXIV.

647 2666 776 2722 Eum
798 2668 1049 2735 exemplo
1077 2668 1209 2722 data
1236 2668 1482 2724 doctrina
1511 2671 1884 2740 conﬁrmatur.

515 2770 807 2843 Superiori
842 2772 1039 2844 itaque
1069 2776 1370 2830 sententias
1395 2776 1718 2848 proximam
1750 2780 1805 2832 et
1826 2794 2001 2833 sensu
2036 2782 2091 2832 et

449 2858 595 2929 loco,
621 2863 794 2917 modo
825 2862 882 2917 in
911 2864 1241 2936 exemplum
1266 2882 1479 2936 ponere
1499 2865 1649 2931 volo,
1678 2868 1847 2921 Evam
1872 2867 2092 2922 scilicet

448 2950 711 3005 omnium
746 2951 1082 3007 mortalium
1116 2959 1383 3009 matrem.
1417 2954 1573 3019 Quae,
1597 2972 1729 3009 cum
1766 2955 1923 3026 prior
1954 2972 2092 3026 prae-

444 3043 611 3110 cepta
642 3040 738 3095 Dei
784 3042 1001 3111 sprevit
1030 3045 1085 3096 et
1115 3042 1389 3098 continuo
1432 3043 1582 3098 idem
1618 3044 1803 3099 facere
1834 3043 1953 3099 viro
1986 3060 2091 3099 suo

447 3128 762 3198 suggessit,
788 3128 964 3200 priori
997 3146 1231 3201 quoque
1251 3135 1307 3186 et
1337 3132 1585 3203 graviori
1615 3133 1819 3203 punita
1849 3136 1938 3188 est
1958 3149 2093 3202 sup-

446 3213 641 3287 plicio,
665 3219 730 3270 ut
756 3233 825 3271 ex
856 3217 962 3272 hoc
993 3218 1168 3274 etiam
1198 3236 1374 3291 quam
1398 3222 1599 3291 justus
1623 3222 1804 3291 judex
1835 3221 1912 3276 sit
1942 3222 2089 3277 Deus

447 3303 733 3358 sentiatur
759 3305 997 3375 judicio.
1028 3308 1255 3362 Dictum
1292 3327 1546 3381 namque
1575 3313 1664 3365 est
1693 3310 1743 3366 ei
1778 3327 1791 3365 :
1823 3311 2089 3382 Multipli-

443 3394 577 3449 cabo
607 3409 883 3449 aerumnas
924 3399 1048 3452 tuas
1098 3406 1151 3452 et
1192 3407 1474 3470 conceptus
1500 3402 1619 3455 tuos
1638 3417 1658 3461 ;
1689 3402 1747 3455 in
1778 3400 1961 3455 dolore
1990 3415 2092 3467 pa-

444 3483 554 3537 ries
583 3482 743 3553 ﬁlios,
776 3492 831 3537 et
876 3487 975 3541 sub
1010 3487 1116 3541 viri
1163 3491 1422 3558 potestate
1450 3492 1583 3553 eris,
1617 3496 1667 3543 et
1697 3491 1810 3560 ipse
1839 3490 2092 3544 domina-

446 3571 598 3627 bitur
627 3572 710 3626 tui
738 3572 890 3641 (Gen.
923 3576 1027 3647 In).
1075 3575 1169 3631 Sic
1218 3592 1354 3648 ergo
1386 3576 1590 3648 punita
1621 3582 1705 3631 est
1738 3576 1947 3632 mulier
1975 3578 2092 3648 pri-

448 3676 565 3727 ma,
601 3660 879 3730 quoniam
931 3663 1090 3732 prior
1141 3668 1427 3734 praecepta
1478 3665 1829 3735 contempsit
1878 3664 2092 3720 divina.

447 3747 611 3813 Quod
642 3747 924 3803 nimirum
947 3767 1125 3821 quam
1149 3752 1382 3820 justum
1408 3753 1583 3807 fuerit
1611 3756 1677 3808 ut
1706 3752 1927 3808 scilicet
1950 3770 2095 3824 prse-

448 3836 708 3909 sumptio
740 3838 947 3909 major,
981 3853 1046 3893 eo
1094 3840 1248 3894 enim
1300 3842 1489 3913 major
1516 3858 1631 3913 quo
1678 3841 1853 3913 prior,
1888 3841 2095 3913 majori

450 3942 684 3997 quoque
729 3929 1057 3999 subjaceret
1089 3928 1374 4000 supplicio
1425 3930 1482 3985 in
1515 3930 1779 3986 omnium
1824 3931 2097 3986 cordibus

450 4016 803 4087 sapientium
839 4017 1141 4089 scriptum.
1172 4018 1415 4075 Proinde
1447 4037 1580 4076 cum
1612 4020 1688 4075 sit
1718 4024 1921 4075 notum
1955 4037 2096 4091 quo-

452 4105 624 4159 modo
655 4121 724 4159 ex
745 4106 1091 4176 praecedenti
1117 4106 1290 4180 culpa
1319 4108 1376 4162 in
1404 4110 1579 4164 Evam
1614 4109 1839 4165 illatum
1876 4110 1952 4164 sit
1975 4110 2101 4179 jus-

452 4196 580 4248 tum
610 4193 707 4249 Dei
729 4194 1044 4266 judicium,
1079 4199 1331 4262 attende,
1365 4214 1588 4269 precor,
1633 4218 1699 4254 ex
1730 4200 2099 4270 subsequen—

451 4282 613 4337 tibus
648 4284 941 4354 quomodo
974 4284 1126 4340 idem
1150 4285 1444 4355 judicium
1476 4287 1650 4342 fuerit
1680 4287 2096 4343 necessarium.

452 4371 561 4428 Ubi
600 4389 759 4444 rogo,
812 4373 1028 4444 plures,
1062 4374 1150 4429 vel
1198 4374 1404 4430 saltem
1438 4376 1553 4431 duo
1601 4377 1871 4432 homines
1922 4376 2100 4432 simul

455 4467 909 4529 commorantes,
944 4463 1169 4534 paciﬁci
1219 4470 1467 4536 possunt
1512 4482 1639 4521 esse
1672 4483 1953 4538 unquam,
1988 4466 2100 4521 nisi

451 4551 598 4608 alter
629 4551 795 4609 alteri
827 4554 1161 4609 subdatur?

522 4644 585 4697 Η.
620 4642 927 4715 Nusquam
958 4642 1218 4697 omnino.

525 4733 584 4787 0.
617 4733 780 4788 Unde
809 4737 935 4789 erat
981 4749 1218 4788 necesse
1270 4738 1332 4787 ut
1364 4732 1653 4803 homines,
1686 4733 1859 4787 etiam
1911 4732 2104 4803 primi,

453 4821 838 4876 redderentur
858 4823 1083 4893 pacifici
1101 4828 1158 4879 et
1188 4822 1576 4892 subjiceretur
1606 4820 1750 4877 alter
1780 4822 1961 4876 alteri.
1996 4824 2106 4878 Sed

452 4908 633 4979 hujus
665 4910 1047 4979 subiectionis
1078 4913 1347 4980 materia,
1378 4912 1606 4985 gravior
1638 4911 1902 4966 mulieris
1933 4910 2107 4966 exsti-

454 4998 527 5052 tit
558 4996 747 5069 culpa.
802 4998 907 5053 Illa
954 5000 1110 5054 enim
1159 5001 1293 5071 plus
1322 5001 1526 5057 debuit
1574 5001 1770 5068 subdi,
1804 5017 1931 5071 qua:
1974 4999 2106 5071 plus

454 5087 572 5158 egit
617 5086 860 5157 peccati.
897 5088 1289 5150 Quamobrem
1338 5090 1479 5144 satis
1513 5095 1668 5161 patet
1716 5090 2106 5160 quiajustum

447 5177 742 5247 judicium
768 5175 866 5231 Dei
898 5175 957 5231 in
988 5177 1150 5231 illam
1174 5176 1401 5232 illatum
1436 5183 1663 5234 constat
1685 5180 2102 5235 necessarium.

453 5264 652 5337 Neque
676 5264 833 5321 enim
868 5264 1041 5337 primi
1064 5265 1330 5321 homines
1353 5271 1454 5321 aut
1482 5267 1715 5335 scirent,
1731 5274 1832 5324 aut
1863 5268 2107 5325 forsitan

455 5355 673 5411 vellent
705 5356 814 5412 hac
847 5360 910 5409 ut
942 5355 1189 5411 invicem
1222 5356 1604 5427 subjectionis
1627 5359 1958 5425 concordia,
1993 5357 2103 5413 nisi

456 5444 655 5515 aliqua
685 5445 893 5501 divina:
926 5445 1383 5517 dispensationis
1402 5446 1888 5517 compellerentur
1907 5464 2103 5503 causa.

530 5533 815 5589 Similiter
840 5535 899 5588 in
932 5534 1131 5590 dolore
1154 5538 1210 5590 et
1238 5534 1437 5591 labore
1468 5537 2003 5608 puerperesjustum
2036 5536 2109 5592 si-

461 5622 583 5678 mul
604 5639 671 5678 ac
686 5624 1075 5679 necessarium
1103 5626 1195 5680 Dei
1213 5624 1847 5697 judiciuminspicitur.
1866 5630 1899 5681 J
1904 5630 2104 5683 ustum

462 5714 723 5795 quidem,
745 5712 875 5769 ideo
906 5715 1048 5786 quia
1065 5714 1263 5773 dolore
1283 5719 1338 5771 et
1356 5714 1621 5773 laborare
1639 5716 1879 5773 meruit:
1906 5733 2103 5774 neces-

2177 693 2286 747 bac
2319 710 2378 747 se
2434 691 2558 763 lege
2608 691 2980 746 constrictam
3012 692 3370 760 quereretur,
3395 688 3667 760 apposita
3695 693 3847 745 sunt

2178 782 2462 854 praeconia
2493 780 2844 851 virginitatis
2875 784 2930 834 et
2960 777 3346 848 continentiae,
3382 778 3609 833 dicente
3639 781 3819 849 Apos-

2179 871 2295 925 tolo
2331 889 2342 925 :
2400 871 2505 938 Qui
2543 870 2889 924 matrimonio
2928 869 3121 939 jungit
3164 868 3438 936 virginem
3478 883 3655 937 suam,
3704 870 3836 923 bene

2178 959 2357 1030 facit;
2387 968 2436 1014 et
2464 960 2563 1030 qui
2586 974 2694 1013 non
2716 958 2931 1030 jungit,
2966 957 3166 1012 melius
3195 958 3333 1026 facit
3365 955 3413 1027 (Ι
3440 954 3561 1011 Cor.
3593 956 3713 1027 vn).

2254 1050 2355 1104 Est
2384 1047 2557 1103 etiam
2592 1046 2747 1102 aliud
2790 1047 2849 1101 in
2881 1046 2990 1102 hac
3021 1044 3459 1118 dispensatione
3509 1046 3834 1101 notandum

2184 1138 2341 1210 quia,
2376 1154 2507 1192 cum
2541 1153 2605 1191 ex
2640 1136 2905 1192 mulieris
2934 1135 3134 1207 primae
3167 1138 3402 1205 peccato
3433 1138 3599 1190 tanta
3630 1135 3841 1190 fuisset

2185 1231 2310 1282 orta
2340 1223 2821 1297 subjectio,nulla
2842 1224 3113 1295 deinceps
3136 1222 3485 1279 mulieribus
3518 1222 3721 1279 relicta
3747 1228 3840 1281 est

2186 1315 2562 1388 querimoniae
2613 1314 2863 1381 occasio,
2912 1313 3080 1385 quasi
3135 1312 3355 1383 injuste
3403 1312 3654 1369 fuissent
3698 1312 3839 1369 viris

2186 1405 2485 1474 subjectae.
2521 1405 2632 1459 Sed
2664 1421 2731 1458 ex
2766 1404 2939 1458 unius
2972 1402 3269 1473 peccantis
3300 1400 3506 1457 merito
3530 1417 3841 1473 argumen—

2186 1498 2345 1549 tatur
2374 1508 2579 1549 omnes
2610 1493 2762 1548 idem
2814 1492 3121 1547 meruisse.
3154 1490 3224 1545 Et
3263 1490 3417 1545 sicut
3443 1491 3620 1561 Deus,
3650 1489 3711 1544 in
3742 1506 3839 1546 ea-

2190 1584 2319 1638 dem
2355 1581 2617 1637 mulieris
2636 1582 2835 1653 prima:
2859 1580 3029 1652 culpa
3051 1584 3217 1635 tanta
3246 1578 3627 1651 subjectionis
3646 1584 3704 1635 et
3726 1579 3837 1635 hu-

2190 1672 2455 1727 militatis
2470 1671 2621 1726 bona
2640 1675 2913 1741 operatus
2934 1668 3283 1738 necessaria,
3302 1668 3531 1725 nullum
3548 1668 3855 1741 gloriandi.

2193 1760 2385 1816 locum
2417 1760 2578 1815 dedit
2625 1760 2812 1815 eidem
2862 1758 3120 1829 mulieri,
3153 1758 3323 1829 quasi
3355 1758 3426 1812 de
3457 1757 3583 1813 suis
3612 1756 3855 1812 meritis.

2192 1853 2276 1905 tot
2306 1849 2458 1903 bona
2504 1848 2895 1920 provenirent,
2926 1847 3007 1903 ita
3058 1847 3120 1902 in
3151 1846 3425 1902 omnibus
3476 1844 3842 1911 hominibus,

2193 1954 2295 2011 per
2325 1954 2471 2009 quos
2491 1936 2718 2008 judicia
2747 1953 2856 1992 sua
2886 1939 3130 2003 exercet,
3155 1950 3324 2007 agere
3353 1932 3519 2000 solet,
3551 1932 3661 1990 hoc
3690 1947 3844 1988 sem~

2193 2044 2295 2100 per
2323 2025 2655 2098 providens,
2688 2042 2791 2096 per
2832 2025 2985 2079 bona
3038 2038 3169 2096 quas
3199 2027 3476 2095 operatur
3520 2022 3581 2077 in
3611 2020 3750 2089 illis,
3776 2024 3847 2077 ut

2193 2132 2364 2171 nemo
2397 2115 2467 2171 de
2496 2115 2619 2169 suis
2652 2113 2878 2169 meritis
2908 2113 3145 2184 gloriari
3177 2111 3383 2182 possit.

2266 2208 2329 2259 Η.
2365 2206 2605 2270 Quanta:
2627 2201 2992 2259 auctoritatis
3012 2201 3320 2257 videantur
3348 2199 3483 2265 ista,
3507 2216 3633 2272 quae
3664 2198 3853 2255 etiam.

2196 2295 2371 2349 modo
2421 2291 2737 2365 protulisti,
2786 2289 2945 2345 nullo
2996 2305 3240 2361 possum
3289 2286 3848 2345 sermonisindicio

2198 2382 2522 2455 propalare.
2546 2381 2825 2454 Magnum
2856 2379 3012 2435 enim
3036 2378 3318 2449 quiddam
3350 2381 3408 2433 et
3436 2376 3657 2433 notitiai
3684 2391 3849 2431 com-

2198 2471 2363 2527 muni
2391 2470 2789 2527 necessarium
2822 2469 3010 2525 sentio
3041 2468 3101 2523 in
3134 2468 3227 2523 his
3276 2466 3523 2523 latitare.
3560 2465 3851 2521 Ceterum

2198 2561 2337 2632 quia
2365 2559 2672 2615 simillima
2720 2557 3061 2630 quaestionis
3093 2573 3234 2613 meae
3264 2556 3439 2613 verba
3459 2555 3584 2625 jam
3617 2570 3850 2611 memo—

2195 2650 2361 2715 rasti,
2395 2650 2535 2704 dum
2582 2648 2850 2704 videlicet
2899 2664 2967 2703 ex
3013 2647 3193 2703 unius
3238 2644 3529 2718 peccantis
3577 2642 3854 2701 mulieris

2199 2738 2404 2795 merito
2424 2754 2625 2793 omnes
2642 2737 2838 2793 dixisti
2863 2736 3138 2792 mulieres
3160 2734 3584 2806 subjectionem
3601 2732 3853 2789 meruisa

2200 2844 2283 2896 se,
2306 2843 2510 2899 precor
2542 2832 2605 2882 ut
2626 2828 2698 2882 ad
2730 2825 3074 2897 hujusmodi
3094 2824 3475 2898 quaestionem
3507 2822 3854 2883 solvendam

2199 2919 2439 2973 studeas
2470 2933 2799 2989 preparare.

2274 3010 2341 3061 0.
2386 3006 2674 3061 Patienter
2720 3003 3076 3076 prastolare,
3110 3003 3247 3075 quia
3294 3002 3473 3059 citius
3523 3000 3856 3059 audiesme

2199 3095 2334 3150 inde
2386 3095 2683 3150 dicturum
2734 3096 3022 3165 quantum
3054 3092 3201 3149 mihi
3246 3091 3534 3149 Dominus
3575 3090 3857 3163 dignatur

2202 3189 2497 3257 prastare.

2806 3324 3038 3381 CAPUT
3079 3322 3240 3381 XXV.

2240 3431 2509 3505 Exemplo
2537 3432 2696 3491 Judw
2727 3432 3025 3559 proditori:
3065 3430 3214 3487 idem
3242 3431 3531 3487 roboratur
3557 3438 3609 3485 et
3635 3428 3816 3485 decla-

2928 3522 2995 3559 να
3016 3521 3108 3559 αν.

2928 3521 3108 3559 ratur.

2274 3665 2513 3719 Duobus
2531 3662 2686 3718 enim
2698 3664 2824 3734 jam
2839 3662 3031 3733 dictis,
3055 3661 3294 3717 tertium
3319 3664 3499 3717 restat
3519 3658 3853 3732 exemplum

2206 3753 2276 3807 de
2296 3752 2699 3823 judiciis,quze
2731 3751 3186 3822 dicunturjusta
3206 3749 3381 3806 simul
3413 3754 3471 3805 et
3501 3748 3857 3805 necessst-im

2206 3841 2321 3896 Nec
2350 3858 2487 3909 non,
2519 3857 2645 3911 quae
2696 3840 2816 3894 sint
2863 3840 3089 3895 occulta
3140 3840 3240 3895 Dei
3282 3838 3525 3909 judicia,
3561 3838 3745 3910 prius‘
3771 3840 3865 3892 est

2207 3930 2542 3997 dicendum;
2579 3945 2706 3999 quae
2737 3928 2795 3983 in
2824 3928 3016 4000 specie
3047 3932 3255 3999 quarta
3287 3926 3709 3999 proposuimus
3738 3925 3865 3981 dis-

2204 4018 2551 4091 tinguenda.
2584 4018 2689 4072 Sed
2724 4018 2878 4088 quod
2914 4016 3072 4089 prior
3101 4017 3242 4072 ordo
3273 4016 3470 4089 exigit,
3505 4015 3676 4087 prius
3709 4029 3866 4086 quo-

2208 4124 2320 4179 que
2351 4107 2637 4170 dicamus,
2668 4105 2998 4177 exemplum
3050 4104 3317 4160 videlicet
3346 4103 3712 4176 propositum
3738 4120 3751 4169 ;
3785 4103 3862 4158 ad

2208 4197 2363 4268 quod
2395 4196 2850 4267 explanandum,
2884 4194 3256 4250 tremendum
3312 4194 3383 4247 de
3410 4192 3563 4248 Juda
3594 4195 3868 4263 apostata

2208 4284 2873 4359 ponamjudicium.Hoc
2896 4300 3149 4354 namque
3171 4282 3403 4337 duobus
3425 4281 3865 4351 modisjustum

2210 4375 2324 4431 dici
2354 4374 2525 4430 valet.
2561 4375 2684 4429 Uno
2718 4374 2978 4445 quidem,
3003 4371 3143 4443 quia
3164 4388 3297 4427 cum
3332 4366 3869 4442 caeterisapostolis

2211 4465 2270 4519 in
2303 4464 2580 4519 omnibus
2612 4462 2781 4518 bonis
2811 4463 3073 4527 edoctus,
3107 4464 3312 4533 postea
3339 4461 3401 4515 in
3432 4463 3658 4517 tantam
3690 4456 3870 4514 mali-

2210 4553 2353 4609 tiam
2386 4553 2593 4609 cecidit
2624 4557 2689 4607 ut
2720 4552 2915 4623 ipsum
2946 4554 3243 4607 auctorem
3273 4548 3403 4605 vita)
3433 4548 3608 4606 morti
3637 4548 3869 4604 tradere

2132 4628 2178 4693 D
2214 4644 2627 4714 praesumeret;
2681 4640 2828 4695 alter
2877 4655 3011 4695 vero
3063 4640 3275 4695 modus
3310 4656 3397 4695 ex
3444 4638 3590 4711 ipsis
3632 4636 3869 4693 Domini

2216 4731 2429 4797 verbis,
2456 4748 2580 4801 quae
2614 4731 2685 4785 ad
2718 4730 2990 4785 eumdem
3017 4729 3236 4785 Judam
3268 4728 3425 4784 dicta
3452 4732 3611 4796 sunt,-
3630 4726 3870 4799 pensari

2217 4820 2390 4876 valet.
2415 4821 2711 4883 Quantum
2735 4822 2932 4873 autem
2965 4818 3360 4875 necessarium
3384 4817 3561 4873 fuerit
3587 4817 3741 4871 idem
3765 4816 3872 4886 ju-

2217 4910 2435 4965 dicium
2469 4908 2811 4964 hominibus
2841 4907 3086 4978 cunctis,
3121 4924 3223 4979 pro
3256 4907 3475 4979 quibus
3508 4910 3595 4962 est
3626 4904 3873 4961 mirabi-

2216 4999 2349 5055 liter
2400 4998 2757 5063 ordinatum,
2788 5001 2844 5052 et
2894 5014 3063 5055 nemo
3115 4996 3307 5055 dicere
3352 4988 3537 5051 valeti
3573 4999 3629 5051 et
3671 4998 3872 5050 tamen

2216 5089 2492 5146 omnibus
2523 5091 2703 5160 patet.

2288 5180 2421 5244 Quae
2444 5178 2560 5233 duo
2584 5174 2877 5232 contraria
2907 5175 2979 5229 de
3001 5192 3116 5231 uno
3148 5176 3468 5247 eodemque
3481 5172 3709 5247 judicio
3739 5171 3875 5227 ideo

2216 5264 2429 5339 protuli
2455 5266 2595 5338 quia
2616 5268 2733 5321 tam
2766 5280 3048 5336 magnum
3074 5267 3164 5321 est
3194 5268 3271 5321 ut
3288 5281 3461 5323 nemo
3488 5264 3681 5321 dicere
3697 5260 3877 5319 sufﬂ-

2216 5356 2332 5413 ciat
2362 5359 2418 5411 et
2444 5361 2564 5411 tam
2585 5354 2966 5411 manifestum
3000 5353 3232 5412 utvnulli
3255 5371 3408 5427 opus
3432 5353 3510 5413 sit
3530 5352 3874 5412 dicendum.

2216 5448 2579 5518 Quapropter
2599 5443 2747 5501 nihil
2769 5444 2908 5501 inde
2940 5444 3079 5517 plus
3097 5443 3730 5502 referendumividetur
3759 5440 3879 5501 nisi

2215 5536 2362 5593 forte
2392 5552 2496 5607 pro
2535 5535 2845 5591 excitanda
2874 5533 3159 5591 memoria
3188 5532 3339 5589 velis
3362 5532 3581 5606 aliqua.

2286 5627 2350 5681 Η.
2390 5625 2546 5681 Licet
2559 5624 2898 5695 hujusmodi
2922 5623 3230 5681 historiam
3248 5637 3321 5679 ex
3334 5622 3649 5696 Evangelia
3661 5619 3874 5689 sciam,

2216 5712 2482 5771 desidero
2514 5718 2711 5773 tamen
2734 5730 2805 5773 ex
2834 5716 2891 5772 te
2923 5710 3313 5787 auditapquia
3342 5711 3758 5776 dulcissimum
3777 5716 3882 5773 est
