4118 6188
171 391 250 452 93

1158 385 1465 446 DIALOG.
1518 384 1618 444 DE
1660 382 1948 446 'l‘RlBUS
1997 383 2624 457 QUESTIONIBUS.
3513 385 3591 447 94

172 522 289 579 hoc
325 523 579 593 repetere
596 517 756 590 quod
790 515 1059 572 ﬁdelibus
1081 518 1310 572 cunctis
1333 521 1569 589 praestat
1600 533 1831 588 semper
1859 519 1914 582 Α
1944 521 2282 588 reprobatos
2315 517 2549 589 quidem
2582 515 2821 572 indicat.
2855 518 2964 574 Sed
2991 535 3096 574 cur
3124 517 3206 574 ita
3235 518 3356 574 sint
3383 533 3590 591 parum

233 628 390 665 vere.
475 648 483 656 -

233 628 266 664 v
311 628 338 665 r
378 653 390 665 .
475 648 483 656 -

173 629 226 667 Ἦ
250 627 704 755 ἆὲωιιεηῐὶὺυε
727 710 982 766 namque
1004 693 1310 767 discipulis
1333 694 1414 750 ait
1439 694 1610 750 Jesus
1635 695 1835 749 :Amen

172 790 299 846 dico
325 788 474 844 vobis
503 788 637 858 quia
665 787 907 840 vestrum
926 800 1068 838 unus
1087 800 1172 838 me
1193 783 1505 840 traditurus
1534 784 1832 854 est(Matth.

174 879 358 948 ενι).
390 876 525 931 Mox
553 873 916 930 contristatis
944 872 1062 928 illis
1092 878 1147 928 et
1176 873 1669 946 interrogantibus
1701 872 1836 944 quis

177 971 358 1033 esset,
394 963 698 1036 respondit
728 961 1042 1018 eis-dicens
1067 977 1079 1016 :
1107 963 1213 1030 Qui
1241 963 1463 1033 intingit
1492 977 1703 1017 mecum
1721 978 1836 1017 ma-

175 1072 317 1111 num
343 1057 408 1110 in
437 1051 750 1126 paropside,
779 1051 870 1107 hic
897 1067 982 1106 me
1010 1051 1210 1118 tradet,
1246 1056 1353 1106 etc.
1388 1051 1595 1122 (Ibid.).
1615 1050 1835 1115 Quibus

175 1145 443 1219 profecto
471 1141 666 1198 verbis
716 1141 775 1195 in
825 1140 1029 1196 eodem
1083 1140 1237 1195 Juda
1279 1139 1570 1211 judicium
1602 1139 1835 1195 Domini

169 1236 414 1306 justum
444 1231 874 1296 manifestatur;
911 1229 1068 1300 quia,
1099 1229 1242 1284 dum
1273 1230 1400 1300 ejus
1433 1228 1658 1284 malitia
1684 1246 1836 1302 prse-

175 1323 428 1389 dieitur,‘
460 1320 752 1394 arguendo
783 1321 1196 1391 praemonetur.

257 1413 329 1468 H.
364 1410 668 1466 Premissa
694 1408 930 1464 Domini
963 1407 1138 1463 verba
1167 1407 1339 1478 longe
1375 1405 1546 1462 aliter
1574 1424 1608 1462 a
1639 1406 1839 1480 pleris-

179 1516 308 1575 que
348 1499 697 1556 sentiuntur.
729 1497 977 1552 Videtur
1021 1495 1198 1562 enim,
1248 1495 1387 1566 quia
1433 1495 1589 1552 idem
1638 1495 1838 1551 infelix

179 1589 468 1646 Judae-ex
498 1585 855 1659 supradictis
884 1585 1077 1641 verbis
1102 1585 1182 1641 ita
1212 1584 1289 1640 sit
1317 1586 1594 1641 astrictus
1616 1589 1680 1641 ut
1703 1585 1834 1640 nul-

184 1680 428 1736 latenus
448 1675 622 1732 aliter
650 1691 829 1748 quam
859 1675 1085 1730 Veritas
1119 1673 1380 1746 praedixit
1409 1689 1579 1746 agere
1618 1679 1836 1746 posset.

254 1767 315 1824 0.
342 1765 606 1831 Quaestio
636 1765 777 1835 haec,
811 1764 861 1819 si
893 1780 1006 1820 non
1036 1764 1096 1818 in
1126 1762 1260 1818 aliis
1305 1762 1615 1834 Scriptura:
1663 1779 1837 1818 sacras

184 1855 326 1913 locis
339 1853 1029 1919 soluta-fuisset,movere
1054 1852 1282 1923 aliquos
1301 1852 1510 1907 merito
1528 1853 1834 1923 potuisset.

184 1944 443 2012 Qualiter
456 1941 859 2015 namque-sint
877 1938 1260 2012 intelligenda
1281 1941 1620 2009 hujusmodi
1643 1941 1840 2011 verba,

188 2031 447 2091 Ezechiel
479 2029 1007 2104 prophetaindicat
1029 2045 1099 2085 ex
1119 2029 1308 2102 ipsius
1337 2029 1566 2085 Domini
1597 2046 1846 2102 persona

186 2123 386 2180 dicens
419 2140 432 2178 :
472 2123 603 2178 Vivo
632 2137 746 2192 ego,
778 2119 912 2174 dicit
937 2120 1203 2174 Dominus
1248 2119 1408 2186 Deus,
1442 2119 1566 2174 nolo
1617 2123 1845 2175 mortem

185 2214 368 2284 impii,
422 2210 520 2266 sed
563 2219 626 2265 ut
672 2212 1019 2265 convertatur
1047 2224 1079 2262 a
1111 2209 1204 2262 via
1233 2224 1334 2262 sua
1365 2210 1418 2262 et
1447 2209 1593 2263 vivat
1630 2208 1841 2280 (Ezech.

183 2302 407 2372 xxxiii).
440 2303 510 2355 Et
539 2298 881 2371 pauloepest
908 2295 1171 2370 apertius
1219 2296 1529 2368 subjungit
1577 2296 1776 2352 dicens
1829 2314 1840 2352 :

184 2392 376 2448 Etiam
405 2391 455 2445 si
491 2387 682 2444 dixero
729 2388 900 2459 impio
947 2405 965 2441 :
1018 2387 1194 2442 morte
1238 2387 1527 2448 morieris;
1578 2393 1632 2440 et
1676 2387 1847 2456 egerit

177 2481 594 2554 penitentiam,
627 2478 917 2532 vita-vivet
967 2479 1018 2531 et
1063 2490 1174 2530 non
1203 2477 1468 2530 morietur
1497 2474 1678 2546 (Ibid.)
1710 2476 1846 2539 Quis

186 2566 674 2624 nimirumidicta-
708 2565 770 2619 in
819 2563 1062 2620 Ezechia
1100 2579 1234 2636 rege
1269 2563 1442 2630 Juda,
1475 2567 1532 2618 et
1560 2563 1619 2618 in
1649 2563 1845 2619 Achab

187 2665 334 2730 rege
359 2655 561 2722 Israel,
585 2654 1036 2726 maximeque'in
1059 2651 1329 2709 Ninivitis
1350 2652 1626 2724 leguntur
1644 2653 1848 2726 imple-

188 2753 267 2814 ta,
303 2743 742 2801 ubi-sententiae
781 2742 986 2799 divinas
1035 2745 1265 2798 constat
1310 2741 1639 2796 immutatis
1671 2743 1841 2798 facta.

189 2836 360 2893 Unde
385 2833 533 2890 satis
565 2832 898 2889 declaratur
918 2831 1058 2904 quia
1072 2830 1248 2886 verba
1268 2830 1466 2886 divina
1481 2835 1738 2886 mortem
1761 2831 1847 2886 in-

188 2925 380 2980 ferant
409 2921 595 2990 nulli;
629 2922 731 2978 sed
763 2921 1029 2993 nequitia
1053 2921 1314 2976 humana
1342 2920 1424 2974 ila
1452 2935 1556 2992 per
1593 2918 1843 2975 inﬁdeli-

187 3017 372 3069 ιειθω
405 3015 672 3068 meretur
696 3009 893 3066 deludi
941 3012 1006 3064 ut
1052 3012 1206 3064 Deus
1248 3007 1517 3064 videatur
1546 3008 1659 3063 sibi
1690 3007 1844 3064 nolle

194 3100 481 3158 misereri.

256 3195 328 3247 Η.
364 3187 814 3260 Utiliter'igitur
837 3186 1173 3260 opinionem
1203 3187 1596 3259 quorumdam
1643 3185 1838 3253 intuli,

1945 604 2308 676 agnoscitur.
2341 607 2614 672 Quamvis
2644 605 2796 661 enim
2833 623 2900 661 ex
2931 623 3069 663 nece
3095 608 3231 664 Jesu
3258 607 3468 664 Christi
3502 609 3590 662 in-

1943 689 2287 765 telligantur
2313 695 2597 760 damnati,
2628 700 2823 750 tamen
2857 713 3034 767 quare
3065 696 3124 751 in
3157 702 3380 753 tantam
3428 697 3590 753 caeci-

1941 783 2234 850 tatem,vel
2269 784 2572 855 perfidiam
2603 783 2915 839 inciderint
2936 790 3001 840 ut
3023 785 3164 841 talia
3194 791 3594 858 perpetrarent

1943 873 2220 928 nescitur.
2254 872 2535 928 Similiter
2564 890 2631 928 ex
2661 873 2888 929 occulto
2935 875 3035 930 Dei
3079 875 3302 946 judicio
3346 875 3592 948 contigit

1944 962 2099 1031 quod
2132 961 2397 1032 plurimae
2432 962 2623 1017 adhuc
2644 968 2845 1033 gentes
2878 963 2937 1018 in
2968 963 3591 1030 inﬁdelitate,detinen-

1944 1054 2041 1103 tur
2063 1051 2336 1122 quodque
2369 1051 2715 1124 multi,proh
2766 1051 2959 1108 dolor!
2995 1051 3256 1108 ﬁdelium
3290 1052 3596 1108 subitanea

1945 1143 2152 1205 morte,
2183 1139 2269 1196 vel
2304 1139 2500 1211 aliquo
2533 1140 2814 1196 exitiabili
2847 1158 2984 1196 casu
3017 1145 3141 1196 tam
3174 1141 3383 1196 animas
3418 1157 3595 1213 quam

1945 1227 2203 1299 corporis
2234 1229 2691 1301 praecipitantur.
3015 1235 3020 1238 ’

2013 1318 2200 1372 Terrae
2232 1334 2463 1390 quoque
2513 1323 2685 1388 atque
2736 1318 3042 1374 hominum
3094 1319 3394 1391 sterilitas,
3427 1319 3596 1375 varias

1946 1405 2262 1461 mulierum
2295 1408 2668 1479 gravidarum
2703 1409 3060 1476 abortiones,
3088 1408 3335 1464 insolita:
3374 1413 3596 1481 tempe-

1945 1498 2146 1560 states,
2201 1496 2459 1566 potentia
2509 1495 2848 1568 impiorum,
2900 1497 3171 1553 nativitas
3223 1502 3600 1553 monstruosa

1946 1585 2336 1654 quorumdam
2359 1590 2415 1640 et
2436 1585 2747 1640 hominum
2772 1590 2828 1640 et
2850 1585 3484 1656 animalium,hostium
3508 1587 3598 1641 in-

1948 1672 2733 1744 cursio,pestilentize,fames
2765 1674 3036 1746 ignisque
3065 1675 3437 1748 depopulatio
3459 1674 3601 1732 alia-

1948 1777 2060 1832 que
2094 1762 2185 1817 his
2216 1761 2434 1818 similia
2462 1763 2737 1818 eveniunt
2769 1780 2835 1818 ex
2865 1764 3094 1819 occulto
3123 1764 3223 1820 Dei
3245 1765 3490 1836 judicio.

2020 1851 2099 1906 Ex
2131 1852 2346 1923 quibus
2377 1853 2655 1907 omnibus
2686 1851 2981 1924 colligitur
3001 1853 3141 1924 quia
3168 1854 3449 1925 perjusta
3479 1853 3604 1925 qui-

1954 1939 2085 1995 dem
2118 1945 2175 1996 et
2203 1941 2431 1996 occulta
2461 1941 2562 1996 Dei
2585 1941 2813 2013 judicia
2843 1943 3027 1998 Deum
3059 1942 3285 2012 timere,
3336 1959 3401 1998 ac
3429 1959 3602 1998 vene-

1953 2028 2091 2096 rari,
2126 2029 2294 2101 eique
2326 2030 2664 2086 omnimodo
2695 2031 2904 2098 subdi;
2938 2047 3039 2103 per
3073 2031 3403 2087 necessaria
3442 2047 3599 2087 vero.

1953 2134 2084 2189 quae
2114 2118 2379 2174 maxime;
2435 2119 2666 2190 pietatis
2717 2119 2924 2174 divinae
2977 2119 3194 2175 indicia
3224 2125 3384 2187 sunt,
3416 2119 3600 2175 Deum

1953 2223 2173 2272 amare,
2207 2224 2486 2281 spemque
2519 2225 2752 2264 omnem
2784 2212 2840 2264 et
2882 2208 3058 2263 fidem
3105 2209 3164 2263 in
3213 2209 3340 2280 ipso
3389 2225 3603 2280 ponere

1952 2295 2324 2352 instruimur.
2703 2285 2714 2298 ’

2024 2386 2087 2439 H.
2122 2385 2254 2440 Jam
2288 2385 2430 2441 satis
2461 2385 2788 2441 instructus
2811 2401 2875 2441 su
2888 2402 2948 2440 m'
2976 2386 3047 2441 de
3070 2385 3432 2456 judiciorum
3456 2383 3602 2440 divi-

1954 2490 2162 2529 norum
2184 2473 2465 2546 qualitate
2484 2474 2543 2529 in
2559 2474 2986 2546 quadripartita
3005 2474 3282 2530 distincta
3303 2475 3600 2543 varietate;

1953 2562 2202 2634 ideoque
2231 2579 2426 2636 perge,
2461 2579 2676 2635 quaeso,
2712 2564 2782 2617 ad
2816 2579 2883 2618 ea
2913 2580 3040 2636 quae
3073 2564 3171 2618 diu
3205 2562 3550 2635 promisisti.

2027 2652 2084 2707 0.
2104 2651 2124 2706 Ι
2133 2655 2400 2707 nstanter
2421 2669 2630 2724 pergo;
2665 2652 2764 2708 sed
2790 2656 2854 2707 tu
2879 2669 3112 2724 quoque
3133 2652 3435 2724 proximus
3454 2655 3600 2718 esto,

1953 2739 2177 2796 scilicet
2206 2741 2516 2796 attendens
2539 2742 2666 2812 jam
2698 2741 2858 2797 dicla
2881 2741 3198 2814 animoque
3228 2739 3601 2806 revolvens,si

1953 2828 2094 2900 quid
2127 2829 2186 2884 in
2217 2829 2311 2884 his
2345 2829 2584 2886 forsitan
2618 2830 2796 2885 lateat
2825 2832 2980 2902 quod
3011 2835 3068 2886 te
3096 2831 3368 2904 ignarum
3409 2829 3602 2885 adhuc

1954 2921 2201 2973 moveat.

2022 3008 2086 3061 Η.
2119 3007 2209 3063 Nil
2244 3023 2484 3078 prorsus
2535 3024 2629 3064 me
2661 3011 2854 3064 movet
2902 3009 2959 3064 in
3005 3007 3098 3064 his
3145 3009 3426 3066 duntaxat
3473 3026 3600 3081 quas

1952 3094 2319 3152 discutiendo
2347 3101 2488 3152 sunt
2519 3096 2765 3170 prolata,
2799 3097 3077 3169 quoniam
3109 3097 3477 3154 multimodis
3507 3115 3599 3153 sa-

1951 3199 2060 3238 crae
2091 3184 2404 3256 Scriptura:
2435 3185 2792 3242 testimoniis
2816 3190 3088 3242 constant
3116 3187 3457 3259 approbata.

194 3280 507 3352 quia;dum
537 3289 669 3333 eam
699 3280 904 3349 aperta
928 3276 1153 3332 ratione
1171 3275 1636 3346 destruxisti,me
1662 3273 1841 3330 simul
1873 3261 1916 3329 C
2025 3273 2086 3328 0.
2119 3272 2178 3328 Si
2209 3288 2346 3344 ergo
2377 3273 2505 3330 ideo
2538 3273 2859 3346 quidquam
2910 3279 3093 3331 restat
3140 3276 3430 3347 ignotum,
3463 3275 3622 3345 quia-

193 3368 470 3424 doeuisti.
503 3366 840 3438 Underrogo
867 3381 939 3420 ne
969 3364 1063 3420 hic
1095 3364 1350 3436 amplius
1382 3364 1846 3430 immoreris,sed

193 3457 262 3512 ad
290 3454 613 3530 proposita:
639 3454 962 3511 revertaris.
997 3454 1151 3518 Quia.
1171 3453 1328 3510 enim
1376 3453 1668 3510 revelante
1706 3452 1845 3520 Deo,

193 3549 256 3600 ut
280 3545 493 3610 credo;
517 3541 663 3598 satis
683 3543 956 3599 reserasti
990 3559 1116 3613 quis
1145 3543 1268 3598 sint
1289 3543 1528 3613 judicia.
1546 3541 1643 3596 Dei
1665 3540 1848 3611 mani-

192 3632 346 3689 fheta-
367 3630 494 3688 sub
521 3629 810 3702 tripartite
839 3631 1030 3702 specie
1061 3629 1357 3698 distincta,
1399 3630 1475 3684 id'
1506 3633 1613 3697 est,
1656 3629 1846 3700 justa,

194 3719 926 3792 necessaria,justa'simul
959 3725 1016 3775 et
1047 3719 1588 3790 necessaria,eaque
1612 3717 1861 3790 singula.

196 3807 719 3881 ternisexempiis'
768 3808 1048 3880 probasti.
1075 3807 1241 3864 Nunc
1291 3813 1526 3879 tempus
1579 3807 1758 3878 exigit
1794 3809 1862 3861 et.-

194 3899 426 3954 ortiozut
453 3911 594 3968 qua
612 3896 736 3953 sint
759 3896 988 3953 occulta
1014 3913 1258 3969 prorsus
1286 3901 1345 3952 et
1374 3896 1576 3969 ignota
1605 3896 1845 3952 studeas

191 3986 512 4044 enucleare.

781 4088 1016 4145 CAPUT
1053 4089 1226 4146 XXVI
1238 4131 1250 4143 .

187 4184 494 4252 nequer-ta
534 4182 724 4253 specie
742 4178 1076 4234 'divinomm
1090 4178 1459 4253 judiciorum,
1493 4194 1620 4250 quae
1647 4178 1840 4233 dicun-

837 4261 931 4306 tur
958 4251 1191 4307 occulta.

259 4372 415 4430 om;
449 4373 735 4432 Videntur
755 4375 953 4447 itaque
983 4375 1190 4431 merito
1220 4375 1410 4432 vocari
1443 4373 1546 4430 illa
1574 4374 1672 4430 Dei
1687 4373 1843 4445 judi-

192 4463 275 4519 cia
305 4461 539 4519 occulta
567 4479 717 4536 quis,
737 4469 805 4520 ut
834 4463 1105 4534 superius
1134 4463 1272 4535 dixi,
1309 4463 1487 4520 nullis
1518 4463 1843 4536 praeceden-

192 4551 373 4620 tibus;
405 4551 1026 4626 veisubsequentibus
1062 4553 1320 4624 indiciis,
1367 4570 1472 4608 cur
1522 4553 1676 4608 facta
1724 4552 1842 4608 sint

1958 3360 2086 3417 sine
2115 3361 2480 3417 discussione
2509 3369 2597 3418 est
2627 3363 2940 3434 prolatum,
2966 3381 3070 3418 cur
3101 3380 3215 3418 non
3247 3365 3306 3418 in
3341 3361 3600 3417 medium

1956 3449 2300 3522 prompsisti
2349 3451 2421 3505 ad
2478 3450 2963 3506 discutiendum?
3012 3452 3208 3506 Profer
3249 3449 3428 3522 igitur
3457 3449 3599 3520 quid

1955 3537 2052 3605 sit,
2083 3537 2132 3595 si
2163 3538 2406 3594 forsitan
2435 3543 2565 3595 ante
2612 3539 2920 3612 propositae
2968 3539 3310 3611 quaestionis
3359 3536 3598 3595 solutiov

1955 3643 2091 3683 nem
2121 3627 2266 3684 solvi
2299 3628 2504 3700 possit.

2533 3743 2767 3800 CAPUT
2807 3744 3024 3801 XXVII.

1955 3833 2073 3902 Qua
2098 3834 2313 3889 ratione
2335 3837 2386 3888 et
2416 3837 2543 3904 quot
2571 3833 2746 3890 modis
2774 3837 2961 3962 ρᾶἐιίττά
2990 3835 3087 3891 Dei
3113 3835 3364 3890 humana
3395 3835 3622 3892 merita-

2655 3922 2790 3962 exce
2891 3946 2903 3958 .

2655 3922 2903 3962 excedat.

2024 4021 2213 4076 Heinr.
2247 4021 2532 4092 Superius
2562 4020 2780 4093 itaque,
2813 4038 2948 4077 cum
2997 4023 3068 4076 de
3119 4021 3331 4077 divinis
3358 4020 3599 4092 judiciis

1953 4107 2241 4164 disserere
2273 4109 2520 4180 coepisti,
2549 4109 2657 4165 hoc
2687 4109 2864 4165 simul
2906 4110 3198 4183 protulisti
3230 4110 3367 4181 quia
3415 4111 3602 4183 gratia

1952 4197 2174 4252 scilicet
2201 4197 2622 4265 divina,omnia
2646 4200 2883 4255 excedat
2899 4199 3182 4255 virtutum
3207 4199 3599 4255 humanarum

1953 4287 2182 4342 merita.
2211 4287 2374 4350 Quod
2407 4289 2676 4358 quamvis
2705 4289 3031 4344 certissime
3061 4287 3496 4360 noverim,quia
3512 4293 3597 4343 ta-

1953 4391 2087 4430 men
2120 4375 2414 4431 interdum
2443 4377 2758 4432 tentatione
2779 4383 2837 4433 et
2857 4377 3126 4435 illusione
3147 4377 3431 4433 diabolica
3455 4378 3599 4433 adeo

1956 4465 2326 4537 constringor
2357 4471 2420 4520 ut
2453 4466 2693 4538 id,quod
2727 4471 2949 4522 certum
2973 4471 3029 4522 et
3052 4467 3430 4522 notissimum
3453 4465 3595 4520 mihi

1951 4554 2116 4626 prius
2165 4558 2308 4620 erat,
2337 4559 2476 4609 tunc
2508 4557 2600 4610 vix
2652 4572 2964 4628 agnoscere
3001 4555 3245 4624 valeam,
3278 4572 3499 4627 precor,
3535 4557 3600 4608 ut

195 4641 884 4711 monstranturﬁtﬂerbi
916 4641 1471 4714 gratia,immutatio
1504 4657 1840 4714 regnorum,
1872 4628 1919 4693 D
1950 4642 2150 4715 aliqua
2176 4642 2454 4698 doctrinae
2485 4645 2659 4699 verba
2688 4661 2721 4700 α
2752 4650 2808 4700 te
2840 4645 3042 4700 audire
3077 4660 3321 4713 merear,
3346 4659 3597 4714 quorum

199 4741 316 4801 qua!
345 4731 406 4786 in
443 4731 710 4788 Danieiis
732 4735 790 4787 et
817 4731 1042 4804 Regum
1075 4729 1223 4787 libro
1255 4731 1664 4803 multipliciter
1690 4730 1849 4787 facta;

196 4816 422 4892 legitur,
454 4824 512 4878 et
542 4822 874 4895 reprobatio
913 4821 1327 4893 quorumdam,
1359 4819 1530 4877 velut
1565 4821 1738 4891 Esau,
1771 4821 1841 4877 de

195 4921 312 4980 quo
352 4909 616 4968 divitiir:
650 4912 792 4968 Esau
838 4911 960 4967 odio
1007 4911 1178 4967 habui
1221 4912 1397 4983 (Rom.
1448 4911 1562 4980 ix);
1595 4915 1652 4966 et
1682 4909 1843 4966 illius

195 4995 276 5053 de
288 5011 406 5070 quo
427 5000 502 5055 in'
523 4998 841 5073 BVangelio
866 4999 1152 5072 scriptum
1174 5004 1264 5056 est
1282 5000 1423 5072 quia
1443 4999 1752 5056 accesserit
1767 5000 1840 5054 ad

192 5083 626 5154 immissus
657 5107 670 5144 :
702 5089 909 5162 Sequar
927 5097 981 5145 te
999 5104 1323 5160 quocunque
1340 5089 1838 5161 ieris(Matth.vui).

195 5173 679 5251 M'reprebatus
697 5182 800 5235 est
829 5195 864 5234 a
892 5177 1138 5234 Domino
1168 5177 1427 5234 dicente:
1447 5179 1639 5251 Vulpes
1657 5181 1842 5250 foveas

196 5262 401 5335 haben,
434 5270 487 5324 et
511 5269 756 5326 mitteres
777 5268 900 5324 creti
924 5267 1116 5330 nidos;
1149 5268 1326 5322 Fitius
1373 5272 1561 5323 autem
1600 5268 1844 5324 hominis

195 5368 299 5410 non
327 5356 510 5413 habet:
538 5357 637 5414 ubi
681 5361 841 5431 caput
888 5371 1047 5413 sum
1089 5357 1324 5414 reclinet
1352 5357 1559 5429 (Ibid.).
1595 5357 1759 5414 Sicut
1788 5359 1844 5412 et

194 5440 431 5501 illorum‘
455 5447 542 5503 de'
559 5448 775 5519 quibus
806 5447 878 5502 in
907 5446 1159 5502 Actibus!
1197 5446 1596 5518 apostolorum
1629 5445 1844 5518 legitur

198 5531 338 5602 quia!
357 5534 640 5607 prohibiti
688 5541 830 5593 sunt
874 5533 1121 5608 apostoli
1155 5535 1246 5591 eis
1269 5536 1452 5590 verba
1491 5533 1701 5590 salutis
1743 5534 1842 5589 de-

198 5623 472 5681 nuntiare:
510 5627 646 5698 (Aet.
680 5627 817 5698 xw).
849 5625 1039 5698 thue
1070 5628 1161 5680 est
1191 5623 1434 5695 perﬁdia
1481 5623 1841 5690 Judaaorum,

198 5715 496 5781 qui-tam
518 5715 884 5788 quotidiana-
912 5727 990 5772 ea
1008 5712 1302 5787 perientia
1323 5728 1501 5785 quam
1543 5711 1854 5787 Scriptura

1951 4731 2235 4787 memoria
2265 4732 2324 4786 in
2350 4736 2611 4804 tempore
2639 4733 2978 4788 tentationis
3009 4733 3315 4787 roboratus
3348 4731 3544 4786 minus
3566 4748 3599 4786 a

1949 4837 2085 4876 vera
2118 4821 2232 4875 fide
2265 4820 2588 4892 notitiaque
2619 4821 2906 4876 recedam.

2023 4908 2083 4963 0.
2103 4908 2442 4979 Exquiritur
2470 4914 2526 4965 et
2556 4909 2892 4981 agnoscitur
2915 4909 3122 4965 merito
3157 4911 3310 4965 unde
3331 4909 3601 4966 subsistit

1951 4997 2144 5054 omnis
2175 4997 2370 5054 homo.
2403 4997 2604 5052 Gratia
2633 5013 2887 5069 namque
2919 4998 3018 5053 Dei
3050 4999 3280 5054 cunctis
3309 5003 3399 5053 est
3420 5015 3600 5054 causa

1951 5085 2253 5142 manendi.
2295 5087 2450 5155 Quae,
2501 5085 2634 5142 licet
2681 5087 3051 5142 ineliabiliter
3105 5103 3275 5142 omne
3323 5087 3597 5143 meritum

1950 5176 2190 5231 excedat
2219 5174 2677 5246 humanum,sex
2707 5181 2904 5230 tamen
2929 5175 3116 5230 modis
3134 5176 3422 5247 praecipue
3441 5175 3596 5231 vide-

1951 5265 2369 5320 tnrexcedere.
2399 5265 2468 5320 Et
2497 5264 2686 5337 primo
2718 5265 2953 5336 quidem
2985 5264 3229 5332 excedit,
3251 5281 3382 5319 cum
3415 5263 3600 5319 homi-

1953 5370 2108 5421 nem,
2142 5353 2412 5427 originali
2446 5353 2620 5427 culpa
2659 5354 2822 5425 justo
2873 5353 2963 5409 Dei
3008 5353 3230 5424 judicio
3279 5353 3596 5424 inclusum,

1952 5444 2180 5514 absque
2204 5441 2341 5498 ullis
2373 5443 2833 5515 praecedentibus
2865 5443 3088 5497 meritis
3114 5458 3217 5514 per
3237 5443 3598 5515 baptismum

1953 5530 2226 5598 absolvit;
2261 5533 2680 5598 secundo,cum
2712 5531 2930 5586 homini
2955 5531 3232 5586 alimenta
3260 5530 3598 5586 innumera-

1951 5619 2092 5676 bilia
2121 5635 2190 5675 ex
2217 5619 2394 5676 variis
2426 5619 2716 5676 fructibus
2767 5619 3050 5691 producta
3101 5619 3308 5676 tribuit
3353 5620 3598 5692 ejusque

1953 5708 2215 5768 servituti
2247 5712 2463 5766 cuncta.
2483 5706 2740 5766 visibilis.
2768 5707 3036 5780 subjicit;
3070 5708 3262 5780 tertio,
3306 5724 3441 5765 cum
3491 5707 3594 5766 ho-
