4114 6184
479 348 556 409 95
1490 346 1832 409 OTHLONI
1880 343 2235 407 MONACHI
2284 344 2349 404 S.
2394 339 2884 403 EMMERAMMI
3806 341 3883 401 96

482 481 645 549 mini,
679 482 736 537 in
769 500 1117 555 quocunque
1147 484 1427 539 virtutum
1461 484 1717 557 profectu
1740 484 1949 555 posito,
1984 502 2125 555 quo-
2158 480 2211 546 Α
2242 478 2403 533 Certe
2430 477 2477 531 si
2511 494 2624 531 non
2676 476 2730 529 in
2773 473 3173 546 superioribus
3204 470 3541 529 didicissem
3573 470 3880 528 verborum

480 571 622 626 tidie
667 576 857 626 tamen
891 572 1105 627 labenti
1142 578 1195 627 et
1223 574 1515 628 conﬁtenti
1546 575 1771 629 veniam
1808 574 2122 645 promittit;

480 666 849 731 quarto,cum
875 663 1345 729 instrumenta,et
1367 664 1743 717 incitamenta
1770 679 2124 733 omnemque

478 750 840 805 occasionem
874 751 1018 805 bene
1051 753 1257 822 agendi
1294 760 1412 807 tam
1449 755 1648 823 ignaro
1682 770 1857 824 quam
1891 753 2121 807 conscio

479 838 703 892 homini
734 840 1009 894 salvando
1042 842 1301 911 providet
1333 847 1387 896 ct
1419 844 1704 914 disponit;
1738 845 1960 913 quinto,
1986 859 2119 896 cum

477 926 747 983 liberata
776 928 1041 999 pluribus
1076 932 1493 986 tentationibus
1544 938 1597 986 et
1647 932 1943 1003 periculis,
1994 949 2119 1001 qua:

476 1016 813 1073 nullatenus
845 1021 1175 1089 prmcaveri,
1208 1021 1293 1075 vel
1327 1022 1624 1092 preevideri
1677 1023 1748 1076 ab
1782 1020 2120 1076 hominibus

476 1112 750 1177 possunt;
786 1112 963 1178 sexto,
998 1126 1130 1163 cum
1166 1115 1282 1165 tam
1318 1128 1531 1181 magna
1558 1116 1613 1165 et
1652 1110 1949 1178 sublimia,
2006 1127 2115 1163 non

472 1194 665 1249 solum
699 1197 756 1250 in
791 1198 1005 1263 futuro,
1040 1200 1137 1253 sed
1173 1200 1346 1253 etiam
1381 1201 1437 1253 in
1472 1201 1579 1255 hoc
1606 1200 1816 1255 saeculo
1851 1202 2001 1254 dona
2032 1200 2116 1252 di-

474 1290 690 1355 gnatur
739 1286 958 1358 largiri,
1017 1305 1143 1359 qum
1196 1288 1527 1343 nullatenus
1578 1290 1799 1344 meritis
1843 1288 2120 1342 humanis

471 1374 703 1429 valeant
733 1378 1429 1447 compensari.Quomodo
1452 1378 1604 1433 enim
1630 1379 1763 1449 quis
1783 1378 1966 1448 possit
1988 1395 2117 1448 pro-

476 1465 685 1518 mereri
717 1464 879 1518 illam
930 1466 1211 1519 virtutum
1246 1466 1780 1538 miraeulorumque
1834 1467 2116 1538 operatio-

473 1569 629 1619 nem,
665 1570 779 1623 qua
813 1554 981 1607 multi
1015 1556 1096 1608 ita
1128 1559 1373 1610 utuntur
1416 1561 1478 1610 ut
1528 1556 1689 1624 CtDlO,
1725 1561 1912 1625 terris,
1948 1556 2115 1621 mari,

469 1640 702 1713 ipsique
734 1632 960 1698 inferno
992 1642 1277 1715 imperare
1312 1645 1665 1700 vidcantur?

546 1730 643 1785 llis
665 1730 843 1801 igitur
860 1748 959 1786 sex
978 1734 1166 1787 modis
1188 1733 1481 1804 colligitur
1503 1734 1640 1803 quia
1666 1738 2120 1805 quantacunque

2234 572 2471 621 tuorum
2506 566 2837 634 utilitatem,
2871 564 3203 620 verbatalia
3237 582 3336 634 pro
3368 562 3553 618 nihilo
3586 569 3882 634 computa-

2234 674 2376 711 rcm.
2417 657 2575 710 Unde
2608 673 2766 727 rogo,
2801 656 2993 726 proter
3021 655 3076 708 in
3112 654 3370 708 medium
3398 652 3538 723 quid
3574 654 3879 724 portendat

2232 746 2353 800 haec
2384 746 2802 799 circumventio
2834 744 3246 816 quaestionum,
3281 748 3343 797 ut
3376 743 3457 797 sic
3490 758 3601 812 me,
3635 741 3721 796 vel
3769 742 3877 798 sci-

2233 851 2311 903 re,
2346 835 2429 887 vel
2468 836 2689 889 nescire
2720 834 3072 904 interrogata
3100 835 3319 904 possim
3356 832 3659 903 conjicere.

2304 943 2618 1006 (LQuaestio
2650 942 2978 996 communis
2996 940 3205 1011 judicii
3229 940 3359 1011 plus
3382 921 3532 995 valet
3553 957 3730 1011 quam
3756 958 3881 1011 spe-

2230 1032 2587 1087 cialis.Unde
2619 1037 2674 1086 et
2702 1031 2929 1085 Nathan
2953 1030 3255 1101 propheta,
3284 1030 3462 1084 David
3487 1029 3557 1083 de
3579 1030 3877 1083 communi

2222 1122 2445 1191 judicio
2470 1120 3268 1191 interrogans,justiseimam
3294 1118 3630 1189 quaestionis
3647 1122 3875 1173 sentcn-

2230 1212 2370 1266 tiam
2404 1212 2577 1265 citius
2610 1213 2681 1265 ab
2714 1228 2778 1265 eo
2810 1211 3069 1273 extorsit,
3106 1214 3161 1263 et
3190 1209 3359 1280 quasi
3409 1209 3477 1263 ad
3525 1208 3631 1263 hoc
3685 1208 3879 1262 incan-

2229 1302 2407 1355 tando
2440 1302 2645 1371 coegit,
2683 1305 2743 1355 ut
2773 1317 2876 1355 nec
2909 1299 3016 1355 sibi
3053 1298 3365 1371 specialius
3398 1298 3719 1369 judicando
3753 1315 3880 1369 par-

2230 1395 2542 1457 ceret,cum
2568 1390 3123 1459 communisjudicii
3150 1390 3379 1443 decreta
3394 1387 3751 1458 protulisset.
3786 1386 3877 1441 Sic

2229 1484 2286 1534 et
2316 1496 2419 1549 ego
2453 1480 2700 1534 necdum
2734 1478 2861 1533 volo
2891 1479 3144 1549 pandere
3178 1477 3316 1547 quid
3359 1475 3686 1548 specialiter
3717 1475 3875 1531 desi-

2229 1574 2367 1639 gnet
2416 1568 2639 1639 prolata
2672 1568 2936 1638 quaestio,
2974 1574 3037 1620 ut
3068 1582 3133 1621 eo
3164 1566 3357 1621 verius
3406 1564 3675 1637 generale
3716 1564 3875 1634 judi-

2230 1658 2384 1711 cium
2419 1660 2676 1728 proferas
2699 1674 2813 1726 quo
2846 1656 2903 1710 in
2938 1673 3002 1710 eo
3026 1654 3170 1709 nihil
3205 1653 3456 1727 speciale
3485 1653 3677 1709 inesse
3701 1653 3874 1708 scias.

2304 1750 2363 1801 11.
2411 1746 2614 1800 Nescio
2672 1745 2719 1799 si
2768 1760 2969 1799 verum
3002 1762 3106 1815 par
3154 1744 3310 1807 huic,
3360 1747 3555 1797 tamen
3614 1743 3876 1813 exprime

470 1819 547 1920 εξίῖ
580 1819 762 1918 νξῐξῖυε
789 1820 1065 1920 διιφίλοίῆ
1099 1822 1157 1874 in
1189 1824 1620 1893 comparatione
1668 1830 1864 1878 tamen
1914 1823 2118 1878 (ἶίνίηδὶ
2153 1856 2201 1920 Β
2230 1836 2493 1890 verbum.
2526 1834 2770 1888 Videtur
2801 1850 3054 1903 namque
3086 1832 3227 1886 mihi
3260 1832 3474 1886 idcirco
3502 1831 3620 1886 fore
3642 1832 3875 1901 justum

472 1908 717 1979 justitiae
758 1914 814 1962 et
862 1910 1092 1979 pietatis
1140 1916 1383 1982 apparet
1416 1912 1827 1975 nulla.Nam,si
1852 1913 1991 1983 quid
2015 1913 2124 1967 erit

476 1996 734 2051 hominis
767 1998 970 2052 merito
1002 1999 1522 2067 tribuendum,non
1557 2002 1635 2057 ita
1665 2000 2124 2056 constatintelli-

478 2087 733 2157 gendum
768 2092 831 2141 ut
862 2104 963 2157 per
994 2105 1054 2143 se
1088 2090 1409 2160 quidquam
1442 2092 1627 2161 possit
1658 2092 1889 2155 mereri,
1924 2092 2023 2145 sed
2056 2108 2124 2145 ex

475 2174 574 2229 Dei
608 2176 795 2246 gratia
827 2177 1075 2242 evenire,
1112 2184 1176 2232 ut
1206 2180 1332 2249 ejus
1364 2180 1639 2234 meritum
1672 2180 1907 2251 aliquod
1939 2180 2125 2251 possit

473 2264 792 2319 esse.Sicut
833 2266 1143 2337 Apostolus
1194 2269 1335 2323 dicit
1368 2287 1379 2323 :
1416 2269 1559 2336 Quid
1607 2272 1757 2323 enim
1794 2269 1954 2323 habes
1985 2268 2124 2339 quod

471 2369 583 2408 non
632 2356 930 2425 accepisti?
960 2357 1006 2426 (ι
1052 2357 1169 2411 Cor.
1228 2360 1324 2425 iv.)
1376 2359 1623 2429 Ideoque
1682 2358 1879 2413 omnia
1928 2358 2124 2413 divina

473 2441 773 2513 beneﬁcia,
826 2461 940 2498 non
994 2462 1061 2499 ex
1109 2446 1331 2500 meritis
1392 2447 1688 2512 humanis,
1737 2448 1835 2501 sed
1896 2464 1963 2501 ex
2020 2445 2122 2501 Dei

476 2531 664 2602 gratia
694 2531 920 2587 evenire
952 2535 1241 2588 credenda
1262 2537 1706 2606 sunt,oninique
1738 2535 1961 2590 homini
1987 2552 2120 2590 cum

477 2619 754 2690 Apostolo
782 2621 1092 2677 dicendum
1124 2628 1210 2677 est
1246 2642 1257 2678 :
1290 2625 1481 2679 Gratia
1507 2627 1605 2679 Dei
1624 2642 1743 2679 sum
1767 2626 1820 2678 id
1843 2624 1983 2695 quod
2002 2642 2123 2678 sum

479 2707 527 2777 (I
552 2708 671 2762 Cor.
705 2711 819 2779 xv).

552 2798 694 2852 Ecce
747 2804 803 2853 et
850 2798 975 2865 hoc,
1012 2803 1167 2872 quod
1218 2804 1553 2873 nuperrime
1607 2803 1928 2874 quazrebas,
1965 2802 2123 2856 omni

477 2884 781 2941 devotione
810 2888 1300 2958 amplectendum.
1334 2892 1421 2945 Nil
1446 2893 1569 2961 jam
1604 2891 1735 2963 plus
1769 2892 2123 2962 qumras,do-

479 2990 583 3028 nec
614 2974 834 3046 aliquid
885 2994 1060 3048 super
1108 2980 1207 3033 diu
1256 2981 1583 3035 desiderata
1634 2980 1971 3052 quaestionis
2012 2984 2122 3033 tuae

480 3061 771 3119 solutione
802 3068 1185 3136 proferamus.

1040 3183 1275 3239 CAPUT
1315 3186 1566 3240 XXVIII.

485 3270 790 3325 Resolvitur
834 3274 1062 3341 quaestio
1110 3275 1175 3327 de
1220 3276 1521 3329 universali
1550 3277 1839 3330 hominum
1875 3276 2123 3344 interitu,

1002 3348 1179 3415 capite
1216 3348 1276 3399 Η
1310 3349 1610 3418 proposita.

559 3459 666 3513 Sed
716 3459 879 3530 prius
924 3478 1157 3517 oremus
1191 3467 1257 3517 ut
1288 3463 1394 3517 rite
1423 3462 1581 3533 loqui
1614 3462 1747 3517 hinc
1782 3478 2128 3517 mereamur.

484 3546 531 3603 Ο
562 3548 715 3602 Deus
746 3554 976 3620 wterne,
1009 3552 1177 3620 cujus
1209 3552 1298 3605 vis
1330 3559 1531 3622 regnat
1581 3554 1817 3623 ubique,
1863 3553 1936 3607 da
1988 3551 2131 3605 mihi

487 3636 558 3690 de
592 3640 753 3691 tanta
784 3654 843 3691 re
873 3639 1063 3693 dicere
1097 3640 1197 3708 nil,
1232 3641 1321 3694 nsi
1352 3645 1525 3694 recta.

561 3726 623 3778 II.
657 3726 884 3796 Impleat
912 3728 1175 3781 Dominus
1224 3744 1407 3782 omnes
1452 3730 1745 3796 petitiones
1790 3736 1911 3783 tua:
1959 3729 2129 3799 (Psal.

488 3815 627 3884 XIX).

563 3904 620 3958 0.
656 3902 957 3959 Certamen
990 3904 1285 3974 singulare
1315 3902 1651 3978 unquamne
1681 3907 1899 3977 vidisti,
1922 3906 2007 3962 vel
2031 3923 2131 3961 au-

490 3991 668 4047 disti?

563 4085 637 4134 Il.
673 4081 986 4152 Nunquam
1019 4082 1154 4150 vidi,
1190 4086 1289 4139 sed
1324 4085 1514 4139 audivi
1565 4090 1792 4140 tantum
1823 4091 1878 4139 et
1906 4084 2039 4156 legi,
2076 4085 2133 4137 in

491 4166 640 4223 libro
672 4169 895 4225 scilicet
926 4171 1285 4242 Regum,ubi
1318 4173 1491 4228 David
1526 4178 1581 4229 et
1611 4173 1839 4229 Goliath
1871 4190 2137 4245 congres-

493 4257 543 4312 si
576 4264 735 4313 sunt.

568 4348 627 4402 0.
661 4348 795 4404 Esto
827 4348 1061 4417 lectum,
1111 4350 1229 4406 sive
1278 4352 1567 4422 auditum,
1621 4352 1704 4406 vel
1750 4352 1969 4419 visum;
2022 4351 2135 4407 scis

494 4436 604 4492 hoc
631 4438 921 4508 judicium
953 4440 1117 4495 fore?
1147 4446 1218 4496 ΙΙ.
1252 4442 1401 4497 Scio.
1457 4446 1513 4495 0.
1568 4442 1633 4495 Et
1679 4458 1781 4495 cur
1832 4442 1908 4496 sit
1948 4445 2132 4497 statu-

492 4531 660 4582 tum?

2226 1924 2519 1995 judicium
2547 1928 2838 1979 certamen
2873 1922 3187 1995 singulare,
3250 1922 3387 1993 quia
3446 1923 3517 1976 ab
3568 1920 3877 1991 utriusque

2234 2014 2415 2085 partis
2447 2014 2811 2085 principibus
2835 2013 3225 2067 communiter
3246 2016 3334 2067 est
3361 2012 3656 2066 decretum
3680 2015 3736 2065 et
3757 2015 3876 2065 sta-

2233 2108 2451 2157 tutum.

2306 2193 2364 2247 0.
2392 2196 2561 2247 Recte
2592 2193 2765 2247 etiam
2795 2192 2903 2247 hoc
2936 2191 3247 2263 protulisti.
3283 2192 3466 2246 Omne
3497 2205 3749 2260 namque
3772 2190 3878 2260 ju-

2233 2282 2449 2336 dicium
2483 2283 2611 2337 ideo
2643 2287 2873 2336 constat
2895 2282 3125 2350 justum
3173 2281 3311 2352 quia
3355 2280 3745 2335 communiter
3791 2283 3879 2334 est

2233 2372 2529 2426 decretum
2547 2376 2602 2426 et
2620 2370 3119 2442 probatum.Unde
3134 2376 3221 2425 est
3240 2370 3381 2424 illud
3397 2368 3879 2440 probatissimum

2225 2460 2512 2530 judicium
2550 2478 2561 2513 :
2596 2460 2753 2529 Quod
2781 2460 2883 2514 tibi
2926 2476 3034 2513 non
3083 2462 3161 2515 vis
3219 2461 3361 2527 ﬁeri,
3402 2460 3561 2514 alteri
3589 2474 3656 2512 ne
3684 2459 3880 2528 feceris

2233 2550 2373 2620 (Tol).
2408 2550 2542 2619 xvx).
2581 2551 2693 2603 Hoc
2726 2549 2926 2619 igitur,
2956 2548 3095 2619 quia
3126 2549 3401 2603 omnibus
3432 2546 3732 2617 aaqualiter
3754 2561 3882 2616 pro-

2232 2640 2423 2709 spicit,
2458 2638 2756 2709 zequaliter
2782 2638 3003 2709 dividit,
3036 2639 3105 2692 ab
3138 2639 3410 2692 omnibus
3434 2638 3568 2707 jure
3598 2636 3881 2706 probatur

2225 2728 2576 2798 justumque
2606 2733 2863 2782 vocatur.
2898 2728 3214 2781 Videamus
3246 2744 3381 2797 ergo
3411 2732 3467 2780 et
3497 2741 3603 2779 nos
3635 2723 3773 2794 quid
3807 2724 3880 2778 de

2234 2816 2485 2888 singulis
2516 2817 2591 2871 sit
2621 2818 2968 2884 confectum,
3015 2821 3071 2871 et
3120 2816 3202 2871 sic
3250 2812 3875 2887 probemusjudicium

2235 2910 2480 2960 rectum.
2496 2906 2719 2961 Dictum
2745 2923 2999 2977 namque
3011 2910 3100 2961 est
3123 2906 3181 2960 in
3206 2905 3412 2977 primis
3428 2904 3567 2975 quia
3584 2907 3877 2958 certamen

2234 2994 2530 3066 singulare
2561 2996 2638 3051 sit
2661 2996 2984 3065 judicium;
3019 2996 3228 3051 deinde
3259 3011 3361 3049 cur
3390 2994 3543 3048 idem
3581 2991 3876 3063 judicium

2236 3086 2312 3139 sit
2343 3089 2628 3140 statutum
2663 3102 2763 3156 pro
2790 3086 3081 3157 aequitatis
3114 3084 3333 3140 scilicet
3362 3088 3525 3155 parte
3546 3081 3878 3137 discernen-

2238 3174 2341 3241 da;
2376 3175 2446 3228 ad
2478 3179 2801 3229 extremum
2832 3192 2987 3239 vero,
3012 3174 3306 3244 judicium
3346 3173 3539 3243 ipsum
3588 3171 3715 3225 ideo
3762 3170 3887 3225 fore

2230 3264 2630 3335 justum,quia
2650 3264 2947 3319 communi
2970 3270 3102 3319 voto
3132 3268 3221 3319 est
3243 3262 3648 3318 decretum.Ex
3670 3259 3886 3331 quibus

2242 3354 2517 3408 omnibus
2539 3353 2830 3424 colligitur
2846 3354 2983 3425 quia
2998 3370 3233 3408 necesse
3248 3356 3336 3407 est
3348 3348 3883 3421 justumjudicium

2245 3444 2556 3514 esse,quod
2590 3460 2692 3515 pro
2715 3444 3005 3514 aequitatis
3036 3446 3197 3513 parte
3226 3441 3611 3496 discernenda
3631 3454 3890 3493 commu-

2248 3533 2398 3587 niter
2429 3537 2517 3587 est
2546 3536 2852 3599 statutum,
2884 3532 2971 3586 vel
3003 3532 3321 3587 decretum.
3354 3530 3440 3583 Ad
3474 3528 3593 3582 haec
3624 3528 3796 3582 etiam
3841 3527 3892 3581 si

2246 3638 2417 3675 omne
2439 3622 2730 3691 judicium
2753 3621 2909 3691 juris
2939 3625 3028 3675 est
3054 3619 3668 3689 judicium,certamen
3694 3620 3890 3670 autem

2251 3711 2546 3781 singulare
2585 3728 2685 3781 pro
2711 3711 2865 3780 juris
2912 3709 3125 3764 indicio
3188 3708 3397 3781 agitur.
3459 3710 3690 3761 Justum
3751 3720 3888 3776 ergo

2249 3799 2357 3853 erit
2404 3799 2695 3869 judicium
2758 3798 2815 3851 in
2875 3798 3192 3853 certamine
3248 3794 3534 3868 singulari
3575 3797 3886 3849 statutum.

2246 3888 2591 3957 Hujusmodi
2624 3892 2818 3942 autem
2847 3886 3139 3959 judicium
3172 3886 3231 3940 in
3263 3884 3576 3941 certamine
3602 3882 3887 3954 singulari

2244 3993 2582 4048 expressum
2616 3977 2742 4031 ideo
2777 3976 3011 4048 protuli,
3044 3976 3181 4047 quia
3212 3978 3623 4047 argumentum
3657 3972 3889 4028 videtur

2239 4067 2445 4140 judicii
2478 4066 2635 4121 illius
2656 4083 2783 4121 esse
2808 4067 2961 4137 quod
2987 4066 3200 4120 factum
3223 4070 3311 4119 est
3332 4063 3391 4117 in
3412 4062 3598 4134 primo
3621 4065 3883 4133 parente.

2314 4174 2418 4229 Hic
2450 4174 2767 4239 enim,cum
2801 4176 2869 4229 ad
2908 4173 3220 4243 imaginem
3248 4171 3345 4226 Dei
3368 4170 3635 4225 conditus
3656 4172 3811 4223 esset
3831 4172 3890 4224 et

2245 4264 2506 4319 omnium
2530 4264 2815 4317 virtutum
2840 4267 3137 4317 armatura
3153 4262 3396 4315 indutus
3416 4260 3592 4314 totius
3613 4257 3887 4313 humana:

2244 4354 2605 4425 posteritatis
2640 4370 2849 4425 parens
2882 4354 3026 4406 foret
3057 4342 3525 4423 prazdestinatus,
3551 4347 3771 4403 electus
3801 4351 3887 4402 est

2245 4443 2419 4498 etiam
2452 4461 2553 4513 pro
2586 4442 2850 4498 omnium
2882 4441 3187 4495 hominum
3248 4445 3409 4511 parte
3469 4438 3540 4493 ad
3594 4439 3886 4492 certamen

2246 4531 2631 4603 singulare,ut
2652 4532 2709 4585 in
2738 4531 2837 4585 illo
2861 4547 2975 4585 uno
2998 4535 3119 4584 tam
3140 4527 3582 4598 validotamque
3605 4524 3890 4597 prudente

567 4619 629 4671 Η.
668 4618 737 4672 Ut
764 4618 1032 4688 arbitror,
1085 4624 1141 4674 et
1192 4620 1300 4675 hoc
1342 4620 1501 4675 haud
1547 4620 1767 4691 ignoro.
1804 4620 1910 4675 Pro
1959 4620 2133 4675 dissi-
2166 4601 2213 4666 D
2244 4601 2436 4675 omnis
2470 4621 2749 4675 fortitudo
2780 4625 2835 4674 et
2865 4618 3177 4691 prudentia
3215 4617 3560 4689 probaretur
3602 4615 3885 4669 humana.

494 4709 759 4763 dentium
819 4726 1071 4781 namque
1122 4710 1371 4780 partium
1421 4709 1689 4780 aequitate
1731 4709 2130 4776 discernenda,

494 4798 659 4869 quasi
694 4800 987 4869 quoddam
1016 4816 1255 4854 examen
1286 4800 1659 4854 verissimum
1711 4803 1799 4853 est
1850 4804 2131 4853 statutum

492 4891 560 4941 ut
590 4887 820 4943 duobus
848 4888 1219 4957 singulariter
1250 4888 1739 4958 concertantibus,
1774 4888 1871 4959 qui
1912 4889 2132 4955 vicerit,

492 4992 695 5031 omnes
728 4993 847 5030 suae
879 4976 1059 5047 partis
1090 4976 1357 5047 victores,
1410 4977 1507 5047 qui
1558 4982 1751 5031 autem
1797 4978 1985 5032 victus
2017 4980 2132 5033 fue-

491 5063 567 5118 rit
596 5081 713 5119 suae
747 5081 949 5119 omnes
984 5064 1198 5135 pariter
1229 5066 1408 5119 victos
1441 5066 1726 5121 ostendat.

566 5152 625 5208 0.
662 5152 830 5206 Recte
862 5153 1094 5222 quidem
1130 5170 1305 5224 super
1354 5154 1461 5208 hoc
1504 5156 1821 5211 existimas.
1858 5158 1965 5211 Sed
1999 5174 2131 5212 cum

491 5241 594 5306 ita,
628 5244 692 5293 ut
721 5240 1041 5305 arbitraris,
1074 5257 1176 5310 pro
1199 5241 1421 5311 judicio
1455 5248 1508 5297 et
1537 5244 1798 5300 examine
1821 5246 1983 5314 justo
2016 5250 2132 5302 sta-

491 5336 685 5386 tutum
718 5336 773 5383 et
803 5330 1098 5385 inventum
1134 5330 1227 5401 sit,
1261 5331 1353 5385 dic
1383 5335 1577 5401 etiam,
1605 5336 1981 5405 qumso,unde
1999 5354 2129 5408 pro-

494 5420 618 5474 bari
648 5418 836 5491 possit
858 5419 1195 5488 hujusmodi
1219 5421 1511 5491 judicium
1536 5424 1767 5492 justum
1787 5426 2129 5489 csse?Quod

493 5509 648 5563 enim
679 5508 893 5562 dicitur
917 5510 1168 5579 justum,
1202 5528 1307 5566 cur
1337 5512 1413 5567 sit
1444 5514 1666 5583 justum
1699 5512 1876 5569 simul
1924 5519 2013 5569 est
2042 5516 2129 5573 di-

493 5599 763 5655 cendum.

561 5691 623 5746 Η.
658 5688 863 5745 Nescio
895 5689 1035 5761 quid
1067 5691 1274 5761 dicam,
1296 5690 1434 5761 quia
1460 5691 1619 5748 verbi
1650 5692 1843 5750 nescio
1865 5709 2124 5754 causam.

2241 4710 2657 4765 Verumtamen
2690 4710 2827 4780 quia
2858 4710 3113 4780 primum
3146 4707 3248 4763 Dei
3281 4702 3887 4771 mandatum,diabolo

2243 4801 2544 4870 suadente,
2581 4799 2949 4871 contempsit,
2983 4800 3054 4854 ad
3088 4797 3341 4870 primam
3373 4794 3711 4852 certaminis
3744 4810 3885 4848 con-

2243 4889 2605 4962 gressionem
2637 4890 2823 4944 victus
2850 4888 3077 4959 cecidit,
3109 4888 3310 4959 sicque
3341 4886 3399 4941 in
3422 4885 3520 4941 illo
3553 4901 3669 4939 uno
3692 4881 3886 4939 omnis

2221 4979 2447 5040 .merito
2480 4979 2683 5051 lapsus
2713 4984 2801 5034 est
2828 4980 3030 5047 homo;
3065 4982 3238 5048 atque
3269 4975 3411 5031 satis
3442 4974 3752 5045 probatum
3796 4975 3889 5028 est

2242 5070 2301 5123 in
2321 5086 2384 5124 eo
2409 5086 2641 5123 omnem
2664 5069 2936 5123 humanae
2964 5066 3201 5137 justitize
3227 5062 3887 5137 praesumptionem,Deo

2242 5174 2638 5229 congressam,
2697 5155 2843 5211 nihil
2892 5172 3036 5225 esse,
3086 5154 3231 5210 nihil
3280 5154 3487 5211 valere.
3522 5154 3639 5209 Hoc
3689 5156 3892 5208 autem

2243 5248 2370 5303 ideo
2394 5249 2623 5318 justum
2658 5247 3087 5318 probatumque
3115 5261 3243 5301 esse
3274 5246 3422 5315 dico,
3456 5243 3593 5315 quia
3633 5242 3693 5297 in
3724 5242 3893 5297 omni

2241 5335 2526 5408 singulari
2561 5334 2875 5392 certamine
2898 5336 3131 5405 justum
3162 5335 3461 5407 probatur,
3486 5337 3551 5388 ut
3580 5332 3681 5404 qui
3711 5332 3893 5387 fuerit

2239 5428 2428 5482 victus
2461 5442 2664 5482 omnes
2694 5443 2813 5482 suae
2844 5425 3026 5497 partis
3056 5425 3324 5482 ostendat
3353 5422 3531 5479 simul
3561 5423 3763 5477 victos.

2312 5520 2374 5572 Η.
2408 5520 2452 5571 Ο
2499 5534 2676 5587 quam
2736 5516 3044 5571 robustum
3090 5515 3525 5585 argumentum,
3572 5528 3678 5584 per
3726 5512 3889 5583 quod

2238 5611 2467 5664 tantum
2501 5608 2780 5679 probatur
2805 5604 3127 5677 judicium!
3160 5601 3405 5658 Videtur
3433 5618 3688 5674 namque
3737 5599 3887 5658 mihi

2237 5697 2393 5754 idem
2416 5696 2708 5768 judicium
2730 5700 2849 5755 tam
2880 5711 3082 5753 verum
3114 5696 3179 5751 ut
3206 5711 3240 5751 a
3269 5692 3496 5753 cunctis
3518 5690 3890 5766 sapientibus
