4118 6188
231 331 319 391 97
1218 320 1525 383 DIALOG.
1572 320 1676 382 DE
1718 322 2003 387 TRlBUS
2050 325 2676 398 QUAESTIONIBUS.
3576 344 3655 409 98

240 455 481 533 probari
511 452 703 545 possit
723 453 980 545 justum,
1004 455 1059 507 et
1078 454 1200 545 tam
1222 452 1435 509 subtile
1455 456 1521 508 ut
1542 454 1667 525 ejus
1688 453 1898 545 intima
1927 465 1976 531 Α
2011 458 2087 513 ad
2116 458 2417 532 imaginem
2444 474 2495 521 et
2522 467 2944 526 similitudinem
2972 476 3218 528 nostram
3248 476 3403 543 (Gen.
3437 478 3501 545 ι),
3533 494 3659 534 om-

238 548 342 603 vix
370 544 589 618 aliquis
615 542 807 599 valeat
836 541 1069 598 sentire.
1103 542 1205 597 Dic
1235 547 1451 611 tamen,
1477 560 1692 615 quaso,
1727 542 1775 598 si
1801 544 1897 613 ju-

240 637 471 692 dicium
501 634 724 706 ipsum,
757 631 913 703 quod
942 632 1001 686 in
1034 637 1273 702 parente
1317 630 1505 703 primo
1537 632 1755 687 factum
1788 635 1900 697 est,

241 723 570 799 singularis
587 720 926 778 certaminis
944 719 1218 792 exprimit
1240 725 1464 793 typum,
1481 721 1614 793 quis
1637 739 1907 795 congres-

242 833 345 873 sor
373 820 466 870 est
494 811 672 884 ejus?
704 811 957 882 denique
988 814 1283 867 certamen
1314 809 1543 865 nullum
1575 809 1729 867 valet
1775 828 1904 868 esse

242 922 353 979 per
379 918 592 959 unum.

321 995 383 1050 0.
420 993 777 1063 Congressor
805 989 1005 1063 igitur,
1046 988 1135 1044 vel
1191 993 1570 1057 concertator,
1604 989 1742 1057 sive,
1778 995 1841 1044 ut
1871 1008 1905 1046 a

246 1083 609 1156 quibusdam
640 1080 756 1136 dici
787 1078 961 1163 solet,
989 1079 1381 1144 adversarius,
1413 1080 1484 1134 de
1510 1096 1624 1150 quo
1656 1079 1902 1134 interro-

247 1190 383 1247 gas,
415 1172 758 1228 mandatum
793 1168 1020 1224 Domini
1053 1166 1419 1240 intelligitur.
1454 1168 1617 1232 Quod
1650 1167 1777 1223 ideo
1809 1168 1908 1222 ud-

250 1262 503 1319 versarii
530 1259 761 1315 nomine
782 1257 1150 1329 exprimitur,
1172 1257 1313 1329 quia
1333 1257 1492 1312 omni
1517 1257 1744 1329 negotio
1776 1273 1904 1329 per-

249 1365 451 1414 verso,
485 1347 635 1420 quod
675 1347 851 1401 homo
884 1345 1103 1414 studet,
1134 1344 1495 1402 adversatur.
1530 1343 1693 1400 Unde
1744 1349 1797 1400 et
1845 1344 1905 1399 in

255 1436 573 1510 Evangelio
603 1435 885 1491 Dominus
916 1434 1058 1490 dicit
1086 1451 1099 1489 :
1131 1437 1255 1489 Esto
1284 1436 1623 1489 consentiens
1653 1433 1908 1489 adversa-

257 1530 349 1585 rio
378 1532 472 1583 tuo
502 1528 629 1592 cito,
657 1525 789 1579 dum
818 1540 873 1580 es
910 1525 971 1579 in
1000 1525 1092 1579 via
1122 1539 1245 1578 cum
1272 1540 1333 1579 eo
1362 1524 1580 1595 (Matth.
1613 1524 1689 1595 v).

330 1617 504 1672 Porro
525 1616 576 1672 si
599 1615 835 1670 dubitas
852 1613 990 1685 quia
1006 1613 1377 1669 adversarius
1399 1612 1505 1668 hoc
1524 1613 1581 1668 in
1598 1611 1724 1668 loco
1748 1629 1908 1667 man-

258 1706 460 1761 datum
484 1703 719 1760 Domini
744 1704 953 1758 debeat
980 1701 1246 1774 intelligi,
1270 1701 1395 1775 lege
1427 1707 1659 1758 sanctos
1682 1702 1907 1773 exposi-

258 1800 434 1862 tores,
461 1798 520 1849 et
549 1793 633 1848 ita
661 1792 866 1865 procul
899 1791 1075 1846 dubio
1106 1790 1385 1846 invenies.
1418 1794 1562 1846 Cum
1593 1806 1729 1862 ergo
1760 1791 1909 1845 duos

262 1887 711 1952 concertatores,
723 1881 813 1937 vel
835 1880 1198 1937 adversarios
1219 1879 1460 1947 habeas,
1475 1897 1578 1951 pro
1602 1879 1715 1935 utri
1728 1896 1912 1951 usque

261 1973 464 2046 partis,
497 1972 556 2027 id
609 1976 699 2027 est
745 1970 847 2025 Dei
896 1973 951 2025 et
994 1968 1272 2040 hominis,
1306 1969 1577 2041 aequitate
1615 1968 1912 2040 singulare

267 2067 560 2118 certamen
592 2061 889 2128 ineuntes,
912 2074 1236 2131 unumque,
1261 2061 1361 2130 qui
1396 2075 1498 2130 pro
1527 2062 1727 2114 nostra
1752 2048 1913 2129 parte

266 2152 503 2210 certavit
534 2151 610 2207 ab
640 2149 843 2216 altero,
877 2149 932 2204 id
966 2152 1054 2204 est
1083 2149 1363 2204 mandato
1393 2147 1647 2216 Domini,
1672 2163 1911 2218 persua-

266 2242 491 2297 sionem
509 2238 564 2295 di
574 2237 866 2295 abolicam
882 2236 1096 2293 victum
1117 2236 1343 2301 audias,
1358 2252 1550 2291 nonne
1567 2239 1732 2307 potes
1748 2232 1915 2289 intel-

265 2331 447 2404 ligere
468 2327 726 2401 qualiter
753 2327 813 2382 in
842 2343 957 2381 uno
982 2326 1219 2381 homine
1242 2325 1391 2380 victo
1410 2340 1624 2379 omnes
1646 2323 1916 2378 homines

265 2420 483 2475 merito
512 2418 689 2474 etiam
721 2432 926 2472 omnes
959 2415 1252 2471 sustinent
1284 2431 1515 2487 pmnam
1546 2411 1813 2485 peccati?

347 2510 410 2563 Η.
450 2507 626 2563 Plane
666 2508 794 2577 jam
842 2503 1125 2577 intelligo,
1179 2504 1278 2560 sed
1328 2504 1556 2559 fateor:
1616 2501 1753 2573 quia
1805 2500 1918 2556 nisi

270 2597 665 2672 praemisisses
694 2599 1040 2668 argumenta
1068 2597 1125 2649 et
1153 2592 1571 2649 similitudines
1602 2591 1816 2663 quibus
1847 2590 1919 2645 ad

266 2688 424 2743 hanc
443 2683 895 2756 intelligentiam
919 2682 1261 2753 attraherer,
1288 2697 1589 2754 nunquam
1620 2679 1916 2735 sentirem.

265 2777 340 2845 Ο,
372 2780 594 2848 quanta
622 2779 679 2830 et
710 2772 899 2846 qualis
947 2772 1047 2828 Dei
1078 2771 1284 2845 gratia,
1320 2788 1447 2842 quae
1498 2769 1603 2824 tibi
1656 2771 1820 2823 tanta
1865 2770 1923 2821 et

266 2864 413 2922 talia
439 2862 745 2937 inspiravit
767 2864 1138 2927 documenta,
1157 2860 1371 2933 quibus
1394 2877 1487 2914 me
1509 2857 1866 2932 pedetentim
1890 2872 1924 2910 a

263 2953 606 3011 minoribus
663 2953 733 3008 ad
794 2954 1019 3023 majora
1072 2950 1424 3015 attraheres,
1483 2963 1791 3021 quousque
1848 2946 1920 3001 ad

268 3059 516 3101 summa
535 3040 789 3099 scientiae
811 3041 1018 3097 divinae
1041 3056 1253 3096 arcana
1278 3035 1653 3112 perduceret?!
1678 3036 1923 3092 Summa

261 3132 429 3189 enim
462 3131 609 3187 mihi
636 3130 869 3186 videtur
897 3130 1150 3202 cognitio
1181 3128 1522 3201 qumstionis
1558 3130 1727 3182 tantae
1761 3123 1918 3180 solu-

290 3222 302 3231 .
952 3221 962 3230 .
1088 3220 1098 3230 .
1188 3218 1261 3229 ..
1610 3216 1620 3227 .
1869 3214 1882 3226 .
1967 3217 1991 3243 ,
2652 3214 3055 3229 νη.ν-.μη.

260 3220 606 3331 ξὶοζηῗῖῗῗῗ-
629 3224 1303 3331 ῗῗέίῗὶθξξῗ¹ῗῗ.,¹ἒῗῖίὲἶῗ
1331 3218 1741 3331 ῗῖἶῗῗῗῖἶῗξῖῗ
1762 3231 1919 3331 Eis
1951 3225 1993 3284 ⁸
2033 3254 2265 3331 (taedio
2286 3273 2421 3331 num
2445 3256 2661 3314 homini
2683 3269 2931 3331 suppetat
2952 3265 3189 3331 facultas
3208 3282 3269 3321 su

262 3308 608 3365 instillabas
630 3309 853 3364 dudum
884 3307 987 3363 illa
1008 3306 1310 3363 Dominica
1331 3308 1506 3362 verba
1531 3325 1543 3362 :
1579 3304 1727 3373 Quod
1754 3306 1920 3375 facio,

261 3408 329 3456 tu
360 3400 541 3455 nescis
570 3398 724 3454 modo
742 3414 763 3460 ;
792 3399 931 3454 scies
959 3406 1144 3453 autem
1170 3405 1357 3469 postea
1386 3397 1562 3467 (Joan.
1596 3394 1741 3466 xm).

874 3514 1109 3569 CAPUT
1148 3514 1334 3569 XXIX.

264 3601 669 3676 [impediuntur
690 3604 920 3674 reliqua,
942 3618 1068 3676 quae
1091 3603 1164 3658 ad
1191 3603 1554 3674 quaestionem
1575 3605 1926 3675 praemissam

644 3676 858 3747 penitus
889 3674 1298 3730 dissolvendam
1323 3677 1556 3745 faciunt.

350 3792 494 3849 0thl.
528 3791 698 3859 Quid,
724 3792 773 3847 si
804 3791 994 3847 adhuc
1015 3791 1076 3847 in
1104 3791 1282 3862 hujus
1303 3791 1579 3864 mysterio
1599 3791 1809 3862 judicii
1843 3791 1924 3847 la-

272 3888 397 3938 teat
429 3882 649 3937 mirum
680 3880 910 3951 aliquod
946 3882 1100 3953 quod
1134 3881 1371 3954 ignoras
1391 3880 1418 3934 ‘I

348 3972 413 4026 Η.
448 3971 634 4035 Quare
664 3971 775 4026 hoc
807 3971 1033 4042 objicis,
1059 3987 1193 4026 cum
1225 3962 1509 4026 etiam'nil
1542 3987 1635 4026 me
1662 3971 1930 4026 videatur

275 4060 451 4126 scire,
482 4065 798 4133 postquam
852 4064 1083 4116 tantum
1135 4059 1480 4132 mysterium
1529 4059 1773 4133 contigit
1823 4077 1927 4116 au-

275 4149 456 4205 dire?

354 4238 417 4294 0.
452 4239 597 4295 Illud
620 4240 875 4311 denique
896 4239 953 4294 in
978 4239 1087 4295 hoc
1108 4237 1393 4312 singulari
1411 4240 1728 4295 certamine
1750 4242 1931 4295 restat

278 4328 482 4383 adhuc
510 4329 877 4400 pensandum
910 4329 1008 4400 qui
1042 4329 1161 4383 sint
1190 4329 1499 4400 utriusque
1536 4329 1720 4400 partis
1768 4329 1928 4401 prin-

276 4417 467 4490 cipes,
500 4418 579 4474 vel
615 4420 852 4491 judices
882 4418 1266 4490 intelligendi,
1299 4437 1332 4474 a
1379 4417 1595 4489 quibus
1634 4418 1927 4488 judicium

275 4506 401 4562 tale
429 4508 683 4579 potuerit
725 4507 1004 4564 decerni?
1052 4506 1311 4581 alioquin
1368 4524 1485 4562 non
1534 4512 1623 4562 est
1670 4508 1930 4579 undique

276 4597 594 4668 probatum
625 4597 886 4669 praedicti
929 4597 1258 4669 argumenti
1289 4596 1640 4668 exemplum.

350 4687 415 4742 H.
451 4688 716 4752 Quzestor
746 4686 981 4743 subtilis
1034 4687 1106 4741 ad
1160 4685 1346 4741 multa
1398 4687 1656 4742 notanda
1692 4686 1925 4742 videris.

280 4775 419 4831 Mihi
472 4792 733 4848 namque
777 4776 1116 4832 sufficerent
1144 4775 1468 4847 prtemissa,
1502 4775 1624 4842 sed,
1658 4777 1796 4846 quia
1822 4774 1929 4829 tibi

284 4864 451 4921 aliter
478 4865 691 4939 placet,
726 4866 930 4921 audire
959 4865 1245 4936 quidquid
1289 4864 1480 4919 adhuc
1532 4864 1667 4920 inde
1715 4862 1931 4920 dixeris

284 4952 444 5011 libet.

356 5045 417 5100 0.
448 5045 767 5118 Utriusque
788 5062 923 5118 ergo
954 5045 1138 5118 partis
1162 5044 1414 5113 judices,
1438 5042 1526 5099 vel
1560 5043 1875 5115 principes,
1899 5059 1933 5098 a

280 5135 498 5206 quibus
515 5136 855 5191 certaminis
878 5134 1181 5191 memorati
1202 5133 1489 5204 judicium
1507 5138 1596 5188 est
1618 5136 1930 5199 statutum,

278 5222 583 5281 Trinitatis
614 5242 859 5281 summae
891 5241 1151 5297 personae
1183 5226 1323 5278 sunt
1351 5222 1761 5295 intelligendas.
1786 5223 1933 5286 Qua-

284 5330 415 5370 rum
436 5316 613 5370 etiam
637 5314 1048 5370 communione
1071 5317 1127 5369 et
1150 5312 1560 5382 unanimitate,
1582 5328 1706 5383 quae
1730 5310 1932 5381 utique

285 5403 352 5459 de
372 5404 667 5460 universis
689 5404 993 5476 judicibus
1017 5402 1200 5475 justis
1222 5402 1514 5458 credenda
1535 5405 1644 5471 est,
1666 5399 1833 5471 quasi
1864 5416 1933 5454 ex

282 5492 530 5562 unitate,
553 5493 693 5565 quia
717 5493 773 5548 in
800 5494 1085 5549 Trinitate
1110 5508 1345 5548 summa
1368 5489 1635 5546 consistit
1658 5490 1854 5545 unitas
1876 5494 1934 5545 et

276 5581 333 5637 in
359 5583 593 5638 unitate
624 5598 860 5638 summa
882 5581 1159 5653 Trinitas,
1186 5580 1359 5652 primi
1395 5579 1655 5634 hominis
1679 5579 1931 5634 conditio

272 5672 512 5748 provisa
541 5675 634 5732 est
662 5674 719 5729 et
748 5672 998 5746 decreta,
1022 5670 1268 5729 dicendo
1300 5687 1313 5728 :
1343 5670 1630 5727 Faciamus
1660 5670 1934 5728 hominem

2012 547 2226 621 niaque
2250 555 2628 623 providentur
2652 562 2708 611 et
2735 558 3285 619 decernuntur.Haac
3313 565 3551 637 quidem
3575 568 3646 625 de

2013 638 2322 712 utriusque
2353 645 2536 714 partis
2569 646 2934 719 principibus
2964 650 3041 706 sit
3072 652 3244 709 dicta.

2086 729 2231 791 Quid
2282 737 2477 788 autem
2530 735 2599 789 de
2648 742 3107 794 concertatorum
3156 743 3435 813 qualitate
3467 747 3658 805 dicere

2015 817 2216 886 debeo,
2244 836 2375 875 cum
2403 839 2605 879 eorum
2628 827 2881 898 cognitio
2910 827 2987 882 sit
3016 828 3073 883 in
3108 837 3305 902 aperto
3324 834 3352 888 ?
3384 840 3461 891 De
3484 838 3663 894 unius

2015 924 2289 980 namque,
2323 911 2380 966 id
2409 918 2519 981 est,
2556 915 2816 970 mandati
2849 917 3027 973 divini
3058 922 3318 990 potentia
3347 928 3403 979 et
3432 925 3662 983 fortitu-

2015 994 2149 1051 dine
2171 998 2355 1054 Isaias
2387 1002 2669 1074 propheta
2693 1021 2761 1058 ex
2792 1007 3017 1061 Domini
3040 1025 3290 1079 persona
3312 1012 3485 1068 dicit:
3521 1016 3664 1083 Quo-

2013 1085 2169 1141 modo
2197 1087 2472 1144 descendit
2516 1093 2691 1147 imbcr
2739 1101 2789 1148 et
2835 1098 2938 1150 nia:
2974 1098 3039 1151 de
3066 1099 3220 1167 caelo,
3252 1108 3304 1154 et
3348 1102 3484 1157 illuc
3512 1105 3664 1161 ultra

2017 1189 2125 1227 non
2155 1178 2468 1247 revertitur,
2502 1184 2634 1248 etc.,
2677 1200 2882 1253 usque,
2914 1186 2995 1241 sic
3043 1188 3145 1241 erit
3192 1190 3414 1245 verbum
3461 1209 3661 1265 meum,

2016 1263 2157 1333 quod
2185 1267 2500 1335 egredietur
2550 1270 2620 1325 de
2670 1287 2760 1326 ore
2806 1289 2939 1327 mea.
2973 1280 3095 1332 Non
3125 1282 3421 1335 revertetur
3468 1283 3543 1337 ad
3577 1263 3665 1340 me

2016 1368 2248 1407 vacuum
2268 1374 2291 1419 ,-
2318 1356 2410 1411 sed
2428 1359 2595 1428 faciet
2613 1376 2950 1433 quaecunque
2980 1366 3149 1433 volui,
3172 1376 3223 1423 et
3252 1372 3665 1441 prosperabitur

2018 1442 2077 1495 in
2107 1442 2191 1497 his
2222 1443 2290 1497 ad
2320 1462 2441 1515 qua:
2470 1449 2605 1503 misi
2634 1450 2777 1504 illud
2806 1454 2953 1521 (Isai.
2989 1455 3099 1523 Lv).

2090 1530 2345 1588 Verbum
2380 1539 2574 1591 autem
2608 1543 2663 1593 et
2694 1541 3037 1597 mandatum
3072 1543 3129 1598 in
3170 1546 3469 1618 Scriptura
3500 1567 3667 1608 sacra

2020 1619 2338 1691 saepissime
2360 1640 2463 1694 pro
2485 1642 2599 1684 uno
2616 1644 2786 1683 sensu
2811 1630 3070 1700 positum
3092 1632 3274 1690 fuisse
3290 1636 3518 1693 nullum
3538 1657 3668 1697 reor

2020 1707 2340 1765 litteratum
2365 1713 2653 1771 dubitare.
2677 1717 2782 1771 Sed
2812 1718 2860 1772 si
2884 1720 3016 1789 quis
3042 1721 3184 1777 forte
3207 1724 3455 1794 dubitat,
3477 1744 3666 1784 exem-

2021 1797 2129 1890 pla
2150 1816 2182 1853 a
2214 1800 2383 1856 beato
2404 1802 2627 1859 Joanne
2654 1806 2808 1861 dicta
2838 1808 3055 1863 audiat.
3086 1811 3231 1873 Dicit
3259 1814 3413 1869 enim
3448 1817 3507 1871 in
3528 1818 3663 1890 Epi-

2022 1885 2172 1941 stola
2204 1904 2311 1943 sua
2345 1907 2357 1945 :
2393 1891 2495 1958 Qui
2524 1892 2660 1979 dicit
2687 1910 2742 1948 se
2766 1911 2922 1950 nosse
2953 1898 3143 1966 Deum,
3173 1909 3223 1955 et
3249 1905 3518 1959 mandata
3548 1885 3666 1978 eius

2020 1992 2135 2030 non
2166 1981 2420 2046 custodit,
2450 1982 2686 2036 mendax
2713 1992 2808 2039 est.
2845 1986 2950 2053 Qui
2986 1996 3167 2043 antem
3211 2001 3392 2047 servat
3438 1994 3665 2051 verbum

2021 2065 2156 2135 ejus,
2186 2083 2309 2123 vere
2353 2069 2409 2122 in
2460 2085 2522 2124 eo
2569 2070 2818 2127 charitas
2864 2076 2964 2129 Dei
3003 2080 3247 2149 perfecta
3294 2084 3390 2136 est.
3423 2082 3490 2138 Et
3520 2058 3669 2156 ipost

2023 2171 2255 2246 pauca:
2311 2158 2646 2227 Mandatum,
2682 2160 2893 2234 inquit,
2926 2168 3076 2220 vetus
3123 2177 3201 2223 est
3248 2171 3478 2227 verbum
3527 2174 3669 2246 quod

2025 2245 2265 2301 audistis
2298 2248 2349 2317 (Ι
2375 2252 2537 2304 Joan.
2573 2253 2655 2318 ιι).
2679 2251 2820 2307 Ecce
2845 2255 3186 2312 mandatum
3214 2263 3271 2313 et
3294 2245 3543 2317 verbum,
3564 2280 3668 2336 pro

2026 2350 2144 2389 una
2175 2336 2495 2409 eademque
2526 2356 2586 2393 re
2618 2342 2873 2410 positum
2906 2344 3184 2417 probatur
3208 2348 3363 2419 quod
3395 2350 3452 2404 in
3485 2351 3667 2408 vicem

2029 2427 2444 2483 concertatoris
2475 2446 2543 2484 ex
2574 2436 2735 2501 parte
2769 2432 2867 2486 Dei
2898 2433 3239 2504 eligebatur.

2101 2514 2255 2569 Alter
2279 2533 2433 2583 vero,
2469 2519 2568 2589 qui
2610 2536 2677 2573 ex
2707 2526 2907 2576 nostra
2935 2521 3153 2579 electus
3187 2525 3296 2579 fuit
3325 2532 3505 2598 parte,
3538 2528 3676 2587 licet

2030 2618 2209 2672 supra
2227 2619 2567 2675 expressum
2591 2606 2667 2661 sit
2688 2608 2878 2679 qualis
2902 2610 3094 2679 fuerit,
3119 2614 3451 2671 addendum
3475 2621 3563 2673 est
3584 2624 3671 2675 ta-

2032 2707 2163 2745 men
2196 2692 2289 2747 hic
2320 2693 2560 2766 aliquid.
2600 2696 2750 2752 Dicit
2792 2716 3046 2771 namque
3076 2701 3376 2775 Scriptura
3407 2722 3573 2763 sacra
3602 2708 3673 2764 de

2030 2796 2095 2835 eo
2121 2796 2134 2834 :
2168 2785 2308 2837 Deus
2328 2788 2533 2839 creavit
2553 2785 2617 2841 de
2640 2790 2796 2843 terra
2819 2789 3116 2857 hominem,
3138 2800 3192 2846 et
3216 2794 3515 2850 secundum
3538 2798 3678 2852 ima-

2028 2872 2223 2941 ginem
2251 2888 2407 2927 suam
2436 2876 2565 2945 fecit
2595 2876 2776 2947 iitum,
2809 2881 2862 2931 et
2897 2879 3096 2933 iterum
3126 2884 3391 2939 convertit
3420 2885 3583 2940 illum
3614 2888 3674 2942 in

2030 2962 2208 3030 ipsam
2237 2960 2387 3031 [cod.
2421 2961 2587 3018 Cruc.
2622 2964 2763 3037 ipsa]
2794 2974 2846 3022 et
2872 2967 3171 3024 secundum
3210 2987 3267 3026 se
3310 2974 3529 3029 vestivit
3560 2975 3673 3029 vir-

2030 3050 2146 3104 tute
2173 3048 2365 3120 (Eccti.
2398 3053 2555 3123 xvn).

2649 3170 2874 3226 CAPUT
2911 3171 3055 3229 XXX

3272 3268 3505 3341 perandi
3523 3271 3676 3341 dif/i-

2102 3326 2357 3381 cultatem
2382 3328 2512 3384 bene
2535 3326 2823 3401 agendi-ct
2853 3326 3113 3403 quo-modo
3142 3337 3242 3391 illa
3262 3326 3601 3396 obtineatur:

2103 3442 2289 3496 Heinr.
2315 3443 2395 3497 De
2425 3442 2518 3498 his
2549 3444 2852 3515 inopinata
2872 3451 2927 3501 et
2958 3453 3159 3518 aperta
3189 3450 3410 3505 ratione
3441 3452 3673 3509 satisfa-

2034 3532 2191 3584 ctum
2217 3530 2362 3585 mihi
2385 3547 2514 3587 esse
2540 3533 2771 3589 videtur
2792 3535 3074 3607 undique.
3098 3538 3348 3594 Proinde
3377 3557 3572 3611 quaeso
3593 3548 3678 3608 ut,

2036 3620 2174 3689 quia
2200 3619 2374 3675 homo
2404 3620 2569 3676 liberi
2603 3623 2830 3678 arbitrii
2858 3625 3243 3698 omniumque
3270 3628 3555 3685 virtutum
3584 3647 3681 3687 ex-

2034 3706 2300 3764 cellentia
2328 3709 2410 3764 ita
2439 3711 2718 3791 praeditus
2749 3712 2862 3767 fuit
2892 3718 2976 3781 ut,
3009 3714 3059 3769 si
3093 3721 3378 3789 pracspto
3409 3719 3510 3774 Dei
3541 3719 3681 3776 obc-

2035 3796 2186 3852 diret
2210 3798 2408 3852 omnia
2437 3799 2590 3855 bona
2619 3799 2745 3856 sine
2767 3802 3115 3859 difﬁcultate
3146 3812 3381 3876 posset;
3417 3809 3518 3863 sed
3541 3825 3680 3881 sug-

2035 3890 2298 3958 gestione
2354 3887 2710 3944 fraudulenti
2770 3890 2954 3947 hostis
3022 3893 3360 3951 inobediens
3416 3897 3679 3966 effectus,

2038 3975 2235 4031 omnia
2266 3975 2504 4048 quidem
2539 3978 2694 4034 mala
2724 3980 2908 4047 facile,
2942 3982 3095 4037 bona
3123 3988 3321 4039 autem
3355 3984 3475 4041 ulla
3522 3987 3682 4042 difﬁ-

2037 4063 2145 4121 cile
2175 4064 2420 4132 obtinet,
2454 4066 2504 4121 si
2556 4084 2671 4138 qua
2711 4069 2959 4125 facultas
2990 4070 3042 4125 ei
3073 4072 3150 4127 sit
3182 4073 3362 4130 tantis
3393 4074 3567 4131 malis
3596 4093 3689 4132 re-

2038 4152 2245 4209 sistere
2275 4158 2332 4209 et
2362 4155 2515 4211 bona
2547 4156 2665 4212 ulla
2697 4158 2863 4214 facile
2893 4162 3232 4230 promereri,
3266 4164 3510 4235 pandas.
3537 4168 3687 4232 Que-

2040 4242 2292 4298 rimonia
2336 4243 2535 4315 itaque
2584 4246 2841 4302 maxima
2898 4254 2989 4304 est
3045 4249 3290 4322 dignum
3348 4270 3463 4309 non
3512 4271 3685 4327 posse

2042 4346 2342 4404 resurgere
2392 4338 2523 4403 post
2569 4334 2802 4406 lapsum
2850 4342 2907 4392 et
2953 4339 3107 4408 quod
3149 4356 3289 4395 casu
3324 4342 3504 4399 semel
3535 4344 3687 4400 male

2040 4420 2305 4491 contigit,
2338 4420 2387 4476 si
2421 4439 2534 4476 non
2568 4422 2626 4476 in
2658 4422 2870 4480 melius
2901 4427 3157 4497 reparari
3189 4430 3396 4499 possit.

2113 4509 2169 4564 0.
2207 4509 2482 4572 Quamvis
2513 4511 2634 4566 haec
2664 4513 2956 4569 sententia
3002 4514 3060 4568 in
3114 4516 3317 4572 multis
3362 4519 3687 4589 reperiatur

1960 4587 2006 4651 D
2037 4596 2225 4664 libris,
2258 4597 2395 4667 quia
2436 4603 2633 4655 tamen
2686 4618 2720 4656 a
2766 4618 2859 4656 me
2906 4602 3110 4673 exigis,
3143 4587 3444 4672 eamdem,
3466 4607 3687 4678 quibus

2038 4702 2303 4758 possum,
2328 4687 2646 4757 explanabo
2667 4689 2878 4744 verbis.
2904 4689 3065 4743 Sicut
3084 4690 3265 4762 igitur
3288 4693 3360 4747 ad
3384 4693 3484 4748 Dei
3504 4699 3561 4749 et
3582 4695 3687 4750 ho-

2042 4775 2218 4831 minis
2248 4776 2587 4831 distantiam
2634 4776 3045 4831 declarandam
3087 4781 3309 4849 judicio
3349 4783 3688 4853 justissimo

2040 4864 2312 4937 apparuit
2335 4864 2634 4933 delictum,
2661 4867 2744 4919 ita
2770 4865 2886 4920 Deo
2911 4866 3131 4937 placuit
3160 4873 3226 4925 ut
3247 4869 3566 4929 immensas
3588 4875 3689 4929 bo-

2042 4952 2245 5008 nitatis
2266 4969 2381 5008 sum
2400 4952 2633 5008 divitias
2655 4953 2714 5007 in
2733 4953 3133 5028 delinquentis
3154 4957 3412 5017 hominis
3429 4963 3692 5019 ostende-

2043 5046 2128 5097 ret
2160 5042 2435 5108 remedio,
2460 5042 2633 5112 juxta
2661 5041 2806 5097 illud
2838 5044 3097 5116 Apostoli
3132 5063 3145 5102 :
3192 5050 3307 5105 Lex
3333 5050 3687 5122 subintravit,

2042 5135 2101 5185 ut
2123 5131 2426 5187 abundaret
2446 5130 2707 5186 delictum
2723 5151 2747 5197 ;
2765 5134 2863 5188 ubi
2882 5137 3067 5189 autem
3084 5137 3387 5194 abundavit
3407 5141 3688 5207 delictum,

2038 5221 2500 5291 superabundavit
2529 5224 2733 5290 gratia,
2766 5231 2845 5290 ut,
2873 5225 3013 5279 sicut
3042 5228 3293 5296 regnavit
3319 5236 3598 5299 peccatum
3629 5230 3690 5283 in

2040 5319 2285 5381 mortem,
2322 5313 2402 5366 ita
2448 5314 2498 5366 et
2538 5312 2720 5380 gratia
2749 5312 2845 5367 Dei
2874 5318 3059 5383 regnet
3084 5331 3184 5386 per
3204 5316 3483 5386 justitiam
3514 5320 3573 5373 in
3604 5320 3659 5373 vi
3678 5350 3690 5361 ο

2040 5405 2155 5455 tam
2182 5404 2453 5457 .‘eternam
2484 5404 2660 5471 (Rom.
2696 5402 2771 5472 v).

2113 5489 2309 5561 Neque
2330 5489 2487 5545 enim
2517 5489 2607 5548 vel
2631 5490 2868 5562 agnosci
2901 5496 3099 5563 posset
3123 5493 3333 5564 gratia,
3357 5493 3470 5550 nisi
3498 5495 3699 5567 aliqua

2041 5579 2168 5649 ejus
2201 5579 2590 5651 praecederent
2622 5579 2872 5648 indicia;
2908 5579 3189 5637 indicium
3224 5584 3363 5656 [cod.
3399 5585 3568 5640 Cruc.
3594 5587 3692 5656 ju-

2043 5668 2193 5726 dicia
2219 5685 2232 5739 ;
2258 5668 2575 5742 judicium]
2624 5684 2758 5733 vero
2789 5669 2986 5743 gratim
3018 5675 3108 5728 est
3136 5670 3424 5731 districtio
3454 5672 3601 5747 legis
3633 5676 3709 5733 et.
