4114 6184
509 294 587 354 99
1517 288 1861 350 0THLONI
1906 287 2260 349 MONACHI
2309 292 2370 349 S.
2398 286 2909 350 EMMERAMMI

3800 283 3922 361 100

506 423 742 493 iustitiae
774 422 926 477 sicut
954 436 1135 492 supra
1164 418 1515 475 multimoda
1558 422 1861 474 ostensum
1913 421 2001 474 est
2052 435 2143 473 ra-
2171 421 2228 487 Α
2256 418 2478 474 diendi.
2513 418 2787 491 Alioquin
2819 418 2870 475 si
2903 417 3098 483 homo,
3123 417 3526 472 conversuset
3552 413 3612 469 in
3642 413 3916 488 Deigra-

593 530 686 566 ne.

593 530 628 566 n
675 553 686 565 .

506 516 971 663 tinfiamobrem
998 597 1132 654 licet
1152 596 1494 669 protoplasti
1516 595 1910 651 inobedientia
1931 611 2157 650 merue-

504 690 579 744 rit
627 693 692 743 ut
739 688 931 742 omnis
978 687 1068 742 via
1112 687 1392 741 virtutum
1426 686 1536 741 iter
1569 685 1781 739 habeat
1809 689 2153 756 angustum,

505 782 726 847 tamen,
760 776 899 848 quia
929 777 1129 831 eadem
1163 776 1309 830 ratio
1339 774 1505 829 liberi
1540 774 1783 845 arbitrii,
1814 779 1871 829 et
1901 774 2153 845 cognitio

505 866 643 921 boni
674 870 845 936 atque
874 864 1035 929 mali,
1062 880 1166 918 nec
1193 881 1309 919 non
1333 879 1465 935 spes
1490 862 1670 917 veniae
1696 863 2009 929 remansit;
2035 878 2156 917 om-

504 954 740 1009 nimodo
772 952 1156 1008 adnitendum
1189 957 1278 1007 est
1308 951 1629 1006 intentione
1658 957 1742 1019 ut,
1778 968 1892 1005 non
1924 967 2013 1015 eo,
2038 966 2154 1021 quo

505 1042 727 1098 facilior
757 1047 813 1097 et
842 1041 1015 1097 latior
1043 1040 1338 1107 vitiorum,
1366 1041 1465 1095 sed
1498 1056 1612 1110 quo
1644 1038 1939 1095 difﬁcilior
1966 1042 2023 1093 et
2052 1055 2155 1093 an-

502 1131 727 1203 gustior
748 1148 958 1186 cursus
981 1135 1070 1185 est
1096 1129 1400 1198 virtutum,
1426 1135 1819 1197 transeamus,
1843 1133 2155 1200 pensantes

504 1221 642 1293 quia
673 1236 844 1276 omne
876 1219 1059 1275 latum
1093 1219 1378 1290 facileque
1420 1218 1532 1273 cito
1564 1218 1810 1283 vilescit,
1843 1222 1899 1273 et
1929 1217 2152 1289 appeti-

504 1315 657 1366 tores
681 1326 818 1365 suos
839 1307 1072 1379 fragiles
1094 1307 1572 1379 negligentesque
1591 1306 1813 1374 reddit;
1836 1311 2151 1377 angustum

501 1415 636 1453 vero
659 1415 724 1453 ac
742 1396 1100 1452 laboriosum
1126 1413 1316 1463 omne,
1334 1412 1449 1466 quo
1474 1398 1815 1466 penetratur
1831 1393 2154 1459 difficilius,

504 1505 570 1543 eo
594 1488 657 1541 fit
677 1486 902 1557 gratius
927 1488 1359 1556 sectatoresque
1387 1501 1525 1539 suos
1558 1488 1759 1540 cautos
1790 1488 1846 1539 et
1874 1482 2155 1538 sollicitos

503 1576 699 1632 efficit.

575 1664 799 1730 Quibus
849 1662 1153 1734 diligenter
1195 1661 1600 1731 consideratis,
1635 1660 1827 1716 omnis
1870 1660 2151 1716 virtutum

504 1752 1015 1824 adipiscendarum
1045 1749 1377 1813 difﬁcultas,
1403 1768 1519 1805 non
1542 1749 1730 1805 solum
1757 1753 1913 1805 arcta
1943 1754 1998 1804 et
2030 1766 2152 1820 pa:-

504 1800 654 1896 nalis
685 1841 756 1895 ob
788 1840 1120 1912 praedictam
1153 1800 1498 1909 protOplasti
1536 1800 2150 1905 inobedientiamfsed
2185 1800 2230 1864 B

503 1930 677 1985 etiam
696 1928 1023 1984 necessaria
1044 1932 1359 1999 prorsus,et
1375 1927 1535 1982 utilis
1554 1927 2154 1994 invenietur,immen-

503 2035 686 2090 saque
708 2018 807 2072 Dei
839 2016 1128 2088 sapientia
1148 2016 1352 2071 exinde
1380 2022 1499 2071 tam
1524 2017 1794 2072 miranda
1816 2034 1992 2087 quam
2024 2016 2149 2071 lau-

504 2108 697 2162 danda
728 2106 1090 2177 probabitur.
1126 2106 1259 2169 Quae
1294 2106 1447 2159 dona
1479 2122 1584 2159 sua
1620 2110 1674 2159 ct
1718 2105 1997 2161 beneficia
2027 2104 2150 2161 efﬁ-

502 2198 581 2251 cit
610 2195 693 2250 sic
724 2194 977 2267 pretiosa
1007 2199 1065 2248 et
1097 2199 1264 2267 grata
1306 2199 1371 2248 ut
1402 2199 1597 2249 tamen
1631 2193 1792 2249 nulla
1823 2194 1957 2265 [cod.
1994 2194 2149 2249 Crue.

502 2284 672 2353 nulli]
706 2284 1011 2339 videantur
1039 2283 1179 2337 vilia
1208 2282 1295 2337 vel
1327 2283 1577 2354 ingrata.

571 2396 703 2446 Haec
734 2390 912 2462 igitur
941 2390 1271 2460 attendens,
1304 2405 1539 2443 omnem
1572 2388 1719 2443 bene
1751 2388 1959 2459 agendi
1992 2387 2149 2441 difﬁ-

506 2480 785 2536 cultatem
853 2495 981 2534 esse
1049 2477 1467 2542 necessariam,
1538 2478 1735 2547 itaque
1800 2477 2148 2548 dispositam

502 2584 805 2640 cognosce,
832 2571 896 2621 ut
925 2583 1026 2638 per
1056 2566 1216 2621 illam
1249 2566 1526 2636 probetur
1556 2582 1670 2637 quo
1703 2566 1834 2636 quis
1864 2566 1935 2621 ad
1963 2566 2148 2621 Deum

503 2658 738 2713 accedat
769 2657 959 2725 corde,
984 2660 1116 2711 voto
1150 2655 1591 2726 perseverantiae
1618 2673 1689 2709 an
1717 2654 2145 2710 inconstantiae.

501 2748 647 2802 Nam
678 2745 1042 2811 inconstans,
1074 2743 1534 2799 conversationis
1576 2744 1971 2814 sanclze}viam
2002 2761 2146 2799 cun-

502 2836 610 2891 ctis
644 2851 788 2906 pene
820 2834 1043 2889 noviter
1087 2832 1381 2888 conversis
1433 2832 1732 2888 difficilem
1782 2833 2045 2888 initiatus
2093 2836 2151 2888 et

502 2923 959 2979 conversationis
980 2923 1245 2991 ejusdem
1273 2938 1511 2976 cursum
1536 2923 1950 2992 provectiorem
1982 2921 2147 2976 initio

504 3013 625 3068 fieri
656 3012 929 3067 leviorem
962 3011 1205 3073 minime
1236 3010 1577 3074 arbitratus,
1612 3011 1725 3065 cito
1772 3011 1828 3065 in
1881 3010 2146 3081 inemptis

502 3100 785 3167 lassescit,
820 3100 890 3154 ad
922 3104 1176 3170 tempus,
1211 3103 1275 3153 ut
1322 3099 1605 3169 scriptum
1657 3102 1763 3167 est,
1799 3100 2059 3165 credens,
2093 3103 2148 3154 et

2268 507 2350 562 tia
2397 509 2697 563 conﬁdens
2726 524 3100 579 nequaquam
3132 505 3290 560 vitiis
3324 503 3611 576 potuisset
3660 518 3726 560 eo
3778 504 3910 560 nisu

2264 596 2535 653 resistere
2557 613 2672 668 quo
2699 595 3177 651 eisdem‘deditus
3204 594 3510 650 studuerat
3529 593 3787 661 obedire,
3810 610 3917 650 nec

2264 683 2430 740 liberi
2461 684 2689 741 arbitrii
2722 701 2826 740 nec
2858 683 3040 739 ullius
3071 699 3311 755 compos
3343 687 3498 739 esset
3528 681 3741 737 meriti.

2856 799 3089 854 CAPUT
3134 798 3319 854 XXXI.

2265 890 2402 957 Quid
2430 891 2500 945 sit
2529 888 2768 946 hominis
2798 890 3078 944 meritum.
3114 889 3281 943 Homo
3313 894 3389 942 tot
3418 886 3594 943 modis
3634 887 3763 943 bene
3810 904 3914 959 po-

2655 966 2757 1016 test
2792 976 2958 1030 agere
2996 967 3121 1031 quot
3151 959 3324 1015 modis
3352 960 3516 1015 male.

2333 1058 2607 1114 Meritum
2633 1063 2831 1113 autem
2853 1057 3112 1114 hominis
3138 1058 3245 1113 hoc
3268 1073 3395 1114 esse
3417 1073 3576 1112 reor:
3601 1058 3821 1124 si,.cum
3849 1057 3916 1114 li-

2263 1149 2461 1203 beram
2493 1146 2764 1202 habuerit
2795 1145 3130 1202 facultatem
3161 1145 3311 1201 male
3342 1145 3551 1217 agendi
3582 1144 3669 1201 vel
3692 1145 3917 1218 cogita-

2261 1236 2541 1303 tionibus,
2566 1235 2651 1291 vel
2683 1236 2898 1302 verbis,
2929 1234 3016 1290 vel
3049 1235 3243 1304 factis,
3273 1251 3377 1308 pro
3408 1233 3509 1290 Dei
3538 1233 3913 1291 solummodo

2264 1341 2481 1391 amore,
2514 1329 2617 1380 aut
2645 1324 2855 1380 timore
2886 1322 3066 1378 stulta
3096 1324 3327 1395 frangat
3353 1328 3504 1395 vota,
3538 1328 3603 1378 ut
3630 1327 3916 1395 sequatur

2265 1412 2524 1469 meliora.
2542 1413 2647 1477 Qui
2672 1414 2828 1469 enim
2852 1413 2978 1468 ideo
3001 1411 3157 1467 mala
3176 1412 3410 1480 devitat,
3427 1412 3568 1483 quia
3586 1412 3774 1469 facere
3797 1429 3911 1471 non

2267 1502 2553 1573 prmvalet,
2588 1503 2669 1557 nil
2713 1519 2782 1558 ex
2828 1502 2937 1557 hoc
2988 1501 3169 1558 bravii
3202 1500 3411 1557 mereri
3442 1502 3768 1559 credendus
3798 1506 3909 1560 est.

2264 1590 2428 1647 Unde
2459 1593 2530 1646 de
2570 1608 2922 1663 unoquoque
2952 1590 3189 1646 homine
3220 1591 3373 1647 bona
3404 1590 3513 1646 rite
3544 1596 3914 1661 promerente

2256 1679 2479 1735 dicitur
2510 1698 2522 1735 :
2575 1682 2680 1749 Qui
2704 1682 2885 1752 potuit
2914 1679 3240 1750 transgredi,
3273 1682 3323 1735 et
3352 1696 3465 1735 non
3493 1684 3569 1735 est
3599 1688 3915 1751 transgres—

2263 1785 2354 1824 sus
2374 1786 2395 1830 ;
2419 1771 2602 1841 facere
2620 1771 2791 1840 mala,
2812 1778 2864 1825 et
2889 1785 2997 1825 non
3016 1771 3143 1840 fecit
3159 1785 3179 1831 ,°
3205 1769 3323 1825 ideo
3344 1769 3603 1826 stabilita
3626 1778 3752 1826 sunt
3771 1770 3914 1826 bona

2261 1858 2417 1913 illius
2448 1860 2509 1913 in
2535 1860 2761 1913 Domino
2801 1858 2986 1930 (Eccli.
3018 1861 3197 1926 xxx1).

2332 1946 2477 2002 Cum
2509 1963 2644 2019 ergo
2674 1946 2866 2003 omnis
2895 1947 3081 2002 virtus
3112 1962 3401 2018 omneque
3441 1947 3717 2003 meritum
3761 1948 3913 2005 bene

2262 2036 2471 2107 agendi
2504 2036 2773 2108 pendeat,
2810 2041 2873 2091 ut
2918 2036 3142 2092 dictum
3173 2040 3284 2106 est,
3316 2052 3385 2091 ex
3430 2035 3703 2093 facultate
3755 2037 3909 2093 male

2261 2125 2492 2196 agendi,
2508 2124 2687 2181 claret
2707 2125 2944 2180 omnino
2969 2124 3107 2196 quia
3124 2129 3266 2196 quot
3287 2124 3477 2180 modis
3496 2124 3909 2198 unusquisque

2261 2218 2451 2284 potest
2476 2213 2626 2269 male
2652 2230 2820 2286 agere
2840 2218 2925 2269 tot
2947 2230 3178 2286 quoque
3203 2213 3482 2285 possibile
3501 2214 3731 2271 sibiest
3757 2215 3907 2275 bene

2260 2318 2449 2374 agere.
2472 2302 2641 2370 Nam,
2664 2302 2821 2357 verbi
2854 2304 3069 2374 gratia,
3089 2302 3139 2357 si
3168 2301 3479 2358 vicinalem
3512 2302 3905 2359 substantiam

2258 2392 2516 2447 retinens
2538 2391 2925 2448 histrionibus
2944 2391 3193 2463 aliisque
3215 2388 3594 2448 saecularibus
3618 2391 3755 2447 viris
3776 2408 3905 2448 eam

2256 2480 2416 2537 vales
2446 2483 2791 2553 expendere,
2823 2485 2987 2553 potes
3036 2485 3094 2537 et
3140 2480 3351 2536 Christi
3383 2481 3740 2553 pauperibus
3777 2497 3905 2536 ero-

2258 2587 2413 2643 gare.
2438 2571 2581 2625 Item
2615 2569 2662 2625 si
2694 2569 2848 2625 vales
2882 2570 3247 2637 maledicere,
3272 2574 3476 2642 potens
3497 2586 3559 2625 es
3586 2574 3647 2625 et
3666 2570 3909 2625 benedi-

2259 2674 2406 2714 cere.
2430 2658 2484 2713 Si
2509 2664 2703 2713 autem
2728 2659 3003 2729 pracisus
3024 2675 3086 2714 es
3109 2658 3329 2731 lingua,
3352 2663 3418 2713 ut
3442 2659 3603 2731 loqui
3623 2675 3912 2731 nequeas,

2258 2747 2413 2804 mala
2459 2765 2564 2803 nec
2611 2749 2783 2804 bona.
2818 2747 3100 2803 Similiter
3129 2747 3177 2803 si
3209 2748 3335 2802 visu
3370 2748 3645 2819 cuiquam
3698 2764 3910 2805 nocere

2258 2836 2496 2909 poteris,
2530 2842 2697 2909 potes
2748 2842 2804 2893 et
2855 2839 3151 2908 prodesse.
3185 2836 3246 2893 Si
3276 2854 3410 2893 vero
3436 2838 3522 2909 ita
3554 2838 3793 2894 orbatus
3842 2854 3908 2894 es

2257 2925 2443 2981 oculis
2467 2930 2530 2981 ut
2552 2943 2663 2981 non
2688 2926 2881 2998 possis
2902 2942 3138 2998 peccare
3160 2926 3311 2993 visu,
3331 2925 3624 2998 impotens
3645 2942 3705 2983 es
3727 2926 3908 2982 etiam

2256 3016 2503 3070 videndo
2553 3016 2706 3070 bona
2754 3014 2951 3085 aliqua
2990 3020 3345 3088 perpetrare.
3378 3016 3594 3071 Eodem
3627 3016 3829 3085 modo,
3854 3015 3906 3071 si

2258 3122 2400 3160 sano
2432 3121 2668 3175 corpore
2700 3104 2878 3160 uteris
2929 3106 3001 3159 ad
3052 3103 3337 3177 explenda
3368 3104 3658 3161 desideria
3688 3103 3903 3172 carnis,

502 3191 560 3245 in
583 3196 844 3260 tempore
866 3188 1203 3243 tentationis
1226 3189 1499 3243 recedens
1522 3190 1670 3259 (Luc.
1694 3191 1837 3255 vni).
1862 3191 2146 3244 Constans
2179 3168 2221 3233 (ἶ
2260 3193 2515 3248 maxima
2562 3192 2739 3249 simul
2788 3193 2996 3249 exinde
3024 3193 3182 3250 vales
3212 3194 3450 3266 prazmia
3479 3193 3833 3265 promereri,.
3853 3192 3907 3249 si

501 3284 695 3334 autem
726 3277 989 3332 ordinem
1022 3293 1215 3331 rerum
1249 3276 1626 3332 considerans
1659 3277 1738 3331 ita
1769 3294 1801 3331 a
1831 3277 1945 3331 Deo
1977 3276 2144 3331 insti-

499 3372 688 3422 tutum
713 3371 779 3420 ut
808 3366 1000 3421 omnis
1028 3371 1148 3420 tam
1183 3365 1502 3437 spiritualis
1531 3382 1707 3436 quam
1741 3365 1991 3421 carnalis
2018 3366 2144 3421 vitae

497 3454 812 3527 disciplina
859 3453 1134 3508 inchoata
1176 3453 1413 3525 quidem
1447 3454 1523 3508 sit
1553 3470 1752 3508 amara
1781 3458 1838 3508 et
1865 3453 2144 3520 difficilis,

498 3561 774 3617 processu
826 3560 956 3599 vero
1003 3544 1288 3615 temporis
1343 3544 1586 3614 ipsoque
1626 3560 1733 3597 usu
1779 3544 2015 3598 suavior
2047 3543 2146 3598 ﬁat

499 3638 674 3703 atque
706 3632 926 3687 facilior
947 3633 1120 3701 juxta
1151 3630 1296 3685 illud
1330 3648 1341 3685 :
1396 3632 1581 3685 Labor
1608 3630 1916 3701 improbus
1948 3632 2146 3685 omnia

500 3722 698 3788 vincit,
731 3722 879 3776 dura
908 3724 966 3775 et
995 3736 1203 3790 aspera
1234 3719 1485 3773 sustinet
1521 3736 1653 3773 cum
1696 3719 1973 3790 patientia
2021 3736 2141 3775 cre-

503 3812 670 3880 dens,
721 3810 879 3880 quia,
926 3808 1096 3878 juxta
1136 3807 1559 3862 Psalmistam:
1616 3808 1722 3875 Qui
1765 3810 2039 3863 seminant
2084 3809 2145 3863 in~

502 3900 782 3970 lacrymis,
815 3900 875 3953 in
904 3898 1270 3951 exsultatione
1294 3902 1498 3951 metent
1525 3898 1700 3963 (Psal.
1734 3898 1936 3967 cxxv);
1986 3913 2142 3952 reco-

499 3987 626 4042 lens
666 3987 841 4041 etiam
884 3985 1030 4040 illud
1078 3984 1463 4056 apostolicum
1498 4002 1510 4039 :
1563 3985 1726 4040 Nemo
1772 3987 2141 4052 coronabitur,

496 4074 608 4127 nisi
636 4074 733 4143 qui
767 4070 1012 4143 legitime
1041 4074 1328 4127 certaverit
1361 4073 1433 4143 (II
1462 4072 1594 4126 Tim.
1630 4073 1712 4144 Ii).

567 4179 808 4233 Initium
839 4183 1036 4234 autem
1065 4178 1323 4250 legitime
1354 4179 1614 4233 certandi
1653 4179 1792 4233 vitia
1835 4180 2011 4235 timor
2056 4183 2144 4235 est

496 4267 746 4323 Domini.
782 4267 888 4333 Qui
927 4284 1061 4323 cum
1097 4272 1351 4323 mentem
1383 4268 1726 4339 possederit,
1763 4268 1833 4323 ab
1867 4268 2025 4323 omni
2059 4268 2140 4323 vi-

495 4356 713 4411 tiorum
740 4357 1071 4428 captivitate
1100 4356 1308 4412 liberat
1336 4361 1392 4412 et
1421 4357 1478 4411 in
1512 4356 1728 4411 amoris
1761 4357 1943 4411 divini
1974 4356 2143 4413 liber-

496 4448 675 4501 tatem
699 4445 963 4502 collocat.
989 4447 1068 4501 Ex
1097 4463 1211 4517 quo
1234 4447 1360 4518 jam
1392 4447 1538 4501 bene
1566 4446 1771 4518 agendi
1806 4445 2138 4501 facultatem

2255 3281 2477 3337 eisdem
2508 3282 2815 3337 desideriis
2866 3299 2968 3354 pro
3002 3283 3098 3337 Dei
3130 3299 3327 3338 amore
3356 3283 3678 3339 decreveris
3708 3281 3903 3339 reniti.

2256 3374 2329 3424 At
2350 3371 2399 3424 si
2422 3370 2688 3425 abscisus
2712 3387 2773 3425 es
2794 3369 3271 3441 genitalibus,vel
3291 3371 3361 3426 in.
3373 3370 3475 3427 tali
3492 3370 3653 3428 senio
3675 3370 3905 3443 positus

2256 3463 2321 3513 ut
2349 3458 2539 3514 nullas
2562 3460 2689 3528 jam
2718 3460 2910 3513 carnis
2932 3459 3283 3515 tentationes
3310 3464 3367 3515 et
3391 3460 3693 3515 illecebras
3714 3459 3906 3531 patia-

2256 3548 2357 3618 ris,
2387 3549 2538 3603 scias
2570 3548 2790 3619 absque
2822 3549 3001 3603 dubio
3034 3548 3264 3604 nullum
3296 3553 3352 3604 te
3380 3548 3698 3621 promereri
3728 3565 3904 3620 posse

2256 3636 2705 3707 bravium,quod
2727 3653 2829 3707 pro
2850 3637 3186 3707 hujusmodi
3208 3638 3902 3709 passionibusdevincen-

2255 3725 2345 3779 dis
2377 3729 2604 3779 constat
2637 3725 3014 3796 promissum.
3042 3726 3202 3781 Sicut
3233 3726 3517 3797 scriptum
3541 3730 3667 3782 est:
3701 3728 3904 3781 Beatus

2254 3813 2338 3867 vir
2383 3815 2477 3884 qui
2522 3815 2713 3884 suffert
2764 3816 3148 3881 tentationem,
3180 3818 3439 3887 quoniam
3486 3832 3610 3870 cum
3634 3816 3906 3887 probatus

2251 3904 2443 3971 fuerit,
2475 3904 2702 3973 accipiet
2734 3918 2993 3958 coronam
3020 3906 3154 3960 vitae
3192 3904 3325 3975 (Jac.
3360 3904 3421 3976 ι).
3456 3903 3678 3967 Quibus
3708 3903 3906 3959 verbis

2253 4007 2385 4045 cum
2418 3990 2787 4061 promittitur
2815 3992 3196 4047 tentationem
3220 3992 3520 4048 sufferenti
3542 4009 3775 4062 corona,
3800 3992 3903 4048 de-

2253 4082 2500 4150 negatur
2529 4079 2579 4134 ei
2611 4079 2712 4150 qui
2743 4096 2859 4135 non
2892 4081 3114 4136 suffert.
3150 4082 3279 4137 Hac
3310 4098 3543 4153 quoque
3572 4082 3643 4137 de
3673 4080 3905 4137 cunctis

2252 4166 2586 4222 carnalibus
2617 4168 2813 4240 accipe
2841 4171 3144 4225 membris.

2322 4260 2384 4312 Η.
2418 4257 2520 4313 His
2550 4258 2784 4331 quidem
2833 4259 3005 4314 dictis
3055 4264 3252 4331 aperte
3306 4260 3634 4316 declaratur
3680 4263 3906 4331 quanta

2251 4346 2421 4417 male,
2446 4346 2535 4401 vel
2560 4347 2705 4402 bene
2727 4348 2936 4421 agendi
2957 4348 3204 4405 facultas
3226 4349 3284 4404 in
3307 4348 3690 4406 exterioribus
3714 4364 3899 4405 mem-

2252 4435 2373 4491 bris
2403 4436 2711 4491 habeatur.
2742 4437 2851 4492 Sed
2875 4454 3008 4492 cum
3036 4438 3106 4493 de
3127 4438 3508 4494 interioribus
3538 4437 3710 4512 longe
3734 4438 3907 4493 aliter

497 4535 665 4606 quasi
699 4552 801 4607 pro
833 4553 1071 4591 munere
1102 4536 1393 4607 accipiens
1424 4539 1621 4607 gustat
1650 4551 1827 4606 quam
1880 4558 1907 4585 ‹‹
1943 4535 2139 4592 suavis
2171 4532 2217 4597 D
2249 4525 2327 4579 sit
2355 4523 2749 4590 sentiendum,
2775 4525 2915 4596 quia
2935 4525 3080 4580 nihil
3111 4525 3191 4581 ibi
3215 4527 3526 4583 carnaliter
3547 4532 3638 4583 est
3667 4526 3905 4583 abscin-

497 4628 585 4679 est
614 4624 899 4680 Dominus
926 4648 953 4675 »
1006 4630 1064 4681 et
1094 4641 1270 4696 quam
1322 4647 1349 4673 «
1386 4639 1562 4678 suave
1593 4624 1669 4677 sit
1698 4625 1910 4695 jugum
1951 4625 2078 4694 ejus
2111 4650 2133 4677 ι

498 4712 760 4784 nihilque
791 4716 981 4787 magis
1011 4714 1306 4768 desiderat
1335 4728 1514 4782 quam
1557 4714 1622 4765 ut
1672 4711 1731 4764 in
1782 4712 2140 4785 contempla-

497 4800 654 4856 tione
686 4802 881 4857 divina
918 4802 1213 4857 consistat.

569 4891 704 4956 Quae
734 4892 932 4946 omnia
963 4892 1101 4961 quia
1132 4890 1471 4945 inconstans
1519 4893 1575 4943 et
1618 4888 1873 4945 infidelis
1912 4890 2143 4963 ignorat

499 4994 601 5050 per
621 4980 1056 5051 experientiam,
1082 4978 1287 5032 merito
1315 4978 1617 5048 ignoratur
1640 4983 1698 5032 et
1728 4980 1935 5035 merito
1961 4982 2141 5038 obcae-

498 5072 662 5122 catus
696 5068 936 5123 laborat.
962 5066 1171 5121 Nullus
1191 5082 1326 5137 ergo
1354 5065 1466 5134 his,
1492 5066 1659 5136 quasi
1684 5084 1785 5137 pro
1808 5070 2141 5139 conjectura

498 5172 646 5225 mea,
672 5156 844 5211 dictis
869 5156 1114 5220 difﬁdal,
1141 5155 1240 5208 sed
1270 5153 1576 5208 attendens
1606 5154 1801 5225 ipsum
1825 5159 2138 5215 Dominum

496 5244 786 5299 dicentem
813 5261 826 5297 :
864 5244 1060 5298 Omnia
1086 5244 1377 5314 possibilia
1396 5246 1523 5295 sunt
1543 5243 1784 5299 credenti
1814 5247 1996 5316 (Marc.
2022 5251 2134 5316 Ix);

495 5338 554 5388 et
588 5350 600 5387 :
655 5333 717 5387 Si
762 5335 885 5403 quis
927 5334 1119 5403 diligit
1167 5347 1270 5395 me,
1306 5347 1609 5386 sermonem
1651 5350 1839 5388 meum
1880 5337 2136 5403 servabit,

495 5420 671 5489 (Joan.
702 5422 835 5491 xw),
864 5422 1063 5475 credat
1085 5421 1223 5492 quia
1247 5421 1303 5474 in
1329 5421 1731 5492 cujuscunque
1755 5428 1947 5479 mente
1973 5442 2139 5481 amor

494 5505 596 5562 Dei
626 5507 993 5576 habitaverit,
1025 5515 1246 5564 tantam
1279 5509 1390 5563 sibi
1435 5509 1767 5565 facultatem
1800 5511 1956 5568 vitiis
1989 5514 2133 5569 resi-

493 5596 687 5652 stendi
718 5597 881 5672 [fore]
904 5602 1187 5670 quantam
1213 5614 1378 5655 amor
1397 5596 1594 5655 saeculi
1616 5597 1754 5655 olim
1776 5600 1983 5658 tribuit
2006 5604 2136 5661 obe-

2252 4613 2530 4678 dendum,
2564 4615 2857 4684 quomodo
2888 4631 3068 4686 supra
3096 4614 3251 4671 dicta
3281 4615 3529 4671 facultas
3585 4616 3664 4671 ibi
3710 4615 3904 4689 possit

2250 4717 2378 4758 esse
2408 4701 2577 4773 cupio
2612 4718 2943 4774 agnoscere.
3544 4706 3553 4709 ’

2825 4818 3061 4875 CAPUT
3101 4819 3317 4876 XXXII.

2250 4907 2324 4961 De
2354 4907 2622 4962 interiori
2649 4907 2887 4981 hominis
2918 4908 3047 4964 bene
3076 4906 3290 4965 malene
3314 4908 3511 4980 agendi
3537 4906 3824 4981 facultate,
3848 4918 3905 4967 et

2703 4979 2768 5034 de
2795 4981 3207 5035 circumcisione
3247 4979 3440 5036 cordis.

2321 5075 2463 5130 0thl.
2498 5075 2791 5131 Interioris
2823 5076 3081 5132 hominis
3114 5077 3361 5134 facultas
3405 5078 3474 5134 ad
3507 5078 3705 5134 omnia
3734 5082 3902 5136 tanto

2248 5168 2336 5219 est
2355 5164 2543 5234 major
2567 5168 2784 5234 quanto
2808 5169 3017 5219 natura
3042 5166 3168 5237 ejus
3199 5167 3588 5238 praestantior.
3615 5166 3716 5222 Ille
3738 5166 3902 5224 enim

2248 5251 2417 5323 plura
2444 5251 2606 5320 vitia,
2638 5251 2696 5306 id
2746 5257 2855 5318 est,
2889 5254 3250 5324 superbiam,
3283 5255 3685 5323 cenodoxiam,
3720 5257 3897 5324 iram,

2246 5339 2569 5409 tristitiam,
2590 5338 2870 5396 invidiam
2897 5346 2954 5396 et
2975 5343 3239 5415 virtutes,
3264 5345 3321 5399 id
3346 5350 3452 5415 est,
3478 5343 3900 5415 humilitatem,

2246 5427 3583 5505 patientiam,tranquillitatem,benignitatem,
3602 5433 3904 5490 continen-

2245 5518 2387 5571 tiam
2414 5534 2522 5572 sua
2547 5506 2917 5575 solummodo
2948 5521 3173 5577 ratione
3196 5521 3321 5577 sine
3344 5521 3646 5578 exterioris
3669 5522 3900 5578 actione

2243 5605 2539 5665 interdum
2591 5607 2862 5683 complet.
2896 5609 3154 5666 Exterior
3202 5625 3336 5667 vero
3389 5608 3553 5669 nulla
3597 5610 3759 5681 vitia,
3801 5609 3897 5670 vel
