  <div class='ocr_page' id='page_1' title='image "/cluster/home/n/w/nwhite01/storage/ocr_20150623/146/hvd.32044054760053/056.png"; bbox 0 0 4114 6184; ppageno 0'>
   <div class='ocr_carea' id='block_1_1' title="bbox 245 275 385 344">
    <p class='ocr_par' dir='ltr' id='par_1_1' title="bbox 245 275 385 344">
     <span class='ocr_line' id='line_1_1' title="bbox 245 275 385 344; baseline -0.021 -9"><span class='ocrx_word' id='word_1_1' title='bbox 245 275 385 344; x_wconf 68' lang='grc' dir='ltr'><strong>τωι</strong></span> 
     </span>
    </p>
   </div>
   <div class='ocr_carea' id='block_1_2' title="bbox 1248 273 2710 347">
    <p class='ocr_par' dir='ltr' id='par_1_2' title="bbox 1248 273 2710 347">
     <span class='ocr_line' id='line_1_2' title="bbox 1248 273 2710 347; baseline 0.005 -15"><span class='ocrx_word' id='word_1_2' title='bbox 1248 273 1558 334; x_wconf 86' lang='lat' dir='ltr'><strong>DIALOG.</strong></span> <span class='ocrx_word' id='word_1_3' title='bbox 1605 275 1708 334; x_wconf 82' lang='lat' dir='ltr'><strong>DE</strong></span> <span class='ocrx_word' id='word_1_4' title='bbox 1752 274 2037 338; x_wconf 83' lang='lat' dir='ltr'><strong>TRIBUS</strong></span> <span class='ocrx_word' id='word_1_5' title='bbox 2083 277 2710 347; x_wconf 63' lang='lat' dir='ltr'><strong>QUIESTIONIBUS.</strong></span> 
     </span>
    </p>
   </div>
   <div class='ocr_carea' id='block_1_3' title="bbox 3539 289 3682 352">
    <p class='ocr_par' dir='ltr' id='par_1_3' title="bbox 3539 289 3682 352">
     <span class='ocr_line' id='line_1_3' title="bbox 3539 289 3682 352; baseline 0.028 -9"><span class='ocrx_word' id='word_1_6' title='bbox 3539 289 3682 352; x_wconf 61' lang='lat'><strong>102</strong></span> 
     </span>
    </p>
   </div>
   <div class='ocr_carea' id='block_1_4' title="bbox 267 404 3679 489">
    <p class='ocr_par' dir='ltr' id='par_1_4' title="bbox 267 404 3679 489">
     <span class='ocr_line' id='line_1_4' title="bbox 267 404 3679 489; baseline 0.003 -26"><span class='ocrx_word' id='word_1_7' title='bbox 267 407 518 463; x_wconf 78' lang='lat' dir='ltr'><strong>virtutes</strong></span> <span class='ocrx_word' id='word_1_8' title='bbox 540 404 1094 477; x_wconf 78' lang='lat' dir='ltr'><strong>contingitactione,</strong></span> <span class='ocrx_word' id='word_1_9' title='bbox 1110 404 1224 461; x_wconf 87' lang='lat' dir='ltr'><strong>nisi</strong></span> <span class='ocrx_word' id='word_1_10' title='bbox 1247 422 1373 477; x_wconf 69' lang='lat' dir='ltr'><strong>qua:</strong></span> <span class='ocrx_word' id='word_1_11' title='bbox 1395 406 1641 462; x_wconf 87' lang='lat' dir='ltr'><strong>interior</strong></span> <span class='ocrx_word' id='word_1_12' title='bbox 1660 408 1927 480; x_wconf 87' lang='lat' dir='ltr'><strong>concepit</strong></span> <span class='ocrx_word' id='word_1_13' title='bbox 1957 419 2007 484; x_wconf 78' lang='grc' dir='ltr'>Α</span> <span class='ocrx_word' id='word_1_14' title='bbox 2038 409 2164 480; x_wconf 90' lang='lat' dir='ltr'><strong>jora</strong></span> <span class='ocrx_word' id='word_1_15' title='bbox 2194 427 2296 480; x_wconf 90' lang='lat' dir='ltr'><strong>pro</strong></span> <span class='ocrx_word' id='word_1_16' title='bbox 2324 410 2431 465; x_wconf 89' lang='lat' dir='ltr'><strong>hac</strong></span> <span class='ocrx_word' id='word_1_17' title='bbox 2462 411 2710 482; x_wconf 86' lang='lat' dir='ltr'><strong>quilibet</strong></span> <span class='ocrx_word' id='word_1_18' title='bbox 2741 413 2926 470; x_wconf 91' lang='lat' dir='ltr'><strong>ﬁdelis</strong></span> <span class='ocrx_word' id='word_1_19' title='bbox 2958 416 3166 472; x_wconf 78' lang='lat' dir='ltr'><strong>mereri</strong></span> <span class='ocrx_word' id='word_1_20' title='bbox 3190 415 3342 472; x_wconf 88' lang='lat' dir='ltr'><strong>valet</strong></span> <span class='ocrx_word' id='word_1_21' title='bbox 3371 417 3505 473; x_wconf 82' lang='lat' dir='ltr'><strong>ﬁdei</strong></span> <span class='ocrx_word' id='word_1_22' title='bbox 3537 435 3679 489; x_wconf 69' lang='lat' dir='ltr'><strong>prai-</strong></span> 
     </span>
    </p>
   </div>
   <div class='ocr_carea' id='block_1_5' title="bbox 270 495 1926 565">
    <p class='ocr_par' dir='ltr' id='par_1_5' title="bbox 270 495 1926 565">
     <span class='ocr_line' id='line_1_5' title="bbox 270 495 1926 565; baseline 0 -13"><span class='ocrx_word' id='word_1_23' title='bbox 270 496 523 560; x_wconf 85' lang='lat' dir='ltr'><strong>ratione,</strong></span> <span class='ocrx_word' id='word_1_24' title='bbox 557 499 815 565; x_wconf 84' lang='lat' dir='ltr'><strong>excepto,</strong></span> <span class='ocrx_word' id='word_1_25' title='bbox 848 512 979 549; x_wconf 89' lang='lat' dir='ltr'><strong>cum</strong></span> <span class='ocrx_word' id='word_1_26' title='bbox 1030 495 1302 561; x_wconf 86' lang='lat' dir='ltr'><strong>necdum,</strong></span> <span class='ocrx_word' id='word_1_27' title='bbox 1335 497 1487 550; x_wconf 85' lang='lat' dir='ltr'><strong>sicut</strong></span> <span class='ocrx_word' id='word_1_28' title='bbox 1527 495 1800 564; x_wconf 78' lang='lat' dir='ltr'><strong>infantes,</strong></span> <span class='ocrx_word' id='word_1_29' title='bbox 1835 515 1926 552; x_wconf 88' lang='lat' dir='ltr'><strong>ra-</strong></span> 
     </span>
    </p>
   </div>
   <div class='ocr_carea' id='block_1_6' title="bbox 266 583 1928 656">
    <p class='ocr_par' dir='ltr' id='par_1_6' title="bbox 266 583 1928 656">
     <span class='ocr_line' id='line_1_6' title="bbox 266 583 1928 656; baseline -0.001 -14"><span class='ocrx_word' id='word_1_30' title='bbox 266 586 448 641; x_wconf 78' lang='lat' dir='ltr'><strong>tionis</strong></span> <span class='ocrx_word' id='word_1_31' title='bbox 482 600 692 656; x_wconf 81' lang='lat' dir='ltr'><strong>capax,</strong></span> <span class='ocrx_word' id='word_1_32' title='bbox 713 583 803 638; x_wconf 89' lang='lat' dir='ltr'><strong>vel</strong></span> <span class='ocrx_word' id='word_1_33' title='bbox 837 600 968 638; x_wconf 90' lang='lat' dir='ltr'><strong>cum</strong></span> <span class='ocrx_word' id='word_1_34' title='bbox 1002 585 1256 654; x_wconf 79' lang='lat' dir='ltr'><strong>peccatis</strong></span> <span class='ocrx_word' id='word_1_35' title='bbox 1290 584 1654 656; x_wconf 85' lang='lat' dir='ltr'><strong>exigentibus</strong></span> <span class='ocrx_word' id='word_1_36' title='bbox 1688 586 1928 641; x_wconf 72' lang='lat' dir='ltr'><strong>insaniae</strong></span> 
     </span>
    </p>
   </div>
   <div class='ocr_carea' id='block_1_7' title="bbox 269 672 1930 743">
    <p class='ocr_par' dir='ltr' id='par_1_7' title="bbox 269 672 1930 743">
     <span class='ocr_line' id='line_1_7' title="bbox 269 672 1930 743; baseline 0 -13"><span class='ocrx_word' id='word_1_37' title='bbox 269 675 478 730; x_wconf 86' lang='lat' dir='ltr'><strong>morbo</strong></span> <span class='ocrx_word' id='word_1_38' title='bbox 511 672 760 728; x_wconf 80' lang='lat' dir='ltr'><strong>laborat.</strong></span> <span class='ocrx_word' id='word_1_39' title='bbox 789 672 1040 743; x_wconf 87' lang='lat' dir='ltr'><strong>Ideoque</strong></span> <span class='ocrx_word' id='word_1_40' title='bbox 1069 672 1128 728; x_wconf 89' lang='lat' dir='ltr'><strong>in</strong></span> <span class='ocrx_word' id='word_1_41' title='bbox 1162 672 1455 729; x_wconf 89' lang='lat' dir='ltr'><strong>interioris</strong></span> <span class='ocrx_word' id='word_1_42' title='bbox 1481 675 1705 729; x_wconf 83' lang='lat' dir='ltr'><strong>ratione</strong></span> <span class='ocrx_word' id='word_1_43' title='bbox 1735 676 1930 731; x_wconf 91' lang='lat' dir='ltr'><strong>omnis</strong></span> 
     </span>
    </p>
   </div>
   <div class='ocr_carea' id='block_1_8' title="bbox 271 760 1029 832">
    <p class='ocr_par' dir='ltr' id='par_1_8' title="bbox 271 760 1029 832">
     <span class='ocr_line' id='line_1_8' title="bbox 271 760 1029 832; baseline -0.007 -12"><span class='ocrx_word' id='word_1_44' title='bbox 271 763 586 820; x_wconf 78' lang='lat' dir='ltr'><strong>exterioris</strong></span> <span class='ocrx_word' id='word_1_45' title='bbox 619 760 831 832; x_wconf 87' lang='lat' dir='ltr'><strong>pendet</strong></span> <span class='ocrx_word' id='word_1_46' title='bbox 861 760 1029 816; x_wconf 89' lang='lat' dir='ltr'><strong>actio.</strong></span> 
     </span>
    </p>
   </div>
   <div class='ocr_carea' id='block_1_9' title="bbox 339 850 1928 925">
    <p class='ocr_par' dir='ltr' id='par_1_9' title="bbox 339 850 1928 925">
     <span class='ocr_line' id='line_1_9' title="bbox 339 850 1928 925; baseline 0.001 -18"><span class='ocrx_word' id='word_1_47' title='bbox 339 851 755 908; x_wconf 77' lang='lat' dir='ltr'><strong>Abscisionem</strong></span> <span class='ocrx_word' id='word_1_48' title='bbox 778 866 1030 922; x_wconf 87' lang='lat' dir='ltr'><strong>quoque,</strong></span> <span class='ocrx_word' id='word_1_49' title='bbox 1049 850 1138 907; x_wconf 89' lang='lat' dir='ltr'><strong>vel</strong></span> <span class='ocrx_word' id='word_1_50' title='bbox 1161 850 1665 908; x_wconf 84' lang='lat' dir='ltr'><strong>circumcisionem</strong></span> <span class='ocrx_word' id='word_1_51' title='bbox 1693 854 1810 925; x_wconf 92' lang='lat' dir='ltr'><strong>pati</strong></span> <span class='ocrx_word' id='word_1_52' title='bbox 1835 870 1928 925; x_wconf 91' lang='lat' dir='ltr'><strong>po-</strong></span> 
     </span>
    </p>
   </div>
   <div class='ocr_carea' id='block_1_10' title="bbox 271 940 1927 1013">
    <p class='ocr_par' dir='ltr' id='par_1_10' title="bbox 271 940 1927 1013">
     <span class='ocr_line' id='line_1_10' title="bbox 271 940 1927 1013; baseline 0.001 -16"><span class='ocrx_word' id='word_1_53' title='bbox 271 945 386 998; x_wconf 86' lang='lat' dir='ltr'><strong>test</strong></span> <span class='ocrx_word' id='word_1_54' title='bbox 417 941 598 998; x_wconf 84' lang='lat' dir='ltr'><strong>homo</strong></span> <span class='ocrx_word' id='word_1_55' title='bbox 642 940 886 994; x_wconf 90' lang='lat' dir='ltr'><strong>interior</strong></span> <span class='ocrx_word' id='word_1_56' title='bbox 933 940 1416 1012; x_wconf 88' lang='lat' dir='ltr'><strong>numerosiorem,</strong></span> <span class='ocrx_word' id='word_1_57' title='bbox 1451 958 1625 1013; x_wconf 90' lang='lat' dir='ltr'><strong>quam</strong></span> <span class='ocrx_word' id='word_1_58' title='bbox 1660 943 1927 999; x_wconf 86' lang='lat' dir='ltr'><strong>exterior.</strong></span> 
     </span>
    </p>
   </div>
   <div class='ocr_carea' id='block_1_11' title="bbox 269 1028 1930 1102">
    <p class='ocr_par' dir='ltr' id='par_1_11' title="bbox 269 1028 1930 1102">
     <span class='ocr_line' id='line_1_11' title="bbox 269 1028 1930 1102; baseline -0.001 -14"><span class='ocrx_word' id='word_1_59' title='bbox 269 1032 385 1089; x_wconf 85' lang='lat' dir='ltr'><strong>Sed</strong></span> <span class='ocrx_word' id='word_1_60' title='bbox 417 1031 479 1086; x_wconf 90' lang='lat' dir='ltr'><strong>in</strong></span> <span class='ocrx_word' id='word_1_61' title='bbox 511 1030 622 1086; x_wconf 90' lang='lat' dir='ltr'><strong>hoc</strong></span> <span class='ocrx_word' id='word_1_62' title='bbox 651 1029 964 1100; x_wconf 87' lang='lat' dir='ltr'><strong>utriusque</strong></span> <span class='ocrx_word' id='word_1_63' title='bbox 994 1028 1362 1085; x_wconf 87' lang='lat' dir='ltr'><strong>circumcisio</strong></span> <span class='ocrx_word' id='word_1_64' title='bbox 1395 1031 1576 1086; x_wconf 86' lang='lat' dir='ltr'><strong>distat</strong></span> <span class='ocrx_word' id='word_1_65' title='bbox 1607 1031 1744 1102; x_wconf 83' lang='lat' dir='ltr'><strong>quia</strong></span> <span class='ocrx_word' id='word_1_66' title='bbox 1775 1036 1930 1087; x_wconf 85' lang='lat' dir='ltr'><strong>exte-</strong></span> 
     </span>
    </p>
   </div>
   <div class='ocr_carea' id='block_1_12' title="bbox 273 1117 1934 1193">
    <p class='ocr_par' dir='ltr' id='par_1_12' title="bbox 273 1117 1934 1193">
     <span class='ocr_line' id='line_1_12' title="bbox 273 1117 1934 1193; baseline -0.001 -16"><span class='ocrx_word' id='word_1_67' title='bbox 273 1121 392 1177; x_wconf 91' lang='lat' dir='ltr'><strong>rior</strong></span> <span class='ocrx_word' id='word_1_68' title='bbox 421 1136 540 1193; x_wconf 90' lang='lat' dir='ltr'><strong>quo</strong></span> <span class='ocrx_word' id='word_1_69' title='bbox 571 1119 704 1192; x_wconf 87' lang='lat' dir='ltr'><strong>plus</strong></span> <span class='ocrx_word' id='word_1_70' title='bbox 738 1119 912 1173; x_wconf 87' lang='lat' dir='ltr'><strong>fuerit</strong></span> <span class='ocrx_word' id='word_1_71' title='bbox 934 1117 1341 1186; x_wconf 88' lang='lat' dir='ltr'><strong>circumcisus,</strong></span> <span class='ocrx_word' id='word_1_72' title='bbox 1368 1135 1434 1174; x_wconf 88' lang='lat' dir='ltr'><strong>eo</strong></span> <span class='ocrx_word' id='word_1_73' title='bbox 1458 1120 1646 1192; x_wconf 88' lang='lat' dir='ltr'><strong>magis</strong></span> <span class='ocrx_word' id='word_1_74' title='bbox 1679 1122 1748 1174; x_wconf 89' lang='lat' dir='ltr'><strong>ad</strong></span> <span class='ocrx_word' id='word_1_75' title='bbox 1779 1122 1934 1177; x_wconf 90' lang='lat' dir='ltr'><strong>bona</strong></span> 
     </span>
    </p>
   </div>
   <div class='ocr_carea' id='block_1_13' title="bbox 277 1206 1932 1279">
    <p class='ocr_par' dir='ltr' id='par_1_13' title="bbox 277 1206 1932 1279">
     <span class='ocr_line' id='line_1_13' title="bbox 277 1206 1932 1279; baseline -0.001 -13"><span class='ocrx_word' id='word_1_76' title='bbox 277 1217 332 1266; x_wconf 90' lang='lat' dir='ltr'><strong>et</strong></span> <span class='ocrx_word' id='word_1_77' title='bbox 361 1208 521 1264; x_wconf 84' lang='lat' dir='ltr'><strong>mala</strong></span> <span class='ocrx_word' id='word_1_78' title='bbox 549 1206 838 1279; x_wconf 84' lang='lat' dir='ltr'><strong>explenda</strong></span> <span class='ocrx_word' id='word_1_79' title='bbox 869 1207 1130 1263; x_wconf 84' lang='lat' dir='ltr'><strong>redditur</strong></span> <span class='ocrx_word' id='word_1_80' title='bbox 1153 1208 1444 1263; x_wconf 89' lang='lat' dir='ltr'><strong>inﬁrmus.</strong></span> <span class='ocrx_word' id='word_1_81' title='bbox 1473 1209 1768 1264; x_wconf 90' lang='lat' dir='ltr'><strong>Interioris</strong></span> <span class='ocrx_word' id='word_1_82' title='bbox 1797 1227 1932 1264; x_wconf 89' lang='lat' dir='ltr'><strong>vero</strong></span> 
     </span>
    </p>
   </div>
   <div class='ocr_carea' id='block_1_14' title="bbox 281 1295 1931 1368">
    <p class='ocr_par' dir='ltr' id='par_1_14' title="bbox 281 1295 1931 1368">
     <span class='ocr_line' id='line_1_14' title="bbox 281 1295 1931 1368; baseline -0.001 -14"><span class='ocrx_word' id='word_1_83' title='bbox 281 1297 647 1355; x_wconf 84' lang='lat' dir='ltr'><strong>circumcisio</strong></span> <span class='ocrx_word' id='word_1_84' title='bbox 692 1297 764 1351; x_wconf 90' lang='lat' dir='ltr'><strong>ad</strong></span> <span class='ocrx_word' id='word_1_85' title='bbox 792 1295 936 1351; x_wconf 89' lang='lat' dir='ltr'><strong>vitia</strong></span> <span class='ocrx_word' id='word_1_86' title='bbox 981 1296 1216 1368; x_wconf 88' lang='lat' dir='ltr'><strong>quidem</strong></span> <span class='ocrx_word' id='word_1_87' title='bbox 1266 1300 1583 1368; x_wconf 90' lang='lat' dir='ltr'><strong>utrumque</strong></span> <span class='ocrx_word' id='word_1_88' title='bbox 1633 1297 1931 1353; x_wconf 87' lang='lat' dir='ltr'><strong>hominem</strong></span> 
     </span>
    </p>
   </div>
   <div class='ocr_carea' id='block_1_15' title="bbox 285 1385 1935 1452">
    <p class='ocr_par' dir='ltr' id='par_1_15' title="bbox 285 1385 1935 1452">
     <span class='ocr_line' id='line_1_15' title="bbox 285 1385 1935 1452; baseline -0.001 -7"><span class='ocrx_word' id='word_1_89' title='bbox 285 1388 481 1445; x_wconf 82' lang='lat' dir='ltr'><strong>reddit</strong></span> <span class='ocrx_word' id='word_1_90' title='bbox 509 1387 828 1452; x_wconf 86' lang='lat' dir='ltr'><strong>inﬁrmum,</strong></span> <span class='ocrx_word' id='word_1_91' title='bbox 858 1386 929 1440; x_wconf 92' lang='lat' dir='ltr'><strong>ad</strong></span> <span class='ocrx_word' id='word_1_92' title='bbox 961 1385 1202 1441; x_wconf 84' lang='lat' dir='ltr'><strong>virtutes</strong></span> <span class='ocrx_word' id='word_1_93' title='bbox 1236 1390 1431 1442; x_wconf 90' lang='lat' dir='ltr'><strong>autem</strong></span> <span class='ocrx_word' id='word_1_94' title='bbox 1463 1386 1742 1442; x_wconf 87' lang='lat' dir='ltr'><strong>validum.</strong></span> <span class='ocrx_word' id='word_1_95' title='bbox 1774 1387 1935 1444; x_wconf 87' lang='lat' dir='ltr'><strong>Unde</strong></span> 
     </span>
    </p>
   </div>
   <div class='ocr_carea' id='block_1_16' title="bbox 286 1475 1934 1547">
    <p class='ocr_par' dir='ltr' id='par_1_16' title="bbox 286 1475 1934 1547">
     <span class='ocr_line' id='line_1_16' title="bbox 286 1475 1934 1547; baseline -0.001 -14"><span class='ocrx_word' id='word_1_96' title='bbox 286 1483 344 1534; x_wconf 89' lang='lat' dir='ltr'><strong>et</strong></span> <span class='ocrx_word' id='word_1_97' title='bbox 373 1476 471 1532; x_wconf 90' lang='lat' dir='ltr'><strong>illa</strong></span> <span class='ocrx_word' id='word_1_98' title='bbox 502 1475 739 1532; x_wconf 88' lang='lat' dir='ltr'><strong>omnino</strong></span> <span class='ocrx_word' id='word_1_99' title='bbox 771 1479 862 1530; x_wconf 88' lang='lat' dir='ltr'><strong>est</strong></span> <span class='ocrx_word' id='word_1_100' title='bbox 891 1477 1208 1530; x_wconf 83' lang='lat' dir='ltr'><strong>exercenda</strong></span> <span class='ocrx_word' id='word_1_101' title='bbox 1237 1493 1363 1547; x_wconf 77' lang='lat' dir='ltr'><strong>quae</strong></span> <span class='ocrx_word' id='word_1_102' title='bbox 1394 1475 1530 1531; x_wconf 85' lang='lat' dir='ltr'><strong>vitia</strong></span> <span class='ocrx_word' id='word_1_103' title='bbox 1564 1477 1934 1532; x_wconf 89' lang='lat' dir='ltr'><strong>solummodo</strong></span> 
     </span>
    </p>
   </div>
   <div class='ocr_carea' id='block_1_17' title="bbox 283 1565 1933 1636">
    <p class='ocr_par' dir='ltr' id='par_1_17' title="bbox 283 1565 1933 1636">
     <span class='ocr_line' id='line_1_17' title="bbox 283 1565 1933 1636; baseline -0.001 -14"><span class='ocrx_word' id='word_1_104' title='bbox 283 1565 554 1633; x_wconf 81' lang='lat' dir='ltr'><strong>abscidit,</strong></span> <span class='ocrx_word' id='word_1_105' title='bbox 580 1565 824 1619; x_wconf 75' lang='lat' dir='ltr'><strong>virtutes</strong></span> <span class='ocrx_word' id='word_1_106' title='bbox 855 1568 1051 1619; x_wconf 87' lang='lat' dir='ltr'><strong>autem</strong></span> <span class='ocrx_word' id='word_1_107' title='bbox 1085 1565 1293 1631; x_wconf 86' lang='lat' dir='ltr'><strong>nutrit,</strong></span> <span class='ocrx_word' id='word_1_108' title='bbox 1320 1582 1564 1636; x_wconf 81' lang='lat' dir='ltr'><strong>quaeque</strong></span> <span class='ocrx_word' id='word_1_109' title='bbox 1591 1583 1709 1620; x_wconf 87' lang='lat' dir='ltr'><strong>non</strong></span> <span class='ocrx_word' id='word_1_110' title='bbox 1741 1567 1933 1622; x_wconf 90' lang='lat' dir='ltr'><strong>solum</strong></span> 
     </span>
    </p>
   </div>
   <div class='ocr_carea' id='block_1_18' title="bbox 278 1653 1935 1725">
    <p class='ocr_par' dir='ltr' id='par_1_18' title="bbox 278 1653 1935 1725">
     <span class='ocr_line' id='line_1_18' title="bbox 278 1653 1935 1725; baseline -0.001 -14"><span class='ocrx_word' id='word_1_111' title='bbox 278 1657 335 1711; x_wconf 92' lang='lat' dir='ltr'><strong>in</strong></span> <span class='ocrx_word' id='word_1_112' title='bbox 367 1655 549 1724; x_wconf 77' lang='lat' dir='ltr'><strong>Novo,</strong></span> <span class='ocrx_word' id='word_1_113' title='bbox 583 1654 684 1708; x_wconf 90' lang='lat' dir='ltr'><strong>sed</strong></span> <span class='ocrx_word' id='word_1_114' title='bbox 732 1653 908 1708; x_wconf 89' lang='lat' dir='ltr'><strong>etiam</strong></span> <span class='ocrx_word' id='word_1_115' title='bbox 940 1653 998 1707; x_wconf 90' lang='lat' dir='ltr'><strong>in</strong></span> <span class='ocrx_word' id='word_1_116' title='bbox 1030 1653 1218 1708; x_wconf 87' lang='lat' dir='ltr'><strong>Veteri</strong></span> <span class='ocrx_word' id='word_1_117' title='bbox 1251 1654 1625 1710; x_wconf 88' lang='lat' dir='ltr'><strong>Testamento</strong></span> <span class='ocrx_word' id='word_1_118' title='bbox 1669 1655 1935 1725; x_wconf 86' lang='lat' dir='ltr'><strong>jubetur,</strong></span> 
     </span>
    </p>
   </div>
   <div class='ocr_carea' id='block_1_19' title="bbox 279 1741 1938 1814">
    <p class='ocr_par' dir='ltr' id='par_1_19' title="bbox 279 1741 1938 1814">
     <span class='ocr_line' id='line_1_19' title="bbox 279 1741 1938 1814; baseline 0 -15"><span class='ocrx_word' id='word_1_119' title='bbox 279 1746 596 1799; x_wconf 85' lang='lat' dir='ltr'><strong>attestante</strong></span> <span class='ocrx_word' id='word_1_120' title='bbox 623 1742 878 1797; x_wconf 88' lang='lat' dir='ltr'><strong>Jeremia</strong></span> <span class='ocrx_word' id='word_1_121' title='bbox 909 1741 1212 1814; x_wconf 82' lang='lat' dir='ltr'><strong>prepheta.</strong></span> <span class='ocrx_word' id='word_1_122' title='bbox 1238 1741 1337 1813; x_wconf 88' lang='lat' dir='ltr'><strong>qui</strong></span> <span class='ocrx_word' id='word_1_123' title='bbox 1370 1743 1513 1797; x_wconf 85' lang='lat' dir='ltr'><strong>dicit</strong></span> <span class='ocrx_word' id='word_1_124' title='bbox 1537 1759 1550 1800; x_wconf 92' lang='lat'>:</span> <span class='ocrx_word' id='word_1_125' title='bbox 1577 1745 1938 1799; x_wconf 83' lang='lat' dir='ltr'><strong>Circumcidi-</strong></span> 
     </span>
    </p>
   </div>
   <div class='ocr_carea' id='block_1_20' title="bbox 282 1831 1936 1903">
    <p class='ocr_par' dir='ltr' id='par_1_20' title="bbox 282 1831 1936 1903">
     <span class='ocr_line' id='line_1_20' title="bbox 282 1831 1936 1903; baseline 0.001 -15"><span class='ocrx_word' id='word_1_126' title='bbox 282 1835 426 1888; x_wconf 69' lang='lat' dir='ltr'><strong>mini</strong></span> <span class='ocrx_word' id='word_1_127' title='bbox 455 1833 714 1902; x_wconf 82' lang='lat' dir='ltr'><strong>Domino,</strong></span> <span class='ocrx_word' id='word_1_128' title='bbox 747 1839 799 1886; x_wconf 75' lang='lat' dir='ltr'><strong>et</strong></span> <span class='ocrx_word' id='word_1_129' title='bbox 821 1831 1032 1901; x_wconf 82' lang='lat' dir='ltr'><strong>auferte</strong></span> <span class='ocrx_word' id='word_1_130' title='bbox 1055 1833 1336 1903; x_wconf 69' lang='lat' dir='ltr'><strong>praeputia</strong></span> <span class='ocrx_word' id='word_1_131' title='bbox 1363 1832 1610 1888; x_wconf 83' lang='lat' dir='ltr'><strong>cordium</strong></span> <span class='ocrx_word' id='word_1_132' title='bbox 1637 1842 1936 1889; x_wconf 81' lang='lat' dir='ltr'><strong>vestrorum</strong></span> 
     </span>
    </p>
   </div>
   <div class='ocr_carea' id='block_1_21' title="bbox 281 1921 530 1993">
    <p class='ocr_par' dir='ltr' id='par_1_21' title="bbox 281 1921 530 1993">
     <span class='ocr_line' id='line_1_21' title="bbox 281 1921 530 1993; baseline -0.02 -14"><span class='ocrx_word' id='word_1_133' title='bbox 281 1921 419 1993; x_wconf 64' lang='grc' dir='ltr'><strong>(λεν.</strong></span> <span class='ocrx_word' id='word_1_134' title='bbox 454 1937 530 1976; x_wconf 82' lang='lat' dir='ltr'><strong>1v.</strong></span> 
     </span>
    </p>
   </div>
   <div class='ocr_carea' id='block_1_22' title="bbox 349 2008 1934 2082">
    <p class='ocr_par' dir='ltr' id='par_1_22' title="bbox 349 2008 1934 2082">
     <span class='ocr_line' id='line_1_22' title="bbox 349 2008 1934 2082; baseline 0.002 -17"><span class='ocrx_word' id='word_1_135' title='bbox 349 2011 413 2066; x_wconf 87' lang='lat' dir='ltr'><strong>Si</strong></span> <span class='ocrx_word' id='word_1_136' title='bbox 464 2012 668 2064; x_wconf 83' lang='lat' dir='ltr'><strong>autem</strong></span> <span class='ocrx_word' id='word_1_137' title='bbox 718 2008 932 2080; x_wconf 81' lang='lat' dir='ltr'><strong>quaeris</strong></span> <span class='ocrx_word' id='word_1_138' title='bbox 989 2009 1281 2082; x_wconf 89' lang='lat' dir='ltr'><strong>quomodo</strong></span> <span class='ocrx_word' id='word_1_139' title='bbox 1329 2011 1521 2066; x_wconf 89' lang='lat' dir='ltr'><strong>cordis</strong></span> <span class='ocrx_word' id='word_1_140' title='bbox 1569 2011 1934 2068; x_wconf 88' lang='lat' dir='ltr'><strong>circumcisio</strong></span> 
     </span>
    </p>
   </div>
   <div class='ocr_carea' id='block_1_23' title="bbox 286 2097 1938 2172">
    <p class='ocr_par' dir='ltr' id='par_1_23' title="bbox 286 2097 1938 2172">
     <span class='ocr_line' id='line_1_23' title="bbox 286 2097 1938 2172; baseline 0 -16"><span class='ocrx_word' id='word_1_141' title='bbox 286 2103 516 2172; x_wconf 82' lang='lat' dir='ltr'><strong>agatur,</strong></span> <span class='ocrx_word' id='word_1_142' title='bbox 537 2097 1186 2170; x_wconf 89' lang='lat' dir='ltr'><strong>audi.Quotiescunque</strong></span> <span class='ocrx_word' id='word_1_143' title='bbox 1207 2097 1385 2170; x_wconf 83' lang='lat' dir='ltr'><strong>igitur</strong></span> <span class='ocrx_word' id='word_1_144' title='bbox 1405 2100 1608 2156; x_wconf 67' lang='lat' dir='ltr'><strong>efferos</strong></span> <span class='ocrx_word' id='word_1_145' title='bbox 1631 2100 1808 2156; x_wconf 88' lang='lat' dir='ltr'><strong>animi</strong></span> <span class='ocrx_word' id='word_1_146' title='bbox 1833 2101 1938 2156; x_wconf 85' lang='lat' dir='ltr'><strong>im-</strong></span> 
     </span>
    </p>
   </div>
   <div class='ocr_carea' id='block_1_24' title="bbox 261 2185 1938 2262">
    <p class='ocr_par' dir='ltr' id='par_1_24' title="bbox 261 2185 1938 2262">
     <span class='ocr_line' id='line_1_24' title="bbox 261 2185 1938 2262; baseline 0.002 -20"><span class='ocrx_word' id='word_1_147' title='bbox 261 2194 455 2262; x_wconf 82' lang='lat' dir='ltr'><strong>.petus</strong></span> <span class='ocrx_word' id='word_1_148' title='bbox 482 2185 1018 2258; x_wconf 87' lang='lat' dir='ltr'><strong>delectationesque</strong></span> <span class='ocrx_word' id='word_1_149' title='bbox 1040 2203 1342 2257; x_wconf 90' lang='lat' dir='ltr'><strong>perversas</strong></span> <span class='ocrx_word' id='word_1_150' title='bbox 1363 2190 1734 2260; x_wconf 90' lang='lat' dir='ltr'><strong>represseris,</strong></span> <span class='ocrx_word' id='word_1_151' title='bbox 1767 2190 1938 2246; x_wconf 86' lang='lat' dir='ltr'><strong>toties</strong></span> 
     </span>
    </p>
   </div>
   <div class='ocr_carea' id='block_1_25' title="bbox 288 2275 1934 2350">
    <p class='ocr_par' dir='ltr' id='par_1_25' title="bbox 288 2275 1934 2350">
     <span class='ocr_line' id='line_1_25' title="bbox 288 2275 1934 2350; baseline 0.001 -18"><span class='ocrx_word' id='word_1_152' title='bbox 288 2279 341 2332; x_wconf 90' lang='lat' dir='ltr'><strong>in</strong></span> <span class='ocrx_word' id='word_1_153' title='bbox 373 2276 555 2332; x_wconf 86' lang='lat' dir='ltr'><strong>corde</strong></span> <span class='ocrx_word' id='word_1_154' title='bbox 587 2275 780 2348; x_wconf 90' lang='lat' dir='ltr'><strong>agitur</strong></span> <span class='ocrx_word' id='word_1_155' title='bbox 802 2275 1168 2331; x_wconf 89' lang='lat' dir='ltr'><strong>circumcisio</strong></span> <span class='ocrx_word' id='word_1_156' title='bbox 1193 2275 1292 2330; x_wconf 91' lang='lat' dir='ltr'><strong>ubi</strong></span> <span class='ocrx_word' id='word_1_157' title='bbox 1319 2292 1518 2332; x_wconf 88' lang='lat' dir='ltr'><strong>eorum</strong></span> <span class='ocrx_word' id='word_1_158' title='bbox 1543 2278 1606 2332; x_wconf 90' lang='lat' dir='ltr'><strong>ﬁt</strong></span> <span class='ocrx_word' id='word_1_159' title='bbox 1627 2279 1934 2350; x_wconf 89' lang='lat' dir='ltr'><strong>repressio,</strong></span> 
     </span>
    </p>
   </div>
   <div class='ocr_carea' id='block_1_26' title="bbox 283 2364 1939 2440">
    <p class='ocr_par' dir='ltr' id='par_1_26' title="bbox 283 2364 1939 2440">
     <span class='ocr_line' id='line_1_26' title="bbox 283 2364 1939 2440; baseline 0.001 -19"><span class='ocrx_word' id='word_1_160' title='bbox 283 2371 339 2422; x_wconf 89' lang='lat' dir='ltr'><strong>et</strong></span> <span class='ocrx_word' id='word_1_161' title='bbox 367 2366 527 2421; x_wconf 90' lang='lat' dir='ltr'><strong>unde</strong></span> <span class='ocrx_word' id='word_1_162' title='bbox 559 2364 801 2437; x_wconf 82' lang='lat' dir='ltr'><strong>cceperit</strong></span> <span class='ocrx_word' id='word_1_163' title='bbox 845 2381 1049 2420; x_wconf 88' lang='lat' dir='ltr'><strong>eorum</strong></span> <span class='ocrx_word' id='word_1_164' title='bbox 1097 2365 1374 2436; x_wconf 84' lang='lat' dir='ltr'><strong>egressio.</strong></span> <span class='ocrx_word' id='word_1_165' title='bbox 1407 2366 1472 2420; x_wconf 90' lang='lat' dir='ltr'><strong>In</strong></span> <span class='ocrx_word' id='word_1_166' title='bbox 1521 2368 1691 2422; x_wconf 89' lang='lat' dir='ltr'><strong>corde</strong></span> <span class='ocrx_word' id='word_1_167' title='bbox 1723 2367 1939 2440; x_wconf 89' lang='lat' dir='ltr'><strong>quippe</strong></span> 
     </span>
    </p>
   </div>
   <div class='ocr_carea' id='block_1_27' title="bbox 285 2451 1942 2524">
    <p class='ocr_par' dir='ltr' id='par_1_27' title="bbox 285 2451 1942 2524">
     <span class='ocr_line' id='line_1_27' title="bbox 285 2451 1942 2524; baseline -0.001 -13"><span class='ocrx_word' id='word_1_168' title='bbox 285 2456 559 2512; x_wconf 85' lang='lat' dir='ltr'><strong>oriuntur</strong></span> <span class='ocrx_word' id='word_1_169' title='bbox 607 2458 664 2508; x_wconf 90' lang='lat' dir='ltr'><strong>et</strong></span> <span class='ocrx_word' id='word_1_170' title='bbox 712 2452 783 2507; x_wconf 93' lang='lat' dir='ltr'><strong>de</strong></span> <span class='ocrx_word' id='word_1_171' title='bbox 831 2453 1004 2508; x_wconf 91' lang='lat' dir='ltr'><strong>corde</strong></span> <span class='ocrx_word' id='word_1_172' title='bbox 1049 2451 1449 2524; x_wconf 89' lang='lat' dir='ltr'><strong>egrediuntur,</strong></span> <span class='ocrx_word' id='word_1_173' title='bbox 1482 2453 1635 2508; x_wconf 90' lang='lat' dir='ltr'><strong>sicut</strong></span> <span class='ocrx_word' id='word_1_174' title='bbox 1678 2453 1942 2510; x_wconf 89' lang='lat' dir='ltr'><strong>Salvator</strong></span> 
     </span>
    </p>
   </div>
   <div class='ocr_carea' id='block_1_28' title="bbox 287 2541 1938 2614">
    <p class='ocr_par' dir='ltr' id='par_1_28' title="bbox 287 2541 1938 2614">
     <span class='ocr_line' id='line_1_28' title="bbox 287 2541 1938 2614; baseline -0.001 -14"><span class='ocrx_word' id='word_1_175' title='bbox 287 2551 484 2600; x_wconf 89' lang='lat' dir='ltr'><strong>noster</strong></span> <span class='ocrx_word' id='word_1_176' title='bbox 514 2544 576 2598; x_wconf 90' lang='lat' dir='ltr'><strong>in</strong></span> <span class='ocrx_word' id='word_1_177' title='bbox 609 2541 920 2614; x_wconf 86' lang='lat' dir='ltr'><strong>Evangelio</strong></span> <span class='ocrx_word' id='word_1_178' title='bbox 949 2542 1125 2598; x_wconf 88' lang='lat' dir='ltr'><strong>dicit:</strong></span> <span class='ocrx_word' id='word_1_179' title='bbox 1158 2543 1231 2597; x_wconf 87' lang='lat' dir='ltr'><strong>De</strong></span> <span class='ocrx_word' id='word_1_180' title='bbox 1259 2542 1417 2598; x_wconf 87' lang='lat' dir='ltr'><strong>corde</strong></span> <span class='ocrx_word' id='word_1_181' title='bbox 1445 2545 1596 2598; x_wconf 85' lang='lat' dir='ltr'><strong>enim</strong></span> <span class='ocrx_word' id='word_1_182' title='bbox 1627 2548 1827 2599; x_wconf 69' lang='lat' dir='ltr'><strong>exeunt</strong></span> <span class='ocrx_word' id='word_1_183' title='bbox 1851 2560 1938 2599; x_wconf 88' lang='lat' dir='ltr'><strong>co-</strong></span> 
     </span>
    </p>
   </div>
   <div class='ocr_carea' id='block_1_29' title="bbox 259 2631 1940 2705">
    <p class='ocr_par' dir='ltr' id='par_1_29' title="bbox 259 2631 1940 2705">
     <span class='ocr_line' id='line_1_29' title="bbox 259 2631 1940 2705; baseline -0.001 -17"><span class='ocrx_word' id='word_1_184' title='bbox 259 2634 586 2705; x_wconf 48' lang='lat' dir='ltr'><strong>gitationes</strong></span> <span class='ocrx_word' id='word_1_185' title='bbox 625 2632 811 2698; x_wconf 57' lang='lat' dir='ltr'><strong>male,</strong></span> <span class='ocrx_word' id='word_1_186' title='bbox 844 2631 1161 2695; x_wconf 81' lang='lat' dir='ltr'><strong>homicidia,</strong></span> <span class='ocrx_word' id='word_1_187' title='bbox 1197 2632 1496 2697; x_wconf 83' lang='lat' dir='ltr'><strong>adulteria,</strong></span> <span class='ocrx_word' id='word_1_188' title='bbox 1527 2634 1940 2703; x_wconf 77' lang='lat' dir='ltr'><strong>fornicationes,</strong></span> 
     </span>
    </p>
   </div>
   <div class='ocr_carea' id='block_1_30' title="bbox 261 2720 1788 2795">
    <p class='ocr_par' dir='ltr' id='par_1_30' title="bbox 261 2720 1788 2795">
     <span class='ocr_line' id='line_1_30' title="bbox 261 2720 1788 2795; baseline 0.001 -19"><span class='ocrx_word' id='word_1_189' title='bbox 261 2726 460 2792; x_wconf 57' lang='lat' dir='ltr'><strong>furta,</strong></span> <span class='ocrx_word' id='word_1_190' title='bbox 491 2720 1016 2793; x_wconf 60' lang='lat' dir='ltr'><strong>falsa&#39;teslimonia,</strong></span> <span class='ocrx_word' id='word_1_191' title='bbox 1052 2721 1406 2790; x_wconf 70' lang='lat' dir='ltr'><strong>blasphemia?</strong></span> <span class='ocrx_word' id='word_1_192' title='bbox 1435 2721 1641 2793; x_wconf 73' lang='lat' dir='ltr'><strong>(Matth.</strong></span> <span class='ocrx_word' id='word_1_193' title='bbox 1675 2723 1788 2795; x_wconf 88' lang='lat' dir='ltr'><strong>xv).</strong></span> 
     </span>
    </p>
   </div>
   <div class='ocr_carea' id='block_1_31' title="bbox 356 2809 1942 2881">
    <p class='ocr_par' dir='ltr' id='par_1_31' title="bbox 356 2809 1942 2881">
     <span class='ocr_line' id='line_1_31' title="bbox 356 2809 1942 2881; baseline 0 -15"><span class='ocrx_word' id='word_1_194' title='bbox 356 2812 487 2876; x_wconf 88' lang='lat' dir='ltr'><strong>Qua</strong></span> <span class='ocrx_word' id='word_1_195' title='bbox 505 2811 580 2865; x_wconf 91' lang='lat' dir='ltr'><strong>de</strong></span> <span class='ocrx_word' id='word_1_196' title='bbox 611 2826 672 2865; x_wconf 91' lang='lat' dir='ltr'><strong>re</strong></span> <span class='ocrx_word' id='word_1_197' title='bbox 699 2809 996 2881; x_wconf 87' lang='lat' dir='ltr'><strong>colligitur</strong></span> <span class='ocrx_word' id='word_1_198' title='bbox 1017 2810 1173 2881; x_wconf 90' lang='lat' dir='ltr'><strong>quia,</strong></span> <span class='ocrx_word' id='word_1_199' title='bbox 1197 2826 1330 2864; x_wconf 91' lang='lat' dir='ltr'><strong>cum</strong></span> <span class='ocrx_word' id='word_1_200' title='bbox 1361 2810 1603 2866; x_wconf 90' lang='lat' dir='ltr'><strong>interior</strong></span> <span class='ocrx_word' id='word_1_201' title='bbox 1631 2811 1805 2867; x_wconf 89' lang='lat' dir='ltr'><strong>homo</strong></span> <span class='ocrx_word' id='word_1_202' title='bbox 1830 2829 1942 2868; x_wconf 91' lang='lat' dir='ltr'><strong>non</strong></span> 
     </span>
    </p>
   </div>
   <div class='ocr_carea' id='block_1_32' title="bbox 286 2897 1943 2971">
    <p class='ocr_par' dir='ltr' id='par_1_32' title="bbox 286 2897 1943 2971">
     <span class='ocr_line' id='line_1_32' title="bbox 286 2897 1943 2971; baseline 0 -15"><span class='ocrx_word' id='word_1_203' title='bbox 286 2916 458 2957; x_wconf 83' lang='lat' dir='ltr'><strong>secus</strong></span> <span class='ocrx_word' id='word_1_204' title='bbox 489 2915 742 2970; x_wconf 87' lang='lat' dir='ltr'><strong>parvum</strong></span> <span class='ocrx_word' id='word_1_205' title='bbox 769 2897 1166 2954; x_wconf 89' lang='lat' dir='ltr'><strong>membrorum</strong></span> <span class='ocrx_word' id='word_1_206' title='bbox 1193 2898 1583 2971; x_wconf 90' lang='lat' dir='ltr'><strong>corporalium</strong></span> <span class='ocrx_word' id='word_1_207' title='bbox 1608 2917 1943 2969; x_wconf 89' lang='lat' dir='ltr'><strong>numerum,</strong></span> 
     </span>
    </p>
   </div>
   <div class='ocr_carea' id='block_1_33' title="bbox 282 2987 1949 3060">
    <p class='ocr_par' dir='ltr' id='par_1_33' title="bbox 282 2987 1949 3060">
     <span class='ocr_line' id='line_1_33' title="bbox 282 2987 1949 3060; baseline -0.001 -14"><span class='ocrx_word' id='word_1_208' title='bbox 282 2990 380 3046; x_wconf 87' lang='lat' dir='ltr'><strong>sed</strong></span> <span class='ocrx_word' id='word_1_209' title='bbox 405 2990 588 3060; x_wconf 84' lang='lat' dir='ltr'><strong>juxta</strong></span> <span class='ocrx_word' id='word_1_210' title='bbox 613 2987 896 3043; x_wconf 88' lang='lat' dir='ltr'><strong>vitiorum</strong></span> <span class='ocrx_word' id='word_1_211' title='bbox 947 2987 1385 3043; x_wconf 87' lang='lat' dir='ltr'><strong>multitudinem</strong></span> <span class='ocrx_word' id='word_1_212' title='bbox 1433 2987 1724 3043; x_wconf 88' lang='lat' dir='ltr'><strong>inﬁnitam</strong></span> <span class='ocrx_word' id='word_1_213' title='bbox 1756 2989 1949 3045; x_wconf 88' lang='lat' dir='ltr'><strong>valeat</strong></span> 
     </span>
    </p>
   </div>
   <div class='ocr_carea' id='block_1_34' title="bbox 284 3075 1948 3148">
    <p class='ocr_par' dir='ltr' id='par_1_34' title="bbox 284 3075 1948 3148">
     <span class='ocr_line' id='line_1_34' title="bbox 284 3075 1948 3148; baseline -0.001 -14"><span class='ocrx_word' id='word_1_214' title='bbox 284 3077 658 3148; x_wconf 81' lang='lat' dir='ltr'><strong>circumcidi,</strong></span> <span class='ocrx_word' id='word_1_215' title='bbox 711 3075 1037 3132; x_wconf 89' lang='lat' dir='ltr'><strong>innumeris</strong></span> <span class='ocrx_word' id='word_1_216' title='bbox 1093 3076 1271 3132; x_wconf 91' lang='lat' dir='ltr'><strong>etiam</strong></span> <span class='ocrx_word' id='word_1_217' title='bbox 1323 3077 1512 3132; x_wconf 91' lang='lat' dir='ltr'><strong>modis</strong></span> <span class='ocrx_word' id='word_1_218' title='bbox 1563 3082 1754 3148; x_wconf 90' lang='lat' dir='ltr'><strong>potest</strong></span> <span class='ocrx_word' id='word_1_219' title='bbox 1803 3079 1948 3134; x_wconf 89' lang='lat' dir='ltr'><strong>bene</strong></span> 
     </span>
    </p>
   </div>
   <div class='ocr_carea' id='block_1_35' title="bbox 2040 498 3683 562">
    <p class='ocr_par' dir='ltr' id='par_1_35' title="bbox 2040 498 3683 562">
     <span class='ocr_line' id='line_1_35' title="bbox 2040 498 3683 562; baseline 0.007 -11"><span class='ocrx_word' id='word_1_220' title='bbox 2040 498 2175 553; x_wconf 89' lang='lat' dir='ltr'><strong>mia.</strong></span> <span class='ocrx_word' id='word_1_221' title='bbox 2202 500 2289 552; x_wconf 86' lang='lat' dir='ltr'><strong>Ad</strong></span> <span class='ocrx_word' id='word_1_222' title='bbox 2322 499 2444 554; x_wconf 66' lang='lat' dir='ltr'><strong>haec</strong></span> <span class='ocrx_word' id='word_1_223' title='bbox 2465 499 2640 555; x_wconf 88' lang='lat' dir='ltr'><strong>etiam</strong></span> <span class='ocrx_word' id='word_1_224' title='bbox 2665 504 2856 558; x_wconf 91' lang='lat' dir='ltr'><strong>omnis</strong></span> <span class='ocrx_word' id='word_1_225' title='bbox 2877 505 3231 560; x_wconf 88' lang='lat' dir='ltr'><strong>Testamenti</strong></span> <span class='ocrx_word' id='word_1_226' title='bbox 3255 506 3477 562; x_wconf 89' lang='lat' dir='ltr'><strong>Veteris</strong></span> <span class='ocrx_word' id='word_1_227' title='bbox 3506 507 3683 562; x_wconf 86' lang='lat' dir='ltr'><strong>histe-</strong></span> 
     </span>
    </p>
   </div>
   <div class='ocr_carea' id='block_1_36' title="bbox 2039 587 3684 664">
    <p class='ocr_par' dir='ltr' id='par_1_36' title="bbox 2039 587 3684 664">
     <span class='ocr_line' id='line_1_36' title="bbox 2039 587 3684 664; baseline 0.007 -24"><span class='ocrx_word' id='word_1_228' title='bbox 2039 587 2122 641; x_wconf 86' lang='lat' dir='ltr'><strong>ria</strong></span> <span class='ocrx_word' id='word_1_229' title='bbox 2155 589 2422 658; x_wconf 82' lang='lat' dir='ltr'><strong>pertinet,</strong></span> <span class='ocrx_word' id='word_1_230' title='bbox 2449 606 2574 659; x_wconf 62' lang='lat' dir='ltr'><strong>qum</strong></span> <span class='ocrx_word' id='word_1_231' title='bbox 2625 591 2934 646; x_wconf 83' lang='lat' dir='ltr'><strong>carnaliter</strong></span> <span class='ocrx_word' id='word_1_232' title='bbox 2981 600 3143 664; x_wconf 87' lang='lat' dir='ltr'><strong>gesta</strong></span> <span class='ocrx_word' id='word_1_233' title='bbox 3172 596 3253 650; x_wconf 90' lang='lat' dir='ltr'><strong>ita</strong></span> <span class='ocrx_word' id='word_1_234' title='bbox 3282 596 3588 651; x_wconf 88' lang='lat' dir='ltr'><strong>denuntiat</strong></span> <span class='ocrx_word' id='word_1_235' title='bbox 3618 600 3684 652; x_wconf 89' lang='lat' dir='ltr'><strong>ut</strong></span> 
     </span>
    </p>
   </div>
   <div class='ocr_carea' id='block_1_37' title="bbox 2040 677 3680 756">
    <p class='ocr_par' dir='ltr' id='par_1_37' title="bbox 2040 677 3680 756">
     <span class='ocr_line' id='line_1_37' title="bbox 2040 677 3680 756; baseline 0.006 -26"><span class='ocrx_word' id='word_1_236' title='bbox 2040 678 2096 732; x_wconf 91' lang='lat' dir='ltr'><strong>in</strong></span> <span class='ocrx_word' id='word_1_237' title='bbox 2130 677 2213 733; x_wconf 89' lang='lat' dir='ltr'><strong>eis</strong></span> <span class='ocrx_word' id='word_1_238' title='bbox 2261 677 2584 748; x_wconf 87' lang='lat' dir='ltr'><strong>spiritualis</strong></span> <span class='ocrx_word' id='word_1_239' title='bbox 2612 679 2737 733; x_wconf 65' lang='lat' dir='ltr'><strong>vita:</strong></span> <span class='ocrx_word' id='word_1_240' title='bbox 2773 680 3214 752; x_wconf 82' lang='lat' dir='ltr'><strong>intelligentiam</strong></span> <span class='ocrx_word' id='word_1_241' title='bbox 3262 685 3680 756; x_wconf 80' lang='lat' dir='ltr'><strong>exquirendam</strong></span> 
     </span>
    </p>
   </div>
   <div class='ocr_carea' id='block_1_38' title="bbox 2039 767 3686 845">
    <p class='ocr_par' dir='ltr' id='par_1_38' title="bbox 2039 767 3686 845">
     <span class='ocr_line' id='line_1_38' title="bbox 2039 767 3686 845; baseline 0.005 -24"><span class='ocrx_word' id='word_1_242' title='bbox 2039 768 2296 822; x_wconf 85' lang='lat' dir='ltr'><strong>edoceat.</strong></span> <span class='ocrx_word' id='word_1_243' title='bbox 2322 767 2454 830; x_wconf 79' lang='lat' dir='ltr'><strong>Quae</strong></span> <span class='ocrx_word' id='word_1_244' title='bbox 2487 769 2624 838; x_wconf 85' lang='lat' dir='ltr'><strong>quia</strong></span> <span class='ocrx_word' id='word_1_245' title='bbox 2655 773 2791 824; x_wconf 88' lang='lat' dir='ltr'><strong>sunt</strong></span> <span class='ocrx_word' id='word_1_246' title='bbox 2823 774 2981 824; x_wconf 89' lang='lat' dir='ltr'><strong>tanta</strong></span> <span class='ocrx_word' id='word_1_247' title='bbox 3015 776 3078 824; x_wconf 90' lang='lat' dir='ltr'><strong>ut</strong></span> <span class='ocrx_word' id='word_1_248' title='bbox 3106 776 3162 826; x_wconf 88' lang='lat' dir='ltr'><strong>et</strong></span> <span class='ocrx_word' id='word_1_249' title='bbox 3189 772 3524 842; x_wconf 86' lang='lat' dir='ltr'><strong>peritissimi</strong></span> <span class='ocrx_word' id='word_1_250' title='bbox 3559 774 3686 845; x_wconf 88' lang='lat' dir='ltr'><strong>qui-</strong></span> 
     </span>
    </p>
   </div>
   <div class='ocr_carea' id='block_1_39' title="bbox 2041 856 3684 933">
    <p class='ocr_par' dir='ltr' id='par_1_39' title="bbox 2041 856 3684 933">
     <span class='ocr_line' id='line_1_39' title="bbox 2041 856 3684 933; baseline 0.005 -24"><span class='ocrx_word' id='word_1_251' title='bbox 2041 872 2153 926; x_wconf 86' lang='lat' dir='ltr'><strong>que</strong></span> <span class='ocrx_word' id='word_1_252' title='bbox 2178 856 2274 909; x_wconf 80' lang='lat' dir='ltr'><strong>vix</strong></span> <span class='ocrx_word' id='word_1_253' title='bbox 2304 858 2372 910; x_wconf 89' lang='lat' dir='ltr'><strong>ad</strong></span> <span class='ocrx_word' id='word_1_254' title='bbox 2407 857 2524 910; x_wconf 68' lang='lat' dir='ltr'><strong>haec</strong></span> <span class='ocrx_word' id='word_1_255' title='bbox 2555 857 2924 912; x_wconf 84' lang='lat' dir='ltr'><strong>discutienda</strong></span> <span class='ocrx_word' id='word_1_256' title='bbox 2952 859 3248 914; x_wconf 86' lang='lat' dir='ltr'><strong>sulﬁciant</strong></span> <span class='ocrx_word' id='word_1_257' title='bbox 3279 865 3334 915; x_wconf 91' lang='lat' dir='ltr'><strong>et</strong></span> <span class='ocrx_word' id='word_1_258' title='bbox 3363 863 3684 933; x_wconf 69' lang='lat' dir='ltr'><strong>saepissime</strong></span> 
     </span>
    </p>
   </div>
   <div class='ocr_carea' id='block_1_40' title="bbox 2040 944 3688 1018">
    <p class='ocr_par' dir='ltr' id='par_1_40' title="bbox 2040 944 3688 1018">
     <span class='ocr_line' id='line_1_40' title="bbox 2040 944 3688 1018; baseline 0.005 -20"><span class='ocrx_word' id='word_1_259' title='bbox 2040 962 2073 999; x_wconf 90' lang='lat' dir='ltr'><strong>a</strong></span> <span class='ocrx_word' id='word_1_260' title='bbox 2103 944 2369 999; x_wconf 89' lang='lat' dir='ltr'><strong>Patribus</strong></span> <span class='ocrx_word' id='word_1_261' title='bbox 2412 945 2630 999; x_wconf 87' lang='lat' dir='ltr'><strong>sanctis</strong></span> <span class='ocrx_word' id='word_1_262' title='bbox 2682 946 3047 1016; x_wconf 82' lang='lat' dir='ltr'><strong>reperiantur</strong></span> <span class='ocrx_word' id='word_1_263' title='bbox 3093 947 3380 1018; x_wconf 89' lang='lat' dir='ltr'><strong>discussa,</strong></span> <span class='ocrx_word' id='word_1_264' title='bbox 3414 953 3688 1008; x_wconf 81' lang='lat' dir='ltr'><strong>universa</strong></span> 
     </span>
    </p>
   </div>
   <div class='ocr_carea' id='block_1_41' title="bbox 2040 1033 2980 1105">
    <p class='ocr_par' dir='ltr' id='par_1_41' title="bbox 2040 1033 2980 1105">
     <span class='ocr_line' id='line_1_41' title="bbox 2040 1033 2980 1105; baseline 0.001 -16"><span class='ocrx_word' id='word_1_265' title='bbox 2040 1034 2165 1089; x_wconf 88' lang='lat' dir='ltr'><strong>sine</strong></span> <span class='ocrx_word' id='word_1_266' title='bbox 2195 1033 2562 1089; x_wconf 89' lang='lat' dir='ltr'><strong>discussione</strong></span> <span class='ocrx_word' id='word_1_267' title='bbox 2592 1035 2980 1105; x_wconf 69' lang='lat' dir='ltr'><strong>praeterimus.</strong></span> 
     </span>
    </p>
   </div>
   <div class='ocr_carea' id='block_1_42' title="bbox 2113 1121 3685 1197">
    <p class='ocr_par' dir='ltr' id='par_1_42' title="bbox 2113 1121 3685 1197">
     <span class='ocr_line' id='line_1_42' title="bbox 2113 1121 3685 1197; baseline 0.005 -21"><span class='ocrx_word' id='word_1_268' title='bbox 2113 1123 2175 1176; x_wconf 91' lang='lat' dir='ltr'><strong>In</strong></span> <span class='ocrx_word' id='word_1_269' title='bbox 2210 1121 2513 1177; x_wconf 89' lang='lat' dir='ltr'><strong>elementis</strong></span> <span class='ocrx_word' id='word_1_270' title='bbox 2543 1139 2774 1194; x_wconf 86' lang='lat' dir='ltr'><strong>quoque</strong></span> <span class='ocrx_word' id='word_1_271' title='bbox 2799 1128 2855 1178; x_wconf 91' lang='lat' dir='ltr'><strong>et</strong></span> <span class='ocrx_word' id='word_1_272' title='bbox 2885 1124 2942 1179; x_wconf 90' lang='lat' dir='ltr'><strong>iu</strong></span> <span class='ocrx_word' id='word_1_273' title='bbox 2976 1125 3150 1180; x_wconf 90' lang='lat' dir='ltr'><strong>rebus</strong></span> <span class='ocrx_word' id='word_1_274' title='bbox 3173 1126 3536 1197; x_wconf 78' lang='lat' dir='ltr'><strong>quibuslibet</strong></span> <span class='ocrx_word' id='word_1_275' title='bbox 3558 1128 3685 1184; x_wconf 79' lang='lat' dir='ltr'><strong>vitae</strong></span> 
     </span>
    </p>
   </div>
   <div class='ocr_carea' id='block_1_43' title="bbox 2044 1211 3689 1282">
    <p class='ocr_par' dir='ltr' id='par_1_43' title="bbox 2044 1211 3689 1282">
     <span class='ocr_line' id='line_1_43' title="bbox 2044 1211 3689 1282; baseline 0.005 -18"><span class='ocrx_word' id='word_1_276' title='bbox 2044 1211 2363 1281; x_wconf 85' lang='lat' dir='ltr'><strong>praesentis,</strong></span> <span class='ocrx_word' id='word_1_277' title='bbox 2418 1228 2519 1266; x_wconf 88' lang='lat' dir='ltr'><strong>nec</strong></span> <span class='ocrx_word' id='word_1_278' title='bbox 2565 1229 2679 1267; x_wconf 90' lang='lat' dir='ltr'><strong>non</strong></span> <span class='ocrx_word' id='word_1_279' title='bbox 2730 1214 2786 1266; x_wconf 90' lang='lat' dir='ltr'><strong>in</strong></span> <span class='ocrx_word' id='word_1_280' title='bbox 2839 1214 3394 1282; x_wconf 88' lang='lat' dir='ltr'><strong>consecrationibus,</strong></span> <span class='ocrx_word' id='word_1_281' title='bbox 3431 1216 3689 1274; x_wconf 87' lang='lat' dir='ltr'><strong>maxima</strong></span> 
     </span>
    </p>
   </div>
   <div class='ocr_carea' id='block_1_44' title="bbox 2042 1298 3690 1377">
    <p class='ocr_par' dir='ltr' id='par_1_44' title="bbox 2042 1298 3690 1377">
     <span class='ocr_line' id='line_1_44' title="bbox 2042 1298 3690 1377; baseline 0.005 -24"><span class='ocrx_word' id='word_1_282' title='bbox 2042 1298 2318 1371; x_wconf 82' lang='lat' dir='ltr'><strong>mysteria</strong></span> <span class='ocrx_word' id='word_1_283' title='bbox 2348 1300 2741 1356; x_wconf 88' lang='lat' dir='ltr'><strong>inveniuntur.</strong></span> <span class='ocrx_word' id='word_1_284' title='bbox 2773 1302 3072 1358; x_wconf 88' lang='lat' dir='ltr'><strong>Elementa</strong></span> <span class='ocrx_word' id='word_1_285' title='bbox 3098 1304 3329 1359; x_wconf 90' lang='lat' dir='ltr'><strong>audiem</strong></span> <span class='ocrx_word' id='word_1_286' title='bbox 3365 1305 3512 1372; x_wconf 89' lang='lat' dir='ltr'><strong>dico,</strong></span> <span class='ocrx_word' id='word_1_287' title='bbox 3537 1323 3690 1377; x_wconf 80' lang='lat' dir='ltr'><strong>quae-</strong></span> 
     </span>
    </p>
   </div>
   <div class='ocr_carea' id='block_1_45' title="bbox 2043 1389 3686 1461">
    <p class='ocr_par' dir='ltr' id='par_1_45' title="bbox 2043 1389 3686 1461">
     <span class='ocr_line' id='line_1_45' title="bbox 2043 1389 3686 1461; baseline 0.004 -17"><span class='ocrx_word' id='word_1_288' title='bbox 2043 1405 2275 1458; x_wconf 87' lang='lat' dir='ltr'><strong>cunque</strong></span> <span class='ocrx_word' id='word_1_289' title='bbox 2304 1389 2413 1443; x_wconf 89' lang='lat' dir='ltr'><strong>sub</strong></span> <span class='ocrx_word' id='word_1_290' title='bbox 2445 1390 2752 1461; x_wconf 89' lang='lat' dir='ltr'><strong>corporali,</strong></span> <span class='ocrx_word' id='word_1_291' title='bbox 2783 1391 2870 1446; x_wconf 87' lang='lat' dir='ltr'><strong>vel</strong></span> <span class='ocrx_word' id='word_1_292' title='bbox 2901 1391 3177 1447; x_wconf 88' lang='lat' dir='ltr'><strong>invisibili</strong></span> <span class='ocrx_word' id='word_1_293' title='bbox 3209 1393 3542 1450; x_wconf 88' lang='lat' dir='ltr'><strong>substantia</strong></span> <span class='ocrx_word' id='word_1_294' title='bbox 3572 1395 3686 1450; x_wconf 89' lang='lat' dir='ltr'><strong>hu-</strong></span> 
     </span>
    </p>
   </div>
   <div class='ocr_carea' id='block_1_46' title="bbox 2046 1478 3685 1553">
    <p class='ocr_par' dir='ltr' id='par_1_46' title="bbox 2046 1478 3685 1553">
     <span class='ocr_line' id='line_1_46' title="bbox 2046 1478 3685 1553; baseline 0.007 -22"><span class='ocrx_word' id='word_1_295' title='bbox 2046 1478 2236 1532; x_wconf 83' lang='lat' dir='ltr'><strong>manis</strong></span> <span class='ocrx_word' id='word_1_296' title='bbox 2295 1479 2499 1532; x_wconf 92' lang='lat' dir='ltr'><strong>usibus</strong></span> <span class='ocrx_word' id='word_1_297' title='bbox 2558 1480 2912 1536; x_wconf 89' lang='lat' dir='ltr'><strong>deserviunt.</strong></span> <span class='ocrx_word' id='word_1_298' title='bbox 2943 1481 3105 1536; x_wconf 91' lang='lat' dir='ltr'><strong>Unde</strong></span> <span class='ocrx_word' id='word_1_299' title='bbox 3153 1482 3328 1538; x_wconf 88' lang='lat' dir='ltr'><strong>etiam</strong></span> <span class='ocrx_word' id='word_1_300' title='bbox 3377 1483 3685 1553; x_wconf 83' lang='lat' dir='ltr'><strong>elementa,</strong></span> 
     </span>
    </p>
   </div>
   <div class='ocr_carea' id='block_1_47' title="bbox 2046 1566 3688 1644">
    <p class='ocr_par' dir='ltr' id='par_1_47' title="bbox 2046 1566 3688 1644">
     <span class='ocr_line' id='line_1_47' title="bbox 2046 1566 3688 1644; baseline 0.005 -24"><span class='ocrx_word' id='word_1_301' title='bbox 2046 1567 2214 1638; x_wconf 89' lang='lat' dir='ltr'><strong>quasi</strong></span> <span class='ocrx_word' id='word_1_302' title='bbox 2245 1566 2621 1637; x_wconf 86' lang='lat' dir='ltr'><strong>elevamenta,</strong></span> <span class='ocrx_word' id='word_1_303' title='bbox 2646 1569 2703 1622; x_wconf 90' lang='lat' dir='ltr'><strong>id</strong></span> <span class='ocrx_word' id='word_1_304' title='bbox 2735 1573 2822 1623; x_wconf 87' lang='lat' dir='ltr'><strong>est</strong></span> <span class='ocrx_word' id='word_1_305' title='bbox 2850 1569 3258 1640; x_wconf 89' lang='lat' dir='ltr'><strong>supplementa</strong></span> <span class='ocrx_word' id='word_1_306' title='bbox 3279 1572 3556 1627; x_wconf 88' lang='lat' dir='ltr'><strong>dicuntur</strong></span> <span class='ocrx_word' id='word_1_307' title='bbox 3585 1589 3688 1644; x_wconf 86' lang='lat' dir='ltr'><strong>pro</strong></span> 
     </span>
    </p>
   </div>
   <div class='ocr_carea' id='block_1_48' title="bbox 2045 1655 3687 1730">
    <p class='ocr_par' dir='ltr' id='par_1_48' title="bbox 2045 1655 3687 1730">
     <span class='ocr_line' id='line_1_48' title="bbox 2045 1655 3687 1730; baseline 0.004 -20"><span class='ocrx_word' id='word_1_308' title='bbox 2045 1672 2110 1710; x_wconf 90' lang='lat' dir='ltr'><strong>eo</strong></span> <span class='ocrx_word' id='word_1_309' title='bbox 2132 1655 2284 1725; x_wconf 90' lang='lat' dir='ltr'><strong>quod</strong></span> <span class='ocrx_word' id='word_1_310' title='bbox 2308 1655 2578 1709; x_wconf 79' lang='lat' dir='ltr'><strong>humanae</strong></span> <span class='ocrx_word' id='word_1_311' title='bbox 2605 1655 2899 1726; x_wconf 86' lang='lat' dir='ltr'><strong>l&#39;ragilitati</strong></span> <span class='ocrx_word' id='word_1_312' title='bbox 2927 1675 3026 1728; x_wconf 90' lang='lat' dir='ltr'><strong>pro</strong></span> <span class='ocrx_word' id='word_1_313' title='bbox 3049 1659 3455 1730; x_wconf 88' lang='lat' dir='ltr'><strong>supplemento</strong></span> <span class='ocrx_word' id='word_1_314' title='bbox 3476 1677 3687 1716; x_wconf 88' lang='lat' dir='ltr'><strong>conce-</strong></span> 
     </span>
    </p>
   </div>
   <div class='ocr_carea' id='block_1_49' title="bbox 2047 1743 3687 1813">
    <p class='ocr_par' dir='ltr' id='par_1_49' title="bbox 2047 1743 3687 1813">
     <span class='ocr_line' id='line_1_49' title="bbox 2047 1743 3687 1813; baseline 0.004 -15"><span class='ocrx_word' id='word_1_315' title='bbox 2047 1745 2287 1813; x_wconf 88' lang='lat' dir='ltr'><strong>duntur,</strong></span> <span class='ocrx_word' id='word_1_316' title='bbox 2315 1750 2378 1798; x_wconf 92' lang='lat' dir='ltr'><strong>ut</strong></span> <span class='ocrx_word' id='word_1_317' title='bbox 2408 1744 2514 1808; x_wconf 90' lang='lat' dir='ltr'><strong>sol,</strong></span> <span class='ocrx_word' id='word_1_318' title='bbox 2550 1743 2709 1808; x_wconf 89' lang='lat' dir='ltr'><strong>luna,</strong></span> <span class='ocrx_word' id='word_1_319' title='bbox 2734 1744 2936 1810; x_wconf 75' lang='lat' dir='ltr'><strong>stollze,</strong></span> <span class='ocrx_word' id='word_1_320' title='bbox 2975 1747 3273 1813; x_wconf 87' lang='lat' dir='ltr'><strong>animalia,</strong></span> <span class='ocrx_word' id='word_1_321' title='bbox 3297 1749 3493 1803; x_wconf 80' lang='lat' dir='ltr'><strong>bestiae</strong></span> <span class='ocrx_word' id='word_1_322' title='bbox 3525 1757 3687 1804; x_wconf 67' lang='lat' dir='ltr'><strong>caete-</strong></span> 
     </span>
    </p>
   </div>
   <div class='ocr_carea' id='block_1_50' title="bbox 2045 1832 3690 1903">
    <p class='ocr_par' dir='ltr' id='par_1_50' title="bbox 2045 1832 3690 1903">
     <span class='ocr_line' id='line_1_50' title="bbox 2045 1832 3690 1903; baseline 0.002 -16"><span class='ocrx_word' id='word_1_323' title='bbox 2045 1848 2224 1903; x_wconf 90' lang='lat' dir='ltr'><strong>raque</strong></span> <span class='ocrx_word' id='word_1_324' title='bbox 2256 1832 2616 1902; x_wconf 81' lang='lat' dir='ltr'><strong>hujusmodi.</strong></span> <span class='ocrx_word' id='word_1_325' title='bbox 2651 1832 2772 1886; x_wconf 92' lang='lat' dir='ltr'><strong>Non</strong></span> <span class='ocrx_word' id='word_1_326' title='bbox 2816 1832 2900 1887; x_wconf 92' lang='lat' dir='ltr'><strong>sol</strong></span> <span class='ocrx_word' id='word_1_327' title='bbox 2941 1838 3214 1890; x_wconf 82' lang='lat' dir='ltr'><strong>aeternam</strong></span> <span class='ocrx_word' id='word_1_328' title='bbox 3251 1837 3345 1890; x_wconf 89' lang='lat' dir='ltr'><strong>Dei</strong></span> <span class='ocrx_word' id='word_1_329' title='bbox 3377 1842 3433 1890; x_wconf 90' lang='lat' dir='ltr'><strong>et</strong></span> <span class='ocrx_word' id='word_1_330' title='bbox 3467 1836 3690 1892; x_wconf 86' lang='lat' dir='ltr'><strong>Domini</strong></span> 
     </span>
    </p>
   </div>
   <div class='ocr_carea' id='block_1_51' title="bbox 2046 1920 3772 1987">
    <p class='ocr_par' dir='ltr' id='par_1_51' title="bbox 2046 1920 3772 1987">
     <span class='ocr_line' id='line_1_51' title="bbox 2046 1920 3772 1987; baseline 0.001 -13"><span class='ocrx_word' id='word_1_331' title='bbox 2046 1921 2230 1975; x_wconf 89' lang='lat' dir='ltr'><strong>nostri</strong></span> <span class='ocrx_word' id='word_1_332' title='bbox 2260 1920 2398 1974; x_wconf 87' lang='lat' dir='ltr'><strong>Jesu</strong></span> <span class='ocrx_word' id='word_1_333' title='bbox 2432 1920 2645 1975; x_wconf 88' lang='lat' dir='ltr'><strong>Christi</strong></span> <span class='ocrx_word' id='word_1_334' title='bbox 2671 1920 3013 1987; x_wconf 87' lang='lat' dir='ltr'><strong>claritatem,</strong></span> <span class='ocrx_word' id='word_1_335' title='bbox 3043 1921 3185 1977; x_wconf 90' lang='lat' dir='ltr'><strong>luna</strong></span> <span class='ocrx_word' id='word_1_336' title='bbox 3214 1930 3478 1979; x_wconf 88' lang='lat' dir='ltr'><strong>sanctam</strong></span> <span class='ocrx_word' id='word_1_337' title='bbox 3511 1931 3568 1980; x_wconf 91' lang='lat' dir='ltr'><strong>et</strong></span> <span class='ocrx_word' id='word_1_338' title='bbox 3595 1941 3689 1981; x_wconf 86' lang='lat' dir='ltr'><strong>ca-</strong></span> <span class='ocrx_word' id='word_1_339' title='bbox 3765 1969 3772 1975; x_wconf 91' lang='lat'><strong>.</strong></span> 
     </span>
    </p>
   </div>
   <div class='ocr_carea' id='block_1_52' title="bbox 2044 2009 3688 2084">
    <p class='ocr_par' dir='ltr' id='par_1_52' title="bbox 2044 2009 3688 2084">
     <span class='ocr_line' id='line_1_52' title="bbox 2044 2009 3688 2084; baseline 0.002 -20"><span class='ocrx_word' id='word_1_340' title='bbox 2044 2009 2320 2064; x_wconf 88' lang='lat' dir='ltr'><strong>tholicam</strong></span> <span class='ocrx_word' id='word_1_341' title='bbox 2372 2009 2685 2064; x_wconf 87' lang='lat' dir='ltr'><strong>Ecclesiam</strong></span> <span class='ocrx_word' id='word_1_342' title='bbox 2735 2010 2977 2082; x_wconf 79' lang='lat' dir='ltr'><strong>mystice</strong></span> <span class='ocrx_word' id='word_1_343' title='bbox 3020 2011 3352 2083; x_wconf 89' lang='lat' dir='ltr'><strong>designant,</strong></span> <span class='ocrx_word' id='word_1_344' title='bbox 3386 2012 3688 2084; x_wconf 89' lang='lat' dir='ltr'><strong>quoniam,</strong></span> 
     </span>
    </p>
   </div>
   <div class='ocr_carea' id='block_1_53' title="bbox 2045 2097 3690 2170">
    <p class='ocr_par' dir='ltr' id='par_1_53' title="bbox 2045 2097 3690 2170">
     <span class='ocr_line' id='line_1_53' title="bbox 2045 2097 3690 2170; baseline 0.003 -17"><span class='ocrx_word' id='word_1_345' title='bbox 2045 2098 2198 2153; x_wconf 90' lang='lat' dir='ltr'><strong>sicut</strong></span> <span class='ocrx_word' id='word_1_346' title='bbox 2227 2097 2385 2163; x_wconf 89' lang='lat' dir='ltr'><strong>luna,</strong></span> <span class='ocrx_word' id='word_1_347' title='bbox 2409 2097 2491 2152; x_wconf 92' lang='lat' dir='ltr'><strong>ita</strong></span> <span class='ocrx_word' id='word_1_348' title='bbox 2520 2101 2575 2151; x_wconf 86' lang='lat' dir='ltr'><strong>et</strong></span> <span class='ocrx_word' id='word_1_349' title='bbox 2605 2104 2806 2153; x_wconf 90' lang='lat' dir='ltr'><strong>sancta</strong></span> <span class='ocrx_word' id='word_1_350' title='bbox 2828 2099 3101 2163; x_wconf 85' lang='lat' dir='ltr'><strong>Ecclesia,</strong></span> <span class='ocrx_word' id='word_1_351' title='bbox 3129 2117 3282 2155; x_wconf 91' lang='lat' dir='ltr'><strong>nunc</strong></span> <span class='ocrx_word' id='word_1_352' title='bbox 3309 2101 3690 2170; x_wconf 88' lang='lat' dir='ltr'><strong>incrementa,</strong></span> 
     </span>
    </p>
   </div>
   <div class='ocr_carea' id='block_1_54' title="bbox 2046 2186 3691 2264">
    <p class='ocr_par' dir='ltr' id='par_1_54' title="bbox 2046 2186 3691 2264">
     <span class='ocr_line' id='line_1_54' title="bbox 2046 2186 3691 2264; baseline 0.005 -24"><span class='ocrx_word' id='word_1_353' title='bbox 2046 2204 2200 2241; x_wconf 87' lang='lat' dir='ltr'><strong>nunc</strong></span> <span class='ocrx_word' id='word_1_354' title='bbox 2230 2186 2578 2242; x_wconf 86' lang='lat' dir='ltr'><strong>detrimenta</strong></span> <span class='ocrx_word' id='word_1_355' title='bbox 2622 2188 2712 2242; x_wconf 91' lang='lat' dir='ltr'><strong>sui</strong></span> <span class='ocrx_word' id='word_1_356' title='bbox 2765 2189 3000 2259; x_wconf 89' lang='lat' dir='ltr'><strong>patitur.</strong></span> <span class='ocrx_word' id='word_1_357' title='bbox 3037 2189 3105 2243; x_wconf 88' lang='lat' dir='ltr'><strong>Et</strong></span> <span class='ocrx_word' id='word_1_358' title='bbox 3134 2189 3287 2244; x_wconf 90' lang='lat' dir='ltr'><strong>sicut</strong></span> <span class='ocrx_word' id='word_1_359' title='bbox 3336 2189 3478 2246; x_wconf 89' lang='lat' dir='ltr'><strong>luna</strong></span> <span class='ocrx_word' id='word_1_360' title='bbox 3507 2209 3691 2264; x_wconf 85' lang='lat' dir='ltr'><strong>appa-</strong></span> 
     </span>
    </p>
   </div>
   <div class='ocr_carea' id='block_1_55' title="bbox 2047 2275 3692 2344">
    <p class='ocr_par' dir='ltr' id='par_1_55' title="bbox 2047 2275 3692 2344">
     <span class='ocr_line' id='line_1_55' title="bbox 2047 2275 3692 2344; baseline 0.004 -14"><span class='ocrx_word' id='word_1_361' title='bbox 2047 2281 2207 2331; x_wconf 89' lang='lat' dir='ltr'><strong>rente</strong></span> <span class='ocrx_word' id='word_1_362' title='bbox 2236 2276 2498 2331; x_wconf 86' lang='lat' dir='ltr'><strong>claritate</strong></span> <span class='ocrx_word' id='word_1_363' title='bbox 2525 2275 2665 2331; x_wconf 92' lang='lat' dir='ltr'><strong>solis</strong></span> <span class='ocrx_word' id='word_1_364' title='bbox 2697 2276 2938 2331; x_wconf 88' lang='lat' dir='ltr'><strong>minime</strong></span> <span class='ocrx_word' id='word_1_365' title='bbox 2968 2278 3143 2344; x_wconf 90' lang='lat' dir='ltr'><strong>lucet,</strong></span> <span class='ocrx_word' id='word_1_366' title='bbox 3167 2280 3465 2334; x_wconf 88' lang='lat' dir='ltr'><strong>occidente</strong></span> <span class='ocrx_word' id='word_1_367' title='bbox 3496 2286 3692 2336; x_wconf 89' lang='lat' dir='ltr'><strong>autem</strong></span> 
     </span>
    </p>
   </div>
   <div class='ocr_carea' id='block_1_56' title="bbox 2049 2363 3691 2439">
    <p class='ocr_par' dir='ltr' id='par_1_56' title="bbox 2049 2363 3691 2439">
     <span class='ocr_line' id='line_1_56' title="bbox 2049 2363 3691 2439; baseline 0.003 -20"><span class='ocrx_word' id='word_1_368' title='bbox 2049 2382 2182 2420; x_wconf 85' lang='lat' dir='ltr'><strong>mox</strong></span> <span class='ocrx_word' id='word_1_369' title='bbox 2209 2364 2402 2420; x_wconf 90' lang='lat' dir='ltr'><strong>lucere</strong></span> <span class='ocrx_word' id='word_1_370' title='bbox 2441 2363 2604 2426; x_wconf 89' lang='lat' dir='ltr'><strong>solet,</strong></span> <span class='ocrx_word' id='word_1_371' title='bbox 2641 2367 2720 2419; x_wconf 91' lang='lat' dir='ltr'><strong>ita</strong></span> <span class='ocrx_word' id='word_1_372' title='bbox 2751 2370 2806 2419; x_wconf 89' lang='lat' dir='ltr'><strong>et</strong></span> <span class='ocrx_word' id='word_1_373' title='bbox 2837 2365 3111 2432; x_wconf 87' lang='lat' dir='ltr'><strong>Ecclesia,</strong></span> <span class='ocrx_word' id='word_1_374' title='bbox 3143 2368 3350 2422; x_wconf 71' lang='lat' dir='ltr'><strong>divinae</strong></span> <span class='ocrx_word' id='word_1_375' title='bbox 3382 2369 3691 2439; x_wconf 88' lang='lat' dir='ltr'><strong>perfectio-</strong></span> 
     </span>
    </p>
   </div>
   <div class='ocr_carea' id='block_1_57' title="bbox 2047 2454 3694 2526">
    <p class='ocr_par' dir='ltr' id='par_1_57' title="bbox 2047 2454 3694 2526">
     <span class='ocr_line' id='line_1_57' title="bbox 2047 2454 3694 2526; baseline 0.002 -18"><span class='ocrx_word' id='word_1_376' title='bbox 2047 2456 2136 2510; x_wconf 89' lang='lat' dir='ltr'><strong>nis</strong></span> <span class='ocrx_word' id='word_1_377' title='bbox 2169 2454 2423 2509; x_wconf 88' lang='lat' dir='ltr'><strong>claritati</strong></span> <span class='ocrx_word' id='word_1_378' title='bbox 2455 2459 2814 2525; x_wconf 87' lang='lat' dir='ltr'><strong>comparata,</strong></span> <span class='ocrx_word' id='word_1_379' title='bbox 2849 2454 3070 2509; x_wconf 87' lang='lat' dir='ltr'><strong>nullam</strong></span> <span class='ocrx_word' id='word_1_380' title='bbox 3093 2456 3340 2526; x_wconf 70' lang='lat' dir='ltr'><strong>justitiae</strong></span> <span class='ocrx_word' id='word_1_381' title='bbox 3370 2457 3557 2512; x_wconf 91' lang='lat' dir='ltr'><strong>lucem</strong></span> <span class='ocrx_word' id='word_1_382' title='bbox 3587 2457 3694 2512; x_wconf 86' lang='lat' dir='ltr'><strong>ha-</strong></span> 
     </span>
    </p>
   </div>
   <div class='ocr_carea' id='block_1_58' title="bbox 2049 2543 3694 2614">
    <p class='ocr_par' dir='ltr' id='par_1_58' title="bbox 2049 2543 3694 2614">
     <span class='ocr_line' id='line_1_58' title="bbox 2049 2543 3694 2614; baseline 0.002 -15"><span class='ocrx_word' id='word_1_383' title='bbox 2049 2544 2174 2611; x_wconf 90' lang='lat' dir='ltr'><strong>bet;</strong></span> <span class='ocrx_word' id='word_1_384' title='bbox 2211 2560 2312 2614; x_wconf 89' lang='lat' dir='ltr'><strong>per</strong></span> <span class='ocrx_word' id='word_1_385' title='bbox 2349 2560 2409 2598; x_wconf 90' lang='lat' dir='ltr'><strong>se</strong></span> <span class='ocrx_word' id='word_1_386' title='bbox 2456 2559 2608 2612; x_wconf 86' lang='lat' dir='ltr'><strong>vero,</strong></span> <span class='ocrx_word' id='word_1_387' title='bbox 2643 2543 2700 2596; x_wconf 93' lang='lat' dir='ltr'><strong>id</strong></span> <span class='ocrx_word' id='word_1_388' title='bbox 2730 2548 2819 2598; x_wconf 91' lang='lat' dir='ltr'><strong>est</strong></span> <span class='ocrx_word' id='word_1_389' title='bbox 2851 2543 3000 2598; x_wconf 90' lang='lat' dir='ltr'><strong>inter</strong></span> <span class='ocrx_word' id='word_1_390' title='bbox 3049 2544 3344 2613; x_wconf 80' lang='lat' dir='ltr'><strong>mortales,</strong></span> <span class='ocrx_word' id='word_1_391' title='bbox 3378 2546 3694 2604; x_wconf 89' lang='lat' dir='ltr'><strong>virtutibus</strong></span> 
     </span>
    </p>
   </div>
   <div class='ocr_carea' id='block_1_59' title="bbox 2050 2629 3694 2703">
    <p class='ocr_par' dir='ltr' id='par_1_59' title="bbox 2050 2629 3694 2703">
     <span class='ocr_line' id='line_1_59' title="bbox 2050 2629 3694 2703; baseline 0.002 -17"><span class='ocrx_word' id='word_1_392' title='bbox 2050 2631 2325 2702; x_wconf 88' lang='lat' dir='ltr'><strong>plurimis</strong></span> <span class='ocrx_word' id='word_1_393' title='bbox 2374 2630 2544 2685; x_wconf 85' lang='lat' dir='ltr'><strong>lucet.</strong></span> <span class='ocrx_word' id='word_1_394' title='bbox 2578 2629 2766 2686; x_wconf 78' lang='lat' dir='ltr'><strong>Stellae</strong></span> <span class='ocrx_word' id='word_1_395' title='bbox 2824 2631 3088 2702; x_wconf 90' lang='lat' dir='ltr'><strong>singulos</strong></span> <span class='ocrx_word' id='word_1_396' title='bbox 3138 2649 3402 2703; x_wconf 88' lang='lat' dir='ltr'><strong>quosque</strong></span> <span class='ocrx_word' id='word_1_397' title='bbox 3460 2639 3694 2689; x_wconf 86' lang='lat' dir='ltr'><strong>sanctos</strong></span> 
     </span>
    </p>
   </div>
   <div class='ocr_carea' id='block_1_60' title="bbox 2053 2719 3697 2790">
    <p class='ocr_par' dir='ltr' id='par_1_60' title="bbox 2053 2719 3697 2790">
     <span class='ocr_line' id='line_1_60' title="bbox 2053 2719 3697 2790; baseline 0.001 -15"><span class='ocrx_word' id='word_1_398' title='bbox 2053 2722 2350 2790; x_wconf 86' lang='lat' dir='ltr'><strong>denotant,</strong></span> <span class='ocrx_word' id='word_1_399' title='bbox 2384 2719 2522 2790; x_wconf 89' lang='lat' dir='ltr'><strong>quia</strong></span> <span class='ocrx_word' id='word_1_400' title='bbox 2553 2720 2706 2774; x_wconf 89' lang='lat' dir='ltr'><strong>sicut</strong></span> <span class='ocrx_word' id='word_1_401' title='bbox 2749 2719 2920 2774; x_wconf 89' lang='lat' dir='ltr'><strong>stella</strong></span> <span class='ocrx_word' id='word_1_402' title='bbox 2962 2720 3155 2775; x_wconf 80' lang='lat' dir='ltr'><strong>differt</strong></span> <span class='ocrx_word' id='word_1_403' title='bbox 3180 2739 3213 2775; x_wconf 90' lang='lat' dir='ltr'><strong>a</strong></span> <span class='ocrx_word' id='word_1_404' title='bbox 3242 2721 3409 2776; x_wconf 88' lang='lat' dir='ltr'><strong>stella</strong></span> <span class='ocrx_word' id='word_1_405' title='bbox 3438 2721 3697 2779; x_wconf 83' lang='lat' dir='ltr'><strong>claritate</strong></span> 
     </span>
    </p>
   </div>
   <div class='ocr_carea' id='block_1_61' title="bbox 2054 2808 3694 2880">
    <p class='ocr_par' dir='ltr' id='par_1_61' title="bbox 2054 2808 3694 2880">
     <span class='ocr_line' id='line_1_61' title="bbox 2054 2808 3694 2880; baseline -0.001 -14"><span class='ocrx_word' id='word_1_406' title='bbox 2054 2814 2102 2877; x_wconf 89' lang='lat' dir='ltr'><strong>(I</strong></span> <span class='ocrx_word' id='word_1_407' title='bbox 2135 2809 2258 2864; x_wconf 86' lang='lat' dir='ltr'><strong>Cor.</strong></span> <span class='ocrx_word' id='word_1_408' title='bbox 2292 2812 2405 2877; x_wconf 76' lang='lat' dir='ltr'><strong>xv),</strong></span> <span class='ocrx_word' id='word_1_409' title='bbox 2445 2808 2521 2863; x_wconf 89' lang='lat' dir='ltr'><strong>ita</strong></span> <span class='ocrx_word' id='word_1_410' title='bbox 2551 2812 2608 2863; x_wconf 89' lang='lat' dir='ltr'><strong>et</strong></span> <span class='ocrx_word' id='word_1_411' title='bbox 2639 2813 2876 2863; x_wconf 87' lang='lat' dir='ltr'><strong>sanctus</strong></span> <span class='ocrx_word' id='word_1_412' title='bbox 2907 2808 3153 2880; x_wconf 90' lang='lat' dir='ltr'><strong>quilibet</strong></span> <span class='ocrx_word' id='word_1_413' title='bbox 3185 2811 3255 2864; x_wconf 92' lang='lat' dir='ltr'><strong>ab</strong></span> <span class='ocrx_word' id='word_1_414' title='bbox 3286 2809 3528 2865; x_wconf 88' lang='lat' dir='ltr'><strong>alterius</strong></span> <span class='ocrx_word' id='word_1_415' title='bbox 3557 2827 3694 2865; x_wconf 89' lang='lat' dir='ltr'><strong>san-</strong></span> 
     </span>
    </p>
   </div>
   <div class='ocr_carea' id='block_1_62' title="bbox 2055 2898 2275 2954">
    <p class='ocr_par' dir='ltr' id='par_1_62' title="bbox 2055 2898 2275 2954">
     <span class='ocr_line' id='line_1_62' title="bbox 2055 2898 2275 2954; baseline -0.009 0"><span class='ocrx_word' id='word_1_416' title='bbox 2055 2898 2275 2954; x_wconf 88' lang='lat' dir='ltr'><strong>ctitate.</strong></span> 
     </span>
    </p>
   </div>
   <div class='ocr_carea' id='block_1_63' title="bbox 2127 2985 3701 3058">
    <p class='ocr_par' dir='ltr' id='par_1_63' title="bbox 2127 2985 3701 3058">
     <span class='ocr_line' id='line_1_63' title="bbox 2127 2985 3701 3058; baseline 0 -17"><span class='ocrx_word' id='word_1_417' title='bbox 2127 2985 2421 3041; x_wconf 79' lang='lat' dir='ltr'><strong>Animalia</strong></span> <span class='ocrx_word' id='word_1_418' title='bbox 2448 3001 2579 3040; x_wconf 87' lang='lat' dir='ltr'><strong>vero</strong></span> <span class='ocrx_word' id='word_1_419' title='bbox 2614 2985 2753 3040; x_wconf 89' lang='lat' dir='ltr'><strong>illud</strong></span> <span class='ocrx_word' id='word_1_420' title='bbox 2805 2986 3048 3058; x_wconf 81' lang='lat' dir='ltr'><strong>mystice</strong></span> <span class='ocrx_word' id='word_1_421' title='bbox 3091 2986 3421 3058; x_wconf 89' lang='lat' dir='ltr'><strong>designant,</strong></span> <span class='ocrx_word' id='word_1_422' title='bbox 3454 2991 3518 3042; x_wconf 91' lang='lat' dir='ltr'><strong>ut</strong></span> <span class='ocrx_word' id='word_1_423' title='bbox 3547 2987 3701 3043; x_wconf 90' lang='lat' dir='ltr'><strong>sicut</strong></span> 
     </span>
    </p>
   </div>
   <div class='ocr_carea' id='block_1_64' title="bbox 2059 3075 3700 3147">
    <p class='ocr_par' dir='ltr' id='par_1_64' title="bbox 2059 3075 3700 3147">
     <span class='ocr_line' id='line_1_64' title="bbox 2059 3075 3700 3147; baseline 0.001 -18"><span class='ocrx_word' id='word_1_424' title='bbox 2059 3076 2187 3146; x_wconf 91' lang='lat' dir='ltr'><strong>ipsa</strong></span> <span class='ocrx_word' id='word_1_425' title='bbox 2217 3076 2423 3131; x_wconf 90' lang='lat' dir='ltr'><strong>usibus</strong></span> <span class='ocrx_word' id='word_1_426' title='bbox 2445 3075 2619 3131; x_wconf 90' lang='lat' dir='ltr'><strong>variis</strong></span> <span class='ocrx_word' id='word_1_427' title='bbox 2643 3075 2950 3130; x_wconf 89' lang='lat' dir='ltr'><strong>hominum</strong></span> <span class='ocrx_word' id='word_1_428' title='bbox 2982 3077 3247 3147; x_wconf 85' lang='lat' dir='ltr'><strong>subjecta</strong></span> <span class='ocrx_word' id='word_1_429' title='bbox 3273 3075 3417 3132; x_wconf 85' lang='lat' dir='ltr'><strong>nihil</strong></span> <span class='ocrx_word' id='word_1_430' title='bbox 3442 3076 3700 3132; x_wconf 88' lang='lat' dir='ltr'><strong>renitun-</strong></span> 
     </span>
    </p>
   </div>
   <div class='ocr_carea' id='block_1_65' title="bbox 284 3155 3701 3239">
    <p class='ocr_par' dir='ltr' id='par_1_65' title="bbox 284 3155 3701 3239">
     <span class='ocr_line' id='line_1_65' title="bbox 284 3155 3701 3239; baseline -0.002 -16"><span class='ocrx_word' id='word_1_431' title='bbox 284 3183 460 3239; x_wconf 85' lang='lat' dir='ltr'><strong>agere</strong></span> <span class='ocrx_word' id='word_1_432' title='bbox 504 3183 569 3222; x_wconf 84' lang='lat' dir='ltr'><strong>se</strong></span> <span class='ocrx_word' id='word_1_433' title='bbox 619 3165 1112 3234; x_wconf 80' lang='lat' dir='ltr'><strong>circumcidenda,</strong></span> <span class='ocrx_word' id='word_1_434' title='bbox 1140 3163 1228 3219; x_wconf 90' lang='lat' dir='ltr'><strong>vel</strong></span> <span class='ocrx_word' id='word_1_435' title='bbox 1278 3164 1428 3220; x_wconf 90' lang='lat' dir='ltr'><strong>male</strong></span> <span class='ocrx_word' id='word_1_436' title='bbox 1479 3182 1590 3221; x_wconf 86' lang='lat' dir='ltr'><strong>non</strong></span> <span class='ocrx_word' id='word_1_437' title='bbox 1641 3166 1947 3222; x_wconf 90' lang='lat' dir='ltr'><strong>circumci-</strong></span> <span class='ocrx_word' id='word_1_438' title='bbox 1978 3155 2020 3220; x_wconf 88' lang='lat' dir='ltr'>C</span> <span class='ocrx_word' id='word_1_439' title='bbox 2059 3171 2176 3234; x_wconf 91' lang='lat' dir='ltr'><strong>tur,</strong></span> <span class='ocrx_word' id='word_1_440' title='bbox 2211 3165 2311 3220; x_wconf 92' lang='lat' dir='ltr'><strong>sed</strong></span> <span class='ocrx_word' id='word_1_441' title='bbox 2346 3181 2532 3236; x_wconf 88' lang='lat' dir='ltr'><strong>usque</strong></span> <span class='ocrx_word' id='word_1_442' title='bbox 2564 3165 2634 3219; x_wconf 87' lang='lat' dir='ltr'><strong>ad</strong></span> <span class='ocrx_word' id='word_1_443' title='bbox 2681 3170 2926 3220; x_wconf 89' lang='lat' dir='ltr'><strong>mortem</strong></span> <span class='ocrx_word' id='word_1_444' title='bbox 2971 3166 3296 3236; x_wconf 89' lang='lat' dir='ltr'><strong>patiuntur,</strong></span> <span class='ocrx_word' id='word_1_445' title='bbox 3331 3165 3413 3220; x_wconf 92' lang='lat' dir='ltr'><strong>ita</strong></span> <span class='ocrx_word' id='word_1_446' title='bbox 3441 3170 3498 3221; x_wconf 90' lang='lat' dir='ltr'><strong>et</strong></span> <span class='ocrx_word' id='word_1_447' title='bbox 3526 3166 3701 3221; x_wconf 81' lang='lat' dir='ltr'><strong>homo</strong></span> 
     </span>
    </p>
   </div>
   <div class='ocr_carea' id='block_1_66' title="bbox 286 3253 1945 3327">
    <p class='ocr_par' dir='ltr' id='par_1_66' title="bbox 286 3253 1945 3327">
     <span class='ocr_line' id='line_1_66' title="bbox 286 3253 1945 3327; baseline -0.002 -15"><span class='ocrx_word' id='word_1_448' title='bbox 286 3257 499 3312; x_wconf 89' lang='lat' dir='ltr'><strong>dendo.</strong></span> <span class='ocrx_word' id='word_1_449' title='bbox 534 3255 685 3311; x_wconf 85' lang='lat' dir='ltr'><strong>Nam</strong></span> <span class='ocrx_word' id='word_1_450' title='bbox 719 3253 1181 3327; x_wconf 89' lang='lat' dir='ltr'><strong>quotiescunque</strong></span> <span class='ocrx_word' id='word_1_451' title='bbox 1234 3254 1496 3310; x_wconf 88' lang='lat' dir='ltr'><strong>incitaris</strong></span> <span class='ocrx_word' id='word_1_452' title='bbox 1545 3256 1616 3310; x_wconf 90' lang='lat' dir='ltr'><strong>ad</strong></span> <span class='ocrx_word' id='word_1_453' title='bbox 1667 3255 1945 3325; x_wconf 89' lang='lat' dir='ltr'><strong>iram,vel</strong></span> 
     </span>
    </p>
   </div>
   <div class='ocr_carea' id='block_1_67' title="bbox 267 3342 1951 3415">
    <p class='ocr_par' dir='ltr' id='par_1_67' title="bbox 267 3342 1951 3415">
     <span class='ocr_line' id='line_1_67' title="bbox 267 3342 1951 3415; baseline -0.001 -15"><span class='ocrx_word' id='word_1_454' title='bbox 267 3345 359 3400; x_wconf 80' lang='lat' dir='ltr'><strong>ad</strong></span> <span class='ocrx_word' id='word_1_455' title='bbox 395 3345 718 3411; x_wconf 77' lang='lat' dir='ltr'><strong>luxuriam,</strong></span> <span class='ocrx_word' id='word_1_456' title='bbox 738 3342 824 3398; x_wconf 91' lang='lat' dir='ltr'><strong>vel</strong></span> <span class='ocrx_word' id='word_1_457' title='bbox 846 3343 918 3398; x_wconf 86' lang='lat' dir='ltr'><strong>ad</strong></span> <span class='ocrx_word' id='word_1_458' title='bbox 951 3343 1382 3413; x_wconf 89' lang='lat' dir='ltr'><strong>rependendam</strong></span> <span class='ocrx_word' id='word_1_459' title='bbox 1411 3343 1951 3415; x_wconf 89' lang='lat' dir='ltr'><strong>contumeliam,vel</strong></span> 
     </span>
    </p>
   </div>
   <div class='ocr_carea' id='block_1_68' title="bbox 286 3430 1953 3505">
    <p class='ocr_par' dir='ltr' id='par_1_68' title="bbox 286 3430 1953 3505">
     <span class='ocr_line' id='line_1_68' title="bbox 286 3430 1953 3505; baseline -0.001 -16"><span class='ocrx_word' id='word_1_460' title='bbox 286 3434 362 3489; x_wconf 90' lang='lat' dir='ltr'><strong>ad</strong></span> <span class='ocrx_word' id='word_1_461' title='bbox 396 3432 734 3500; x_wconf 88' lang='lat' dir='ltr'><strong>avaritiam,</strong></span> <span class='ocrx_word' id='word_1_462' title='bbox 770 3430 858 3487; x_wconf 91' lang='lat' dir='ltr'><strong>vel</strong></span> <span class='ocrx_word' id='word_1_463' title='bbox 889 3432 962 3486; x_wconf 91' lang='lat' dir='ltr'><strong>ad</strong></span> <span class='ocrx_word' id='word_1_464' title='bbox 994 3430 1424 3498; x_wconf 86' lang='lat' dir='ltr'><strong>inﬁdelitatem,</strong></span> <span class='ocrx_word' id='word_1_465' title='bbox 1456 3433 1542 3488; x_wconf 89' lang='lat' dir='ltr'><strong>vel</strong></span> <span class='ocrx_word' id='word_1_466' title='bbox 1579 3433 1650 3488; x_wconf 88' lang='lat' dir='ltr'><strong>ad</strong></span> <span class='ocrx_word' id='word_1_467' title='bbox 1683 3434 1953 3505; x_wconf 62' lang='lat' dir='ltr'><strong>quaslibet</strong></span> 
     </span>
    </p>
   </div>
   <div class='ocr_carea' id='block_1_69' title="bbox 288 3521 1954 3593">
    <p class='ocr_par' dir='ltr' id='par_1_69' title="bbox 288 3521 1954 3593">
     <span class='ocr_line' id='line_1_69' title="bbox 288 3521 1954 3593; baseline -0.001 -14"><span class='ocrx_word' id='word_1_468' title='bbox 288 3523 468 3583; x_wconf 72' lang='lat' dir='ltr'><strong>vitia,</strong></span> <span class='ocrx_word' id='word_1_469' title='bbox 502 3521 554 3576; x_wconf 89' lang='lat' dir='ltr'><strong>si</strong></span> <span class='ocrx_word' id='word_1_470' title='bbox 584 3521 702 3576; x_wconf 71' lang='lat' dir='ltr'><strong>haec</strong></span> <span class='ocrx_word' id='word_1_471' title='bbox 733 3521 1020 3576; x_wconf 89' lang='lat' dir='ltr'><strong>constanti</strong></span> <span class='ocrx_word' id='word_1_472' title='bbox 1051 3521 1246 3576; x_wconf 89' lang='lat' dir='ltr'><strong>animo</strong></span> <span class='ocrx_word' id='word_1_473' title='bbox 1297 3521 1590 3591; x_wconf 91' lang='lat' dir='ltr'><strong>respueris</strong></span> <span class='ocrx_word' id='word_1_474' title='bbox 1622 3527 1678 3576; x_wconf 89' lang='lat' dir='ltr'><strong>et</strong></span> <span class='ocrx_word' id='word_1_475' title='bbox 1722 3539 1824 3593; x_wconf 89' lang='lat' dir='ltr'><strong>pro</strong></span> <span class='ocrx_word' id='word_1_476' title='bbox 1861 3521 1954 3577; x_wconf 91' lang='lat' dir='ltr'><strong>bis</strong></span> 
     </span>
    </p>
   </div>
   <div class='ocr_carea' id='block_1_70' title="bbox 298 3607 1956 3681">
    <p class='ocr_par' dir='ltr' id='par_1_70' title="bbox 298 3607 1956 3681">
     <span class='ocr_line' id='line_1_70' title="bbox 298 3607 1956 3681; baseline 0.001 -17"><span class='ocrx_word' id='word_1_477' title='bbox 298 3608 662 3681; x_wconf 87' lang='lat' dir='ltr'><strong>respuendis</strong></span> <span class='ocrx_word' id='word_1_478' title='bbox 681 3608 910 3664; x_wconf 91' lang='lat' dir='ltr'><strong>Domini</strong></span> <span class='ocrx_word' id='word_1_479' title='bbox 944 3607 1226 3664; x_wconf 87' lang='lat' dir='ltr'><strong>auxilium</strong></span> <span class='ocrx_word' id='word_1_480' title='bbox 1260 3608 1580 3679; x_wconf 78' lang='lat' dir='ltr'><strong>quaesieris,</strong></span> <span class='ocrx_word' id='word_1_481' title='bbox 1609 3611 1776 3664; x_wconf 90' lang='lat' dir='ltr'><strong>toties</strong></span> <span class='ocrx_word' id='word_1_482' title='bbox 1810 3611 1956 3665; x_wconf 91' lang='lat' dir='ltr'><strong>bene</strong></span> 
     </span>
    </p>
   </div>
   <div class='ocr_carea' id='block_1_71' title="bbox 300 3697 1954 3769">
    <p class='ocr_par' dir='ltr' id='par_1_71' title="bbox 300 3697 1954 3769">
     <span class='ocr_line' id='line_1_71' title="bbox 300 3697 1954 3769; baseline -0.001 -15"><span class='ocrx_word' id='word_1_483' title='bbox 300 3697 452 3754; x_wconf 83' lang='lat' dir='ltr'><strong>facis</strong></span> <span class='ocrx_word' id='word_1_484' title='bbox 483 3702 544 3754; x_wconf 85' lang='lat' dir='ltr'><strong>et</strong></span> <span class='ocrx_word' id='word_1_485' title='bbox 570 3714 842 3753; x_wconf 89' lang='lat' dir='ltr'><strong>coronam</strong></span> <span class='ocrx_word' id='word_1_486' title='bbox 874 3697 1000 3752; x_wconf 82' lang='lat' dir='ltr'><strong>vitae</strong></span> <span class='ocrx_word' id='word_1_487' title='bbox 1049 3697 1323 3768; x_wconf 89' lang='lat' dir='ltr'><strong>perennis</strong></span> <span class='ocrx_word' id='word_1_488' title='bbox 1355 3699 1671 3769; x_wconf 89' lang='lat' dir='ltr'><strong>promereri</strong></span> <span class='ocrx_word' id='word_1_489' title='bbox 1705 3700 1954 3755; x_wconf 89' lang='lat' dir='ltr'><strong>conaris.</strong></span> 
     </span>
    </p>
   </div>
   <div class='ocr_carea' id='block_1_72' title="bbox 296 3786 1960 3858">
    <p class='ocr_par' dir='ltr' id='par_1_72' title="bbox 296 3786 1960 3858">
     <span class='ocr_line' id='line_1_72' title="bbox 296 3786 1960 3858; baseline 0 -15"><span class='ocrx_word' id='word_1_490' title='bbox 296 3787 543 3852; x_wconf 86' lang='lat' dir='ltr'><strong>Quoties</strong></span> <span class='ocrx_word' id='word_1_491' title='bbox 566 3791 765 3843; x_wconf 88' lang='lat' dir='ltr'><strong>autem</strong></span> <span class='ocrx_word' id='word_1_492' title='bbox 789 3787 909 3842; x_wconf 73' lang='lat' dir='ltr'><strong>haec</strong></span> <span class='ocrx_word' id='word_1_493' title='bbox 941 3803 1054 3842; x_wconf 92' lang='lat' dir='ltr'><strong>non</strong></span> <span class='ocrx_word' id='word_1_494' title='bbox 1084 3786 1377 3858; x_wconf 89' lang='lat' dir='ltr'><strong>respueris</strong></span> <span class='ocrx_word' id='word_1_495' title='bbox 1403 3791 1461 3842; x_wconf 90' lang='lat' dir='ltr'><strong>et</strong></span> <span class='ocrx_word' id='word_1_496' title='bbox 1488 3787 1545 3841; x_wconf 89' lang='lat' dir='ltr'><strong>in</strong></span> <span class='ocrx_word' id='word_1_497' title='bbox 1577 3804 1780 3843; x_wconf 87' lang='lat' dir='ltr'><strong>eorum</strong></span> <span class='ocrx_word' id='word_1_498' title='bbox 1811 3787 1960 3844; x_wconf 91' lang='lat' dir='ltr'><strong>dele-</strong></span> 
     </span>
    </p>
   </div>
   <div class='ocr_carea' id='block_1_73' title="bbox 294 3874 1958 3948">
    <p class='ocr_par' dir='ltr' id='par_1_73' title="bbox 294 3874 1958 3948">
     <span class='ocr_line' id='line_1_73' title="bbox 294 3874 1958 3948; baseline 0 -16"><span class='ocrx_word' id='word_1_499' title='bbox 294 3877 558 3932; x_wconf 84' lang='lat' dir='ltr'><strong>ctatione</strong></span> <span class='ocrx_word' id='word_1_500' title='bbox 607 3880 664 3930; x_wconf 90' lang='lat' dir='ltr'><strong>et</strong></span> <span class='ocrx_word' id='word_1_501' title='bbox 706 3874 1131 3947; x_wconf 86' lang='lat' dir='ltr'><strong>perpetratione</strong></span> <span class='ocrx_word' id='word_1_502' title='bbox 1170 3875 1521 3932; x_wconf 89' lang='lat' dir='ltr'><strong>immoratus</strong></span> <span class='ocrx_word' id='word_1_503' title='bbox 1552 3877 1753 3948; x_wconf 88' lang='lat' dir='ltr'><strong>fueris,</strong></span> <span class='ocrx_word' id='word_1_504' title='bbox 1787 3878 1958 3933; x_wconf 88' lang='lat' dir='ltr'><strong>toties</strong></span> 
     </span>
    </p>
   </div>
   <div class='ocr_carea' id='block_1_74' title="bbox 295 3963 1673 4038">
    <p class='ocr_par' dir='ltr' id='par_1_74' title="bbox 295 3963 1673 4038">
     <span class='ocr_line' id='line_1_74' title="bbox 295 3963 1673 4038; baseline 0.001 -18"><span class='ocrx_word' id='word_1_505' title='bbox 295 3965 451 4020; x_wconf 84' lang='lat' dir='ltr'><strong>male</strong></span> <span class='ocrx_word' id='word_1_506' title='bbox 483 3964 616 4038; x_wconf 78' lang='lat' dir='ltr'><strong>agis</strong></span> <span class='ocrx_word' id='word_1_507' title='bbox 647 3969 705 4019; x_wconf 89' lang='lat' dir='ltr'><strong>et</strong></span> <span class='ocrx_word' id='word_1_508' title='bbox 735 3963 947 4018; x_wconf 90' lang='lat' dir='ltr'><strong>inferni</strong></span> <span class='ocrx_word' id='word_1_509' title='bbox 976 3963 1266 4037; x_wconf 89' lang='lat' dir='ltr'><strong>supplicia</strong></span> <span class='ocrx_word' id='word_1_510' title='bbox 1304 3967 1673 4037; x_wconf 89' lang='lat' dir='ltr'><strong>promereris.</strong></span> 
     </span>
    </p>
   </div>
   <div class='ocr_carea' id='block_1_75' title="bbox 873 4070 1398 4126">
    <p class='ocr_par' dir='ltr' id='par_1_75' title="bbox 873 4070 1398 4126">
     <span class='ocr_line' id='line_1_75' title="bbox 873 4070 1398 4126; baseline -0.002 -1"><span class='ocrx_word' id='word_1_511' title='bbox 873 4070 1106 4126; x_wconf 82' lang='lat' dir='ltr'><strong>CAPUT</strong></span> <span class='ocrx_word' id='word_1_512' title='bbox 1156 4071 1398 4126; x_wconf 83' lang='lat' dir='ltr'><strong>XXXIII.</strong></span> 
     </span>
    </p>
   </div>
   <div class='ocr_carea' id='block_1_76' title="bbox 295 4160 1961 4232">
    <p class='ocr_par' dir='ltr' id='par_1_76' title="bbox 295 4160 1961 4232">
     <span class='ocr_line' id='line_1_76' title="bbox 295 4160 1961 4232; baseline 0.001 -18"><span class='ocrx_word' id='word_1_513' title='bbox 295 4160 447 4214; x_wconf 72' lang='lat' dir='ltr'><strong>Deus</strong></span> <span class='ocrx_word' id='word_1_514' title='bbox 475 4162 538 4214; x_wconf 80' lang='lat' dir='ltr'><strong>in</strong></span> <span class='ocrx_word' id='word_1_515' title='bbox 568 4160 672 4215; x_wconf 80' lang='lat' dir='ltr'><strong>hac</strong></span> <span class='ocrx_word' id='word_1_516' title='bbox 701 4160 816 4215; x_wconf 83' lang='lat' dir='ltr'><strong>vita</strong></span> <span class='ocrx_word' id='word_1_517' title='bbox 840 4160 1043 4215; x_wconf 78' lang='lat' dir='ltr'><strong>idcirco</strong></span> <span class='ocrx_word' id='word_1_518' title='bbox 1073 4161 1326 4230; x_wconf 52' lang='lat' dir='ltr'><strong>quadam</strong></span> <span class='ocrx_word' id='word_1_519' title='bbox 1350 4161 1505 4216; x_wconf 82' lang='lat' dir='ltr'><strong>nobis</strong></span> <span class='ocrx_word' id='word_1_520' title='bbox 1534 4162 1780 4226; x_wconf 80' lang='lat' dir='ltr'><strong>obscura,</strong></span> <span class='ocrx_word' id='word_1_521' title='bbox 1811 4161 1961 4232; x_wconf 82' lang='lat' dir='ltr'><strong>difﬁ-</strong></span> 
     </span>
    </p>
   </div>
   <div class='ocr_carea' id='block_1_77' title="bbox 369 4231 1962 4304">
    <p class='ocr_par' dir='ltr' id='par_1_77' title="bbox 369 4231 1962 4304">
     <span class='ocr_line' id='line_1_77' title="bbox 369 4231 1962 4304; baseline 0 -17"><span class='ocrx_word' id='word_1_522' title='bbox 369 4233 514 4287; x_wconf 78' lang='lat' dir='ltr'><strong>cilia</strong></span> <span class='ocrx_word' id='word_1_523' title='bbox 539 4235 593 4287; x_wconf 82' lang='lat' dir='ltr'><strong>et</strong></span> <span class='ocrx_word' id='word_1_524' title='bbox 625 4231 858 4287; x_wconf 78' lang='lat' dir='ltr'><strong>adversa</strong></span> <span class='ocrx_word' id='word_1_525' title='bbox 887 4232 1151 4304; x_wconf 74' lang='lat' dir='ltr'><strong>relinquit</strong></span> <span class='ocrx_word' id='word_1_526' title='bbox 1172 4236 1246 4304; x_wconf 18' lang='lat' dir='ltr'><strong>ut,</strong></span> <span class='ocrx_word' id='word_1_527' title='bbox 1261 4232 1417 4286; x_wconf 82' lang='lat' dir='ltr'><strong>nobis</strong></span> <span class='ocrx_word' id='word_1_528' title='bbox 1447 4235 1651 4288; x_wconf 77' lang='lat' dir='ltr'><strong>occasio</strong></span> <span class='ocrx_word' id='word_1_529' title='bbox 1681 4236 1754 4290; x_wconf 79' lang='lat' dir='ltr'><strong>sit</strong></span> <span class='ocrx_word' id='word_1_530' title='bbox 1780 4231 1962 4302; x_wconf 81' lang='lat' dir='ltr'><strong>ﬁdem,</strong></span> 
     </span>
    </p>
   </div>
   <div class='ocr_carea' id='block_1_78' title="bbox 377 4303 1293 4374">
    <p class='ocr_par' dir='ltr' id='par_1_78' title="bbox 377 4303 1293 4374">
     <span class='ocr_line' id='line_1_78' title="bbox 377 4303 1293 4374; baseline 0 -18"><span class='ocrx_word' id='word_1_531' title='bbox 377 4318 530 4372; x_wconf 75' lang='lat' dir='ltr'><strong>spem</strong></span> <span class='ocrx_word' id='word_1_532' title='bbox 559 4309 612 4357; x_wconf 78' lang='lat' dir='ltr'><strong>et</strong></span> <span class='ocrx_word' id='word_1_533' title='bbox 643 4305 968 4358; x_wconf 82' lang='lat' dir='ltr'><strong>charitatem</strong></span> <span class='ocrx_word' id='word_1_534' title='bbox 995 4303 1293 4374; x_wconf 83' lang='lat' dir='ltr'><strong>probandi.</strong></span> 
     </span>
    </p>
   </div>
   <div class='ocr_carea' id='block_1_79' title="bbox 381 4407 1967 4483">
    <p class='ocr_par' dir='ltr' id='par_1_79' title="bbox 381 4407 1967 4483">
     <span class='ocr_line' id='line_1_79' title="bbox 381 4407 1967 4483; baseline 0.004 -22"><span class='ocrx_word' id='word_1_535' title='bbox 381 4407 544 4462; x_wconf 86' lang='lat' dir='ltr'><strong>Inter</strong></span> <span class='ocrx_word' id='word_1_536' title='bbox 572 4407 696 4464; x_wconf 67' lang='lat' dir='ltr'><strong>haec</strong></span> <span class='ocrx_word' id='word_1_537' title='bbox 728 4409 902 4464; x_wconf 87' lang='lat' dir='ltr'><strong>etiam</strong></span> <span class='ocrx_word' id='word_1_538' title='bbox 933 4409 1302 4480; x_wconf 88' lang='lat' dir='ltr'><strong>pensandum</strong></span> <span class='ocrx_word' id='word_1_539' title='bbox 1326 4415 1413 4465; x_wconf 91' lang='lat' dir='ltr'><strong>est</strong></span> <span class='ocrx_word' id='word_1_540' title='bbox 1444 4410 1583 4481; x_wconf 91' lang='lat' dir='ltr'><strong>quia</strong></span> <span class='ocrx_word' id='word_1_541' title='bbox 1611 4411 1817 4470; x_wconf 83' lang='lat' dir='ltr'><strong>divinae</strong></span> <span class='ocrx_word' id='word_1_542' title='bbox 1851 4412 1967 4483; x_wconf 89' lang='lat' dir='ltr'><strong>pie-</strong></span> 
     </span>
    </p>
   </div>
   <div class='ocr_carea' id='block_1_80' title="bbox 2061 3253 3700 3326">
    <p class='ocr_par' dir='ltr' id='par_1_80' title="bbox 2061 3253 3700 3326">
     <span class='ocr_line' id='line_1_80' title="bbox 2061 3253 3700 3326; baseline -0.002 -17"><span class='ocrx_word' id='word_1_543' title='bbox 2061 3255 2330 3326; x_wconf 83' lang='lat' dir='ltr'><strong>potestati</strong></span> <span class='ocrx_word' id='word_1_544' title='bbox 2375 3253 2580 3308; x_wconf 85' lang='lat' dir='ltr'><strong>divinae</strong></span> <span class='ocrx_word' id='word_1_545' title='bbox 2615 3269 2712 3323; x_wconf 89' lang='lat' dir='ltr'><strong>per</strong></span> <span class='ocrx_word' id='word_1_546' title='bbox 2743 3253 2940 3308; x_wconf 87' lang='lat' dir='ltr'><strong>omnia</strong></span> <span class='ocrx_word' id='word_1_547' title='bbox 2971 3254 3202 3308; x_wconf 90' lang='lat' dir='ltr'><strong>studeat</strong></span> <span class='ocrx_word' id='word_1_548' title='bbox 3249 3254 3523 3308; x_wconf 88' lang='lat' dir='ltr'><strong>subditus</strong></span> <span class='ocrx_word' id='word_1_549' title='bbox 3553 3269 3700 3308; x_wconf 90' lang='lat' dir='ltr'><strong>esse.</strong></span> 
     </span>
    </p>
   </div>
   <div class='ocr_carea' id='block_1_81' title="bbox 2064 3341 3706 3413">
    <p class='ocr_par' dir='ltr' id='par_1_81' title="bbox 2064 3341 3706 3413">
     <span class='ocr_line' id='line_1_81' title="bbox 2064 3341 3706 3413; baseline -0.004 -13"><span class='ocrx_word' id='word_1_550' title='bbox 2064 3343 2219 3400; x_wconf 89' lang='lat' dir='ltr'><strong>Unde</strong></span> <span class='ocrx_word' id='word_1_551' title='bbox 2278 3341 2586 3396; x_wconf 87' lang='lat' dir='ltr'><strong>Psalmista</strong></span> <span class='ocrx_word' id='word_1_552' title='bbox 2642 3341 2824 3395; x_wconf 90' lang='lat' dir='ltr'><strong>dicit:</strong></span> <span class='ocrx_word' id='word_1_553' title='bbox 2864 3343 2926 3396; x_wconf 80' lang='lat' dir='ltr'><strong>Ut</strong></span> <span class='ocrx_word' id='word_1_554' title='bbox 2972 3342 3286 3410; x_wconf 82' lang='lat' dir='ltr'><strong>jumentum</strong></span> <span class='ocrx_word' id='word_1_555' title='bbox 3341 3341 3525 3413; x_wconf 83' lang='lat' dir='ltr'><strong>factus</strong></span> <span class='ocrx_word' id='word_1_556' title='bbox 3583 3357 3706 3395; x_wconf 71' lang='lat' dir='ltr'><strong>sum</strong></span> 
     </span>
    </p>
   </div>
   <div class='ocr_carea' id='block_1_82' title="bbox 2061 3427 3709 3504">
    <p class='ocr_par' dir='ltr' id='par_1_82' title="bbox 2061 3427 3709 3504">
     <span class='ocr_line' id='line_1_82' title="bbox 2061 3427 3709 3504; baseline -0.003 -17"><span class='ocrx_word' id='word_1_557' title='bbox 2061 3431 2208 3504; x_wconf 83' lang='lat' dir='ltr'><strong>apud</strong></span> <span class='ocrx_word' id='word_1_558' title='bbox 2264 3439 2315 3484; x_wconf 79' lang='lat' dir='ltr'><strong>te</strong></span> <span class='ocrx_word' id='word_1_559' title='bbox 2360 3430 2529 3499; x_wconf 81' lang='lat' dir='ltr'><strong>(Psal.</strong></span> <span class='ocrx_word' id='word_1_560' title='bbox 2563 3429 2755 3499; x_wconf 84' lang='lat' dir='ltr'><strong>Lxxu),</strong></span> <span class='ocrx_word' id='word_1_561' title='bbox 2789 3445 2854 3482; x_wconf 91' lang='lat' dir='ltr'><strong>ac</strong></span> <span class='ocrx_word' id='word_1_562' title='bbox 2903 3427 2950 3482; x_wconf 91' lang='lat' dir='ltr'><strong>si</strong></span> <span class='ocrx_word' id='word_1_563' title='bbox 3000 3433 3198 3499; x_wconf 88' lang='lat' dir='ltr'><strong>aperte</strong></span> <span class='ocrx_word' id='word_1_564' title='bbox 3255 3429 3473 3482; x_wconf 89' lang='lat' dir='ltr'><strong>diceret</strong></span> <span class='ocrx_word' id='word_1_565' title='bbox 3505 3446 3517 3483; x_wconf 94' lang='lat'>:</span> <span class='ocrx_word' id='word_1_566' title='bbox 3549 3428 3709 3483; x_wconf 88' lang='lat' dir='ltr'><strong>Sicut</strong></span> 
     </span>
    </p>
   </div>
   <div class='ocr_carea' id='block_1_83' title="bbox 2065 3516 3709 3590">
    <p class='ocr_par' dir='ltr' id='par_1_83' title="bbox 2065 3516 3709 3590">
     <span class='ocr_line' id='line_1_83' title="bbox 2065 3516 3709 3590; baseline -0.002 -15"><span class='ocrx_word' id='word_1_567' title='bbox 2065 3520 2208 3576; x_wconf 88' lang='lat' dir='ltr'><strong>mihi</strong></span> <span class='ocrx_word' id='word_1_568' title='bbox 2241 3521 2582 3590; x_wconf 84' lang='lat' dir='ltr'><strong>jumentum</strong></span> <span class='ocrx_word' id='word_1_569' title='bbox 2642 3533 2838 3572; x_wconf 90' lang='lat' dir='ltr'><strong>meum</strong></span> <span class='ocrx_word' id='word_1_570' title='bbox 2899 3517 2955 3570; x_wconf 91' lang='lat' dir='ltr'><strong>in</strong></span> <span class='ocrx_word' id='word_1_571' title='bbox 3007 3516 3282 3572; x_wconf 91' lang='lat' dir='ltr'><strong>omnibus</strong></span> <span class='ocrx_word' id='word_1_572' title='bbox 3338 3521 3426 3572; x_wconf 89' lang='lat' dir='ltr'><strong>est</strong></span> <span class='ocrx_word' id='word_1_573' title='bbox 3473 3517 3709 3587; x_wconf 82' lang='lat' dir='ltr'><strong>subjec-</strong></span> 
     </span>
    </p>
   </div>
   <div class='ocr_carea' id='block_1_84' title="bbox 2065 3604 3709 3677">
    <p class='ocr_par' dir='ltr' id='par_1_84' title="bbox 2065 3604 3709 3677">
     <span class='ocr_line' id='line_1_84' title="bbox 2065 3604 3709 3677; baseline -0.002 -13"><span class='ocrx_word' id='word_1_574' title='bbox 2065 3615 2213 3675; x_wconf 89' lang='lat' dir='ltr'><strong>tum,</strong></span> <span class='ocrx_word' id='word_1_575' title='bbox 2247 3606 2329 3662; x_wconf 91' lang='lat' dir='ltr'><strong>ita</strong></span> <span class='ocrx_word' id='word_1_576' title='bbox 2358 3611 2414 3661; x_wconf 89' lang='lat' dir='ltr'><strong>et</strong></span> <span class='ocrx_word' id='word_1_577' title='bbox 2444 3623 2548 3677; x_wconf 89' lang='lat' dir='ltr'><strong>ego</strong></span> <span class='ocrx_word' id='word_1_578' title='bbox 2588 3606 2692 3659; x_wconf 88' lang='lat' dir='ltr'><strong>tibi</strong></span> <span class='ocrx_word' id='word_1_579' title='bbox 2742 3605 2981 3661; x_wconf 88' lang='lat' dir='ltr'><strong>subesse</strong></span> <span class='ocrx_word' id='word_1_580' title='bbox 3016 3604 3162 3661; x_wconf 86' lang='lat' dir='ltr'><strong>volo.</strong></span> <span class='ocrx_word' id='word_1_581' title='bbox 3195 3604 3358 3668; x_wconf 83' lang='lat' dir='ltr'><strong>Quod</strong></span> <span class='ocrx_word' id='word_1_582' title='bbox 3389 3610 3582 3661; x_wconf 87' lang='lat' dir='ltr'><strong>autem</strong></span> <span class='ocrx_word' id='word_1_583' title='bbox 3599 3605 3709 3675; x_wconf 70' lang='lat' dir='ltr'><strong>.ju~</strong></span> 
     </span>
    </p>
   </div>
   <div class='ocr_carea' id='block_1_85' title="bbox 2067 3693 3711 3766">
    <p class='ocr_par' dir='ltr' id='par_1_85' title="bbox 2067 3693 3711 3766">
     <span class='ocr_line' id='line_1_85' title="bbox 2067 3693 3711 3766; baseline -0.003 -13"><span class='ocrx_word' id='word_1_584' title='bbox 2067 3702 2264 3753; x_wconf 89' lang='lat' dir='ltr'><strong>menta</strong></span> <span class='ocrx_word' id='word_1_585' title='bbox 2320 3699 2439 3751; x_wconf 88' lang='lat' dir='ltr'><strong>tam</strong></span> <span class='ocrx_word' id='word_1_586' title='bbox 2490 3695 2684 3750; x_wconf 89' lang='lat' dir='ltr'><strong>occisa</strong></span> <span class='ocrx_word' id='word_1_587' title='bbox 2739 3711 2914 3766; x_wconf 89' lang='lat' dir='ltr'><strong>quam</strong></span> <span class='ocrx_word' id='word_1_588' title='bbox 2945 3695 3073 3749; x_wconf 79' lang='lat' dir='ltr'><strong>viva</strong></span> <span class='ocrx_word' id='word_1_589' title='bbox 3124 3695 3197 3749; x_wconf 94' lang='lat' dir='ltr'><strong>ad</strong></span> <span class='ocrx_word' id='word_1_590' title='bbox 3255 3709 3400 3750; x_wconf 91' lang='lat' dir='ltr'><strong>usus</strong></span> <span class='ocrx_word' id='word_1_591' title='bbox 3456 3693 3711 3750; x_wconf 87' lang='lat' dir='ltr'><strong>hominis</strong></span> 
     </span>
    </p>
   </div>
   <div class='ocr_carea' id='block_1_86' title="bbox 2067 3783 3711 3858">
    <p class='ocr_par' dir='ltr' id='par_1_86' title="bbox 2067 3783 3711 3858">
     <span class='ocr_line' id='line_1_86' title="bbox 2067 3783 3711 3858; baseline -0.002 -17"><span class='ocrx_word' id='word_1_592' title='bbox 2067 3785 2362 3858; x_wconf 88' lang='lat' dir='ltr'><strong>quoslibet</strong></span> <span class='ocrx_word' id='word_1_593' title='bbox 2415 3784 2693 3847; x_wconf 86' lang='lat' dir='ltr'><strong>efﬁciunt,</strong></span> <span class='ocrx_word' id='word_1_594' title='bbox 2742 3783 2850 3838; x_wconf 90' lang='lat' dir='ltr'><strong>hoc</strong></span> <span class='ocrx_word' id='word_1_595' title='bbox 2905 3783 3214 3856; x_wconf 88' lang='lat' dir='ltr'><strong>designare</strong></span> <span class='ocrx_word' id='word_1_596' title='bbox 3272 3784 3502 3839; x_wconf 87' lang='lat' dir='ltr'><strong>videtur</strong></span> <span class='ocrx_word' id='word_1_597' title='bbox 3557 3783 3711 3855; x_wconf 88' lang='lat' dir='ltr'><strong>quod</strong></span> 
     </span>
    </p>
   </div>
   <div class='ocr_carea' id='block_1_87' title="bbox 2070 3873 3712 3947">
    <p class='ocr_par' dir='ltr' id='par_1_87' title="bbox 2070 3873 3712 3947">
     <span class='ocr_line' id='line_1_87' title="bbox 2070 3873 3712 3947; baseline -0.002 -17"><span class='ocrx_word' id='word_1_598' title='bbox 2070 3876 2349 3947; x_wconf 89' lang='lat' dir='ltr'><strong>scriptum</strong></span> <span class='ocrx_word' id='word_1_599' title='bbox 2383 3879 2474 3928; x_wconf 90' lang='lat' dir='ltr'><strong>est</strong></span> <span class='ocrx_word' id='word_1_600' title='bbox 2507 3892 2519 3928; x_wconf 93' lang='lat'>:</span> <span class='ocrx_word' id='word_1_601' title='bbox 2552 3873 2690 3944; x_wconf 84' lang='lat' dir='ltr'><strong>quia</strong></span> <span class='ocrx_word' id='word_1_602' title='bbox 2716 3874 2830 3927; x_wconf 76' lang='lat' dir='ltr'><strong>sive</strong></span> <span class='ocrx_word' id='word_1_603' title='bbox 2857 3875 3114 3939; x_wconf 79' lang='lat' dir='ltr'><strong>vivimus,</strong></span> <span class='ocrx_word' id='word_1_604' title='bbox 3147 3874 3259 3928; x_wconf 77' lang='lat' dir='ltr'><strong>sive</strong></span> <span class='ocrx_word' id='word_1_605' title='bbox 3285 3874 3575 3939; x_wconf 86' lang='lat' dir='ltr'><strong>morimur,</strong></span> <span class='ocrx_word' id='word_1_606' title='bbox 3608 3873 3712 3927; x_wconf 86' lang='lat' dir='ltr'><strong>Do-</strong></span> 
     </span>
    </p>
   </div>
   <div class='ocr_carea' id='block_1_88' title="bbox 2068 3960 3712 4033">
    <p class='ocr_par' dir='ltr' id='par_1_88' title="bbox 2068 3960 3712 4033">
     <span class='ocr_line' id='line_1_88' title="bbox 2068 3960 3712 4033; baseline -0.003 -13"><span class='ocrx_word' id='word_1_607' title='bbox 2068 3965 2211 4020; x_wconf 86' lang='lat' dir='ltr'><strong>mini</strong></span> <span class='ocrx_word' id='word_1_608' title='bbox 2238 3980 2427 4018; x_wconf 79' lang='lat' dir='ltr'><strong>sumus</strong></span> <span class='ocrx_word' id='word_1_609' title='bbox 2459 3963 2630 4032; x_wconf 82' lang='lat' dir='ltr'><strong>(Rom.</strong></span> <span class='ocrx_word' id='word_1_610' title='bbox 2663 3963 2804 4032; x_wconf 80' lang='lat' dir='ltr'><strong>xw).</strong></span> <span class='ocrx_word' id='word_1_611' title='bbox 2834 3962 2990 4017; x_wconf 88' lang='lat' dir='ltr'><strong>Sicut</strong></span> <span class='ocrx_word' id='word_1_612' title='bbox 3019 3962 3176 4017; x_wconf 92' lang='lat' dir='ltr'><strong>enim</strong></span> <span class='ocrx_word' id='word_1_613' title='bbox 3207 3962 3265 4016; x_wconf 93' lang='lat' dir='ltr'><strong>in</strong></span> <span class='ocrx_word' id='word_1_614' title='bbox 3297 3965 3582 4033; x_wconf 89' lang='lat' dir='ltr'><strong>potestate</strong></span> <span class='ocrx_word' id='word_1_615' title='bbox 3611 3960 3712 4016; x_wconf 88' lang='lat' dir='ltr'><strong>ho-</strong></span> 
     </span>
    </p>
   </div>
   <div class='ocr_carea' id='block_1_89' title="bbox 2073 4049 3714 4122">
    <p class='ocr_par' dir='ltr' id='par_1_89' title="bbox 2073 4049 3714 4122">
     <span class='ocr_line' id='line_1_89' title="bbox 2073 4049 3714 4122; baseline -0.002 -14"><span class='ocrx_word' id='word_1_616' title='bbox 2073 4053 2248 4108; x_wconf 90' lang='lat' dir='ltr'><strong>minis</strong></span> <span class='ocrx_word' id='word_1_617' title='bbox 2277 4058 2366 4108; x_wconf 90' lang='lat' dir='ltr'><strong>est</strong></span> <span class='ocrx_word' id='word_1_618' title='bbox 2397 4051 2612 4106; x_wconf 88' lang='lat' dir='ltr'><strong>animal</strong></span> <span class='ocrx_word' id='word_1_619' title='bbox 2657 4069 2832 4106; x_wconf 89' lang='lat' dir='ltr'><strong>suum</strong></span> <span class='ocrx_word' id='word_1_620' title='bbox 2863 4051 2950 4106; x_wconf 90' lang='lat' dir='ltr'><strong>vel</strong></span> <span class='ocrx_word' id='word_1_621' title='bbox 2989 4051 3206 4122; x_wconf 88' lang='lat' dir='ltr'><strong>vivum,</strong></span> <span class='ocrx_word' id='word_1_622' title='bbox 3237 4053 3323 4107; x_wconf 90' lang='lat' dir='ltr'><strong>vel</strong></span> <span class='ocrx_word' id='word_1_623' title='bbox 3355 4051 3611 4106; x_wconf 89' lang='lat' dir='ltr'><strong>occisum</strong></span> <span class='ocrx_word' id='word_1_624' title='bbox 3643 4049 3714 4105; x_wconf 74' lang='lat' dir='ltr'><strong>ad</strong></span> 
     </span>
    </p>
   </div>
   <div class='ocr_carea' id='block_1_90' title="bbox 2072 4140 3719 4214">
    <p class='ocr_par' dir='ltr' id='par_1_90' title="bbox 2072 4140 3719 4214">
     <span class='ocr_line' id='line_1_90' title="bbox 2072 4140 3719 4214; baseline -0.002 -16"><span class='ocrx_word' id='word_1_625' title='bbox 2072 4142 2391 4214; x_wconf 88' lang='lat' dir='ltr'><strong>quemlibet</strong></span> <span class='ocrx_word' id='word_1_626' title='bbox 2422 4158 2596 4197; x_wconf 89' lang='lat' dir='ltr'><strong>usum</strong></span> <span class='ocrx_word' id='word_1_627' title='bbox 2629 4145 2848 4212; x_wconf 83' lang='lat' dir='ltr'><strong>aptare,</strong></span> <span class='ocrx_word' id='word_1_628' title='bbox 2872 4141 2954 4196; x_wconf 91' lang='lat' dir='ltr'><strong>ita</strong></span> <span class='ocrx_word' id='word_1_629' title='bbox 2982 4145 3041 4195; x_wconf 91' lang='lat' dir='ltr'><strong>et</strong></span> <span class='ocrx_word' id='word_1_630' title='bbox 3071 4145 3328 4212; x_wconf 86' lang='lat' dir='ltr'><strong>potestas</strong></span> <span class='ocrx_word' id='word_1_631' title='bbox 3359 4140 3462 4196; x_wconf 91' lang='lat' dir='ltr'><strong>Dei</strong></span> <span class='ocrx_word' id='word_1_632' title='bbox 3493 4142 3584 4196; x_wconf 90' lang='lat' dir='ltr'><strong>est</strong></span> <span class='ocrx_word' id='word_1_633' title='bbox 3611 4155 3719 4194; x_wconf 87' lang='lat' dir='ltr'><strong>nos</strong></span> 
     </span>
    </p>
   </div>
   <div class='ocr_carea' id='block_1_91' title="bbox 2074 4227 3719 4301">
    <p class='ocr_par' dir='ltr' id='par_1_91' title="bbox 2074 4227 3719 4301">
     <span class='ocr_line' id='line_1_91' title="bbox 2074 4227 3719 4301; baseline -0.001 -16"><span class='ocrx_word' id='word_1_634' title='bbox 2074 4232 2131 4286; x_wconf 89' lang='lat' dir='ltr'><strong>in</strong></span> <span class='ocrx_word' id='word_1_635' title='bbox 2166 4231 2273 4286; x_wconf 90' lang='lat' dir='ltr'><strong>hac</strong></span> <span class='ocrx_word' id='word_1_636' title='bbox 2296 4231 2416 4286; x_wconf 90' lang='lat' dir='ltr'><strong>vita</strong></span> <span class='ocrx_word' id='word_1_637' title='bbox 2445 4234 2501 4286; x_wconf 90' lang='lat' dir='ltr'><strong>et</strong></span> <span class='ocrx_word' id='word_1_638' title='bbox 2529 4231 2587 4284; x_wconf 91' lang='lat' dir='ltr'><strong>in</strong></span> <span class='ocrx_word' id='word_1_639' title='bbox 2621 4230 2818 4284; x_wconf 90' lang='lat' dir='ltr'><strong>futura</strong></span> <span class='ocrx_word' id='word_1_640' title='bbox 2844 4230 3066 4300; x_wconf 82' lang='lat' dir='ltr'><strong>positos</strong></span> <span class='ocrx_word' id='word_1_641' title='bbox 3096 4229 3244 4298; x_wconf 88' lang='lat' dir='ltr'><strong>loco,</strong></span> <span class='ocrx_word' id='word_1_642' title='bbox 3269 4246 3385 4301; x_wconf 92' lang='lat' dir='ltr'><strong>quo</strong></span> <span class='ocrx_word' id='word_1_643' title='bbox 3413 4227 3557 4297; x_wconf 89' lang='lat' dir='ltr'><strong>vult,</strong></span> <span class='ocrx_word' id='word_1_644' title='bbox 3589 4229 3719 4284; x_wconf 85' lang='lat' dir='ltr'><strong>des-</strong></span> 
     </span>
    </p>
   </div>
   <div class='ocr_carea' id='block_1_92' title="bbox 2074 4319 2279 4374">
    <p class='ocr_par' dir='ltr' id='par_1_92' title="bbox 2074 4319 2279 4374">
     <span class='ocr_line' id='line_1_92' title="bbox 2074 4319 2279 4374; baseline 0 0"><span class='ocrx_word' id='word_1_645' title='bbox 2074 4319 2279 4374; x_wconf 88' lang='lat' dir='ltr'><strong>tinare.</strong></span> 
     </span>
    </p>
   </div>
   <div class='ocr_carea' id='block_1_93' title="bbox 2149 4406 3721 4479">
    <p class='ocr_par' dir='ltr' id='par_1_93' title="bbox 2149 4406 3721 4479">
     <span class='ocr_line' id='line_1_93' title="bbox 2149 4406 3721 4479; baseline 0 -17"><span class='ocrx_word' id='word_1_646' title='bbox 2149 4409 2348 4464; x_wconf 65' lang='lat' dir='ltr'><strong>Bestiae</strong></span> <span class='ocrx_word' id='word_1_647' title='bbox 2383 4407 2718 4479; x_wconf 86' lang='lat' dir='ltr'><strong>signiﬁcant</strong></span> <span class='ocrx_word' id='word_1_648' title='bbox 2750 4408 2970 4463; x_wconf 89' lang='lat' dir='ltr'><strong>feroces</strong></span> <span class='ocrx_word' id='word_1_649' title='bbox 3011 4411 3067 4462; x_wconf 91' lang='lat' dir='ltr'><strong>et</strong></span> <span class='ocrx_word' id='word_1_650' title='bbox 3110 4406 3412 4463; x_wconf 90' lang='lat' dir='ltr'><strong>instabiles</strong></span> <span class='ocrx_word' id='word_1_651' title='bbox 3443 4422 3721 4479; x_wconf 88' lang='lat' dir='ltr'><strong>quorum-</strong></span> 
     </span>
    </p>
   </div>
   <div class='ocr_carea' id='block_1_94' title="bbox 299 4491 3719 4588">
    <p class='ocr_par' dir='ltr' id='par_1_94' title="bbox 299 4491 3719 4588">
     <span class='ocr_line' id='line_1_94' title="bbox 299 4491 3719 4588; baseline -0.001 -37"><span class='ocrx_word' id='word_1_652' title='bbox 299 4495 449 4552; x_wconf 84' lang='lat' dir='ltr'><strong>tat‘ls</strong></span> <span class='ocrx_word' id='word_1_653' title='bbox 481 4497 844 4569; x_wconf 87' lang='lat' dir='ltr'><strong>dispensatio</strong></span> <span class='ocrx_word' id='word_1_654' title='bbox 876 4497 1088 4554; x_wconf 91' lang='lat' dir='ltr'><strong>idcirco</strong></span> <span class='ocrx_word' id='word_1_655' title='bbox 1111 4498 1170 4553; x_wconf 90' lang='lat' dir='ltr'><strong>in</strong></span> <span class='ocrx_word' id='word_1_656' title='bbox 1194 4497 1302 4553; x_wconf 91' lang='lat' dir='ltr'><strong>hac</strong></span> <span class='ocrx_word' id='word_1_657' title='bbox 1329 4498 1450 4554; x_wconf 90' lang='lat' dir='ltr'><strong>vita</strong></span> <span class='ocrx_word' id='word_1_658' title='bbox 1468 4500 1731 4571; x_wconf 65' lang='lat' dir='ltr'><strong>quaadam</strong></span> <span class='ocrx_word' id='word_1_659' title='bbox 1757 4507 1966 4572; x_wconf 81' lang='lat' dir='ltr'><strong>myste-</strong></span> <span class='ocrx_word' id='word_1_660' title='bbox 1998 4491 2209 4588; x_wconf 41' lang='lat' dir='ltr'><strong>D&#39;dam</strong></span> <span class='ocrx_word' id='word_1_661' title='bbox 2243 4496 2494 4562; x_wconf 87' lang='lat' dir='ltr'><strong>animos,</strong></span> <span class='ocrx_word' id='word_1_662' title='bbox 2529 4496 2667 4567; x_wconf 91' lang='lat' dir='ltr'><strong>quia</strong></span> <span class='ocrx_word' id='word_1_663' title='bbox 2724 4496 2877 4551; x_wconf 88' lang='lat' dir='ltr'><strong>sicut</strong></span> <span class='ocrx_word' id='word_1_664' title='bbox 2921 4496 3118 4551; x_wconf 84' lang='lat' dir='ltr'><strong>bestiae</strong></span> <span class='ocrx_word' id='word_1_665' title='bbox 3177 4494 3340 4550; x_wconf 90' lang='lat' dir='ltr'><strong>nulla</strong></span> <span class='ocrx_word' id='word_1_666' title='bbox 3386 4497 3608 4588; x_wconf 82' lang='lat' dir='ltr'><strong>ratione</strong></span> <span class='ocrx_word' id='word_1_667' title='bbox 3631 4493 3719 4548; x_wconf 90' lang='lat' dir='ltr'><strong>vel</strong></span> 
     </span>
    </p>
   </div>
   <div class='ocr_carea' id='block_1_95' title="bbox 299 4584 1966 4661">
    <p class='ocr_par' dir='ltr' id='par_1_95' title="bbox 299 4584 1966 4661">
     <span class='ocr_line' id='line_1_95' title="bbox 299 4584 1966 4661; baseline 0.003 -21"><span class='ocrx_word' id='word_1_668' title='bbox 299 4585 414 4650; x_wconf 84' lang='lat' dir='ltr'><strong>ria,</strong></span> <span class='ocrx_word' id='word_1_669' title='bbox 450 4589 513 4640; x_wconf 88' lang='lat' dir='ltr'><strong>et</strong></span> <span class='ocrx_word' id='word_1_670' title='bbox 541 4584 808 4641; x_wconf 88' lang='lat' dir='ltr'><strong>difﬁcilia</strong></span> <span class='ocrx_word' id='word_1_671' title='bbox 841 4589 897 4642; x_wconf 91' lang='lat' dir='ltr'><strong>et</strong></span> <span class='ocrx_word' id='word_1_672' title='bbox 925 4587 1167 4642; x_wconf 90' lang='lat' dir='ltr'><strong>adversa</strong></span> <span class='ocrx_word' id='word_1_673' title='bbox 1208 4585 1462 4658; x_wconf 88' lang='lat' dir='ltr'><strong>reliquit,</strong></span> <span class='ocrx_word' id='word_1_674' title='bbox 1495 4593 1559 4642; x_wconf 91' lang='lat' dir='ltr'><strong>ut</strong></span> <span class='ocrx_word' id='word_1_675' title='bbox 1591 4589 1648 4642; x_wconf 92' lang='lat' dir='ltr'><strong>in</strong></span> <span class='ocrx_word' id='word_1_676' title='bbox 1681 4589 1765 4644; x_wconf 88' lang='lat' dir='ltr'><strong>eis</strong></span> <span class='ocrx_word' id='word_1_677' title='bbox 1798 4605 1966 4661; x_wconf 85' lang='lat' dir='ltr'><strong>expe-</strong></span> 
     </span>
    </p>
   </div>
   <div class='ocr_carea' id='block_1_96' title="bbox 301 4674 1968 4749">
    <p class='ocr_par' dir='ltr' id='par_1_96' title="bbox 301 4674 1968 4749">
     <span class='ocr_line' id='line_1_96' title="bbox 301 4674 1968 4749; baseline 0.002 -19"><span class='ocrx_word' id='word_1_678' title='bbox 301 4674 501 4730; x_wconf 81' lang='lat' dir='ltr'><strong>riatur</strong></span> <span class='ocrx_word' id='word_1_679' title='bbox 532 4674 855 4746; x_wconf 87' lang='lat' dir='ltr'><strong>cujuslibet</strong></span> <span class='ocrx_word' id='word_1_680' title='bbox 875 4676 1042 4744; x_wconf 88' lang='lat' dir='ltr'><strong>ﬁdes,</strong></span> <span class='ocrx_word' id='word_1_681' title='bbox 1058 4693 1192 4748; x_wconf 89' lang='lat' dir='ltr'><strong>spes</strong></span> <span class='ocrx_word' id='word_1_682' title='bbox 1215 4681 1392 4748; x_wconf 90' lang='lat' dir='ltr'><strong>atque</strong></span> <span class='ocrx_word' id='word_1_683' title='bbox 1413 4677 1686 4744; x_wconf 89' lang='lat' dir='ltr'><strong>charitas,</strong></span> <span class='ocrx_word' id='word_1_684' title='bbox 1702 4694 1830 4749; x_wconf 62' lang='lat' dir='ltr'><strong>qua</strong></span> <span class='ocrx_word' id='word_1_685' title='bbox 1853 4695 1968 4734; x_wconf 90' lang='lat' dir='ltr'><strong>non</strong></span> 
     </span>
    </p>
   </div>
   <div class='ocr_carea' id='block_1_97' title="bbox 304 4753 1972 4838">
    <p class='ocr_par' dir='ltr' id='par_1_97' title="bbox 304 4753 1972 4838">
     <span class='ocr_line' id='line_1_97' title="bbox 304 4753 1972 4838; baseline 0.002 -20"><span class='ocrx_word' id='word_1_686' title='bbox 304 4764 421 4819; x_wconf 88' lang='lat' dir='ltr'><strong>nisi</strong></span> <span class='ocrx_word' id='word_1_687' title='bbox 455 4780 566 4836; x_wconf 89' lang='lat' dir='ltr'><strong>per</strong></span> <span class='ocrx_word' id='word_1_688' title='bbox 595 4764 748 4820; x_wconf 87' lang='lat' dir='ltr'><strong>dura</strong></span> <span class='ocrx_word' id='word_1_689' title='bbox 777 4768 835 4819; x_wconf 91' lang='lat' dir='ltr'><strong>et</strong></span> <span class='ocrx_word' id='word_1_690' title='bbox 863 4781 1068 4836; x_wconf 90' lang='lat' dir='ltr'><strong>aspera</strong></span> <span class='ocrx_word' id='word_1_691' title='bbox 1111 4753 1344 4836; x_wconf 80' lang='lat' dir='ltr'><strong>probari</strong></span> <span class='ocrx_word' id='word_1_692' title='bbox 1388 4770 1654 4837; x_wconf 87' lang='lat' dir='ltr'><strong>possunt,</strong></span> <span class='ocrx_word' id='word_1_693' title='bbox 1688 4771 1746 4822; x_wconf 91' lang='lat' dir='ltr'><strong>et</strong></span> <span class='ocrx_word' id='word_1_694' title='bbox 1775 4771 1840 4821; x_wconf 80' lang='lat' dir='ltr'><strong>ut</strong></span> <span class='ocrx_word' id='word_1_695' title='bbox 1871 4784 1972 4838; x_wconf 90' lang='lat' dir='ltr'><strong>per</strong></span> 
     </span>
    </p>
   </div>
   <div class='ocr_carea' id='block_1_98' title="bbox 302 4851 1971 4926">
    <p class='ocr_par' dir='ltr' id='par_1_98' title="bbox 302 4851 1971 4926">
     <span class='ocr_line' id='line_1_98' title="bbox 302 4851 1971 4926; baseline 0.002 -18"><span class='ocrx_word' id='word_1_696' title='bbox 302 4853 429 4908; x_wconf 72' lang='lat' dir='ltr'><strong>haec</strong></span> <span class='ocrx_word' id='word_1_697' title='bbox 460 4851 884 4924; x_wconf 89' lang='lat' dir='ltr'><strong>unusquisque</strong></span> <span class='ocrx_word' id='word_1_698' title='bbox 910 4853 1118 4908; x_wconf 88' lang='lat' dir='ltr'><strong>habeat</strong></span> <span class='ocrx_word' id='word_1_699' title='bbox 1146 4853 1482 4909; x_wconf 90' lang='lat' dir='ltr'><strong>facultatem</strong></span> <span class='ocrx_word' id='word_1_700' title='bbox 1511 4858 1688 4926; x_wconf 87' lang='lat' dir='ltr'><strong>atque</strong></span> <span class='ocrx_word' id='word_1_701' title='bbox 1716 4857 1971 4912; x_wconf 87' lang='lat' dir='ltr'><strong>occasio-</strong></span> 
     </span>
    </p>
   </div>
   <div class='ocr_carea' id='block_1_99' title="bbox 303 4941 1974 5015">
    <p class='ocr_par' dir='ltr' id='par_1_99' title="bbox 303 4941 1974 5015">
     <span class='ocr_line' id='line_1_99' title="bbox 303 4941 1974 5015; baseline 0.003 -20"><span class='ocrx_word' id='word_1_702' title='bbox 303 4955 444 4997; x_wconf 86' lang='lat' dir='ltr'><strong>nem</strong></span> <span class='ocrx_word' id='word_1_703' title='bbox 492 4941 647 4997; x_wconf 88' lang='lat' dir='ltr'><strong>bene</strong></span> <span class='ocrx_word' id='word_1_704' title='bbox 703 4941 937 5013; x_wconf 84' lang='lat' dir='ltr'><strong>agendi,</strong></span> <span class='ocrx_word' id='word_1_705' title='bbox 971 4958 1076 4998; x_wconf 89' lang='lat' dir='ltr'><strong>nec</strong></span> <span class='ocrx_word' id='word_1_706' title='bbox 1135 4959 1252 4998; x_wconf 90' lang='lat' dir='ltr'><strong>non</strong></span> <span class='ocrx_word' id='word_1_707' title='bbox 1310 4943 1679 5014; x_wconf 88' lang='lat' dir='ltr'><strong>promerendi</strong></span> <span class='ocrx_word' id='word_1_708' title='bbox 1737 4947 1974 5015; x_wconf 86' lang='lat' dir='ltr'><strong>praemia</strong></span> 
     </span>
    </p>
   </div>
   <div class='ocr_carea' id='block_1_100' title="bbox 300 5030 1972 5103">
    <p class='ocr_par' dir='ltr' id='par_1_100' title="bbox 300 5030 1972 5103">
     <span class='ocr_line' id='line_1_100' title="bbox 300 5030 1972 5103; baseline 0.001 -17"><span class='ocrx_word' id='word_1_709' title='bbox 300 5037 558 5098; x_wconf 68' lang='lat' dir='ltr'><strong>eterna,</strong></span> <span class='ocrx_word' id='word_1_710' title='bbox 592 5031 836 5086; x_wconf 90' lang='lat' dir='ltr'><strong>credens</strong></span> <span class='ocrx_word' id='word_1_711' title='bbox 887 5030 1180 5103; x_wconf 77' lang='lat' dir='ltr'><strong>mysteriis</strong></span> <span class='ocrx_word' id='word_1_712' title='bbox 1232 5030 1467 5101; x_wconf 88' lang='lat' dir='ltr'><strong>quidem</strong></span> <span class='ocrx_word' id='word_1_713' title='bbox 1517 5031 1788 5087; x_wconf 90' lang='lat' dir='ltr'><strong>virtutem</strong></span> <span class='ocrx_word' id='word_1_714' title='bbox 1823 5032 1972 5087; x_wconf 89' lang='lat' dir='ltr'><strong>divi-</strong></span> 
     </span>
    </p>
   </div>
   <div class='ocr_carea' id='block_1_101' title="bbox 301 5118 1976 5194">
    <p class='ocr_par' dir='ltr' id='par_1_101' title="bbox 301 5118 1976 5194">
     <span class='ocr_line' id='line_1_101' title="bbox 301 5118 1976 5194; baseline 0.003 -20"><span class='ocrx_word' id='word_1_715' title='bbox 301 5135 448 5174; x_wconf 85' lang='lat' dir='ltr'><strong>nam</strong></span> <span class='ocrx_word' id='word_1_716' title='bbox 471 5118 682 5185; x_wconf 90' lang='lat' dir='ltr'><strong>velari,</strong></span> <span class='ocrx_word' id='word_1_717' title='bbox 704 5118 968 5174; x_wconf 87' lang='lat' dir='ltr'><strong>difﬁcilia</strong></span> <span class='ocrx_word' id='word_1_718' title='bbox 988 5135 1120 5175; x_wconf 89' lang='lat' dir='ltr'><strong>vero</strong></span> <span class='ocrx_word' id='word_1_719' title='bbox 1141 5124 1198 5175; x_wconf 91' lang='lat' dir='ltr'><strong>et</strong></span> <span class='ocrx_word' id='word_1_720' title='bbox 1219 5120 1462 5176; x_wconf 84' lang='lat' dir='ltr'><strong>adversa</strong></span> <span class='ocrx_word' id='word_1_721' title='bbox 1479 5137 1582 5192; x_wconf 91' lang='lat' dir='ltr'><strong>per</strong></span> <span class='ocrx_word' id='word_1_722' title='bbox 1601 5126 1782 5177; x_wconf 90' lang='lat' dir='ltr'><strong>Deum</strong></span> <span class='ocrx_word' id='word_1_723' title='bbox 1805 5139 1976 5194; x_wconf 88' lang='lat' dir='ltr'><strong>posse</strong></span> 
     </span>
    </p>
   </div>
   <div class='ocr_carea' id='block_1_102' title="bbox 295 5208 609 5281">
    <p class='ocr_par' dir='ltr' id='par_1_102' title="bbox 295 5208 609 5281">
     <span class='ocr_line' id='line_1_102' title="bbox 295 5208 609 5281; baseline -0.006 -17"><span class='ocrx_word' id='word_1_724' title='bbox 295 5208 609 5281; x_wconf 86' lang='lat' dir='ltr'><strong>superari.</strong></span> 
     </span>
    </p>
   </div>
   <div class='ocr_carea' id='block_1_103' title="bbox 378 5297 1975 5370">
    <p class='ocr_par' dir='ltr' id='par_1_103' title="bbox 378 5297 1975 5370">
     <span class='ocr_line' id='line_1_103' title="bbox 378 5297 1975 5370; baseline 0.004 -18"><span class='ocrx_word' id='word_1_725' title='bbox 378 5298 500 5352; x_wconf 88' lang='lat' dir='ltr'><strong>Sed</strong></span> <span class='ocrx_word' id='word_1_726' title='bbox 535 5297 607 5352; x_wconf 90' lang='lat' dir='ltr'><strong>ad</strong></span> <span class='ocrx_word' id='word_1_727' title='bbox 645 5297 926 5370; x_wconf 83' lang='lat' dir='ltr'><strong>mysteria</strong></span> <span class='ocrx_word' id='word_1_728' title='bbox 955 5298 1205 5370; x_wconf 87' lang='lat' dir='ltr'><strong>pertinet</strong></span> <span class='ocrx_word' id='word_1_729' title='bbox 1225 5297 1416 5354; x_wconf 89' lang='lat' dir='ltr'><strong>omnis</strong></span> <span class='ocrx_word' id='word_1_730' title='bbox 1447 5298 1760 5356; x_wconf 87' lang='lat' dir='ltr'><strong>Dominicae</strong></span> <span class='ocrx_word' id='word_1_731' title='bbox 1787 5301 1975 5358; x_wconf 83' lang='lat' dir='ltr'><strong>incar—</strong></span> 
     </span>
    </p>
   </div>
   <div class='ocr_carea' id='block_1_104' title="bbox 303 5386 1980 5462">
    <p class='ocr_par' dir='ltr' id='par_1_104' title="bbox 303 5386 1980 5462">
     <span class='ocr_line' id='line_1_104' title="bbox 303 5386 1980 5462; baseline 0.002 -21"><span class='ocrx_word' id='word_1_732' title='bbox 303 5386 600 5455; x_wconf 87' lang='lat' dir='ltr'><strong>nationis,</strong></span> <span class='ocrx_word' id='word_1_733' title='bbox 625 5386 940 5458; x_wconf 87' lang='lat' dir='ltr'><strong>passionis,</strong></span> <span class='ocrx_word' id='word_1_734' title='bbox 965 5386 1410 5444; x_wconf 88' lang='lat' dir='ltr'><strong>resurrectionis</strong></span> <span class='ocrx_word' id='word_1_735' title='bbox 1435 5386 1812 5458; x_wconf 86' lang='lat' dir='ltr'><strong>dispensatio,</strong></span> <span class='ocrx_word' id='word_1_736' title='bbox 1841 5391 1980 5462; x_wconf 84' lang='lat' dir='ltr'><strong>quia</strong></span> 
     </span>
    </p>
   </div>
   <div class='ocr_carea' id='block_1_105' title="bbox 307 5473 1977 5534">
    <p class='ocr_par' dir='ltr' id='par_1_105' title="bbox 307 5473 1977 5534">
     <span class='ocr_line' id='line_1_105' title="bbox 307 5473 1977 5534; baseline 0.004 -6"><span class='ocrx_word' id='word_1_737' title='bbox 307 5473 374 5528; x_wconf 87' lang='lat' dir='ltr'><strong>in</strong></span> <span class='ocrx_word' id='word_1_738' title='bbox 406 5474 497 5530; x_wconf 89' lang='lat' dir='ltr'><strong>eis</strong></span> <span class='ocrx_word' id='word_1_739' title='bbox 533 5475 806 5530; x_wconf 75' lang='lat' dir='ltr'><strong>humanae</strong></span> <span class='ocrx_word' id='word_1_740' title='bbox 842 5476 1048 5531; x_wconf 88' lang='lat' dir='ltr'><strong>salutis</strong></span> <span class='ocrx_word' id='word_1_741' title='bbox 1081 5493 1258 5532; x_wconf 90' lang='lat' dir='ltr'><strong>causa</strong></span> <span class='ocrx_word' id='word_1_742' title='bbox 1297 5475 1377 5530; x_wconf 89' lang='lat' dir='ltr'><strong>ita</strong></span> <span class='ocrx_word' id='word_1_743' title='bbox 1422 5479 1509 5530; x_wconf 91' lang='lat' dir='ltr'><strong>est</strong></span> <span class='ocrx_word' id='word_1_744' title='bbox 1550 5475 1737 5531; x_wconf 87' lang='lat' dir='ltr'><strong>velata</strong></span> <span class='ocrx_word' id='word_1_745' title='bbox 1767 5482 1832 5532; x_wconf 92' lang='lat' dir='ltr'><strong>ut</strong></span> <span class='ocrx_word' id='word_1_746' title='bbox 1863 5496 1977 5534; x_wconf 91' lang='lat' dir='ltr'><strong>non</strong></span> 
     </span>
    </p>
   </div>
   <div class='ocr_carea' id='block_1_106' title="bbox 255 5563 1975 5642">
    <p class='ocr_par' dir='ltr' id='par_1_106' title="bbox 255 5563 1975 5642">
     <span class='ocr_line' id='line_1_106' title="bbox 255 5563 1975 5642; baseline 0.003 -25"><span class='ocrx_word' id='word_1_747' title='bbox 255 5639 259 5642; x_wconf 84' lang='lat'>_</span> <span class='ocrx_word' id='word_1_748' title='bbox 307 5563 438 5618; x_wconf 88' lang='lat' dir='ltr'><strong>nisi</strong></span> <span class='ocrx_word' id='word_1_749' title='bbox 465 5564 640 5618; x_wconf 85' lang='lat' dir='ltr'><strong>avida</strong></span> <span class='ocrx_word' id='word_1_750' title='bbox 661 5569 719 5619; x_wconf 90' lang='lat' dir='ltr'><strong>et</strong></span> <span class='ocrx_word' id='word_1_751' title='bbox 749 5564 1090 5621; x_wconf 90' lang='lat' dir='ltr'><strong>ﬁdelissima</strong></span> <span class='ocrx_word' id='word_1_752' title='bbox 1120 5563 1503 5636; x_wconf 90' lang='lat' dir='ltr'><strong>inquisitione</strong></span> <span class='ocrx_word' id='word_1_753' title='bbox 1534 5565 1750 5637; x_wconf 83' lang='lat' dir='ltr'><strong>percipi</strong></span> <span class='ocrx_word' id='word_1_754' title='bbox 1771 5567 1975 5623; x_wconf 89' lang='lat' dir='ltr'><strong>valeat.</strong></span> 
     </span>
    </p>
   </div>
   <div class='ocr_carea' id='block_1_107' title="bbox 309 5651 1981 5728">
    <p class='ocr_par' dir='ltr' id='par_1_107' title="bbox 309 5651 1981 5728">
     <span class='ocr_line' id='line_1_107' title="bbox 309 5651 1981 5728; baseline 0.004 -19"><span class='ocrx_word' id='word_1_755' title='bbox 309 5653 563 5721; x_wconf 79' lang='lat' dir='ltr'><strong>Quanto</strong></span> <span class='ocrx_word' id='word_1_756' title='bbox 594 5653 786 5726; x_wconf 86' lang='lat' dir='ltr'><strong>magis</strong></span> <span class='ocrx_word' id='word_1_757' title='bbox 817 5657 1012 5714; x_wconf 86' lang='lat' dir='ltr'><strong>autem</strong></span> <span class='ocrx_word' id='word_1_758' title='bbox 1042 5653 1285 5728; x_wconf 83' lang='lat' dir='ltr'><strong>mystice</strong></span> <span class='ocrx_word' id='word_1_759' title='bbox 1314 5657 1402 5711; x_wconf 87' lang='lat' dir='ltr'><strong>est</strong></span> <span class='ocrx_word' id='word_1_760' title='bbox 1430 5651 1640 5724; x_wconf 88' lang='lat' dir='ltr'><strong>velata,</strong></span> <span class='ocrx_word' id='word_1_761' title='bbox 1663 5657 1824 5714; x_wconf 89' lang='lat' dir='ltr'><strong>tanto</strong></span> <span class='ocrx_word' id='word_1_762' title='bbox 1858 5673 1981 5716; x_wconf 85' lang='lat' dir='ltr'><strong>ma-</strong></span> 
     </span>
    </p>
   </div>
   <div class='ocr_carea' id='block_1_108' title="bbox 2077 4583 3724 4657">
    <p class='ocr_par' dir='ltr' id='par_1_108' title="bbox 2077 4583 3724 4657">
     <span class='ocr_line' id='line_1_108' title="bbox 2077 4583 3724 4657; baseline -0.002 -17"><span class='ocrx_word' id='word_1_763' title='bbox 2077 4585 2388 4657; x_wconf 91' lang='lat' dir='ltr'><strong>disciplina</strong></span> <span class='ocrx_word' id='word_1_764' title='bbox 2417 4585 2780 4654; x_wconf 90' lang='lat' dir='ltr'><strong>cohibentur,</strong></span> <span class='ocrx_word' id='word_1_765' title='bbox 2808 4586 2909 4641; x_wconf 83' lang='lat' dir='ltr'><strong>sed</strong></span> <span class='ocrx_word' id='word_1_766' title='bbox 2942 4599 3312 4656; x_wconf 89' lang='lat' dir='ltr'><strong>quocumque</strong></span> <span class='ocrx_word' id='word_1_767' title='bbox 3343 4599 3440 4638; x_wconf 90' lang='lat' dir='ltr'><strong>eas</strong></span> <span class='ocrx_word' id='word_1_768' title='bbox 3469 4583 3724 4652; x_wconf 87' lang='lat' dir='ltr'><strong>impetus</strong></span> 
     </span>
    </p>
   </div>
   <div class='ocr_carea' id='block_1_109' title="bbox 2077 4669 3724 4744">
    <p class='ocr_par' dir='ltr' id='par_1_109' title="bbox 2077 4669 3724 4744">
     <span class='ocr_line' id='line_1_109' title="bbox 2077 4669 3724 4744; baseline -0.002 -15"><span class='ocrx_word' id='word_1_769' title='bbox 2077 4674 2414 4741; x_wconf 84' lang='lat' dir='ltr'><strong>voluntatis,</strong></span> <span class='ocrx_word' id='word_1_770' title='bbox 2459 4673 2545 4728; x_wconf 89' lang='lat' dir='ltr'><strong>vel</strong></span> <span class='ocrx_word' id='word_1_771' title='bbox 2605 4691 2775 4729; x_wconf 89' lang='lat' dir='ltr'><strong>casus</strong></span> <span class='ocrx_word' id='word_1_772' title='bbox 2833 4673 3152 4744; x_wconf 89' lang='lat' dir='ltr'><strong>impulerit,</strong></span> <span class='ocrx_word' id='word_1_773' title='bbox 3203 4670 3340 4726; x_wconf 91' lang='lat' dir='ltr'><strong>illuc</strong></span> <span class='ocrx_word' id='word_1_774' title='bbox 3400 4669 3724 4742; x_wconf 66' lang='lat' dir='ltr'><strong>praecipites</strong></span> 
     </span>
    </p>
   </div>
   <div class='ocr_carea' id='block_1_110' title="bbox 2081 4758 3727 4835">
    <p class='ocr_par' dir='ltr' id='par_1_110' title="bbox 2081 4758 3727 4835">
     <span class='ocr_line' id='line_1_110' title="bbox 2081 4758 3727 4835; baseline -0.002 -16"><span class='ocrx_word' id='word_1_775' title='bbox 2081 4765 2365 4830; x_wconf 88' lang='lat' dir='ltr'><strong>feruntur,</strong></span> <span class='ocrx_word' id='word_1_776' title='bbox 2401 4763 2482 4817; x_wconf 90' lang='lat' dir='ltr'><strong>ita</strong></span> <span class='ocrx_word' id='word_1_777' title='bbox 2539 4768 2595 4816; x_wconf 90' lang='lat' dir='ltr'><strong>et</strong></span> <span class='ocrx_word' id='word_1_778' title='bbox 2651 4763 3072 4835; x_wconf 84' lang='lat' dir='ltr'><strong>indisciplinati</strong></span> <span class='ocrx_word' id='word_1_779' title='bbox 3125 4765 3181 4816; x_wconf 90' lang='lat' dir='ltr'><strong>et</strong></span> <span class='ocrx_word' id='word_1_780' title='bbox 3239 4759 3484 4832; x_wconf 90' lang='lat' dir='ltr'><strong>inquieti</strong></span> <span class='ocrx_word' id='word_1_781' title='bbox 3532 4758 3727 4815; x_wconf 85' lang='lat' dir='ltr'><strong>laxata</strong></span> 
     </span>
    </p>
   </div>
   <div class='ocr_carea' id='block_1_111' title="bbox 2081 4849 3726 4924">
    <p class='ocr_par' dir='ltr' id='par_1_111' title="bbox 2081 4849 3726 4924">
     <span class='ocr_line' id='line_1_111' title="bbox 2081 4849 3726 4924; baseline -0.004 -14"><span class='ocrx_word' id='word_1_782' title='bbox 2081 4858 2298 4920; x_wconf 90' lang='lat' dir='ltr'><strong>mente,</strong></span> <span class='ocrx_word' id='word_1_783' title='bbox 2347 4852 2444 4907; x_wconf 91' lang='lat' dir='ltr'><strong>ubi</strong></span> <span class='ocrx_word' id='word_1_784' title='bbox 2492 4851 2713 4919; x_wconf 83' lang='lat' dir='ltr'><strong>volunt,</strong></span> <span class='ocrx_word' id='word_1_785' title='bbox 2763 4857 3050 4924; x_wconf 89' lang='lat' dir='ltr'><strong>vagantur</strong></span> <span class='ocrx_word' id='word_1_786' title='bbox 3095 4849 3232 4923; x_wconf 81' lang='lat' dir='ltr'><strong>(cod.</strong></span> <span class='ocrx_word' id='word_1_787' title='bbox 3267 4850 3445 4917; x_wconf 83' lang='lat' dir='ltr'><strong>Cruc.,</strong></span> <span class='ocrx_word' id='word_1_788' title='bbox 3478 4849 3578 4905; x_wconf 91' lang='lat' dir='ltr'><strong>ubi</strong></span> <span class='ocrx_word' id='word_1_789' title='bbox 3625 4849 3726 4904; x_wconf 88' lang='lat' dir='ltr'><strong>ubi</strong></span> 
     </span>
    </p>
   </div>
   <div class='ocr_carea' id='block_1_112' title="bbox 2081 4946 2409 5014">
    <p class='ocr_par' dir='ltr' id='par_1_112' title="bbox 2081 4946 2409 5014">
     <span class='ocr_line' id='line_1_112' title="bbox 2081 4946 2409 5014; baseline -0.006 -16"><span class='ocrx_word' id='word_1_790' title='bbox 2081 4946 2409 5014; x_wconf 85' lang='lat' dir='ltr'><strong>vagantur].</strong></span> 
     </span>
    </p>
   </div>
   <div class='ocr_carea' id='block_1_113' title="bbox 2155 5026 3730 5103">
    <p class='ocr_par' dir='ltr' id='par_1_113' title="bbox 2155 5026 3730 5103">
     <span class='ocr_line' id='line_1_113' title="bbox 2155 5026 3730 5103; baseline -0.005 -15"><span class='ocrx_word' id='word_1_791' title='bbox 2155 5033 2285 5088; x_wconf 80' lang='lat' dir='ltr'><strong>Haec</strong></span> <span class='ocrx_word' id='word_1_792' title='bbox 2315 5031 2494 5103; x_wconf 84' lang='lat' dir='ltr'><strong>igitur</strong></span> <span class='ocrx_word' id='word_1_793' title='bbox 2523 5047 2708 5103; x_wconf 88' lang='lat' dir='ltr'><strong>pauca</strong></span> <span class='ocrx_word' id='word_1_794' title='bbox 2730 5031 2800 5086; x_wconf 91' lang='lat' dir='ltr'><strong>de</strong></span> <span class='ocrx_word' id='word_1_795' title='bbox 2821 5029 3241 5086; x_wconf 90' lang='lat' dir='ltr'><strong>elementorum</strong></span> <span class='ocrx_word' id='word_1_796' title='bbox 3268 5028 3560 5101; x_wconf 83' lang='lat' dir='ltr'><strong>mysteriis</strong></span> <span class='ocrx_word' id='word_1_797' title='bbox 3590 5026 3730 5082; x_wconf 84' lang='lat' dir='ltr'><strong>dixi-</strong></span> 
     </span>
    </p>
   </div>
   <div class='ocr_carea' id='block_1_114' title="bbox 2088 5114 3732 5194">
    <p class='ocr_par' dir='ltr' id='par_1_114' title="bbox 2088 5114 3732 5194">
     <span class='ocr_line' id='line_1_114' title="bbox 2088 5114 3732 5194; baseline -0.006 -15"><span class='ocrx_word' id='word_1_798' title='bbox 2088 5141 2240 5194; x_wconf 90' lang='lat' dir='ltr'><strong>mus,</strong></span> <span class='ocrx_word' id='word_1_799' title='bbox 2275 5122 2670 5192; x_wconf 89' lang='lat' dir='ltr'><strong>relinquentes</strong></span> <span class='ocrx_word' id='word_1_800' title='bbox 2711 5121 2931 5190; x_wconf 85' lang='lat' dir='ltr'><strong>majora</strong></span> <span class='ocrx_word' id='word_1_801' title='bbox 2961 5120 3306 5191; x_wconf 85' lang='lat' dir='ltr'><strong>majoribus,</strong></span> <span class='ocrx_word' id='word_1_802' title='bbox 3340 5118 3441 5174; x_wconf 90' lang='lat' dir='ltr'><strong>sed</strong></span> <span class='ocrx_word' id='word_1_803' title='bbox 3476 5133 3606 5170; x_wconf 90' lang='lat' dir='ltr'><strong>cum</strong></span> <span class='ocrx_word' id='word_1_804' title='bbox 3639 5114 3732 5170; x_wconf 88' lang='lat' dir='ltr'><strong>bis</strong></span> 
     </span>
    </p>
   </div>
   <div class='ocr_carea' id='block_1_115' title="bbox 2089 5204 3730 5281">
    <p class='ocr_par' dir='ltr' id='par_1_115' title="bbox 2089 5204 3730 5281">
     <span class='ocr_line' id='line_1_115' title="bbox 2089 5204 3730 5281; baseline -0.006 -15"><span class='ocrx_word' id='word_1_805' title='bbox 2089 5219 2280 5268; x_wconf 89' lang='lat' dir='ltr'><strong>tamen</strong></span> <span class='ocrx_word' id='word_1_806' title='bbox 2337 5211 2656 5266; x_wconf 86' lang='lat' dir='ltr'><strong>excitantes</strong></span> <span class='ocrx_word' id='word_1_807' title='bbox 2705 5210 2991 5280; x_wconf 88' lang='lat' dir='ltr'><strong>quosdam</strong></span> <span class='ocrx_word' id='word_1_808' title='bbox 3041 5207 3400 5281; x_wconf 79' lang='lat' dir='ltr'><strong>negligentes</strong></span> <span class='ocrx_word' id='word_1_809' title='bbox 3433 5205 3503 5261; x_wconf 91' lang='lat' dir='ltr'><strong>ad</strong></span> <span class='ocrx_word' id='word_1_810' title='bbox 3536 5204 3730 5274; x_wconf 88' lang='lat' dir='ltr'><strong>inqui-</strong></span> 
     </span>
    </p>
   </div>
   <div class='ocr_carea' id='block_1_116' title="bbox 2089 5295 3736 5370">
    <p class='ocr_par' dir='ltr' id='par_1_116' title="bbox 2089 5295 3736 5370">
     <span class='ocr_line' id='line_1_116' title="bbox 2089 5295 3736 5370; baseline -0.006 -15"><span class='ocrx_word' id='word_1_811' title='bbox 2089 5301 2267 5356; x_wconf 89' lang='lat' dir='ltr'><strong>renda</strong></span> <span class='ocrx_word' id='word_1_812' title='bbox 2298 5299 2635 5370; x_wconf 77' lang='lat' dir='ltr'><strong>hujusmodi</strong></span> <span class='ocrx_word' id='word_1_813' title='bbox 2670 5314 2903 5364; x_wconf 87' lang='lat' dir='ltr'><strong>arcana,</strong></span> <span class='ocrx_word' id='word_1_814' title='bbox 2925 5315 3053 5368; x_wconf 80' lang='lat' dir='ltr'><strong>quae</strong></span> <span class='ocrx_word' id='word_1_815' title='bbox 3083 5303 3140 5352; x_wconf 92' lang='lat' dir='ltr'><strong>et</strong></span> <span class='ocrx_word' id='word_1_816' title='bbox 3171 5297 3339 5351; x_wconf 90' lang='lat' dir='ltr'><strong>ﬁdem</strong></span> <span class='ocrx_word' id='word_1_817' title='bbox 3376 5295 3650 5348; x_wconf 87' lang='lat' dir='ltr'><strong>roborant</strong></span> <span class='ocrx_word' id='word_1_818' title='bbox 3675 5298 3736 5346; x_wconf 86' lang='lat' dir='ltr'><strong>et</strong></span> 
     </span>
    </p>
   </div>
   <div class='ocr_carea' id='block_1_117' title="bbox 2089 5385 2985 5444">
    <p class='ocr_par' dir='ltr' id='par_1_117' title="bbox 2089 5385 2985 5444">
     <span class='ocr_line' id='line_1_117' title="bbox 2089 5385 2985 5444; baseline -0.002 -1"><span class='ocrx_word' id='word_1_819' title='bbox 2089 5393 2344 5444; x_wconf 90' lang='lat' dir='ltr'><strong>mentem</strong></span> <span class='ocrx_word' id='word_1_820' title='bbox 2377 5388 2446 5441; x_wconf 91' lang='lat' dir='ltr'><strong>ab</strong></span> <span class='ocrx_word' id='word_1_821' title='bbox 2489 5385 2708 5441; x_wconf 86' lang='lat' dir='ltr'><strong>inﬁmis</strong></span> <span class='ocrx_word' id='word_1_822' title='bbox 2740 5386 2985 5441; x_wconf 87' lang='lat' dir='ltr'><strong>elevant.</strong></span> 
     </span>
    </p>
   </div>
   <div class='ocr_carea' id='block_1_118' title="bbox 2159 5471 3734 5547">
    <p class='ocr_par' dir='ltr' id='par_1_118' title="bbox 2159 5471 3734 5547">
     <span class='ocr_line' id='line_1_118' title="bbox 2159 5471 3734 5547; baseline -0.004 -16"><span class='ocrx_word' id='word_1_823' title='bbox 2159 5476 2383 5531; x_wconf 87' lang='lat' dir='ltr'><strong>Similia</strong></span> <span class='ocrx_word' id='word_1_824' title='bbox 2399 5491 2630 5547; x_wconf 91' lang='lat' dir='ltr'><strong>quoque</strong></span> <span class='ocrx_word' id='word_1_825' title='bbox 2649 5475 2926 5546; x_wconf 83' lang='lat' dir='ltr'><strong>mysteria</strong></span> <span class='ocrx_word' id='word_1_826' title='bbox 2948 5474 3190 5530; x_wconf 87' lang='lat' dir='ltr'><strong>inveniri</strong></span> <span class='ocrx_word' id='word_1_827' title='bbox 3212 5476 3433 5544; x_wconf 87' lang='lat' dir='ltr'><strong>queunt</strong></span> <span class='ocrx_word' id='word_1_828' title='bbox 3455 5472 3513 5527; x_wconf 90' lang='lat' dir='ltr'><strong>in</strong></span> <span class='ocrx_word' id='word_1_829' title='bbox 3537 5471 3734 5526; x_wconf 84' lang='lat' dir='ltr'><strong>rebus.</strong></span> 
     </span>
    </p>
   </div>
   <div class='ocr_carea' id='block_1_119' title="bbox 2093 5561 3736 5635">
    <p class='ocr_par' dir='ltr' id='par_1_119' title="bbox 2093 5561 3736 5635">
     <span class='ocr_line' id='line_1_119' title="bbox 2093 5561 3736 5635; baseline -0.004 -14"><span class='ocrx_word' id='word_1_830' title='bbox 2093 5568 2203 5621; x_wconf 82' lang='lat' dir='ltr'><strong>Res</strong></span> <span class='ocrx_word' id='word_1_831' title='bbox 2235 5569 2428 5620; x_wconf 87' lang='lat' dir='ltr'><strong>autem</strong></span> <span class='ocrx_word' id='word_1_832' title='bbox 2462 5579 2591 5618; x_wconf 89' lang='lat' dir='ltr'><strong>reor</strong></span> <span class='ocrx_word' id='word_1_833' title='bbox 2621 5563 2817 5634; x_wconf 89' lang='lat' dir='ltr'><strong>aliquo</strong></span> <span class='ocrx_word' id='word_1_834' title='bbox 2841 5565 3012 5619; x_wconf 90' lang='lat' dir='ltr'><strong>modo</strong></span> <span class='ocrx_word' id='word_1_835' title='bbox 3036 5578 3206 5635; x_wconf 87' lang='lat' dir='ltr'><strong>posse</strong></span> <span class='ocrx_word' id='word_1_836' title='bbox 3228 5562 3342 5618; x_wconf 92' lang='lat' dir='ltr'><strong>dici</strong></span> <span class='ocrx_word' id='word_1_837' title='bbox 3369 5561 3586 5631; x_wconf 87' lang='lat' dir='ltr'><strong>omnia,</strong></span> <span class='ocrx_word' id='word_1_838' title='bbox 3606 5577 3736 5631; x_wconf 60' lang='lat' dir='ltr'><strong>quae</strong></span> 
     </span>
    </p>
   </div>
   <div class='ocr_carea' id='block_1_120' title="bbox 2092 5647 3734 5728">
    <p class='ocr_par' dir='ltr' id='par_1_120' title="bbox 2092 5647 3734 5728">
     <span class='ocr_line' id='line_1_120' title="bbox 2092 5647 3734 5728; baseline -0.005 -15"><span class='ocrx_word' id='word_1_839' title='bbox 2092 5673 2206 5713; x_wconf 91' lang='lat' dir='ltr'><strong>non</strong></span> <span class='ocrx_word' id='word_1_840' title='bbox 2255 5670 2355 5728; x_wconf 90' lang='lat' dir='ltr'><strong>per</strong></span> <span class='ocrx_word' id='word_1_841' title='bbox 2401 5652 2795 5711; x_wconf 87' lang='lat' dir='ltr'><strong>substantiam</strong></span> <span class='ocrx_word' id='word_1_842' title='bbox 2849 5653 3146 5727; x_wconf 88' lang='lat' dir='ltr'><strong>propriam</strong></span> <span class='ocrx_word' id='word_1_843' title='bbox 3193 5651 3472 5721; x_wconf 84' lang='lat' dir='ltr'><strong>existunt,</strong></span> <span class='ocrx_word' id='word_1_844' title='bbox 3506 5653 3571 5706; x_wconf 89' lang='lat' dir='ltr'><strong>ut</strong></span> <span class='ocrx_word' id='word_1_845' title='bbox 3619 5647 3734 5704; x_wconf 81' lang='lat' dir='ltr'><strong>ele-</strong></span> 
     </span>
    </p>
   </div>
  </div>
