4114 6184
448 316 562 376 103

1458 305 1801 367 OTHLONI
1846 304 2199 366 MONACHI
2248 306 2312 365 S.
2359 304 2849 368 EMMERAMMI

3740 306 3852 369 1οι

447 452 664 514 menta,
697 446 796 501 sed
836 442 1009 500 alicui
1050 440 1387 497 substantiae
1421 438 1740 495 accidentia
1770 436 2085 505 intellectu,
2118 440 2173 504 Α
2204 438 2660 511 omnipotentem
2693 440 2751 493 in
2786 456 2913 495 esse
2955 439 3273 511 perfectum
3305 442 3477 512 atque
3518 439 3848 511 simplicem

445 538 533 594 vel
568 542 700 593 actu
749 535 871 591 solo
905 534 1235 604 capiuntur,
1273 534 1335 586 ut
1382 547 1683 597 numerus,
1716 527 1840 583 dies
1871 533 1925 583 et
1959 546 2090 599 nox,

446 627 694 698 languor
741 630 797 679 et
844 622 1149 692 medicina,
1186 621 1351 692 copia
1396 624 1451 675 et
1482 618 1725 690 penuria
1774 622 2093 688 eceteraque

446 717 606 772 talia.
641 713 1101 778 Quzn'nimirum
1149 710 1346 765 omnia
1393 710 1527 763 licet
1562 710 1732 777 juxta
1780 706 2091 762 dialecticae

448 805 591 861 artis
623 802 1007 858 subtilitatem
1051 801 1415 871 distinguere
1447 813 1754 868 nequeam,
1790 812 1905 851 non
1936 796 2090 850 enim

450 896 634 949 merui
686 892 848 946 illius
897 890 1111 945 habere
1143 889 1430 955 notitiam,
1464 888 1509 942 si
1560 891 1755 942 tamen
1806 885 2095 940 sententia

439 984 608 1052 juxta
638 998 857 1036 morem
891 997 1066 1035 sacra:
1099 978 1410 1049 Scripturas
1439 976 1812 1046 aliquatenus
1844 975 2095 1045 profera-

444 1078 561 1138 tur,
594 1074 723 1142 peto
758 1087 828 1125 ne
855 1072 1087 1141 propter
1118 1067 1501 1122 rusticitatem
1532 1065 1820 1120 sermoais
1852 1080 2089 1134 respua-

444 1166 561 1228 tur,
589 1176 721 1215 cum
755 1162 980 1213 constet
1010 1157 1296 1228 plurimos
1327 1154 1747 1210 ecclesiasticos
1780 1152 2092 1224 scriptores

445 1267 654 1321 parum
714 1247 1034 1303 excoluisse
1091 1244 1484 1309 dialecticam,
1543 1241 1772 1297 etiamsi
1829 1240 2094 1295 noverint

443 1338 626 1393 illam.
652 1336 982 1392 Maluerunt
1014 1350 1267 1405 namque
1299 1332 1470 1404 plano
1494 1347 1669 1402 quam
1693 1331 1938 1384 obscuro
1972 1346 2089 1384 ser-

446 1444 617 1483 mone
648 1425 973 1497 spiritualia
1021 1424 1295 1494 proferre.
1330 1422 1492 1476 Unde
1524 1426 1578 1474 et
1607 1422 1845 1475 sanctus
1894 1418 2087 1472 Hiero-

448 1534 660 1589 nymus
709 1516 895 1569 dicit:
940 1514 1068 1568 Sint
1116 1512 1211 1566 alii
1264 1510 1487 1579 diserti,
1524 1509 1836 1563 laudentur
1885 1513 1946 1561 ut
1991 1524 2087 1562 vo-

441 1605 589 1671 lunt,
626 1609 683 1659 et
711 1602 928 1657 inﬂatis
959 1601 1158 1656 buccis
1202 1599 1538 1672 spumantia
1565 1598 1740 1652 verba
1769 1597 2086 1662 trutinent;

442 1693 586 1748 mihi
619 1693 837 1748 sufﬁcit
868 1691 952 1746 sic
984 1690 1142 1761 loqui
1192 1693 1256 1743 ut
1308 1687 1621 1758 intelligar,
1657 1690 1713 1741 et
1745 1690 1809 1740 ut
1838 1687 1905 1739 de
1936 1684 2087 1739 Seri-

438 1783 628 1853 pturis
660 1782 967 1851 disputans
1013 1779 1446 1849 Scripturarum
1490 1775 1683 1829 imiter
1730 1773 2081 1846 simplicita-

435 1876 572 1925 tem.
636 1871 791 1924 Idem
854 1884 1087 1939 quoque
1148 1867 1305 1935 alibi,
1367 1866 1540 1930 Deus,
1600 1864 1813 1934 inquit,
1875 1879 2082 1917 sensus

438 1959 624 2031 magis
665 1974 842 2029 quam
891 1957 1066 2012 verba
1098 1955 1362 2026 requirit.
1396 1958 1525 2007 Haec
1569 1958 1762 2007 autem
1815 1952 1943 2007 ideo
1993 1951 2081 2005 in-

441 2048 571 2114 tuli,
604 2053 665 2102 ut
697 2048 743 2101 si
778 2045 908 2117 quis
958 2047 1103 2100 forte
1135 2061 1226 2099 me
1257 2042 1643 2115 reprehendat
1691 2058 1811 2096 rem
1861 2040 2080 2095 solum-

440 2136 613 2190 modo
668 2154 770 2206 pro
830 2134 1228 2188 accidentibus
1282 2131 1566 2203 posuisse,
1610 2148 1785 2201 quam
1844 2128 2082 2200 plurimi

438 2242 593 2279 nunc
636 2242 737 2296 pro
790 2223 1139 2283 substantia,
1172 2238 1322 2275 nunc
1373 2237 1474 2291 pro
1531 2219 1927 2274 accidentibus
1976 2234 2077 2288 po-

437 2320 605 2379 nunt,
640 2313 861 2368 noverit
898 2330 989 2367 me
1035 2328 1243 2367 sensus
1275 2309 1708 2383 simplicitatem
1739 2307 1873 2379 plus
1903 2323 2079 2377 quam

435 2403 744 2459 verborum
804 2400 1187 2456 subtilitatem
1248 2415 1529 2469 exponere
1585 2397 1729 2452 velle
1785 2396 2081 2467 simulque

435 2492 582 2547 sciat
631 2491 768 2561 quia
798 2491 854 2543 in
896 2490 1190 2560 aliquibus
1252 2487 1587 2541 auctoribus
1639 2487 1738 2552 ita,
1795 2490 1857 2539 ut
1906 2502 1938 2538 a
1988 2502 2080 2539 me

436 2580 657 2634 dictum
692 2583 797 2645 est,
832 2578 1140 2632 invenitur.
1171 2578 1272 2631 His
1317 2593 1451 2647 ergo
1484 2576 1821 2647 praemissis,
1848 2575 1973 2645 jam
2006 2574 2077 2628 ad

437 2668 659 2723 noviter
700 2668 1129 2740 propositorum
1180 2666 1456 2738 mysteria
1502 2664 1867 2719 discutienda
1912 2680 2078 2718 acce-

438 2757 602 2825 dens,
654 2757 713 2811 in
772 2757 978 2828 primis
1026 2755 1161 2826 quid
1213 2771 1493 2809 numerus
1544 2753 1831 2824 signiﬁcet
1888 2752 2077 2807 dicere

434 2845 581 2901 volo.

1002 2951 1233 3007 CAPUT
1273 2950 1509 3005 XXXIV.

437 3049 517 3099 De
547 3044 827 3113 mysteriis
856 3058 1230 3107 numerorum,
1255 3041 1308 3094 in
1338 3042 1536 3113 primis
1566 3040 1796 3093 unitatis
1823 3045 2078 3113 θρίω-ηα-

506 3112 613 3174 η’ἰέ
666 3114 928 3183 quomodo
984 3115 1353 3167 sanctissima:
1410 3112 1692 3165 Trinitatis
1741 3114 1791 3164 et
1842 3112 2076 3166 Unitatis

505 3186 864 3256 cognitionem
892 3185 1177 3239 deducant.

507 3292 798 3347 Numerus
821 3292 975 3346 enim
1006 3308 1139 3346 eum
1169 3290 1458 3346 maximus
1481 3289 1558 3344 sit
1588 3289 1792 3343 divina)
1825 3287 2077 3342 scientia:

438 3380 678 3448 delator,
719 3381 1029 3435 insinuans
1083 3379 1249 3434 nobis
1309 3396 1408 3450 per
1464 3395 1526 3433 se
1576 3378 1866 3448 quomodo
1925 3378 2078 3431 Deus

435 3475 646 3525 cuncta
676 3470 784 3524 sub
818 3486 1094 3524 mensura
1124 3474 1178 3523 et
1210 3470 1462 3539 pondere
1488 3472 1661 3538 atque
1693 3467 1894 3521 ordine
1924 3470 2077 3520 certo

433 3558 647 3614 habeat
687 3560 835 3629 (Sap.
887 3560 990 3629 x1),
1042 3564 1258 3629 quanto
1316 3556 1608 3612 efﬁcacius
1669 3556 1865 3609 omnia
1920 3572 2074 3610 com-

431 3647 760 3718 prehendit,
795 3652 951 3701 tanto
984 3647 1387 3717 praestantiora
1420 3644 1696 3715 mysteria
1728 3643 1889 3714 gerit.
1926 3646 2075 3707 Quo-

431 3752 561 3789 rum
592 3751 697 3806 ego
731 3735 1039 3805 imperitus
1068 3733 1155 3788 vel
1191 3733 1386 3804 aliqua
1418 3733 1545 3786 ideo
1579 3747 1860 3802 exponere
1892 3732 2075 3802 gestio

432 3828 496 3877 ut
528 3823 668 3890 illis,
702 3824 799 3895 qui
834 3823 1080 3878 scientia
1110 3822 1268 3891 varia
1306 3820 1597 3889 instructi,
1630 3820 1689 3873 in
1723 3820 2073 3891 multiplica-

431 3912 588 3967 tione
619 3917 676 3967 et
707 3912 989 3967 divisione
1020 3911 1249 3965 numeri
1295 3926 1421 3964 sese
1462 3911 1630 3979 juxta
1678 3908 1931 3963 litteram
1982 3927 2073 3964 so-

430 4001 732 4056 lummodo
763 4004 1029 4054 exercent
1062 4015 1461 4070 magnumque
1492 4002 1719 4069 putant,
1753 3997 1801 4052 si
1833 3998 2075 4069 quemli-

432 4089 531 4143 bet
562 4089 621 4142 in
656 4087 778 4143 sola
809 4087 1153 4142 numerandi
1186 4086 1391 4158 peritia
1423 4084 1774 4156 praecellant,
1807 4089 1906 4139 aut
1937 4084 2075 4139 inci-

429 4180 691 4232 tamenta
723 4176 1044 4248 spiritualis
1074 4176 1329 4231 exercitii
1364 4176 1671 4247 prmbeam,
1699 4178 1799 4229 aut
1829 4190 2073 4229 excusa-

428 4265 646 4320 tionem
707 4264 1070 4336 negligentire
1125 4266 1403 4319 auferam.
1456 4264 1594 4317 Mihi
1645 4279 1918 4333 namque,
1971 4263 2071 4334 qui

426 4353 560 4423 plus
589 4354 907 4425 vulgariter
936 4370 1111 4425 quam
1146 4353 1501 4408 scholasticae
1533 4352 1675 4406 artis
1708 4352 1886 4421 hujus
1921 4353 2069 4406 noti-

425 4440 567 4496 tiam
596 4459 831 4513 parvam
865 4443 1116 4513 suscepi,
1152 4442 1413 4513 amplum
1447 4446 1620 4507 esset,
1658 4446 1721 4494 ut
1751 4442 1939 4506 credo,
1974 4458 2069 4495 ex-

2205 531 2269 580 ut
2285 526 2407 598 ipse
2424 528 2605 583 multo
2626 529 2901 600 indigeat,
2918 528 3042 583 sine
3061 528 3186 599 ipso
3200 526 3360 583 nulla
3380 532 3573 583 autem
3589 533 3851 585 creatura

2202 616 2446 671 existere
2494 616 2697 671 valeat.
2727 617 2945 672 Deinde
2993 634 3125 672 cum
3177 617 3329 672 idem
3384 618 3533 673 Deus
3582 618 3847 691 omnipo-

2202 709 2350 775 iens,
2380 710 2435 760 et
2468 723 2643 776 unus,
2675 711 2731 761 et
2768 707 2991 775 trinus;
3020 723 3171 761 unus
3204 705 3440 776 quidem
3483 706 3541 760 in
3574 707 3850 762 substan-

2207 794 2301 860 tia,
2336 795 2525 849 trinus
2557 811 2688 849 vero
2728 795 2784 849 in
2833 797 3125 865 personis;
3158 799 3327 850 Pater
3355 794 3642 862 videlicet,
3667 799 3723 851 et
3752 795 3848 850 Fi-

2201 883 2338 949 lius,
2371 888 2427 937 et
2456 883 2729 955 Spiritus,
2763 888 2935 956 atque
2984 889 3131 939 Deus
3163 885 3328 939 Pater
3357 884 3426 938 de
3458 884 3640 955 nullo,
3670 884 3846 942 Filius

2199 990 2332 1028 vero
2366 974 2513 1027 Deus
2544 974 2613 1027 de
2642 978 2813 1028 Patre
2853 973 2981 1028 sine
3020 973 3313 1045 passione,
3338 972 3421 1028 vel
3459 974 3846 1030 diminutione

2201 1062 2457 1133 genitus,
2491 1065 2548 1116 et
2580 1078 2681 1133 per
2710 1062 2906 1133 ipsum
2940 1078 3109 1117 omne
3142 1062 3391 1129 factum;
3425 1061 3674 1132 Spiritus
3705 1078 3846 1133 quo-

2201 1168 2313 1221 que
2341 1154 2579 1206 sanctus
2614 1168 2728 1205 non
2750 1151 2820 1205 de
2852 1151 3019 1205 Patre
3050 1156 3105 1206 et
3140 1150 3281 1206 Filio
3302 1150 3556 1222 genitus,
3587 1152 3685 1206 sed
3720 1168 3848 1223 pro-

2201 1241 2414 1295 cedens
2444 1240 2687 1307 dicatur,
2720 1240 3129 1311 proferendum
3161 1244 3249 1295 est
3290 1241 3397 1295 etsi
3444 1240 3641 1295 minus
3672 1242 3846 1313 digne

2200 1328 2356 1399 (quis
2386 1329 2540 1384 enim
2575 1329 2893 1383 ineffabilia
2920 1329 3108 1385 valeat
3137 1329 3421 1401 condigne
3455 1328 3625 1402 fari?)
3646 1334 3844 1386 tamen

2201 1423 2495 1489 utcunque
2538 1418 2805 1489 qualiter,
2838 1418 2958 1472 hazc
3007 1418 3207 1473 omnia
3254 1435 3353 1490 per
3404 1434 3716 1475 numerum
3747 1436 3844 1475 va.

2202 1506 2356 1562 leant
2408 1508 2722 1580 designari.
2757 1508 2919 1571 Quod
2951 1524 3086 1581 ergo
3141 1525 3243 1579 per
3292 1507 3575 1563 unitatem
3636 1525 3737 1580 per
3783 1525 3846 1565 se

2199 1597 2616 1652 subsistentem
2649 1598 2801 1652 Deus
2844 1615 2997 1652 unus
3050 1613 3151 1667 per
3200 1612 3261 1652 se
3310 1596 3484 1653 etiam
3518 1597 3844 1654 subsistens

2199 1686 2553 1756 designetur,
2578 1688 2703 1757 jam
2735 1686 3026 1759 prolatum
3061 1690 3166 1741 est.

2269 1774 2526 1840 Qualiter
2553 1792 2686 1830 vero
2720 1793 2873 1831 unus
2915 1776 3185 1845 idemque
3216 1776 3368 1831 Deus
3406 1776 3596 1831 trinus
3626 1776 3839 1832 intelli-

2192 1866 2382 1935 gatur,
2417 1881 2517 1935 per
2558 1864 2664 1920 hoc
2714 1865 2961 1936 exprimi
2992 1865 3221 1919 videtur
3251 1864 3390 1936 quia
3439 1865 3666 1937 primus
3696 1865 3840 1922 dici-

2192 1957 2308 2021 tur,
2344 1954 2497 2008 sicut
2528 1954 2813 2025 scriptum
2845 1959 2932 2009 est
2981 1955 3050 2009 de
3102 1954 3231 2026 ipso
3278 1954 3504 2009 dicente
3538 1974 3550 2010 :
3584 1956 3687 2026 Ego
3716 1972 3840 2011 sum

2188 2043 2401 2111 primus
2459 2047 2507 2097 ct
2555 2045 2881 2098 novissimus
2912 2042 3091 2113 (Apoc.
3127 2043 3187 2111 ι).
3228 2042 3459 2097 Primus
3509 2043 3663 2099 enim
3721 2062 3839 2100 non

2195 2131 2389 2186 minus
2418 2149 2596 2203 quam
2632 2134 2779 2187 inter
2808 2137 2927 2186 tres
2970 2132 3083 2187 dici
3115 2130 3284 2186 valet.
3321 2136 3426 2187 Ast
3470 2132 3737 2204 quamvis
3767 2135 3840 2190 de

2191 2220 2458 2290 pluribus
2492 2221 2604 2275 dici
2646 2220 2832 2289 liceat,
2863 2220 3027 2276 valde
3070 2226 3265 2275 tamen
3318 2222 3705 2293 incongruum
3740 2237 3837 2278 ex-

2190 2313 2324 2375 stat,
2359 2314 2423 2363 ut
2453 2326 2586 2364 cum
2630 2315 2810 2364 Deum
2862 2310 3114 2364 dicimus
3162 2309 3438 2381 primum,
3470 2310 3579 2366 hoc
3612 2311 3837 2366 solum-

2189 2398 2360 2452 modo
2420 2399 2491 2452 ad
2546 2402 2822 2454 creatura:
2877 2398 3174 2465 ordinem,
3229 2403 3285 2452 et
3339 2415 3453 2453 non
3511 2400 3705 2471 potius
3763 2401 3835 2455 ad

2188 2491 2409 2541 aeterna:
2459 2487 2759 2542 Trinitatis
2808 2504 3086 2559 personas
3134 2488 3477 2555 referamus,
3510 2489 3835 2559 przesertim

2188 2591 2320 2629 cum
2366 2576 2565 2630 omnia
2596 2576 2837 2631 relativa
2870 2592 2996 2647 quze
3027 2577 3098 2630 dc
3129 2575 3326 2631 divina
3374 2577 3603 2648 proprie
3628 2576 3835 2632 dicun-

2185 2670 2282 2717 tur
2312 2664 2661 2731 substantia,
2698 2663 2858 2718 nulla
2898 2669 3064 2719 extra
3107 2681 3167 2720 se
3198 2665 3529 2721 substantia
3558 2667 3628 2720 ad
3660 2682 3833 2721 suam

2186 2752 2487 2824 indigeant
2518 2752 2878 2821 relationem,
2914 2758 2979 2808 ut
3020 2758 3209 2824 Pater,
3241 2759 3297 2809 et
3326 2753 3525 2823 Filius,
3560 2759 3616 2811 et
3646 2755 3829 2827 Spiri-

2184 2845 2281 2896 tus
2313 2847 2572 2897 sanctus.
3474 2864 3485 2871 κ

2260 2932 2384 2985 ΗῖΒΟ
2413 2933 2610 3002 itaque
2642 2933 2751 2986 tria
2782 2933 3123 2987 substantias
3156 2932 3362 2987 divinis
3390 2931 3657 2988 relationi
3687 2948 3830 2988 con-

2183 3025 2478 3091 gruerent,
2506 3021 2678 3076 etiam
2714 3022 2761 3076 si
2812 3020 2974 3076 nulla
3005 3023 3364 3093 angelorum,
3397 3021 3486 3077 vel
3518 3021 3827 3076 hominum

2183 3110 2515 3164 substantia
2543 3111 2832 3165 existeret.
2865 3111 3063 3182 Neque
3101 3111 3255 3165 enim
3300 3127 3401 3183 pro
3432 3128 3497 3166 eo
3531 3111 3682 3182 quod
3717 3128 3832 3165 an-

2106 3183 2149 3248 C
2187 3198 2351 3270 gelus
2401 3202 2456 3252 et
2503 3198 2696 3263 homo,
2736 3205 2911 3253 Deum
2962 3200 3230 3270 laudans,
3283 3200 3597 3271 aliquando
3649 3198 3839 3255 defuit

2188 3298 2432 3341 summae
2463 3292 2804 3359 aeternaque
2846 3288 3147 3344 Trinitatis
3195 3306 3482 3360 personas;
3531 3287 3836 3343 relationis

2188 3393 2305 3431 suae
2362 3378 2761 3433 convenientia
2831 3395 3091 3449 unquam
3159 3378 3467 3447 carebant,
3524 3379 3674 3434 sicut
3728 3394 3836 3433 nec

2188 3482 2361 3536 aqua,
2386 3465 2446 3519 in
2476 3471 2629 3520 terra
2660 3466 3029 3521 inhabitabili
3059 3466 3269 3531 ﬂuens,
3293 3467 3421 3522 ideo
3455 3467 3524 3521 ad
3556 3465 3837 3522 haurien-

2186 3555 2327 3609 dum
2359 3559 2447 3610 est
2476 3556 2672 3627 inepta
2703 3556 2855 3627 quod
2892 3572 3059 3610 nemo
3092 3556 3170 3610 ibi
3202 3555 3409 3611 exinde
3441 3554 3718 3611 hauriens
3746 3554 3840 3609 in-

2184 3643 2435 3697 venitur.

2256 3732 2416 3795 Quod
2451 3749 2583 3786 cum
2626 3732 2705 3786 ita
2753 3733 2847 3803 sit,
2882 3733 2951 3787 de
2984 3733 3195 3804 primo,
3226 3735 3379 3805 quod
3412 3733 3614 3806 utique
3646 3732 3842 3789 relati-

2184 3838 2319 3874 vum
2366 3838 2578 3875 nomen
2624 3826 2730 3889 est,
2761 3839 2866 3876 nec
2908 3824 3105 3877 minus
3135 3839 3310 3894 quam
3345 3823 3416 3878 de
3462 3823 3651 3879 tribus
3683 3822 3842 3878 Valet

2185 3909 2298 3963 dici
2344 3909 2497 3964 idem
2531 3910 2706 3973 datur
2754 3910 3022 3981 intelligi.
3054 3911 3197 3967 Nam
3247 3912 3399 3967 sicut
3432 3916 3602 3979 Deus,
3636 3911 3836 3984 prius-

2185 4015 2359 4069 quam
2394 3999 2464 4053 ab
2499 3998 2615 4053 ullo
2647 4000 2936 4055 diceretur
2966 4004 3139 4067 Deus,
3178 4006 3319 4066 erat,
3345 4001 3426 4056 ita
3455 4001 3631 4056 etiam
3678 4018 3834 4057 sem-

2184 4104 2285 4158 per
2316 4088 2373 4141 in
2421 4104 2481 4143 se
2532 4088 2737 4143 habuit
2789 4090 2940 4144 unde
2994 4090 3219 4161 primus
3269 4089 3380 4145 diei
3432 4090 3737 4161 potuisset,
3769 4090 3833 4146 in

2184 4176 2449 4247 personis
2508 4177 2730 4232 scilicet
2790 4179 2999 4233 tribus.
3052 4178 3241 4233 Claret
3297 4194 3433 4251 ergo
3482 4180 3640 4250 quia,
3694 4195 3831 4235 cum

2188 4267 2362 4320 Deum
2379 4266 2838 4337 omnipotentem
2856 4267 3111 4337 primum
3130 4268 3399 4335 fatemur,
3416 4268 3635 4323 trinum
3652 4267 3833 4323 etiam

2180 4354 2386 4409 exinde
2418 4355 2587 4441 fateri
2620 4355 2950 4409 edocemur.

2251 4442 2360 4496 Sed
2421 4459 2793 4513 summepere
2841 4444 3268 4498 observandum
3320 4449 3404 4512 ut,
3440 4445 3592 4499 sicut
3644 4445 3830 4500 Deum

425 4531 744 4586 cusationis
794 4533 1105 4603 refugium,
1138 4533 1311 4586 etiam
1353 4530 1401 4584 si
1436 4529 1661 4583 nullum
1714 4530 1919 4584 exinde
1968 4547 2068 4584 ex-
2099 4552 2145 4617 D
2179 4530 2405 4585 Patrem
2438 4536 2717 4586 aeternum
2754 4533 3032 4600 dicentes,
3057 4533 3267 4587 Filium
3292 4550 3524 4604 quoque
3555 4535 3685 4604 ejus
3717 4532 3831 4589 sibi

426 4620 716 4691 quirerem
747 4620 1006 4691 spiritale
1039 4620 1323 4675 studium.

498 4709 657 4764 Unde
689 4710 736 4765 si
768 4709 987 4781 aliquid
1012 4707 1413 4763 zediﬁcationis
1439 4708 1508 4761 de
1539 4707 1766 4761 numeri
1790 4707 2063 4778 mysterio

422 4800 543 4851 tam
593 4797 899 4868 imperitus
933 4796 1247 4867 protulero,
1287 4800 1446 4850 tanto
1494 4796 1817 4850 evidentius
1869 4796 2063 4867 gratiae

420 4885 624 4939 divinae
655 4886 765 4939 erit
793 4868 1011 4939 donum
1041 4889 1259 4954 quanto
1281 4883 1476 4938 minus
1500 4884 1571 4938 ab
1603 4884 1837 4939 homine
1868 4885 2063 4957 accepi

418 4972 759 5044 hujusmodi
792 4974 1230 5027 documentum.

485 5066 764 5117 Caeterum
789 5061 924 5131 quia
953 5060 1145 5115 omnis
1176 5076 1457 5115 numerus
1482 5077 1549 5115 ex
1572 5062 1793 5116 unitate
1825 5063 2062 5117 descen-

415 5150 500 5205 dit
550 5156 605 5205 et
664 5151 881 5220 unitas,
916 5167 1018 5220 per
1066 5166 1125 5203 se
1186 5149 1539 5216 subsistens,
1598 5150 1779 5205 totius
1833 5152 2060 5207 numeri

350 5228 367 5231 ’
413 5254 612 5294 semen
645 5254 937 5308 causaque
968 5237 1180 5303 existit,
1215 5239 1283 5291 de
1328 5239 1589 5308 ejusdem
1624 5240 1866 5294 unitatis
1898 5258 2057 5312 mys-

414 5328 556 5381 terio
617 5327 810 5397 aliqua
871 5326 1193 5397 opitulante
1254 5332 1360 5381 Deo
1422 5328 1477 5381 in
1536 5328 1741 5398 primis
1804 5330 2058 5399 proferre

417 5414 620 5485 gestio.

488 5504 647 5567 Quod
672 5502 847 5574 igitur
870 5504 1063 5559 unitas
1089 5506 1267 5559 totius
1292 5504 1519 5559 numeri
1543 5521 1737 5573 causa,
1758 5512 1819 5560 ut
1835 5508 2055 5562 dictum

412 5595 520 5659 est,
544 5606 647 5662 per
665 5608 726 5646 se
748 5591 985 5662 quidem
1018 5593 1307 5659 subsistit,
1329 5594 1526 5647 nullus
1555 5598 1750 5648 autem
1777 5613 2057 5651 numerus

411 5680 634 5755 absque
661 5697 728 5741 ea
766 5682 1089 5742 subsistere
1117 5682 1287 5751 valet,
1320 5681 1611 5755 signiﬁcat
1658 5700 1843 5742 unum
1870 5684 2055 5742 Deum

2178 4624 2524 4674 eomternum
2553 4636 2620 4675 ex
2650 4621 2779 4691 ipsa
2834 4622 3018 4676 Patris
3051 4623 3247 4676 aeterni
3300 4638 3546 4693 persona
3595 4622 3830 4677 credere

2177 4708 2455 4776 solemus,
2488 4709 2568 4763 ita
2598 4710 2796 4779 etiam,
2826 4726 2959 4764 cum
2990 4710 3173 4765 Deum
3208 4710 3437 4766 Patrem
3470 4711 3529 4765 in
3562 4709 3828 4783 personis

2174 4798 2430 4867 primum
2478 4798 2738 4869 aliasque
2770 4798 2979 4853 dehinc
3020 4815 3302 4869 personas
3347 4800 3515 4869 juxta
3559 4799 3826 4855 ordinem

2173 4886 2445 4957 dicimus,
2466 4886 2687 4941 nullam
2713 4903 2935 4955 earum,
2952 4892 3014 4942 ut
3038 4888 3190 4943 inter
3212 4887 3481 4945 homines
3504 4888 3627 4944 ﬁeri
3652 4888 3825 4957 solet,

2171 4976 2451 5047 temporis
2500 4976 2846 5047 antiquitate
2895 4976 3167 5047 priorem,
3202 4978 3300 5032 sed
3338 4982 3491 5034 totas
3542 4983 3658 5035 tres
3691 4994 3823 5049 per-

2173 5081 2369 5133 sonas,
2403 5065 2589 5119 Patris
2637 5070 2693 5119 et
2738 5064 2865 5119 Filii
2913 5069 2968 5119 et
3005 5066 3255 5136 Spiritus
3301 5066 3508 5133 sancti,
3542 5067 3652 5121 sub
3703 5083 3821 5122 uno

2175 5156 2397 5207 aeterna
2419 5153 2717 5207 Trinitatis
2744 5154 2999 5223 primatu
3025 5155 3337 5211 existentes
3359 5157 3688 5212 credamus.
3716 5155 3825 5211 Ne-

2174 5259 2287 5313 que
2316 5242 2469 5296 enim
2502 5259 2571 5296 ex
2602 5258 2666 5295 eo
2716 5243 2869 5313 quod
2920 5242 3089 5298 nobis
3120 5244 3485 5316 impossibile
3510 5250 3599 5300 est
3627 5243 3824 5300 verbis

2172 5330 2349 5383 simul
2399 5331 2567 5385 edere
2614 5346 2893 5401 personas
2943 5332 3130 5388 Patris
3180 5338 3237 5389 et
3285 5334 3412 5388 Filii
3462 5338 3518 5389 et
3566 5332 3824 5405 Spiritus

2170 5420 2467 5484 saneti,de
2496 5419 2799 5475 Trinitatis
2831 5420 3009 5491 hujus
3041 5422 3360 5477 aeternitate
3391 5423 3675 5478 debemus
3706 5421 3821 5476 du-

2169 5509 2371 5579 bitare,
2393 5509 2489 5564 sed
2521 5509 2676 5580 quod
2704 5509 2875 5564 labiis
2902 5510 3079 5564 simul
3102 5511 3305 5581 nequit
3336 5511 3600 5583 proferri,
3626 5514 3825 5566 mente

2168 5602 2223 5651 et
2253 5598 2461 5669 spiritu
2493 5598 2652 5653 ﬁdeli
2679 5598 2830 5654 valet
2874 5604 3171 5670 utcunque
3211 5599 3518 5669 contineri,
3552 5604 3609 5655 et
3640 5615 3823 5671 quam

2165 5703 2425 5761 congrua
2454 5687 2661 5746 divinae
2705 5687 3162 5761 dispensationis
3203 5689 3512 5762 sententia,
3541 5694 3606 5748 ut
3635 5689 3821 5764 Deus,
