4114 6184
431 277 544 340 1οἾ

1437 266 1777 329 OTHLONI
1823 265 2175 328 MONACHI
2221 268 2286 329 S.
2334 266 2828 331 EMMERAMMI

3724 270 3841 334 108

430 424 638 464 unum.
664 407 927 477 Cumque
950 402 1030 457 ita
1062 400 1246 473 possit
1276 399 1500 469 rimari,
1525 416 1708 455 unum
1737 416 1766 455 e
1794 400 2023 455 duobus
2046 417 2079 454 a
2105 400 2161 467 Α
2191 417 2375 456 unum
2432 401 2803 469 conveniunt,
2833 401 2985 457 sicut
3014 403 3070 456 et
3102 400 3159 456 in
3192 404 3398 474 stagno
3430 402 3560 458 fons
3588 405 3647 458 et
3675 402 3839 463 rivus

432 498 594 556 nullo
614 514 740 553 esse
758 496 1006 565 ideoque
1022 492 1375 563 ingenitum,
1391 489 1639 545 alterum
1656 507 1787 545 vero
1812 491 1881 545 ab
1903 489 2079 545 altero

432 605 563 645 esse
590 588 837 657 ideoque
860 583 1144 655 genitum,
1172 580 1370 651 sicque
1400 598 1502 651 per
1530 580 1638 636 hoc
1662 597 1937 635 numeros
1960 596 2078 635 cre-

436 677 521 733 ari
548 702 561 745 ;
595 677 707 731 ﬁde
737 690 968 746 quoque
998 671 1149 728 valet
1178 670 1416 743 percipi,
1441 670 1579 741 quia
1609 671 1763 725 Deus
1794 670 1963 725 Pater
1992 670 2079 724 in-

435 766 687 838 genitus,
712 765 865 821 Deus
897 780 1030 821 vero
1055 762 1234 817 Filius
1266 760 1520 833 genitus,
1545 764 1601 815 et
1631 760 1768 831 quia
1783 775 1884 830 per
1904 760 2082 830 ipsum

435 856 643 923 omnia,
677 858 742 909 ut
782 852 1067 924 scriptum
1099 856 1209 918 est,
1239 855 1386 922 facta
1412 854 1561 919 sunt,
1598 852 1646 905 et
1675 851 1793 905 sine
1823 852 1938 921 ipso
1967 852 2081 920 fac-

434 951 554 1002 tum
583 949 663 1001 est
690 943 836 999 nihil
865 943 1041 1013 (Joan.
1078 942 1139 1012 1).

1002 1045 1236 1104 CAPUT
1274 1045 1511 1100 XXXVI.

433 1143 588 1199 Sicut
634 1156 897 1197 numerus
943 1138 1136 1195 tertius
1182 1154 1217 1190 a
1263 1138 1445 1201 primo
1494 1143 1542 1189 et
1588 1134 1822 1189 secundo
1869 1140 1967 1199 est,
2004 1135 2084 1188 ita

504 1214 751 1286 Spiritus
772 1220 993 1267 sanctus
1023 1228 1057 1264 a
1084 1212 1252 1264 Patre
1280 1216 1334 1263 et
1354 1208 1492 1262 Filio
1521 1221 1632 1261 non
1662 1209 1974 1275 generatur,
1994 1204 2085 1259 sed

502 1285 765 1359 procedit.

504 1394 745 1459 Deinde,
768 1395 832 1447 ut
866 1391 1186 1462 appareant
1212 1403 1470 1459 personae
1494 1390 1629 1453 tres,
1660 1385 1815 1456 quod
1843 1390 1931 1440 est
1958 1400 2082 1457 per-

438 1487 587 1543 fecta
608 1481 887 1551 Trinitas,
912 1478 1178 1533 dicamus
1201 1494 1233 1531 a
1255 1475 1444 1546 primo
1466 1474 1725 1542 tertium,
1750 1491 1866 1529 non
1896 1477 2085 1529 terna-

441 1576 620 1642 rium,
650 1572 711 1626 in
754 1585 1003 1642 persona
1031 1565 1280 1638 Spiritus
1312 1564 1518 1620 sancti.
1553 1564 1659 1627 Qui
1690 1563 1837 1635 ideo,
1872 1563 2024 1629 sicut
2052 1581 2087 1618 a

440 1666 605 1719 tanto
634 1658 864 1715 numeri
913 1655 1188 1728 mysterio
1228 1654 1601 1709 instituimur
1632 1653 1773 1723 [cod.
1807 1652 1961 1707 Cruc.
1995 1652 2084 1707 in-

2191 492 2493 563 conﬂuunt
2523 490 2744 546 nullam
2777 490 2927 546 inter
2956 507 3018 546 se
3040 490 3427 546 differentiam
3458 490 3763 549 habentes.

2260 582 2365 635 Sed
2418 598 2489 636 ne
2538 579 2903 652 impossibile
2942 580 3029 636 vel
3064 579 3402 636 incredibile
3432 581 3541 637 tibi
3569 582 3839 641 videatur

2194 670 2348 739 quod
2372 670 2432 724 in
2458 676 2567 724 Deo
2592 670 2757 725 Patre
2779 674 2835 725 et
2859 669 3002 725 Filio
3025 670 3153 741 ejus
3172 674 3335 725 tanta
3358 671 3555 727 unitas
3574 675 3632 727 et
3652 672 3843 729 chari-

2192 762 2281 815 tas
2304 757 2397 827 sit,
2414 760 2645 815 attende
2662 758 2799 829 quia
2816 759 2885 814 de
2907 759 3128 814 unitate
3145 763 3201 815 et
3215 758 3499 816 charitate
3517 760 3838 819 multorum

2193 846 2457 903 ﬁdelium
2492 848 2777 920 scriptum
2808 852 2895 904 est
2920 865 2933 904 :
2964 849 3335 905 Multitudinis
3360 849 3697 907 credentium
3724 860 3847 909 erat

2192 952 2283 991 cor
2312 952 2486 990 unum
2513 944 2563 991 et
2592 937 2783 991 anima
2812 953 2926 991 una
2955 938 3094 1005 (Act.
3127 937 3224 1008 ιν).
3255 936 3311 991 Si
3341 936 3523 1010 igitur
3549 938 3610 994 in
3639 938 3837 995 multi-

2191 1025 2395 1080 tudine
2416 1024 2746 1095 hominum,
2762 1024 2976 1096 quibus
2999 1025 3197 1083 unitas
3218 1026 3595 1085 accidentalis
3616 1032 3840 1102 est,po-

2191 1114 2306 1169 tuit
2324 1114 2447 1169 ﬁeri
2468 1113 2684 1183 unitas,
2700 1130 2805 1169 cur
2828 1131 2943 1169 non
2966 1114 3162 1186 potius
3183 1117 3471 1173 credenda
3495 1122 3587 1173 est
3605 1134 3839 1192 semper

2195 1220 2322 1259 esse
2343 1204 2402 1258 in
2426 1208 2535 1259 Deo
2558 1204 2727 1259 Patre
2748 1204 2993 1275 ejusque
3018 1203 3181 1274 Filio,
3201 1205 3418 1277 quibus
3440 1208 3841 1265 coessentialis

2196 1294 2331 1361 (cod.
2356 1294 2512 1348 Cruc.
2533 1293 2915 1363 coaeternalis]
2938 1298 2994 1350 et
3017 1294 3538 1352 consubstantialis
3560 1297 3692 1353 est?
3713 1298 3839 1355 Non

2196 1382 2354 1437 enim
2387 1388 2499 1438 Deo
2531 1383 2683 1438 sicut
2713 1383 2938 1437 homini
2966 1384 3209 1441 virtutes
3259 1384 3389 1441 ullae
3438 1401 3507 1441 ex
3554 1386 3839 1443 accidenti

2196 1472 2347 1527 dono
2364 1472 2624 1539 veniunt,
2640 1474 2739 1528 sed
2764 1474 2824 1528 in
2843 1472 2943 1529 illa
2956 1490 3073 1529 una
3090 1475 3422 1531 substantia
3439 1492 3641 1533 omnes
3660 1477 3839 1534 simul

2193 1561 2437 1635 virtutes
2461 1562 2742 1634 speciales
2764 1562 3155 1620 essentialiter
3171 1565 3502 1621 consistunt
3517 1583 3842 1638 omnesque

2194 1652 2275 1707 ibi
2305 1669 2490 1708 unum
2519 1657 2678 1708 sunt.
2705 1651 2875 1708 Nulla
2900 1652 2980 1706 ibi
3002 1653 3236 1724 justitia
3266 1653 3391 1710 sine
3422 1655 3655 1726 pietate,
3677 1655 3842 1714 nulla

439 1752 769 1818 struimur],
800 1765 915 1803 non
940 1746 1194 1818 genitus,
1221 1744 1321 1799 sed
1349 1742 1669 1815 procedens
1691 1742 1923 1809 dicitur,
1949 1742 2086 1813 quia
2114 1778 2162 1843 B
2196 1742 2384 1813 pietas
2410 1742 2535 1797 sine
2557 1742 2809 1813 justitia.
2844 1746 3105 1814 Cumque
3128 1742 3221 1799 his
3243 1742 3472 1799 duobus
3500 1743 3842 1816 virtutibus,

437 1843 489 1899 si
520 1841 752 1914 genitus
783 1837 1092 1901 diceretur,
1120 1850 1237 1888 non
1270 1832 1461 1888 solum
1494 1832 1701 1901 Patris,
1737 1832 1836 1887 sed
1869 1836 1925 1887 et
1955 1832 2081 1886 Filii

438 1931 673 2003 genitus
703 1926 892 1983 dictus
921 1925 1233 1979 videretur.
1269 1923 1430 1987 Quod
1462 1937 1640 1992 quam
1673 1921 1994 1976 absurdum
2027 1926 2086 1976 et

438 2020 827 2091 incongruum
846 2016 923 2071 sit
944 2013 1147 2069 divina:
1171 2010 1564 2084 generationis
1587 2010 1874 2081 qualitati,
1890 2026 1959 2065 ex
1979 2010 2086 2065 hu-

438 2125 624 2165 11181133
651 2102 1042 2179 generationis
1070 2101 1292 2157 ratione
1314 2100 1466 2156 valet
1486 2100 1738 2172 pensari.
1766 2099 1905 2163 Quis
1926 2099 2082 2154 enim

440 2198 617 2254 homo
648 2196 898 2251 duorum
931 2191 1257 2263 genitorum
1310 2188 1467 2245 ﬁlius
1521 2192 1918 2260 competenter
1970 2188 2083 2243 dici

440 2284 683 2360 posset?
714 2288 815 2341 aut
848 2282 981 2354 quis
1012 2297 1073 2337 se
1105 2282 1355 2336 duorum
1388 2282 1622 2353 patrum
1654 2277 1841 2333 ﬁlium
1874 2295 1907 2333 a
1940 2294 2082 2349 quo-

442 2392 620 2448 quam
653 2374 873 2429 dictum
906 2372 979 2427 ad
1009 2370 1289 2441 injuriam
1321 2387 1436 2424 non
1469 2368 1811 2439 reputaret?

512 2468 897 2536 Quapropter,
928 2461 1067 2533 quia
1096 2460 1381 2531 quidquid
1413 2458 1666 2530 Spiritus
1713 2462 1951 2514 sanctus
1998 2462 2088 2514 est

440 2554 549 2611 hoc
580 2554 651 2609 de
680 2557 852 2609 Patre
883 2554 939 2607 et
971 2550 1113 2605 Filio
1143 2565 1271 2605 esse
1314 2549 1511 2614 habet,
1546 2547 1698 2603 sicut
1727 2552 1783 2601 et
1814 2546 2021 2602 tertius
2053 2564 2087 2602 a

441 2644 631 2718 primo
680 2645 737 2698 et
774 2640 1028 2697 secundo
1062 2642 1168 2710 est,
1201 2637 1397 2694 verius
1426 2640 1481 2692 et
1513 2637 1705 2708 aptius
1737 2637 1807 2691 ab
1840 2640 2087 2707 utroque

439 2733 759 2806 procedens
808 2748 985 2802 quam
1035 2728 1268 2800 genitus
1300 2727 1514 2781 dicitur
1543 2726 1794 2797 Spiritus
1825 2731 2084 2781 sanctus.

443 2822 700 2895 Spiritus
722 2819 908 2877 sancti
932 2834 1186 2890 namque
1210 2817 1533 2889 proprietas
1559 2820 1647 2871 est
1672 2816 1861 2870 Patris
1884 2820 1938 2871 et
1961 2814 2088 2871 Filii

444 2912 726 2984 Spiritum
758 2926 905 2979 esse,
938 2913 995 2964 et
1026 2909 1097 2963 ab
1132 2913 1377 2978 utroque
1409 2905 1711 2977 mqualiter
1740 2905 2085 2976 procedere;

442 3002 597 3058 sicut
613 3004 668 3056 et
685 3000 891 3055 tertius
903 2997 1204 3069 aequaliter
1218 3015 1251 3052 a
1268 2998 1455 3067 primo
1468 3000 1525 3050 et
1542 2994 1796 3050 secundo
1810 2994 2085 3066 procedit.

513 3090 625 3147 Sed
656 3090 797 3144 dum
822 3087 1007 3142 Patris
1034 3092 1090 3142 et
1119 3086 1245 3140 Filii
1267 3084 1519 3157 Spiritus
1551 3083 1781 3150 dicitur,
1808 3098 1910 3154 per
1938 3083 2089 3137 hanc

2195 1832 2251 1886 id
2279 1836 2366 1887 est
2384 1832 2629 1903 justitim
2661 1837 2716 1887 et
2745 1832 2965 1904 pietati,
2989 1848 3193 1889 omnes
3219 1834 3575 1891 concordent
3602 1835 3839 1908 pariter,

2193 1922 2399 1976 merito
2450 1922 2734 1976 virtutum
2783 1920 3048 1977 omnium
3100 1922 3430 1994 concordia,
3462 1940 3591 1995 quia
3631 1924 3692 1979 in
3722 1925 3839 1982 Deo

2195 2010 2359 2065 Patre
2384 2010 2646 2082 Filioque
2671 2011 2798 2081 ejus
2821 2014 2928 2081 est,
2954 2010 3151 2067 unitas
3173 2011 3391 2067 dicitur
3411 2011 3677 2085 ipsaque,
3700 2013 3843 2086 quia

2195 2099 2265 2154 ab
2298 2104 2547 2171 utroque
2577 2100 2837 2171 procedit
2870 2099 3121 2171 Spiritus
3149 2105 3409 2157 sanctus.

2266 2189 2597 2245 Notandum
2622 2206 2855 2260 quoque
2884 2190 3022 2261 quia
3046 2190 3240 2247 unitas
3265 2191 3454 2248 Patris
3478 2196 3535 2249 et
3558 2192 3686 2249 Filii
3712 2193 3844 2266 ipsa

2196 2294 2579 2349 personarum
2611 2278 2984 2335 distinctione
3014 2279 3365 2336 declaratur.
3400 2282 3460 2337 Si
3509 2282 3666 2339 enim
3720 2287 3841 2340 tres

2198 2367 2451 2424 unitates
2466 2386 2569 2440 pro
2589 2372 2798 2425 sancta
2812 2368 3115 2425 Trinitatis
3133 2371 3325 2443 specie
3346 2388 3657 2443 ponamus,
3671 2373 3849 2429 duas-

2198 2474 2311 2528 que
2358 2475 2425 2513 cx
2474 2459 2557 2513 eis
2606 2474 2708 2529 pro
2751 2458 2937 2514 Patris
2980 2464 3036 2514 et
3066 2458 3195 2515 Filii
3226 2460 3525 2531 dualitate,
3559 2462 3700 2533 quia
3727 2463 3844 2519 duo

2199 2546 2732 2619 sunt,colligamus,
2750 2547 2877 2618 ipsa
2890 2564 3019 2619 quas
3037 2551 3216 2603 restat
3232 2550 3421 2618 tertia,
3439 2567 3552 2606 non
3567 2550 3846 2621 dualitas,

2197 2638 2297 2692 sed
2333 2637 2528 2691 unitas
2558 2635 2902 2707 appellatur.
2926 2636 3072 2703 Quia
3102 2654 3236 2693 vero
3267 2639 3467 2694 eadem
3498 2638 3693 2696 unitas
3724 2657 3843 2697 non

2198 2726 2269 2782 ad
2300 2742 2363 2781 se
2393 2727 2492 2781 sed
2526 2727 2597 2780 ad
2632 2726 2973 2782 dualitatem
3014 2726 3318 2784 referenda
3345 2731 3454 2795 est,
3488 2745 3726 2786 necesse
3754 2733 3849 2786 est

2198 2814 2355 2870 enim
2379 2820 2443 2869 ut
2463 2814 2712 2885 alicujus
2736 2819 2793 2871 et
2820 2815 2878 2870 in
2903 2815 3098 2887 aliquo
3122 2816 3199 2872 sit
3222 2816 3456 2873 unitas:
3490 2822 3547 2874 et
3570 2836 3686 2875 non
3718 2835 3847 2875 ma-

2198 2919 2380 2975 gnum
2403 2908 2491 2960 est
2511 2903 2560 2959 si
2582 2922 2734 2959 unus
2761 2922 2945 2959 unum
2969 2904 3064 2976 sit,
3088 2906 3189 2961 sed
3222 2906 3439 2961 mirum
3467 2909 3524 2963 et
3551 2906 3846 2965 ineffabile

2199 2994 2353 3063 quod
2382 2994 2496 3049 duo
2524 2993 2759 3064 penitus
2781 3011 2965 3048 unum
2989 2993 3127 3061 sint,
3152 2994 3296 3050 mihi
3319 2995 3543 3051 videtur
3573 2996 3713 3052 satis
3744 2997 3847 3053 dc-

2199 3080 2406 3135 clarari
2439 3098 2539 3152 per
2568 3082 2797 3138 tertiam
2833 3099 3163 3153 personam,
3196 3100 3321 3154 quae
3354 3084 3607 3156 Spiritus
3655 3085 3843 3141 sancti

444 3194 754 3251 personam
786 3175 934 3232 nihil
966 3175 1125 3231 aliud
1176 3174 1289 3229 nisi
1310 3154 1533 3228 —unitas
1587 3176 1644 3227 et
1691 3172 1964 3239 charitas,
1998 3170 2086 3225 vel
2121 3154 2162 3219 C
2200 3174 2306 3240 est,
2333 3171 2488 3241 quia
2514 3174 2682 3226 Patre
2703 3176 2759 3226 et
2780 3170 2922 3227 Filio
2951 3172 3230 3242 procedit,
3254 3154 3415 3228 sicut
3437 3177 3492 3229 et
3511 3173 3680 3230 tertia
3708 3174 3845 3230 uni-

446 3267 733 3339 quidquid
764 3265 1105 3337 hujusmodi
1137 3263 1370 3320 relative
1418 3261 1532 3317 dici
1582 3265 1771 3333 potest
1801 3260 2085 3315 innuitur.

445 3357 611 3413 Unde
639 3362 695 3413 et
724 3356 1005 3411 Dominus
1050 3355 1108 3409 in
1140 3351 1445 3425 Evangelio
1496 3352 1620 3406 ait:
1670 3352 1781 3421 Ego
1832 3355 1884 3405 et
1932 3353 2093 3405 Pater

444 3465 621 3503 unum
649 3462 836 3501 sumus
866 3447 1042 3517 (Joan.
1074 3444 1151 3515 Χ),
1186 3443 1354 3515 quasi
1390 3442 1605 3496 diceret
1639 3458 1649 3494 :
1704 3456 1808 3512 ego
1840 3445 1897 3494 et
1928 3440 2094 3494 Pater

449 3538 510 3592 in
541 3536 781 3602 unitate,
814 3536 870 3590 id
912 3540 999 3590 est
1030 3535 1088 3588 in
1121 3534 1339 3604 Spiritu
1371 3536 1570 3586 sancto
1602 3547 1831 3584 sumus.
1867 3530 1971 3594 Qui
2005 3528 2093 3582 ni-

451 3627 670 3680 mirum
693 3641 923 3688 sensus,
941 3623 1051 3677 nisi
1078 3620 1337 3687 fallor,in
1361 3621 1515 3675 exitu
1533 3619 1863 3673 orationum
1886 3618 2096 3672 multa-

450 3730 583 3769 rum
617 3713 923 3785 reperitur,
958 3711 1054 3766 ubi
1086 3707 1299 3764 dicitur
1335 3727 1347 3763 :
1400 3710 1504 3775 Qui
1532 3712 1709 3761 tecum.
1738 3708 1869 3761 vivit
1921 3715 1971 3761 et
2006 3722 2092 3761 re-

445 3812 581 3874 gnat
610 3804 748 3859 Deus
798 3804 857 3856 in
907 3802 1116 3856 unitate
1156 3798 1391 3869 Spiritus
1420 3800 1615 3852 sancti.
1652 3796 1813 3859 Quod
1850 3795 1933 3850 ita
1962 3794 2092 3851 licet

447 3892 659 3965 colligi.

516 3980 575 4035 Si
608 3982 765 4035 enim
799 3995 971 4034 omne
1002 3978 1157 4049 quod
1190 3981 1343 4031 Deus
1372 3980 1461 4031 est
1492 3973 1821 4030 substantia
1851 3972 1964 4027 dici
1996 3988 2091 4043 po-

439 4072 576 4136 test,
602 4068 771 4123 Pater
793 4070 988 4122 autem
1014 4070 1071 4121 et
1094 4065 1276 4121 Filius
1299 4082 1482 4120 unum
1512 4068 1649 4119 sunt
1677 4082 1690 4133 ;
1726 4063 1920 4134 ipsum
1952 4076 2087 4133 ergo

436 4174 619 4213 unum
657 4157 991 4213 substantia
1022 4160 1110 4212 est
1139 4155 1407 4226 ideoque,
1432 4155 1661 4209 duabus
1692 4151 1956 4225 personis
1980 4150 2085 4204 Pa-

432 4247 540 4301 tris
563 4236 627 4302 et‘
644 4245 769 4300 Filii
793 4245 1286 4309 commemoratis,
1312 4244 1492 4300 tertiae
1516 4260 1777 4315 persona
1805 4241 2087 4298 memoria

430 4336 491 4391 in
524 4335 749 4391 unitate
778 4335 1242 4391 commendatur.

500 4424 632 4480 Sive
663 4440 798 4496 ergo
831 4441 1039 4491 unum,
1066 4424 1188 4480 sive
1218 4424 1415 4480 unitas
1447 4422 1530 4478 vel
1563 4422 1820 4478 charitas
1852 4422 2084 4477 dicatur

2200 3263 2311 3328 tas,
2336 3278 2369 3314 a
2394 3261 2623 3316 duabus
2647 3261 2970 3317 unitatibus
2993 3261 3177 3317 Patris
3200 3265 3257 3317 et
3280 3261 3406 3317 Filii
3430 3262 3646 3333 unitas,
3672 3263 3847 3336 quasi

2201 3351 2417 3406 eaedem
2449 3352 2575 3406 duae
2608 3352 2861 3408 unitates
2893 3350 3021 3406 Filii
3050 3356 3107 3407 et
3134 3351 3321 3407 Patris
3352 3353 3551 3410 dicant
3583 3372 3596 3411 :
3651 3359 3767 3426 Ego
3794 3363 3849 3411 et

2202 3445 2367 3496 Pater
2394 3458 2563 3496 unum
2601 3459 2784 3496 sumus
2833 3442 3007 3513 (Joan.
3040 3441 3095 3513 x)
3129 3460 3142 3510 ;
3194 3440 3339 3497 illud
3391 3442 3612 3499 scilicet
3659 3460 3847 3500 unum

2204 3530 2356 3599 quod
2382 3546 2631 3601 persona
2652 3531 2844 3596 tertia,
2870 3530 2927 3584 id
2950 3535 3038 3585 est
3059 3530 3276 3599 unitas,
3296 3532 3366 3587 de
3390 3532 3559 3588 nobis
3580 3536 3847 3590 testatur.

2204 3618 2466 3674 Dualitas
2488 3635 2742 3689 namque
2766 3620 2913 3675 duos
2935 3636 3086 3690 esse,
3102 3620 3202 3676 sed
3223 3621 3458 3677 eosdem
3482 3623 3631 3678 duos
3652 3624 3848 3681 unitas

2208 3724 2389 3762 unum
2438 3724 2565 3763 esse
2597 3708 2912 3780 signiﬁcat.
2946 3709 3162 3765 Omnes
3193 3726 3429 3782 quoque
3461 3711 3561 3783 qui
3591 3712 3664 3767 ad
3693 3712 3847 3769 hanc

2204 3797 2486 3851 unitatem
2507 3798 2797 3869 spirituali
2816 3798 3123 3855 dilectione
3140 3800 3504 3872 confugiunt,
3524 3818 3705 3857 unum
3727 3802 3853 3858 efﬁ-

2200 3886 2454 3941 ciuntur.
2503 3886 2650 3958 Ergo
2705 3888 2857 3958 quod
2908 3887 3138 3944 dilectio
3179 3894 3383 3945 sancta
3412 3889 3852 3948 accidentaliter

2199 3975 2309 4029 erit
2332 3975 2389 4029 in
2414 3974 2617 4031 multis
2650 3975 3007 4047 hominibus,
3032 3982 3243 4049 aptans
3272 3994 3372 4035 eos
3402 3978 3463 4035 in
3492 3996 3699 4047 unum,
3732 3980 3844 4037 hoc

2199 4064 2451 4137 Spiritus
2469 4065 2654 4120 sancti
2676 4082 2926 4138 persona
2942 4067 3404 4125 substantialiter
3423 4071 3480 4124 et
3495 4068 3846 4128 aeternaliter

2196 4155 2269 4208 ad
2301 4154 2489 4209 Patris
2519 4159 2577 4209 et
2608 4154 2735 4209 Filii
2766 4172 3045 4227 personas
3076 4160 3322 4213 constat.

2266 4243 2551 4314 Exprimit
2570 4261 2705 4316 ergo
2728 4244 3036 4317 utriusque
3057 4246 3531 4304 communionem
3554 4252 3611 4304 et
3631 4248 3843 4307 divina

2194 4334 2534 4389 substantia:
2568 4334 2876 4401 unitatem,
2911 4352 3037 4406 quae
3081 4336 3282 4408 utique
3330 4339 3494 4393 tanta
3537 4342 3629 4394 est
3672 4343 3738 4394 ut
3780 4339 3845 4397 in

2192 4422 2351 4477 nullo
2384 4424 2744 4479 extrinsecus
2774 4423 3051 4505 indigeat,
3086 4425 3187 4479 sed
3217 4424 3417 4481 omnia
3454 4425 3513 4480 in
3562 4443 3625 4484 se
3655 4428 3843 4485 conti-

429 4516 499 4571 de
533 4520 667 4581 Deo,
691 4532 805 4570 non
840 4515 1030 4570 solum
1065 4515 1135 4569 ad
1168 4513 1511 4568 Trinitatem
1543 4513 1602 4566 in
1636 4512 1858 4566 unitate
1889 4510 2079 4565 consi-
2108 4532 2155 4597 D
2191 4516 2344 4566 neat.
2380 4512 2629 4583 Ideoque
2661 4530 2796 4567 cum
2829 4513 3015 4568 Patris
3064 4517 3120 4568 et
3168 4512 3294 4568 Filii
3342 4530 3595 4587 persona
3624 4516 3845 4574 dicitur

428 4608 703 4675 stentem,
720 4606 820 4660 sed
843 4606 1017 4660 etiam
1044 4604 1114 4659 ad
1140 4620 1449 4675 personam
1467 4602 1721 4673 Spiritus
1742 4600 1929 4655 sancti
1953 4616 2079 4672 spe-

428 4692 650 4750 cialiter
670 4695 1039 4750 referendum
1062 4697 1151 4747 est
1174 4712 1185 4750 :
1222 4692 1360 4763 quia
1381 4708 1515 4746 cum
1540 4707 1653 4745 non
1678 4690 1873 4744 minus
1896 4706 2071 4759 quam

427 4783 579 4838 inter
608 4784 755 4838 duos
788 4783 985 4838 unitas
1016 4787 1071 4836 et
1100 4781 1330 4836 dilectio
1359 4797 1487 4836 esse
1517 4779 1926 4853 possit,_hiquc
1957 4779 2072 4833 duo

426 4870 487 4925 in
511 4870 778 4942 personis
802 4871 1051 4938 duabus,
1079 4870 1262 4925 Patris
1285 4875 1341 4925 et
1365 4870 1513 4934 Filii,
1531 4870 1651 4923 sint
1675 4868 2073 4939 intelligendi;

426 4977 580 5015 unus
614 4960 850 5030 quidem
874 4959 1143 5030 diligens,
1172 4960 1226 5014 id
1261 4963 1348 5014 cst
1378 4959 1528 5013 Deus
1555 4959 1737 5028 Pater,
1768 4957 1913 5012 alter
1942 4972 2075 5011 vero

422 5048 690 5113 dilectus,
723 5048 776 5103 id
827 5054 915 5104 est
946 5054 1096 5103 Deus
1131 5047 1332 5117 Filius,
1367 5052 1525 5118 patet
1579 5048 1833 5119 proiecto
1886 5047 2076 5118 ipsam

424 5137 817 5207 dilectionem,
834 5155 949 5209 qua
972 5154 1152 5192 unum
1179 5142 1337 5202 sunt,
1358 5153 1600 5207 quaeque
1623 5155 1689 5192 ex
1712 5142 1957 5208 utroque
1983 5153 2078 5207 pa-

430 5227 575 5283 riter
604 5228 886 5299 procedit,
912 5227 1309 5297 accipiendam
1334 5243 1460 5281 esse
1491 5244 1593 5297 pro
1617 5227 1868 5296 Spiritus
1892 5225 2079 5281 sancti

425 5332 697 5387 persona,
731 5316 788 5370 in
822 5322 1023 5373 sancta
1054 5315 1357 5383 Trinitate,
1390 5317 1579 5371 tertia.
1605 5316 1881 5377 Quamvis
1914 5318 2077 5371 enim

418 5403 538 5459 alia
568 5422 819 5477 persona
848 5407 924 5461 sit
954 5405 1269 5477 diligentis,
1294 5406 1407 5461 alia
1436 5406 1652 5475 dilecti,
1675 5405 1788 5459 alia
1814 5406 2080 5465 dilectio-

422 5493 545 5560 nis,
579 5493 639 5548 in
670 5496 874 5550 eadem
907 5499 1102 5551 tamen
1135 5494 1441 5551 dilectione
1474 5512 1599 5565 quin
1631 5493 1799 5548 tertia
1832 5511 2082 5565 persona

421 5587 530 5653 est,
564 5587 622 5640 et
650 5585 751 5657 qui
784 5584 972 5661 diligit
1017 5590 1075 5642 et
1105 5586 1204 5660 qui
1239 5585 1507 5659 diligitur
1536 5600 1721 5640 unum
1762 5589 1907 5641 sunt
1936 5590 1993 5642 et
2023 5585 2084 5642 in

2189 4601 2512 4673 meritoque
2536 4601 2846 4673 utriusque
2868 4602 3088 4671 unitas,
3108 4602 3165 4657 id
3189 4607 3278 4659 est
3299 4604 3553 4675 Spiritus
3578 4610 3844 4677 sanctus,

2189 4691 2364 4745 simul
2390 4708 2618 4763 semper
2634 4691 3152 4748 consubstantialis
3176 4709 3441 4761 manens,
3460 4694 3639 4751 simul
3663 4695 3845 4754 etiam

2188 4796 2419 4851 semper
2447 4780 2831 4851 personaliter
2859 4786 3376 4837 commemoratur.
3409 4783 3618 4839 Deitati
3670 4801 3843 4841 nam-

2186 4885 2297 4938 que
2331 4870 2409 4923 nil
2443 4870 2632 4941 magis
2663 4888 2838 4942 quam
2872 4872 3069 4926 unitas
3101 4872 3370 4927 convenit
3399 4873 3655 4928 ascribi..

2737 4978 2969 5033 CAPUT
3016 4978 3281 5035 XXXVII.

2190 5068 2451 5138 Exempla
2483 5068 2678 5138 quibus
2707 5067 2928 5123 docetur
2955 5070 3217 5139 quomodo
3248 5071 3472 5125 trinitas
3513 5087 3575 5125 in
3625 5074 3847 5130 unitate

2436 5146 2489 5192 et
2527 5142 2715 5192 unitas
2745 5142 2803 5192 in
2833 5142 3079 5195 trinitate
3108 5143 3178 5193 sit
3207 5140 3610 5211 intelligenda.°

2262 5227 2333 5282 Ut
2362 5233 2555 5282 autem
2589 5227 2709 5281 hazc
2742 5228 2936 5283 unitas
2971 5234 3027 5282 et
3057 5228 3288 5285 trinitas
3320 5248 3499 5302 quam
3533 5232 3604 5288 de
3632 5231 3841 5289 invisi-

2192 5314 2293 5369 bili
2308 5315 2624 5371 divinitatis
2642 5317 2968 5373 substantia
2981 5317 3107 5373 dico
3121 5320 3375 5391 apertior
3390 5319 3844 5393 credibiliorque

2194 5404 2312 5475 ﬁat,
2338 5404 2477 5459 libet
2507 5406 2705 5477 aliqua
2732 5412 2801 5462 de
2830 5407 3161 5464 visibilibus
3194 5410 3367 5465 rebus
3399 5426 3611 5481 ponere
3641 5425 3849 5468 exem-

2194 5493 2289 5565 pla
2311 5497 2603 5566 quomodo
2629 5497 2821 5553 unitas
2843 5498 2900 5552 in
2923 5498 3257 5554 substantia
3278 5503 3334 5552 et
3357 5499 3590 5556 trinitas
3619 5498 3678 5555 in
3710 5516 3848 5572 per-

2194 5586 2354 5642 sonis
2375 5586 2721 5645 existat.Sed
2752 5587 2941 5663 primo
2973 5589 3152 5665 hujus
3184 5586 3447 5673 mysterii
3496 5587 3847 5669 similitudi-
