4114 6184
265 290 388 352 109

1247 290 1557 352 DIALOG.
1603 291 1706 352 DE
1748 290 2034 354 TRIBUS
2081 291 2703 363 QUIESTIONIBUS.

3565 297 3685 360 110

260 439 400 480 nem
421 423 485 478 in
518 421 803 490 adiﬁciis,
834 421 968 478 dein
994 422 1054 477 in
1077 421 1258 480 altera
1287 440 1619 496 quaramus
1653 424 1914 487 materia.
1946 425 2004 492 Α
2032 424 2161 481 dico
2191 443 2294 498 pro
2325 427 2589 498 ejusdem
2621 443 2881 498 persona
2910 429 3070 501 typo,
3099 442 3172 484 ne
3202 428 3358 485 idem
3390 429 3561 487 toties
3593 431 3680 486 di-

261 513 445 569 Credo
477 527 736 584 namque
781 511 920 583 quia
947 512 1310 584 providentia
1357 514 1574 586 divina,
1623 513 1776 569 sicut
1821 531 1924 586 per

251 601 548 673 plurimas
571 599 999 658 similitudines
1025 601 1278 658 caelestis
1301 603 1430 659 vita
1449 602 1716 658 notitiam
1752 603 1921 659 nobis

263 688 534 754 tradidit,
565 689 648 742 ita
677 688 853 744 etiam
905 688 1092 746 multa
1121 690 1364 746 unitatis
1411 695 1468 746 et
1494 691 1773 747 trinitatis
1802 708 1921 747 sua

267 783 626 851 argumenta
648 777 1072 850 reliquit.Unde
1103 796 1169 835 ex
1200 780 1404 836 multis
1419 781 1533 836 duo
1554 780 1648 836 hic
1669 780 1923 836 inserere

257 867 416 939 volo,
450 871 520 923 ut
548 884 651 940 per
678 866 802 922 hac
840 872 961 924 tam
1009 869 1278 925 brevitati
1329 886 1504 941 quam
1554 857 1920 925 adiﬁcationi

253 961 370 1012 tua
405 956 737 1014 consulam.
809 1012 821 1021 ,

325 1045 540 1102 Omnis
586 1046 786 1118 itaque
836 1051 1144 1102 scructura
1190 1046 1486 1118 lignorum
1517 1047 1605 1104 vel
1636 1047 1921 1120 lapidum,

252 1135 530 1207 quamvis
556 1135 819 1207 undique
841 1134 900 1190 in
928 1135 1257 1207 parietibus
1279 1141 1513 1208 peracta
1534 1137 1610 1192 sit
1625 1136 1712 1192 vel
1734 1153 1920 1208 quan-

251 1228 586 1296 toscunque
618 1225 876 1296 parietes
896 1224 953 1278 in
987 1240 1049 1280 se
1079 1225 1688 1298 babeat,nequaquam
1712 1226 1921 1282 domus

258 1317 458 1386 potest
485 1313 728 1370 existere
762 1313 889 1370 sine
918 1317 1089 1370 tecto.
1126 1313 1186 1369 Si
1234 1319 1428 1370 autem
1460 1315 1522 1370 in
1553 1316 1783 1371 duobus
1806 1316 1922 1371 sal-

252 1407 380 1459 tem
406 1402 723 1475 parietibus
741 1403 1056 1475 coaquatis
1087 1408 1144 1460 et
1177 1404 1447 1476 perfectis
1464 1408 1686 1461 tectum
1717 1421 1922 1477 super-

255 1498 529 1564 ponatur,
563 1509 699 1548 mox
731 1494 944 1550 domus
973 1493 1086 1548 dici
1118 1493 1274 1550 valet
1302 1511 1406 1566 pro
1437 1511 1503 1550 eo
1536 1483 1758 1550 scilicet
1786 1493 1924 1566 quia

264 1582 621 1654 omnia,qua
652 1581 746 1637 his
777 1582 965 1638 tribus
995 1583 1246 1654 peractis
1278 1587 1502 1639 restant
1531 1583 1923 1656 agenda,sunt

251 1670 420 1744 quasi
456 1670 872 1743 principalium
905 1671 1190 1742 adjective
1215 1676 1271 1728 et
1297 1687 1366 1728 ex
1395 1671 1513 1727 illis
1540 1671 1918 1728 dimetienda.

251 1764 375 1816 Duo
406 1763 622 1815 autem
645 1760 895 1832 parietes
942 1765 998 1817 et
1054 1765 1274 1816 tectum
1316 1777 1596 1834 personas
1645 1764 1784 1828 tres,
1817 1760 1919 1816 sed

247 1866 435 1905 unum
456 1849 854 1905 substantiam
880 1849 1382 1923 signiﬁcant,quia
1403 1866 1508 1906 nec
1535 1849 1783 1922 parietes
1807 1867 1910 1906 nec

247 1944 469 1995 tectum
494 1955 603 2012 per
627 1940 815 2008 se,sed
846 1939 968 1994 hac
987 1939 1100 1994 tria
1127 1939 1236 1995 rite
1267 1941 1579 2011 conjuncta
1604 1939 1778 1995 unius
1805 1940 1908 1995 do-

249 2045 380 2085 mus
401 2029 808 2085 substantiam
835 2029 1054 2101 pariter
1070 2028 1504 2086 efﬁciunt.Cum
1528 2045 1664 2102 ergo
1686 2028 1808 2084 hac
1830 2028 1911 2084 ita

249 2118 390 2188 sint,
421 2120 788 2191 cujus,rogo,
812 2133 1070 2190 persona
1103 2119 1174 2174 de
1199 2118 1388 2173 tribus
1416 2118 1706 2189 praedictis
1736 2122 1909 2190 typus

248 2209 540 2265 unitatem
574 2207 754 2278 hujus
803 2207 1172 2276 substantia,
1207 2207 1264 2262 id
1296 2211 1386 2262 est
1415 2206 1626 2262 domus
1657 2207 1908 2262 maxime

246 2297 554 2353 ostendit?
574 2297 734 2362 Quod
757 2296 808 2352 si
831 2296 1274 2369 interrogaveris
1295 2295 1589 2367 quomodo
1601 2294 1688 2351 vel
1707 2311 1906 2366 quare,

245 2387 325 2441 ita
355 2384 596 2459 collige.

317 2476 469 2531 Cum
517 2475 703 2547 igitur
743 2474 1137 2531 construenda
1183 2477 1274 2530 est
1309 2474 1520 2530 domus
1551 2471 1824 2544 qualibet
1853 2477 1909 2528 et

246 2564 464 2638 peracti
493 2563 716 2620 fuerint
770 2565 885 2620 duo
916 2563 1188 2636 parietes,
1219 2564 1366 2618 duos
1407 2578 1687 2634 personas
1719 2561 1908 2633 expri-

248 2659 666 2721 mentes,unus
691 2653 928 2724 quidem
943 2669 1046 2725 pro
1058 2669 1126 2709 eo
1149 2653 1306 2723 quod
1327 2650 1561 2706 initium
1583 2649 1775 2722 operis
1796 2653 1903 2722 est,

248 2743 417 2815 quasi
471 2759 592 2799 non
642 2742 714 2797 ab
747 2741 860 2798 alio
891 2743 991 2798 sed
1023 2759 1058 2796 a
1087 2757 1152 2798 se
1179 2745 1238 2797 et
1265 2741 1326 2796 in‘
1357 2744 1542 2797 semet
1568 2739 1857 2811 incipiens
1892 2755 1906 2794 :

245 2832 388 2888 alter
408 2848 578 2901 vero,
611 2848 744 2887 cum
778 2831 955 2904 priori
984 2831 1223 2886 omnino
1253 2830 1313 2885 in
1340 2829 1670 2899 latitudine,
1716 2827 1909 2883 altitu-

244 2921 374 2977 dine
408 2925 473 2976 et
501 2920 872 2993 longitudine
911 2919 1153 2992 aqualis
1205 2935 1334 2975 esse
1383 2918 1589 2974 debeat
1630 2915 1797 2988 quasi
1835 2916 1906 2971 ab

245 3007 365 3081 ipso
402 3014 651 3066 exortus
674 3014 730 3064 et
761 3009 1322 3080 emanans,necdum
1354 3008 1425 3062 ad
1458 3007 1743 3062 unitatem
1774 3005 1909 3060 sub-

2033 518 2190 570 ctum
2221 514 2487 571 videatur
2511 515 2840 572 tadiosum.

2104 604 2308 659 Nonne
2364 620 2500 676 ergo
2559 603 2682 660 hac
2712 609 2982 678 utraque,
3015 608 3085 663 de
3117 607 3359 664 adiﬁcio
3413 607 3685 667 videlicet

2032 695 2088 748 et
2124 693 2386 759 candela,
2422 693 2576 749 dicta
2605 699 2877 751 constant
2907 695 3048 751 satis
3099 697 3247 752 mira
3278 701 3452 770 atque
3481 698 3678 754 divina

2033 783 2456 854 aptissimeque
2504 784 2575 838 ad
2636 785 3007 856 agnoscenda
3065 785 3201 853 [cod.
3253 786 3409 842 Cruc.
3462 803 3678 860 cogno-

2032 872 2268 943 scenda]
2303 864 2477 928 sacra
2509 873 2642 928 ﬁdei
2676 874 3009 930 rudimenta
3029 877 3054 927 .9
3081 874 3162 928 ibi
3194 892 3448 949 namque
3493 879 3686 949 potest

2032 961 2365 1017 carnalibus
2399 961 2574 1017 etiam
2607 962 2790 1018 oculis
2844 963 3260 1035 comprehendi
3298 965 3591 1036 quomodo
3621 965 3684 1022 in

2031 1050 2296 1120 personis
2311 1049 2498 1106 tribus
2515 1052 2849 1108 substantia
2865 1069 2984 1108 una
3001 1053 3683 1126 habeatur,qualiterque

2031 1155 2414 1210 personarum
2433 1140 2612 1195 trium
2628 1141 2791 1196 nulla
2811 1143 3034 1214 absque
3055 1141 3524 1214 aliisquidquam
3547 1159 3687 1215 ope-

2032 1231 2209 1298 retur,
2242 1229 2343 1284 sed
2374 1246 2577 1286 omnes
2607 1230 2785 1286 simul
2817 1247 2964 1303 opus
2995 1248 3170 1287 suum
3201 1232 3689 1303 efﬁciant,quam-

2030 1316 2116 1372 vis
2147 1317 2398 1390 singulis
2452 1318 2687 1390 aliquod
2728 1320 3040 1392 specialius
3081 1322 3401 1377 conveniat.
3463 1321 3686 1394 Protegi

2032 1420 2285 1476 namque
2330 1406 2389 1461 in
2412 1407 2584 1462 domo
2615 1412 2673 1462 et
2702 1407 3026 1464 illuminari
3058 1427 3092 1465 a
3129 1409 3380 1465 candela
3413 1410 3684 1467 incendio

2031 1493 2361 1564 specialiter
2390 1497 2658 1551 convenit
2689 1513 2947 1568 persona
2977 1499 3180 1569 tertia,
3213 1499 3353 1570 quia
3375 1502 3431 1554 et
3459 1503 3680 1555 tectum

2030 1582 2167 1637 inde
2197 1582 2413 1638 dicitur
2441 1585 2598 1655 quod
2626 1586 2736 1640 sub
2758 1601 2823 1641 eo
2847 1591 3275 1643 commorantes
3305 1588 3378 1644 ab
3409 1588 3562 1645 aeris
3589 1588 3680 1644 in-

2029 1671 2309 1742 temperie
2337 1671 2786 1746 pluviarumque
2805 1674 3186 1732 inundatione
3207 1677 3453 1748 tegendo
3483 1679 3676 1749 prote-

2028 1764 2161 1831 gat;
2195 1766 2251 1816 et
2280 1759 2503 1830 lumen,
2536 1763 2691 1834 quod
2721 1762 3033 1819 illuminet.

2096 1851 2229 1915 Qua
2279 1849 2501 1906 scilicet
2549 1856 2797 1923 utraque
2849 1852 2993 1908 satis
3033 1853 3387 1909 conveniunt
3416 1870 3676 1926 persona

2019 1937 2276 2009 Spiritus
2300 1941 2507 1996 sancti.
2536 1942 2663 2012 Ipse
2685 1941 2900 2014 quippe
2921 1941 2980 1996 in
3003 1942 3261 1998 trinitate
3284 1959 3519 1999 summa
3540 1959 3672 2016 per-

2018 2043 2225 2084 sonam
2299 2029 2530 2084 tertiam
2579 2031 2907 2098 continens,
2973 2035 3265 2102 protector
3320 2031 3676 2088 consolando

2018 2122 2322 2174 marentes
2352 2123 2408 2174 et
2436 2118 2798 2176 illuminator
2835 2121 3130 2176 edocendo
3176 2120 3554 2178 insensibiles
3585 2122 3673 2178 di-

2017 2206 2189 2261 citur.
2224 2206 2386 2263 Unde
2416 2207 2701 2263 Dominus
2733 2214 2932 2265 noster
2969 2209 3040 2264 ad
3075 2209 3394 2282 discipulos
3425 2227 3565 2267 suos
3593 2210 3667 2267 de

2017 2296 2282 2366 ejusdem
2310 2296 2562 2368 Spiritus
2594 2299 2778 2353 sancti
2809 2298 3089 2354 missione
3118 2297 3364 2371 loquens
3385 2298 3668 2356 dicitiPa-

2016 2387 2249 2442 racletus
2295 2385 2535 2457 Spiritus
2589 2390 2828 2455 sanctus,
2886 2404 3050 2459 quem
3076 2390 3254 2444 mittet
3284 2394 3448 2444 Pater
3475 2389 3538 2442 in
3566 2388 3670 2445 ηοξ

2016 2477 2163 2531 mine
2188 2490 2332 2541 meo,
2363 2475 2460 2530 ille
2483 2490 2577 2531 vos
2605 2476 2813 2531 docebit
2843 2478 3029 2532 omnia
3060 2478 3236 2548 (Joan.
3268 2480 3405 2544 xrv).

2087 2565 2242 2619 Inter
2269 2564 2390 2619 hac
2423 2564 2598 2619 etiam
2629 2563 2775 2619 illud
2799 2565 3005 2621 merito
3036 2567 3406 2637 pensandum
3434 2565 3669 2624 videtur

2017 2653 2170 2724 quod
2203 2652 2262 2707 in
2293 2657 2540 2724 utraque
2606 2652 3012 2722 similitudine,
3063 2654 3290 2710 adiﬁcii
3338 2653 3559 2712 scilicet
3613 2659 3672 2712 et

2016 2741 2463 2813 candela,tertia
2493 2759 2947 2814 persona,quam
2968 2743 3256 2800 unitatem
3279 2760 3666 2816 personarum

2015 2831 2266 2886 duarum
2298 2830 2616 2902 exprimere
2647 2831 2785 2899 dixi,
2821 2832 3090 2888 addenda
3110 2836 3198 2888 est
3219 2833 3469 2905 desuper
3499 2837 3555 2888 et
3575 2849 3671 2888 su-

2016 2937 2197 2993 perna
2226 2921 2462 2993 respicit
2485 2937 2738 2993 semper,
2769 2921 2926 2977 velut
2964 2922 3024 2977 in
3063 2923 3236 2978 domo
3262 2927 3483 2978 tectum
3515 2927 3572 2977 et
3600 2921 3663 2978 in

2017 3009 2260 3067 candela
2287 3010 2646 3068 incendium.
2668 3010 2794 3066 Non
2815 3027 2951 3084 ergo
2973 3011 3097 3068 sine
3119 3029 3296 3069 causa
3315 3010 3669 3069 sacramenti

247 3100 481 3155 stantia
513 3116 636 3155 sua
663 3099 876 3154 domus
900 3098 1239 3154 adiﬁcanda
1259 3095 1688 3170 pervenit.Cum
1710 3098 1906 3150 autem
1948 3169 1963 3172 Α
2018 3099 2216 3172 magni
2248 3100 2470 3156 astimo
2502 3100 2621 3156 fore
2652 3100 2810 3156 talia.

242 3192 466 3244 tectum
499 3187 738 3244 tertiam
791 3203 1103 3259 personam
1151 3169 1482 3259 exprimens
1530 3183 1900 3257 supponitur,
1934 3169 1977 3236 C
2085 3169 2346 3244 Arbitror
2377 3205 2631 3260 namque
2684 3188 2830 3244 illud
2861 3190 3168 3262 designare
3218 3191 3396 3262 quod,
3434 3206 3570 3247 cum
3603 3190 3667 3247 in

240 3280 375 3333 tunc
408 3277 662 3333 demum
698 3277 895 3332 unitas
923 3274 1332 3332 substantialis
1371 3276 1582 3331 domus
1631 3273 1901 3329 efﬁcitur.

243 3366 468 3422 idcirco
527 3382 667 3422 vero
715 3369 934 3422 tectum
980 3382 1291 3438 personam
1342 3365 1574 3420 tertiam
1631 3362 1906 3434 exprimit

244 3456 579 3528 quia,sicut
609 3455 798 3527 primo
829 3458 886 3511 et
915 3456 1171 3510 secundo
1193 3453 1520 3510 numeratis
1541 3452 1749 3507 tertius
1772 3468 1905 3506 mox

239 3546 667 3602 numerandus
695 3545 762 3601 ab
797 3545 882 3601 eis
913 3545 1190 3617 procedit,
1224 3544 1307 3600 ita
1335 3543 1512 3599 etiam
1543 3542 1774 3597 duobus
1803 3557 1906 3612 pa-

235 3635 507 3692 rietibus
538 3634 598 3689 in
629 3634 1049 3691 constructione
1080 3632 1542 3707 pracedentibus
1571 3635 1789 3687 tectum
1814 3631 1905 3686 de-

236 3724 380 3780 inde
413 3724 878 3780 construendum
912 3723 1214 3795 sequitur;
1249 3738 1439 3794 neque
1469 3721 1625 3776 enim
1658 3720 1784 3776 sine
1801 3735 1902 3791 pa-

239 3813 455 3870 rietum
483 3811 923 3869 constructione
943 3816 1162 3868 tectum
1185 3809 1487 3882 quodlibet
1507 3810 1578 3865 ad
1606 3808 1905 3864 habitacu-

238 3901 361 3958 lum
393 3901 784 3959 construitur.

309 3994 510 4049 Potest
567 3991 747 4047 etiam
795 3990 904 4046 hac
933 3990 1156 4046 ratione
1186 3989 1378 4062 colligi
1408 4005 1587 4061 quam
1619 4002 1900 4059 congrue-

237 4083 391 4138 Deus
423 4082 647 4138 domus
675 4080 796 4152 [cod
832 4081 1011 4136 Lamb.
1059 4080 1162 4136 Dei
1216 4080 1448 4149 domus]
1500 4076 1583 4134 vel
1612 4075 1900 4148 templum

232 4171 489 4244 dicatur,
514 4188 634 4227 non
666 4169 859 4227 solum
881 4171 953 4226 ob
985 4169 1323 4242 praedictam
1353 4171 1567 4224 sancta
1598 4164 1900 4221 Trinitatis

229 4260 520 4333 ﬁguram,
552 4261 655 4317 sed
687 4259 866 4316 etiam
897 4260 1026 4316 ideo
1058 4259 1197 4331 quia
1225 4257 1424 4314 omnia
1453 4273 1578 4328 qua
1600 4256 1658 4310 in
1681 4252 1899 4326 templo

228 4349 504 4421 quolibet
523 4365 626 4421 pro
651 4365 794 4421 pace
817 4353 873 4404 et
903 4349 1349 4419 securitate,pro
1370 4343 1711 4402 umbraculo
1733 4347 1788 4398 et
1809 4358 1900 4398 re-

225 4438 403 4511 fugio
433 4437 837 4511 temporaliter
865 4437 1242 4505 habentur,in
1265 4441 1376 4492 Deo
1402 4433 1527 4491 sola
1555 4431 1902 4489 aternaliter

2013 3276 2209 3348 aliquo
2239 3277 2437 3332 labore
2467 3277 2642 3332 homo
2675 3275 2771 3331 Dei
2811 3281 3150 3349 cOOperator
3179 3282 3237 3334 et
3265 3279 3501 3348 adjutor
3536 3293 3667 3334 esse

2012 3365 2390 3438 possit,juxta
2419 3365 2565 3420 illud
2599 3382 2612 3419 :
2645 3366 2743 3419 Dei
2766 3366 2917 3420 enim
2944 3382 3132 3420 sumus
3162 3365 3437 3436 adjutores
3461 3366 3507 3436 (ι
3536 3367 3664 3422 Cor.

2015 3455 2122 3527 III),
2156 3453 2398 3510 unitatis
2426 3457 2623 3509 tamen
2656 3453 3060 3524 donum,quod
3105 3468 3408 3508 summum
3442 3457 3533 3509 est
3561 3455 3664 3509 bo-

2013 3561 2176 3616 num,
2209 3560 2324 3615 quo
2357 3542 2490 3615 quis
2520 3543 2588 3598 ad
2619 3541 3026 3614 perfectionem
3061 3546 3441 3613 provecturus
3467 3545 3574 3612 est,
3596 3541 3668 3598 de

2013 3649 2268 3706 superna
2281 3631 2649 3690 solummodo
2660 3631 2849 3704 gratia
2863 3631 3198 3701 descendat;
3217 3631 3368 3688 sicut
3381 3631 3667 3704 scriptum

2011 3727 2100 3779 est
2129 3739 2142 3778 :
2179 3727 2357 3780 Omne
2383 3722 2574 3777 datum
2631 3723 2916 3793 optimum,
2962 3729 3012 3776 et
3060 3737 3217 3777 omne
3253 3720 3454 3777 donum
3483 3723 3666 3792 perfe-

2010 3821 2161 3870 ctum
2208 3813 2491 3868 desursum
2550 3818 2647 3883 est,
2716 3810 3039 3866 descendens
3081 3827 3119 3866 a
3165 3813 3332 3865 Patre
3389 3811 3667 3866 luminum

2011 3902 2144 3973 (Jac.
2179 3903 2240 3973 1).
2275 3901 2434 3965 Quod
2469 3901 2625 3956 enim
2657 3915 2726 3955 ex
2755 3905 2910 3955 terra
2936 3904 3132 3956 ortum
3161 3898 3250 3954 vel
3282 3898 3343 3953 in
3373 3903 3528 3954 terra
3558 3915 3666 3971 po-

2011 3991 2189 4046 situm
2222 3990 2414 4057 datur,
2445 3988 2680 4044 initium
2713 3988 2953 4061 quidem
2996 3987 3085 4043 vel
3139 3985 3428 4060 particula
3465 3987 3666 4060 aliqua

2010 4080 2146 4135 boni
2195 4077 2386 4150 operis
2417 4082 2608 4150 potest
2657 4094 2806 4148 esse,
2839 4078 2940 4134 sed
2983 4078 3055 4133 ad
3090 4076 3482 4134 substantiam
3531 4092 3664 4150 per-

2011 4167 2279 4224 fectionis
2321 4171 2379 4223 et
2427 4167 2672 4222 unitatis
2705 4184 2819 4223 non
2861 4166 3158 4240 pertingit.
3212 4166 3375 4222 Unde
3423 4169 3480 4221 et
3507 4165 3664 4222 idem

2011 4257 2242 4329 Spritus
2273 4260 2512 4312 sanctus
2539 4271 2674 4310 cum
2723 4255 3022 4327 apostolos
3079 4256 3151 4311 ad
3183 4254 3427 4311 unitatis
3458 4254 3664 4311 divina

2009 4345 2239 4402 culmen
2287 4349 2588 4400 erecturus
2654 4348 2711 4399 et
2748 4344 3141 4401 instructurus
3204 4348 3379 4412 esset,
3429 4360 3546 4400 non
3597 4347 3666 4399 ut

2008 4435 2192 4507 prius,
2224 4452 2258 4490 a
2289 4435 2533 4490 Domino
2565 4433 2623 4488 in
2655 4438 2811 4488 terra
2836 4433 3029 4505 posito
3058 4434 3251 4502 datur,
3287 4433 3387 4489 sed
3420 4433 3491 4488 de
3520 4430 3664 4488 calo

233 4527 834 4600 possidentur.Cujus
864 4527 1145 4582 nimirum
1178 4524 1380 4597 templi
1404 4527 1570 4597 porta
1593 4527 1651 4579 et
1680 4521 1898 4578 ostium
1929 4542 1977 4608 D
2009 4541 2193 4596 supra.
2222 4539 2322 4579 eos
2351 4523 2572 4580 missus
2601 4521 2835 4595 legitur.

225 4617 502 4673 Christus
548 4615 919 4688 intelligitur.
953 4615 1116 4672 Unde
1146 4616 1272 4684 ipse
1304 4613 1448 4670 dicit
1475 4630 1488 4669 :
1529 4615 1634 4684 Ego
1664 4628 1787 4667 sum
1807 4627 1892 4666 os-

2078 4613 2208 4668 Hac
2256 4617 2450 4668 autem
2486 4612 2636 4678 dico,
2670 4628 2784 4667 non
2818 4616 2882 4666 ut
2923 4611 2980 4666 in
3013 4611 3112 4667 illa
3141 4610 3398 4666 trinitate
3428 4624 3666 4665 summa

226 4708 375 4762 tium
402 4708 588 4780 (Joan.
623 4707 703 4777 x).
734 4709 867 4762 Haec
899 4705 1140 4778 quidem
1171 4705 1241 4760 de
1268 4708 1564 4760 structura
1594 4701 1893 4758 sufﬁciant
2001 4718 2310 4774 personam
2341 4699 2523 4756 ullam
2548 4700 2912 4772 superiorem
2935 4699 3022 4755 vel
3046 4699 3380 4754 inferiorem
3400 4696 3661 4765 credam,

228 4796 407 4852 dicta.

300 4886 368 4941 In
406 4901 660 4942 accensa
691 4901 924 4957 quoque
955 4882 1197 4940 candela
1227 4881 1472 4938 inveniri
1527 4883 1798 4953 possunt,
1831 4882 1897 4934 ut

228 4991 384 5043 reor,
416 4975 661 5031 similia.
695 4975 841 5030 Nam
875 4991 1009 5030 cum
1070 4973 1279 5028 ardens
1326 4970 1631 5027 elementis
1670 4973 1896 5025 constet

225 5066 448 5132 tribus,
485 5066 545 5120 id
580 5070 670 5121 est
699 5068 894 5136 stupa,
934 5080 1087 5130 cera,
1119 5062 1268 5127 luce,
1303 5075 1687 5133 personarum
1716 5058 1894 5114 trium

225 5152 487 5226 ﬁguram
520 5157 703 5210 tenet.
736 5153 848 5209 Sed
881 5152 1033 5209 sicut
1062 5151 1121 5206 in
1154 5151 1327 5206 domo
1358 5165 1609 5222 persona
1637 5146 1893 5216 tertia,id

221 5251 307 5299 est
347 5248 599 5312 tectum,
633 5243 716 5298 ita
744 5247 801 5298 et
827 5243 885 5297 in
917 5242 1154 5297 ardente
1193 5238 1454 5305 candela,
1488 5237 1676 5305 tertia,
1714 5237 1772 5291 id
1807 5237 1898 5293 est

219 5329 350 5400 lux,
412 5335 693 5406 operatur
747 5331 1034 5387 unitatem
1078 5327 1549 5385 substantialern.
1595 5327 1657 5382 In
1690 5330 1894 5382 neutro

217 5421 435 5494 igitur,
465 5421 526 5477 id
561 5425 652 5478 est
680 5421 741 5476 in
773 5419 1018 5476 adiﬁcio
1067 5424 1123 5475 et
1153 5416 1395 5474 candela
1455 5415 1621 5471 nulla
1649 5414 1898 5471 habetur

217 5509 482 5582 utilitas,
507 5509 672 5567 nulla
695 5508 1037 5567 substantia
1060 5505 1399 5574 unitas,nisi
1425 5506 1596 5562 tertia
1625 5520 1892 5577 persona,

212 5605 452 5689 ξφςςᾳιῃ
481 5600 711 5687 scilicet
726 5603 785 5659 et
809 5598 1138 5676 lux,addita
1158 5596 1674 5658 fuerit.Personam
1698 5597 1896 5653 autem

2004 4792 2106 4849 sed
2129 4796 2195 4846 ut
2212 4790 2516 4846 ostendam
2541 4789 2865 4860 quia,sicut
2893 4788 3159 4859 ejusdem
3172 4785 3452 4843 trinitatis
3474 4786 3665 4860 ﬁgura

2004 4881 2064 4936 in
2095 4879 2258 4935 nulla
2287 4878 2618 4934 substantia
2641 4877 2926 4949 corporali
2947 4877 3036 4933 vel
3067 4875 3287 4932 visibili
3309 4876 3436 4933 sine
3467 4876 3662 4948 aliquo

2005 4967 2498 5042 superexcellente
2528 4970 2719 5039 potest
2748 4966 2993 5038 exprimi
3024 4967 3336 5038 elemento,
3367 4965 3450 5023 ita
3477 4967 3662 5022 etiam

2005 5059 2063 5114 in
2096 5059 2265 5115 nobis
2296 5056 2377 5112 nil
2412 5056 2548 5113 boni
2567 5055 2755 5112 valeat
2775 5055 2899 5112 ﬁeri
2917 5057 3142 5130 absque
3164 5056 3365 5130 gratia
3387 5071 3658 5128 superna

2005 5147 2434 5220 supplemento.

2078 5238 2210 5308 Ipsa
2232 5251 2648 5306 namque,cum
2673 5251 2778 5290 nos
2805 5234 2975 5307 quasi
2998 5235 3108 5291 sub
3121 5234 3389 5307 personis
3406 5233 3662 5290 duabus.

2003 5327 2060 5381 id
2089 5329 2180 5381 est
2211 5325 2408 5381 anima
2440 5330 2497 5380 et
2521 5339 2778 5397 corpore,
2799 5325 3018 5382 bonum
3050 5324 3285 5396 aliquod
3312 5324 3371 5380 in
3393 5328 3552 5379 terra
3578 5321 3666 5378 in-

2006 5414 2307 5482 choantes,
2341 5412 2603 5469 divinum
2637 5413 2923 5470 auxilium
2954 5429 3058 5487 pro
3089 5414 3462 5486 perfectione,
3484 5412 3543 5468 id
3576 5415 3668 5469 est

2004 5503 2288 5572 trinitate,
2321 5503 2681 5572 invocamus,
2717 5519 2946 5574 semper
2991 5504 3102 5560 erit
3153 5503 3211 5558 in
3264 5503 3433 5560 nobis
3492 5499 3663 5576 quasi

2004 5586 2256 5674 persona
2283 5592 2472 5668 tertia,
2508 5593 2701 5654 oriens
2733 5591 3054 5676 scilicet'ex
3101 5593 3238 5669 alto,
3271 5598 3327 5652 et
3381 5596 3661 5677 coeptans
