4114 6184
438 309 540 370 Ml

1437 305 1779 367 OTHLONI
1824 304 2181 366 MONACHI
2229 306 2291 367 S.
2336 304 2850 370 EMMERAMMI.

3729 307 3845 371 112

436 448 704 517 utraque,
724 442 781 497 id
813 447 899 498 est
929 440 1135 496 anima)
1166 444 1222 494 et
1250 439 1508 511 corporis
1533 456 1708 512 opera
1736 439 1966 495 diversa
1996 439 2075 493 di-
2105 439 2159 505 Α
2260 441 2401 496 Ecce
2433 441 2621 497 crucis
2644 442 2877 515 signum
2902 458 3079 515 quam
3110 458 3549 513 sacrum,quam
3571 459 3849 500 veneran-

433 534 581 591 vinze
616 532 829 589 unitati
859 536 915 587 et
946 530 1215 585 trinitati.

509 624 617 679 Sed
653 616 710 679 et
740 622 847 677 hoc
877 622 946 676 de
967 620 1231 675 trinitate
1270 623 1471 675 sancta
1508 620 2086 675 commemorandum

437 719 577 787 puto
611 712 769 785 quia,
805 727 938 767 cum
973 709 1228 782 Spiritus
1260 708 1447 764 sancti
1496 725 1766 781 persona,
1815 708 2001 763 Patris
2034 712 2090 763 et

436 803 586 873 Filii,
612 807 678 858 ut
707 819 885 873 supra
914 800 1135 855 dictum
1168 804 1274 870 est,
1303 798 1588 854 unitatem
1611 802 1667 853 et
1697 797 2086 874 aequalitatem

437 892 928 962 dilectionemque
958 890 1349 958 commendet,
1383 903 1637 959 congrue
1682 887 1741 941 hi
1773 886 1894 958 qui,
1936 886 2086 941 hanc

437 999 747 1058 personam
778 981 1099 1047 imitantes,
1132 980 1202 1034 de
1254 994 1428 1033 sacrae
1461 977 1597 1033 ﬁdei
1645 976 1867 1032 unitate
1897 975 1984 1031 vel
2015 977 2086 1031 de

432 1074 677 1147 paciﬁca
708 1071 808 1127 Dei
839 1075 895 1127 et
930 1069 1185 1125 hominis
1217 1067 1519 1135 charitate,
1557 1083 1653 1122 seu
1710 1067 1779 1121 de
1830 1081 2088 1121 consona

434 1164 717 1221 virtutum
748 1162 1014 1218 omnium
1070 1158 1344 1215 varietate
1396 1158 1505 1212 rite
1536 1156 1803 1211 scribunt
1864 1160 1969 1209 aut
2001 1154 2086 1209 lo-

433 1250 977 1327 quuntur,Spiritus
1000 1249 1187 1305 sancti
1209 1247 1394 1320 gratia
1416 1245 1621 1317 repleti
1644 1243 2083 1311 dicuntur.Ejus

431 1345 589 1401 enim
621 1343 772 1398 dono
804 1339 987 1396 totius
1018 1337 1260 1393 unitatis
1293 1336 1359 1389 ﬁt
1389 1335 1558 1402 ratio,
1584 1334 1734 1389 sicut
1764 1337 1820 1387 et
1842 1332 1911 1387 ad
1936 1331 2084 1386 lucis

430 1434 683 1508 pertinet
740 1432 959 1487 donum
1016 1426 1348 1482 illuminata
1387 1425 1541 1479 acies
1597 1420 2086 1488 oculorum,licet

428 1524 559 1596 ipsa
588 1523 688 1578 lux
717 1536 835 1577 non
868 1521 1013 1590 a:se,
1046 1516 1146 1572 sed
1179 1514 1415 1570 aliunde
1446 1512 1725 1585 procedit.

963 1622 1196 1680 CAPUT
1229 1620 1519 1677 XXXVIII.

430 1724 640 1779 Sancta:
669 1718 844 1774 crucis
873 1717 1089 1788 signum
1119 1713 1178 1767 in
1207 1728 1425 1835 sumnia
1446 1711 1709 1765 Trinitate
1736 1708 2012 1780 reperit-ur
2032 1710 2083 1761 et

1070 1793 1120 1835 et
1158 1799 1371 1835 auomor
1390 1799 1439 1835 0.

1070 1793 1120 1841 et
1158 1793 1439 1854 quomodo.

478 1862 695 1941 'Potest
718 1879 894 1937 etiam
926 1880 1139 1933 sancta:
1169 1872 1358 1929 crucis
1390 1872 1627 1945 signum
1650 1871 1709 1925 in
1741 1868 2001 1924 trinitate
2025 1870 2081 1922 et

428 1975 655 2033 unitate
686 1985 921 2027 summa
958 1963 1225 2021 inveniri.
1260 1962 1318 2017 Si
1351 1961 1505 2016 enim
1540 1959 1598 2014 in
1631 1959 1871 2015 modum
1904 1957 2080 2012 trian-

429 2064 554 2138 guli
584 2067 703 2118 tres
725 2056 1156 2126 unitates,duas
1179 2052 1417 2125 quidem
1441 2049 1605 2122 quasi
1626 2048 1906 2121 perlineze
1943 2063 2078 2101 nor-

426 2135 585 2210 mam
617 2147 916 2221 aequaliter
964 2148 1207 2209 stantes,
1256 2140 1489 2195 tertiam
1532 2155 1665 2193 vero
1718 2135 1985 2207 superius
2018 2135 2075 2189 in

429 2241 620 2298 medio
656 2240 927 2302 duarum,
961 2249 1165 2305 ponas,
1200 2229 1353 2301 quod
1386 2229 1561 2284 etiam
1591 2224 1885 2298 triangulo
1916 2224 2075 2280 omni

429 2327 790 2397 convenit,ut
818 2322 1040 2381 scilicet
1068 2322 1129 2375 in
1153 2317 1435 2374 dualitate
1456 2314 1822 2383 consistat,in
1856 2314 2080 2369 unitate

442 2423 641 2477 autem
671 2414 943 2487 respiciat
972 2411 1082 2466 hoc
1112 2409 1284 2465 modo
1318 2425 1329 2463 :

1223 2500 1261 2553 1

1131 2572 1170 2625 1
1319 2570 1357 2623 1

1227 2643 1266 2696 1

494 2740 760 2811 Cumque
811 2736 894 2792 ita
942 2731 1305 2804 triangulum
1355 2726 1642 2801 posueris,
1694 2725 1743 2781 si
1792 2724 2076 2781 unitatem

425 2835 697 2907 quartam
718 2826 921 2883 mediae
949 2821 1194 2879 inferius
1214 2817 1579 2892 opposueris,
1602 2816 1839 2888 signum
1862 2818 2076 2871 sancta:

427 2922 618 2979 crucis
646 2916 910 2974 habebis.
932 2912 1039 2968 Ubi
1061 2912 1233 2983 juxta
1260 2910 1435 2964 ﬁdem
1467 2922 1694 2963 sacram
1726 2920 2076 2977 magnopere

429 3009 798 3085 pensandum
821 3020 995 3077 quem
1018 3001 1231 3072 cuique
1252 3014 1513 3071 personae
1540 2996 1751 3052 debeas
1776 2994 2076 3067 assignare

423 3084 809 3173 angulum,ne
820 3094 907 3149 vel
929 3091 1269 3148 dualitatem
1292 3090 1659 3143 constantem
1681 3084 1769 3139 vel
1793 3084 2075 3139 unitatem

2199 531 2341 585 dum
2389 548 2493 586 cur
2534 536 2590 587 et
2637 532 2864 587 adorari
2927 531 3153 586 licitum
3198 532 3276 587 sit
3312 537 3503 587 mente
3548 532 3724 589 ﬁdeli.
3786 535 3847 591 Si

2198 620 2351 675 enim
2385 620 2616 675 trinitas
2648 626 2704 675 et
2741 621 2935 676 unitas
2965 621 3161 675 divina
3189 629 3277 676 est
3309 621 3625 691 adoranda,
3658 623 3847 681 crucis

2198 714 2393 764 autem
2428 710 2661 781 signum
2694 710 2974 765 trinitatis
3005 716 3061 764 et
3106 710 3347 765 unitatis
3378 710 3585 765 divina}
3616 718 3849 769 constat

2198 798 2520 870 speculum.
2550 801 2748 855 Crucis
2765 816 2901 871 ergo
2933 800 3166 871 signum
3202 817 3304 871 pro
3330 800 3606 856 trinitatis
3627 806 3685 856 et
3716 803 3846 857 uni-

2195 888 2333 942 tatis
2366 888 2573 942 divinaz
2619 888 2855 960 speculo
2900 893 2988 943 cst
3037 889 3424 956 adorandum,
3475 906 3542 945 ea
3578 890 3846 947 videlicet

2192 977 2505 1032 locutionis
2536 979 2726 1047 specie
2752 977 2887 1047 quia
2919 994 3018 1048 per
3048 977 3105 1031 id
3130 978 3285 1048 quod
3312 978 3657 1045 continet,id
3691 981 3845 1051 quod

2195 1067 2546 1131 continetur,
2581 1065 3004 1137 signiﬁcamus.
3041 1066 3184 1120 Nam
3231 1067 3382 1121 sicut
3409 1066 3468 1121 in
3500 1066 3690 1138 altari,
3726 1086 3841 1126 non

2190 1157 2381 1227 ipsam
2414 1156 2614 1210 altaris
2645 1160 3022 1223 structuram,
3058 1156 3159 1210 sed
3192 1162 3525 1213 sanctorum
3560 1158 3839 1230 reliquias

2195 1246 2253 1299 in
2286 1262 2351 1300 eo
2373 1244 2676 1315 repositas,
2710 1249 2765 1299 et
2796 1245 2948 1316 quod
2979 1246 3172 1316 majus
3200 1250 3309 1311 est,
3356 1263 3457 1317 per
3486 1247 3719 1303 easdem
3752 1263 3843 1303 re-

2193 1334 2428 1406 liquias,
2449 1334 2679 1389 illorum
2712 1334 2953 1389 virtutes
2986 1334 3201 1404 quibus
3230 1338 3362 1389 ante
3391 1340 3570 1390 Deum
3602 1337 3846 1392 credun-

2193 1429 2290 1479 tur
2317 1424 2505 1480 vivere
2552 1440 2900 1480 veneramur
2946 1428 3001 1480 et
3053 1424 3386 1490 adoramus,
3434 1425 3514 1479 ita
3555 1426 3729 1481 etiam
3781 1426 3842 1483 in

2192 1518 2394 1569 sancta
2425 1530 2615 1579 cruce,
2649 1530 2763 1569 non
2809 1514 3237 1585 qualiscunque
3274 1514 3402 1584 ejus
3434 1513 3682 1571 visibilis
3714 1531 3839 1570 ma-

2192 1603 2358 1669 teria,
2384 1604 2483 1658 sed
2520 1602 2829 1659 invisibilis
2862 1602 2962 1658 Dei
2991 1603 3195 1670 virtus,
3220 1620 3345 1674 quae
3376 1620 3479 1675 per
3509 1604 3840 1675 passionem

2192 1692 2421 1749 Domini
2456 1692 2637 1747 nostri
2668 1693 2807 1747 Jesu
2848 1691 3062 1747 Christi
3104 1690 3353 1762 refulsit,
3393 1708 3638 1764 quaque
3667 1693 3745 1748 ibi
3778 1693 3837 1751 in

2192 1786 2403 1837 sancta:
2434 1782 2741 1837 Trinitatis
2769 1785 2824 1837 et
2854 1780 3099 1836 unitatis
3131 1782 3323 1853 specie
3353 1782 3477 1853 jam
3520 1782 3676 1838 dicta
3706 1799 3840 1839 con-

2190 1872 2365 1938 sistit,
2401 1887 2632 1943 semper
2662 1876 2751 1926 est
2784 1872 3107 1927 veneranda
3137 1875 3194 1926 et
3238 1871 3555 1927 adoranda.

2268 1963 2369 2016 Est
2397 1965 2453 2016 et
2484 1962 2643 2016 aliud
2675 1961 3017 2032 mysterium
3059 1961 3117 2014 in
3167 1965 3381 2016 sanctae
3426 1962 3615 2017 crucis
3673 1961 3841 2034 signo

2188 2067 2528 2123 expressum
2554 2052 2707 2122 quod
2731 2050 3107 2123 postmodum
3127 2051 3196 2105 de
3214 2067 3455 2106 numero
3469 2051 3840 2122 quaternario

2186 2138 2492 2195 locuturus
2545 2140 2854 2210 proferam.
2906 2138 3106 2193 Adhuc
3152 2140 3420 2209 quaedam
3474 2138 3711 2195 subtilia
3765 2140 3838 2195 de

2188 2231 2390 2281 sancta
2422 2226 2701 2282 Trinitate
2757 2226 2876 2282 scio
2913 2226 3157 2281 dicenda
3214 2228 3491 2299 mysteria
3522 2245 3533 2281 :
3568 2229 3667 2283 sed
3699 2229 3839 2299 quia

2186 2315 2349 2371 nulla
2379 2316 2602 2371 ratione
2632 2332 2892 2387 congrua
2913 2317 3035 2371 haec
3062 2332 3326 2387 promere
3344 2316 3532 2383 valeo,
3560 2317 3688 2373 ideo
3709 2318 3838 2389 ipsa

2186 2406 2419 2477 penitus
2453 2395 2975 2476 praetermitterem
3003 2404 3199 2477 aliqua
3228 2406 3299 2461 de
3330 2406 3574 2478 mystico
3605 2407 3837 2463 numeri

2185 2494 2466 2566 qualitate
2491 2496 2616 2565 jam
2650 2494 2840 2550 dicere
2867 2498 3016 2563 volo,
3061 2495 3346 2566 incipiens
3378 2512 3413 2552 a
3440 2496 3691 2553 binario.

2719 2656 2948 2712 CAPUT
3001 2656 3145 2712 XXX
3154 2657 3262 2713 VX.

2183 2769 2263 2820 De
2289 2764 2517 2835 mystico
2548 2767 2771 2819 numeri
2801 2765 3028 2832 binarii,
3080 2766 3344 2831 teman'z',
3396 2765 3755 2837 quaternarii
3783 2770 3837 2822 et

2702 2838 2955 2906 quinariz’
2980 2837 3325 2907 signiﬁcatu.

2255 2980 2358 3034 llic
2390 2980 2545 3035 enim
2578 2984 2795 3052 quanto
2846 2978 3089 3035 vicinior
3135 2983 3223 3034 est
3269 2978 3497 3048 unitati,
3532 2982 3690 3036 tanto
3722 2980 3839 3052 ple-

2185 3069 2312 3124 nior
2333 3072 2420 3125 est
2443 3068 2655 3124 virtute
2678 3068 3278 3141 mysteriiSigniﬁcat
3300 3084 3554 3140 namque
3578 3085 3835 3142 congrue

425 3157 779 3246 eminentem
800 3184 1119 3255 incongrue
1148 3179 1469 3235 discernas.
1504 3176 1689 3242 Quod,
1722 3178 1787 3229 ut
1818 3190 1965 3241 reor,
1990 3173 2071 3228 ita
2101 3192 2143 3260 ρ
2183 3159 2459 3260 γξτίυξθῐξὶ
2680 3176 2797 3230 qua
2827 3158 2942 3257 De."
2976 3157 3226 3260 Πξθῖίξῐξιεῖ
3267 3158 3833 3260 θρρτοξήηῗῖυθωυῗι

421 3278 595 3334 debet
623 3273 896 3331 discerni.

495 3366 641 3431 Quia
664 3364 820 3420 enim
852 3359 1095 3433 aequalis
1126 3357 1379 3413 dualitas
1409 3356 1468 3410 in
1501 3358 1663 3427 patre
1691 3358 1749 3410 et
1775 3353 2073 3424 Filio,uni-

416 3461 508 3513 tas
538 3471 672 3511 vero
704 3453 765 3508 in
814 3449 1033 3523 Spiritu
1066 3452 1267 3504 sancto
1323 3443 1720 3516 intelligenda,
1753 3447 1859 3508 est,
1892 3442 2068 3498 ascri-

416 3546 621 3602 benda:
654 3542 891 3615 quidem
924 3542 1065 3596 sunt
1092 3538 1376 3607 duae,quaa
1397 3532 1699 3604 aequaliter
1719 3534 2068 3599 consistunt,

426 3634 687 3690 unitates
708 3629 862 3686 Patri
884 3634 940 3685 et
960 3627 1132 3693 Filio;
1158 3625 1331 3680 tertia
1348 3626 1545 3677 autem
1571 3621 1625 3675 in
1652 3622 1842 3676 medio
1868 3637 2070 3676 earum

438 3724 691 3794 desuper
719 3718 910 3792 posita
940 3720 995 3771 et
1012 3713 1171 3769 velut
1200 3714 1270 3767 ab
1303 3715 1549 3781 utroque
1567 3709 1701 3778 [cod.
1726 3711 1888 3765 Cruc.
1918 3714 2073 3766 utra-

432 3809 567 3884 que]
598 3807 939 3882 procedens,
972 3799 1214 3874 Spiritui
1245 3802 1465 3854 sancto.

497 3895 844 3971 Hujusmodi
877 3893 1056 3966 igitur
1086 3888 1373 3955 ratio,nisi
1405 3886 1869 3953 fallor,convenit
1888 3885 2070 3941 trian-

438 3989 558 4062 guli
593 3984 956 4059 mysterio,in
989 3997 1101 4053 quo
1132 3978 1308 4035 etiam
1340 3993 1467 4032 reor
1496 3976 1637 4032 satis
1667 3975 1879 4032 instrui
1903 3992 2073 4047 posse

424 4079 497 4133 de
527 4079 743 4133 sanctae
772 4070 1075 4128 Trinitatis
1105 4068 1241 4123 ﬁdei
1298 4082 1499 4122 omnes
1558 4064 1777 4121 ﬁdeles.
1831 4065 2067 4135 Deinde,

425 4166 565 4238 quia
596 4166 656 4221 in
683 4162 966 4219 Trinitate
995 4159 1189 4215 unitas
1231 4161 1289 4213 et
1316 4156 1664 4222 veneranda,
1698 4155 1913 4221 unitas,
1945 4171 2069 4225 qum

418 4255 666 4311 inferius
697 4252 887 4326 posita
916 4254 1117 4314 restat,
1150 4246 1496 4303 ascribenda
1519 4250 1606 4300 est
1634 4244 1915 4299 trinitatis
1947 4243 2071 4300 uni—

421 4346 550 4417 tati,
581 4344 781 4415 sicque
813 4342 880 4396 ﬁt
910 4344 973 4395 ut
1003 4356 1070 4395 ex
1100 4336 1361 4393 trinitate
1396 4338 1452 4390 et
1482 4334 1700 4389 unitate
1734 4333 1978 4388 invicem
2009 4350 2071 4389 se

421 4432 723 4506 aequaliter
758 4429 1152 4502 conspiciente
1181 4430 1237 4481 et
1268 4424 1559 4480 mediante
1590 4423 1824 4495 signum
1858 4427 2069 4478 sanctas

416 4524 608 4579 crucis
639 4521 947 4585 efﬁciatur,
1003 4522 1068 4572 ut
1098 4516 1219 4570 haec
1250 4514 1480 4586 ﬁugura
1511 4528 1891 4583 personarum
1924 4529 2060 4583 pro-

413 4612 765 4687 proprietate
795 4609 1071 4666 distincta
1100 4606 1267 4661 docet
1300 4621 1312 4657 :

999 4776 1123 4855 "<39.
1365 4759 1428 4825 (ξφ,

950 4841 1061 4933 ρδθν
1457 4841 1561 4948 φιλο

850 4978 919 5034 (δ’
1220 5026 1258 5052 ω
1527 4937 1647 5029 vos

713 5068 826 5160 οδιῦᾳ
1202 5059 1257 5160 ἓ
1653 5045 1782 5160 ὡοα

621 5220 709 5277 ‘3‘
1366 5238 1375 5247 '
1824 5220 1915 5287 Ὃθ

634 5387 672 5442 1
751 5382 937 5440 Patris
1011 5370 1421 5463 aequaglitas
1497 5379 1553 5431 et
1629 5374 1756 5431 Filii
1832 5377 1869 5431 1

1209 5472 1245 5486 ..ι

1189 5494 1245 5579 Ξ

1200 5654 1238 5711 1

2181 3248 2237 3303 id
2272 3251 2360 3304 est
2388 3247 2732 3303 charitatem
2767 3264 2779 3301 :
2816 3247 2952 3319 quia
2980 3247 3132 3303 sicut
3162 3246 3425 3302 binarius
3445 3248 3673 3303 duabus
3704 3247 3835 3302 uni-

2177 3338 2418 3406 tatibus,
2452 3337 2535 3392 ita
2556 3341 2612 3392 et
2643 3337 2896 3392 charitas
2927 3337 3065 3391 bina
3114 3335 3421 3391 dilectione
3468 3335 3567 3391 Dei
3608 3336 3833 3394 scilicet

2179 3431 2236 3482 et
2264 3425 2512 3498 proximi
2546 3425 2835 3481 consistit.
2872 3424 3173 3492 Przeterea,
3208 3424 3360 3480 sicut
3380 3424 3534 3481 idem
3565 3425 3831 3482 binarius

2181 3516 2413 3571 numeri
2431 3518 2521 3571 est
2545 3513 2725 3587 origo,
2750 3514 2831 3569 ita
2860 3513 3036 3569 etiam
3061 3514 3323 3589 omnium
3353 3513 3640 3568 virtutum
3669 3514 3835 3570 radix

2181 3609 2407 3660 constat
2448 3604 2724 3674 Charitas,
2759 3607 2823 3657 ut
2856 3602 3111 3674 plurima
3143 3620 3318 3657 sacrm
3352 3603 3665 3674 Scriptum
3697 3621 3833 3676 pro-

2181 3694 2323 3749 bant
2354 3692 2711 3762 testimonia,
2762 3709 2830 3747 ex
2872 3690 3087 3764 quibus
3138 3709 3324 3747 unum
3355 3692 3539 3747 sancti
3573 3692 3836 3765 Gregorii

2182 3783 2470 3854 proferam
2504 3800 2516 3837 :
2582 3783 2649 3838 Ut
2680 3781 2837 3836 enim
2872 3780 3041 3835 multi
3074 3781 3298 3837 arboris
3330 3781 3475 3836 rami
3509 3798 3579 3836 ex
3606 3798 3723 3836 una
3752 3798 3840 3837 ra-

2181 3871 2305 3925 dice
2340 3870 2650 3942 prodeunt,
2686 3870 2768 3924 sic
2806 3869 3005 3925 multae
3035 3870 3278 3925 virtutes
3309 3886 3377 3924 ex
3406 3887 3525 3925 una
3555 3869 3837 3926 charitate

2180 3963 2552 4031 generantur,

2251 4052 2448 4104 Potest
2477 4049 2652 4103 etiam
2686 4048 2744 4102 in
2775 4048 2977 4103 eodem
3009 4048 3235 4103 binario
3258 4048 3482 4119 primus
3511 4048 3831 4121 signiﬁcari

2180 4138 2376 4193 homo.
2409 4138 2571 4193 Sicut
2604 4137 2758 4193 enim
2804 4154 2873 4193 ex
2927 4137 3153 4193 binario
3186 4154 3387 4193 omnes
3420 4137 3690 4193 oriuntur
3720 4155 3832 4193 nu-

2181 4226 2347 4297 meri,
2382 4227 2463 4282 ita
2494 4232 2549 4282 et
2579 4244 2646 4283 ex
2695 4228 2882 4299 primo
2915 4226 3153 4283 homine
3200 4243 3404 4282 omnes
3454 4228 3635 4283 exorti
3689 4231 3833 4283 sunt

2180 4315 2469 4371 homines.
2494 4316 2603 4371 Sed
2635 4315 2684 4372 si
2707 4314 2881 4371 alicui
2906 4316 3225 4389 incongrua
3254 4316 3399 4370 forte
3423 4316 3687 4371 videatur
3706 4315 3830 4371 haec

2180 4405 2599 4477 sententia,pro
2622 4421 2687 4460 eo
2724 4403 2945 4460 scilicet
2965 4405 3119 4475 quod
3152 4405 3381 4476 primus
3417 4404 3591 4460 homo
3625 4405 3696 4459 ad
3727 4404 3833 4460 Dei

2181 4493 2629 4549 similitudinem
2687 4493 2746 4547 in
2795 4492 3052 4548 trinitate
3109 4497 3165 4547 et
3204 4494 3426 4549 unitate
3483 4493 3831 4550 existentem

2092 4566 2141 4631 D
2172 4588 2402 4639 creatus
2432 4588 2541 4649 est,
2570 4600 2747 4655 quam
2777 4581 3039 4637 binarius
3072 4581 3231 4636 nullo
3266 4582 3435 4638 modo
3469 4582 3694 4654 recipit,
3736 4584 3834 4636 at-

2168 4673 2373 4729 tendat
2398 4673 2690 4744 quomodo
2722 4672 2948 4744 primus
2974 4670 3495 4743 homo,postquam
3515 4672 3589 4726 ad
3620 4669 3833 4727 simili-

2171 4762 2435 4817 tudinem
2468 4762 2587 4830 Dei,
2641 4761 2697 4815 id
2748 4765 2836 4816 est
2884 4761 2953 4816 ad
2986 4760 3335 4815 Trinitatem
3367 4760 3556 4815 factus
3586 4764 3691 4827 est,
3726 4776 3832 4831 per

2170 4850 2578 4906 inobedientiae
2630 4849 2863 4922 culpam
2912 4849 3165 4921 perdidit
3204 4849 3469 4920 ejusdem
3522 4848 3828 4904 Trinitatis

2172 4939 2420 5011 ﬁguram
2455 4943 2510 4995 et
2550 4939 2814 4995 substitit
2844 4939 2981 5010 [c0d.
3018 4940 3173 4993 Cruc.
3209 4938 3501 5009 subsistit]
3548 4938 3605 4992 in
3633 4936 3827 4992 duali-

2169 5032 2306 5096 tate,
2332 5045 2462 5100 quae
2486 5037 2575 5084 est
2604 5028 2663 5083 in
2696 5028 2960 5100 personis
2993 5029 3200 5083 animm
3233 5030 3289 5082 et
3318 5027 3578 5099 corporis
3604 5044 3617 5094 ;
3651 5024 3828 5081 tertia

2168 5134 2439 5189 persona,
2474 5118 2531 5171 id
2563 5122 2653 5172 est
2687 5118 2928 5185 unitate,
2983 5134 3098 5188 qua
3126 5117 3241 5172 Deo
3300 5116 3546 5172 adunari
3587 5119 3643 5171 et
3673 5116 3823 5172 assi-

2170 5206 2362 5261 milari
2394 5206 2797 5276 deberet,jam
2830 5205 3077 5277 perdita.

2236 5296 2297 5349 Si
2327 5295 2461 5365 quis
2490 5311 2624 5350 vero
2657 5293 3063 5351 similitudinis
3103 5295 3307 5350 divinae
3342 5294 3594 5367 speciem
3626 5294 3684 5348 in
3717 5310 3827 5365 pa-

2166 5388 2327 5440 rente
2349 5384 2536 5456 primo
2550 5402 2652 5457 per
2673 5385 2861 5456 ipsius
2874 5383 3105 5457 culpam
3129 5389 3299 5456 neget
3313 5401 3437 5440 esse
3459 5388 3826 5455 corruptam,

2165 5476 2321 5545 legat
2370 5477 2639 5529 sanctum
2673 5474 3015 5545 Gregorium
3062 5474 3121 5529 in
3165 5473 3407 5529 homilia
3455 5473 3708 5545 quadam
3740 5474 3827 5531 ita

2167 5564 2454 5619 dicentem
2506 5582 2516 5618 :
2570 5564 2713 5630 Quia
2765 5563 2956 5636 imago
2998 5563 3343 5635 exprimitur
3386 5562 3443 5617 in
3494 5562 3824 5633 drachma;

2170 5650 2381 5708 mulier
2411 5652 2751 5709 drachmam
2782 5654 3035 5726 perdidit
3064 5653 3296 5726 quando
3327 5651 3522 5721 homo,
3554 5652 3651 5724 qui
3684 5660 3826 5721 con-
