4118 6188
277 408 391 472 113

1253 405 1570 470 ΙΙΑΕΟϐ.
1611 405 1713 468 DE
1757 405 2044 471 TRIBUS
2088 405 2712 479 QUIESTIONIBUS.

3579 403 3694 466 114

275 543 434 600 ditus
465 541 538 598 ad
578 539 902 613 imaginem
933 538 1032 595 Dei
1085 539 1295 606 fuerat,
1327 543 1619 613 peccando
1650 541 1926 598 similitu-
1956 548 2011 613 Α
2041 543 2243 599 eodem
2275 543 2546 615 quinario
2596 559 2839 600 numero
2872 543 3447 617 comprehenduntur
3474 541 3687 616 (Matth.

275 633 408 688 dine
438 628 776 686 Conditoris
807 629 897 684 sui
931 629 1191 684 recessit.

347 728 424 778 De
453 719 697 776 ternarii
728 735 862 774 vero
890 719 1188 791 mysterio,
1225 737 1326 792 pro
1357 737 1422 776 eo
1454 723 1610 792 quod
1642 722 1700 776 in
1734 739 1795 778 se
1818 727 1932 777 tres

273 811 532 868 unitates
561 809 797 872 habeat,
830 823 1112 879 magnum
1163 810 1457 880 quoddam
1489 811 1694 867 sentio.
1731 817 1930 884 Ipsum

273 916 538 972 namque
567 897 883 954 Dominum
933 903 990 952 et
1037 897 1387 954 Salvatorem
1420 905 1685 957 nostrum
1735 903 1792 956 in
1825 903 1933 958 hoc

274 989 526 1062 exprimi
558 988 752 1054 credo,
785 987 944 1058 quia,
982 986 1134 1042 sicut
1185 987 1281 1043 ille
1310 989 1370 1043 in
1421 990 1650 1046 duabus
1681 992 1929 1060 naturis,

271 1082 370 1137 Dei
401 1077 676 1134 videlicet
707 1079 764 1132 et
793 1074 1068 1145 hominis,
1102 1080 1278 1148 atque
1307 1077 1366 1132 in
1400 1095 1519 1133 una
1547 1095 1817 1149 persona,
1851 1079 1931 1135 ita

272 1175 330 1227 et
374 1167 676 1225 ternarius
730 1166 790 1220 in
822 1166 1054 1222 duabus
1102 1166 1388 1238 partibus,
1422 1167 1646 1223 homini
1695 1169 1930 1240 Deoque

275 1259 425 1317 satis
470 1255 897 1320 convientibus,
939 1260 996 1309 et
1041 1255 1101 1310 in
1155 1256 1325 1310 unias
1373 1257 1601 1312 numeri
1646 1258 1928 1314 vocabulo

278 1346 570 1412 consistit,
599 1345 871 1400 Binarius
892 1344 1050 1400 enim
1083 1349 1139 1400 et
1168 1345 1363 1401 unitas
1385 1347 1512 1417 ejus
1544 1351 1682 1401 sunt
1709 1351 1924 1418 partes,

281 1453 535 1511 quarum
565 1435 799 1507 quidem
829 1433 1096 1490 binarius
1127 1434 1374 1504 homini,
1415 1435 1612 1490 unitas
1639 1451 1772 1492 vero
1805 1435 1926 1490 dei-

283 1528 389 1585 tati
422 1525 754 1583 omnimodo
777 1523 1063 1579 convenit.
1080 1524 1190 1578 Sed
1212 1528 1269 1579 et
1293 1524 1402 1579 hoc
1424 1541 1553 1580 non
1571 1525 1768 1580 minus
1795 1541 1928 1580 con-

277 1617 472 1690 gruit:
497 1614 657 1686 quia,
675 1613 830 1668 sicut
859 1613 1089 1684 primus
1109 1614 1298 1668 Adam
1327 1615 1926 1682 terrenus,secundus

275 1711 473 1762 autem
504 1703 758 1760 caelestis
788 1702 1024 1770 dicitur,
1058 1703 1142 1758 ita
1170 1707 1225 1758 et
1273 1703 1561 1768 binarius,
1594 1719 1766 1774 quem
1800 1704 1922 1775 pri-

275 1811 439 1851 mum
487 1793 812 1861 hominem,
857 1793 1052 1864 ipsum
1101 1791 1324 1847 scilicet
1370 1792 1554 1846 Adam
1605 1792 1924 1864 significari

274 1901 451 1956 supra
481 1881 759 1952 diximus,
793 1881 952 1954 prior
973 1886 1064 1937 est
1090 1880 1345 1936 ternario
1376 1882 1701 1936 secundum
1732 1881 1920 1937 Adam
1955 1923 2002 1989 Β

274 1972 663 2046 signiﬁcante.

341 2061 560 2118 Omnes
591 2060 773 2116 etiam
804 2057 1017 2114 Christi
1063 2059 1311 2130 vestigia
1339 2064 1654 2132 sequentes
1685 2059 1924 2115 ternarii

273 2151 527 2224 speciem
559 2149 818 2220 recipere
861 2151 1181 2219 merentur,
1215 2148 1316 2218 qui
1365 2149 1531 2220 prius
1555 2148 1712 2205 vitiis
1743 2149 1924 2205 dediti

274 2239 499 2297 binario
533 2239 773 2294 fuerunt
818 2236 1152 2293 assimilati.
1184 2238 1270 2292 Ad
1301 2254 1480 2309 quam
1531 2239 1811 2293 nimirum
1843 2254 1927 2292 re-

274 2328 602 2401 eeptionem
639 2330 697 2382 et
743 2325 1204 2393 conversionem,
1239 2325 1318 2381 ita
1346 2326 1449 2382 Dei
1478 2331 1536 2382 et
1567 2326 1799 2382 Domini
1829 2344 1925 2382 no-

275 2417 389 2474 stri
416 2417 556 2472 Jesu
587 2414 801 2472 Christi
845 2415 1095 2487 gratiam
1145 2415 1472 2487 proximam
1503 2415 1741 2484 habent,
1774 2417 1927 2473 sicut

275 2506 484 2562 unitas
513 2509 564 2560 et
591 2505 884 2560 ternarias
934 2503 1228 2560 binarium
1273 2504 1706 2561 circumdantes
1735 2505 1925 2561 eidem

276 2595 528 2669 proximi
557 2598 978 2667 agnoscuntur.
1123 2595 1126 2598 ’

348 2686 408 2740 Si
442 2685 575 2756 quis
603 2701 738 2739 vero
763 2683 1069 2739 subtiliora
1089 2681 1289 2736 rimari
1319 2680 1530 2738 solitus
1558 2683 1715 2754 velit,
1740 2684 1926 2739 ethoc

269 2776 330 2830 in
365 2773 608 2829 ternarii
633 2773 931 2845 mysterio.
943 2770 1247 2842 exquirere
1269 2772 1422 2842 quod
1441 2771 1712 2828 Christus
1729 2773 1926 2839 Jesus,

273 2881 391 2920 non
425 2867 493 2918 ut
523 2861 712 2918 caeteri
741 2860 1009 2917 homines
1037 2877 1106 2916 ex
1136 2860 1430 2932 conjugio,
1463 2861 1565 2915 sed
1597 2878 1664 2916 ex
1692 2862 1927 2931 Virgine

270 2952 466 3010 sancti
491 2951 746 3025 Spiritus
779 2950 991 3006 virtute
1013 2949 1399 3022 impresgnata
1429 2950 1661 3021 genitus
1691 2951 1788 3016 sit,
1813 2950 1925 3024 lia-

267 3042 368 3097 bet
400 3041 461 3096 in
497 3040 748 3096 ternario
772 3038 1116 3111 quaestionis
1138 3042 1673 3109 campum.Currat,
1709 3038 1759 3094 si
1792 3055 1926 3110 pos-

271 3131 348 3187 sit
379 3129 608 3187 solvere
649 3129 1039 3200 propositum.
1090 3130 1206 3199 Ego
1235 3126 1413 3193 enim,
1442 3126 1673 3182 etiamsi
1705 3126 1925 3198 aliquid

271 3235 342 3276 ex
391 3219 506 3275 hoc
555 3219 825 3289 sentiam,
861 3221 1079 3282 tamen,
1113 3220 1178 3270 ut
1207 3215 1338 3271 aliis
1395 3219 1570 3271 tantis
1619 3216 1928 3272 solutionis

265 3308 646 3380 triumphum
676 3306 1027 3377 relinquam,
1061 3304 1196 3360 hinc
1229 3304 1312 3360 nil
1341 3305 1530 3360 dicere
1560 3304 1710 3361 volo.

339 3403 456 3454 Per
483 3397 758 3454 eumdem
791 3412 1022 3468 quoque
1045 3395 1367 3450 ternarium
1400 3399 1649 3466 possunt
1678 3394 1926 3466 intelligi

261 3487 384 3542 illa
416 3491 544 3547 tres
561 3485 859 3558 praecipua
889 3483 1345 3555 necessariaeque
1362 3483 1637 3553 omnibus
1657 3483 1926 3538 Christia-

263 3577 369 3633 nis
403 3576 675 3642 virtutes,
699 3589 842 3644 quas
872 3570 1186 3644 Apostolus
1218 3574 1661 3637 commemorat,
1686 3570 1882 3625 dicens
1908 3588 1920 3626 :

261 3668 428 3723 Nunc
473 3672 663 3718 autem
714 3669 953 3728 manent,
984 3661 1135 3732 ﬁdes,
1165 3677 1306 3732 spes,
1348 3659 1610 3726 charitas,
1644 3660 1757 3714 tria
1808 3658 1925 3716 hmo

264 3755 312 3826 (1
337 3754 466 3810 Cor.
502 3756 650 3821 xm).

344 3841 772 3908 Quaternarius
818 3840 1026 3896 deinde
1065 3838 1366 3911 proximus
1396 3838 1542 3894 satis
1586 3853 1800 3909 magno
1832 3853 1925 3892 re-

270 3931 455 4004 fulget
495 3929 794 4004 mysterio,
827 3928 966 4000 quia
1014 3927 1436 4000 quadrifariam
1488 3931 1703 3982 sanctae
1733 3926 1924 3981 crucis

269 4021 523 4094 ﬁguram
552 4018 848 4091 exprimit.
885 4019 948 4072 In
1000 4017 1343 4072 summitate
1391 4015 1606 4087 quippe
1657 4014 1923 4085 ejusdem

268 4114 459 4166 crucis
489 4115 546 4164 et
576 4110 635 4163 in
669 4107 820 4177 basi,
853 4123 958 4162 nec
989 4123 1103 4162 non
1135 4105 1194 4161 in
1226 4104 1476 4176 geminis
1507 4102 1765 4159 brachiis
1788 4119 1926 4174 qua-

270 4198 566 4255 ternarius
600 4213 888 4252 numerus
912 4195 1224 4251 invenitur.
1257 4194 1386 4248 Haec
1412 4191 1650 4264 quidem
1686 4192 1769 4246 ita
1797 4207 1925 4247 esse

272 4288 402 4359 ipso
419 4287 546 4343 visu
569 4284 857 4358 corporali
881 4289 1130 4358 possunt
1153 4282 1402 4354 probari.
1429 4282 1562 4346 Sed,
1587 4282 1634 4336 si
1658 4281 1926 4352 spiritua-

269 4375 414 4432 liter
443 4375 647 4431 altiora
684 4379 990 4447 penetrare
1019 4372 1287 4440 velimus,
1322 4370 1646 4425 maximum
1678 4369 1736 4424 in
1768 4371 1922 4441 ejus-

272 4466 408 4522 dem
431 4469 646 4520 sanctaz
663 4463 856 4520 crucis
888 4461 1248 4534 quadrifaria
1277 4459 1466 4532 ﬁgura
1486 4462 1923 4514 sacramentum

269 4555 652 4626 reperiemus,
679 4551 836 4624 quod
868 4550 1088 4606 scilicet
1118 4555 1174 4605 et
1193 4548 1463 4620 superius
1488 4547 1582 4602 hic
1609 4547 1922 4602 dicendum

2041 636 2170 704 xxv)
2197 651 2210 700 ;
2243 649 2348 705 ego
2377 638 2594 698 tamen,
2623 632 2763 703 quia
2791 649 3024 688 omnem
3056 650 3369 690 numerum
3401 633 3553 689 infra
3584 635 3685 690 de-

2043 723 2275 778 narium
2335 722 2591 793 positum
2639 722 2832 793 aliqua
2862 722 3130 793 specialis
3179 723 3437 796 mysterii
3468 722 3692 780 virtute

2042 812 2388 885 insignitum
2421 813 2612 882 credo,
2645 811 2803 866 hunc
2833 811 3007 867 etiam
3036 811 3258 884 aliquid
3293 813 3426 868 boni
3458 813 3681 885 specia-

2041 901 2172 958 liter
2199 901 2522 972 exprimere
2553 901 2798 955 a-‘sstimo.
2822 901 2991 966 Nam,
3025 900 3164 972 quia
3191 900 3345 957 idem
3376 901 3682 974 quinarius

2040 990 2285 1046 dimidia
2314 1007 2449 1062 pars
2472 994 2560 1045 est
2589 989 2809 1044 denarii
2829 989 3143 1062 omnigena
3163 990 3516 1062 perfectione
3541 1008 3686 1063 prse-

2039 1078 2197 1145 clari,
2222 1083 2278 1134 et
2303 1095 2474 1135 omne
2504 1078 2818 1134 dimidium
2850 1077 3224 1150 divisumque
3253 1078 3313 1134 in
3336 1095 3397 1135 se
3416 1078 3544 1152 ipso
3573 1080 3682 1136 im-

2039 1167 2359 1240 perfectum
2381 1167 2670 1234 consistit,
2697 1171 2887 1239 potest
2916 1161 3325 1225 convenienter
3350 1167 3542 1240 ipsam
3570 1168 3682 1224 im-

2036 1256 2407 1328 perfectionis
2437 1256 2801 1329 qualitatem,
2827 1274 2954 1329 quae
2985 1257 3045 1314 in
3075 1257 3304 1314 cunctis
3333 1256 3682 1315 mortalibus

2037 1347 2360 1417 quantavis-
2402 1346 2711 1402 sanctitate
2767 1346 3024 1419 praeditis
3073 1347 3390 1416 invenitur,
3448 1346 3682 1419 signiﬁ-

2035 1451 2183 1490 081‘6.

2105 1524 2165 1579 Si
2196 1525 2288 1579 cui
2321 1525 2544 1580 dictum
2577 1525 2686 1580 hoc
2738 1524 2982 1597 placeat,
3018 1542 3249 1582 mecum
3303 1526 3552 1594 sentiat;
3585 1525 3682 1582 cui

2032 1629 2164 1670 vero
2211 1612 2501 1685 displicet,
2536 1614 2691 1669 dicat
2733 1613 2966 1683 melius,
2999 1618 3060 1670 ut
3092 1620 3150 1670 et
3173 1613 3304 1686 thoc
3347 1615 3678 1672 credamus.

2033 1702 2152 1774 Ego
2183 1702 2440 1770 interim,
2475 1708 2539 1758 ut
2587 1703 2728 1769 dixi,
2762 1703 2933 1759 credo
2983 1704 3320 1776 quinarium
3373 1703 3535 1760 illam
3566 1705 3678 1760 im-

2032 1791 2467 1862 perfectionem,
2500 1807 2616 1862 qua
2647 1808 2817 1847 nemo
2862 1791 2922 1847 in
2955 1793 3064 1848 hac
3091 1793 3210 1848 vita
3239 1793 3468 1864 positus
3499 1796 3676 1861 caret,

2034 1880 2455 1953 designare.De
2484 1880 2594 1936 hac
2624 1897 2880 1952 namque
2899 1881 3337 1954 imperfectione
3366 1882 3681 1942 Psalmista

2034 1969 2174 2026 dicit
2207 1971 2638 2041 :Imperfectum
2686 1986 2869 2027 meum
2914 1971 3172 2028 viderunt
3216 1973 3365 2028 oculi
3390 1974 3478 2030 tui
3505 1973 3676 2045 (Psal.

2033 2060 2326 2130 cxxxvm),
2354 2058 2524 2131 quasi
2554 2059 2772 2115 diceret
2799 2075 2812 2114 :
2842 2064 2926 2127 tu,
2951 2060 3053 2132 qui
3082 2059 3245 2117 solus
3270 2061 3564 2134 perfectus
3594 2079 3679 2133 es,

2034 2147 2128 2205 his
2157 2147 2342 2202 oculis
2369 2148 2586 2219 quibus
2603 2149 2802 2204 omnia
2829 2149 3011 2215 vides,
3035 2150 3534 2222 imperfectionem
3569 2151 3683 2208 fra-

2034 2236 2436 2309 gilitatemque
2467 2253 2659 2292 meam
2691 2238 2943 2294 maxime
2971 2237 3306 2295 consideras
3331 2257 3346 2308 ;
3375 2239 3463 2295 vel
3495 2239 3681 2296 aliter:

2037 2329 2099 2380 tu
2131 2325 2232 2396 qui
2283 2325 2476 2381 omnia
2525 2326 2698 2394 nosti,
2731 2327 2849 2382 scis
2880 2327 3021 2398 quia
3064 2344 3259 2384 coram
3305 2332 3362 2384 te
3392 2329 3684 2401 perfectus

2036 2430 2164 2470 esse
2195 2430 2441 2485 nequeo.
2475 2415 2606 2470 Haec
2636 2415 2873 2486 quidem
2905 2418 2976 2472 de
3007 2416 3302 2488 quinario.

2673 2522 2901 2578 CAPUT
2937 2523 3047 2578 XL.

2035 2610 2178 2679 Quid
2206 2612 2434 2682 mystice
2481 2613 2705 2666 numeri
2729 2628 2782 2693 _a
2809 2613 3029 2752 ξῗῖνέανῖο
3073 2627 3245 2683 usque
3273 2613 3344 2668 ad
3387 2613 3684 2670 denarium

2688 2699 2836 2752 signi
2907 2700 2976 2738 en
3009 2725 3022 2738 .

2688 2699 3022 2752 signi/went.

2107 2772 2188 2826 De
2218 2770 2447 2826 senario
2479 2775 2672 2827 autem
2704 2771 2813 2826 hoc
2841 2773 3029 2828 sentio
3060 2773 3218 2844 quia,
3252 2790 3385 2830 cum
3417 2773 3495 2830 sit
3521 2774 3685 2832 solus

2037 2861 2190 2916 infra
2221 2859 2526 2916 denarium
2558 2860 2616 2914 in
2635 2859 2757 2916 suis
2775 2861 3042 2932 partibus
3059 2863 3348 2935 perfectus
3366 2864 3684 2936 omniaque

2037 2950 2192 3005 Deus
2224 2949 2281 3004 in
2313 2965 2414 3005 sex
2461 2949 2669 3006 diebus
2700 2949 3024 3021 perfecerit,
3057 2956 3394 3007 sanctorum
3449 2968 3684 3026 quoque

2038 3039 2452 3110 perfectionem
2483 3038 2789 3110 significet.
2815 3039 2925 3095 Sed
2949 3055 3021 3096 ne
3043 3040 3402 3096 contrarium
3421 3040 3686 3098 videatur

2037 3129 2192 3199 quod
2238 3127 2573 3199 quinarium
2623 3128 3148 3199 imperfectionem,
3202 3130 3501 3187 senarium
3549 3145 3684 3187 vero

2039 3216 2453 3288 perfectionem
2476 3221 2811 3273 sanctorum
2835 3218 3141 3290 designare
3171 3220 3394 3284 dicens,
3414 3219 3686 3291 imperfe-

1956 3289 1999 3357 C
2036 3310 2195 3361 ctum
2228 3305 2485 3360 simulet
2513 3307 2835 3377 perfectum
2867 3289 3057 3376 posui,
3081 3324 3230 3378 opus
3261 3312 3351 3363 est
3373 3289 3686 3378 explanare

2037 3395 2329 3466 quomodo
2351 3395 2539 3449 sancti
2563 3393 2807 3464 quilibet
2825 3394 2881 3448 in
2894 3394 3483 3465 hacvita,imperfecti
3505 3393 3682 3449 simul

2035 3487 2092 3538 et
2114 3482 2350 3553 perfecti
2381 3482 2516 3537 sint.
2534 3487 2668 3552 Ipsa
2691 3498 2902 3554 nempe
2931 3481 3158 3538 Veritas
3179 3498 3314 3538 cum
3343 3482 3404 3536 in
3428 3482 3686 3554 quodam

2035 3571 2330 3643 Evangelii
2364 3570 2488 3626 loco
2521 3570 2928 3626 universaliter
2950 3575 3209 3642 negaret,
3240 3570 3440 3626 dicens
3472 3588 3486 3627 :
3517 3570 3683 3627 Nemo

2037 3662 2230 3727 bon-us,
2263 3660 2376 3715 nisi
2402 3660 2548 3715 solus
2577 3660 2724 3729 ,Deus
2769 3659 2918 3730 (Luc.
2964 3659 3145 3730 xvm),
3190 3657 3331 3715 alibi
3360 3659 3685 3716 econtrario

2035 3751 2292 3821 aliquem
2338 3748 2637 3804 hominem
2686 3750 2904 3803 bonum
2947 3764 3076 3803 esse
3121 3752 3392 3816 testatur,
3435 3749 3683 3806 dicens:

2035 3841 2217 3895 Bonus
2246 3840 2406 3892 homo
2434 3838 2498 3893 de
2528 3839 2662 3893 bono
2693 3837 2969 3908 thesauro,
3001 3840 3108 3892 etc.
3142 3837 3351 3908 (Matth.
3377 3838 3502 3909 xu).

2110 3928 2255 3992 Quid
2278 3927 2460 3999 igitur
2475 3926 2583 3981 hac
2602 3928 2914 3982 verborum
2938 3927 3326 3998 repugnantia
3346 3927 3682 3996 edoeemur,

2037 4016 2149 4071 nisi
2195 4020 2260 4071 ut
2302 4015 2602 4071 hominem
2634 4015 3038 4087 imperfectum
3063 4015 3242 4070 simul
3273 4019 3332 4072 et
3358 4015 3684 4087 perfectum

2037 4122 2210 4178 posse
2242 4105 2366 4160 ﬁeri
2419 4104 2914 4159 fateamur?ideo
2963 4104 3204 4178 quidem
3252 4104 3685 4176 imperfectum,

2036 4195 2189 4266 quod
2217 4194 2333 4250 Deo
2355 4197 2726 4264 comparatus
2749 4192 3162 4265 perfectionem
3194 4192 3418 4248 nullam
3448 4193 3681 4262 habeat;

2035 4283 2166 4338 ideo
2199 4288 2396 4339 autem
2428 4282 2770 4354 perfectum,
2805 4282 2854 4338 si
2887 4280 3346 4354 imperfectionis
3376 4285 3434 4337 et
3463 4281 3684 4355 fragili-

2035 4372 2172 4427 tatis
2202 4389 2319 4427 suae
2352 4371 2743 4443 quantitatem
2760 4370 2984 4442 jugiter
3013 4371 3291 4426 attendat.
3327 4370 3476 4427 Hinc
3503 4371 3683 4428 etiam

2035 4460 2309 4516 Salomon
2340 4460 2515 4516 dicit:
2543 4460 2750 4530 Septies
2769 4459 2956 4530 justus
2974 4459 3117 4514 cadit
3145 4463 3198 4514 et
3225 4465 3471 4530 resurget
3501 4460 3684 4530 (Prov.

2033 4550 2208 4620 xxw).
2241 4553 2381 4604 Cum
2437 4564 2572 4620 ergo
2627 4548 2796 4620 longe
2825 4565 2859 4602 a
2907 4564 2968 4604 se
2999 4547 3329 4620 discrepare
3374 4548 3688 4604 videantur

270 4644 676 4716 promisimus.
730 4641 877 4697 Nam
925 4639 1240 4696 summitas
1272 4639 1400 4709 ejus
1452 4652 1729 4708 superna,
1763 4636 1923 4691 basis
1953 4655 2001 4721 Ι)
2028 4639 2226 4708 justus
2257 4643 2312 4693 et
2344 4637 2644 4705 cadens,id
2675 4641 2764 4692 est
2807 4636 3374 4708 peccans,quomodo
3402 4636 3561 4690 idem
3582 4631 3685 4707 qui

273 4733 834 4803 inferiora,utraque
863 4747 995 4786 vero
1020 4727 1257 4784 brachia
1286 4726 1468 4781 totius
1501 4725 1707 4780 mundi
1742 4724 1925 4780 ambi-

273 4826 393 4878 tum
422 4839 557 4878 eam
601 4820 898 4876 continere
951 4816 1304 4891 signiﬁcant.
1341 4815 1505 4870 Unde
1535 4814 1733 4869 nullus
1763 4814 1925 4869 locus

276 4926 308 4966 ιι
337 4910 557 4966 virtute
590 4914 808 4965 sancta:
830 4907 1022 4963 crucis
1050 4922 1270 4960 vacuus
1302 4921 1432 4960 esse
1462 4904 1787 4959 credendus
1817 4907 1924 4958 est.

343 5003 609 5056 Possunt
636 4997 809 5054 etiam
842 5012 947 5068 per
975 4996 1248 5052 eumdem
1301 4993 1744 5065 quaternarium
1791 5009 1929 5064 qua-

277 5092 408 5144 tuor
453 5087 791 5160 Evangelia,
834 5102 939 5162 nee
987 5102 1102 5140 non
1152 5087 1404 5154 quatuor
1449 5082 1719 5147 virtutes,
1752 5080 1807 5135 id
1840 5084 1929 5136 est

267 5179 526 5251 justitia,
556 5176 890 5251 prudentia,
922 5172 1328 5245 temperantia,
1360 5170 1642 5226 fortitudo
1673 5185 1928 5254 congrue

274 5267 598 5341 designari.

343 5357 663 5424 Quinarius
691 5354 828 5412 licet
869 5353 929 5408 in
973 5351 1267 5426 geminam
1316 5348 1803 5423 significationem
1835 5364 1925 5403 re-

273 5448 596 5519 proborum
629 5444 856 5501 scilicet
885 5446 941 5499 et
968 5441 1284 5498 electorum
1315 5439 1466 5496 ﬂecti
1499 5438 1702 5510 possit,
1729 5437 1817 5492 vel
1853 5437 1924 5492 ob

271 5535 388 5593 hoc
418 5537 558 5608 quia
587 5539 709 5591 tam
741 5531 899 5589 mala
951 5547 1128 5603 quam
1159 5529 1315 5585 bona
1362 5528 1622 5600 quinque
1651 5525 1926 5582 sensibus

270 5625 532 5698 corporis
559 5624 918 5694 efficiuntur,
946 5637 1050 5678 seu
1081 5637 1184 5693 pro
1209 5636 1275 5675 eo
1297 5618 1454 5691 quod
1486 5617 1657 5671 fatuae
1677 5615 1853 5670 simul
1871 5621 1929 5672 et

273 5717 596 5791 prudentes
609 5713 890 5787 virgines,
906 5711 1060 5769 sicut
1071 5707 1404 5781 evangelica
1421 5707 1598 5763 verba
1609 5708 1921 5774 testantur,

2035 4727 2250 4799 septies
2281 4732 2481 4798 peccat
2512 4726 2853 4798 perhibetur
2890 4726 3111 4795 justus,
3145 4722 3260 4779 nisi
3290 4723 3429 4795 quia
3457 4723 3568 4779 hoc
3596 4726 3687 4782 est

2036 4816 2453 4886 maximajusti
2471 4815 2881 4886 justitiasuam
2906 4811 3483 4884 injustitiamjugiter
3511 4813 3684 4869 corde

2037 4905 2217 4962 simul
2248 4911 2304 4960 et
2343 4921 2440 4960 ore
2472 4903 2714 4958 Domino
2762 4902 2946 4971 fateri,
2979 4907 3155 4974 atque
3185 4903 3416 4958 credere
3446 4919 3549 4974 per
3575 4902 3686 4958 hoc

2035 4995 2263 5051 veniam
2279 4997 2645 5065 peccatorum
2659 4991 2936 5064 consequi
2957 4992 2984 5046 ‘?
3003 4993 3169 5048 Unde
3185 4996 3243 5048 et
3257 4991 3570 5049 Psalmista
3583 4992 3683 5050 ait:

2021 5083 2348 5155 .Conﬁtebor
2392 5082 2681 5138 adversum
2709 5098 2795 5136 me
2815 5082 3099 5152 justitiam
3139 5097 3316 5136 meam
3348 5081 3601 5149 Domino,
3635 5084 3686 5136 et

2039 5177 2098 5228 tu
2127 5173 2388 5228 remisisti
2418 5172 2751 5242 impietatem
2779 5179 2982 5242 peccati
3010 5172 3119 5226 mei
3145 5170 3316 5242 (Psal.
3340 5169 3514 5240 xxxr).

2109 5261 2190 5317 De
2219 5260 2562 5332 hujusmodi
2590 5259 2942 5332 perfectione
2973 5263 3030 5315 et
3057 5257 3496 5331 imperfectione
3525 5256 3684 5314 idem

2037 5349 2350 5405 Psalmista
2363 5349 2509 5405 alias
2528 5349 2789 5421 apertius
2807 5345 3416 5420 loquitur.Cum'enim
3440 5350 3685 5421 orasset,

2037 5439 2236 5494 dicens
2274 5456 2286 5493 :
2320 5439 2397 5495 Ab
2430 5439 2660 5495 occultis
2703 5439 2843 5493 meis
2888 5438 3094 5493 munda
3124 5453 3228 5503 me,
3259 5437 3508 5504 Domine,
3534 5439 3586 5492 et
3614 5437 3689 5493 ab

2035 5530 2235 5584 alienis
2261 5546 2428 5599 parce
2445 5545 2596 5585 servo
2627 5537 2741 5593 tuo,
2767 5545 2901 5584 mox
2932 5526 3258 5599 subjungit,
3283 5525 3366 5593 Si,
3391 5525 3687 5599 inquiens,

2033 5634 2144 5674 non
2173 5620 2388 5689 fuerint
2418 5619 2693 5674 dominati
2715 5615 3000 5674 subaudis
3021 5615 3352 5686 alienitvel,
3381 5621 3447 5672 ut
3473 5616 3532 5672 in
3560 5615 3691 5675 aliis

2036 5706 2336 5764 codicibus
2357 5707 2676 5777 invenitur,
2698 5703 3693 5779 dominata,subintelligis,delieta.
