4114 6184
403 417 520 518 Ηῤ

1411 418 1759 479 OTHLONI
1818 414 2185 479 MONACHI‘
2216 414 2277 476 S.
2327 414 2821 477 EMMERAMMI

3703 404 3816 473 116

408 558 543 609 tunc
586 553 967 608 immaculatus
1008 566 1101 607 ero
1151 553 1321 623 (Psal.
1369 556 1585 621 xxvm).
1640 553 1763 607 Non
1805 551 1967 621 dixit,
2001 551 2049 605 si
2080 539 2139 618 Χ
2165 555 2403 605 sanctus
2435 566 2550 605 non
2581 549 2913 605 carnalibus
2945 545 3361 604 hominibusin
3385 542 3729 618 duplicitate
3758 551 3820 603 et

407 642 641 715 penitus
669 642 872 701 carebo
902 640 1153 710 delictis,
1182 643 1305 708 sed,
1339 642 1388 696 si
1423 642 1535 696 mei
1570 659 1682 696 non
1716 640 1935 696 fuerint
1965 640 2059 694 do-

409 732 653 797 minata,
685 736 825 784 tunc
858 730 1275 786 immaculatus
1308 746 1423 786 ero.
1450 730 1506 785 Si
1542 735 1737 786 autem
1766 728 2058 801 quispiam

407 818 827 876 immaculatus
858 820 1089 888 dicitur,
1113 825 1303 891 potest
1324 820 1498 875 etiam
1530 819 1643 874 dici
1675 820 1984 890 perfectus.

481 908 553 964 Ut
583 913 777 965 autem
809 909 1029 980 aliquid
1063 910 1252 964 adhuc
1283 908 1457 964 altius
1490 909 1557 963 de
1580 909 1817 979 praefato
1849 906 2062 961 utrius-

410 1015 523 1070 que
556 999 786 1054 numeri
827 998 1104 1071 mysterio
1134 999 1361 1070 loquar,
1416 998 1656 1053 forsitan
1702 1002 1757 1051 et
1804 997 1914 1051 hoc
1945 1012 2059 1050 non

408 1088 536 1143 sine
567 1105 747 1143 causa
781 1093 869 1143 est
909 1088 1046 1159 quia
1077 1087 1436 1158 quinarium,
1469 1103 1640 1158 quem
1673 1085 2061 1158 impcrfectio-

407 1193 564 1246 nem,
600 1178 888 1249 senarius,
922 1194 1093 1250 quem
1126 1176 1545 1249 perfectionem
1579 1175 1891 1247 designare
1922 1173 2062 1239 dixi,

404 1282 524 1323 non
557 1267 795 1323 omnino
818 1271 951 1339 post
974 1283 1168 1334 se,nec
1196 1266 1366 1339 longe
1398 1270 1531 1321 ante
1563 1266 1754 1333 se,sed
1776 1265 1940 1334 juxta
1961 1263 2061 1318 sed

408 1356 782 1429 prapositum
830 1356 1060 1413 habeat.
1094 1357 1269 1420 Quasi
1300 1357 1454 1411 idem
1500 1355 1768 1411 senarius
1798 1353 2014 1407 diceret
2047 1367 2060 1405 :

411 1445 512 1519 qui
544 1445 805 1518 mysterii
854 1445 992 1501 velit
1039 1446 1451 1517 perfectionem
1503 1442 1801 1514 consequi,
1835 1457 2065 1513 semper

410 1535 749 1607 fragilitatis
782 1551 900 1590 suae
953 1551 1197 1602 memor,
1258 1539 1390 1589 ante
1424 1550 1484 1588 se
1545 1533 1685 1604 quid
1717 1532 1794 1587 sit
1823 1534 2061 1601 statuat,

410 1624 611 1680 dicens
639 1640 772 1679 cum
804 1624 1123 1679 Psalmista
1157 1642 1168 1679 :
1205 1625 1476 1691 Quoniam
1506 1624 1857 1693 iniquitatem
1888 1637 2066 1675 meam

406 1730 504 1784 ego
533 1730 810 1786 cognosco,
842 1718 893 1768 et
907 1722 1187 1785 peccatum
1217 1729 1399 1768 meum
1423 1728 1609 1768 coram
1634 1728 1720 1765 me
1748 1718 1826 1765 est
1853 1726 2066 1781 semper

412 1804 583 1876 (Psal.
620 1809 692 1875 ι).

483 1892 586 1946 His
620 1890 792 1946 dictis
830 1891 899 1945 de
933 1891 1182 1961 senario,
1218 1890 1664 1963 progrediamur
1693 1890 1763 1944 ad
1797 1891 2062 1987 septena-
2098 1925 2145 1990 Β

420 1978 713 2044 rium.Qui
738 1979 962 2035 scilicet
984 1980 1122 2051 quid
1147 1978 1407 2051 mysterii
1426 1982 1588 2050 gerat
1611 1982 1830 2049 quanto
1854 1976 2069 2032 clarius

417 2073 529 2137 est,
562 2073 723 2124 tanto
755 2068 985 2124 clariori
1026 2072 1083 2124 et
1112 2068 1356 2123 faciliori
1387 2067 1606 2123 ratione
1628 2067 1873 2139 proferri
1896 2064 2067 2121 valet.

416 2160 623 2214 Fateor
668 2174 922 2228 namque
952 2157 1088 2229 quia
1127 2158 1428 2229 superiora
1459 2158 1724 2229 quaedam
1757 2154 2071 2210 difﬁculter

415 2246 650 2320 protuli.
693 2247 805 2302 Sed
836 2246 951 2302 Deo
982 2247 1220 2319 gratias,
1272 2246 1411 2317 quia
1431 2246 1557 2318 jam
1589 2246 1659 2301 ad
1692 2243 2072 2299 memoranda

416 2336 602 2392 sancti
632 2335 888 2407 Spiritus
922 2336 1075 2391 dona
1106 2335 1337 2407 perveni
1372 2334 1767 2406 septena.Haac
1789 2333 1945 2388 enim
1980 2348 2070 2386 se-

416 2425 719 2498 ptenarius
749 2424 1042 2496 significat
1072 2429 1513 2479 numerus.Hsac
1536 2427 1731 2478 autem
1760 2423 1913 2476 dona
1934 2437 2071 2492 quo-

415 2513 575 2569 niam
608 2517 750 2567 sunt
783 2512 1037 2568 maxime
1070 2518 1228 2579 nota,
1261 2512 1527 2568 dicamus
1559 2511 1693 2567 alia.

486 2602 949 2673 Potestnamque
971 2618 1073 2673 per
1099 2618 1161 2657 se
1183 2601 1608 2673 multiplicatus
1631 2605 1687 2656 et
1704 2600 1963 2671 requiem
1988 2616 2072 2655 re-

418 2691 881 2762 missionemque
916 2691 1239 2762 designare.
1261 2692 1317 2745 Si
1343 2691 1498 2745 enim
1521 2691 1681 2745 dicas
1702 2689 1916 2761 septies
1940 2705 2069 2760 sep-

416 2785 537 2836 tem
567 2780 763 2836 addita
779 2779 1004 2835 unitate
1023 2780 1176 2834 ﬁunt
1196 2780 1653 2852 quinquaginta;
1678 2778 1776 2850 qui
1790 2776 2069 2833 nimirum

417 2884 702 2925 numerus
723 2872 780 2924 et
797 2869 927 2924 vita:
950 2869 1252 2940 praesentis
1276 2873 1333 2923 et
1358 2873 1580 2924 aeternae
1604 2868 1865 2939 requiem
1887 2866 2068 2939 signi-

414 2958 570 3013 ﬁcat.
602 2958 764 3013 Unde
815 2961 871 3013 et
907 2957 1173 3013 remissio
1202 2957 1289 3012 vel
1334 2956 1587 3029 requies,
1626 2973 1752 3028 que
1786 2973 1817 3011 a
1849 2955 2070 3011 Pascha

418 3063 606 3116 usque
636 3047 706 3102 ad
738 3048 1117 3102 Pentecoston
1144 3047 1363 3118 ubique
1387 3046 1446 3100 in
1478 3050 1678 3101 sancta
1703 3044 1957 3100 Ecclesia
1983 3060 2070 3098 ce-

424 3135 818 3203 lebratur,sub
850 3136 1051 3191 eodem
1085 3152 1331 3192 numero
1363 3135 1851 3207 quinquagesimo
1883 3135 2068 3190 conti—

416 3228 607 3279 netur.
639 3224 708 3278 Et
737 3240 914 3295 quam
945 3240 1199 3297 congrue
1240 3242 1340 3296 per
1370 3224 1769 3295 septenarium
1801 3223 2065 3295 perveni-

2168 638 2651 709 multiplicatione
2674 639 2762 693 sui
2788 637 3309 710 gaudentibus,sed
3329 634 3736 707 spiritualibus
3756 636 3817 692 in

2168 727 2543 799 simplicitate
2564 732 2620 783 et
2637 726 2856 781 unitate
2889 726 3083 781 divina
3112 724 3540 794 constantibus,
3564 724 3821 796 inspira-

2168 817 2345 872 tionis
2377 834 2493 872 suaa
2525 817 2773 889 gratiam
2805 815 3064 871 creditur
3088 815 3414 869 infundere.
3440 814 3508 868 Et
3536 813 3585 869 si
3614 814 3703 869 fas
3732 819 3824 869 est

2170 905 2280 960 dici
2313 906 2595 978 Spiritum
2617 908 2886 961 sanctum
2918 903 3366 976 generare,nihil
3391 902 3545 958 aliud
3572 902 3821 976 intelligi

2169 996 2340 1050 debet
2370 994 2482 1050 nisi
2516 993 2838 1065 quemlibet
2894 1011 2996 1065 per
3054 993 3463 1065 inpirationem
3525 1009 3693 1048 suam
3732 992 3823 1048 in-

2172 1089 2398 1140 struere
2428 1089 2482 1139 et
2500 1085 2582 1139 ad
2610 1083 2901 1139 desideria
2930 1087 3137 1138 sancta
3162 1081 3641 1154 accendere,quia
3662 1084 3826 1153 spiri-

2172 1184 2279 1241 tus,
2312 1174 2411 1229 ubi
2428 1174 2545 1229 vult
2570 1175 2746 1245 spirat
2767 1173 2941 1244 (Joan.
2969 1176 3115 1239 VIII).
3138 1172 3302 1228 Unde
3322 1172 3497 1228 etiam
3528 1187 3658 1227 mos
3678 1171 3826 1228 obti-

2173 1264 2302 1318 nuit
2349 1262 2799 1329 ecclesiasticus,
2834 1267 2899 1316 ut
2929 1262 2987 1315 hi
3020 1261 3119 1333 qui
3151 1260 3297 1316 alios
3336 1261 3407 1315 ad
3437 1259 3617 1315 vitam
3649 1260 3820 1333 spiri-

2171 1352 2389 1407 tualem
2422 1353 2743 1417 instruunt,
2776 1355 2971 1422 patres
3002 1350 3275 1405 dicantur
3299 1350 3482 1421 (Eccli.
3517 1366 3636 1404 vm.

2243 1446 2374 1497 Haec
2403 1441 2583 1512 igitur
2611 1442 2683 1496 de
2714 1440 3027 1513 septenarii
3058 1439 3334 1512 mysterio
3365 1439 3424 1493 in
3453 1438 3674 1495 honore
3693 1456 3826 1495 san-

2173 1532 2248 1587 cti
2293 1530 2547 1603 Spiritus
2596 1535 2897 1601 utcunque
2946 1530 3189 1602 prolata,
3242 1528 3291 1584 si
3339 1529 3604 1598 ejusdem
3636 1529 3822 1584 sancti

2172 1620 2426 1692 Spiritus
2455 1620 2647 1692 gratia
2678 1634 3038 1691 congregans
3069 1617 3658 1690 dispersa,viviﬁcans
3680 1633 3822 1673 cun-

2176 1714 2291 1779 cta,
2339 1710 2613 1781 dignetur
2660 1708 2937 1780 aspirare,
2989 1724 3157 1780 spero
3188 1724 3363 1763 sacrae
3393 1707 3527 1763 ﬁdei
3560 1724 3674 1763 non
3732 1707 3822 1762 di-

2174 1815 2461 1870 screpare.

2247 1888 2595 1944 Octonarius
2626 1887 2765 1943 item
2798 1886 3207 1959 perfectionem
3241 1884 3658 1958 signiﬁcat,sed
3689 1901 3819 1942 eam

2179 1977 2546 2034 solummodo
2578 1994 2705 2049 quae
2738 1980 2869 2048 post
2917 1977 3281 2048 septimanae
3321 1975 3501 2046 hujus
3528 1975 3656 2030 vitae
3687 1992 3820 2047 pro-

2179 2067 2455 2122 mittitur.
2487 2067 2597 2121 Sed
2630 2070 2686 2121 et
2714 2065 2824 2120 hoc
2871 2064 3014 2121 satis
3058 2081 3411 2137 congruum.
3472 2063 3635 2120 Sicut
3664 2064 3821 2120 enim

2179 2155 2593 2228 septenarium,
2627 2154 2725 2224 qui
2757 2154 3017 2225 requiem
3051 2153 3363 2225 signiﬁcat,
3397 2169 3530 2209 mox
3560 2154 3825 2225 sequitur

2179 2245 2535 2314 octonarius,
2567 2244 2651 2299 ita
2698 2248 2753 2299 et
2781 2243 2878 2299 ille
2934 2244 3033 2315 qui
3062 2242 3122 2299 in
3153 2243 3263 2299 hac
3301 2242 3417 2299 vita
3447 2244 3519 2299 ob
3551 2244 3825 2315 operibus

2180 2333 2351 2388 malis
2380 2337 2547 2389 vacat
2576 2337 2634 2387 et
2661 2332 2973 2404 requiescit
3003 2332 3415 2405 perfectionem
3446 2331 3826 2388 beatitudinis

2178 2428 2402 2479 aeterna
2454 2421 2735 2493 consequi
2780 2421 3117 2476 merebitur.
3162 2420 3324 2476 Unde
3363 2425 3420 2476 et
3453 2422 3732 2476 Dominus
3762 2421 3821 2476 in

2178 2511 2486 2584 Evangelio
2518 2516 2644 2566 octo
2675 2510 3070 2566 heatitudines
3101 2527 3163 2565 se
3190 2509 3572 2582 sequentibus
3600 2510 3825 2582 promi-

2177 2601 2274 2670 sit,
2306 2618 2407 2672 per
2435 2601 2543 2655 has
2574 2598 2793 2655 scilicet
2834 2600 3175 2672 signiﬁcans
3217 2604 3438 2655 aeternis
3478 2599 3607 2655 vitae
3638 2599 3828 2671 perfe-

2177 2690 2447 2745 ctionem.

2249 2778 2356 2845 Qui
2388 2779 2447 2833 in
2475 2778 2823 2834 arithmetca
2863 2779 3186 2835 instructus
3214 2783 3303 2834 est
3332 2777 3644 2850 disciplina
3674 2777 3829 2833 mul-
3920 2778 3931 2785 ’

2176 2872 2233 2923 to
2264 2868 2433 2940 plura
2461 2868 2597 2923 hinc
2628 2850 2795 2924 edei'e
2820 2867 2973 2923 volet
2997 2869 3294 2941 mysteria,
3328 2868 3466 2939 quia
3494 2866 3706 2938 illic,ut
3725 2884 3827 2923 au-

2177 2958 2315 3028 divi,
2350 2957 2681 3014 octonarius
2713 2975 2995 3014 numerus
3024 2962 3266 3013 vocatur
3295 2958 3497 3013 cubus.
3532 2958 3692 3023 Quod
3723 2974 3829 3013 vo-

2176 3046 2451 3101 cabulum
2466 3045 2929 3119 ignorans,unde
2952 3046 3037 3102 vel
3063 3063 3167 3102 cur
3187 3046 3271 3101 sic
3290 3045 3366 3102 sit
3385 3045 3608 3102 dictum
3633 3046 3830 3103 nescio

2176 3136 2393 3207 pariter
2448 3136 2577 3205 eius
2635 3136 3000 3208 mysterium.
3052 3136 3471 3208 Cujuscunque
3525 3136 3680 3191 enim
3710 3152 3827 3192 non

2173 3224 2421 3279 habetur
2451 3241 2666 3293 massa,
2698 3224 2785 3279 vel
2817 3225 3096 3293 materia;
3131 3223 3294 3280 nulla
3315 3240 3526 3296 prosus
3551 3240 3619 3280 ex
3650 3241 3717 3281 ea
3744 3224 3829 3280 ef-

416 3315 515 3368 tur
544 3313 615 3367 ad
648 3294 1221 3383 quinquagesimum,
1242 3294 1394 3384 quia
1440 3294 1545 3384 per
1588 3312 1773 3367 sancti
1804 3294 2061 3384 Spiritus
2094 3294 2136 3361 α
2174 3313 2370 3369 ﬁcitur
2401 3314 2588 3385 ﬁgura
2618 3314 2739 3385 [cod
2767 3316 2957 3369 Lamb.
2992 3315 3213 3385 causa].

416 3400 665 3474 gratiam
697 3402 1106 3473 unusquisque
1139 3402 1347 3474 incipit
1376 3402 1759 3474 requiescere,
1786 3406 1843 3457 et
1872 3402 1943 3456 ad
1974 3419 2067 3459 ve-

418 3507 543 3546 ram
578 3490 837 3561 requiem
881 3491 1139 3547 tendere.

485 3580 587 3634 Est
606 3584 663 3635 et
681 3580 838 3635 aliud
860 3581 1121 3650 ejusdem
1143 3580 1456 3651 septenarii
1482 3580 2068 3652 mysterium.0mnes

416 3669 615 3738 itaque
644 3668 871 3722 numeri
906 3668 1058 3722 infra
1106 3670 1411 3724 denarium
1443 3668 1617 3740 positi
1658 3672 1759 3723 aut
1789 3672 2071 3738 generant

417 3761 520 3812 aut
568 3760 922 3828 generantur
968 3756 1476 3829 invicem,excepto
1508 3756 1855 3827 septenario.
1907 3760 1973 3811 Et
2005 3761 2071 3813 ut

424 3845 533 3901 hoc
576 3845 661 3901 ita
690 3861 817 3900 esse
848 3861 1151 3917 agnoscas,
1184 3846 1375 3918 incipe
1408 3864 1440 3900 a
1485 3844 1707 3900 binario
1740 3861 2067 3912 numerare,

418 3934 520 4005 qui
554 3933 781 4005 primus
810 3938 897 3988 est
923 3934 1333 3989 numerus.Hic
1357 3951 1610 4005 namque
1632 3951 1665 3988 a
1692 3934 1921 3988 duabus
1945 3935 2070 3989 uni-

417 4021 640 4076 tatibus
663 4024 891 4077 creatus
914 4038 1016 4092 per
1040 4038 1101 4077 se
1126 4023 1339 4077 ductus
1368 4026 1605 4093 generat
1625 4023 2068 4094 quaternarium

417 4106 637 4165 Deinde
666 4109 727 4164 hi
765 4112 880 4165 duo
931 4111 1197 4166 binarius
1244 4111 1508 4165 videlicet
1549 4116 1605 4167 et
1635 4112 2067 4182 quaternarius,

421 4197 675 4253 invicem
704 4198 867 4253 ducti
931 4200 1293 4255 octonarium
1324 4201 1571 4271 [uterque
1617 4201 1730 4254 cod.
1760 4204 2068 4272 octogena-

422 4287 601 4358 rium]
634 4292 932 4359 generant.
971 4289 1129 4343 Idem
1160 4289 1423 4344 binarius
1454 4306 1556 4360 per
1584 4290 1901 4344 ternarium
1962 4291 2068 4344 du-

421 4379 550 4431 ctus
573 4376 871 4432 senarium
898 4402 911 4444 ;
934 4377 1224 4433 ternarius
1243 4394 1476 4449 quoque
1499 4394 1600 4448 per
1620 4393 1682 4431 se
1704 4378 1914 4432 ductus
1938 4394 2069 4448 pro-

419 4470 576 4521 creat
606 4467 1008 4521 novenarium.
1042 4466 1355 4532 Quinarius
1384 4483 1517 4522 vero
1548 4467 1607 4519 in
1642 4467 1830 4522 medio
1867 4483 2069 4521 corum

419 4554 725 4626 positus,si
753 4555 1001 4610 ducatur
1028 4572 1129 4627 per
1149 4554 1710 4627 binarium,generat
1739 4556 2067 4622 denarium;

2246 3404 2373 3458 1am
2403 3419 2536 3458 vero
2556 3403 2893 3476 pertingens
2918 3404 2991 3458 ad
3017 3403 3640 3472 novenarium,dicam,
3659 3406 3834 3475 prout

2176 3490 2397 3564 ingenii
2448 3491 2700 3547 tenuitas
2732 3492 3037 3563 permittit,
3071 3496 3125 3547 et
3163 3492 3291 3563 ejus
3325 3492 3693 3564 mysterium.
3726 3490 3832 3547 Hic

2176 3579 2467 3652 itaque,ut
2499 3580 2643 3634 mihi
2673 3580 3150 3652 videtur,quan‘to
3183 3581 3392 3651 majori
3427 3580 3830 3636 circumdatus

2177 3673 2265 3723 est
2293 3668 2603 3740 utriusque
2634 3669 2887 3735 numeri,
2910 3669 3193 3724 octonarii
3223 3669 3551 3735 videlice,et
3579 3668 3827 3739 denarii,

2178 3757 2546 3829 perfectione,
2596 3761 2757 3812 tanto
2806 3756 3229 3813 excellentioris
3266 3758 3529 3831 mysterii
3578 3757 3828 3831 refulget

2178 3846 2789 3917 dignitate.Signiﬁcat
2810 3862 3065 3918 namque
3088 3846 3381 3920 angelicos
3404 3846 3825 3919 ordines,quia,

2180 3939 2243 3989 ut
2268 3934 2566 4006 Scriptura
2589 3951 2756 3990 sacra
2777 3934 3205 4006 prodit,novem
3230 3936 3463 3992 ordines
3485 3936 3827 4009 angelorum

2179 4028 2353 4091 sunt;
2389 4040 2641 4095 quorum
2672 4024 2934 4097 quidam,
2968 4024 3179 4096 angeli,
3211 4024 3311 4081 alii
3342 4024 3694 4098 archangeli,
3729 4022 3828 4079 alii
3912 4028 3923 4033 ’

2179 4112 2539 4185 principatus
2569 4114 2809 4185 quidam
2868 4118 3208 4186 potestates,
3263 4114 3502 4187 quidam
3559 4115 3829 4179 virtutes,

2179 4202 2443 4257 nonnulli
2499 4202 2951 4271 dominationes,
3010 4202 3277 4258 nonnulli
3319 4203 3535 4275 throni,
3568 4202 3835 4275 plerique

2179 4290 2481 4361 cherubin,
2510 4290 2771 4363 plerique
2804 4292 3077 4363 seraphin
3110 4292 3480 4348 dicuntur.Et
3507 4292 3836 4348 notandum

2179 4384 2400 4453 quanta
2416 4381 2799 4436 consonantia
2821 4381 2896 4436 sit
2919 4380 3148 4437 numeri
3165 4383 3235 4437 ad
3260 4381 3603 4454 mysterium
3627 4381 3838 4451 hujus-

2177 4468 2355 4524 modi.
2407 4468 2747 4540 Quicunque
2797 4469 2951 4523 enim
2998 4469 3357 4525 octonariam
3417 4468 3834 4542 perfectionem

2177 4561 2636 4629 consequuntur,
2673 4557 2971 4612 noverario
3001 4558 3059 4612 id
3092 4562 3180 4613 est
3208 4557 3467 4630 angelico
3499 4557 3689 4613 ordini
3729 4573 3835 4612 co-

421 4643 624 4716 sicque
654 4644 721 4699 ﬁt
750 4648 833 4711 ut,
867 4644 1020 4700 sicut
1068 4644 1205 4711 dixi,
1261 4645 1456 4700 nullus
1492 4645 1711 4716 absque
1742 4645 2069 4716 septenario
2102 4668 2147 4732 Ι)
2178 4646 2752 4719 aequantur,Domino
2785 4647 3223 4718 attestante,qui
3252 4647 3312 4701 in
3336 4645 3643 4719 Evangelio
3667 4644 3831 4703 dicit:

422 4733 867 4789 numerusinfra
887 4734 1191 4790 denarium
1216 4734 1537 4807 reperiatur
1557 4733 1654 4803 qui
1677 4751 1790 4789 non
1815 4733 2071 4805 aliquem

421 4826 683 4894 generet,
716 4826 817 4877 aut
846 4828 1175 4895 generatur.

494 4909 642 4973 Quid
692 4910 871 4985 igitur
917 4928 985 4967 ex
1032 4915 1192 4968 tanto
1246 4912 1435 4966 dicere
1466 4926 1707 4982 possum
1751 4911 2071 4982 mysterio?

423 4999 705 5072 Magnum
739 5001 975 5072 quidem
1006 5006 1063 5056 et
1090 5000 1341 5072 speciale
1372 5000 1649 5070 quiddam
1683 5000 1853 5054 credo
1885 5016 2013 5056 esse
2055 5021 2069 5071 ;

422 5089 522 5145 sed
556 5089 639 5144 ita
668 5089 899 5146 videtur
928 5090 1287 5162 profundum
1337 5093 1402 5144 ut
1428 5089 1659 5145 virtutis
1692 5107 1809 5145 suae
1835 5090 2069 5162 penitus

420 5178 744 5235 abscondat
767 5176 1143 5245 radium,nisi
1175 5178 1321 5232 forte
1346 5178 1453 5234 hoc
1476 5180 1629 5250 quod
1650 5196 1765 5235 non
1791 5183 1875 5235 est
1905 5178 2068 5251 geni-

418 5271 514 5323 tus
543 5267 831 5340 signiﬁcet
861 5266 998 5338 quia
1023 5265 1278 5338 Spiritus
1300 5273 1561 5337 sanctus,
1593 5269 1763 5339 cujus
1786 5269 1939 5324 dona
1970 5285 2068 5339 per

415 5356 689 5412 eumdem
722 5355 1117 5426 septenarium
1155 5355 1558 5430 designantur,
1609 5374 1641 5412 a
1672 5362 1783 5413 Deo
1815 5359 1979 5413 Patre
2012 5364 2069 5413 et

418 5444 561 5500 Filio
595 5462 710 5499 non
742 5443 994 5516 genitus,
1018 5446 1117 5500 scd
1148 5448 1464 5518 procedens
1492 5446 1723 5517 dicitur;
1749 5448 1903 5519 quod
1933 5463 2064 5503 vero

419 5532 647 5587 nullum
672 5533 1050 5603 generet,hoc
1079 5535 1347 5607 designet
1368 5536 1667 5608 quia,cum
1690 5553 1973 5592 numerus
2007 5536 2064 5591 in

422 5618 967 5691 multiplicationem
980 5624 1613 5699 tendat,multiplicatio
1632 5631 1821 5683 autem
1836 5626 2064 5682 numeri

420 5708 711 5769 carnalem
744 5712 1032 5786 signiﬁcet
1061 5716 1516 5788 generationem,
1564 5716 1770 5773 merito
1812 5716 2064 5788 Spiritus

2182 4737 2273 4791 Illi
2301 4738 2398 4808 qui
2427 4737 2586 4807 digni
2615 4736 2955 4791 habebuntur
2996 4737 3189 4793 saeculo
3235 4739 3423 4808 futuro
3453 4742 3508 4792 et
3551 4752 3833 4793 resurrec-

2178 4827 2354 4880 ctione
2382 4842 2450 4881 ex
2478 4827 2736 4891 mortuis,
2759 4842 2932 4898 neque
2959 4826 3172 4893 ducent,
3197 4843 3375 4899 neque
3400 4828 3601 4883 ducent
3630 4842 3836 4882 uxores

2181 4931 2354 4987 neque
2386 4914 2539 4969 ultra
2568 4916 2710 4969 mori
2735 4923 3007 4987 poterant.
3041 4918 3298 4988 [Equales
3328 4918 3475 4971 enim
3502 4921 3631 4971 sunt
3657 4931 3832 4985 ange-

2181 5004 2270 5070 lis,
2321 5013 2371 5060 et
2419 5004 2530 5074 ﬁlii
2575 5009 2705 5059 sunt
2753 5008 2873 5076 Dei,
2923 5022 3041 5060 cum
3096 5008 3209 5061 sint
3254 5005 3365 5075 ﬁlii
3418 5007 3836 5062 resurrectionis

2179 5094 2327 5165 (Luc.
2364 5096 2477 5165 xx).

2249 5184 2361 5239 Sed
2393 5188 2448 5238 et
2476 5182 2534 5236 in
2568 5182 2677 5237 hoc
2720 5182 3070 5239 novenarius
3121 5186 3490 5241 venerandus
3520 5188 3627 5255 est,
3663 5183 3838 5257 quia,

2176 5288 2309 5326 curn
2334 5272 2525 5327 omnis
2548 5288 2829 5327 numerus
2851 5288 2953 5344 per
2974 5289 3035 5328 sc
3056 5273 3458 5347 multiplicans
3480 5273 3844 5345 alium,ejus

2178 5359 2346 5431 quasi
2376 5360 2714 5432 parens,qui
2748 5364 2943 5417 autem
2968 5377 3070 5434 per
3098 5362 3250 5419 hanc
3282 5361 3843 5435 multiplicationem

2177 5454 2513 5520 procreatus
2536 5451 2709 5505 fuerit
2742 5449 2900 5507 illius
2922 5452 3113 5524 proles
3134 5452 3245 5508 dici
3264 5451 3841 5523 possit;novenarius

2175 5556 2429 5611 congruo
2458 5541 2695 5595 ternarii
2755 5541 2947 5612 proles
2977 5546 3183 5609 exstat,
3210 5540 3309 5613 qui
3341 5546 3606 5599 sanctam
3640 5542 3848 5598 Trini-

2172 5631 2349 5684 tatem
2386 5629 2695 5702 signiﬁcat.
2728 5631 2784 5684 Si
2834 5631 2989 5686 enim
3031 5631 3191 5686 dicas
3218 5634 3308 5686 ter
3346 5630 3506 5701 trini,
3549 5633 3703 5705 quod
3734 5636 3845 5690 est

2173 5734 2275 5789 per
2305 5719 2564 5791 seipsum
2594 5721 2746 5777 facta
2774 5719 3179 5792 multiplicatio
3212 5720 3843 5795 numeri,novenarius
