4118 6188
280 384 405 449 117
1263 389 1573 454 DIALOG.
1620 391 1722 453 DE
1766 391 2051 456 TRIBUS
2097 386 2720 463 QUESTIONIBUS.
3583 381 3699 448 H8

279 522 644 596 procreatur.
678 522 806 586 Qua
830 521 900 578 de
930 537 992 578 re
1021 521 1319 596 colligitur
1348 526 1486 597 quia
1516 529 1573 581 et
1601 527 1786 582 sancti
1827 545 1930 583 an-
1963 529 2017 596 Α
2043 528 2152 582 sint
2181 542 2374 590 unum,
2405 525 2547 578 sicut
2593 531 2643 576 et
2672 537 2768 578 nos
2796 538 2984 578 sumus
3012 537 3183 578 unum
3215 519 3558 594 (Joan.xvn).
3583 518 3704 579 Hu-

281 612 399 685 geli
432 615 488 667 et
518 628 692 667 omne
723 611 1048 684 angelicam
1079 613 1258 669 vitam
1302 616 1487 673 secuti
1538 617 1944 673 convenienter
2045 615 2308 688 jusmodi
2341 614 2519 686 igitur
2547 612 3038 684 unitatem,quam
3061 611 3227 667 electi
3263 611 3482 684 quique
3523 610 3697 669 colle-

283 701 566 758 dicuntur
594 700 700 756 ﬁlii
728 701 852 770 Dei,
881 718 1014 757 cum
1045 703 1165 758 sint
1197 709 1411 760 sanctas
1441 705 1694 761 Trinatis
1725 705 1850 762 ﬁlii.
2052 707 2244 762 ctione
2270 705 2578 769 virtutum,
2603 703 2768 774 quasi
2801 702 3113 769 unitatum,
3147 703 3390 774 adipisci
3423 706 3692 774 possunt,

913 819 1146 875 CAPUT
1184 821 1326 876 XLI.
2050 795 2348 859 denarius,
2368 799 2435 848 ut
2463 793 2684 848 dictum
2715 795 3086 863 est,congrue
3113 790 3535 862 signiﬁcal.Sed
3558 808 3692 847 cum

276 911 360 968 De
388 925 621 966 numero
648 908 876 965 denario
904 910 1129 980 ejusque
1173 913 1405 982 mystico
1451 913 1786 982 signiﬁcatu.
1832 915 1937 968 οἱ·
2049 889 2223 982 Ean?”
2255 882 2628 982 Ρῗτΐθθίίοηίεῖ
2649 879 3051 982 θΧξδθΗθΠῨῘδω
3069 880 3537 982 θΧΡΪίωῇῖνρθίθξ
3568 897 3696 982 ΨΟ·

355 984 494 1038 visio
543 996 898 1036 numerorum
1017 969 1104 1037 eo:
1135 969 1338 1054 quivad
1365 999 1420 1038 se
1450 969 1730 1049 dzcuntur,
1779 989 1832 1039 et
1880 986 1940 1038 in
2051 975 2198 1030 fecto
2230 972 2368 1045 quia
2399 989 2566 1054 nemo
2617 972 2674 1026 in
2720 971 2827 1025 bac
2871 970 2992 1024 vita
3039 969 3263 1042 positus
3296 970 3377 1024 ita
3405 970 3696 1041 perfectus

353 1070 443 1110 eos
473 1055 570 1126 qui
596 1054 828 1126 relative
870 1053 941 1108 ad
987 1052 1216 1108 alterius
1258 1058 1478 1110 numeri
1521 1058 1941 1112 consonantiam
2049 1068 2239 1120 exstat
2267 1069 2333 1118 ut
2359 1064 2430 1118 ad
2463 1052 2598 1118 eum
2629 1059 3014 1116 obtinendum
3046 1058 3693 1114 sufﬁciat.Credendum

353 1126 617 1182 dicamur
642 1130 811 1194 mu“
834 1126 1126 1180 Μαδίθωη·
2049 1158 2138 1209 est
2167 1157 2362 1209 autem
2393 1157 2450 1207 et
2477 1150 2832 1222 sperandum
2865 1149 2936 1204 de
2960 1147 3059 1203 Dei
3090 1147 3490 1204 misericordia
3509 1151 3576 1202 ut
3597 1149 3695 1202 ob-

350 1243 610 1315 Tempus
634 1245 692 1297 et
726 1241 865 1297 ordo
889 1242 1017 1312 jam
1049 1241 1308 1314 postulat
1339 1246 1405 1297 ut
1429 1259 1499 1298 ex
1527 1243 1749 1299 denarii
1781 1261 1937 1316 mys-
2048 1242 2220 1299 tineri
2251 1241 2438 1314 possit
2466 1241 2526 1295 in
2558 1240 2756 1295 futura
2781 1239 2918 1307 vita,
2943 1239 3178 1310 quando
3206 1237 3475 1293 videlicet
3502 1241 3695 1293 Pater-

281 1331 374 1389 rio
407 1331 625 1402 aliquid
656 1330 912 1403 parvitas
959 1335 1162 1387 nostra
1191 1331 1466 1404 proferat.
1519 1333 1583 1386 In
1633 1349 1748 1404 quo
1798 1350 1938 1388 sane
2048 1331 2323 1398 familias,
2344 1331 2515 1401 juxta
2543 1328 2982 1384 conventionem
3013 1332 3250 1399 factam,
3281 1327 3342 1382 in
3371 1326 3540 1383 vinea
3586 1344 3695 1384 sua

285 1438 427 1478 reor
455 1420 562 1476 hoc
589 1419 776 1492 primo
807 1419 1299 1476 considerandum
1331 1420 1647 1492 quia,sicut
1677 1439 1744 1476 ex
1765 1420 1937 1476 colle-
2044 1419 2446 1476 laborantibus
2473 1435 2608 1474 eum
2639 1418 2948 1473 addiderit.

287 1510 480 1568 ctione
507 1513 733 1566 constat
763 1508 1079 1580 unitatum,
1115 1509 1197 1564 ita
1230 1509 1405 1565 etiam
1449 1511 1935 1566 coadunationem
2117 1509 2218 1565 His
2239 1508 2417 1580 igitur
2436 1513 2758 1578 utcumque
2775 1506 3017 1579 prolatis
3039 1507 3110 1561 de
3135 1521 3516 1562 numerorum
3539 1505 3694 1562 infra

282 1605 459 1672 atque
488 1598 719 1671 copiam
757 1598 1048 1671 significet
1077 1599 1341 1654 omnium
1384 1599 1692 1667 virtutum,
1723 1599 1934 1654 deinde
2043 1599 2349 1654 donarium
2367 1597 2819 1653 constitutorum
2844 1595 3295 1668 mysteriis,jam
3309 1595 3693 1666 ultraspecia-

279 1689 434 1762 quod
469 1687 740 1744 imitetur
767 1689 1201 1760 quodammodo
1229 1689 1418 1762 ipsam
1450 1688 1934 1744 unitatem.Sicut
2041 1688 2156 1744 lem
2183 1704 2496 1742 numerum
2523 1686 2776 1758 aliquem
2799 1685 3020 1752 ratione
3039 1685 3285 1756 mystica
3307 1684 3689 1756 comprehen-

281 1779 435 1836 enim
458 1777 722 1834 unitates
737 1776 985 1833 collectae
1010 1777 1321 1850 perficiunt
1345 1778 1650 1834 denarium
1680 1778 1761 1832 ita
1781 1780 1933 1849 ejus-
2041 1778 2176 1833 dere
2205 1776 2450 1832 facultas
2481 1792 2598 1830 non
2630 1779 2736 1840 est,
2769 1777 2891 1829 tam
2915 1791 2983 1829 ex
3012 1774 3294 1828 facundia
3326 1791 3503 1845 quam
3544 1790 3688 1829 con-

280 1869 406 1924 dem
440 1866 673 1923 denarii
703 1864 964 1922 collectio
995 1867 1243 1939 repetita
1286 1868 1475 1922 tendit
1521 1867 1579 1921 in
1631 1867 1929 1922 infinitum
1960 1905 2009 1970 B
2041 1867 2294 1923 scientia:
2345 1865 2562 1938 inopia.
2612 1864 3029 1918 Verumtamen
3062 1867 3127 1917 ut
3159 1862 3251 1918 his
3281 1863 3380 1933 qui
3411 1863 3482 1918 de
3512 1862 3685 1935 spiri-

279 1972 616 2014 numerum.
652 1955 697 2011 Ο
729 1959 950 2026 quanta
980 1955 1239 2028 dignitas
1268 1955 1628 2028 denarii,qui
1658 1960 1778 2011 tam
1801 1973 1930 2027 per-
1961 1951 2009 1970 "
2038 1956 2223 2012 tualia
2244 1956 2377 2027 plus
2400 1970 2578 2026 quam
2602 1953 2854 2009 carnalis
2872 1951 3194 2024 prudentia:
3217 1952 3331 2008 cibi
3355 1952 3511 2008 reﬁci
3537 1953 3685 2009 desi-

279 2046 477 2120 spicue
509 2043 878 2101 assimilatur
905 2045 1391 2114 unitati,imitans
1421 2045 1583 2101 illam
1606 2046 1933 2102 coadunata
2040 2047 2248 2102 derant
2278 2044 2514 2116 aliquod
2537 2047 2771 2116 gratum
2797 2042 3086 2114 praebeam
3109 2041 3390 2098 ferculum
3414 2043 3683 2099 voluntas

279 2150 662 2192 numerorum
677 2132 1186 2206 collectione,quia
1203 2135 1406 2207 nequit
1424 2135 1932 2192 naturaliunitatis
2041 2139 2130 2192 est
2159 2135 2304 2190 mihi
2336 2150 2539 2190 omnes
2571 2149 2848 2189 numeros
2876 2131 2936 2186 in
2968 2131 3114 2187 duas
3147 2135 3340 2203 partes
3387 2131 3682 2202 dividere;

280 2224 664 2300 perfectione!
691 2223 988 2280 Naturalis
1014 2241 1269 2296 namque
1292 2225 1564 2297 perfectio
1591 2225 1831 2281 unitatis
1845 2229 1933 2282 est
2041 2225 2101 2280 in
2131 2241 2311 2279 unam
2342 2223 2579 2295 quidem
2612 2221 2866 2292 illos,qui
2899 2221 2980 2275 ita
3000 2221 3059 2274 in
3105 2220 3474 2276 arithmetica
3495 2222 3686 2294 dispo~

275 2331 380 2388 per
408 2330 473 2371 se
502 2331 676 2388 posse
705 2313 1053 2381 subsistere;
1089 2316 1243 2386 quod
1268 2314 1408 2386 quia
1428 2330 1712 2370 numerus
1736 2315 1932 2371 nullus
2041 2320 2282 2384 nuntur,
2300 2319 2362 2368 ut
2383 2311 2546 2367 nulla
2566 2310 2937 2384 proportione
2957 2309 3297 2366 harmonica
3317 2310 3682 2383 copulentur,

275 2420 385 2478 per
415 2407 686 2459 naturam
723 2402 897 2471 valet,
927 2403 1091 2459 solus
1121 2403 1419 2474 denarius,
1451 2403 1780 2460 imitatione
1834 2404 1936 2459 illa
2042 2406 2142 2461 sed
2170 2405 2241 2459 ad
2275 2421 2336 2459 se
2360 2403 2769 2458 tantummodo
2801 2400 3090 2467 dicantur,
3122 2404 3186 2454 ut
3215 2400 3352 2468 duo,
3405 2401 3685 2474 quinque,

280 2509 466 2565 quam
515 2491 650 2560 dixi,
692 2491 751 2546 id
803 2496 892 2547 est
941 2491 1276 2548 collectione
1306 2493 1634 2548 coadunata
1666 2493 1932 2548 omnium
2043 2499 2264 2566 septem
2306 2492 2394 2547 vel
2441 2495 2582 2561 tres,
2634 2495 2878 2561 septem,
2931 2490 3150 2559 decem,
3183 2489 3270 2544 vel
3302 2489 3549 2560 quilibet
3589 2490 3689 2545 alii

283 2597 671 2640 numerorum
703 2580 1054 2653 implet.Hoc
1076 2585 1272 2638 autem
1301 2599 1416 2638 non
1435 2583 1560 2638 sine
1581 2599 1762 2640 causa
1783 2600 1931 2654 esse,
2042 2584 2309 2655 ejusdem
2341 2579 2748 2646 dissonantia;
2781 2579 2839 2632 in
2871 2578 3113 2634 alteram
3130 2594 3262 2634 vero
3295 2594 3394 2634 eos
3415 2578 3517 2650 qui
3539 2577 3686 2634 rela-

277 2672 382 2729 sed
425 2669 852 2727 unitatisillius
873 2671 1309 2742 perfectionem,
1344 2672 1552 2744 quaein
1571 2672 1770 2728 electis
1811 2673 1934 2728 ﬁeri
2041 2656 2183 2729 tivo.
2213 2673 2286 2727 ad
2339 2670 2578 2726 alterius
2625 2667 2855 2724 numeri
2913 2667 3357 2723 consonantiam
3414 2666 3692 2723 dicuntur

274 2763 493 2834 potest,
527 2760 699 2816 credo
725 2758 1078 2832 significare.
1105 2760 1237 2832 Ipsa
1265 2761 1932 2834 denique,quantacum-
2035 2764 2208 2835 juxta
2233 2760 2546 2831 musicam,
2579 2762 2643 2814 ut
2675 2762 2813 2826 tres,
2843 2762 3116 2830 quatuor,
3149 2772 3268 2827 sex,
3302 2759 3451 2826 octo,
3477 2757 3696 2812 duode-

276 2866 395 2921 que
429 2849 719 2906 virtutum
751 2847 1090 2906 collectione
1119 2848 1386 2906 videatur
1413 2851 1752 2918 consistere,
1787 2851 1933 2908 nihil
2043 2853 2178 2908 cim.

271 2945 366 2996 est
407 2955 517 3012 per
541 2955 633 3008 se;
667 2939 768 2995 sed
801 2956 835 2994 a
861 2955 999 2994 vera
1027 2939 1250 2995 unitate
1282 2939 1511 2995 Domini
1561 2940 1736 2995 habet
1782 2957 1930 2996 esse.
2113 2944 2268 3007 Quos
2301 2938 2581 2995 nimirum
2613 2954 2890 2993 numeros
2922 2936 3003 2992 ita
3031 2935 3443 3008 dispositos,ut
3460 2936 3692 2992 medius

270 3027 409 3085 Hec
439 3043 577 3101 ergo
599 3027 724 3084 sola
754 3043 890 3084 vera
917 3028 1116 3084 unitas
1146 3032 1254 3100 est,
1278 3029 1418 3101 quia
1447 3046 1562 3085 non
1595 3028 1785 3084 solum
1817 3047 1933 3085 non
2044 3031 2116 3086 ad
2150 3029 2461 3086 minimum
2497 3026 2955 3100 sesquitertiam,
2989 3025 3283 3081 maximus
3301 3040 3434 3081 vero
3465 3026 3536 3081 ad
3569 3042 3689 3081 me-

269 3122 409 3191 eget
439 3123 679 3173 externa
703 3116 1068 3183 collectione,
1095 3119 1196 3173 sed
1230 3123 1288 3173 et
1318 3118 1449 3174 aliis
1481 3118 1687 3173 tribuit
1719 3135 1779 3174 se
1810 3119 1934 3173 imi-
2042 3119 2204 3174 dium
2220 3117 2952 3191 sesquialteram,itemque
2969 3115 3262 3172 maximus
3284 3116 3355 3171 ad
3378 3115 3692 3171 minimum

267 3206 390 3263 tari
412 3223 586 3279 posse
607 3205 806 3279 aliqua
829 3206 1072 3262 unitatis
1094 3206 1722 3279 participatione.Unde
1743 3213 1800 3262 et
1817 3207 1931 3262 Do-
1982 3276 2010 3280 __
2043 3209 2262 3264 relatus
2293 3207 2535 3280 duplam
2559 3207 2824 3280 reddant
2873 3207 3328 3278 proportionem,
3361 3206 3501 3277 quia
3546 3205 3693 3261 tales

269 3297 482 3352 minus
503 3299 702 3352 noster
721 3296 1114 3367 Patrem,cum
1136 3313 1252 3369 quo
1274 3313 1458 3352 unum
1482 3302 1590 3368 est,
1615 3313 1717 3368 pro
1740 3295 1938 3352 electis
1969 3276 2012 3343 Ο
2044 3296 2370 3369 specialiter
2399 3277 2751 3352 harmonicen
2782 3276 3119 3350 deserviunt
3149 3276 3564 3362 consonantia,
3597 3293 3693 3347 hic

266 3385 488 3442 ovibus
515 3385 656 3458 [cod.
692 3386 848 3442 Cruc.
882 3386 1180 3458 omnibus]
1214 3403 1388 3443 orans
1417 3387 1558 3441 dicit
1581 3401 1595 3442 :
1617 3389 1782 3442 Pater
1800 3402 1930 3441 san-
2042 3386 2249 3457 utique
2279 3386 2349 3439 de
2377 3386 2641 3456 ejusdem
2673 3382 3068 3439 consonantiae
3122 3381 3416 3452 mysteriis
3464 3379 3689 3434 locutu-

260 3483 378 3544 διε,
399 3489 576 3531 serva
617 3490 702 3531 eos
758 3477 817 3530 in
860 3477 1080 3533 nomine
1122 3484 1214 3532 tuo
1263 3458 1394 3548 qOuos
1443 3476 1640 3532 dedisti
1677 3476 1840 3542 mihi,
1869 3482 1934 3531 ut
2042 3492 2163 3544 rus,
2193 3492 2342 3546 opus
2371 3475 2556 3530 habeo
2588 3472 2836 3545 exempli
2866 3471 3057 3543 gratia
3086 3485 3280 3526 coram
3313 3484 3545 3540 ponere.

1197 3911 1454 3984 d’apason
1792 3908 1863 3984 \
2116 3908 2179 3984 /
2517 3908 2776 3978 diapason

843 4145 987 4216 σοθν
1327 4145 1608 4257 \/”°'
1797 4145 1860 4173 ν’
1905 4145 2211 4257 \vl'si"
2363 4145 2543 4257 Ἥ
2589 4145 2661 4257 /
3026 4145 3086 4179 ν

793 4525 1125 4581 diatessaron
1421 4478 1472 4691 ﬂ
1539 4522 1809 4592 diapente.
1982 4478 2013 4683 1
2095 4517 2430 4575 diatessaron
2635 4510 2902 4576 diapente.

702 4743 762 4796 ιιι
1415 4745 1496 4797 illi
1957 4731 2028 4794 VI

1660 4693 3169 4794 war—“mm
3198 4693 3286 4774 iui

680 4839 740 4850 ..συ

356 5001 421 5055 ιιι
443 5013 703 5071 quarum
724 4997 947 5055 scilicet
967 4995 1224 5070 partium
1258 4995 1507 5050 duarum
1541 4992 1764 5049 ratione
1794 4991 1942 5048 desi-
1969 4993 2018 5059 D
2049 5005 2156 5045 vus
2187 4992 2293 5059 est,
2327 4987 2470 5042 satis
2500 4982 2837 5056 speculatur
2865 4997 2993 5055 quae
3024 4982 3405 5039 consonantia
3425 4982 3502 5039 sit
3527 4981 3586 5037 in
3608 4982 3696 5038 di-

285 5091 468 5160 gnata
498 5091 669 5144 tanta
697 5087 959 5161 mysterii
987 5086 1175 5142 virtus
1207 5084 1400 5139 inesse
1428 5083 1747 5151 videtur,ut
1770 5081 1943 5137 etiam
2052 5077 2324 5134 versitate
2356 5073 2743 5148 corporalium
2795 5073 3043 5140 artium;
3079 5076 3136 5128 et
3165 5089 3292 5144 que
3339 5073 3399 5127 in
3453 5071 3697 5128 diversis

285 5159 638 5234 sanctorum
659 5159 900 5233 Patrum
919 5173 1312 5248 peritissimus
1329 5170 1544 5243 aliquis
1566 5171 1637 5226 ad
1658 5169 1808 5225 hanc
1831 5169 1948 5241 ple-
2057 5168 2266 5239 opibus
2296 5165 2384 5220 vel
2414 5163 2702 5219 fructibus
2736 5162 3197 5233 provinciarum;
3232 5166 3289 5217 et
3312 5178 3439 5233 qua:
3460 5160 3518 5216 in
3539 5159 3700 5216 varia

285 5265 446 5323 niter
473 5267 860 5323 reserandum
879 5266 973 5321 vix
991 5261 1372 5320 sufﬁceret.ln
1394 5260 1600 5332 primis
1625 5260 1782 5315 enim
1804 5259 1948 5313 invi-
2056 5254 2437 5328 dispositione
2467 5254 2779 5318 virtutum;
2814 5268 2940 5322 quas
2971 5250 3149 5306 etiam
3181 5250 3332 5306 inter
3360 5248 3700 5306 coenobialis

286 5371 417 5412 cem
466 5355 759 5429 oppositis
808 5354 896 5411 vel
954 5353 1180 5410 collatis
1233 5350 1496 5421 utrisque
1534 5348 1685 5405 valet
1713 5348 1944 5419 inspici,
2055 5350 2112 5402 et
2142 5343 2438 5400 saecularis
2467 5343 2593 5398 vitae
2624 5339 2922 5406 homines;
2957 5357 3062 5395 nec
3092 5356 3208 5396 non
3239 5341 3460 5410 quanta
3489 5353 3698 5396 conso-

292 5427 521 5517 quanta
545 5427 828 5503 distantia
850 5443 926 5500 sit
946 5443 1100 5498 inter
1131 5438 1392 5496 carnales
1419 5443 1476 5493 et
1497 5435 1948 5510 spiritualesho-
2056 5435 2260 5490 nantia
2289 5434 2364 5488 sit
2392 5433 2452 5487 in
2484 5430 2707 5487 Veteris
2739 5447 2804 5486 ac
2835 5430 2965 5485 novi
2990 5427 3345 5484 Testamenti
3366 5427 3697 5499 collatione,

298 5535 494 5592 mines
523 5539 653 5591 tum
685 5534 878 5590 ablata
903 5532 1064 5588 illius
1093 5533 1257 5603 parte
1286 5525 1652 5597 numeri,qui
1684 5527 1755 5580 ad
1786 5541 1846 5581 se
1868 5525 1950 5579 di-
2055 5523 2142 5579 vel
2167 5539 2294 5593 quae
2324 5522 2569 5577 aliarum
2601 5537 2797 5576 rerum
2816 5518 3535 5574 consonantias.Postremo
3557 5519 3698 5590 quid

283 5623 613 5697 citur,nam
632 5624 714 5680 ita
743 5623 1078 5698 superfluus
1109 5623 1197 5675 est
1225 5618 1286 5674 in
1318 5616 1567 5684 ratione,
1598 5614 1748 5670 sicut
1777 5619 1836 5669 et
1864 5613 1947 5668 illi
2057 5611 2132 5667 sit
2160 5610 2412 5667 cmlestis
2444 5609 2769 5676 harmonia,
2802 5623 2931 5662 reor
2958 5605 3294 5698 hinc‘posse
3325 5605 3581 5698 agnosci.

287 5694 775 5788 quos'signiﬂcat
802 5694 864 5772 in
894 5707 1392 5784 compassione.In
1424 5703 1731 5776 altero,qui
1753 5703 1944 5759 relati-
2129 5705 2262 5757 Haec
2292 5699 2472 5772 igitur
2497 5698 2693 5756 omnia
2725 5700 2944 5770 quanta
2965 5695 3041 5752 sit
3061 5694 3376 5754 difﬁcultas
3396 5694 3484 5751 vel
3508 5695 3700 5750 mente
