4118 6188
382 376 492 438 119

1384 376 1726 438 OTHLONI
1773 376 2125 437 MONAClll
2173 377 2236 436 S.
2292 372 2779 436 EMMERAMMI

3680 366 3796 429 120

376 512 465 568 vel
496 512 719 568 ratione
749 508 1262 581 comprehendere,
1298 510 1557 580 prudens
1596 510 1846 580 quisque
1875 510 2025 564 valet
2053 513 2108 575 Α
2140 508 2423 562 similium
2454 502 3133 563 convenientia.Proinde
3152 500 3277 559 siin
3302 499 3561 573 qualibet
3582 516 3796 555 conve-

380 601 726 673 intelligere.
755 600 865 654 Sed
899 599 1039 652 dum
1075 598 1219 652 nihil
1254 616 1321 653 ex
1352 598 1443 655 his
1475 600 1716 669 possim,
1753 605 1816 653 ut
1848 600 2030 664 decet,

384 691 605 763 aliquid
629 695 825 744 tamen
844 692 1143 759 utcunque
1169 688 1423 759 proferre
1448 688 1679 743 licet.Et
1701 689 1885 759 primo
1910 687 2034 758 qui-

385 780 699 850 dem,quod
725 782 781 833 et
803 778 860 831 in
888 778 1096 849 primis
1122 778 1483 849 propositum
1518 778 1775 848 est,quid
1805 778 2036 848 utrique

386 868 635 933 numeri,
670 866 766 921 ille
802 866 1022 921 scilicet
1048 868 1145 938 qui
1178 868 1246 921 ad
1284 884 1343 921 se
1375 867 1611 931 dicitur,
1644 872 1699 921 et
1732 868 1826 938 qui
1853 868 1921 921 ad
1947 867 2033 920 al-

384 958 567 1014 terius
598 957 1045 1012 consonantiam
1079 956 1346 1028 pertinet,
1380 956 1629 1027 oppositi
1680 957 2031 1028 signiﬁcent.

394 1046 613 1103 Deinde
641 1046 831 1114 istius,
866 1046 965 1116 qui
997 1047 1391 1101 consonantia:
1419 1045 1789 1101 solummodo
1840 1047 2032 1101 deser-

387 1137 491 1207 vit,
546 1136 893 1207 mysterium
944 1152 1199 1190 reserare
1229 1135 1397 1207 cupio
1431 1151 1443 1190 :
1478 1134 1619 1189 illud
1668 1135 2037 1206 aliquatenus

395 1226 699 1282 ostendere
729 1230 1020 1297 satagens,
1056 1228 1273 1295 quanta
1299 1224 1680 1281 consonabtia
1712 1242 1743 1278 a
1774 1225 1887 1280 Deo
1921 1224 2039 1278 sint

384 1316 536 1372 facta
567 1315 764 1371 omnia
792 1320 912 1370 tam
942 1314 1240 1369 terrestria
1273 1330 1449 1384 quam
1482 1314 1756 1380 cmlestia,
1783 1313 1914 1367 licet
1935 1313 2037 1368 ho-

385 1420 481 1459 mo
513 1403 675 1458 solus
707 1404 973 1458 eamdem
1006 1403 1448 1457 consonantiam
1471 1402 1694 1473 jugiter
1724 1419 1856 1457 cum
1881 1401 2035 1457 vitiis

387 1492 512 1549 suis
543 1493 871 1564 impugnet.

994 1582 1224 1638 CAPUT
1263 1583 1423 1638 XLII.

390 1672 531 1741 Quid
564 1673 797 1744 mystice
827 1673 1137 1744 signiﬁcent
1182 1674 1403 1725 numeri
1434 1673 1530 1739 qui
1558 1671 1626 1724 ad
1654 1686 1709 1725 se
1737 1670 1994 1725 dicuntur
2014 1675 2038 1723 ?

689 1744 835 1817 Quid
868 1746 913 1797 ii
942 1748 1036 1816 qui
1066 1743 1136 1797 ad
1166 1744 1330 1797 aliud
1361 1745 1725 1813 referuntur?

458 1848 669 1906 Omnia
691 1851 888 1920 itaque
912 1866 1193 1904 numerus
1212 1848 1413 1918 qui,ad
1437 1864 1498 1903 se
1522 1848 1891 1903 solummodo
1915 1864 2038 1919 per-
2066 1884 2114 1948 B

385 1934 600 2005 tinens,
633 1937 858 1993 nullam
881 1937 1059 1993 efﬁcit
1087 1936 1551 2003 consonantiam,
1575 1937 1872 1993 hominem
1901 1954 2034 1993 con-

387 2044 534 2099 grue
550 2027 844 2098 signiﬁcat
858 2026 1281 2082 carnalem.llle
1303 2026 1457 2081 enim
1482 2025 1606 2083 sola
1623 2044 1749 2097 quae
1769 2027 1877 2081 sibi
1902 2032 2041 2081 sunt

387 2120 575 2188 grata,
610 2116 667 2171 id
700 2120 788 2172 est
817 2114 1186 2187 temporalia,
1218 2115 1490 2182 visibilia,
1524 2115 1780 2171 carnalia
1826 2116 2033 2187 diligit-

385 2204 557 2261 Nulla
586 2204 840 2275 sibi,nisi
865 2223 991 2277 quae
1014 2204 1518 2275 concuspiscentia
1540 2208 1596 2259 et
1613 2205 1881 2259 voluntas
1908 2222 2038 2275 pro-

385 2294 514 2366 pria
542 2294 923 2367 suggesserit,
958 2292 1204 2365 placent.
1225 2293 1435 2348 Omnia
1467 2310 1593 2364 quae
1625 2292 1754 2347 aliis
1786 2310 2041 2349 consona

386 2382 506 2440 sive
531 2400 789 2455 congrua
820 2387 976 2453 sunt,
1010 2381 1429 2453 displicent.Ad
1464 2381 1607 2436 nihil
1643 2382 1796 2436 aliud
1832 2399 1894 2437 se
1932 2399 2038 2437 na-

389 2476 519 2528 tum
551 2472 870 2528 arbitratur
896 2487 1044 2540 esse,
1081 2471 1192 2525 nisi
1228 2476 1290 2526 ut
1320 2470 1626 2526 desideriis
1678 2471 1801 2525 suis
1849 2472 2037 2525 omni-

387 2560 560 2616 modo
592 2558 908 2614 famuletur
942 2577 954 2613 :
988 2559 1226 2614 imitans
1248 2559 1414 2613 illum
1448 2560 1705 2623 divitem,
1729 2559 1851 2630 qui,
1884 2564 1949 2614 ut
1978 2558 2037 2613 in

388 2646 699 2720 Evangelio
732 2647 1093 2719 perhibetur,
1127 2649 1206 2703 ita
1239 2647 1472 2703 sibimet
1505 2647 1613 2702 soli
1646 2648 1804 2713 vixit,
1840 2654 1903 2701 ut
1935 2665 2040 2704 nec

390 2735 576 2791 micas
607 2736 678 2790 de
704 2751 908 2791 mensa
936 2753 1044 2791 sua
1068 2734 1372 2807 prolapsas
1394 2736 1555 2792 alteri
1580 2752 1760 2807 egeno
1793 2753 2031 2807 poscen-

394 2825 438 2880 ti
466 2824 721 2879 tribuere
751 2829 1000 2878 curaret.

463 2914 536 2969 At
577 2928 863 2968 numerus
892 2912 992 2984 qui
1024 2914 1095 2967 ad
1128 2912 1309 2968 alium
1360 2913 1625 2981 refertur,
1672 2912 2036 2985 spiritualem

393 3000 687 3073 significat
705 3000 1034 3069 hominem;
1069 3000 1207 3072 quia
1230 3000 1549 3073 spiritualis
1582 3001 1829 3072 quilibet
1849 3000 2040 3071 aliena

391 3090 608 3146 damna
638 3106 740 3145 seu
768 3089 928 3145 lucra
959 3091 1201 3161 deputat
1230 3094 1295 3144 ut
1325 3108 1459 3157 sua;
1512 3090 1774 3145 moribus
1830 3090 2036 3145 alienis

388 3178 570 3235 semel
599 3178 926 3234 conformat
952 3183 1008 3233 et
1038 3183 1217 3249 aptat,
1256 3178 1399 3233 illud
1441 3180 1663 3249 jugiter
1712 3179 1970 3234 recolens
2021 3198 2032 3234 :

2146 597 2367 653 nientia
2387 602 2475 651 est
2495 595 2906 661 consonantia;
2934 593 3125 648 omnis
3147 596 3341 647 autem
3369 588 3799 657 creatura,licet

2146 686 2453 741 dissimilis
2510 684 2587 739 sit
2633 683 2902 750 invicem,
2956 684 3071 739 Deo
3122 681 3426 737 ordinante
3480 680 3793 746 convenit;

2146 774 2528 830 consonantia
2559 790 2693 845 ergo
2727 774 2974 827 habetur
3002 772 3059 825 in
3088 770 3246 825 omni
3278 773 3589 823 creatura-

2221 864 2382 921 Nunc
2414 862 2755 934 igiturillud
2789 862 2977 933 primo
3011 858 3499 916 considerandum
3520 858 3795 929 est,quod

2145 958 2203 1010 et
2231 954 2288 1008 in
2323 952 2835 1008 consonantiarum
2862 950 3240 1023 mysticarum
3260 948 3463 1003 ordine
3480 946 3668 1018 primo
3693 964 3794 1018 po-

2147 1040 2235 1094 sui
2273 1057 2285 1094 :
2321 1057 2446 1111 quas
2479 1038 2699 1093 scilicet
2725 1038 3111 1093 consonantia
3140 1036 3217 1090 sit
3245 1036 3305 1089 in
3337 1034 3656 1105 cujuslibet
3677 1051 3799 1090 cor-

2147 1130 2304 1200 poris
2337 1130 2581 1183 humani
2616 1127 2919 1182 membris.

2222 1219 2303 1273 Ibi
2326 1234 2581 1289 namque
2604 1234 2736 1272 cum
2763 1216 3224 1287 unumquodque
3248 1214 3580 1269 membrum
3608 1214 3799 1269 famu-

2148 1306 2303 1362 latur
2334 1306 2726 1372 alteri,omnia
2749 1306 3014 1362 membra
3035 1304 3367 1359 consistunt
3391 1302 3643 1360 invicem
3667 1320 3803 1359 con—

2147 1414 2312 1468 grua.
2344 1396 2518 1451 Visus
2548 1396 2761 1467 quippe
2792 1400 2849 1449 et
2879 1394 3137 1461 auditus,
3170 1398 3400 1465 gustus,
3426 1393 3705 1449 odoratus
3745 1398 3804 1448 et

2146 1491 2337 1541 tactus
2370 1502 2485 1540 non
2520 1484 2711 1540 solum
2746 1484 2996 1555 sibi,sed
3028 1484 3203 1538 etiam
3235 1482 3364 1538 aliis
3396 1481 3802 1554 corporalibus

2148 1575 2353 1630 ofﬁciis
2387 1574 2766 1630 famulantur.
2800 1574 3162 1645 Quapropter
3190 1572 3333 1626 dum
3364 1588 3568 1629 omnes
3589 1588 3799 1643 corpo-

2148 1665 2229 1719 ris
2280 1680 2489 1720 sensus
2522 1665 2593 1719 ad
2628 1680 2688 1719 se
2734 1664 2977 1718 invicem
3030 1662 3385 1718 conveniunt
3432 1660 3795 1728 famulando,

2149 1753 2531 1808 consonantia
2563 1752 2763 1824 utique
2803 1752 2861 1808 in
2894 1751 3188 1823 corporeis
3221 1750 3517 1821 sensibus,
3550 1750 3709 1807 velut
3739 1751 3800 1807 in

2148 1852 2415 1910 numero,
2446 1842 2715 1896 efﬁcitur.

2223 1931 2537 1986 Videamus
2561 1930 2737 1985 etiam
2762 1934 2984 2001 quanta
3006 1929 3389 1984 consonantia
3416 1928 3492 1987 sit
3522 1929 3579 1984 in
3612 1928 3800 1985 diver-

2150 2020 2319 2075 sitate
2352 2019 2742 2091 corporalium
2775 2020 3009 2074 artium.
3046 2018 3190 2073 Cum
3222 2018 3403 2090 igitur
3430 2018 3526 2073 hic
3556 2018 3799 2085 aurifex,

2149 2109 2245 2165 ille
2280 2111 2555 2165 ferrarius
2588 2109 2883 2177 faber,iste
2915 2107 3352 2175 caementarius;
3386 2106 3480 2162 hic
3502 2107 3801 2180 lignorum

2151 2199 2479 2264 artifex,ille
2502 2198 2884 2269 scriptor,iste
2908 2199 3123 2270 pictor;
3157 2198 3251 2252 hic
3281 2196 3340 2252 in
3370 2196 3594 2259 liberali
3618 2198 3805 2253 scien-

2150 2286 2232 2341 tia
2261 2288 2545 2357 imbutus,
2572 2287 2669 2342 ille
2702 2286 3127 2353 mercator,iste
3158 2286 3438 2357 piscator;
3472 2286 3568 2341 hic
3600 2286 3659 2341 in
3680 2284 3799 2341 bel-

2150 2375 2279 2431 licis
2312 2378 2507 2444 rebus,
2541 2376 2635 2431 ille
2666 2376 2725 2430 in
2758 2374 3115 2446 agricultura
3162 2376 3397 2444 doctus;
3431 2375 3524 2430 hic
3555 2380 3802 2431 texturae

2150 2466 2577 2536 operarius,ille
2611 2466 2895 2531 medicus,
2922 2464 3019 2519 ille
3051 2470 3235 2531 sutor,
3271 2464 3366 2518 ille
3395 2464 3801 2536 sculptor,iste

2149 2570 2381 2624 auceps,
2418 2553 2514 2609 ille
2544 2560 2812 2622 venator;
2844 2554 2937 2608 hic
2965 2570 3211 2624 coquus,
3246 2552 3341 2608 ille
3392 2553 3604 2624 pistor;
3650 2552 3801 2609 alter

2150 2641 2391 2698 alterius
2417 2643 2494 2698 sit
2526 2643 2688 2709 artis,
2715 2661 2841 2715 quae
2869 2642 3200 2715 specialiter
3221 2642 3531 2699 memorari
3556 2639 3797 2713 nequit:

2150 2731 2429 2803 nullaque
2463 2749 2558 2787 ars
2590 2733 2865 2803 praedicta
2894 2733 3019 2789 sine
3051 2731 3291 2789 alterius
3313 2748 3419 2803 ope
3441 2731 3641 2804 peragi
3664 2747 3799 2803 pos-

2150 2820 2259 2889 sit;
2295 2822 2435 2891 quid
2468 2821 2625 2877 aliud
2666 2838 2844 2892 quam
2877 2822 3265 2878 consonantia
3309 2821 3575 2892 quaedam
3623 2819 3793 2890 quasi

2150 2909 2611 2981 discrepantium
2640 2928 2846 2966 vocum
2879 2911 2939 2965 in
2971 2911 3248 2967 omnibus
3278 2909 3621 2981 hujusmodi
3655 2908 3800 2965 arti-

2147 2999 2258 3054 bus
2289 3000 2435 3054 erit?
2466 3000 2604 3071 (cod.
2641 3001 2824 3055 Lamb.
2859 3000 3018 3070 exit.)
3552 3006 3559 3011 '

2217 3088 2663 3144 Consideremus
2687 3089 2895 3144 deinde
2917 3088 3169 3159 qualiter
3195 3092 3517 3145 consonent
3546 3105 3686 3160 opes
3710 3088 3798 3144 vel

2148 3178 2373 3233 fructus
2391 3178 2603 3232 diversi
2626 3178 3193 3249 provinciarum.Ubi
3218 3194 3494 3250 magnam
3513 3178 3798 3235 facundiae

384 3268 534 3333 Alter
562 3268 793 3337 alterius
818 3284 984 3323 onera
1010 3275 1221 3337 portate
1252 3267 1390 3337 (Gal.
1424 3269 1522 3339 vi).
1560 3268 1623 3322 Et
1655 3287 1668 3323 ε
1702 3269 1863 3323 Nemo
1894 3272 2034 3339 quod
2064 3254 2106 3319 C
2143 3266 2401 3337 in0piam
2435 3266 2621 3337 patior
2652 3284 2752 3337 pro
2785 3283 2849 3322 eo
2879 3268 3035 3337 quod
3070 3284 3175 3323 nec
3216 3267 3665 3338 provinciarum,
3694 3283 3799 3323 nec

384 3372 546 3412 suum
594 3363 694 3421 est,
744 3357 1149 3411 tantummodo
1196 3366 1430 3427 quierat,
1479 3357 1573 3411 sed
1621 3358 1760 3429 quod
1808 3359 2038 3413 alterius

385 3446 434 3515 (Ι
463 3445 594 3499 Cor.
628 3447 707 3515 Χ).
744 3444 904 3499 Unde
935 3450 992 3499 et
1024 3444 1237 3501 Paulus
1270 3445 1571 3517 apostolus
1604 3463 1717 3500 non
1752 3448 1861 3502 sibi
1902 3447 2033 3516 soli,

386 3533 486 3588 sed
516 3532 695 3587 etiam
728 3531 859 3587 aliis
892 3534 1167 3603 prodesse
1194 3533 1532 3588 desiderans
1564 3535 1741 3589 dixit:
1775 3536 2036 3591 Omnibus

386 3622 572 3677 omnia
600 3627 781 3687 factus
812 3638 952 3685 sum,
986 3626 1045 3674 ut
1071 3638 1254 3675 omnes
1289 3623 1673 3690 lucri/acerem
1705 3625 1749 3693 (Ι
1781 3626 1899 3679 Cor.
1936 3626 2032 3695 ιχ).

386 3708 672 3763 Dominus
704 3708 877 3762 etiam
910 3714 966 3762 et
996 3708 1259 3763 Salvator
1290 3714 1647 3775 noster,cum
1676 3728 1789 3764 non
1824 3730 1926 3782 pro
1951 3730 2031 3779 se,

387 3797 489 3851 sed
528 3812 631 3867 pro
676 3800 874 3851 nostra
919 3794 1104 3851 salute
1156 3796 1442 3851 incarnari
1488 3814 1551 3851 ac
1597 3798 1715 3868 pati
1761 3798 2035 3870 dignatus

385 3888 558 3955 esset,
591 3884 866 3941 relativus
898 3885 1017 3939 fore
1046 3884 1248 3940 voluit.

451 4011 483 4050 \
970 4000 1207 4055 CAPUT
1246 4000 1440 4056 XLIII.

389 4091 564 4157 Quam
609 4090 847 4157 miriﬁca
893 4090 965 4143 sit
1012 4092 1073 4144 in
1118 4092 1357 4159 corporis
1410 4092 1689 4157 membris,
1724 4094 1783 4147 in
1821 4097 2031 4150 artibus

457 4169 575 4214 tum
606 4161 937 4235 liberalibus
967 4166 1084 4214 tum
1114 4162 1465 4235 mechanicas,
1496 4163 1725 4222 denique
1756 4167 1812 4218 in
1854 4170 2029 4235 regio-

457 4234 983 4357 numpgoventibus,
1018 4233 1252 4303 ipsisque
1289 4232 1540 4301 diversis,
1576 4238 1865 4291 virtutibus
1898 4232 2027 4291 [iar—

457 4317 643 4357 monia

456 4317 643 4357 monia

454 4418 558 4473 His
587 4418 765 4491 igitur
794 4434 897 4490 per
926 4418 1231 4491 utriusque
1264 4420 1445 4490 partis
1479 4422 1764 4491 przedictze
1796 4424 2026 4494 opposi-

382 4507 600 4563 tionem
633 4507 881 4563 breviter
910 4506 1246 4579 praelibatis,
1270 4526 1426 4563 nunc
1456 4526 1607 4577 vero,
1636 4511 1775 4581 quia
1804 4512 1859 4566 in
1894 4512 2026 4566 har-

2144 3372 2319 3426 quam
2340 3355 2729 3425 plurimarum
2751 3356 3031 3411 vocabula
3046 3356 3436 3427 agnosco.Sed
3453 3372 3577 3412 rem
3591 3372 3794 3427 quam-

2143 3444 2279 3498 dam
2311 3444 2697 3515 profero,quae
2722 3461 2824 3515 pro
2858 3461 2949 3499 me
2981 3446 3124 3501 satis
3153 3445 3426 3516 loquatur
3446 3450 3794 3503 cunctorum

2135 3533 2377 3602 judicio.
2412 3534 2699 3588 Omnibus
2729 3534 2945 3588 etenim
2979 3539 3177 3588 notam
3211 3539 3299 3588 est
3347 3534 3485 3604 quia
3534 3534 3794 3605 negotia-

2143 3626 2298 3675 tores
2322 3622 2540 3693 quique
2565 3622 2622 3675 in
2647 3622 2913 3693 regiones
2936 3639 3001 3676 ac
3027 3622 3350 3693 provincias
3375 3623 3571 3694 plures
3592 3624 3792 3694 procul

2142 3710 2363 3780 positas
2378 3711 2592 3781 saepius
2624 3709 3166 3781 proﬁciscuntur,ut
3187 3728 3327 3783 opes
3350 3713 3792 3783 quasdam,quaa

2144 3798 2202 3851 in
2236 3798 2351 3852 illis
2381 3804 2482 3853 aut
2515 3816 2643 3853 raro
2676 3803 2776 3853 aut
2802 3816 3097 3869 nusquam
3129 3799 3440 3869 habentur,
3479 3800 3615 3855 illuc
3657 3801 3792 3856 atl‘e-

2142 3891 2304 3953 rant;
2338 3891 2394 3941 et
2424 3886 2567 3941 alias
2600 3904 2916 3957 opes,quas
2947 3888 3003 3941 in
3037 3888 3161 3943 suis
3208 3888 3349 3942 locis
3382 3906 3544 3944 raras
3580 3893 3637 3944 et
3663 3904 3764 3960 pre

2141 3975 2322 4030 tiosas
2352 3992 2479 4030 esse
2510 3975 2724 4046 sciunt,
2761 3976 2896 4031 inde
2927 3976 3313 4032 nihilominus
3361 3977 3655 4033 revehant.
3680 3979 3796 4033 Cur

2142 4079 2276 4135 ergo
2308 4064 2428 4119 haec
2464 4065 2703 4130 faciunt,
2740 4064 2851 4119 nisi
2885 4065 3023 4136 quia
3054 4083 3301 4137 unaquze
3354 4066 3511 4136 regio
3564 4071 3621 4121 et
3666 4083 3795 4138 pro-

2143 4152 2328 4206 vincia
2358 4170 2495 4223 npes
2525 4153 2611 4207 vel
2645 4154 2867 4208 fructus
2898 4152 3029 4209 illos
3062 4153 3237 4209 habet
3267 4171 3412 4224 quos
3462 4155 3643 4210 altera
3680 4156 3792 4209 mi-

2146 4241 2300 4295 nime
2333 4241 2627 4311 possidet?
2659 4242 2937 4307 Quamvis
2958 4246 3014 4297 et
3035 4242 3142 4297 hoc
3165 4260 3267 4313 pro
3296 4247 3639 4314 argumento
3664 4260 3791 4299 ma-

2144 4329 2298 4383 ximo
2332 4330 2587 4384 sufﬁciat
2618 4331 2894 4400 quoniam
2928 4336 3278 4387 mercatores
3309 4336 3539 4387 nostros
3569 4332 3792 4389 scimus

2146 4435 2377 4485 aurum,
2410 4418 2587 4490 pallia
2616 4420 2819 4487 serica,
2851 4436 2953 4474 nec
3004 4436 3117 4474 non
3172 4420 3401 4491 ignotas
3432 4420 3793 4493 eximiasque

2144 4507 2463 4562 bestiarum
2496 4506 2801 4579 pelliculas
2834 4509 2902 4563 ad
2937 4525 3043 4563 nos
3073 4508 3382 4575 detulisse;
3418 4526 3542 4580 qua:
3592 4510 3792 4565 omnia

382 4597 629 4653 monicis
686 4596 1098 4652 instrumentis
1148 4597 1457 4668 aliquoties
1496 4598 1630 4665 lusi,
1664 4599 2027 4673 libenterque
2062 4618 2109 4681 D
2146 4597 2400 4650 fatentur
2431 4602 2531 4650 aut
2561 4614 2694 4651 cum
2728 4614 2856 4667 aere,
2892 4614 2992 4653 seu
3017 4614 3149 4653 cum
3182 4598 3544 4654 vestimentis
3584 4600 3787 4671 vulga-

380 4686 561 4742 totius
594 4686 856 4741 melodiaz
889 4686 1236 4742 suavitatem
1268 4687 1633 4753 audivi,libet
1654 4690 2033 4761 etiam,prout

381 4774 668 4830 Dominus
702 4776 944 4841 dederit,
970 4775 1028 4829 in
1061 4775 1367 4831 harmonia
1396 4776 1687 4848 spirituali
1720 4784 1775 4833 et
1806 4778 2028 4835 intelle-

382 4860 557 4917 ctuali
593 4861 791 4917 ludere
808 4880 818 4916 :
835 4864 1197 4933 explanando
1224 4863 1444 4920 scilicet
1464 4870 1682 4936 quanta
1703 4884 2026 4923 consonan-

380 4950 473 5017 tiae
493 4950 749 5021 mysticae
770 4950 1027 5006 suavitas
1051 4951 1109 5006 in
1134 4954 1409 5009 omnibus
1439 4954 1790 5026 supradictis
1815 4956 2026 5012 habea-

381 5043 478 5095 tur
499 5039 807 5094 rebus.Sed
834 5040 1178 5111 priusquam
1203 5041 1271 5095 de
1294 5040 1631 5111 hujusmodi
1648 5046 2029 5101 consonantia

381 5127 600 5199 aliquid
634 5128 1093 5199 audias,oportet
1114 5130 1345 5200 ut,quid
1371 5131 1448 5185 sit
1478 5132 1677 5187 eadem
1701 5150 2024 5188 consonan-

378 5217 719 5290 tia,plenius
742 5218 1207 5291 agnoscas.Quia
1228 5220 1382 5274 enim
1406 5238 1519 5275 non
1552 5220 1741 5276 solum
1774 5222 1831 5275 in
1866 5224 2026 5279 sonis

378 5308 750 5380 proportione
784 5324 1159 5364 numerorum
1212 5309 1448 5365 relativa
1486 5311 1790 5381 coaptatis,
1823 5329 2021 5367 verum

379 5398 552 5451 etiam
582 5396 639 5451 in
669 5397 844 5453 rebus
876 5397 1235 5469 quibuslibet
1266 5398 1372 5453 rite
1395 5399 1677 5453 ordinatis
1698 5415 2019 5455 consonan-

379 5483 459 5541 tia
487 5484 768 5549 efﬁcitur;
828 5502 1116 5556 omneque
1175 5488 1327 5558 quod
1389 5488 1721 5541 ordinatum
1770 5492 2019 5556 constat,

380 5572 729 5627 conveniens
762 5574 1017 5644 profecto
1049 5578 1105 5629 et
1134 5592 1455 5648 congruum
1482 5576 1733 5631 efﬁcitur
1767 5593 1777 5629 :
1814 5572 2021 5632 consoi

381 5662 591 5721 nuntias
624 5661 801 5733 hujus
823 5663 1084 5721 deﬁnitio
1106 5664 1334 5722 videtur
1354 5682 1525 5738 posse
1546 5666 1659 5723 dici
1680 5684 1875 5723 rerum
1898 5667 2019 5723 dis-

2143 4685 2325 4749 ribus,
2356 4686 2441 4740 vel
2476 4686 2689 4740 vilibus
2720 4686 3172 4741 domesticorum
3220 4685 3567 4742 animalium
3615 4686 3786 4758 pelli-

2140 4773 2250 4828 bus
2304 4774 2358 4827 in
2414 4774 2770 4845 quibusdam
2824 4776 3138 4846 provinciis
3183 4792 3573 4847 comparasse.
3624 4775 3788 4831 Unde

2140 4867 2333 4932 aperte
2366 4862 2712 4935 intelligitur
2741 4863 2879 4934 quia
2910 4869 2967 4918 et
2998 4865 3054 4918 in
3084 4864 3426 4935 bujusmodi
3450 4864 3787 4921 diversitate

2138 4950 2381 5005 invicem
2444 4968 2700 5025 congrua
2775 4953 3161 5009 consonantia
3230 4970 3445 5024 magna
3511 4952 3781 5015 habetur.

2136 5039 2285 5095 Dum
2317 5040 2476 5096 enim
2530 5040 2939 5113 unusquisque
2993 5041 3235 5098 alterius
3290 5042 3514 5115 indiget
3549 5042 3784 5115 opibus,

2136 5146 2465 5185 consonans
2489 5130 2740 5200 profecto
2768 5129 3139 5202 compellitur
3168 5140 3295 5189 esse
3323 5131 3509 5205 alteri.

2206 5220 2525 5274 Veniamus
2555 5223 2611 5274 et
2644 5219 2713 5273 ad
2746 5218 2965 5275 variam
2997 5219 3277 5277 virtutum
3310 5220 3781 5295 dispositionem,

2134 5312 2532 5379 quantamque
2578 5308 2727 5362 inter
2780 5326 2839 5364 sc
2888 5311 3330 5366 consonantiam
3365 5310 3638 5379 habeant,
3672 5310 3778 5366 ali-

2133 5397 2483 5469 quantulum
2516 5398 2898 5470 proferamus.
2932 5399 3043 5454 .llii
3072 5416 3346 5473 namque,
3371 5404 3435 5455 ut
3463 5401 3782 5473 Apostolus

2130 5487 2289 5553 dicit,
2320 5487 2483 5542 datur
2510 5504 2682 5542 sermo
2712 5490 3023 5560 sapientiae,
3057 5490 3159 5545 alii
3185 5505 3359 5545 sermo
3392 5491 3665 5556 scientiae,
3688 5490 3774 5545 al-

2129 5579 2237 5631 teri
2264 5576 2529 5646 [ides,alii
2546 5581 2729 5647 gratia
2750 5576 3190 5648 sanitatum,alii
3213 5581 3451 5649 operatio
3479 5581 3774 5651 virtutum,

2126 5667 2181 5719 id
2214 5670 2302 5721 est
2332 5667 2896 5735 miraculorum,’alii
2918 5666 3221 5740 prophetia,
3244 5669 3349 5725 alii
3375 5668 3630 5730 discretio
3648 5686 3772 5744 spt-
