4118 6188
238 402 351 464 124

1221 400 1526 462 DIALOG.
1578 401 1679 461 DF}
1722 400 2007 464 TRIBUS
2053 400 2671 472 QUIESTIONIBUS.

3530 388 3660 462 {22-

237 537 471 606 rituum,
496 531 611 590 alii
637 549 847 608 genera
877 534 1221 604 linguarmn,
1245 535 1348 589 alii
1375 536 1752 605 interpretatio
1780 552 1887 590 ser—
1916 540 1972 605 Α
2070 536 2158 589 Ad
2183 535 2447 590 eamdem
2469 535 2910 591 consonantiam
2943 533 3192 608 pertinet
3220 533 3488 590 ordinata
3517 536 3641 591 ani-

237 643 460 694 monum
493 626 540 695 (Ι
563 623 687 680 Cor.
711 625 834 694 xu).
857 623 942 678 Ad
975 623 1098 678 haec
1130 624 1303 679 etiam
1337 639 1443 678 nos
1473 624 1893 695 subjungimus

241 715 381 788 quia
411 713 564 769 alius
597 712 816 768 eminet
845 713 904 767 in
935 713 1289 783 humilitate,
1315 712 1464 767 alius
1496 712 1555 766 in
1587 713 1889 780 charitate,

239 806 385 862 alter
415 804 475 860 in
506 803 799 870 castitate,
822 801 968 858 alter
998 802 1056 856 in
1090 803 1369 867 oratione,
1404 801 1547 857 alter
1576 802 1634 856 in
1668 803 1892 858 discre-

238 895 418 960 tione,
441 893 599 949 alius
625 892 684 947 in
709 891 949 963 vigiliis,
978 892 1128 947 alius
1154 893 1210 945 in
1228 891 1473 962 jejunis,
1499 891 1643 946 alter
1662 890 1722 945 in
1751 891 1893 947 elee-

239 1000 623 1057 mosynarum
674 981 961 1054 largitate,
996 981 1141 1036 alter
1180 981 1239 1036 in
1272 980 1639 1036 inﬁrmorum
1670 980 1755 1035 vel
1788 981 1889 1036 ho-

241 1075 463 1147 spitum
494 1071 872 1138 recreatione,
907 1069 1052 1126 alter
1082 1070 1141 1125 in
1175 1069 1474 1141 patientia,
1509 1068 1652 1124 alter
1689 1069 1747 1123 in
1779 1069 1892 1125 alia

239 1165 474 1220 virtute.
502 1162 615 1218 Sed
646 1161 848 1216 nullus
871 1161 1126 1232 profecto
1151 1161 1208 1214 in
1236 1159 1497 1231 qualibet
1517 1159 1729 1214 virtute
1751 1176 1891 1231 pra:-

241 1253 398 1308 dicta
423 1251 718 1307 invenitur
747 1251 831 1306 ita
861 1250 1170 1322 perfectus,
1195 1253 1259 1303 ut
1281 1265 1394 1303 non
1418 1264 1525 1319 ope
1553 1253 1720 1322 egeat
1747 1248 1887 1303 alte-

244 1340 521 1396 rius.Cur
545 1340 671 1404 hoc,
688 1338 802 1394 nisi
830 1338 970 1410 quia
991 1338 1240 1394 invicem
1265 1342 1404 1392 sunt
1420 1353 1624 1392 omnes
1643 1337 1889 1393 virtutes

245 1429 583 1494 referendae,
614 1433 668 1484 et
698 1428 918 1500 plectro
953 1427 1323 1482 discretionis
1354 1426 1414 1481 in
1445 1426 1888 1482 consonantiam

248 1516 529 1575 alternam
548 1520 974 1574 commutandre
988 1518 1014 1570 ‘?
1033 1517 1211 1587 hujus
1230 1533 1484 1588 namque
1497 1516 1888 1571 consonantiae

242 1607 549 1680 plectrum,
583 1606 857 1663 discretio
886 1611 977 1662 est
1006 1607 1307 1661 virtutum.

823 1720 1056 1777 CAPUT
1103 1722 1293 1777 XLIV.

241 1812 431 1882 Qualis
477 1818 531 1867 et
579 1819 794 1883 quanta
833 1813 1144 1882 reperiatur
1181 1813 1473 1867 harmonia
1521 1813 1669 1867 inter
1713 1821 1886 1866 vitam

305 1885 674 1978 monasticam
725 1893 774 1938 et
816 1884 1163 1978 saecularem,
1203 1885 1353 1978 Vetus
1391 1892 1445 1938 et
1470 1885 1676 1938 Nov-um
1708 1885 1883 1978 Testa-
1914 1911 1963 1978 Β

306 1961 580 2082 ηιειηευῖηἱ
607 1971 807 2065 cog-pus
836 1959 890 2011 et
918 1957 1186 2023 animam,
1221 1956 1674 2026 diuersorumque
1703 1957 1886 2010 homi-

306 2044 441 2082 nam
471 2044 496 2081 .s
521 2045 554 2082 a
585 2043 678 2082 us.

305 2044 441 2082 num
471 2043 645 2084 status
667 2043 678 2080 Ξ

302 2142 754 2213 Progrediamur
783 2145 838 2198 et
869 2140 1042 2212 ultra,
1067 2142 1328 2198 dicentes
1351 2160 1477 2214 quae
1505 2145 1889 2200 consonantia

237 2231 313 2300 sit
329 2231 481 2287 inter
495 2230 834 2287 coanobialis
855 2235 910 2286 et
930 2230 1226 2286 saecularis
1247 2233 1375 2287 vitae
1397 2233 1687 2288 homines.
1703 2234 1888 2305 Igitur

235 2320 533 2376 neminem
583 2319 640 2374 in
687 2319 992 2376 caanobiali
1023 2319 1138 2375 vita
1171 2321 1428 2392 positum
1460 2338 1590 2377 reor
1619 2323 1888 2393 ignorare

235 2409 376 2481 quia
405 2407 810 2479 multipliciter
838 2413 1008 2480 egeat
1039 2409 1410 2465 saecularium
1442 2411 1749 2466 hominum
1781 2413 1883 2467 ad-

234 2497 690 2552 ministratione.
717 2498 1020 2560 Quomodo
1050 2499 1206 2554 enim
1232 2499 1318 2554 vel
1348 2499 1567 2555 victum
1597 2500 1686 2556 vel
1718 2501 1886 2556 vesti-

234 2590 365 2642 tum
419 2602 523 2642 seu
570 2586 767 2657 ipsum
826 2587 1233 2643 habitaculum
1286 2589 1399 2644 sibi
1447 2593 1647 2660 aptum
1689 2596 1888 2661 posset

233 2675 468 2741 habere,
519 2675 633 2731 nisi
691 2692 758 2732 ex
815 2677 1184 2733 saecularium
1243 2677 1574 2749 aliquorum
1635 2679 1885 2735 labore?

231 2764 396 2821 Unde
445 2765 786 2822 omnimodo
827 2768 1196 2837 pensandum
1228 2771 1316 2822 est
1346 2768 1573 2823 cunctis
1603 2769 1661 2822 in
1695 2785 1884 2825 emno-

227 2853 374 2910 biali
402 2855 706 2927 preposito
729 2855 1065 2921 constitutis
1095 2856 1232 2928 quia
1262 2874 1376 2912 non
1404 2856 1596 2912 solum
1624 2857 1757 2924 sibi,
1784 2860 1884 2914 sed

229 2944 409 3014 etiam
458 2942 581 2998 illis
633 2945 730 3014 qui
781 2944 1123 3018 hujusmodi
1162 2945 1572 3018 supplementa
1602 2947 1882 3019 praebent,

226 3033 538 3088 referenda
567 3036 654 3088 est
683 3049 888 3088 eorum
918 3033 1244 3106 spiritualis
1285 3036 1666 3092 conversatio.

289 3120 577 3177 Similiter
605 3121 877 3179 homines
907 3123 1101 3178 cuncti
1131 3124 1188 3178 in
1220 3123 1603 3180 saecularibus
1634 3127 1882 3200 negotiis

224 3209 427 3280 positi,
459 3211 676 3283 jugiter
719 3228 969 3283 pensare
1019 3213 1232 3268 debent
1261 3219 1549 3287 quantum
1582 3215 1883 3288 indigeant

222 3298 586 3371 spiritalium
609 3300 864 3364 virorum
896 3301 1158 3358 oratione
1188 3321 1200 3357 :
1233 3285 1324 3375 ne,
1348 3304 1500 3360 inter
1529 3285 1769 3362 delicias
1794 3307 1881 3361 vel
1912 3285 1956 3351 ί]

223 3402 404 3446 curas
423 3387 513 3443 vel
533 3389 790 3460 pericula
805 3391 1117 3452 innumera
1133 3393 1436 3464 praesentis
1452 3393 1580 3449 vitae
1597 3395 1879 3466 depressi,

218 3482 461 3533 aeternae
493 3475 704 3533 salutis
735 3478 914 3550 gloria
942 3480 1264 3554 priventur.

287 3567 580 3635 Cumque
603 3565 674 3620 ab
699 3567 994 3641 utriusque
1017 3570 1139 3625 haec
1161 3571 1479 3628 necessitas
1509 3577 1810 3644 pensatur,
1827 3578 1885 3629 et

213 3672 320 3726 pro
353 3653 462 3710 Dei
497 3670 692 3710 amore
717 3653 813 3719 alii
844 3657 913 3714 ab
945 3657 1076 3714 aliis
1107 3659 1479 3731 adjuvantur.
1506 3661 1674 3732 quasi
1707 3661 1880 3718 alter-

219 3749 438 3800 nantes
458 3743 588 3799 soni
608 3744 854 3802 invicem
874 3747 1128 3804 suaviter
1144 3753 1447 3804 resonant:
1469 3768 1623 3807 unus
1641 3751 1878 3822 quidem

218 3849 408 3888 sonus
470 3833 762 3906 superius,
806 3834 864 3890 id
923 3840 1012 3891 est
1069 3835 1491 3907 spiritualiter;
1549 3839 1695 3895 alter
1746 3857 1881 3896 vero

218 3920 496 3988 inferius,
524 3921 582 3977 id
640 3927 730 3978 est
786 3924 1161 3980 saeculariter.
1193 3926 1393 3998 Neque
1436 3927 1592 3982 enim
1645 3928 1765 3984 ulla
1815 3931 1882 3984 ﬁt

219 4011 626 4082 consonantia,
663 4012 774 4070 nisi
810 4028 878 4068 ex
923 4013 1118 4085 aliqua
1147 4015 1367 4070 suimet
1396 4016 1695 4072 distantia.

267 4102 506 4176 ,Magna
534 4100 708 4166 etiam
744 4101 858 4157 dici
891 4106 1080 4174 potest
1116 4104 1520 4172 consonantia,
1555 4105 1780 4162 Veteris
1812 4124 1879 4164 ac

217 4186 371 4242 Novi
403 4189 759 4252 Testamenti
792 4192 1216 4252 convenientia.
1248 4193 1370 4249 Nisi
1402 4194 1558 4250 enim
1592 4195 1649 4249 in
1681 4195 1873 4252 Veteri

214 4275 506 4347 praedicta
553 4278 762 4338 fuisset
790 4279 982 4350 gratia
1011 4280 1172 4350 Novi,
1207 4298 1377 4337 nemo
1434 4299 1533 4355 per
1585 4283 1760 4340 ﬁdem
1816 4286 1875 4341 in

211 4363 396 4430 Novo.
414 4365 688 4448 potuisset
710 4367 923 4431 salvari
951 4393 964 4434 ;
993 4369 1132 4440 quia
1152 4371 1352 4426 omnia
1370 4371 1506 4427 fidei
1529 4381 1876 4445 argumenta

213 4454 295 4526 ab
355 4455 830 4522 antecedentibus
879 4459 1057 4515 rebus
1109 4464 1250 4516 sunt
1282 4463 1657 4518 assumenda.
1693 4468 1778 4534 Et,
1812 4469 1876 4518 ut

215 4546 471 4610 sanctus
505 4543 815 4627 Gregorius
866 4547 1027 4620 dicit,
1063 4549 1437 4628 sequentium
1477 4567 1672 4607 rerum
1706 4554 1872 4609 certi-

2004 643 2110 681 mae
2154 630 2211 681 et
2254 625 2510 697 corporis
2541 642 2859 698 compago;
2892 626 2997 680 viri
3029 631 3084 680 et
3115 624 3379 680 mulieris
3411 629 3644 696 propter

2003 714 2330 770 necessaria
2347 714 2654 786 utriusque
2670 715 2935 769 subsidia
2953 714 3136 768 multa
3152 715 3278 785 conj
3291 713 3482 769 unctio
3505 713 3643 786 legi-

2001 804 2182 870 tima;
2230 809 2462 874 patrum
2503 808 2558 858 et
2587 804 2863 868 filiorum,
2896 803 3140 857 divitum
3190 809 3246 858 et
3295 819 3638 875 pauperum,

2002 894 2374 950 dominorum
2407 899 2464 949 et
2493 891 2812 958 servOrum,
2848 893 3263 964 magistrorum
3297 898 3351 946 et
3381 893 3640 963 discipu-

2001 983 2226 1050 lorum;
2259 986 2575 1056 conjugum
2600 1000 2832 1054 quoque
2853 986 2908 1036 et
2929 982 3220 1052 virginum
3246 981 3492 1036 miriﬁca
3514 999 3643 1036 con-

1999 1074 2328 1128 venientia:
2365 1074 2631 1146 quamvis
2653 1073 2810 1128 enim
2843 1072 3144 1143 virginitas
3177 1071 3347 1143 longe
3378 1071 3644 1142 superior

1999 1164 2076 1219 sit
2097 1163 2388 1234 conjugio,
2406 1163 2550 1217 nihil
2575 1167 2768 1218 tamen
2793 1165 3027 1218 resonat
3048 1163 3173 1217 sine
3193 1161 3351 1232 ipso;
3378 1160 3516 1232 quia
3538 1176 3642 1214 nec

1999 1269 2125 1308 esse
2177 1252 2326 1308 valet
2373 1253 2498 1308 sine
2553 1252 2671 1307 illo.
2707 1252 2869 1307 Sicut
2915 1257 2973 1306 et
3011 1257 3278 1306 tonorum
3314 1249 3639 1322 integritas,

1997 1341 2131 1397 licet
2159 1341 2652 1414 comparationem
2687 1341 2906 1396 nullam
2930 1345 3124 1396 teneat
3146 1341 3215 1395 ad
3241 1339 3640 1405 semitonium,

1998 1436 2172 1503 atque
2198 1431 2326 1502 ipso
2358 1436 2552 1486 tamen
2582 1430 2811 1486 nullum
2840 1448 3073 1498 sonum,
3095 1430 3190 1501 qui
3215 1431 3386 1501 juxta
3407 1428 3642 1484 musica:

1999 1521 2142 1577 artis
2173 1525 2438 1577 auctores
2471 1520 2699 1592 proprie
2740 1520 3126 1575 consonantia
3152 1523 3411 1584 vocetur,
3442 1517 3639 1574 efﬁcit.

1999 1609 2128 1665 Sive
2159 1610 2316 1665 enim
2346 1609 2731 1678 diatessaron,
2757 1608 2872 1664 sive
2901 1609 3170 1680 diapente
3197 1607 3639 1663 consonantiam

1998 1698 2187 1754 dicere
2209 1698 2373 1766 velis,
2392 1699 2516 1753 sine
2539 1698 2848 1754 semitonio
2872 1697 3185 1768 nequis,de
3205 1697 3486 1768 diapason
3509 1713 3640 1751 vero

1997 1788 2358 1859 superﬂuum
2382 1793 2470 1843 est
2494 1788 2685 1843 dicere
2707 1788 2864 1858 quia,
2889 1791 3116 1842 constat
3136 1804 3204 1842 ex
3225 1791 3492 1857 utroque.
3519 1787 3642 1849 Qua

1997 1878 2067 1933 de
2100 1895 2160 1933 re
2191 1877 2433 1950 intelligi
2465 1878 2636 1932 datur
2657 1877 2813 1947 quia,
2840 1877 2994 1931 sicut
3023 1876 3398 1932 semitonium
3430 1892 3642 1930 conso-

1997 1967 2210 2021 nantize
2235 1965 2628 2022 necessarium
2652 1970 2741 2021 est
2761 1965 2819 2020 in
2843 1965 3120 2032 melodia;
3145 1964 3225 2019 ita
3244 1963 3640 2035 conjugalium

1997 2055 2405 2128 supplementa
2434 2054 2764 2110 necessaria
2793 2059 2932 2108 sunt
2965 2054 3025 2108 in
3057 2052 3306 2124 spiritali
3340 2051 3477 2106 vita.

2067 2145 2399 2201 Notandum
2432 2161 2568 2199 vero
2599 2144 2657 2200 in
2690 2144 2804 2211 his,
2839 2143 2994 2213 quia,
3027 2143 3134 2198 etsi
3169 2160 3283 2197 non
3326 2142 3523 2197 omnia
3568 2142 3638 2197 ad

1997 2234 2294 2288 relativam
2349 2233 2811 2300 consonantiam,
2866 2233 2937 2286 ad
2992 2231 3394 2303 probationem
3440 2236 3639 2287 tamen

1997 2323 2194 2378 omnia
2237 2323 2606 2378 conveniunt.

2068 2412 2297 2468 Prailati
2351 2429 2606 2483 namque
2667 2412 2930 2484 quilibet,
2978 2411 3526 2483 excellentioresque
3578 2413 3637 2466 in

1996 2503 2231 2569 saeculo,
2279 2507 2344 2556 ut
2392 2501 2638 2566 domini,
2687 2505 2903 2572 patres,
2949 2501 3236 2572 magistri,
3278 2500 3486 2556 divites
3537 2517 3640 2571 per

1995 2591 2264 2646 subditos
2313 2590 2423 2646 sibi
2473 2596 2528 2645 et
2577 2591 2949 2662 pauperiores
2997 2590 3215 2662 jugiter
3271 2590 3636 2658 probantur:

1995 2685 2218 2752 quanta
2237 2679 2505 2736 videlicet
2523 2680 2605 2735 eis
2623 2697 2760 2734 cura
2780 2680 3046 2751 praesint;
3071 2678 3229 2750 quali
3249 2678 3361 2734 fide
3378 2677 3639 2732 nutriant

1995 2774 2051 2824 et
2079 2775 2443 2825 succurrant.
2480 2769 2710 2825 Subditi
2748 2786 2900 2838 vero,
2937 2768 3186 2840 qualiter
3214 2767 3468 2840 praelatis
3497 2767 3638 2823 obe-

1995 2858 2159 2914 diant
2183 2877 2196 2928 ;
2224 2865 2282 2914 et
2305 2876 2608 2931 pauperes,
2632 2859 2882 2930 qualiter
2905 2859 3190 2914 sufferant
3216 2860 3640 2930 paupertatem,

1995 2965 2128 3003 cum
2159 2949 2370 3004 divites
2401 2949 2561 3003 omni
2595 2949 2766 3004 modo
2799 2947 2988 3003 fulciri
3020 2948 3440 3020 perspexerint.

2049 3037 2223 3113 ’Idem
2254 3038 2406 3092 inter
2435 3038 2713 3109 conjuges
2765 3041 2822 3092 et
2869 3036 3126 3108 virgines
3179 3036 3393 3109 agitur.
3427 3035 3639 3108 Magna

1995 3143 2249 3197 namque
2297 3127 2561 3198 probatio
2614 3126 2724 3181 erit
2768 3125 2826 3179 in
2877 3126 3161 3197 utrisque.
3193 3126 3254 3180 In
3287 3124 3637 3198 conjugibus

1994 3215 2251 3285 quidem,
2277 3215 2326 3270 si
2357 3232 2418 3270 se
2439 3215 2712 3286 congruis
2744 3215 3105 3284 temporibus
3136 3215 3244 3270 rite
3265 3214 3634 3269 contineant:

1997 3321 2128 3360 cum
2187 3309 2243 3360 ct
2300 3304 2555 3376 virgines
2603 3304 2805 3359 eadem
2856 3303 3168 3373 fragilitate
3221 3302 3635 3366 circumdatos,

1993 3395 2210 3450 eisdem
2225 3394 2601 3465 passionibus
2617 3395 2868 3446 tentatos
2889 3395 3226 3462 perpetuam
3245 3390 3458 3444 habere
3472 3388 3640 3442 casti-

1994 3483 2252 3541 moniam
2271 3482 2681 3555 agnoscant.ln
2697 3479 3023 3551 virginibus
3041 3478 3336 3546 autem,si,
3352 3476 3635 3549 prepositi

1992 3571 2506 3643 suigexcellentiam
2522 3569 2744 3641 jugiter
2768 3569 3152 3635 attendentes,
3168 3571 3371 3622 curent
3392 3582 3464 3620 ne
3485 3569 3636 3621 retro

1989 3663 2203 3718 cadant
2237 3678 2250 3716 :
2303 3658 2777 3732 quandoquidem
2819 3658 3037 3713 multos
3069 3656 3224 3711 licito
3258 3655 3634 3710 matrimonio

1991 3749 2313 3822 copulatus,
2347 3754 2447 3803 aut
2492 3749 2600 3803 sub
2633 3747 2992 3803 continentia
3023 3746 3219 3802 debita
3247 3744 3435 3801 vivere
3483 3745 3633 3816 (quae

1989 3840 2106 3895 Deo
2155 3843 2315 3893 tanto
2365 3837 2654 3910 acceptior
2700 3840 2806 3903 est,
2838 3841 3058 3907 quanto
3106 3835 3347 3891 liberius
3389 3833 3636 3890 relaxari

1990 3933 2203 4000 potest)
2233 3926 2320 3982 vel
2352 3944 2616 3999 prorsus,
2637 3926 2753 3981 vita
2775 3923 3036 3980 saeculari
3068 3924 3286 3994 relicta,
3309 3941 3412 3996 pro
3439 3938 3634 3979 amore

1989 4018 2090 4072 Dei
2123 4016 2413 4072 desideria
2441 4016 2634 4071 carnis
2665 4020 2874 4071 cuncta
2903 4014 3196 4086 respuisse
3222 4015 3488 4070 audiunt.

2060 4107 2390 4162 Probantur
2428 4111 2484 4160 et
2533 4104 2698 4159 aliter
2729 4105 2984 4176 virgines
3017 4111 3192 4176 atque
3222 4105 3522 4175 conjuges.
3555 4104 3634 4158 Eo

1989 4195 2226 4266 quidem
2258 4195 2429 4249 modo
2460 4194 2737 4265 virgines,
2771 4195 2816 4248 si
2859 4195 3162 4249 attendant
3205 4198 3455 4265 quantas
3500 4209 3631 4266 gra-

1986 4283 2200 4338 tiarum
2233 4284 2490 4338 actiones
2522 4288 2634 4338 Deo
2667 4301 2769 4355 pro
2798 4284 2907 4339 hoc
2937 4285 3186 4339 debeant
3217 4285 3394 4355 quod,
3428 4299 3528 4339 eos
3559 4283 3630 4337 ad

1987 4372 2482 4428 sublimissimum
2537 4372 2890 4444 virginitatis
2941 4373 3190 4444 gradum
3240 4389 3341 4443 per
3378 4371 3630 4442 inspira-

1984 4462 2163 4517 tionis
2217 4479 2333 4516 suaa
2385 4463 2631 4533 gratiam
2693 4462 2936 4533 eligens,
2969 4464 3042 4516 ab
3089 4461 3417 4516 innumeris
3450 4461 3630 4532 hujus

1985 4550 2184 4606 szeculi
2232 4550 2486 4605 miseriis
2539 4550 2934 4622 periculisque
2973 4552 3192 4621 eripere
3224 4550 3501 4621 dignatus
3531 4549 3628 4613 sit,

217 4631 368 4696 tudo
388 4633 816 4704 praeteritarum
835 4639 925 4692 est
947 4636 1582 4712 exbibitio.Utrumque
1603 4641 1781 4714 igitur
1802 4644 1873 4698 ad
1909 4651 1954 4715 D
1988 4657 2120 4704 cum
2144 4639 2430 4712 plurimos
2453 4640 2510 4694 in
2541 4640 2759 4696 eisdem
2786 4640 3037 4695 miseriis
3059 4639 3280 4710 positos
3304 4638 3625 4708 reliquerit.

219 4719 383 4777 aliud
414 4722 666 4784 relatum
699 4724 919 4784 factum
969 4731 1058 4782 est
1103 4726 1283 4782 nimis
1335 4744 1697 4800 consonum;
1735 4733 1876 4804 quia

216 4809 417 4868 omnia
472 4828 597 4885 quae
651 4813 712 4869 in
763 4814 916 4871 Novo
949 4832 1051 4886 per
1081 4817 1396 4873 adventum
1426 4818 1655 4875 Domini
1689 4822 1875 4878 nostri

213 4897 360 4960 Jesu
391 4900 606 4960 Christi
638 4907 778 4960 sunt
822 4904 1081 4976 impleta,
1113 4906 1172 4961 in
1202 4906 1395 4962 Veteri
1429 4925 1531 4981 per
1563 4911 1878 4984 prophetas

209 4987 306 5042 vel
343 4993 616 5062 mysticas
647 5010 844 5051 rerum
897 4993 1124 5067 species
1174 4996 1406 5052 fuerant
1457 5001 1752 5071 pradicta.
1787 5000 1876 5058 Ibi

212 5095 474 5156 namque
500 5087 629 5160 ejus
650 5083 1000 5151 incarnatio,
1017 5083 1098 5138 ibi
1120 5085 1249 5154 ejus
1274 5088 1492 5160 passio,
1509 5088 1669 5146 illius
1690 5109 1878 5149 resur.

209 5170 402 5227 rectio
447 5178 499 5229 et
529 5173 798 5231 ascencio
832 5191 846 5230 :
899 5172 1074 5229 etiam
1106 5175 1304 5232 omnia
1335 5193 1464 5249 quae
1497 5178 1567 5234 ab
1601 5179 1874 5238 Incarna-

209 5260 378 5329 tione
406 5261 636 5322 Domini
671 5281 858 5337 usque
904 5265 976 5320 ad
1026 5281 1305 5338 praesens,
1339 5271 1395 5322 et
1426 5284 1552 5339 qua
1582 5268 1642 5323 in
1675 5269 1872 5328 futuro

204 5349 453 5419 saeculo,
476 5353 774 5425 eveniunt,
807 5353 1087 5426 leguntur
1116 5359 1218 5410 aut
1248 5360 1443 5426 aperte
1474 5358 1753 5428 praedicta
1781 5361 1871 5417 vel

201 5440 412 5512 typice
439 5443 830 5517 preﬁgurata.
864 5443 974 5500 Sed
1030 5460 1165 5500 eum
1213 5444 1619 5502 consideratur
1649 5454 1872 5519 quanta

197 5532 601 5589 consonantia
621 5533 701 5588 sit
731 5533 790 5588 in
825 5533 1118 5606 pradictis
1150 5537 1207 5590 et
1237 5533 1536 5605 impletis;
1569 5552 1696 5607 quae
1728 5553 1867 5608 quo.

197 5633 322 5690 que
353 5617 412 5675 in
448 5620 669 5680 futuris
697 5621 824 5692 ﬁat,
855 5621 1026 5686 facile
1079 5626 1273 5695 potest
1318 5623 1552 5680 credere
1595 5623 1866 5699 quisquis

199 5705 421 5768 ﬁdelis.

1983 4729 2109 4784 Non
2138 4728 2330 4784 solum
2362 4735 2556 4784 autem
2589 4729 2865 4801 virgines,
2899 4730 2998 4784 sed
3034 4727 3208 4783 etiam
3253 4743 3456 4782 omnes
3503 4726 3626 4799 qui,

1987 4818 2044 4874 in
2078 4835 2428 4890 quacunque
2449 4823 2613 4873 aetate
2639 4817 2835 4889 positi,
2858 4818 2931 4872 ad
2961 4816 3322 4871 sublimioris
3349 4816 3632 4888 propositi

1988 4923 2180 4963 arcem
2200 4907 2565 4980 perveniunt,
2580 4906 2778 4962 eodem
2799 4907 2970 4961 modo
2987 4907 3327 4978 probantur.
3344 4907 3631 4978 Conjuges

1987 5014 2147 5064 vero,
2168 5013 2487 5067 omnesque
2510 4997 2568 5050 in
2592 4994 2854 5051 saeculari
2873 4996 2990 5051 vita
3012 4997 3335 5065 constituti,
3361 4998 3412 5052 si
3443 5002 3628 5053 atten-

1987 5088 2130 5143 dant
2159 5090 2378 5157 quanta
2407 5085 2596 5158 gratia
2643 5086 2718 5142 sit
2762 5087 2915 5157 quod
2961 5085 3050 5142 vel
3082 5087 3376 5158 aliquibus
3407 5087 3629 5143 deliciis

1983 5175 2326 5248 temporalis
2355 5175 2481 5229 vitae
2514 5174 2634 5230 ulla
2661 5174 2893 5247 pietatis
2914 5175 3120 5230 divina;
3151 5175 3384 5232 licentia
3402 5175 3631 5231 valeant

1985 5266 2068 5321 sic
2098 5266 2204 5331 uti,
2231 5268 2294 5319 ut
2322 5267 2517 5320 tamen
2549 5265 2621 5320 ab
2649 5269 2874 5319 aeternae
2907 5264 3284 5320 beatitudinis
3317 5264 3626 5338 participa-

1981 5355 2139 5410 tione
2188 5371 2303 5410 non
2353 5353 2775 5421 excludantur;
2837 5371 2968 5409 cum
3032 5354 3303 5424 plurimis
3360 5355 3627 5412 videatur

1981 5444 2325 5509 maximum,
2360 5444 2408 5499 si
2459 5461 2590 5498 cum
2635 5448 2973 5516 contemptu
3007 5461 3197 5498 rerum
3233 5443 3621 5518 saecularium,

1981 5550 2115 5588 cum
2154 5532 2500 5588 contritione
2552 5537 2609 5588 et
2659 5533 2970 5588 afﬂictione
3025 5532 3216 5588 carnis
3264 5550 3330 5590 ac
3379 5533 3622 5606 spiritus

1979 5622 2292 5695 omnigena
2335 5627 2626 5694 postremo
2678 5639 2812 5677 cum
2861 5623 3182 5678 saevissima
3214 5629 3421 5693 morte,
3455 5641 3596 5696 regn

1977 5711 2225 5768 caelestis
2255 5712 2570 5786 participes
2609 5711 2735 5768 ﬁeri
2765 5715 3118 5769 mereantur.
