4114 6184
416 412 533 476 123

478 548 563 603 Ad
596 546 716 603 haec
746 548 923 603 etiam
950 546 1147 605 nullus
1168 546 1227 603 in
1258 552 1425 605 aetate
1456 548 1809 621 intelligibili
1834 549 2061 622 positus
2091 550 2145 616 Α

408 636 779 709 relinquitur,
806 638 905 709 qui
936 655 1051 693 non
1085 638 1408 694 secundum
1436 640 1777 710 qualitatem
1813 641 1921 697 sibi
1949 639 2063 697 col-

404 726 557 789 latae,
590 726 677 781 vel
728 726 787 780 in
837 726 1082 782 scientia
1126 745 1227 785 seu
1261 728 1561 800 sospitate,
1596 734 1685 785 vel
1718 731 1978 802 potentia
2029 749 2062 788 a

404 815 517 871 Deo
550 816 830 887 probetur
860 816 997 888 quid
1030 834 1132 889 pro
1173 817 1322 891 [cod.
1357 822 1545 874 Lamb.
1582 820 1672 890 in]
1703 820 1831 890 ejus
1864 838 2060 877 amore

403 920 573 973 agere
621 904 708 961 vel
762 906 881 977 pati
934 906 1087 962 velit.
1122 908 1193 962 Et
1240 913 1459 979 quanta
1508 910 1912 977 consonantia,
1947 929 2061 982 qua

407 1009 562 1049 unus
594 992 844 1064 quisque
868 1010 977 1082 per
998 994 1179 1049 alium
1211 995 1492 1065 probatur
1525 995 1572 1050 si
1605 1000 1694 1051 est
1724 997 2059 1069 intelligens

410 1086 512 1139 aut
542 1082 846 1153 requirens
882 1083 1062 1138 Deum
1083 1083 1110 1137 ?

480 1170 577 1226 Sol
609 1188 864 1244 quoque,
898 1172 1036 1228 luna
1065 1178 1121 1228 et
1148 1174 1373 1230 fructus
1405 1179 1607 1243 terrae;
1641 1176 1919 1241 volatilia,
1956 1193 2059 1232 nec

409 1276 525 1315 non
557 1261 829 1316 universa
856 1261 1135 1317 animalia
1165 1280 1291 1334 quae
1332 1263 1389 1317 in
1440 1264 1609 1335 aquis
1658 1265 1745 1320 vel
1800 1266 1856 1319 in
1906 1269 2060 1321 terra

408 1354 736 1416 versantur,
755 1352 896 1405 dum
923 1350 1258 1407 nullatenus
1283 1354 1351 1407 ad
1381 1369 1441 1408 se
1465 1370 1565 1408 seu
1595 1358 1829 1425 propter
1850 1371 1931 1423 se,
1956 1355 2057 1409 sed

407 1438 480 1493 ad
507 1438 798 1494 humanos
824 1442 1235 1495 tantummodo
1260 1459 1403 1497 usus
1424 1443 1663 1498 condita
1686 1444 2057 1503 subsistunt:

410 1529 804 1583 consonantiae
836 1530 1092 1599 profecto
1124 1530 1280 1585 velut
1320 1530 1547 1586 numeri
1592 1531 1814 1587 relativi
1864 1533 2057 1589 deser-

409 1615 597 1672 viunt.
624 1618 703 1672 Ex
730 1618 945 1689 quibus
966 1618 1117 1673 valet
1146 1620 1379 1691 probari
1411 1621 1568 1691 quia,
1594 1622 1746 1676 sicut
1776 1622 2058 1694 scriptum

413 1709 523 1772 est,
550 1705 693 1761 nihil
723 1707 780 1761 in
814 1712 969 1763 terra
998 1709 1063 1763 ﬁt
1094 1708 1218 1764 sine
1249 1726 1444 1778 causa,
1471 1711 1570 1766 sed
1594 1714 1781 1767 totum
1814 1713 1922 1769 sub
1954 1712 2059 1767 ali-

417 1812 534 1867 qua
564 1796 901 1852 ordinatum
932 1802 1022 1853 est
1052 1800 1455 1855 consonantia.

1018 1889 1248 1944 CAPUT
1290 1890 1451 1945 XLV.

684 1977 759 2032 De
788 1976 1104 2048 harmonia,
1135 1996 1252 2050 qua:
1281 1981 1341 2034 in
1373 1980 1541 2035 beatis
1572 1981 1791 2037 obtinet.

485 2066 689 2121 Adhuc
714 2066 783 2121 de
816 2067 1016 2138 unius,
1037 2067 1355 2123 harmoniae
1376 2068 1628 2125 caelestis
1650 2070 1889 2140 scilicet,
1918 2087 2062 2142 qua-

419 2153 605 2220 litate,
639 2171 765 2226 quae
811 2159 971 2211 tanto
1021 2156 1316 2212 difﬁcilior
1366 2163 1456 2213 est
1505 2159 1575 2213 ad
1626 2160 2060 2231 proferendum,

417 2249 637 2316 quanto
670 2244 867 2301 minus
897 2245 1075 2301 habet
1114 2246 1302 2301 ullum
1357 2247 1653 2319 corporale
1702 2248 1785 2304 vel
1836 2248 2063 2304 visibile

416 2333 900 2401 instrumentum,
926 2335 1137 2406 dicere,
1169 2340 1341 2408 prout
1372 2338 1514 2393 ﬁdes
1546 2336 1752 2393 exinde
1782 2338 2075 2410 capienda.

417 2423 800 2494 suggesserit,
831 2423 990 2478 libet.
1023 2425 1177 2479 Nihil
1209 2425 1364 2480 enim
1396 2426 1554 2481 aliud
1588 2427 1699 2482 nisi
1733 2428 1885 2497 quod
1919 2428 2064 2483 ﬁdes

415 2526 621 2581 capere
652 2510 825 2581 valet,
860 2511 994 2567 inde
1026 2513 1301 2584 cuiquam
1341 2515 1533 2570 dicere
1578 2516 1732 2570 licet.
1768 2517 1876 2571 Sed
1929 2517 2067 2588 quia

415 2599 699 2671 scriptum
732 2604 822 2655 est
856 2617 869 2656 :
920 2601 1075 2657 Fides
1111 2604 1509 2674 sperandarum
1537 2605 1843 2660 substantia
1870 2608 1949 2661 est
1978 2622 2064 2661 re-

415 2705 562 2755 rum,
596 2700 986 2757 argumentum
1032 2708 1141 2747 non
1189 2695 1573 2764 apparentium
1620 2695 1800 2765 (Hebr.
1836 2696 1956 2767 x1);
2011 2698 2068 2750 et

418 2777 703 2833 Dominus
724 2783 781 2834 et
802 2778 1067 2836 Salvator
1088 2786 1306 2849 noster,
1332 2786 1395 2837 ut
1415 2783 1473 2837 in
1498 2782 1806 2855 Evangelio
1828 2783 2063 2855 legitur,

1422 414 1765 478 0THLONI
1812 414 2164 478 MONACHI
2208 414 2271 477 S.
2321 414 2814 483 EMMERAMMI

3650 492 3653 499 λ
3710 416 3827 478 m

2764 552 3001 608 CAPUT
3042 550 3233 608 XLVI.

2169 640 2245 695 De
2273 641 2508 697 diversis
2558 641 2671 697 diei
2716 652 2773 698 et
2826 644 3003 768 nocti;
3030 641 3309 713 mysteriis
3355 643 3407 697 et
3452 641 3823 714 signiﬁcatio-

2897 731 2958 768 ηε
3000 730 3081 768 us.

2897 730 3081 769 meus.

2242 819 2555 892 Hucus’que
2584 821 2655 875 de
2687 820 2914 876 numeri
2948 820 3223 892 mysterio
3250 820 3712 893 disserens,jam
3746 823 3817 878 ad

2169 924 2369 964 eorum
2419 927 2547 982 quia
2595 910 2804 966 deinde
2851 909 3153 982 proposita
3185 913 3341 975 sunt,
3375 909 3434 964 id
3467 913 3574 980 est,
3608 910 3721 965 diei
3755 927 3822 967 ac

2170 998 2375 1065 noctis,
2415 996 2713 1071 languoris
2762 1004 2818 1055 et
2864 999 3188 1069 medicinae,
3221 998 3398 1071 copia:
3452 1002 3509 1055 et
3561 1001 3820 1072 penuriaa

2169 1087 2447 1159 mysteria
2476 1087 2840 1159 explananda
2869 1088 3121 1144 transire
3151 1088 3340 1159 cupio.
3373 1089 3481 1143 Sed
3514 1088 3617 1144 illa
3646 1106 3819 1162 supe-

2168 1177 2342 1245 riora,
2374 1176 2432 1231 id
2482 1182 2572 1232 est
2620 1177 2744 1233 dies
2792 1194 2857 1233 ac
2903 1195 3035 1244 nox,
3068 1194 3172 1250 pro
3204 1177 3631 1250 signiﬁcatione
3661 1179 3824 1236 varia

2170 1271 2491 1337 ponuntur.
2517 1266 2647 1323 Dies
2679 1282 2932 1339 namque
2955 1267 3157 1323 Jesum
3182 1266 3483 1322 Christum
3508 1266 3822 1339 aliquando

2170 1354 2480 1427 signiﬁcat,
2516 1360 2580 1411 ut
2611 1356 2688 1411 ibi
2725 1373 2739 1411 :
2788 1358 2978 1412 Nonne
3014 1356 3300 1413 duodecim
3328 1360 3481 1413 horae
3508 1358 3638 1412 sunt
3668 1357 3826 1413 diei?

2170 1444 2347 1515 (Joan.
2382 1447 2462 1511 ιι).
2497 1446 2565 1499 Et
2612 1462 2725 1500 nox
2775 1445 3101 1509 diabolum,
3135 1450 3200 1501 ut
3232 1463 3244 1501 :
3296 1449 3517 1504 Noctem
3546 1447 3705 1501 illam
3740 1455 3825 1502 te-

2168 1533 2425 1587 nebrosus
2478 1533 2637 1590 turbo
2683 1534 2956 1605 possideat
3003 1535 3137 1605 (Job.
3172 1534 3284 1606 ιιι).
3337 1534 3638 1590 Interdum
3690 1552 3822 1591 vero

2171 1621 2295 1676 dies
2317 1620 2491 1677 ﬁdem
2513 1621 2601 1677 vel
2617 1622 2913 1692 justitiam
2936 1642 2949 1692 ;
2975 1639 3087 1679 nox
3109 1622 3514 1679 inﬁdelitatem
3536 1628 3592 1679 et
3613 1624 3823 1696 iniqui-

2172 1714 2373 1767 tatem.
2408 1711 2479 1767 Ut
2514 1728 2526 1769 :
2567 1713 2685 1768 Nox
2714 1715 3010 1784 prmerssit,
3043 1713 3155 1769 dies
3187 1721 3372 1769 autem
3400 1716 3822 1785 appropinqua-

2169 1803 2247 1856 vit
2267 1802 2445 1871 (Rom.
2468 1801 2614 1872 xm).
2640 1802 2708 1856 Et
2731 1801 2945 1857 iterum
2974 1820 2987 1858 :
3016 1804 3199 1859 Eratis
3231 1802 3528 1875 aliquando
3558 1803 3822 1873 tenebrae,

2092 1928 2140 1992 B
2169 1906 2318 1992 nunc
2344 1898 2525 1992 autem
2558 1890 2655 1989 tua:
2684 1891 2743 1945 in
2772 1893 2999 1991 Domino
3030 1892 3248 1964 (Ephes.

2242 1979 2541 2034 Interdum
2564 1979 2740 2035 etiam
2765 1980 2890 2036 dies
2912 1998 3013 2052 pro
3035 1980 3461 2054 tranquilitate,
3484 1984 3541 2036 et
3572 1998 3687 2037 nox
3716 1998 3818 2053 po-

2172 2068 2332 2123 nitur
2380 2085 2483 2139 pro
2531 2068 2850 2125 tentatione
2894 2070 2983 2125 vel
3027 2069 3424 2126 tribulatione.
3459 2070 3576 2126 Ut:
3632 2072 3691 2126 In
3736 2070 3826 2126 die

2171 2158 2469 2213 mandavit
2489 2159 2756 2213 Dominus
2788 2158 3222 2215 misericordiam
3241 2176 3419 2225 suam,
3442 2168 3494 2215 et
3514 2168 3668 2215 nocte
3688 2176 3823 2215 can-

2174 2248 2349 2303 ticum
2371 2249 2491 2318 ejus
2514 2248 2689 2318 (Psal.
2715 2249 2850 2317 xu).
2874 2253 2955 2303 Ac
2986 2248 3035 2304 si
3066 2253 3262 2320 aperte
3284 2248 3542 2304 dicatur:
3577 2253 3641 2304 In
3664 2252 3823 2304 tran-

2173 2335 2463 2407 quillitate
2480 2336 2892 2393 misericordiae
2907 2337 3113 2392 divinae
3131 2338 3339 2393 notitia
3357 2338 3825 2405 commendatur,

2174 2425 2277 2480 sed
2310 2425 2367 2478 in
2412 2424 2788 2481 tribulatione
2818 2427 3084 2497 ejusdem
3118 2427 3335 2483 notitiae
3366 2427 3659 2499 profectus
3691 2444 3823 2500 pro-

2173 2514 2366 2570 batur.
2384 2513 2683 2569 Invenitur
2699 2532 2933 2587 quoque
2951 2515 3074 2572 dies
3097 2533 3201 2588 pro
3225 2516 3493 2588 spiritali,
3510 2521 3567 2571 et
3585 2533 3699 2571 nox
3721 2533 3823 2589 pro

2174 2602 2393 2658 carnali
2425 2603 2661 2659 homine
2691 2604 2863 2671 dicta,
2898 2609 2962 2659 ut
2993 2622 3006 2660 :
3055 2607 3197 2661 Tuus
3228 2608 3305 2661 est
3329 2604 3460 2674 dies,
3493 2606 3739 2677 Domine,
3774 2610 3827 2661 et

2175 2697 2271 2748 tua
2299 2701 2383 2748 est
2409 2708 2520 2747 nox
2550 2695 2718 2761 (Psat.
2752 2695 2969 2766 Lxxui).
3004 2699 3084 2749 Ac
3115 2695 3164 2750 si
3194 2694 3453 2767 apertius
3483 2694 3774 2750 diceretur
3804 2710 3821 2750 :

2175 2782 2301 2837 Tua
2320 2782 2526 2853 gratia,
2542 2781 2806 2847 Domine,
2822 2782 3147 2854 spiritualis
3164 2783 3339 2839 homo
3358 2784 3629 2849 efﬁcitur,
3645 2786 3703 2839 et
3723 2787 3823 2839 tuo

415 2866 671 2939 plurima
699 2870 978 2940 mysteria
1006 2869 1263 2926 ccelestia
1315 2889 1414 2943 per
1466 2872 1662 2945 aliqua
1701 2879 2064 2929 terrenarum
2166 2870 2392 2941 judicio
2414 2870 2664 2926 carnalis
2686 2888 2816 2927 esse
2837 2873 3216 2944 permittitur.
3240 2877 3384 2928 Cum
3407 2888 3543 2945 ergo
3565 2872 3681 2928 haec
3702 2876 3825 2928 tam

423 2972 620 3011 rerum
651 2957 981 3029 explanavit
1012 2964 1357 3032 argumenta
1391 2977 1405 3016 :
1455 2962 1591 3017 hinc
1631 2963 1805 3018 etiam
1840 2979 1944 3035 ego
1976 2962 2065 3016 in-

418 3050 679 3101 structus
710 3046 981 3119 arbitror,
1017 3053 1073 3103 et
1104 3050 1272 3105 credo
1304 3066 1518 3123 magna
1548 3051 1798 3108 ccelestis
1830 3052 2065 3108 harmo-

416 3134 525 3190 niaa
549 3152 676 3191 esse
699 3143 1067 3208 argumenta,
1085 3139 1283 3195 omnia
1305 3157 1431 3211 quae
1458 3141 1633 3196 etiam
1658 3141 1775 3196 dixi
1799 3142 1868 3196 de
1888 3141 2065 3213 hujus

414 3223 545 3279 vita:
578 3226 999 3295 consonantiis,
1033 3232 1090 3283 et
1145 3246 1272 3300 quae
1321 3246 1575 3301 usquam
1625 3235 1964 3285 exercentur
2004 3231 2062 3284 in

2173 2960 2331 3016 varie
2363 2964 2680 3031 ponantur,
2713 2960 2960 3033 intelligi
2993 2962 3167 3017 datur
3197 2961 3334 3032 quia
3376 2966 3433 3017 et
3481 2960 3669 3017 adhuc
3715 2960 3827 3016 ali-

2176 3065 2353 3121 quam
2387 3049 2880 3121 signiﬁcationem
2910 3050 3124 3106 habere
3154 3050 3404 3121 possint.
3432 3050 3617 3114 Quam
3650 3050 3826 3106 etiam

2174 3153 2243 3192 ex
2274 3153 2401 3192 meo
2431 3138 2675 3209 addens,
2710 3155 2934 3210 precor,
2967 3156 3038 3194 ne
3085 3140 3423 3212 dedigneris
3454 3140 3677 3195 audire.

2244 3230 2367 3281 Nox
2397 3226 2597 3298 igitur,
2623 3231 2687 3281 ut
2719 3227 2863 3282 mihi
2886 3228 3133 3295 videtur,
3160 3245 3276 3285 non
3305 3229 3627 3301 incongrue
3646 3228 3826 3286 Vetus

416 3313 644 3370 musica
674 3321 795 3369 arte
825 3316 1241 3373 instrumenta.
1265 3300 1427 3374 Sicut
1446 3319 1601 3374 enim
1630 3320 1686 3373 in
1716 3319 1951 3391 organis
1972 3318 2061 3374 vel
2094 3300 2136 3367 C
2176 3315 2641 3383 Testamentum,
2664 3320 2721 3371 et
2750 3316 2874 3372 dies
2906 3317 3200 3389 signiﬁcat
3230 3317 3455 3373 Novum
3481 3335 3495 3386 ;
3528 3318 3629 3373 sed
3661 3322 3717 3372 et
3744 3321 3827 3373 te-

412 3402 472 3457 in
507 3402 919 3470 monochordo,
944 3422 1074 3477 qum
1093 3406 1363 3462 videlicet
1384 3408 1675 3479 praecipua
1697 3414 1836 3463 sunt
1870 3408 1929 3464 in
1955 3408 2064 3464 bu-

406 3491 671 3563 jusmodi
695 3493 1025 3565 disciplina,
1054 3496 1213 3552 varia
1233 3496 1576 3553 discrimina
1597 3514 1895 3564 sonorum,
1923 3514 2068 3570 quo-

416 3579 560 3637 libet
606 3582 779 3637 modo
828 3599 891 3638 se
937 3586 1267 3654 praecedant
1315 3585 1402 3640 vel
1436 3587 1896 3657 subsequantur,
1932 3602 2066 3657 per-

417 3669 701 3741 diapason
732 3671 1181 3728 coadunantur:
1238 3674 1317 3728 ita
1366 3674 1424 3728 in
1472 3673 1690 3729 cmlesti
1732 3691 1910 3747 regno
1940 3690 2069 3730 esse

422 3759 591 3815 credo
620 3775 633 3813 :
670 3759 904 3827 ut,1icet
925 3760 1003 3815 ibi
1026 3778 1128 3831 pro
1158 3761 1379 3817 meritis
1401 3762 1647 3817 diversis
1668 3762 1814 3819 alter
1829 3764 2067 3834 quidem

423 3852 662 3905 sanctus
678 3850 751 3905 ad
775 3849 1022 3905 alterum
1048 3850 1215 3921 quasi
1236 3851 1698 3922 sesquioctavus,
1714 3851 1771 3908 id
1789 3857 1879 3908 est
1894 3857 2070 3909 tonus

423 3937 669 4011 integer,
706 3938 851 3995 alter
878 3955 1034 4007 vero,
1056 3944 1123 3994 ut
1152 3939 1517 4012 sesquialter,
1549 3941 1608 3995 id
1639 3945 1729 3996 est
1756 3941 2028 4014 diapente
2053 3960 2066 4011 ;

426 4032 483 4083 et
506 4027 657 4084 alius
678 4032 744 4084 ut
765 4028 1193 4099 sesquitertius,
1214 4029 1272 4083 id
1298 4033 1386 4085 est
1406 4029 1771 4086 diatessaron
1792 4032 1865 4087 ad
1887 4031 2069 4088 alium

426 4118 711 4174 referatur
742 4134 755 4172 :
790 4123 985 4175 tamen
1018 4135 1221 4175 omnes
1252 4120 1435 4175 sancti
1470 4137 1572 4193 per
1601 4122 1901 4178 charitatis
1934 4139 2069 4178 con-

427 4208 709 4274 cordiam,
724 4209 892 4278 quasi
914 4223 1017 4280 per
1040 4209 1345 4281 diapason,
1366 4228 1549 4266 unum
1574 4216 1864 4282 resonent,
1885 4228 2069 4267 unum

428 4295 662 4367 sapiant
687 4314 699 4363 ;
734 4298 925 4368 sitque
952 4315 1153 4354 eorum
1180 4300 1309 4355 laus
1341 4304 1397 4355 et
1420 4302 1739 4371 gratiarum
1768 4301 1916 4357 actio
1946 4304 2070 4357 tam

426 4400 531 4457 pro
578 4384 681 4441 Dei
730 4390 788 4441 et
835 4385 1091 4443 hominis
1144 4390 1308 4461 (quia
1336 4389 1488 4447 Deus
1518 4389 1693 4445 homo
1726 4390 1911 4445 factus
1959 4392 2071 4462 est)

427 4489 533 4531 nec
563 4490 677 4531 non
712 4491 814 4547 pro
858 4477 1123 4532 omnium
1155 4479 1500 4536 saeculorum
1548 4484 1606 4535 et
1648 4478 2072 4536 elementorum

432 4570 607 4639 atque
627 4582 821 4622 rerum
842 4567 1241 4639 consonantia,
1258 4584 1435 4640 quam
1457 4586 1559 4640 pro
1576 4569 1925 4641 gaudiorum
1944 4586 2076 4626 suo-

2174 3421 2375 3460 neram
2408 3404 2665 3461 hominis
2699 3405 3009 3462 infantiam
3057 3406 3145 3461 vel
3197 3406 3637 3462 conversionem
3687 3423 3824 3475 nox,

2176 3492 2299 3549 dies
2332 3497 2527 3549 autem
2559 3498 2825 3551 maturos
2856 3494 3115 3551 hominis
3145 3512 3328 3551 annos
3358 3500 3416 3551 et
3444 3512 3657 3552 mores.
3686 3496 3821 3559 Quae

2177 3582 2401 3639 scilicet
2421 3586 2477 3638 et
2496 3582 2555 3638 in
2581 3582 2689 3639 hoc
2719 3582 2888 3639 valde
2919 3584 3297 3651 concordant,
3322 3583 3462 3656 quia
3490 3584 3646 3641 sicut
3668 3587 3822 3657 Apo-

2177 3671 2365 3728 stolus
2398 3671 2537 3728 dicit
2572 3689 2586 3727 :
2634 3673 2753 3727 Non
2791 3674 2951 3743 prius
2979 3674 3125 3745 quod
3150 3675 3407 3745 spiritale
3435 3678 3533 3743 est,
3566 3672 3657 3729 sed
3686 3674 3828 3745 quod

2177 3761 2420 3817 animale
2448 3761 2497 3832 (Ι
2521 3762 2645 3819 Cor.
2670 3761 2748 3832 v).
2778 3761 2842 3818 In
2874 3761 3151 3819 omnibus
3182 3761 3459 3835 precedit
3487 3760 3740 3818 animale
3769 3764 3830 3816 et

2178 3849 2448 3917 carnale;
2482 3849 2752 3922 sequitur
2780 3853 2976 3906 autem
3008 3852 3165 3922 quod
3196 3854 3285 3909 est
3315 3850 3641 3925 spirituale.
3666 3851 3830 3907 Sicut

2180 3939 2336 3995 enim
2358 3955 2493 4005 nox,
2509 3938 2803 3995 carnalem
2825 3939 3030 4013 utique
3053 3939 3233 3997 vitam
3256 3940 3616 4013 signiﬁcans,
3631 3939 3830 3996 divina

2179 4027 2545 4084 institutione
2565 4029 2688 4100 jam
2716 4028 2991 4100 praecedit
3009 4029 3188 4098 diem,
3212 4046 3340 4102 quae
3363 4030 3634 4103 designat
3655 4028 3831 4102 spiri-

2181 4117 2398 4174 tualem
2423 4134 2436 4173 :
2470 4118 2551 4173 ita
2580 4122 2637 4173 et
2655 4117 2834 4173 Vetus
2856 4119 3321 4191 Testamentum,
3344 4134 3449 4175 nec
3479 4135 3594 4176 non
3613 4117 3831 4175 teneri-

2180 4209 2323 4265 tudo
2356 4223 2645 4264 annorum
2678 4208 2859 4263 simul
2888 4211 2946 4263 et
2986 4224 3219 4263 morum
3251 4208 3565 4265 carnaliter
3590 4222 3832 4264 conver-

2182 4297 2375 4354 santia
2391 4297 2493 4369 [ita
2508 4305 2735 4368 uterque
2750 4297 2890 4368 cod.]
2908 4298 3273 4369 praecedunt;
3292 4300 3621 4371 sequuntur
3632 4299 3831 4353 autem

2181 4387 2407 4443 Novum
2438 4390 2495 4443 et
2524 4391 2661 4443 aetas
2692 4391 2751 4443 et
2780 4386 3141 4444 conversatio
3173 4390 3425 4457 matura,
3460 4385 3831 4459 spiritualem

2182 4475 2630 4548 intelligentiam
2653 4476 2888 4531 sortitae.
2912 4475 3125 4549 Magna
3144 4491 3281 4549 ergo
3301 4479 3429 4533 erat
3447 4492 3560 4533 nox
3581 4475 3645 4531 in
3666 4491 3837 4531 mun-

2185 4567 2278 4634 do,
2328 4582 2463 4622 cum
2512 4564 2676 4621 nulla
2724 4580 2870 4637 pene
2915 4565 3033 4621 nisi
3080 4565 3427 4639 temporalia
3472 4568 3531 4622 et
3574 4563 3836 4622 carnalia

430 4673 563 4712 rum
586 4657 1073 4729 remuneratione,
1088 4659 1445 4731 sempiterna
1466 4658 1634 4728 quasi
1656 4660 1924 4729 quaedam
1945 4659 2077 4715 har—
2103 4676 2152 4743 Ι)
2185 4655 2341 4712 bona
2368 4656 2638 4712 homines
2665 4655 2965 4711 amabant.
2990 4654 3204 4727 Magna
3224 4654 3609 4712 nihilominus
3637 4670 3751 4711 nox
3768 4652 3835 4710 in

432 4746 631 4803 monia
678 4748 899 4804 habens
944 4748 1137 4803 varias
1185 4746 1544 4803 diﬁ‘erentias
1593 4746 1922 4803 sanctitatis
1969 4764 2072 4819 pro
2182 4744 2719 4818 homine,quandiu
2742 4743 2967 4800 nullam
2988 4743 3166 4800 habet
3183 4743 3301 4801 vim
3323 4744 3571 4802 rationis
3590 4744 3835 4801 etbonm

430 4836 607 4891 variis
641 4836 1099 4909 discrepantium
1133 4852 1339 4891 vocum
1371 4835 1598 4905 modis;
1645 4836 1868 4891 habens
1901 4836 2077 4891 etiam

433 4926 754 4982 sanctiores
777 4942 1043 4999 quosque
1066 4924 1381 4996 dispositos
1404 4942 1506 4997 pro
1537 4925 1863 4982 intensione
1890 4944 1902 4993 ;
1937 4926 2079 4981 infe-

435 5014 618 5071 riores
648 5032 781 5071 vero
814 5032 916 5087 pro
949 5013 1311 5069 remissione.

508 5104 637 5161 Haec
670 5109 863 5160 autem
916 5104 998 5158 ita
1044 5118 1172 5156 esse
1219 5118 1333 5158 non
1384 5102 1632 5171 afﬁrmo,
1668 5105 1792 5169 sed,
1827 5107 1889 5159 ut
1936 5104 2074 5171 dixi,

434 5196 629 5262 credo,
655 5194 847 5249 sciens
876 5193 1160 5263 scriptum
1188 5208 1200 5246 :
1240 5192 1484 5249 Videmus
1504 5210 1649 5248 nunc
1674 5210 1770 5265 per
1797 5195 2077 5263 speculum

434 5288 493 5340 in
524 5288 842 5358 aenigmate,
874 5289 1005 5337 tunc
1050 5286 1257 5351 autem,
1290 5282 1345 5337 id
1378 5286 1485 5349 est,
1520 5282 1578 5337 in
1612 5283 1807 5339 futuro
1839 5283 2071 5351 saeculo,

426 5376 573 5445 facie
602 5375 670 5429 ad
698 5375 899 5444 faciem
943 5373 988 5442 (Ι
1019 5371 1143 5427 Cor.
1178 5372 1323 5443 xm).
1358 5373 1423 5427 Et
1456 5371 1667 5429 iterum
1704 5390 1716 5427 :
1772 5376 1878 5429 Per
1904 5374 2070 5444 ﬁdem

426 5464 575 5518 enim
624 5478 780 5516 nunc
827 5462 1196 5527 ambulamus,
1228 5466 1277 5517 et
1320 5478 1431 5517 non
1451 5478 1558 5535 per
1586 5465 1816 5534 speciem
1846 5464 1918 5534 (II
1945 5464 2065 5519 Cor.

421 5551 498 5621 v).
534 5551 907 5622 Rursumque
943 5569 955 5606 :
1010 5551 1159 5620 Quod
1206 5551 1393 5607 oculus
1441 5569 1547 5608 non
1596 5553 1756 5622 vidit,
1786 5569 1883 5608 nec
1912 5554 2067 5608 auris

423 5638 656 5707 audivit,
686 5655 782 5695 nec
811 5641 867 5695 in
896 5656 986 5697 cor
1016 5640 1252 5697 hominis
1280 5641 1545 5711 ascendit,
1575 5658 1698 5714 qum
1720 5644 2065 5716 praeparavit

420 5732 560 5801 Deus
587 5730 945 5805 diligentibus
971 5746 1027 5789 se
1056 5733 1105 5803 (I
1135 5733 1263 5790 Cor.
1298 5732 1381 5805 ιι).

2187 4835 2664 4891 conversationis.
2698 4833 2861 4890 Unde
2909 4833 3004 4889 his
3043 4834 3318 4890 omnibus
3371 4833 3515 4891 satis
3563 4832 3839 4907 congruit

2189 4924 2373 4979 oratio
2398 4922 2499 4979 illa
2523 4922 2811 4979 Zachariae
2842 4940 2855 4979 :
2896 4923 3221 4980 Illuminare
3255 4923 3501 4993 Domine,
3525 4923 3613 4979 his
3640 4924 3739 4995 qui
3770 4923 3838 4977 in

2189 5015 2425 5070 tenebris
2444 5017 2497 5070 et
2525 5015 2585 5067 in
2614 5014 2810 5068 umbra
2838 5014 3031 5069 mortis
3050 5011 3237 5068 sedent
3256 5013 3405 5085 (Luc.
3426 5014 3488 5086 1).
3513 5012 3626 5068 Sed
3653 5015 3711 5067 et
3729 5010 3838 5068 illa

2184 5103 2360 5159 verba
2388 5120 2515 5174 quae
2557 5102 2615 5156 in
2648 5101 2883 5174 hymnis
2912 5101 3216 5158 nocturnis
3248 5102 3467 5159 orando
3510 5101 3781 5158 canimus
3814 5116 3832 5158 :

2186 5194 2294 5264 Tu,
2318 5192 2563 5261 Christe,
2588 5206 2860 5246 somnum
2884 5190 3089 5261 disjice
3114 5208 3128 5260 ;
3161 5195 3245 5261 tu,
3269 5206 3479 5265 rumpe
3499 5190 3686 5248 noctis
3706 5189 3835 5247 vin-

2183 5281 2315 5337 cula
2342 5302 2358 5351 ς
2404 5284 2491 5351 tu,
2524 5279 2679 5336 solve
2710 5282 3015 5351 peccatum
3046 5283 3236 5351 vetus,
3267 5297 3603 5354 novumque
3631 5280 3837 5337 lumen

2180 5371 2399 5445 ingere.

2251 5462 2322 5518 Ut
2349 5463 2545 5517 autem
2573 5458 2722 5515 hanc
2753 5458 3247 5532 signiﬁcationem
3279 5476 3315 5517 ο,
3344 5459 3514 5517 nobis
3544 5457 3841 5534 prolatam

2174 5550 2353 5608 latius
2383 5548 2735 5623 replicemus
2784 5554 2840 5605 et
2890 5549 3284 5616 conferamus,
3319 5548 3477 5605 sicut
3530 5549 3591 5605 in
3641 5547 3841 5621 primo

2174 5639 2362 5697 noctis
2385 5644 2646 5711 tempore
2666 5639 2937 5695 homines
2960 5654 3165 5696 somno
3187 5638 3369 5711 gravi,
3393 5642 3515 5696 tam
3538 5654 3607 5695 ex
3628 5651 3840 5695 neces-

2175 5728 2346 5788 sitate
2368 5726 2624 5789 naturali
2640 5743 2817 5801 quam
2840 5726 3037 5800 aliquo
3060 5726 3263 5787 labore
3278 5727 3515 5797 diurno,
3530 5727 3721 5787 solent
3740 5725 3843 5786 de—
