4118 6188
249 431 363 495 125

1224 430 1535 494 DlALOG.
1584 431 1683 492 DE
1727 431 2016 495 THIBUS
2062 430 2691 504 QUIESTIONIBUS.

3552 439 3668 503 126

249 562 441 640 primi,
473 561 636 620 nullo
668 559 805 637 galli
829 565 1002 619 cantu
1027 567 1130 620 aut
1150 564 1456 622 familiaris
1478 582 1627 620 cura
1648 565 1895 637 strepitu
1925 566 1980 632 Α
2008 581 2074 621 eo
2107 565 2205 637 qui
2239 571 2616 638 prosperatur
2648 568 2705 622 in
2736 568 2828 625 via
2858 586 2984 640 sua,
3035 569 3092 626 in
3153 569 3392 627 homine
3422 571 3670 631 faciente

248 653 514 719 excitati,
573 652 653 707 ita
684 655 740 707 et
787 651 844 707 in
878 651 1070 724 prima
1103 652 1308 709 mundi
1329 658 1494 710 atate
1525 670 1728 710 omnes
1752 670 1899 726 pene

246 741 656 816 temporalium
670 741 957 798 bonorum
971 742 1414 816 carnaliumque
1427 743 1556 800 volu
1567 748 1791 816 ptatum
1808 748 1900 800 tor

244 847 376 908 pore
389 831 668 903 jacebant
688 830 970 902 depressi,
1007 831 1168 888 nullo
1186 831 1431 904 spiritali
1453 832 1604 905 gallo
1649 832 1734 888 vel
1762 850 1901 889 cura

249 919 518 996 perennis
545 919 678 974 vita
709 919 782 974 ab
809 918 920 974 hoc
947 918 1149 975 lethali
1183 937 1388 978 somno
1421 923 1688 978 revocati.
1733 923 1894 988 Quod

251 1009 466 1068 scilicet
495 1009 581 1064 ita
611 1024 738 1064 esse
760 1007 1129 1079 apertissime
1151 1010 1454 1082 Scriptura
1471 1027 1634 1066 sacra
1651 1015 1900 1066 testante

254 1099 568 1173 probatur;
601 1114 753 1169 qua,
785 1097 1039 1170 exceptis
1065 1103 1196 1154 octo
1228 1098 1803 1168 hominibus,omnes
1839 1099 1898 1154 in

253 1194 509 1261 tempore
536 1185 660 1254 illo,
688 1185 906 1242 diluvio
931 1187 1256 1244 inundante
1303 1194 1502 1245 narrat
1561 1189 1898 1245 exstinctos.

256 1279 320 1334 In
360 1283 558 1333 tenera
606 1275 787 1332 etiam
848 1281 1018 1332 atate
1063 1276 1150 1332 vel
1205 1279 1578 1334 conversione
1621 1278 1898 1346 hominis,

260 1366 507 1423 necdum
527 1365 814 1439 capacitas
826 1366 1348 1433 rationis,necdum
1369 1367 1571 1440 vigilat
1593 1384 1756 1424 amor
1776 1367 1902 1423 vita

260 1454 571 1528 spiritualis
590 1472 610 1516 ;
640 1455 741 1510 sed
777 1455 1046 1510 imminet
1059 1455 1248 1511 adhuc
1273 1473 1521 1512 somnus
1545 1457 1784 1529 quidem
1819 1458 1904 1512 ni-

257 1546 386 1602 mia
411 1543 737 1617 fragilitatis
766 1549 824 1600 et
851 1545 1096 1600 affectus
1125 1545 1441 1602 sacularis.
1474 1546 1714 1612 Deinde,
1753 1547 1905 1601 sicut

255 1638 413 1692 nocte
427 1633 622 1690 media
640 1633 1151 1706 appropinquante
1173 1633 1310 1707 galli
1334 1638 1540 1692 cantus
1557 1635 1787 1707 aliquos
1809 1653 1904 1692 ex-

253 1723 384 1781 citat
430 1727 488 1779 et
545 1723 618 1778 ad
679 1723 909 1795 negotia
956 1722 1134 1794 hujus
1165 1724 1290 1779 vita
1325 1724 1654 1781 necessaria
1681 1725 1907 1796 agenda

254 1816 534 1886 provocat,
595 1811 678 1866 ita
731 1811 908 1868 etiam
956 1812 1018 1867 in
1049 1812 1235 1867 atatis
1260 1813 1570 1868 mundana
1603 1829 1902 1885 processu.

2006 653 2353 725 injustitias.
2391 655 2564 727 (Psal.
2600 660 2810 728 xxxvr).
2846 658 3228 732 Disciplinam
3261 661 3516 732 Domini,
3563 661 3669 717 {illi

2009 744 2112 810 mi,
2145 761 2216 800 ne
2247 745 2512 816 abjicias,
2547 762 2651 802 nec
2684 747 2919 802 delicias
2951 765 3084 804 cum
3137 751 3207 805 ab
3253 767 3319 806 eo
3381 752 3668 824 argueris.

2010 835 2192 899 Quem
2224 834 2382 889 enim
2416 835 2630 908 diligit,
2666 835 2947 892 Dominus
2979 839 3220 910 corripit
3249 840 3446 909 (Hebr.
3489 841 3589 913 xu),
3613 846 3671 897 et

2010 923 2178 994 quasi
2236 929 2400 995 pater
2457 923 2518 980 in
2570 924 2688 980 lilio
2740 925 3062 998 complacet
3092 926 3222 983 sibi.
3269 929 3670 1003 Quodcunque

2012 1028 2224 1068 manus
2281 1017 2384 1069 tua
2415 1018 2606 1086 potest
2637 1016 2844 1082 facere,
2879 1019 3170 1072 instanter
3199 1033 3474 1088 operare;
3527 1020 3668 1091 quia

2010 1117 2117 1157 nec
2172 1119 2339 1174 opus,
2393 1119 2497 1159 nec
2538 1105 2707 1171 ratio,
2733 1121 2836 1160 nec
2860 1105 3106 1160 scientia
3135 1111 3308 1162 erunt
3336 1107 3491 1179 apud
3523 1107 3670 1164 infe-

2011 1207 2128 1257 ros,
2159 1207 2276 1261 quo
2307 1196 2369 1246 tu
2393 1209 2690 1264 properas.
2726 1194 3016 1250 Memento
3046 1195 3332 1251 Creatoris
3361 1195 3447 1252 tui
3472 1196 3532 1250 in
3555 1195 3675 1252 die-

2011 1279 2465 1350 busjuventutis
2500 1287 2612 1337 tua
2645 1283 2842 1353 (Eccle.
2871 1284 2995 1355 xu),
3021 1289 3077 1339 et
3108 1301 3179 1339 ne
3200 1285 3394 1340 tardes
3414 1286 3671 1342 converti

2013 1368 2084 1423 ad
2117 1368 2423 1425 dominum
2455 1372 2644 1442 (Eccli.
2679 1373 2753 1442 v).
2787 1373 2921 1436 Qua
2961 1373 3116 1428 enim
3151 1374 3514 1444 ajuventute
3570 1379 3676 1430 tua

2013 1474 2128 1513 non
2161 1475 2499 1532 congregas,
2525 1463 2817 1533 quomodo
2863 1463 3088 1518 invenis
3135 1479 3202 1518 ea
3253 1464 3314 1519 in
3373 1469 3674 1521 senectute

2012 1546 2161 1601 tua?
2193 1547 2298 1602 Fili
2331 1547 2433 1614 mi,
2468 1550 2751 1604 accedens
2783 1549 2855 1604 ad
2879 1549 3217 1606 servitutem
3250 1550 3371 1620 Dei,
3406 1556 3499 1606 sta
3529 1551 3587 1606 in
3607 1551 3674 1605 ti-

2013 1651 2174 1691 more
2232 1641 2287 1691 et
2325 1637 2580 1708 justitia,
2639 1643 2696 1694 et
2745 1656 2884 1711 para
2915 1638 3171 1695 animam
3202 1643 3366 1695 tuam
3399 1640 3469 1694 ad
3489 1643 3674 1695 tenta-

2012 1724 2232 1780 tionem
2262 1727 2434 1797 (Eccli
2463 1728 2547 1797 ιι).
2588 1750 2607 1775 η

2087 1816 2233 1870 Item
2259 1815 2528 1887 pluribus
2550 1816 2882 1872 dicendum.
2903 1840 2929 1866 «
2956 1818 3198 1874 Gustate
3227 1822 3284 1874 et
3307 1818 3497 1874 videte
3529 1835 3673 1890 quo.

253 1901 585 1975 patriarcha
616 1900 806 1957 sancti
837 1901 1141 1973 praceptis
1163 1901 1380 1957 divinis
1401 1902 1701 1969 instructi,
1727 1901 1902 1974 pluri—
1943 1939 1992 2004 Β
2022 1903 2181 1960 niam
2213 1905 2408 1959 suavis
2438 1909 2528 1960 est
2559 1905 2860 1961 Dominus.
2895 1907 3104 1961 Beatus
3134 1906 3221 1961 vir
3254 1907 3355 1979 qui
3383 1908 3591 1978 lsperat
3613 1907 3673 1962 in

254 2007 370 2047 mos
386 1989 669 2047 mortales
683 2005 845 2046 more
875 1989 1164 2062 gallorum
1195 1996 1496 2063 coeperunt
1527 1994 1798 2059 excitare,
1819 1992 1916 2047 ob-

258 2079 721 2151 servationesque
775 2079 968 2136 varias
1016 2079 1344 2146 instituere,
1391 2077 1519 2152 qua
1555 2085 1674 2136 tam
1701 2081 1912 2136 anima

258 2185 420 2242 quam
452 2168 684 2242 corpori
717 2169 950 2224 fuerant
979 2168 1310 2225 necessaria
1335 2169 1586 2226 .Similia
1615 2171 1687 2226 de
1731 2170 1915 2226 homi-

253 2258 340 2315 nis
358 2262 522 2314 atate
535 2257 624 2314 vel
646 2259 1021 2314 conversione
1039 2258 1374 2330 proficiente
1440 2264 1712 2314 constant
1749 2259 1915 2315 intel-

248 2347 498 2420 ligenda.
531 2347 694 2402 Tunc
727 2345 883 2402 enim
903 2347 1172 2402 rationali
1193 2347 1334 2419 [cod.
1358 2348 1524 2403 Cruc.
1553 2347 1911 2420 rationabili]

255 2441 312 2493 et
338 2434 624 2509 spirituali
654 2435 1033 2508 sensu,quasi
1058 2437 1310 2508 quodam
1335 2435 1472 2509 galli
1492 2440 1666 2492 cantu
1695 2438 1911 2492 excita-

248 2530 364 2594 tus,
397 2525 602 2596 incipit
629 2524 786 2580 inter
809 2525 1033 2580 bonum
1065 2530 1123 2580 et
1150 2524 1373 2581 malum
1398 2525 1750 2595 discernere,
1774 2527 1911 2582 etin

242 2615 439 2688 quavis
470 2613 789 2687 disciplina
829 2614 1133 2686 proficere.

308 2708 444 2760 Post
473 2704 600 2760 hac
631 2720 767 2760 vero
794 2720 1009 2760 aurora
1026 2703 1457 2777 pr0pinquante
1479 2705 1666 2778 magis
1700 2705 1912 2776 magis-

246 2809 350 2866 que
372 2793 692 2867 galliorum
725 2797 936 2849 cantus
969 2793 1118 2849 solet
1157 2798 1620 2866 perstrepere,et
1648 2795 1909 2850 excussis

244 2882 449 2955 sapius
499 2883 713 2955 pennis
782 2883 924 2938 adeo
983 2881 1356 2950 insolescere,
1416 2887 1501 2951 ut,
1544 2883 1592 2938 si
1617 2883 1788 2954 juxta
1809 2900 1908 2939 eos

250 2973 413 3046 positi
446 2972 646 3029 adhuc
677 2971 922 3028 forsitan
941 2971 1246 3043 quiescere
1265 2971 1470 3040 velint,
1489 2972 1584 3028 vix
1603 2989 1671 3028 ex
1689 2973 1766 3028 im
1774 2990 1908 3045 por-

249 3063 401 3118 tunis
432 3060 674 3118 illorum
706 3060 980 3117 cautibus
1009 3061 1260 3134 possint.
1279 3061 1372 3118 Sic
1388 3061 1693 3130 nimirum,
1713 3061 1796 3118 sic
1814 3063 1910 3117 ad-

246 3156 414 3207 ventu
446 3149 771 3206 Salvatoris
793 3149 1001 3220 nostri,
1035 3149 1176 3206 solis
1212 3149 1484 3206 videlicet
1521 3150 1744 3218 aterni,
1806 3167 1906 3223 ap-

248 3241 700 3313 propinquante,
759 3238 1017 3311 plurima
1067 3238 1485 3311 prophetarum
1518 3240 1807 3312 praconia
1836 3258 1904 3296 ac

2023 2009 2089 2049 eo
2147 1992 2325 2064 (Psal.
2357 1995 2576 2065 xxxm).
2631 1994 2818 2052 Nolite
2858 1995 3023 2066 pueri
3058 1994 3208 2049 effici
3247 1995 3541 2063 sensibus,
3573 1996 3675 2050 sed

2023 2081 2249 2138 malitia
2269 2082 2494 2154 parvuli
2519 2087 2725 2138 estote.
2750 2083 3080 2140 Sicutenim
3105 2083 3454 2140 exhibuistis
3485 2101 3674 2140 mem-

2021 2170 2128 2226 bra
2157 2175 2350 2226 vestra
2379 2173 2594 2226 servire
2614 2172 3001 2226 immunditia
3033 2177 3089 2228 et
3113 2173 3411 2245 iniquitati
3443 2174 3515 2228 ad
3562 2172 3675 2227 ini-

2024 2259 2306 2332 quitatem
2331 2277 2346 2328 ;
2380 2260 2462 2316 ita
2483 2277 2639 2316 nunc
2672 2260 2936 2316 exhibete
2959 2261 3224 2316 membra
3245 2266 3438 2317 vestra
3458 2263 3675 2317 servire

2013 2349 2257 2421 justitia
2306 2349 2365 2404 in
2421 2350 2964 2406 sanctiﬁcationem.
2996 2350 3184 2406 Nolite
3206 2352 3523 2422 prudentes
3545 2366 3675 2408 esse

2020 2439 2174 2510 apud
2207 2439 2616 2511 vosmetipsos,
2641 2438 2786 2493 nulli
2811 2439 3032 2494 malum
3056 2456 3158 2510 pro
3184 2440 3336 2494 malo
3360 2441 3668 2496 reddentes

2021 2528 2194 2599 (Rom.
2227 2531 2351 2596 xu),
2385 2525 2440 2582 et
2470 2528 2662 2583 carnis
2679 2545 2879 2582 curam
2900 2545 2970 2584 ne
2988 2528 3241 2584 feceritis
3262 2529 3322 2583 in
3344 2529 3677 2586 desideriis.

2021 2615 2273 2672 Stabiles
2293 2620 2477 2672 estote
2501 2622 2558 2672 et
2588 2615 2942 2683 immobiles,
2975 2617 3344 2673 abundantes
3381 2617 3439 2672 in
3498 2634 3671 2689 opere

2018 2705 2254 2761 Domini
2285 2723 2535 2778 semper,
2571 2706 2820 2762 scientes
2845 2705 2982 2778 quia
3007 2705 3174 2762 labor
3202 2714 3390 2763 vesler
3414 2723 3531 2762 non
3587 2711 3681 2762 est

2017 2795 2214 2852 inanis
2238 2795 2298 2850 in
2331 2795 2574 2852 Domino
2608 2797 2651 2867 (I
2675 2797 2798 2852 Cor.
2833 2797 2946 2865 xv).
2981 2796 3249 2867 Vigilate,
3299 2800 3357 2852 et
3412 2799 3560 2852 state
3612 2796 3672 2852 in

2017 2885 2134 2940 fide
2162 2909 2176 2952 ;
2210 2884 2452 2940 viriliter
2481 2885 2651 2957 agite,
2687 2889 2743 2940 et
2774 2885 3222 2941 confortamini:
3256 2885 3453 2941 omnia
3488 2890 3682 2942 vestra

2017 2973 2076 3028 in
2108 2973 2390 3030 charitate
2422 2974 2566 3030 ﬁant
2600 2975 2642 3045 (ι
2673 2977 2803 3032 Cor.
2837 2976 2971 3046 xvr).
3006 2974 3411 3030 Humiliamini
3446 2975 3556 3032 sub
3584 2991 3682 3047 po-

2015 3063 2161 3118 tenti
2192 3080 2372 3118 manu
2403 3063 2524 3133 Dei,
2551 3068 2615 3120 ut
2644 3081 2746 3121 vos
2776 3063 2989 3120 exaltet
3016 3063 3074 3119 in
3105 3069 3366 3136 tempore
3396 3063 3676 3120 visitatio-

2016 3151 2148 3208 nis:
2183 3169 2418 3209 omnem
2449 3153 2906 3210 sollicitudinem
2938 3158 3192 3209 vestram
3222 3153 3591 3226 projicientes
3613 3153 3673 3209 in

2017 3256 2178 3308 eum,
2210 3241 2488 3312 quoniam
2514 3243 2625 3314 ipsi
2650 3259 2790 3297 cura
2821 3247 2910 3297 est
2941 3243 3012 3297 de
3040 3243 3205 3297 vobis
3235 3243 3285 3313 (I
3307 3248 3453 3297 Petr.
3491 3245 3565 3314 v).

244 3311 594 3386 documenta
624 3328 1087 3400 perstrepebant,
1121 3333 1179 3384 et
1203 3345 1407 3385 omnes
1440 3311 1642 3385 secum
1669 3347 1904 3386 conver-
1935 3311 1978 3378 C
2088 3311 2385 3402 Cumergo
2438 3311 2609 3384 his'et
2632 3330 2973 3401 hujusmodi
2995 3330 3185 3384 verbis
3207 3311 3410 3384 doctor
3429 3311 3676 3400 quilibet

238 3422 437 3476 cantes
469 3418 549 3474 ad
579 3418 1014 3490 exsurgendum
1047 3418 1466 3474 emendatione
1498 3435 1728 3474 morum
1760 3419 1912 3474 exci-

236 3511 451 3573 tantes,
515 3509 831 3561 venturum
877 3507 1059 3562 totius
1118 3506 1353 3579 pietatis
1393 3511 1450 3563 et
1471 3507 1718 3580 justitia
1755 3508 1911 3564 diem

234 3593 742 3669 pranuntiabant.
801 3595 1054 3659 Quorum
1115 3613 1270 3652 unus
1293 3596 1469 3652 dixit:
1503 3602 1714 3652 Parate
1758 3599 1914 3653 viam

239 3684 482 3753 Domini,
517 3686 700 3740 rectas
720 3684 888 3754 [acite
911 3687 1137 3741 semitas
1165 3687 1271 3742 Dei
1300 3689 1520 3742 nostri:
1552 3685 1689 3758 quia
1705 3687 1912 3742 revela-

246 3774 386 3830 bitur
413 3774 611 3846 gloria
628 3774 850 3830 Domini
869 3774 996 3846 (Isa.
1028 3775 1141 3846 xL).
1174 3776 1245 3831 Et
1293 3781 1429 3847 post
1475 3793 1664 3848 pauca
1713 3776 1869 3832 idem
1898 3792 1912 3832 :

245 3863 388 3929 Ecce,
421 3861 645 3934 inquit,
678 3863 940 3919 Dominus
971 3864 1115 3919 Deus
1144 3872 1324 3920 noster
1353 3867 1414 3919 in
1447 3865 1780 3936 fortitudine
1826 3881 1912 3920 ve-

245 3951 351 4006 niet
381 3959 435 4007 et
465 3949 762 4005 brachium
790 3951 910 4021 ejus
937 3951 1314 4008 dominabitur
1333 3953 1540 4024 (Ibid).
1593 3953 1753 4009 Idem
1814 3958 1914 4026 qui

245 4053 456 4110 supra:
489 4037 814 4109 Egredietur
839 4040 1002 4108 virga
1028 4040 1094 4096 de
1120 4041 1294 4098 ratice
1347 4045 1520 4109 Iesse,
1584 4047 1634 4098 et
1692 4044 1790 4112 ﬂos
1852 4043 1916 4099 de

241 4130 486 4198 gemine
535 4129 656 4189 eius
706 4127 966 4185 ascendet
995 4129 1126 4201 (Isa.
1151 4131 1250 4201 χι).
1285 4134 1395 4186 Ast
1425 4130 1573 4187 alter
1622 4131 1917 4203 Propheta

246 4216 418 4273 dixit:
453 4219 593 4274 Ecce
620 4216 738 4274 dies
765 4218 1014 4286 venient,
1045 4218 1181 4274 dicit
1210 4221 1508 4288 Dominus,
1541 4224 1595 4276 et
1645 4221 1915 4276 suscitabo

250 4305 422 4361 David
447 4322 670 4376 germen
689 4308 945 4379 justum:
980 4315 1033 4364 et
1071 4310 1349 4377 regnabit,
1408 4325 1531 4378 vex,
1595 4317 1646 4366 et
1698 4311 1915 4382 sapiens

247 4395 428 4460 erit,et
443 4396 612 4466 faciet
620 4396 910 4468 judicium
935 4407 989 4453 et
1009 4397 1293 4470 justitiam
1322 4400 1383 4453 in
1412 4406 1559 4455 terra
1588 4401 1702 4469 (Jer
1730 4399 1913 4470 xxm).

251 4481 318 4538 Et
373 4482 533 4541 alius
563 4486 882 4560 propheta:
919 4507 950 4539 ‹‹
980 4485 1126 4542 Cum
1157 4487 1401 4556 venerit,
1435 4486 1647 4560 inquit,
1676 4492 1916 4544 sanctus

250 4577 621 4646 sanctorum,
655 4574 908 4632 cessabit
936 4576 1158 4633 unctio.
1193 4598 1222 4625 »
1255 4577 1474 4633 Eodem
1504 4578 1677 4634 modo
1720 4577 1908 4633 cateri

2023 3417 2327 3474 studiosus
2353 3419 2652 3473 auditores
2684 3434 2822 3473 suos
2856 3418 3190 3489 frequenter
3219 3418 3514 3483 admonet,
3536 3418 3677 3489 quid

2024 3507 2139 3563 nisi
2169 3506 2304 3579 galli
2340 3506 2600 3562 officium
2625 3505 2853 3578 implet,
2877 3505 3238 3561 annuntians
3258 3504 3341 3560 eis
3359 3503 3514 3560 viam
3536 3506 3681 3560 veri-

2023 3595 2163 3652 tatis
2195 3600 2251 3652 et
2272 3595 2472 3650 lumen
2504 3594 2702 3667 gratia
2734 3593 3060 3666 spiritualis
3083 3594 3273 3650 ?Nam
3292 3598 3511 3665 quanto
3545 3593 3679 3666 plus

2023 3701 2122 3740 eos
2153 3685 2224 3740 ad
2255 3685 2536 3740 virtutum
2569 3683 2767 3740 studia
2789 3683 3019 3755 excitat,
3051 3687 3214 3738 tanto
3237 3682 3476 3754 propius
3493 3683 3680 3738 sancti

2020 3773 2272 3846 Spiritus
2304 3774 2553 3846 gratiam
2584 3773 2745 3829 omni
2770 3773 2863 3828 die
2893 3772 3194 3828 clariorem
3234 3772 3347 3828 sibi
3397 3773 3680 3827 adventu-

2023 3879 2149 3919 ram
2181 3863 2512 3919 denuntiat.
2549 3863 2633 3918 Ad
2666 3867 2996 3918 extremum
3026 3878 3178 3931 vero,
3213 3861 3363 3917 sicut
3383 3866 3506 3917 orto
3537 3861 3678 3929 sole,

2024 3953 2216 4008 omnis
2241 3951 2502 4007 mundus
2523 3951 2916 4022 illuminatur,
2937 3955 2994 4008 et
3015 3952 3225 4007 umbra
3247 3951 3438 4007 omnis
3461 3950 3682 4023 effuga-

2023 4048 2139 4109 tur,
2168 4040 2252 4096 ita
2278 4040 2593 4096 adveniens
2624 4042 2685 4096 in
2718 4057 2890 4097 carne
2912 4040 3196 4096 Dominus
3217 4057 3423 4097 omnes
3440 4040 3683 4096 umbro-

2029 4147 2137 4186 sas
2166 4129 2428 4187 Mosaica
2461 4130 2606 4203 legis
2637 4131 3012 4186 caremonias
3042 4130 3181 4202 [cod.
3213 4131 3367 4186 Cruc.
3403 4129 3684 4201 supersti-

2024 4220 2234 4291 tiones]
2269 4220 2339 4275 ad
2371 4218 2696 4292 spiritualis
2728 4220 2852 4275 vita
2883 4219 3072 4278 lucem
3121 4221 3424 4288 convertit,
3478 4236 3683 4276 omnes

2021 4307 2364 4364 idololatria
2387 4309 2836 4382 superstitiones
2858 4309 3606 4380 annullavit,omniaquein
3621 4325 3683 4364 se

2025 4397 2390 4454 credentium
2411 4399 2585 4453 corda
2615 4398 2890 4454 doctrina
2931 4415 3049 4454 sua
3099 4397 3279 4452 radiis
3345 4397 3678 4453 illustravit.

2023 4486 2184 4542 Idem
2216 4503 2449 4558 quoque
2479 4485 2826 4559 intelligitur
2855 4487 3082 4542 evenire
3110 4485 3170 4541 in
3194 4486 3464 4542 humana
3491 4485 3680 4541 atatis

2023 4575 2110 4631 vel
2141 4575 2435 4648 profectus
2467 4575 2848 4647 plenitudine.
2881 4577 3045 4631 Tunc
3075 4591 3332 4647 namque
3362 4574 3412 4629 si
3463 4589 3682 4646 prace-

252 4663 553 4736 propheta
581 4663 972 4721 vaticinantes
1004 4666 1161 4722 diem
1184 4682 1410 4734 verum,
1443 4665 1503 4722 id
1535 4665 1917 4733 est,Salvato-
1943 4682 1992 4748 D
2024 4665 2303 4721 dentibus
2356 4665 2494 4737 galli
2549 4665 2840 4733 cantibus,
2875 4664 2934 4719 id
2969 4669 3058 4720 est
3087 4662 3588 4719 admonitionibus
3623 4666 3681 4718 et

251 4766 366 4809 mm
389 4757 678 4811 nostrum
707 4755 1182 4826 prauuntiabant
1213 4772 1342 4812 esse
1369 4759 1711 4812 venturum.

316 4841 553 4898 Similia
577 4841 755 4899 etiam
795 4844 990 4916 quoda
1018 4845 1192 4901 modo
1238 4845 1298 4901 in
1329 4845 1588 4901 hominis
1617 4849 1784 4902 atate
1830 4845 1916 4901 vel

253 4932 522 5002 profectu
573 4932 883 4990 maturiori
928 4935 1459 5003 evenirevidentur,
1483 4935 1624 4990 dum
1647 4935 1698 4990 ei
1718 4940 1838 4990 tam
1851 4951 1920 4991 ex

255 5017 522 5079 humana
535 5021 906 5079 institutione
917 5040 1096 5096 quam
1115 5023 1312 5080 divina
1327 5023 1709 5097 inspiratione
1725 5024 1918 5081 omnis

254 5107 576 5184 disciplina
605 5109 928 5168 exhibetur.
959 5115 1207 5186 Magnus
1231 5113 1385 5170 enim
1419 5117 1475 5169 et
1498 5114 1774 5185 frequens
1804 5113 1918 5170 dici

251 5202 438 5270 potest
470 5199 620 5274 galli
643 5204 850 5258 cantus
879 5201 1040 5258 varia
1069 5203 1388 5260 admonitio
1409 5207 1464 5260 et
1477 5204 1782 5276 correptio,
1803 5220 1920 5276 qua

248 5286 472 5363 indiget
507 5288 854 5348 adolescens
883 5295 942 5348 et
970 5293 1298 5366 neophytus
1327 5311 1342 5362 ;
1375 5293 1477 5350 sed
1509 5293 1688 5366 hujus
1721 5294 1922 5350 admo-

251 5378 495 5436 nitionis
553 5380 734 5437 verba
780 5379 874 5436 hic
932 5380 1124 5438 dicere
1165 5381 1295 5439 volo
1329 5382 1545 5456 aliqua,
1579 5387 1645 5439 ut
1674 5384 1809 5456 quis
1843 5383 1921 5439 sit

251 5467 544 5540 spiritalis
572 5468 716 5544 galli
747 5473 955 5527 cantus
977 5476 1330 5544 agnoscatur
1359 5473 1751 5546 aliquatenus.

319 5556 662 5616 Dicendum
684 5575 940 5634 namque
968 5564 1058 5617 est
1084 5561 1324 5619 cuilibet
1352 5561 1602 5618 auditori
1634 5579 1667 5618 a
1685 5561 1920 5620 doctore

248 5645 596 5720 spirituali:
631 5671 660 5700 «
719 5648 955 5707 Declina
1010 5667 1046 5705 a
1089 5651 1265 5724 malo,
1293 5655 1350 5708 et
1381 5652 1469 5709 fac
1497 5652 1739 5708 bonum.
1771 5651 1919 5708 Sub-

253 5735 415 5796 ditus
480 5741 610 5797 esto
657 5738 930 5811 Domino,
983 5743 1043 5799 et
1071 5757 1174 5801 ora
1199 5757 1356 5802 eum.
1389 5740 1521 5801 Noli
1565 5739 1827 5801 aemulari
1856 5741 1918 5800 in

2024 4754 2308 4810 doctrinis
2331 4753 2878 4825 spiritualibus,rite
2895 4759 2984 4808 est
3006 4753 3294 4832 excitatus
3311 4751 3673 4824 homo,tanta

2027 4843 2212 4900 sancti
2245 4842 2497 4914 Spiritus
2529 4842 2734 4913 gratia,
2768 4858 2948 4914 quam
3000 4859 3103 4914 pro
3141 4847 3338 4898 exorto
3371 4841 3464 4897 die
3513 4842 3680 4914 poni-

2029 4949 2184 4999 mus,
2216 4931 2274 4986 in
2308 4932 2436 5003 ejus
2469 4931 2641 4986 corde
2671 4930 2935 5003 refulget,
2971 4934 3054 4998 ut,
3105 4948 3308 4988 omnes
3356 4931 3682 4988 carnalium

2027 5023 2338 5078 affectuum
2352 5021 2622 5077 tenebras
2635 5021 2948 5094 omniaque
2963 5021 3683 5094 mundauaprosperitatis

2029 5110 2243 5185 gaudia
2273 5115 2677 5176 contemnens,
2710 5110 2836 5166 sola
2867 5111 2964 5166 Dei
2990 5115 3276 5182 pracepta
3313 5114 3435 5165 tota
3462 5111 3680 5167 virtute

2029 5201 2254 5273 diligat,
2283 5203 2341 5256 et
2369 5217 2503 5256 cum
2516 5199 2791 5273 Apostolo
2814 5200 2971 5255 dicat
2993 5200 3158 5256 :Cum
3189 5216 3363 5255 essem
3394 5201 3680 5271 parvulus,

2029 5290 2292 5361 loquebar
2317 5295 2380 5345 ut
2406 5290 2694 5362 parvulus,
2727 5290 3039 5359 cogitabam
3067 5298 3130 5344 ut
3143 5289 3408 5360 parvulus
3431 5306 3450 5343 :
3466 5289 3683 5360 quando

2027 5381 2178 5435 enim
2204 5381 2386 5450 factus
2415 5397 2539 5434 sum
2577 5381 2683 5448 vir,
2735 5380 3000 5434 evacuavi
3055 5393 3174 5449 qua
3227 5381 3382 5434 erant
3433 5379 3680 5450 parvuli.

2028 5472 2158 5524 Hac
2188 5468 2367 5541 igitur
2393 5469 2569 5525 verba
2599 5468 2938 5542 apostolica,
2969 5468 3107 5538 quia
3131 5472 3250 5522 tam
3299 5466 3682 5540 spiritualiter

2029 5575 2206 5631 quam
2240 5558 2554 5615 carnaliter
2582 5561 2830 5631 possunt
2861 5556 3126 5628 intelligi,
3160 5561 3218 5612 et
3267 5557 3576 5613 mundana
3625 5559 3682 5611 et

2028 5649 2300 5705 humana
2332 5649 2540 5717 atatis,
2572 5664 2678 5706 nec
2707 5665 2822 5704 non
2855 5645 3248 5704 conversionis
3270 5662 3530 5722 persona
3548 5649 3680 5722 apte

2030 5736 2397 5798 conveniunt.
