4118 6188
420 379 533 443 12⁵1

1017 518 1249 574 CAPUT
1268 520 1480 578 XLVII.

417 604 561 675 Quid
601 609 1049 683 sensuumyslico
1107 610 1346 666 innuant
1400 614 1630 683 languor
1681 619 1732 669 cl.
1791 615 2061 669 medicina

523 678 843 747 corporalis,
875 679 1006 748 quid
1035 684 1193 752 copia
1224 688 1273 738 et
1306 678 1540 754 penuria.
1572 703 1772 755 rerum,
1808 691 1914 741 etc.
1939 688 1965 739 ἱ)

486 783 629 846 Quid
662 789 856 840 autem
889 790 1147 856 mysterii
1175 796 1336 861 gerat
1369 793 1613 863 languor
1638 794 1724 848 vel
1777 794 2065 850 medicina

416 872 753 943 corporalis,
786 874 965 931 claret
996 880 1156 933 satis.
1194 882 1390 936 Innuit
1414 884 1882 955 namquelangor
1905 885 2061 956 quia,

417 960 569 1015 sicut
599 979 811 1035 corpus
843 964 1189 1038 languidum
1222 971 1291 1024 ad
1354 972 1550 1026 omnia
1608 978 1825 1027 natura)
1875 973 2066 1028 ofﬁcia

417 1052 745 1107 necessaria
759 1054 866 1108 erit
880 1054 935 1109 in
947 1056 1093 1111 valid
1106 1060 1313 1125 um,sic
1326 1062 1522 1116 anima
1536 1068 1901 1133 peccatorum
1919 1062 2067 1117 mole

411 1139 686 1211 depressa
717 1144 786 1197 ad
812 1144 1000 1200 nullos
1030 1146 1309 1202 virtutum
1344 1151 1889 1223 fructusexplendos
1925 1169 2066 1205 con-

414 1235 530 1285 stat
561 1232 767 1288 valida.
804 1235 1049 1290 Econtra
1078 1254 1231 1303 vero,
1266 1239 1417 1293 sicut
1447 1258 1659 1312 corpus
1690 1243 1847 1297 varia
1880 1243 2064 1297 medi-

415 1320 556 1375 cinae
579 1323 895 1394 corporalis
918 1326 1280 1397 impensione
1301 1334 1553 1395 curatur,
1579 1331 1658 1385 ita
1672 1332 1845 1386 etiam
1872 1333 2069 1386 anima

417 1410 821 1481 spiritualibus
855 1415 1145 1483 remediis,
1182 1416 1238 1470 id
1270 1422 1357 1472 est
1387 1419 1669 1489 oratione,
1695 1420 2068 1491 vigiliis,con-

415 1499 663 1556 tinentia
694 1504 1028 1574 caeterisque
1060 1504 1371 1581 virtutibus
1398 1513 1597 1564 curata
1623 1510 1856 1565 sanitati
1881 1511 2069 1565 reddi-

415 1595 528 1643 tur.
558 1591 804 1662 Ideoque
837 1594 933 1665 qui
966 1595 1149 1649 credit
1180 1598 1332 1667 quod
1366 1614 1576 1670 corpus
1609 1600 1792 1669 possit
1840 1600 2067 1671 langui-

416 1677 555 1733 dum
591 1680 802 1745 curari,
838 1683 981 1737 sciat
1010 1684 1185 1739 etiam
1223 1685 1416 1756 aliquo
1450 1690 1622 1742 modo
1652 1688 1909 1743 animam
1944 1706 2069 1761 pec-

417 1769 689 1839 catricem
723 1787 891 1841 posse
917 1774 1131 1839 sanari,
1158 1775 1206 1828 si
1231 1792 1332 1845 pro
1366 1776 1550 1831 salute
1581 1794 1689 1832 sua
1736 1778 2067 1833 subsidium

416 1858 680 1913 divinum
714 1860 961 1915 fideliter
992 1867 1048 1915 et
1080 1862 1389 1933 diligenter
1418 1865 1707 1935 imploret.

488 1950 661 2018 Copia
682 1964 915 2020 quoque
929 1951 1242 2020 etpenuria
1264 1970 1456 2007 rerum
1486 1954 1851 2031 victualium,
1870 1958 2070 2012 eadem

422 2037 696 2108 mysteria
716 2039 883 2109 gerit.
909 2038 1053 2093 Nam
1077 2040 1229 2095 sicut
1251 2043 1416 2114 copia
1438 2044 1778 2099 substantia:
1801 2063 2071 2113 corpora-

426 2123 498 2180 lis
521 2124 779 2181 laatitiam
803 2128 929 2183 vitae
954 2130 1255 2199 praesentis
1278 2136 1472 2203 auget,
1495 2133 1946 2191 sollicitudinem
1970 2136 2075 2190 'mi-

427 2214 550 2269 nuit
575 2215 753 2282 ;itaet
775 2218 1169 2288 spiritualium
1194 2238 1388 2275 rerum
1412 2221 1771 2279 incrementa
1802 2227 2073 2296 perennis

420 2303 553 2360 vitae
583 2310 861 2376 priestaut
888 2308 1121 2378 gaudia.
1156 2310 1223 2363 Et
1255 2310 1409 2366 sicut
1435 2314 1679 2383 penuria
1726 2330 1920 2370 rerum
1978 2331 2073 2370 ea-

426 2395 700 2450 rumdem
734 2412 1039 2451 maerorem
1075 2399 1253 2453 menti
1289 2400 1503 2471 ingerit
1532 2402 1937 2474 multiplicem,
1972 2406 2073 2470 ita,

422 2483 745 2567 spiritualis
768 2485 893 2539 vitae
918 2486 1133 2540 damna
1156 2492 1370 2542 aeterna
1390 2491 1785 2548 damnationis
1803 2493 2071 2564 prmﬁgu-

435 2577 570 2627 rant
598 2572 875 2627 lamenta.

497 2662 621 2715 llzec
652 2666 707 2717 et
738 2662 808 2716 de
840 2680 1033 2719 rerum
1068 2667 1361 2737 mysteriis
1381 2685 1485 2739 pro
1508 2670 1769 2740 exemplo
1793 2671 2071 2739 diximus,

422 2752 487 2804 ut
544 2748 815 2805 similiter
874 2753 1146 2825 exquiras
1207 2756 1484 2827 mysteria
1534 2758 1592 2811 in
1627 2760 1847 2815 caeteris
1877 2761 2073 2826 rebus,

424 2838 759 2911 sentiasque
786 2847 1005 2912 quanta
1036 2843 1180 2899 bene
1212 2846 1418 2916 agendi
1454 2847 1699 2901 facultas
1731 2848 1808 2903 sit
1859 2848 1917 2903 in
1963 2848 2075 2905 ele-

432 2933 763 2983 mentorum
796 2930 1052 2985 simulet
1082 2949 1277 2987 rerum
1315 2933 1515 3006 figuris
1570 2936 1831 3007 mysticis
1892 2936 2077 3009 inqui-

423 3016 621 3071 rendis
648 3022 703 3073 et
735 3020 1041 3075 credendis

1018 3138 1257 3194 CAPUT
1291 3140 1530 3196 XLVIII.

421 3224 702 3278 Elementa
731 3240 1067 3296 rerum,qua2
1088 3243 1187 3299 per
1206 3228 1383 3283 divini
1410 3233 1652 3287 nominis
1680 3234 2076 3288 invocationem

492 3304 895 3371 consecrantur,
943 3314 1052 3352 non
1104 3300 1275 3353 solum
1312 3305 1559 3371 mystica,
1609 3305 1703 3357 sed
1731 3312 1781 3359 et
1808 3308 1996 3360 sancta
2019 3309 2073 3358 et

494 3366 771 3421 salutaria
800 3378 945 3423 sunt.
969 3374 1105 3446 flavo
1121 3372 1202 3425 ad
1227 3366 1430 3427 altaris
1462 3376 1788 3444 mysterium
1835 3392 2072 3446 congrue

492 3453 556 3491 ac
583 3446 707 3509 apte
734 3444 1011 3511 assumpta
1042 3446 1191 3508 sunt,
1223 3447 1330 3497 etc.

491 3554 693 3609 Adhuc
751 3572 984 3629 quoque
1014 3558 1328 3614 dicendum
1362 3567 1542 3615 restat
1572 3564 1741 3633 quale
1770 3564 1827 3617 in
1870 3579 2071 3619 conse-

423 3643 783 3699 crationibus
832 3647 1177 3717 mysterium
1227 3649 1471 3703 existat:
1523 3653 1693 3720 cujus
1740 3651 2071 3723 exemplum

421 3731 671 3786 habetur
700 3733 758 3786 in
793 3734 1065 3790 omnibus
1097 3752 1223 3806 quae
1256 3737 1361 3790 rite
1394 3744 1807 3792 consecrantur
1835 3756 2072 3795 asacer-

425 3820 755 3887 dotibus,ut
776 3822 989 3891 oleum,
1010 3823 1093 3878 sal
1121 3831 1178 3879 et
1198 3841 1371 3895 aqua,
1396 3827 1522 3879 fons
1545 3826 1943 3897 batptismatis
1984 3830 2071 3899 ip-

423 3926 606 3981 saque
635 3910 924 3967 elementa
955 3913 1156 3968 hostiae
1188 3913 1481 3969 salutaris.

497 4004 568 4053 [1.
604 4000 735 4063 Cur,
769 4018 984 4072 quaeso,
1022 4001 1142 4057 haec
1175 4021 1287 4057 non
1312 4020 1447 4058 cum
1469 4005 1872 4075 superioribus
1893 4007 2074 4062 admi-

427 4089 643 4143 scenda
676 4089 939 4145 decernis
960 4091 986 4144 ‘?
1017 4092 1065 4145 si
1095 4092 1537 4163 quidem,juxta
1574 4094 1858 4153 rationem
1884 4101 2069 4165 tuam,

426 4176 646 4242 oleum,
680 4178 766 4232 sal
824 4184 879 4233 et
927 4196 1099 4251 aqua,
1121 4182 1406 4252 panisque
1434 4188 1491 4237 et
1522 4183 1742 4250 vinum,
1777 4202 1904 4255 quae
1936 4189 2075 4240 sunt

425 4266 629 4321 hostize
643 4266 849 4322 divinae
864 4270 1287 4340 aptanda,mihi
1302 4271 1575 4326 videntur
1594 4274 2071 4341 interelementa;

424 4356 781 4411 consecratio
811 4374 942 4412 vero
974 4358 1125 4414 inter
1155 4376 1246 4415 res
1269 4361 1621 4431 deputanda.

496 4445 556 4501 0.
592 4445 791 4501 Virtus
848 4449 1303 4503 consecrationis
1356 4455 1587 4521 separat
1617 4450 1737 4505 hzec
1768 4467 1799 4505 a
1830 4453 2070 4507 caeteris.

423 4534 486 4590 In
522 4537 750 4592 cunctis
784 4554 1037 4609 namque
1069 4538 1242 4593 rebus
1275 4543 1332 4594 et
1372 4538 1676 4595 elementis
1723 4541 1849 4595 vita:
1899 4542 2074 4611 hujus

1446 389 1793 451 0THLONI
1833 389 2189 455 MONACHI
2235 392 2299 453 S.
2350 389 2838 455 EMMERAMMI

3724 391 3840 455 128

2101 526 2153 591 Α
2184 524 2320 579 vina
2347 524 2405 579 in
2442 525 2676 580 nomine
2705 524 2895 581 Patris
2926 528 2981 580 et
3027 523 3157 580 Filli
3215 528 3272 579 et
3327 522 3585 597 Spiritus
3643 525 3835 582 sancti

2169 617 2469 683 mergatur
2494 615 2552 668 in
2587 614 2827 679 fontem,
2862 613 3091 668 nullum
3124 613 3180 668 ib
3203 613 3688 685 iregenerationis
3712 615 3830 687 agi-

2148 704 2265 757 tur
2296 703 2662 773 mysterium.
2696 702 2859 758 nulla
2890 702 2967 756 ibi
3000 703 3317 774 percipitur
3347 704 3615 759 remissio
3631 721 3835 775 pecca-

2178 796 2392 847 torum.
2427 794 2806 864 Quapropter,
2838 796 2902 845 ut
2931 793 3031 846 ﬁat
3055 793 3396 863 mysterium
3450 793 3835 865 regenerandi

2174 882 2233 936 in
2266 899 2438 953 aqua,
2456 884 2679 953 agenda
2694 886 2782 936 est
2810 886 3026 937 sanctae
3050 881 3349 937 Trinitatis
3369 881 3656 939 invocatio
3682 902 3830 955 pra:-

2176 971 2495 1027 nominata.

2246 1060 2527 1115 Similiter
2563 1060 2621 1114 in
2654 1060 3038 1116 celebratione
3070 1060 3409 1126 missarum,
3440 1061 3542 1117 ubi
3566 1063 3833 1134 corporis

2175 1154 2230 1205 et
2260 1150 2566 1222 sanguinis
2597 1150 2881 1206 Dominici
2915 1149 3193 1223 mysteria
3225 1149 3284 1204 in
3314 1151 3484 1221 panis
3515 1156 3572 1206 et
3600 1152 3719 1206 vini
3745 1169 3837 1207 sa-

2176 1241 2392 1296 criﬁcio
2427 1246 2564 1295 sunt
2593 1241 2916 1311 tractanda,
2951 1241 3065 1295 nisi
3098 1239 3197 1295 illa
3222 1240 3451 1296 Domini
3482 1240 3666 1307 nostri
3692 1240 3837 1297 Jesu

2177 1330 2391 1385 Christi
2421 1330 2615 1395 verba,
2653 1347 2778 1401 quae
2811 1347 2945 1385 cum
2979 1329 3289 1402 discipulis
3309 1330 3369 1385 in
3402 1346 3568 1386 creua
3603 1346 3837 1386 recum-

2180 1421 2349 1488 bens,
2385 1436 2713 1491 panemque
2748 1424 2800 1474 et
2833 1420 3073 1475 calicem
3105 1420 3189 1475 eis
3222 1420 3567 1491 porrigens;
3622 1437 3838 1491 panem

2178 1509 2450 1580 quidem:
2508 1510 2764 1579 Accipite,
2821 1508 3033 1580 inquit,
3092 1514 3148 1564 et
3178 1508 3437 1565 comedite
3464 1525 3535 1564 ex
3564 1510 3695 1564 hoc:
3729 1511 3841 1565 Hoc

2177 1602 2253 1653 est
2283 1600 2434 1652 enim
2463 1614 2653 1667 corpus
2685 1614 2902 1658 meum;
2938 1597 3176 1652 calicem
3208 1601 3437 1653 autem:
3475 1598 3674 1669 Bibite,
3730 1600 3834 1667 ait,

2177 1704 2249 1742 ea:
2278 1687 2374 1742 hoc
2404 1704 2595 1741 omnes
2624 1705 2642 1741 :
2674 1687 2769 1741 Hic
2799 1691 2877 1740 est
2909 1688 3059 1741 enim
3088 1687 3238 1741 calix
3265 1687 3567 1755 sanguinis
3591 1688 3723 1752 mei,
3741 1688 3838 1759 qui

2172 1793 2273 1848 pro
2306 1778 2499 1832 multis
2538 1776 2846 1848 eﬁundetur
2904 1778 2965 1829 in
3014 1777 3390 1831 remissionem
3443 1783 3834 1846 peccatorum;

2103 1900 2149 1963 B
2182 1865 2544 1936 hujusmodi,
2613 1865 2876 1937 inquam,
2928 1866 3101 1920 verba
3132 1864 3365 1919 Domini
3396 1864 3510 1920 nisi
3541 1864 3600 1919 in
3633 1882 3836 1921 conse-

2185 1954 2418 2010 crandis
2450 1955 2619 2025 panis
2648 1960 2704 2010 et
2733 1953 3837 2023 vinisacriliciisasacerdotedicantur,

2183 2045 2385 2100 eadem
2423 2044 2592 2115 panis
2624 2048 2680 2097 et
2710 2044 2831 2097 vini
2862 2042 3217 2098 sacriﬁciain
3232 2042 3493 2114 corporis
3514 2047 3572 2098 et
3593 2043 3839 2115 sangui-

2186 2133 2276 2189 nis
2308 2133 2535 2188 Domini
2568 2132 2846 2204 mysteria
2874 2132 3101 2187 viviﬁca
3138 2132 3546 2204 transﬁgurari
3596 2132 3841 2189 minime

2186 2227 2325 2277 sunt
2351 2224 2657 2277 credenda.
2691 2221 2819 2277 Alia
2848 2221 3006 2276 enim
3030 2222 3222 2287 verba,
3245 2238 3371 2293 qua:
3391 2226 3563 2277 antea
3593 2220 3679 2277 vel
3710 2238 3840 2293 pos—

2183 2316 2277 2367 tea
2306 2312 2577 2367 sacerdos
2610 2311 2824 2367 missas
2855 2309 3155 2366 celebrans
3188 2310 3346 2379 dicit,
3404 2310 3839 2367 benedictiones

2185 2400 2273 2456 vel
2302 2400 2506 2456 laudes
2537 2401 2655 2456 sive
2677 2400 2969 2456 orationes
2991 2405 3273 2455 vocantur
3296 2419 3310 2468 ;
3332 2400 3456 2455 sola
3477 2404 3669 2456 autem
3694 2417 3841 2471 prae-

2188 2489 2371 2545 missa
2425 2489 2658 2545 Domini
2709 2488 2896 2543 nostri
2926 2488 3081 2544 dicta
3112 2489 3352 2560 (quibus
3373 2505 3581 2559 corpus
3616 2492 3672 2543 et
3701 2505 3842 2544 san-

2186 2579 2383 2651 guinis
2413 2580 2505 2633 sui
2537 2577 2831 2648 mysteria,
2866 2578 2922 2631 in
2960 2594 3107 2650 pane
3131 2582 3188 2633 et
3218 2578 3349 2633 vino
3388 2577 3709 2649 designata,
3738 2594 3846 2649 per

2189 2685 2249 2725 se
2282 2667 2713 2722 commendavit
2744 2684 2810 2721 ac
2850 2666 2907 2721 in
2956 2667 3048 2723 sui
3108 2666 3659 2723 commemoratione
3714 2665 3843 2723 ﬁeri

2188 2758 2478 2830 praecepit)
2530 2756 3108 2829 transﬁgurationem
3140 2762 3197 2811 et
3238 2756 3687 2812 viviﬁcationem
3745 2772 3842 2811 eo-

2188 2848 2457 2903 rumdem
2474 2846 2911 2918 mysteriorum,
2926 2845 2984 2900 in
2997 2845 3250 2901 hostiam
3270 2862 3486 2912 veram,
3512 2845 3834 2916 perfectam

2187 2941 2243 2992 et
2272 2935 2715 2991 immaculatam
2748 2951 2849 3006 per
2878 2935 3199 2991 sacerdotis
3229 2933 3549 3005 cujuslibet
3580 2934 3844 2991 ofﬁcium

2187 3025 2559 3081 invisibiliter
2589 3028 2926 3097 operantur.

2258 3116 2369 3170 Sed
2405 3120 2469 3169 ut
2500 3113 2646 3169 nulli
2678 3112 3016 3169 incredibile
3042 3112 3308 3169 videatur
3335 3113 3492 3185 quod
3525 3128 3630 3185 per
3668 3113 3848 3169 verba

2189 3204 2385 3258 divina
2414 3204 2616 3259 eadem
2634 3202 2913 3275 mysteria
2928 3202 3256 3257 efﬁciantur
3284 3200 3503 3271 vitalia,
3522 3200 3738 3257 recolat
3752 3202 3841 3273 ip-

2106 3268 2148 3335 C
2190 3309 2321 3349 sum
2356 3292 2667 3347 Dominum
2697 3268 3007 3362 discipulis
3023 3291 3147 3346 suis
3165 3290 3453 3346 dicentem
3481 3268 3688 3348 :Verba
3716 3268 3843 3362 quae

2183 3385 2393 3438 locutus
2447 3398 2570 3435 sum
2616 3381 2785 3448 vobis,
2837 3382 3074 3451 spiritus
3121 3388 3177 3435 et
3198 3381 3316 3436 vita
3342 3384 3494 3435 sunt.
3527 3381 3671 3435 Cum
3703 3395 3841 3452 ergo

2182 3472 2357 3526 verba
2387 3470 2689 3526 Dominica
2714 3469 2959 3540 spiritus
2990 3469 3109 3523 sint
3137 3473 3193 3524 et
3210 3469 3349 3536 vita,
3376 3468 3518 3541 quid
3540 3468 3759 3523 mirum
3787 3468 3838 3523 si

2182 3558 2455 3630 quaelibet
2484 3558 2773 3614 elementa
2800 3557 2860 3613 in
2894 3557 3236 3630 mysterium
3268 3561 3575 3630 assumpta
3602 3573 3706 3629 per
3742 3574 3837 3614 ea-

2183 3650 2315 3704 dem
2356 3650 2686 3704 efﬁciantur
2715 3646 3047 3719 spiritualia
3060 3647 3323 3703 etvitalia
3343 3647 3490 3704 ‘IUbi
3513 3648 3838 3703 notandum

2183 3753 2555 3809 summOpere
2584 3741 2674 3793 est
2702 3737 2842 3808 quia
2872 3736 3148 3808 mysteria
3178 3736 3376 3792 omnia
3404 3752 3507 3810 per
3526 3736 3703 3791 divini
3734 3752 3837 3790 no-

2184 3826 2361 3881 minis
2388 3825 2813 3881 invocationem
2847 3825 3018 3893 facta,
3054 3824 3382 3897 spiritualia
3427 3825 3666 3896 quidem
3723 3824 3838 3879 dici

2182 3914 2431 3987 possint,
2462 3932 2564 3986 pro
2599 3931 2663 3970 eo
2694 3915 2849 3985 quod
2884 3912 3268 3986 spiritualiter
3327 3918 3740 3970 consecrentur
3780 3918 3840 3969 et

2182 4004 2296 4059 ﬁde
2328 4004 2452 4061 sola
2481 4004 2915 4075 percipiantur;
2952 4002 3255 4058 nullavero
3277 4002 3476 4058 vitalia
3503 4003 3593 4058 vel
3614 4002 3843 4057 viviﬁca

2184 4094 2297 4149 nisi
2329 4093 2454 4149 sola
2486 4094 2770 4148 Dominici
2804 4093 3063 4165 corporis
3092 4096 3149 4148 et
3195 4092 3503 4165 sanguinis
3537 4090 3837 4163 mysteria.

2253 4183 2398 4237 Nam
2432 4186 2652 4253 quanta
2682 4181 2832 4236 inter
2860 4198 3059 4237 verum
3092 4198 3303 4253 corpus
3332 4184 3390 4236 et
3408 4181 3675 4236 umbram
3709 4181 3841 4251 ejus

2184 4270 2589 4343 imaginariam
2647 4274 2875 4326 constat
2904 4269 3205 4335 distantia,
3235 4273 3399 4324 tanta
3424 4269 3679 4325 creditur
3706 4284 3842 4325 esse

2185 4362 2338 4417 inter
2358 4360 2459 4416 illa
2470 4365 2791 4431 caeteraque
2812 4359 3109 4431 mysteria.
3126 4359 3306 4429 Cujus
3322 4358 3403 4414 rei
3421 4362 3839 4431 argumentum

2184 4450 2389 4505 exinde
2420 4454 2584 4521 potes
2615 4448 3707 4519 caperemaximum,quia,cumcastora
3742 4464 3837 4502 sa-

2183 4539 2323 4594 lutis
2356 4538 2635 4611 mysteria
2667 4537 3040 4593 sumentibus
3068 4536 3521 4593 velhabentibus
3536 4536 3838 4593 easolum-

424 4626 767 4699 mysterium
800 4626 1034 4699 aliquod
1068 4628 1237 4699 quasi
1273 4627 1534 4683 naturale
1576 4630 1745 4695 inest,
1785 4646 1886 4699 per
1917 4630 2073 4701 quod
2104 4636 2150 4700 D
2182 4629 2355 4683 modo
2386 4628 2503 4683 sint
2532 4626 2812 4694 remedia,
2846 4626 3003 4681 istud
3018 4641 3151 4682 vero
3169 4626 3513 4699 mysterium
3542 4625 3843 4699 singulare

426 4718 837 4789 unusquisque
868 4718 939 4773 ad
971 4718 1153 4773 vitam
1181 4718 1438 4773 futuram
1474 4718 1686 4773 instrui
1725 4724 1936 4785 potest.

494 4806 860 4878 Quaecunque
883 4813 1074 4865 autem
1107 4809 1395 4864 elementa
1426 4826 1526 4880 per
1555 4809 1809 4864 divinam
1844 4808 2074 4864 invoca-

424 4894 641 4949 tionem
669 4902 1104 4968 consecrantur,
1140 4916 1253 4953 non
1274 4898 1463 4953 solum
1480 4898 1746 4971 mystica,
1772 4898 1868 4952 sed
1898 4898 2075 4952 etiam

424 4982 704 5039 salutaria
734 4988 788 5039 et
817 4991 1019 5039 sancta
1051 5002 1179 5041 esse
1211 4988 1544 5041 creduntur.
1584 4986 1747 5041 Unde
1768 4986 1903 5057 jure
1939 4990 2078 5041 sunt

425 5088 690 5128 seorsum
748 5073 1009 5143 ponenda
1067 5090 1192 5143 qua:
1252 5078 1412 5127 tanta
1453 5076 1702 5130 secernit
1728 5074 2072 5130 differentia.

423 5162 571 5226 Quia
601 5178 733 5218 vero
767 5162 967 5218 eadem
1004 5162 1665 5219 solummododiscernit
1694 5164 2074 5230 consecratio,

423 5253 531 5307 rite
589 5252 697 5307 sub
758 5252 1025 5322 ejusdem
1086 5251 1537 5308 consecrationis
1596 5259 1894 5324 ponuntur
1944 5272 2073 5327 my-

428 5342 622 5395 sterio.

496 5430 604 5484 Sed
640 5433 702 5483 ut
725 5429 969 5501 mystica
1000 5429 1413 5503 salutiferaquc
1445 5430 1519 5485 sit
1552 5432 1909 5487 consecratio
1950 5449 2073 5487 om-

431 5518 542 5586 nis,
574 5535 806 5589 semper
840 5520 1065 5591 agenda
1096 5525 1183 5576 est
1214 5538 1317 5592 per
1348 5520 1525 5576 divini
1560 5520 1817 5577 nominis
1848 5522 2074 5577 invoca-

423 5608 725 5675 tionem,et
755 5624 857 5679 per
886 5625 1111 5665 sacram
1142 5610 1450 5665 verborum
1478 5610 1805 5665 divinorum
1822 5626 2074 5667 comme-

419 5696 830 5780 morationem.
864 5698 1032 5769 Nam,
1067 5699 1178 5755 nisi
1206 5698 1593 5771 baptizandus
1615 5700 1968 5769 juxtaverba
1988 5700 2073 5755 di-

2193 4735 2307 4773 non
2368 4716 2557 4772 solum
2619 4715 3070 4784 celebrantibus,
3132 4720 3188 4771 et
3217 4715 3614 4789 gustantibus,
3647 4714 3751 4770 sed
3782 4717 3842 4770 et

2186 4806 2410 4862 cunctis
2429 4806 2698 4862 ﬁdelibus
2729 4810 2849 4860 tam
2883 4805 3178 4860 defunctis
3192 4821 3364 4876 quem
3377 4805 3520 4861 vivis
3536 4805 3678 4861 adeo
3701 4819 3837 4875 pro-

2185 4897 2327 4961 ﬁcit,
2383 4901 2447 4951 ut
2503 4900 2559 4950 et
2583 4896 2693 4949 vivi
2728 4894 3069 4949 inﬁrmitate
3098 4892 3186 4948 vel
3218 4893 3598 4949 tribulatione
3636 4893 3839 4965 positi,

2186 4985 2452 5057 quamvis
2483 4983 2685 5058 procul
2714 4983 2982 5052 existant,
3016 4999 3085 5038 ex
3113 4982 3222 5038 hoc
3245 4982 3506 5038 levamen
3538 4982 3837 5039 sentiant:

2185 5078 2241 5128 et
2272 5073 2554 5141 defuncti,
2584 5072 2736 5129 sicut
2764 5089 2928 5127 sacra
2956 5070 3256 5142 Scriptura
3306 5074 3578 5142 testatur,
3633 5086 3736 5144 pro
3774 5086 3839 5126 se

2186 5163 2375 5218 offerri
2404 5162 2665 5232 ejusdem
2698 5160 2958 5232 mysterii
2988 5160 3245 5217 hostiam
3268 5177 3371 5234 per
3390 5159 3641 5217 visiones
3665 5175 3841 5233 appe-

2184 5254 2330 5305 tant.
2364 5250 2435 5305 Et
2464 5249 2692 5319 merito,
2716 5249 3017 5321 quoniam,
3066 5249 3220 5307 sicut
3277 5249 3689 5325 unusquisque
3730 5264 3843 5323 «per

2182 5338 2545 5411 baptismum
2576 5338 2637 5393 in
2668 5338 2894 5395 Christo
2924 5339 3271 5404 renascitur.
3302 5341 3384 5397 ita
3414 5344 3472 5397 et
3500 5354 3603 5413 per
3632 5354 3840 5412 corpo-

2184 5428 2266 5483 ris
2296 5446 2361 5484 ac
2392 5428 2698 5501 sanguinis
2728 5428 2820 5484 sui
2834 5429 3564 5497 sacramentareﬁcitur,ne
3603 5428 3841 5485 deﬁciat

2183 5518 2242 5574 in
2271 5519 2383 5592 via,
2417 5519 2677 5592 quandiu
2707 5517 3111 5591 peregrinatur
3136 5534 3170 5573 a
3198 5516 3421 5590 patria;
3454 5521 3512 5574 et
3539 5521 3606 5574 ut
3634 5517 3696 5572 in
3709 5516 3842 5572 uni-

2184 5613 2302 5667 tate
2350 5608 2609 5682 corporis
2658 5625 2723 5665 ac
2781 5606 3086 5681 sanguinis
3116 5606 3208 5662 sui
3237 5607 3352 5663 fide
3381 5610 3438 5663 et
3464 5605 3841 5681 perceptione

2182 5714 2369 5756 unum
2400 5699 2495 5755 sit.
2527 5696 2836 5769 Sioutipse
2889 5696 3066 5754 dixit:
3112 5694 3240 5763 Qui
3281 5694 3587 5777 manducet
3650 5709 3841 5754 meam
