4118 6188
231 316 346 379 129

1208 311 1520 376 DIALOG.
1564 314 1668 375 DE
1708 314 1990 379 TRIBUS
2034 315 2662 387 QUIESTIONIBUS.‘

3520 267 3638 384 iac

230 465 476 521 carnem,
507 455 565 505 et
590 446 728 504 bibit
772 462 956 504 meum
998 449 1349 520 sanguinem,
1380 448 1437 503 in
1470 464 1558 504 me
1584 453 1799 518 manet,
1832 459 1885 506 et
1912 450 1968 518 Α
1998 454 2193 506 autem
2246 451 2510 522 probatio
2552 452 2803 508 maxime
2834 469 2933 525 per
2966 454 3243 527 mysteria
3289 455 3485 512 divina
3513 457 3638 529 agi-

233 558 328 612 ego
357 558 417 595 m
440 555 527 595 eo.

304 630 458 685 Inter
495 628 620 683 haec
664 626 842 683 etiam
874 626 1369 683 considerandum
1401 632 1491 684 est
1520 645 1698 700 quam
1748 645 1882 685 con-

232 736 376 794 grua
405 717 696 774 elementa
733 716 806 771 ad
853 717 1238 773 sanctissimae
1270 716 1580 773 oblationis
1611 717 1889 790 mysteria

232 809 350 867 sint
377 811 708 879 assumpta.
731 805 895 861 Sicut
919 806 1075 862 enim
1104 807 1274 877 panis
1300 805 1618 879 corporalis
1648 807 1887 863 exterio-

237 914 355 955 rem
379 897 685 953 hominem
705 894 959 951 maxime
979 895 1350 963 confortat,et
1372 896 1575 950 vinum
1605 894 1879 963 laetiﬁcat,

236 987 314 1043 ita
341 986 522 1042 etiam
555 984 758 1040 eadem
788 984 1100 1039 verborum
1128 984 1460 1040 divinorum
1482 984 1693 1039 virtute
1724 1000 1888 1039 sanc-

238 1075 453 1132 tiﬁcata
487 1072 797 1146 aptissime
844 1069 1009 1128 illius
1054 1073 1306 1146 ﬁguram
1358 1073 1713 1145 exprimunt,
1763 1073 1883 1145 qui,

241 1165 571 1222 interiorem
629 1162 931 1218 hominem
981 1162 1337 1233 confortans,
1370 1163 1514 1217 dixit
1555 1179 1567 1216 :
1613 1165 1723 1234 Ego
1766 1178 1891 1217 sum

242 1256 397 1329 panis
426 1255 604 1315 vivus.
629 1250 815 1323 quide
840 1252 970 1308 caelo
995 1250 1263 1308 descendi.
1287 1252 1348 1307 Si
1374 1253 1495 1323 quis
1524 1267 1594 1307 ex
1624 1251 1724 1307 hoc
1752 1267 1891 1323 pane

245 1343 677 1409 manducauerit,
710 1343 856 1397 vivet
906 1343 966 1396 in
1011 1345 1299 1398 aeternum.
1350 1342 1420 1396 Et
1468 1341 1679 1396 iterum
1722 1359 1734 1396 :
1782 1343 1891 1412 Ego

249 1449 373 1490 sum
399 1434 527 1489 uitis
557 1447 700 1488 vera.
727 1429 874 1493 Quia
898 1446 1104 1487 omnes
1132 1430 1202 1486 ad
1237 1446 1300 1486 se
1328 1430 1728 1503 confugientes
1759 1446 1893 1486 con-

254 1523 445 1590 fortat,
475 1522 672 1577 dicens
704 1536 719 1575 :
755 1521 950 1576 Venite
979 1520 1050 1574 ad
1085 1535 1177 1575 me
1212 1535 1402 1576 omnes
1431 1521 1527 1591 qui
1554 1519 1817 1576 laboratis
1843 1525 1896 1574 et

253 1612 461 1669 onerati
499 1610 645 1680 estis,
676 1617 729 1666 et
755 1624 853 1679 ego
902 1607 1152 1680 reficiam
1180 1624 1293 1664 vos.
1326 1607 1588 1679 Itemque
1620 1624 1633 1663 :
1667 1607 1728 1663 Si
1771 1609 1894 1679 quis

248 1703 379 1769 sitit,
406 1701 595 1757 veniat
622 1698 694 1754 ad
720 1714 828 1767 me,
852 1701 903 1753 et
926 1698 1092 1754 bibat.
1117 1698 1203 1768 Et,
1227 1702 1294 1753 ut
1320 1696 1637 1769 vulgariter
1663 1696 1890 1769 lpquar,

1992 543 2108 607 tur,
2142 540 2279 611 quia
2307 557 2505 595 eorum
2541 540 2812 597 virtutem
2845 543 2989 599 fides
3020 544 3145 600 sola
3174 550 3637 618 argumentatur.

2066 632 2175 683 Per
2204 628 2467 684 difﬁcilia
2495 646 2726 701 quoque
2758 630 3228 705 uniuscujusque
3260 635 3402 691 fides
3435 636 3641 707 proba-

1992 722 2108 786 tur,
2143 718 2295 773 sicut
2341 719 2604 775 Abrahaz.
2637 719 2743 784 Qui
2787 737 2920 775 cum
2954 738 3075 777 rem
3116 724 3414 780 difficilem
3464 725 3577 780 sibi
3608 741 3644 782 a

1994 806 2242 861 Domino
2273 807 2621 878 promissam
2646 808 2892 875 audiret,
2914 826 3046 865 mox
3071 812 3291 883 absque
3318 813 3643 870 diffidentia

1996 896 2261 967 credidit,
2292 913 2403 951 non
2448 896 2798 952 considerans
2828 902 2892 953 ut
2920 900 3231 971 Apostolus
3262 901 3423 972 dicit,
3449 919 3643 974 corpus

1995 1001 2160 1041 suum
2182 989 2514 1053 emortuum,
2548 1003 2667 1041 cum
2697 992 2812 1057 [ere
2839 997 3052 1042 centum
3085 995 3224 1044 esset
3260 1007 3562 1059 annorum,
3592 994 3644 1047 et

2002 1079 2307 1129 emortuam
2338 1076 2554 1130 vulvam
2604 1076 2775 1131 Serm.
2811 1076 2912 1131 Sed
2958 1081 3293 1148 confortatus
3324 1084 3401 1134 est
3431 1082 3489 1135 in
3517 1080 3643 1149 ﬁde,

1998 1164 2134 1218 dans
2161 1165 2396 1234 gloriam
2424 1166 2546 1235 Deo,
2576 1166 2997 1237 plenissimequc
3024 1168 3197 1222 sciens
3226 1169 3359 1239 quia
3388 1184 3649 1240 quaecun-

1997 1269 2099 1324 que
2121 1255 2387 1324 promisit
2414 1255 2572 1321 Deus,
2594 1257 2790 1326 potens
2820 1259 2895 1310 est
2920 1260 2971 1311 et
2994 1259 3208 1328 facere;
3238 1258 3461 1329 ideoque
3489 1275 3649 1330 repu-

1997 1348 2173 1397 tatum
2203 1350 2280 1398 est
2308 1343 2398 1397 illi
2426 1343 2495 1408 qd
2513 1344 2795 1413 justitiam
2830 1348 3002 1416 (Rom.
3038 1348 3135 1417 ιγ).

2070 1450 2285 1505 Eadem
2316 1450 2490 1505 etiam
2523 1452 2863 1523 promeruit,
2889 1470 3021 1508 cum
3046 1454 3205 1509 Isaac
3228 1455 3413 1510 ﬁlium
3446 1473 3645 1527 suum,

2000 1555 2179 1611 super
2208 1555 2323 1610 quo
2346 1539 2457 1594 sibi
2488 1540 2731 1596 seminis
2763 1540 3191 1614 multiplicandi
3221 1543 3375 1599 facta
3404 1549 3492 1601 est
3522 1561 3650 1617 pro-

2003 1627 2207 1683 missio
2223 1629 2429 1699 jussus
2451 1628 2676 1697 offerre,
2693 1647 2806 1686 non
2829 1629 3058 1686 distulit
3080 1637 3317 1704 propter
3345 1634 3648 1704 promissae

2002 1716 2363 1788 posteritatis
2411 1719 2702 1788 eil‘ectum,
2737 1735 2839 1774 nec
2886 1725 3119 1793 propter
3149 1722 3336 1793 ipsius
3366 1721 3445 1777 rei
3494 1722 3646 1776 diffi-

251 1792 684 1892 °°l°§°unqu°n
708 1786 994 1892 θξθξυθυίί.
1047 1786 1359 1892 ξ’θίξίξξτίοξιθ
1416 1786 1665 1892 egeri,"
1720 1786 1893 1841 homo
1926 1828 1973 1892 Β
2002 1786 2314 1872 cultatem;
2349 1807 2449 1862 sed
2481 1786 2708 1862 tantum
2743 1786 2904 1879 quod
2923 1786 3247 1880 jubebatur
3276 1811 3503 1866 studuit
3532 1812 3647 1866 im-

253 1878 496 1935 maxime
541 1878 901 1933 confortatur
947 1880 1004 1931 et
1050 1874 1401 1943 laetiﬁcatur,
1432 1876 1697 1947 ejusdem
1729 1891 1898 1930 voca-

254 1968 449 2024 bulum
476 1966 750 2022 Chn'stus
779 1964 1117 2021 interiorem
1146 1963 1447 2020 hominem
1477 1964 1814 2021 confortans
1843 1967 1901 2020 et

258 2056 510 2113 reﬁciens
544 2053 911 2126 apertissime
941 2053 1201 2109 sortitur.

322 2145 431 2202 Sed
462 2160 602 2201 cum
650 2144 722 2200 de
751 2141 1162 2215 mysteriorum
1211 2141 1533 2198 ccelestium
1562 2144 1776 2199 virtute
1823 2142 1902 2199 lo-

260 2236 510 2307 quimur,
543 2234 815 2290 convenit
836 2233 1017 2289 etiam
1061 2231 1432 2304 aliquatenus
1459 2232 1769 2305 explanare
1797 2249 1902 2288 cur

260 2341 404 2397 aqua
447 2340 586 2381 cum
635 2339 814 2379 sacrae
860 2320 1171 2378 oblationis
1222 2322 1355 2377 vino
1400 2322 1703 2377 miscenda
1733 2321 1811 2376 sit
1839 2321 1905 2376 in

258 2413 455 2470 calice.
480 2413 673 2484 Hujus
713 2427 847 2483 ergo
878 2426 1118 2468 causam
1161 2410 1534 2467 admistionis
1580 2410 1785 2483 paucis
1811 2425 1903 2467 ex-

258 2518 410 2575 pono
439 2500 649 2558 verbis.
681 2499 829 2564 Quia
857 2499 1038 2573 igitur
1074 2498 1289 2556 Christi
1319 2499 1390 2556 de
1431 2498 1609 2556 latere
1639 2500 1900 2572 perfosso

260 2591 318 2647 in
347 2606 516 2647 cruce
544 2588 804 2646 manavit
830 2588 1050 2660 pariter
1080 2588 1321 2661 sanguis
1364 2595 1420 2644 et
1462 2604 1635 2660 aqua,
1668 2592 1897 2645 sancto-

259 2696 385 2736 rum
415 2679 659 2735 Patrum
681 2676 935 2734 decrevit
954 2678 1246 2733 sententia
1264 2676 1465 2733 vinum
1488 2693 1723 2750 semper
1750 2694 1905 2749 aqua

258 2768 490 2826 misceri
537 2769 598 2823 in
644 2766 940 2841 mysteriis
986 2766 1221 2835 Christi,
1257 2771 1323 2822 ut
1366 2784 1493 2839 quas
1540 2766 1721 2823 simul
1769 2783 1904 2823 cum

256 2858 544 2932 sanguine
588 2856 803 2913 Christi
848 2856 1035 2925 ﬂuxit,
1084 2855 1144 2910 in
1198 2856 1326 2927 ejus
1374 2856 1550 2917 etiam
1598 2855 1906 2929 sanguinis

259 2947 536 3022 mysterio
567 2946 934 3002 misceretur.
967 2948 1099 3001 Haec
1130 2944 1268 3017 quia
1296 2949 1437 3001 sunt
1463 2949 1620 3015 nota,
1654 2945 1907 3001 breviter

259 3035 713 3110 perstrinximus
744 3034 892 3107 ipsa.

857 3166 1093 3223 CAPUT
1129 3166 1317 3223 XLIX.

260 3259 508 3333 Exponit
566 3257 828 3315 0thlonus
865 3274 973 3329 qua
1013 3258 1231 3313 ratione
1272 3256 1343 3312 ad
1384 3256 1502 3314 haec
1544 3258 1710 3313 latius
1746 3272 1907 3329 expo-

321 3331 523 3387 nenda
565 3329 777 3387 delatus
820 3330 914 3398 sit,
941 3328 1213 3401 pluraque
1240 3328 1306 3384 de
1338 3328 1467 3399 ﬁdei
1495 3329 1741 3401 efﬁcacia
1782 3329 1907 3384 sub-

321 3360 523 3457 “genus;
565 3360 774 3387 ασιιιηω
820 3360 914 3398 δη,
941 3360 1211 3401 [usuuun
1240 3360 1304 3384 ua
1338 3360 1465 3399 [ιιωι
1495 3360 1741 3401 σηιυιιιιιι
1782 3360 1909 3384 ouu-

317 3419 540 3476 Jungt.

323 3537 446 3591 His
484 3534 686 3606 itaque
732 3534 800 3589 de
848 3532 1255 3606 mysteriorum
1316 3531 1598 3606 qualitate
1650 3532 1911 3605 prolatis,
1970 3554 1979 3563 κ

255 3640 480 3699 precor
506 3627 592 3694 ut,
626 3621 675 3677 si
702 3620 835 3699 ﬁdei
865 3639 1038 3678 sacra:
1070 3623 1363 3678 contraria
1402 3621 1646 3678 minime
1673 3622 1910 3678 videan-

256 3692 369 3786 tur,
393 3729 508 3787 pro
544 3692 710 3767 nulla
734 3710 1040 3767 verborum
1070 3711 1397 3767 rusticitate
1416 3711 1502 3767 vel
1537 3728 1666 3767 mea
1692 3710 1914 3766 vilitate

261 3804 639 3877 respuantur.
661 3799 722 3856 Si
751 3815 906 3871 vero,
932 3800 1085 3873 quod
1114 3799 1295 3857 absit!
1330 3800 1695 3874 reperiantur
1725 3816 1917 3856 errore

262 3891 452 3965 aliquo
475 3889 1384 3963 involuta,corrigantur,quaeso,
1404 3889 1725 3946 intentione
1747 3905 1914 3961 pura.

262 3978 679 4035 Verumtamen
753 3994 922 4050 spero
981 3977 1119 4048 quia
1176 3994 1550 4050 nequaquam
1610 3976 1918 4049 multiplici

261 4070 516 4124 traditus
547 4083 682 4123 sum
722 4066 926 4135 errori,
960 4082 1093 4122 cum
1124 4071 1245 4122 tam
1281 4070 1484 4123 sancta
1530 4071 1588 4122 et
1631 4065 1921 4139 praecipua

263 4158 331 4215 de
372 4157 673 4231 mysteriis
702 4155 918 4212 divinis
950 4157 1236 4212 credenda
1291 4154 1539 4229 protuli;
1590 4156 1731 4228 quia
1778 4156 1921 4211 scri~

266 4253 431 4318 ptum
463 4251 558 4303 est
579 4265 593 4302 :
617 4246 782 4303 Nemo
806 4254 985 4318 potest
1019 4246 1200 4302 dicere
1228 4247 1488 4303 Dominus
1515 4248 1685 4315 Iesus,
1717 4247 1832 4303 nisi
1862 4246 1921 4300 in

270 4334 484 4407 Spiritu
508 4342 710 4392 sancto.

342 4423 526 4480 Porro
557 4422 795 4480 intentio
828 4428 885 4479 et
918 4440 1099 4480 causa
1144 4422 1371 4479 dicendi
1401 4423 1523 4478 haec
1573 4422 1685 4479 fuit
1713 4423 1922 4494 hujus-

2008 1894 2187 1967 plere,
2219 1897 2460 1982 credens
2494 1894 2677 1951 filium
2706 1897 3056 1953 moriturum
3086 1915 3257 1971 posse
3286 1900 3651 1969 resuscitari,

2008 1989 2075 2040 ut
2105 1986 2162 2040 in
2193 2002 2259 2041 eo
2293 1984 2635 2057 impleretur
2664 1986 2907 2042 seminis
2938 1986 3365 2061 multiplicandi
3397 1990 3653 2062 promis~

2009 2075 2133 2131 sio.“
2155 2076 2355 2146 Itaque
2405 2074 2621 2130 meruit
2652 2077 2871 2132 audire.
2906 2079 3011 2132 Per
3038 2080 3419 2151 memetipsum
3439 2080 3652 2152 juravi,

2008 2164 2138 2219 dicit
2173 2166 2458 2234 Dominus,
2493 2167 2624 2236 quia
2663 2167 2847 2237 fecisti
2889 2182 3002 2221 rem
3052 2167 3211 2238 hanc,
3243 2176 3294 2223 et
3322 2185 3431 2223 non
3456 2185 3655 2241 perpe-

2008 2256 2134 2310 cisti
2160 2255 2280 2323 ﬁlio
2324 2263 2412 2308 tuo
2460 2256 2744 2325 unigenito
2770 2253 2997 2327 propter
3023 2273 3129 2321 me,
3163 2257 3475 2313 benedicam
3523 2258 3655 2324 tibi;

2008 2348 2059 2399 et
2106 2343 2489 2400 benedicentur
2528 2345 2590 2398 in
2625 2346 2831 2399 semine
2879 2349 2972 2400 tuo
3016 2362 3200 2401 omnes
3243 2347 3420 2402 tribus
3466 2357 3652 2420 terrae,

2009 2434 2142 2504 quia
2166 2431 2397 2488 obedisti
2428 2434 2544 2487 voci
2570 2447 2711 2489 meae
2738 2433 2889 2503 (Gen.
2923 2433 3084 2506 xxu).

2086 2522 2243 2577 Idem
2276 2526 2508 2593 quoque
2556 2521 2689 2577 fidei
2749 2522 3022 2577 meritum
3081 2523 3341 2580 obtinere
3386 2524 3659 2581 videntur

2013 2611 2349 2683 quicunque
2362 2610 2718 2666 voluntatem
2742 2611 3037 2683 propriam
3053 2629 3156 2685 pro
3173 2613 3268 2669 Dei
3284 2630 3480 2670 amore
3502 2615 3655 2669 fran-

2012 2704 2177 2774 gunt,
2199 2698 2288 2755 vel
2318 2698 2478 2755 varia
2518 2699 2793 2755 vitiorum
2827 2701 3115 2757 incentiva
3144 2720 3246 2775 per
3276 2703 3377 2759 Dei
3408 2705 3657 2776 gratiam

2013 2807 2075 2845 se
2107 2794 2483 2862 superaturos
2513 2790 2776 2846 credunt.
2800 2790 3024 2853 Quanto
3050 2791 3205 2847 enim
3236 2792 3356 2848 hzsc
3388 2798 3528 2850 sunt
3555 2795 3660 2850 dif-

2014 2878 2276 2946 ficiliora,
2310 2882 2470 2934 tanto
2500 2880 2739 2951 praemia
2771 2885 3069 2936 merentur
3098 2882 3339 2951 majora.

2086 2967 2388 3033 Quomodo
2410 2972 2603 3023 autem
2631 2968 2774 3023 fides
2796 2968 3112 3041 cujuslibet
3131 2972 3405 3043 probetur
3433 2989 3536 3045 per
3556 2973 3657 3028 ad-

2014 3073 2200 3123 versa,
2224 3056 2478 3128 plurima
2498 3061 2834 3113 sanctorum
2863 3064 3187 3132 martyrum
3217 3064 3510 3118 testantur
3537 3079 3658 3118 cer-

2016 3145 2257 3201 tamina.
2290 3146 2425 3201 Fide
2454 3162 2710 3218 namque
2751 3147 2833 3202 ita
2878 3148 3115 3205 fuerunt
3145 3150 3358 3206 muniti
3390 3155 3454 3207 ut
3485 3151 3662 3208 nullis

2020 3252 2322 3308 poenarum
2364 3234 2453 3290 vel
2499 3236 2916 3291 adversitatum
2966 3238 3380 3295 afﬂictionibus
3424 3246 3665 3311 possent

2019 3324 2192 3390 vinci,
2225 3324 2375 3379 sicut
2404 3324 2688 3395 scriptum
2716 3329 2805 3379 est
2836 3343 2847 3381 :
2891 3325 3081 3381 Sancti
3101 3343 3199 3397 per
3226 3327 3388 3396 ﬁdem
3418 3328 3665 3384 vicerunt

2020 3430 2212 3486 regna,
2244 3418 2352 3467 etc.
2387 3413 2567 3483 (Hebr.
2601 3414 2724 3483 x11).

2092 3504 2234 3558 Ecce
2266 3499 2480 3556 audisti
2511 3506 2730 3571 quanta
2758 3501 2911 3557 bona
2941 3502 3084 3558 ﬁdes
3113 3506 3405 3574 operetur,
3438 3507 3495 3559 et
3524 3502 3663 3575 quid

2022 3594 2173 3649 inter
2222 3590 2364 3647 alias
2394 3591 2640 3645 virtutes
2700 3590 2880 3646 mixta
2938 3594 3247 3647 mereatur.
3282 3591 3431 3648 Audi
3488 3593 3662 3648 etiam

2025 3698 2180 3738 nunc
2223 3680 2364 3753 quia
2412 3678 2757 3751 plerumque
2788 3680 2988 3735 eadem
3022 3680 3190 3748 ﬁdes,
3220 3698 3355 3737 cum
3402 3681 3553 3737 desit
3582 3682 3665 3737 fa-

2025 3770 2213 3827 cultas
2242 3769 2488 3825 aliarum
2538 3768 2844 3837 virtutum,
2878 3768 3004 3825 sola
3045 3774 3301 3826 meretur
3346 3787 3526 3843 regna
3555 3787 3666 3827 ca:-

2023 3861 2213 3928 1estia,
2239 3859 2389 3915 sicut
2410 3860 2480 3914 de
2503 3858 2725 3915 latrone
2748 3859 2979 3931 legitur.
3008 3860 3153 3915 Hinc
3175 3860 3500 3923 enim,cum
3526 3859 3671 3915 nihil

2026 3950 2165 4006 boni
2198 3948 2356 4003 aliud
2389 3965 2566 4020 quam
2618 3949 2849 4003 credere
2900 3949 3207 4021 potuisset,
3236 3966 3337 4021 per
3383 3950 3571 4021 ipsam
3604 3949 3670 4003 fis

2029 4040 2185 4106 dem,
2209 4054 2386 4110 quam
2420 4042 2531 4093 Deo
2562 4037 2831 4093 exhibere
2875 4038 3081 4110 potuit,
3115 4038 3371 4093 maxima
3401 4037 3673 4110 perennis

2029 4128 2159 4185 vitae
2209 4127 2448 4200 praemia
2488 4126 2807 4199 promeruit
2856 4128 3007 4199 (Luc.
3054 4132 3236 4196 χχιιι).
3289 4127 3436 4185 Huic
3483 4125 3677 4183 simile

2032 4217 2172 4291 quid
2204 4218 2263 4273 in
2293 4218 2412 4273 vita
2444 4217 2676 4272 Patrum
2710 4216 3020 4272 invenitur.

2102 4326 2240 4380 Erat
2261 4340 2533 4396 namque,
2563 4324 2717 4379 sicut
2749 4324 2828 4379 ibi
2858 4323 3089 4396 legitur,
3117 4323 3393 4381 meretrix
3413 4323 3679 4396 quaedam

2036 4414 2253 4471 multos
2274 4412 2541 4469 homines
2564 4413 2802 4469 trahens
2824 4414 2883 4468 in
2907 4413 3255 4485 perditionis
3278 4414 3521 4469 foveam.
3546 4413 3681 4476 Quae

268 4513 449 4569 modi.
474 4512 622 4569 Cum
654 4513 811 4569 enim
847 4513 1119 4586 superius
1144 4513 1215 4567 de
1245 4512 1521 4569 facultate
1547 4512 1694 4569 bene
1716 4510 1928 4584 agendi
1958 4579 1996 4586 _
2036 4506 2177 4561 dum
2202 4503 2537 4559 amonacbo
2559 4502 2836 4575 quodam,
2862 4504 3038 4558 fratre
3062 4501 3283 4558 scilicet
3306 4519 3412 4557 suo
3436 4500 3685 4572 corripe.

265 4603 426 4659 varia
445 4602 601 4659 ratio
624 4579 1182 4675 ageretur,-probare
1202 4601 1467 4658 volebam
1490 4605 1711 4675 quanta
1733 4579 1790 4657 εἷ
1802 4602 1930 4673 jam
1958 4579 2006 4645 Β
2041 4598 2201 4650 retur
2221 4597 2276 4648 et
2292 4593 2363 4647 ad
2386 4591 2788 4664 poenitentiam
2807 4595 3240 4664 provocaretur,
3258 4607 3391 4645 mox
3408 4588 3684 4644 obediens

270 4692 521 4749 facultas
567 4694 726 4748 esset
766 4692 915 4748 bene
972 4691 1183 4765 agendi
1230 4692 1289 4746 in
1335 4692 1548 4747 virtute
1596 4690 1750 4747 ﬁdei.
1786 4690 1934 4749 Nam

270 4786 484 4853 quanto
520 4779 699 4836 latior
723 4783 780 4836 et
810 4779 1204 4854 perspicacior
1226 4780 1405 4836 estad
1428 4796 1640 4836 arcana
1665 4779 1935 4850 quaelibet

274 4870 561 4943 capienda
592 4869 761 4938 ﬁdes,
792 4873 955 4925 tanto
988 4868 1305 4943 ampliores
1346 4870 1493 4925 bene
1522 4867 1733 4942 agendi
1762 4869 1939 4924 habet

272 4960 450 5029 vires;
479 4959 594 5017 sed
616 4962 814 5015 tamen
841 4976 956 5015 non
988 4960 1069 5015 ita
1087 4959 1241 5015 vires
1263 4976 1401 5015 suas
1425 4963 1671 5026 exercet,
1690 4962 1754 5014 ut
1776 4955 1940 5013 nulla

276 5050 536 5121 patiatur
560 5048 830 5121 opposita
841 5047 927 5105 vel
946 5049 1255 5105 contraria.
1276 5048 1527 5104 Perfidia
1544 5064 1799 5119 namque
1822 5063 1944 5104 om-

274 5139 485 5212 nisque
506 5154 680 5195 error
702 5137 754 5194 ei
782 5138 1088 5211 oppositus
1119 5139 1389 5206 sentitur,
1406 5138 1547 5193 dum
1572 5135 1763 5193 ﬁdelis
1786 5137 1943 5209 quis-

275 5243 383 5300 que
411 5228 617 5285 varias
648 5226 865 5284 erroris
895 5228 1097 5299 spinas
1130 5232 1250 5282 tam
1281 5227 1342 5281 in
1384 5243 1446 5282 se
1487 5243 1665 5299 quam
1696 5230 1856 5282 extra
1880 5242 1941 5281 se

275 5323 430 5374 ortas
458 5316 714 5391 patitur.
737 5315 914 5372 Juxta
936 5332 997 5373 se
1020 5316 1280 5389 quidem,
1304 5332 1408 5388 per
1428 5314 1675 5372 subtiles
1695 5313 1942 5370 infideli-

272 5407 407 5463 tatis
430 5406 858 5479 cogitationes;
884 5410 1043 5463 extra
1064 5421 1126 5463 se
1151 5422 1285 5462 vero
1307 5421 1411 5477 per
1430 5405 1659 5478 aliquos
1682 5403 1944 5459 seducto-

268 5510 388 5552 res.
406 5496 633 5568 Sicque
654 5495 722 5552 ﬁt
742 5498 808 5552 ut
833 5494 1261 5568 unusquisque,
1281 5511 1385 5568 per
1408 5494 1637 5566 aliquas
1659 5492 1794 5547 fidei
1817 5507 1947 5564 pro-

273 5583 452 5642 batus
468 5584 1093 5658 contrarietates,quot
1112 5584 1303 5641 modis
1321 5587 1513 5657 potest
1529 5582 1776 5639 errando
1794 5579 1947 5640 male

275 5691 475 5752 agere,
508 5678 599 5734 tot
628 5674 821 5734 modis
866 5673 1061 5734 valeat
1089 5674 1376 5732 creden’do
1425 5672 1574 5731 bene
1603 5685 1793 5746 agere.
1815 5668 1947 5728 Haec

2045 4683 2207 4738 fratri
2240 4699 2348 4738 suo
2382 4681 2617 4752 reliquit
2654 4685 2892 4737 cunctas
2923 4679 3079 4735 soliti
3129 4678 3393 4734 officinas
3445 4678 3684 4747 peccati.

2044 4776 2304 4843 Cumque
2326 4771 2739 4843 egrederentur
2768 4769 2984 4840 pariter
3008 4769 3185 4823 frater
3211 4772 3268 4823 et
3295 4765 3688 4835 soror,videns

2047 4860 2365 4917 monachos
2390 4859 2675 4931 quosdam
2712 4858 2824 4913 sibl
2854 4857 3108 4928 obviare,
3131 4856 3276 4911 dixit
3300 4856 3476 4910 frater
3505 4853 3690 4910 sorori

2048 4950 2232 5006 chara:
2258 4966 2269 5004 :
2304 4948 2515 5003 Secede
2573 4945 2879 5018 paululum
2911 4946 2981 5001 de
3009 4945 3124 5016 via,
3148 4945 3331 5001 donec
3355 4944 3528 4999 turba
3558 4959 3690 5015 per-

2048 5040 2307 5094 transeat
2336 5036 2467 5105 ista,
2502 5052 2571 5090 ne
2603 5052 2709 5090 nos
2740 5034 3060 5106 incongrue
3091 5037 3490 5089 commeantes
3523 5047 3691 5086 scan-

2050 5126 2249 5182 dalum
2283 5125 2583 5198 patiantur
2610 5124 2895 5179 videntes.
2917 5124 3039 5187 Quo
3066 5122 3215 5177 facto
3247 5126 3381 5194 post
3408 5119 3693 5191 pusillum

2051 5218 2316 5272 revocata
2344 5219 2432 5270 est
2469 5214 2538 5269 ad
2590 5212 2759 5269 illum
2810 5211 2943 5286 [cod.
2982 5214 3147 5268 Cruc.
3199 5228 3301 5283 per
3346 5208 3559 5278 illum].
3589 5208 3693 5263 Ea-

2052 5323 2206 5374 mus,
2258 5304 2471 5376 inquit,
2505 5320 2727 5375 precor,
2760 5302 2820 5357 in
2864 5301 3017 5356 viam
3059 5304 3341 5363 nostram,
3374 5314 3558 5353 soror.
3592 5295 3699 5351 Illa

2054 5398 2251 5449 autem
2275 5409 2389 5448 non
2417 5392 3097 5465 respondente,quzerens
3118 5387 3337 5443 invenit
3358 5402 3486 5442 eam
3519 5384 3700 5441 obiis-

2056 5500 2137 5540 se.
2170 5487 2330 5538 Tunc
2360 5482 2538 5539 nimis
2559 5481 2936 5538 contristatus
2959 5477 3157 5534 retulit
3185 5492 3305 5533 rem
3338 5474 3557 5532 sanctis
3586 5478 3700 5530 Pa-

2054 5573 2266 5629 tribus.
2302 5572 2526 5638 Quibus
2580 5587 2685 5644 pro
2742 5586 2809 5626 ea
2864 5568 3191 5639 orantibus,
3234 5564 3554 5622 revelatum
3614 5565 3705 5619 est

2057 5664 2291 5723 cuidam
2321 5661 2548 5720 ccelitus
2587 5659 2727 5737 quia
2754 5675 2859 5734 pro
2889 5657 3004 5715 ﬁde
3051 5660 3284 5719 tantum
3314 5658 3373 5715 et
3402 5652 3702 5713 devotione
