4118 6188
422 273 534 336 131

1434 263 1780 326 OTHLONI
1825 260 2180 323 MONACHI
2227 260 2291 324 S.
2338 260 2831 325 EMMERAMMI

3714 259 3830 319 132

425 405 682 464 exhibita
713 400 1000 459 dimiserit
1046 399 1095 454 ei
1146 398 1300 454 Deus
1345 397 1541 453 omnia
1570 397 1801 464 delicta,
1835 400 1890 452 et
1939 398 2070 467 post
2098 396 2153 462 Α
2254 395 2405 450 Bene
2436 397 2650 452 docens
2675 400 2731 452 et
2761 395 2912 452 male
2942 394 3140 450 vivens
3161 391 3425 462 virtutes,
3448 405 3596 463 quas
3627 389 3833 461 praedi-

426 499 579 552 hanc
608 496 786 549 vitam
818 490 1079 562 requiem
1112 489 1188 543 sit
1221 488 1435 559 adepta
1464 503 1798 559 perennem.

502 585 606 651 Qui
639 599 773 654 ergo
806 580 959 651 capit
1001 579 1298 633 Christum
1341 577 1578 642 imitari,
1612 577 1787 631 habet
1819 573 2077 645 undique

431 673 694 745 exempla
724 673 869 725 bene
900 668 1157 734 vivendi;
1189 668 1364 722 habet
1389 667 1564 722 etiam
1598 684 1666 720 ex
1693 665 1888 735 aliqua
1918 666 2078 734 parte

427 765 764 820 facultatem
830 761 977 814 bene
1031 758 1261 830 agendi.
1313 758 1596 812 Caeterum
1629 754 1867 809 omnino
1925 755 2079 807 errat

429 853 528 924 qui
559 868 661 923 per
691 865 895 922 pacem
954 857 1008 904 et
1058 848 1241 902 otium
1298 863 1359 901 se
1416 844 1648 916 assequi
1707 842 2075 913 triumphum

425 945 611 1013 putat.

500 1033 560 1085 Η.
590 1031 773 1094 Quam
798 1027 975 1083 variis
999 1026 1170 1097 plena
1192 1024 1442 1096 dapibus
1465 1026 1694 1078 constat
1716 1026 1816 1076 tua
1838 1019 2072 1091 mensaﬂl

423 1121 567 1174 Nam
603 1135 736 1174 cum
770 1116 1075 1188 perpaucis
1108 1113 1354 1169 recreari
1387 1111 1616 1183 postulo
1649 1110 1860 1166 verbis.

427 1209 558 1264 Mox
589 1208 736 1262 mihi
767 1207 996 1262 diversa
1027 1204 1300 1259 doctrinae
1333 1203 1436 1256 das
1468 1201 1764 1255 alimenta.

428 1299 587 1353 Hanc
619 1297 801 1369 igitur
832 1311 1056 1350 coenam
1090 1291 1309 1347 caelesti
1343 1291 1616 1361 dogmate
1647 1289 1878 1360 plenam

421 1388 531 1452 Qui
561 1389 717 1443 bona
748 1390 959 1440 cuncta
989 1389 1144 1439 creat
1180 1381 1350 1436 solita
1389 1380 1601 1450 pietate
1615 1378 1929 1450 rependat.

1222 1489 1280 1541 L.

822 1581 1072 1644 Moralia,
1103 1581 1275 1633 metra
1308 1581 1359 1630 et
1384 1577 1690 1631 sententiw.

493 1694 642 1745 Ante
674 1689 774 1744 Dei
805 1687 1034 1742 vultum
1069 1685 1146 1739 nil
1183 1683 1342 1756 pravi
1375 1687 1603 1738 constat
1633 1680 1909 1735 inultum.

424 1785 540 1834 Aut
572 1779 704 1850 quis
742 1782 948 1848 sponte
980 1793 1088 1830 sua
1120 1773 1275 1828 mala
1308 1773 1496 1844 punit,
1533 1771 1650 1825 sive
1683 1767 1961 1825 coactus?

427 1868 683 1924 Bellator
714 1866 898 1932 fortis,
934 1865 1032 1935 qui
1067 1880 1128 1918 se
1159 1862 1371 1934 poterit
1401 1877 1696 1931 superare.

428 1958 622 2012 Bestia
651 1954 902 2010 crudelis
931 1958 1018 2008 est
1049 1970 1146 2007 cor
1175 1969 1360 2022 prava:
1391 1949 1674 2004 mulieris.
1748 1941 1776 1970 ⁸

427 2045 772 2100 Communis
805 2043 1048 2098 morbus
1079 2040 1471 2096 communiter
1503 2043 1591 2093 est
1621 2039 1966 2110 abigendus.

426 2133 656 2206 Corrige
687 2138 742 2188 te
772 2132 1049 2204 primum,
1085 2131 1184 2201 qui
1218 2133 1405 2184 rector
1437 2128 1517 2182 sis
1558 2128 1823 2182 aliorum.

426 2228 636 2278 Doctor
664 2223 954 2294 perfectus
986 2218 1249 2291 quzeJ‘ite
1281 2219 1447 2273 docet
1478 2217 1641 2288 prius
1674 2216 1896 2288 implet.

427 2313 648 2369 Divitiae
681 2329 823 2367 vera:
857 2314 994 2365 sunt
1024 2310 1309 2363 virtutum
1345 2309 1496 2362 bona
1527 2323 1788 2378 quaeque.

428 2403 739 2473 Eloquium
777 2405 1048 2455 sanctum
1081 2399 1399 2469 pretiosum
1434 2398 1497 2450 fit
1533 2411 1708 2467 super
1738 2412 1968 2450 aurum.

432 2492 533 2546 Est
563 2490 730 2561 quasi
761 2506 861 2543 vas
896 2504 1166 2554 vacuum,
1190 2488 1283 2541 cui
1324 2503 1464 2540 cura
1494 2487 1657 2540 deest
1688 2486 2040 2539 animarum.

433 2579 742 2634 Fructibus
773 2595 837 2632 ex
869 2577 1121 2648 propriis
1153 2577 1324 2631 arbor
1355 2575 1729 2647 cognoscitur
1758 2573 1969 2630 omnis.

433 2667 592 2722 Finis
625 2666 893 2738 praecepti
925 2669 1156 2720 constat
1187 2663 1419 2719 dilectio
1453 2664 1685 2718 Christi.

427 2757 661 2811 Grande
694 2754 887 2810 scelus
919 2754 1124 2826 grandi
1159 2753 1351 2807 studio
1385 2753 1556 2807 debet
1586 2752 1870 2824 superari.

429 2845 626 2899 Gratia
657 2844 781 2900 sola
815 2845 910 2898 Dei
946 2860 1091 2915 quos
1122 2841 1246 2898 vult
1277 2843 1414 2896 facit
1451 2841 1568 2897 alta
1598 2842 1827 2896 mereri.

433 2933 675 2990 llorrida
707 2932 859 2988 bella
892 2933 1040 3004 gerit
1065 2931 1163 3002 qui
1198 2932 1356 3002 pacis
1385 2931 1599 2985 foedera
1630 2930 1870 3000 spernit.

433 3025 722 3078 Haerentes
757 3027 917 3076 terrae
950 3025 1247 3091 nequeunt
1277 3020 1449 3074 subdi
1484 3018 1738 3073 them-ia).

2187 488 2280 540 cat
2311 485 2573 541 moribus
2605 486 2868 541 infamat.

2260 573 2484 630 Bellum
2517 576 2804 647 optimum
2852 574 3067 646 agitur,
3100 588 3233 627 cum
3265 569 3508 642 spiritus
3541 569 3701 626 carni
3733 571 3835 626 ad-

2186 669 2471 719 versatur.

2260 754 2516 809 Brevitas
2534 755 2662 809 vitzs
2681 754 2985 826 praesentis
3002 751 3303 826 pensanda
3319 754 3406 806 est
3429 750 3500 805 ab
3523 749 3834 804 universis.

2257 861 2378 916 Cito
2410 861 2468 915 in
2502 861 2750 916 crimina
2779 862 3003 932 majora
3033 858 3252 914 corruit
3282 857 3381 928 qui
3413 873 3588 929 parva
3612 872 3714 929 pro
3745 857 3835 911 ni-

2185 949 2304 1004 hilo
2338 950 2516 1005 ducit.

2256 1041 2466 1094 Curam
2501 1039 2560 1093 in
2593 1040 2766 1095 rebus
2790 1038 3030 1094 minime
3053 1035 3401 1093 necessariis
3433 1049 3603 1107 agere
3634 1051 3836 1107 pecca-

2185 1132 2310 1182 tum
2342 1133 2430 1183 est
2461 1129 2700 1201 grande.

2255 1221 2438 1289 Caput
2470 1225 2558 1274 est
2587 1217 2889 1273 discordia
2922 1217 3020 1289 qui
3052 1233 3119 1272 ex
3155 1213 3568 1271 communibus
3600 1212 3837 1284 propria

2187 1307 2381 1360 studet
2412 1307 2620 1362 facere.

2256 1395 2372 1450 Deo
2404 1395 2548 1450 nihil
2582 1396 2718 1451 mali
2759 1401 2846 1451 est
2884 1395 3320 1468 imputandum,
3356 1391 3836 1464 quandoquidem

2183 1481 2312 1554 ipso
2346 1484 2497 1539 malo
2530 1485 2715 1540 utitur
2745 1486 2815 1540 ad
2849 1485 3090 1539 bonum.

2257 1573 2503 1628 Difﬁcile
2534 1573 2844 1646 corrigitur
2891 1572 3152 1644 nequitia
3183 1587 3361 1645 quam
3412 1569 3664 1642 concipit
3702 1571 3837 1641 quis

2186 1661 2243 1716 in
2277 1663 2550 1733 pueritia.

2110 1773 2156 1836 B
2262 1756 2336 1806 De
2369 1755 2601 1822 peccato
2642 1753 2701 1807 in
2751 1755 3052 1823 peccatum
3084 1755 3364 1807 corruunt
3395 1749 3495 1821 qui
3543 1749 3726 1805 Deum
3757 1748 3837 1804 ti-

2188 1856 2343 1895 mere
2375 1846 2433 1896 et
2462 1858 2656 1897 amare
2687 1841 3011 1913 negligunt.

2262 1929 2699 2002 Eleemosynam
2733 1929 2893 1985 illam
2917 1935 3069 1985 Deus
3101 1933 3453 1998 exsecratur,
3483 1943 3610 2000 qua;
3639 1943 3708 1982 ex
3738 1944 3835 1983 ra-

2188 2019 2324 2090 pina
2351 2020 2656 2090 praebetur.

2260 2109 2422 2163 Errat
2455 2107 2729 2164 facillime
2760 2108 2859 2179 qui
2882 2125 2996 2163 non
3031 2112 3199 2164 curat
3220 2123 3333 2180 quo
3363 2107 3580 2163 rectius
3611 2110 3830 2178 pergat.

2261 2217 2338 2270 Ex
2369 2215 2555 2271 alieno
2601 2215 2855 2288 periculo
2910 2214 3143 2286 sapiens
3175 2232 3235 2271 se
3266 2214 3505 2287 corrigit
3533 2217 3590 2270 et
3635 2229 3834 2269 emen-

2190 2306 2304 2360 dat.

2261 2395 2498 2449 Frustra
2528 2411 2630 2466 pro
2667 2395 2854 2450 salute
2885 2393 3144 2466 corporis
3168 2393 3486 2458 laboratur,
3516 2391 3630 2448 nisi
3656 2389 3834 2446 simul

2189 2483 2396 2538 animae
2430 2482 2591 2539 salus
2619 2483 2968 2539 obtineatur.

2260 2574 2502 2628 Fallitur
2532 2574 2867 2629 omnimodo
2900 2572 3000 2645 qui
3032 2589 3196 2645 spem
3246 2587 3412 2628 suam
3443 2569 3606 2644 ponit
3635 2570 3696 2625 in
3729 2569 3836 2625 ho-

2190 2664 2347 2718 mine
2375 2663 2461 2717 vel
2496 2663 2554 2716 in
2589 2663 2695 2717 hoc
2729 2662 2960 2718 sreculo.

2263 2751 2449 2807 Facile
2498 2751 2738 2807 offendit
2795 2752 2895 2823 qui
2950 2768 3064 2807 non
3109 2749 3366 2823 optimis,
3401 2749 3501 2804 sed
3562 2747 3836 2821 pessimis

2189 2842 2415 2914 placere
2447 2842 2624 2912 cupit.

2261 2930 2417 2986 Gulze
2468 2935 2524 2985 et
2570 2929 2809 2985 luxuriae
2853 2931 3084 2985 deditus
3134 2931 3506 3000 comparatur
3547 2925 3835 2998 jumentis

2188 3019 2623 3090 insipientibus.

432 3112 620 3208 impia
649 3127 892 3208 quaeque
926 3110 1167 3166 studens
1209 3108 1410 3179 nequit
1441 3109 1497 3208 in
1527 3108 1757 3208 Christo
1791 3107 1910 3208 fore
1931 3124 2076 3208 pru-
2111 3141 2152 3208 Ο
2262 3110 2442 3208 Grave
2472 3113 2560 3165 est
2590 3114 2892 3181 peccatum
2919 3109 3072 3164 unde
3104 3107 3316 3179 aliquis
3348 3107 3625 3178 peccandi
3656 3103 3840 3161 sumit

434 3200 665 3254 Invidiae
688 3199 900 3270 plenus
932 3215 1107 3268 super
1133 3213 1336 3252 omnes
1359 3201 1543 3251 exstat
1573 3213 1811 3267 egenus.
1891 3196 2077 3266 [dens.

433 3289 653 3343 Charos
687 3305 857 3343 nemo
891 3305 1029 3342 suos
1061 3286 1290 3341 Christo
1323 3302 1655 3356 praeponere
1686 3286 1874 3340 debet.

429 3378 554 3432 Lux
582 3381 798 3432 aeterna
829 3376 962 3446 piis,
995 3376 1246 3430 tenebrae
1274 3380 1412 3429 sunt
1441 3391 1674 3445 semper
1705 3374 1944 3445 iniquis.

434 3467 687 3522 Lumbos
714 3465 1015 3537 praecingit
1048 3464 1144 3535 qui
1179 3465 1372 3518 carnis
1401 3468 1535 3517 vota
1569 3463 1886 3535 restringit.

431 3555 639 3627 Magna
671 3557 833 3624 quies
866 3554 1047 3608 animi
1080 3553 1260 3606 vitare
1292 3553 1521 3623 negotia
1554 3552 1777 3606 mundi.

436 3645 589 3698 Mars
621 3642 776 3696 mala
803 3643 1090 3706 vincetur,
1124 3642 1173 3694 si
1200 3641 1422 3711 jugiter
1453 3644 1584 3693 ante
1618 3641 1878 3694 timetur.

433 3731 559 3785 Non
583 3731 797 3800 poterit
826 3731 936 3783 dici
970 3745 1147 3799 quam
1173 3728 1360 3782 multa
1383 3728 1458 3782 sit
1492 3745 1586 3781 ars
1621 3729 1864 3783 inimici.

434 3819 516 3874 Ne
547 3819 775 3873 tardare
803 3817 967 3884 velis,
1006 3818 1052 3871 si
1087 3833 1262 3888 quem
1296 3804 1627 3871 convertere
1656 3818 1864 3888 possis.

428 3909 471 3963 Ο
505 3908 740 3980 quantis
772 3908 928 3962 curis
963 3923 1129 3962 mens
1162 3905 1384 3978 indiget
1415 3906 1688 3961 omnibus
1711 3906 1869 3962 horis
1898 3907 1909 3962 l

426 3997 725 4052 Orandum
760 4011 1012 4066 semper,
1046 4012 1117 4050 ne
1151 3995 1505 4050 seducamur
1538 3995 1608 4050 ab
1640 3994 1828 4051 hosta.

430 4086 682 4140 Peccans
717 4085 978 4155 quotidie
1011 4084 1245 4140 studeat
1273 4101 1334 4139 se
1369 4101 1501 4138 mox
1533 4101 1822 4156 reparare.

433 4179 695 4246 Praeceps
724 4175 794 4229 ad
827 4175 1012 4228 risum
1047 4190 1300 4244 prmceps
1328 4190 1559 4245 quoque
1593 4175 1775 4229 fertur
1806 4175 1876 4229 ad
1909 4175 2077 4231 iram.

434 4267 619 4330 Quam
643 4264 988 4319 tenebrosus
1012 4279 1194 4331 amor,
1213 4279 1326 4334 quo
1349 4262 1495 4318 lucis
1517 4264 1815 4335 spernitur
1836 4265 2076 4320 Auctor!

430 4356 725 4419 Quantum
760 4354 890 4425 plus
920 4352 1112 4408 valeas
1144 4356 1373 4408 tantum
1406 4353 1752 4408 submittere
1781 4353 2029 4409 Christo.

429 4445 578 4499 Rara
609 4443 752 4498 fides
784 4442 1006 4498 homini
1035 4443 1345 4497 tribuenda
1368 4447 1477 4511 est,
1503 4459 1605 4513 pro
1634 4442 1826 4497 dolor!
1861 4444 2040 4498 omni.

424 4534 542 4590 Rex
578 4533 712 4605 pius
745 4536 800 4587 et
823 4533 1025 4603 justus
1059 4533 1256 4586 studet
1288 4532 1396 4586 hoc
1429 4532 1584 4601 quod
1623 4531 1836 4586 dicitur
1865 4549 2011 4588 esse.

426 4624 484 4678 Si
527 4623 613 4678 vis
660 4622 893 4689 salvari,
930 4621 1008 4676 nil
1060 4620 1195 4676 huic
1246 4621 1381 4691 [cod.
1418 4620 1573 4675 Cruc.
1611 4621 1764 4690 hinc]
1814 4638 2085 4694 praepone

1859 4709 2080 4779 [saluti.

438 4803 600 4872 Saepe
619 4803 835 4856 bonum
852 4803 1124 4873 cupimus
1139 4801 1291 4873 quod
1311 4817 1440 4854 mox
1459 4817 1563 4855 nos
1578 4799 1727 4854 nolle
1746 4801 2081 4872 probamus,

434 4890 706 4944 Terrenis
737 4890 970 4945 inhians
1002 4891 1092 4942 vix
1126 4889 1452 4959 spiritualia
1483 4889 1682 4944 credit.

435 4979 515 5033 Te
546 4978 747 5033 laesum
781 4978 968 5047 crede,
995 4994 1128 5031 cum
1162 4978 1352 5032 cernis
1386 4995 1678 5048 quemque
1713 4977 1926 5035 dolere.

431 5066 714 5122 Utilitatis
750 5081 912 5120 amor
944 5066 1055 5119 cito
1089 5066 1294 5120 suadet
1327 5067 1466 5135 quid
1502 5067 1577 5120 sit
1607 5069 1920 5138 agendum.

431 5156 503 5211 Ut
534 5155 684 5227 lapis
718 5155 912 5210 omnis
945 5154 1142 5219 homo,
1179 5153 1291 5208 nisi
1325 5154 1520 5209 mollis
1552 5163 1757 5226 agatur
1787 5159 1857 5212 ab
1892 5156 2027 5213 alto.

430 5246 532 5301 Vis
565 5246 769 5317 ingens
801 5243 981 5298 animi
1015 5241 1240 5296 nullius
1273 5242 1442 5297 laude
1474 5243 1712 5297 moveri.

506 5333 868 5406 Arrogantia,
904 5349 1030 5404 qua:
1089 5330 1294 5386 divites
1328 5332 1382 5384 in
1418 5331 1627 5401 Opibus
1676 5333 1919 5400 extollit,
1956 5335 2085 5407 ipsa

439 5439 670 5494 quoque
700 5423 906 5477 divites
937 5421 995 5475 in
1027 5420 1217 5475 verbis
1250 5421 1571 5491 smpissime
1603 5422 1903 5478 subvertit.

509 5512 704 5567 Ardua
726 5511 978 5566 scientiae
997 5510 1148 5565 dona
1165 5509 1495 5564 humilitate
1517 5509 1781 5582 indigent
1803 5513 2078 5570 maxima.

504 5603 682 5666 Amor
713 5600 910 5662 saeculi
942 5603 1311 5676 contemptus
1337 5603 1427 5660 est
1458 5599 1577 5681 Dei.

2192 3198 2543 3270 exemplum.

2263 3288 2452 3343 Gratis
2485 3306 2518 3342 a
2541 3289 2652 3342 Deo
2675 3289 2812 3342 data
2837 3287 3021 3360 gratis
3042 3287 3220 3343 etiam
3244 3291 3384 3343 sunt
3405 3287 3477 3342 ab
3499 3284 3838 3342 hominibus

2193 3379 2402 3432 danda.

2264 3467 2380 3522 Hoc
2412 3466 2602 3522 studio
2635 3466 2887 3522 converti
2924 3466 3172 3538 quisque
3202 3466 3373 3521 debet
3419 3466 3491 3520 ad
3543 3465 3696 3520 bona
3726 3479 3838 3534 quo

2192 3561 2465 3627 operatus
2496 3561 2583 3610 est
2613 3556 2788 3610 mala.

2262 3644 2596 3699 Ilumilibus
2628 3647 2684 3699 et
2714 3643 2985 3699 fidelibus
3010 3644 3218 3698 divina:
3250 3643 3394 3716 legis
3427 3641 3707 3714 mysteria
3737 3657 3839 3713 pa-

2193 3737 2350 3799 tent;
2386 3734 2670 3804 superbos
2701 3738 2896 3788 autem
2927 3738 2984 3788 et
3013 3731 3279 3789 infideles
3312 3733 3513 3788 latent.

2264 3821 2540 3875 Homines
2582 3821 2714 3892 plus
2759 3838 2935 3892 quam
2967 3823 3150 3877 Deum
3183 3822 3389 3876 timere
3439 3838 3554 3876 non
3585 3825 3673 3876 est
3703 3818 3836 3875 reli-

2192 3909 2381 3981 gionis
2407 3909 2768 3966 Christianae.

2262 3999 2454 4054 Haeres
2485 4002 2538 4053 et
2570 3999 2938 4070 propinquus
2968 4003 3055 4055 est
3091 3998 3414 4071 spiritualis
3447 3997 3692 4053 amicus.

2267 4087 2422 4158 Ignis
2454 4087 2940 4158 concupiscentia
2971 4087 3222 4143 carnalis
3253 4091 3470 4158 quanto
3498 4086 3721 4141 diutius
3753 4102 3840 4140 ar-

2193 4176 2328 4231 dere
2360 4175 2739 4247 permittitur,
2772 4181 2930 4232 tanto
2962 4175 3262 4232 difficilius
3292 4175 3702 4247 exstinguitur.

2264 4265 2581 4320 Inﬁrmitas
2634 4266 2827 4320 carnis
2875 4266 2924 4320 si
2984 4264 3271 4337 patienter
3329 4264 3708 4330 sustineatur,
3753 4266 3845 4318 est

2192 4353 2360 4425 quasi
2391 4353 2767 4426 purgatorius
2797 4354 2971 4425 ignis.

2265 4445 2475 4499 Juveni
2502 4443 2585 4497 nil
2618 4444 2806 4515 magis
2838 4443 3077 4498 noxium
3112 4443 3404 4499 invenitur
3433 4457 3612 4514 quam
3647 4446 3713 4497 ut
3741 4457 3848 4496 vo-

2118 4513 2164 4578 D
2196 4533 2482 4588 luntatem
2516 4513 2810 4604 propriam
2843 4538 3143 4604 sequatur.

2270 4623 2548 4694 Injuriam
2595 4639 2870 4694 magnam
2901 4622 3155 4678 Creatori
3195 4623 3333 4678 facit
3363 4621 3464 4692 qui
3517 4625 3846 4676 creaturam

2196 4711 2378 4766 ullam
2410 4711 2544 4782 plus
2575 4728 2752 4781 quam
2785 4710 2951 4766 illum
2984 4710 3193 4782 diligit.

2267 4801 2482 4856 Laudis
2513 4800 2783 4856 humanae
2817 4801 3020 4856 avidus
3062 4800 3269 4856 divinae
3319 4798 3724 4855 retributionis
3753 4813 3845 4853 re-

2195 4889 2354 4961 spuit
2386 4906 2620 4945 munus.

2268 4980 2460 5050 Longo
2494 4996 2602 5034 usu
2627 4979 2973 5034 discendum
3001 4983 3090 5034 est
3119 4978 3353 5050 quando
3374 4977 3650 5048 cuiquam
3683 4975 3847 5047 loqui

2198 5067 2281 5122 vel
2315 5074 2506 5122 tacere
2537 5067 2859 5123 conveniat.

2269 5156 2428 5211 Licet
2473 5156 2674 5212 multis
2723 5157 2838 5211 vita
2887 5161 2988 5211 tua
3035 5155 3280 5228 placeat,
3312 5155 3419 5211 tibi
3467 5153 3694 5227 placere
3727 5168 3844 5208 non

2197 5245 2386 5300 debet

2268 5339 2564 5389 Latentem
2598 5335 2932 5407 superbiam
2966 5334 3046 5390 nil
3073 5336 3264 5408 magis
3294 5332 3630 5407 comprimit
3660 5346 3841 5404 quam

2197 5423 2367 5496 culpa
2407 5428 2630 5495 patens.

2268 5515 2454 5569 Mores
2497 5519 2554 5569 et
2603 5514 2800 5570 studia
2829 5520 3142 5587 rectorum,
3178 5531 3246 5572 ex
3277 5512 3556 5587 qualitate
3608 5508 3841 5585 conspi-

2195 5602 2435 5670 ciuntur
2463 5604 2862 5665 subditorum.
