  <div class='ocr_page' id='page_1' title='image "/cluster/home/n/w/nwhite01/storage/ocr_20150623/146/hvd.32044054760053/072.png"; bbox 0 0 4118 6188; ppageno 0'>
   <div class='ocr_carea' id='block_1_1' title="bbox 253 261 371 324">
    <p class='ocr_par' dir='ltr' id='par_1_1' title="bbox 253 261 371 324">
     <span class='ocr_line' id='line_1_1' title="bbox 253 261 371 324; baseline -0.025 0"><span class='ocrx_word' id='word_1_1' title='bbox 253 261 371 324; x_wconf 73' lang='grc'>133</span> 
     </span>
    </p>
   </div>
   <div class='ocr_carea' id='block_1_2' title="bbox 1224 258 2688 336">
    <p class='ocr_par' dir='ltr' id='par_1_2' title="bbox 1224 258 2688 336">
     <span class='ocr_line' id='line_1_2' title="bbox 1224 258 2688 336; baseline 0.006 -14"><span class='ocrx_word' id='word_1_2' title='bbox 1224 258 1536 324; x_wconf 87' lang='lat' dir='ltr'>DlALOG.</span> <span class='ocrx_word' id='word_1_3' title='bbox 1584 263 1686 325; x_wconf 85' lang='lat' dir='ltr'>DE</span> <span class='ocrx_word' id='word_1_4' title='bbox 1730 262 2017 328; x_wconf 80' lang='lat' dir='ltr'>TRIBUS</span> <span class='ocrx_word' id='word_1_5' title='bbox 2061 264 2688 336; x_wconf 70' lang='lat' dir='ltr'>QUAESTIONIBUS.</span> 
     </span>
    </p>
   </div>
   <div class='ocr_carea' id='block_1_3' title="bbox 3545 279 3663 344">
    <p class='ocr_par' dir='ltr' id='par_1_3' title="bbox 3545 279 3663 344">
     <span class='ocr_line' id='line_1_3' title="bbox 3545 279 3663 344; baseline 0.017 -3"><span class='ocrx_word' id='word_1_6' title='bbox 3545 279 3663 344; x_wconf 65' lang='grc'>131</span> 
     </span>
    </p>
   </div>
   <div class='ocr_carea' id='block_1_4' title="bbox 321 390 3658 486">
    <p class='ocr_par' dir='ltr' id='par_1_4' title="bbox 321 390 3658 486">
     <span class='ocr_line' id='line_1_4' title="bbox 321 390 3658 486; baseline 0.006 -36"><span class='ocrx_word' id='word_1_7' title='bbox 321 391 515 486; x_wconf 82' lang='lat' dir='ltr'>Mollis</span> <span class='ocrx_word' id='word_1_8' title='bbox 543 395 602 448; x_wconf 91' lang='lat' dir='ltr'>et</span> <span class='ocrx_word' id='word_1_9' title='bbox 630 390 956 449; x_wconf 85' lang='lat' dir='ltr'>dissolutus</span> <span class='ocrx_word' id='word_1_10' title='bbox 985 409 1102 449; x_wconf 92' lang='lat' dir='ltr'>non</span> <span class='ocrx_word' id='word_1_11' title='bbox 1157 392 1267 461; x_wconf 90' lang='lat' dir='ltr'>vir,</span> <span class='ocrx_word' id='word_1_12' title='bbox 1290 395 1391 451; x_wconf 92' lang='lat' dir='ltr'>sed</span> <span class='ocrx_word' id='word_1_13' title='bbox 1436 396 1648 454; x_wconf 80' lang='lat' dir='ltr'>mulier</span> <span class='ocrx_word' id='word_1_14' title='bbox 1676 400 1764 454; x_wconf 89' lang='lat' dir='ltr'>est</span> <span class='ocrx_word' id='word_1_15' title='bbox 1814 397 1900 453; x_wconf 91' lang='lat' dir='ltr'>di-</span> <span class='ocrx_word' id='word_1_16' title='bbox 1931 408 1988 475; x_wconf 79' lang='grc' dir='ltr'><strong>Α</strong></span> <span class='ocrx_word' id='word_1_17' title='bbox 2084 398 2251 456; x_wconf 90' lang='lat' dir='ltr'>Salus</span> <span class='ocrx_word' id='word_1_18' title='bbox 2281 404 2370 456; x_wconf 89' lang='lat' dir='ltr'>est</span> <span class='ocrx_word' id='word_1_19' title='bbox 2398 401 2648 458; x_wconf 86' lang='lat' dir='ltr'>divitum</span> <span class='ocrx_word' id='word_1_20' title='bbox 2675 404 2984 463; x_wconf 87' lang='lat' dir='ltr'>subvenire</span> <span class='ocrx_word' id='word_1_21' title='bbox 3015 408 3467 468; x_wconf 82' lang='lat' dir='ltr'>necessitatibus</span> <span class='ocrx_word' id='word_1_22' title='bbox 3513 429 3658 486; x_wconf 90' lang='lat' dir='ltr'>pau-</span> 
     </span>
    </p>
   </div>
   <div class='ocr_carea' id='block_1_5' title="bbox 254 484 495 541">
    <p class='ocr_par' dir='ltr' id='par_1_5' title="bbox 254 484 495 541">
     <span class='ocr_line' id='line_1_5' title="bbox 254 484 495 541; baseline -0.008 -1"><span class='ocrx_word' id='word_1_23' title='bbox 254 484 495 541; x_wconf 90' lang='lat' dir='ltr'>cendus.</span> 
     </span>
    </p>
   </div>
   <div class='ocr_carea' id='block_1_6' title="bbox 323 571 1653 646">
    <p class='ocr_par' dir='ltr' id='par_1_6' title="bbox 323 571 1653 646">
     <span class='ocr_line' id='line_1_6' title="bbox 323 571 1653 646; baseline 0.002 -18"><span class='ocrx_word' id='word_1_24' title='bbox 323 571 533 629; x_wconf 85' lang='lat' dir='ltr'>Mulier</span> <span class='ocrx_word' id='word_1_25' title='bbox 558 572 707 628; x_wconf 90' lang='lat' dir='ltr'>dans</span> <span class='ocrx_word' id='word_1_26' title='bbox 739 587 916 644; x_wconf 85' lang='lat' dir='ltr'>opera</span> <span class='ocrx_word' id='word_1_27' title='bbox 944 571 1149 628; x_wconf 84' lang='lat' dir='ltr'>virtuti</span> <span class='ocrx_word' id='word_1_28' title='bbox 1179 572 1266 628; x_wconf 91' lang='lat' dir='ltr'>vir</span> <span class='ocrx_word' id='word_1_29' title='bbox 1295 578 1487 646; x_wconf 85' lang='lat' dir='ltr'>potest</span> <span class='ocrx_word' id='word_1_30' title='bbox 1516 576 1653 633; x_wconf 91' lang='lat' dir='ltr'>dici.</span> 
     </span>
    </p>
   </div>
   <div class='ocr_carea' id='block_1_7' title="bbox 320 659 1902 737">
    <p class='ocr_par' dir='ltr' id='par_1_7' title="bbox 320 659 1902 737">
     <span class='ocr_line' id='line_1_7' title="bbox 320 659 1902 737; baseline 0.001 -18"><span class='ocrx_word' id='word_1_31' title='bbox 320 661 522 719; x_wconf 85' lang='lat' dir='ltr'>Militis</span> <span class='ocrx_word' id='word_1_32' title='bbox 555 659 871 732; x_wconf 86' lang='lat' dir='ltr'>cujuslibet</span> <span class='ocrx_word' id='word_1_33' title='bbox 891 661 1168 718; x_wconf 84' lang='lat' dir='ltr'>fortitudo</span> <span class='ocrx_word' id='word_1_34' title='bbox 1192 679 1307 719; x_wconf 89' lang='lat' dir='ltr'>non</span> <span class='ocrx_word' id='word_1_35' title='bbox 1331 665 1668 737; x_wconf 90' lang='lat' dir='ltr'>agnoscitur</span> <span class='ocrx_word' id='word_1_36' title='bbox 1699 665 1813 721; x_wconf 85' lang='lat' dir='ltr'>nisi</span> <span class='ocrx_word' id='word_1_37' title='bbox 1843 665 1902 720; x_wconf 92' lang='lat' dir='ltr'>in</span> 
     </span>
    </p>
   </div>
   <div class='ocr_carea' id='block_1_8' title="bbox 252 751 424 809">
    <p class='ocr_par' dir='ltr' id='par_1_8' title="bbox 252 751 424 809">
     <span class='ocr_line' id='line_1_8' title="bbox 252 751 424 809; baseline -0.017 0"><span class='ocrx_word' id='word_1_38' title='bbox 252 751 424 809; x_wconf 88' lang='lat' dir='ltr'>bello.</span> 
     </span>
    </p>
   </div>
   <div class='ocr_carea' id='block_1_9' title="bbox 318 839 1906 915">
    <p class='ocr_par' dir='ltr' id='par_1_9' title="bbox 318 839 1906 915">
     <span class='ocr_line' id='line_1_9' title="bbox 318 839 1906 915; baseline 0.001 -18"><span class='ocrx_word' id='word_1_39' title='bbox 318 839 520 897; x_wconf 84' lang='lat' dir='ltr'>Nescit</span> <span class='ocrx_word' id='word_1_40' title='bbox 566 855 713 912; x_wconf 91' lang='lat' dir='ltr'>pene</span> <span class='ocrx_word' id='word_1_41' title='bbox 745 839 885 911; x_wconf 93' lang='lat' dir='ltr'>quid</span> <span class='ocrx_word' id='word_1_42' title='bbox 936 839 1102 896; x_wconf 90' lang='lat' dir='ltr'>labor</span> <span class='ocrx_word' id='word_1_43' title='bbox 1129 841 1207 897; x_wconf 88' lang='lat' dir='ltr'>sit</span> <span class='ocrx_word' id='word_1_44' title='bbox 1236 841 1336 914; x_wconf 88' lang='lat' dir='ltr'>qui</span> <span class='ocrx_word' id='word_1_45' title='bbox 1367 859 1671 915; x_wconf 84' lang='lat' dir='ltr'>nunquam</span> <span class='ocrx_word' id='word_1_46' title='bbox 1703 847 1906 900; x_wconf 90' lang='lat' dir='ltr'>contra</span> 
     </span>
    </p>
   </div>
   <div class='ocr_carea' id='block_1_10' title="bbox 254 929 1446 1004">
    <p class='ocr_par' dir='ltr' id='par_1_10' title="bbox 254 929 1446 1004">
     <span class='ocr_line' id='line_1_10' title="bbox 254 929 1446 1004; baseline 0.001 -17"><span class='ocrx_word' id='word_1_47' title='bbox 254 929 592 1004; x_wconf 87' lang='lat' dir='ltr'>spirituales</span> <span class='ocrx_word' id='word_1_48' title='bbox 621 929 916 1000; x_wconf 84' lang='lat' dir='ltr'>nequitias</span> <span class='ocrx_word' id='word_1_49' title='bbox 948 933 1168 986; x_wconf 89' lang='lat' dir='ltr'>certare</span> <span class='ocrx_word' id='word_1_50' title='bbox 1200 933 1446 988; x_wconf 90' lang='lat' dir='ltr'>studuit.</span> 
     </span>
    </p>
   </div>
   <div class='ocr_carea' id='block_1_11' title="bbox 319 1019 1904 1094">
    <p class='ocr_par' dir='ltr' id='par_1_11' title="bbox 319 1019 1904 1094">
     <span class='ocr_line' id='line_1_11' title="bbox 319 1019 1904 1094; baseline 0.001 -18"><span class='ocrx_word' id='word_1_51' title='bbox 319 1019 506 1077; x_wconf 85' lang='lat' dir='ltr'>Nemo</span> <span class='ocrx_word' id='word_1_52' title='bbox 537 1034 600 1074; x_wconf 92' lang='lat' dir='ltr'>se</span> <span class='ocrx_word' id='word_1_53' title='bbox 643 1022 980 1090; x_wconf 88' lang='lat' dir='ltr'>peccantem</span> <span class='ocrx_word' id='word_1_54' title='bbox 1032 1019 1228 1075; x_wconf 84' lang='lat' dir='ltr'>credat</span> <span class='ocrx_word' id='word_1_55' title='bbox 1266 1020 1396 1077; x_wconf 92' lang='lat' dir='ltr'>ideo</span> <span class='ocrx_word' id='word_1_56' title='bbox 1431 1021 1627 1078; x_wconf 90' lang='lat' dir='ltr'>minus</span> <span class='ocrx_word' id='word_1_57' title='bbox 1657 1022 1904 1094; x_wconf 87' lang='lat' dir='ltr'>punien-</span> 
     </span>
    </p>
   </div>
   <div class='ocr_carea' id='block_1_12' title="bbox 256 1107 1758 1182">
    <p class='ocr_par' dir='ltr' id='par_1_12' title="bbox 256 1107 1758 1182">
     <span class='ocr_line' id='line_1_12' title="bbox 256 1107 1758 1182; baseline -0.001 -16"><span class='ocrx_word' id='word_1_58' title='bbox 256 1112 392 1166; x_wconf 92' lang='lat' dir='ltr'>dum</span> <span class='ocrx_word' id='word_1_59' title='bbox 424 1108 579 1181; x_wconf 91' lang='lat' dir='ltr'>quod</span> <span class='ocrx_word' id='word_1_60' title='bbox 611 1107 1049 1164; x_wconf 84' lang='lat' dir='ltr'>multitudinem</span> <span class='ocrx_word' id='word_1_61' title='bbox 1080 1108 1342 1165; x_wconf 87' lang='lat' dir='ltr'>imitetur</span> <span class='ocrx_word' id='word_1_62' title='bbox 1372 1110 1758 1182; x_wconf 86' lang='lat' dir='ltr'>peccantium.</span> 
     </span>
    </p>
   </div>
   <div class='ocr_carea' id='block_1_13' title="bbox 322 1197 1903 1270">
    <p class='ocr_par' dir='ltr' id='par_1_13' title="bbox 322 1197 1903 1270">
     <span class='ocr_line' id='line_1_13' title="bbox 322 1197 1903 1270; baseline 0 -15"><span class='ocrx_word' id='word_1_63' title='bbox 322 1197 561 1256; x_wconf 87' lang='lat' dir='ltr'>Nullum</span> <span class='ocrx_word' id='word_1_64' title='bbox 593 1199 826 1253; x_wconf 86' lang='lat' dir='ltr'>constat</span> <span class='ocrx_word' id='word_1_65' title='bbox 854 1197 1077 1253; x_wconf 89' lang='lat' dir='ltr'>malum</span> <span class='ocrx_word' id='word_1_66' title='bbox 1124 1214 1239 1270; x_wconf 91' lang='lat' dir='ltr'>quo</span> <span class='ocrx_word' id='word_1_67' title='bbox 1272 1200 1424 1256; x_wconf 91' lang='lat' dir='ltr'>Deus</span> <span class='ocrx_word' id='word_1_68' title='bbox 1457 1216 1571 1255; x_wconf 92' lang='lat' dir='ltr'>non</span> <span class='ocrx_word' id='word_1_69' title='bbox 1604 1204 1803 1257; x_wconf 82' lang='lat' dir='ltr'>utatur</span> <span class='ocrx_word' id='word_1_70' title='bbox 1832 1200 1903 1255; x_wconf 92' lang='lat' dir='ltr'>ad</span> 
     </span>
    </p>
   </div>
   <div class='ocr_carea' id='block_1_14' title="bbox 261 1287 766 1361">
    <p class='ocr_par' dir='ltr' id='par_1_14' title="bbox 261 1287 766 1361">
     <span class='ocr_line' id='line_1_14' title="bbox 261 1287 766 1361; baseline -0.01 -15"><span class='ocrx_word' id='word_1_71' title='bbox 261 1288 494 1361; x_wconf 86' lang='lat' dir='ltr'>aliquod</span> <span class='ocrx_word' id='word_1_72' title='bbox 521 1287 766 1343; x_wconf 91' lang='lat' dir='ltr'>bonum.</span> 
     </span>
    </p>
   </div>
   <div class='ocr_carea' id='block_1_15' title="bbox 329 1376 1902 1451">
    <p class='ocr_par' dir='ltr' id='par_1_15' title="bbox 329 1376 1902 1451">
     <span class='ocr_line' id='line_1_15' title="bbox 329 1376 1902 1451; baseline -0.001 -15"><span class='ocrx_word' id='word_1_73' title='bbox 329 1377 690 1451; x_wconf 84' lang='lat' dir='ltr'>Negligentia</span> <span class='ocrx_word' id='word_1_74' title='bbox 719 1381 778 1432; x_wconf 90' lang='lat' dir='ltr'>et</span> <span class='ocrx_word' id='word_1_75' title='bbox 832 1376 1096 1433; x_wconf 89' lang='lat' dir='ltr'>otiositas</span> <span class='ocrx_word' id='word_1_76' title='bbox 1145 1377 1446 1434; x_wconf 87' lang='lat' dir='ltr'>hominem</span> <span class='ocrx_word' id='word_1_77' title='bbox 1496 1379 1568 1435; x_wconf 91' lang='lat' dir='ltr'>ad</span> <span class='ocrx_word' id='word_1_78' title='bbox 1598 1378 1902 1435; x_wconf 89' lang='lat' dir='ltr'>interitum</span> 
     </span>
    </p>
   </div>
   <div class='ocr_carea' id='block_1_16' title="bbox 264 1469 506 1525">
    <p class='ocr_par' dir='ltr' id='par_1_16' title="bbox 264 1469 506 1525">
     <span class='ocr_line' id='line_1_16' title="bbox 264 1469 506 1525; baseline 0 -1"><span class='ocrx_word' id='word_1_79' title='bbox 264 1469 506 1525; x_wconf 85' lang='lat' dir='ltr'>ducunt.</span> 
     </span>
    </p>
   </div>
   <div class='ocr_carea' id='block_1_17' title="bbox 337 1555 1660 1616">
    <p class='ocr_par' dir='ltr' id='par_1_17' title="bbox 337 1555 1660 1616">
     <span class='ocr_line' id='line_1_17' title="bbox 337 1555 1660 1616; baseline 0.001 -3"><span class='ocrx_word' id='word_1_80' title='bbox 337 1555 532 1613; x_wconf 85' lang='lat' dir='ltr'>Omnis</span> <span class='ocrx_word' id='word_1_81' title='bbox 562 1557 688 1612; x_wconf 90' lang='lat' dir='ltr'>dies</span> <span class='ocrx_word' id='word_1_82' title='bbox 716 1555 876 1612; x_wconf 90' lang='lat' dir='ltr'>velut</span> <span class='ocrx_word' id='word_1_83' title='bbox 905 1555 1150 1613; x_wconf 90' lang='lat' dir='ltr'>ultimus</span> <span class='ocrx_word' id='word_1_84' title='bbox 1181 1561 1524 1616; x_wconf 89' lang='lat' dir='ltr'>tractandus</span> <span class='ocrx_word' id='word_1_85' title='bbox 1554 1564 1660 1616; x_wconf 91' lang='lat' dir='ltr'>est.</span> 
     </span>
    </p>
   </div>
   <div class='ocr_carea' id='block_1_18' title="bbox 329 1645 1482 1718">
    <p class='ocr_par' dir='ltr' id='par_1_18' title="bbox 329 1645 1482 1718">
     <span class='ocr_line' id='line_1_18' title="bbox 329 1645 1482 1718; baseline 0 -14"><span class='ocrx_word' id='word_1_86' title='bbox 329 1646 598 1704; x_wconf 84' lang='lat' dir='ltr'>Oratione</span> <span class='ocrx_word' id='word_1_87' title='bbox 629 1645 910 1702; x_wconf 90' lang='lat' dir='ltr'>continua</span> <span class='ocrx_word' id='word_1_88' title='bbox 939 1651 1293 1718; x_wconf 88' lang='lat' dir='ltr'>superantur</span> <span class='ocrx_word' id='word_1_89' title='bbox 1322 1649 1482 1705; x_wconf 90' lang='lat' dir='ltr'>vitia.</span> 
     </span>
    </p>
   </div>
   <div class='ocr_carea' id='block_1_19' title="bbox 325 1735 1901 1811">
    <p class='ocr_par' dir='ltr' id='par_1_19' title="bbox 325 1735 1901 1811">
     <span class='ocr_line' id='line_1_19' title="bbox 325 1735 1901 1811; baseline 0.002 -19"><span class='ocrx_word' id='word_1_90' title='bbox 325 1735 486 1793; x_wconf 91' lang='lat' dir='ltr'>Oculi</span> <span class='ocrx_word' id='word_1_91' title='bbox 537 1735 890 1808; x_wconf 88' lang='lat' dir='ltr'>petulantes,</span> <span class='ocrx_word' id='word_1_92' title='bbox 940 1736 1132 1792; x_wconf 91' lang='lat' dir='ltr'>cordis</span> <span class='ocrx_word' id='word_1_93' title='bbox 1162 1735 1445 1794; x_wconf 86' lang='lat' dir='ltr'>luxuriosi</span> <span class='ocrx_word' id='word_1_94' title='bbox 1476 1743 1616 1795; x_wconf 89' lang='lat' dir='ltr'>sunt</span> <span class='ocrx_word' id='word_1_95' title='bbox 1645 1739 1901 1811; x_wconf 85' lang='lat' dir='ltr'>prodito-</span> 
     </span>
    </p>
   </div>
   <div class='ocr_carea' id='block_1_20' title="bbox 261 1831 427 1884">
    <p class='ocr_par' dir='ltr' id='par_1_20' title="bbox 261 1831 427 1884">
     <span class='ocr_line' id='line_1_20' title="bbox 261 1831 427 1884; baseline -0.012 0"><span class='ocrx_word' id='word_1_96' title='bbox 261 1831 427 1884; x_wconf 81' lang='lat' dir='ltr'>tores.</span> 
     </span>
    </p>
   </div>
   <div class='ocr_carea' id='block_1_21' title="bbox 328 1914 1908 1990">
    <p class='ocr_par' dir='ltr' id='par_1_21' title="bbox 328 1914 1908 1990">
     <span class='ocr_line' id='line_1_21' title="bbox 328 1914 1908 1990; baseline 0.002 -18"><span class='ocrx_word' id='word_1_97' title='bbox 328 1916 509 1989; x_wconf 88' lang='lat' dir='ltr'>Opere</span> <span class='ocrx_word' id='word_1_98' title='bbox 542 1914 757 1972; x_wconf 91' lang='lat' dir='ltr'>melius</span> <span class='ocrx_word' id='word_1_99' title='bbox 789 1931 968 1987; x_wconf 91' lang='lat' dir='ltr'>quam</span> <span class='ocrx_word' id='word_1_100' title='bbox 997 1916 1190 1972; x_wconf 91' lang='lat' dir='ltr'>verbis</span> <span class='ocrx_word' id='word_1_101' title='bbox 1236 1916 1391 1974; x_wconf 90' lang='lat' dir='ltr'>Deus</span> <span class='ocrx_word' id='word_1_102' title='bbox 1445 1918 1795 1990; x_wconf 62' lang='lat' dir='ltr'>praedicatur</span> <span class='ocrx_word' id='word_1_103' title='bbox 1850 1924 1908 1975; x_wconf 90' lang='lat' dir='ltr'>et</span> 
     </span>
    </p>
   </div>
   <div class='ocr_carea' id='block_1_22' title="bbox 265 2006 548 2062">
    <p class='ocr_par' dir='ltr' id='par_1_22' title="bbox 265 2006 548 2062">
     <span class='ocr_line' id='line_1_22' title="bbox 265 2006 548 2062; baseline 0 -2"><span class='ocrx_word' id='word_1_104' title='bbox 265 2006 548 2062; x_wconf 87' lang='lat' dir='ltr'>laudatur.</span> 
     </span>
    </p>
   </div>
   <div class='ocr_carea' id='block_1_23' title="bbox 328 2094 1910 2170">
    <p class='ocr_par' dir='ltr' id='par_1_23' title="bbox 328 2094 1910 2170">
     <span class='ocr_line' id='line_1_23' title="bbox 328 2094 1910 2170; baseline 0.004 -21"><span class='ocrx_word' id='word_1_105' title='bbox 328 2095 507 2151; x_wconf 89' lang='lat' dir='ltr'>Positi</span> <span class='ocrx_word' id='word_1_106' title='bbox 540 2096 604 2150; x_wconf 92' lang='lat' dir='ltr'>in</span> <span class='ocrx_word' id='word_1_107' title='bbox 656 2094 880 2151; x_wconf 89' lang='lat' dir='ltr'>deliciis</span> <span class='ocrx_word' id='word_1_108' title='bbox 928 2095 1225 2152; x_wconf 87' lang='lat' dir='ltr'>attendere</span> <span class='ocrx_word' id='word_1_109' title='bbox 1255 2101 1557 2170; x_wconf 89' lang='lat' dir='ltr'>nequeunt</span> <span class='ocrx_word' id='word_1_110' title='bbox 1586 2103 1806 2170; x_wconf 90' lang='lat' dir='ltr'>quanta</span> <span class='ocrx_word' id='word_1_111' title='bbox 1831 2098 1910 2156; x_wconf 93' lang='lat' dir='ltr'>sit</span> 
     </span>
    </p>
   </div>
   <div class='ocr_carea' id='block_1_24' title="bbox 265 2184 748 2257">
    <p class='ocr_par' dir='ltr' id='par_1_24' title="bbox 265 2184 748 2257">
     <span class='ocr_line' id='line_1_24' title="bbox 265 2184 748 2257; baseline -0.006 -16"><span class='ocrx_word' id='word_1_112' title='bbox 265 2201 422 2256; x_wconf 79' lang='lat' dir='ltr'>pcena</span> <span class='ocrx_word' id='word_1_113' title='bbox 450 2184 748 2257; x_wconf 89' lang='lat' dir='ltr'>perennis.</span> 
     </span>
    </p>
   </div>
   <div class='ocr_carea' id='block_1_25' title="bbox 333 2273 1906 2346">
    <p class='ocr_par' dir='ltr' id='par_1_25' title="bbox 333 2273 1906 2346">
     <span class='ocr_line' id='line_1_25' title="bbox 333 2273 1906 2346; baseline 0.001 -17"><span class='ocrx_word' id='word_1_114' title='bbox 333 2274 604 2330; x_wconf 87' lang='lat' dir='ltr'>Parentes</span> <span class='ocrx_word' id='word_1_115' title='bbox 633 2273 694 2328; x_wconf 92' lang='lat' dir='ltr'>in</span> <span class='ocrx_word' id='word_1_116' title='bbox 750 2277 986 2330; x_wconf 87' lang='lat' dir='ltr'>tantum</span> <span class='ocrx_word' id='word_1_117' title='bbox 1017 2273 1297 2346; x_wconf 86' lang='lat' dir='ltr'>diligendi</span> <span class='ocrx_word' id='word_1_118' title='bbox 1329 2278 1469 2330; x_wconf 88' lang='lat' dir='ltr'>sunt</span> <span class='ocrx_word' id='word_1_119' title='bbox 1497 2279 1554 2331; x_wconf 90' lang='lat' dir='ltr'>et</span> <span class='ocrx_word' id='word_1_120' title='bbox 1581 2275 1906 2332; x_wconf 87' lang='lat' dir='ltr'>honorandi</span> 
     </span>
    </p>
   </div>
   <div class='ocr_carea' id='block_1_26' title="bbox 264 2362 1574 2436">
    <p class='ocr_par' dir='ltr' id='par_1_26' title="bbox 264 2362 1574 2436">
     <span class='ocr_line' id='line_1_26' title="bbox 264 2362 1574 2436; baseline -0.001 -16"><span class='ocrx_word' id='word_1_121' title='bbox 264 2367 544 2436; x_wconf 87' lang='lat' dir='ltr'>quantum</span> <span class='ocrx_word' id='word_1_122' title='bbox 568 2362 655 2418; x_wconf 91' lang='lat' dir='ltr'>illi</span> <span class='ocrx_word' id='word_1_123' title='bbox 685 2362 932 2434; x_wconf 89' lang='lat' dir='ltr'>subjecti</span> <span class='ocrx_word' id='word_1_124' title='bbox 961 2367 1102 2419; x_wconf 89' lang='lat' dir='ltr'>sunt</span> <span class='ocrx_word' id='word_1_125' title='bbox 1131 2380 1363 2420; x_wconf 91' lang='lat' dir='ltr'>summo</span> <span class='ocrx_word' id='word_1_126' title='bbox 1395 2364 1574 2424; x_wconf 88' lang='lat' dir='ltr'>Patri.</span> 
     </span>
    </p>
   </div>
   <div class='ocr_carea' id='block_1_27' title="bbox 326 2451 1906 2525">
    <p class='ocr_par' dir='ltr' id='par_1_27' title="bbox 326 2451 1906 2525">
     <span class='ocr_line' id='line_1_27' title="bbox 326 2451 1906 2525; baseline -0.001 -17"><span class='ocrx_word' id='word_1_127' title='bbox 326 2453 630 2508; x_wconf 86' lang='lat' dir='ltr'>Peccatum</span> <span class='ocrx_word' id='word_1_128' title='bbox 665 2455 899 2524; x_wconf 90' lang='lat' dir='ltr'>peccato</span> <span class='ocrx_word' id='word_1_129' title='bbox 931 2451 1224 2524; x_wconf 88' lang='lat' dir='ltr'>adjicitur,</span> <span class='ocrx_word' id='word_1_130' title='bbox 1257 2468 1391 2507; x_wconf 90' lang='lat' dir='ltr'>cum</span> <span class='ocrx_word' id='word_1_131' title='bbox 1425 2452 1482 2506; x_wconf 91' lang='lat' dir='ltr'>id</span> <span class='ocrx_word' id='word_1_132' title='bbox 1515 2452 1671 2524; x_wconf 88' lang='lat' dir='ltr'>quod</span> <span class='ocrx_word' id='word_1_133' title='bbox 1698 2452 1906 2525; x_wconf 87' lang='lat' dir='ltr'>nequi-</span> 
     </span>
    </p>
   </div>
   <div class='ocr_carea' id='block_1_28' title="bbox 258 2539 1618 2615">
    <p class='ocr_par' dir='ltr' id='par_1_28' title="bbox 258 2539 1618 2615">
     <span class='ocr_line' id='line_1_28' title="bbox 258 2539 1618 2615; baseline -0.001 -18"><span class='ocrx_word' id='word_1_134' title='bbox 258 2545 347 2598; x_wconf 87' lang='lat' dir='ltr'>ter</span> <span class='ocrx_word' id='word_1_135' title='bbox 370 2546 603 2615; x_wconf 88' lang='lat' dir='ltr'>gestum</span> <span class='ocrx_word' id='word_1_136' title='bbox 644 2545 735 2597; x_wconf 89' lang='lat' dir='ltr'>est</span> <span class='ocrx_word' id='word_1_137' title='bbox 763 2541 1031 2614; x_wconf 88' lang='lat' dir='ltr'>nequiter</span> <span class='ocrx_word' id='word_1_138' title='bbox 1059 2539 1235 2597; x_wconf 90' lang='lat' dir='ltr'>etiam</span> <span class='ocrx_word' id='word_1_139' title='bbox 1266 2540 1618 2596; x_wconf 86' lang='lat' dir='ltr'>defenditur.</span> 
     </span>
    </p>
   </div>
   <div class='ocr_carea' id='block_1_29' title="bbox 321 2629 1908 2702">
    <p class='ocr_par' dir='ltr' id='par_1_29' title="bbox 321 2629 1908 2702">
     <span class='ocr_line' id='line_1_29' title="bbox 321 2629 1908 2702; baseline 0.001 -18"><span class='ocrx_word' id='word_1_140' title='bbox 321 2630 570 2686; x_wconf 89' lang='lat' dir='ltr'>Plurimi</span> <span class='ocrx_word' id='word_1_141' title='bbox 617 2630 947 2698; x_wconf 84' lang='lat' dir='ltr'>infamiam,</span> <span class='ocrx_word' id='word_1_142' title='bbox 996 2629 1167 2702; x_wconf 90' lang='lat' dir='ltr'>pauci</span> <span class='ocrx_word' id='word_1_143' title='bbox 1221 2646 1356 2685; x_wconf 89' lang='lat' dir='ltr'>vero</span> <span class='ocrx_word' id='word_1_144' title='bbox 1415 2634 1610 2686; x_wconf 89' lang='lat' dir='ltr'>reatus</span> <span class='ocrx_word' id='word_1_145' title='bbox 1636 2634 1908 2686; x_wconf 85' lang='lat' dir='ltr'>verentur</span> 
     </span>
    </p>
   </div>
   <div class='ocr_carea' id='block_1_30' title="bbox 257 2719 695 2777">
    <p class='ocr_par' dir='ltr' id='par_1_30' title="bbox 257 2719 695 2777">
     <span class='ocr_line' id='line_1_30' title="bbox 257 2719 695 2777; baseline 0 -2"><span class='ocrx_word' id='word_1_146' title='bbox 257 2719 695 2777; x_wconf 85' lang='lat' dir='ltr'>conscientiam.</span> 
     </span>
    </p>
   </div>
   <div class='ocr_carea' id='block_1_31' title="bbox 321 2808 1907 2882">
    <p class='ocr_par' dir='ltr' id='par_1_31' title="bbox 321 2808 1907 2882">
     <span class='ocr_line' id='line_1_31' title="bbox 321 2808 1907 2882; baseline 0 -17"><span class='ocrx_word' id='word_1_147' title='bbox 321 2810 434 2876; x_wconf 86' lang='lat' dir='ltr'>Qui</span> <span class='ocrx_word' id='word_1_148' title='bbox 475 2825 782 2882; x_wconf 88' lang='lat' dir='ltr'>nunquam</span> <span class='ocrx_word' id='word_1_149' title='bbox 815 2809 1021 2865; x_wconf 90' lang='lat' dir='ltr'>didicit</span> <span class='ocrx_word' id='word_1_150' title='bbox 1075 2810 1338 2879; x_wconf 86' lang='lat' dir='ltr'>subesse,</span> <span class='ocrx_word' id='word_1_151' title='bbox 1397 2808 1545 2864; x_wconf 90' lang='lat' dir='ltr'>nulli</span> <span class='ocrx_word' id='word_1_152' title='bbox 1575 2813 1768 2882; x_wconf 89' lang='lat' dir='ltr'>potest</span> <span class='ocrx_word' id='word_1_153' title='bbox 1799 2809 1907 2866; x_wconf 89' lang='lat' dir='ltr'>rite</span> 
     </span>
    </p>
   </div>
   <div class='ocr_carea' id='block_1_32' title="bbox 257 2915 532 2971">
    <p class='ocr_par' dir='ltr' id='par_1_32' title="bbox 257 2915 532 2971">
     <span class='ocr_line' id='line_1_32' title="bbox 257 2915 532 2971; baseline 0 -17"><span class='ocrx_word' id='word_1_154' title='bbox 257 2915 532 2971; x_wconf 62' lang='lat' dir='ltr'>praesse.</span> 
     </span>
    </p>
   </div>
   <div class='ocr_carea' id='block_1_33' title="bbox 322 2986 1907 3060">
    <p class='ocr_par' dir='ltr' id='par_1_33' title="bbox 322 2986 1907 3060">
     <span class='ocr_line' id='line_1_33' title="bbox 322 2986 1907 3060; baseline 0.001 -17"><span class='ocrx_word' id='word_1_155' title='bbox 322 2988 647 3060; x_wconf 88' lang='lat' dir='ltr'>Quousque</span> <span class='ocrx_word' id='word_1_156' title='bbox 676 2987 903 3043; x_wconf 90' lang='lat' dir='ltr'>homini</span> <span class='ocrx_word' id='word_1_157' title='bbox 936 3004 1053 3044; x_wconf 90' lang='lat' dir='ltr'>non</span> <span class='ocrx_word' id='word_1_158' title='bbox 1083 2986 1393 3059; x_wconf 89' lang='lat' dir='ltr'>displicent</span> <span class='ocrx_word' id='word_1_159' title='bbox 1423 2986 1578 3044; x_wconf 89' lang='lat' dir='ltr'>mala</span> <span class='ocrx_word' id='word_1_160' title='bbox 1598 3004 1633 3044; x_wconf 90' lang='lat' dir='ltr'>a</span> <span class='ocrx_word' id='word_1_161' title='bbox 1654 3005 1715 3044; x_wconf 90' lang='lat' dir='ltr'>se</span> <span class='ocrx_word' id='word_1_162' title='bbox 1735 2988 1907 3059; x_wconf 87' lang='lat' dir='ltr'>facta,</span> 
     </span>
    </p>
   </div>
   <div class='ocr_carea' id='block_1_34' title="bbox 259 3077 878 3150">
    <p class='ocr_par' dir='ltr' id='par_1_34' title="bbox 259 3077 878 3150">
     <span class='ocr_line' id='line_1_34' title="bbox 259 3077 878 3150; baseline 0 -18"><span class='ocrx_word' id='word_1_163' title='bbox 259 3083 510 3150; x_wconf 85' lang='lat' dir='ltr'>regnant</span> <span class='ocrx_word' id='word_1_164' title='bbox 538 3077 596 3133; x_wconf 90' lang='lat' dir='ltr'>in</span> <span class='ocrx_word' id='word_1_165' title='bbox 627 3094 692 3134; x_wconf 94' lang='lat' dir='ltr'>eo</span> <span class='ocrx_word' id='word_1_166' title='bbox 717 3077 878 3133; x_wconf 91' lang='lat' dir='ltr'>vitia.</span> 
     </span>
    </p>
   </div>
   <div class='ocr_carea' id='block_1_35' title="bbox 1934 1787 1982 1852">
    <p class='ocr_par' dir='ltr' id='par_1_35' title="bbox 1934 1787 1982 1852">
     <span class='ocr_line' id='line_1_35' title="bbox 1934 1787 1982 1852; baseline 0 0"><span class='ocrx_word' id='word_1_167' title='bbox 1934 1787 1982 1852; x_wconf 93' lang='lat' dir='ltr'><strong>B</strong></span> 
     </span>
    </p>
   </div>
   <div class='ocr_carea' id='block_1_36' title="bbox 2012 504 2242 560">
    <p class='ocr_par' dir='ltr' id='par_1_36' title="bbox 2012 504 2242 560">
     <span class='ocr_line' id='line_1_36' title="bbox 2012 504 2242 560; baseline 0 -16"><span class='ocrx_word' id='word_1_168' title='bbox 2012 504 2242 560; x_wconf 88' lang='lat' dir='ltr'>perum.</span> 
     </span>
    </p>
   </div>
   <div class='ocr_carea' id='block_1_37' title="bbox 2087 573 3661 665">
    <p class='ocr_par' dir='ltr' id='par_1_37' title="bbox 2087 573 3661 665">
     <span class='ocr_line' id='line_1_37' title="bbox 2087 573 3661 665; baseline 0.009 -32"><span class='ocrx_word' id='word_1_169' title='bbox 2087 578 2313 634; x_wconf 91' lang='lat' dir='ltr'>Summi</span> <span class='ocrx_word' id='word_1_170' title='bbox 2342 579 2627 653; x_wconf 82' lang='lat' dir='ltr'>Principis</span> <span class='ocrx_word' id='word_1_171' title='bbox 2657 573 2914 640; x_wconf 88' lang='lat' dir='ltr'>ministri</span> <span class='ocrx_word' id='word_1_172' title='bbox 2945 586 3237 660; x_wconf 91' lang='lat' dir='ltr'>imprimis</span> <span class='ocrx_word' id='word_1_173' title='bbox 3287 594 3425 647; x_wconf 89' lang='lat' dir='ltr'>sunt</span> <span class='ocrx_word' id='word_1_174' title='bbox 3467 593 3661 665; x_wconf 89' lang='lat' dir='ltr'>provi-</span> 
     </span>
    </p>
   </div>
   <div class='ocr_carea' id='block_1_38' title="bbox 2015 668 2210 723">
    <p class='ocr_par' dir='ltr' id='par_1_38' title="bbox 2015 668 2210 723">
     <span class='ocr_line' id='line_1_38' title="bbox 2015 668 2210 723; baseline 0 -1"><span class='ocrx_word' id='word_1_175' title='bbox 2015 668 2210 723; x_wconf 70' lang='lat' dir='ltr'>dendL</span> 
     </span>
    </p>
   </div>
   <div class='ocr_carea' id='block_1_39' title="bbox 2086 756 3306 832">
    <p class='ocr_par' dir='ltr' id='par_1_39' title="bbox 2086 756 3306 832">
     <span class='ocr_line' id='line_1_39' title="bbox 2086 756 3306 832; baseline 0.012 -23"><span class='ocrx_word' id='word_1_176' title='bbox 2086 756 2373 827; x_wconf 88' lang='lat' dir='ltr'>Superbia</span> <span class='ocrx_word' id='word_1_177' title='bbox 2403 757 2526 813; x_wconf 90' lang='lat' dir='ltr'>sola</span> <span class='ocrx_word' id='word_1_178' title='bbox 2557 760 2880 832; x_wconf 88' lang='lat' dir='ltr'>corrumpit</span> <span class='ocrx_word' id='word_1_179' title='bbox 2909 765 3104 820; x_wconf 90' lang='lat' dir='ltr'>omnia</span> <span class='ocrx_word' id='word_1_180' title='bbox 3134 767 3306 824; x_wconf 91' lang='lat' dir='ltr'>bona.</span> 
     </span>
    </p>
   </div>
   <div class='ocr_carea' id='block_1_40' title="bbox 2086 845 3660 921">
    <p class='ocr_par' dir='ltr' id='par_1_40' title="bbox 2086 845 3660 921">
     <span class='ocr_line' id='line_1_40' title="bbox 2086 845 3660 921; baseline 0.013 -22"><span class='ocrx_word' id='word_1_181' title='bbox 2086 845 2396 917; x_wconf 83' lang='lat' dir='ltr'>Scripturae</span> <span class='ocrx_word' id='word_1_182' title='bbox 2453 864 2628 903; x_wconf 82' lang='lat' dir='ltr'>sacrae</span> <span class='ocrx_word' id='word_1_183' title='bbox 2679 851 2983 908; x_wconf 84' lang='lat' dir='ltr'>meditatio</span> <span class='ocrx_word' id='word_1_184' title='bbox 3041 861 3293 912; x_wconf 89' lang='lat' dir='ltr'>mentem</span> <span class='ocrx_word' id='word_1_185' title='bbox 3342 861 3584 917; x_wconf 88' lang='lat' dir='ltr'>retrahit</span> <span class='ocrx_word' id='word_1_186' title='bbox 3625 879 3660 921; x_wconf 87' lang='lat' dir='ltr'>a</span> 
     </span>
    </p>
   </div>
   <div class='ocr_carea' id='block_1_41' title="bbox 2014 933 2494 1006">
    <p class='ocr_par' dir='ltr' id='par_1_41' title="bbox 2014 933 2494 1006">
     <span class='ocr_line' id='line_1_41' title="bbox 2014 933 2494 1006; baseline 0.006 -18"><span class='ocrx_word' id='word_1_187' title='bbox 2014 933 2270 1006; x_wconf 89' lang='lat' dir='ltr'>cogitatu</span> <span class='ocrx_word' id='word_1_188' title='bbox 2304 936 2494 992; x_wconf 90' lang='lat' dir='ltr'>noxio.</span> 
     </span>
    </p>
   </div>
   <div class='ocr_carea' id='block_1_42' title="bbox 2083 1023 3661 1102">
    <p class='ocr_par' dir='ltr' id='par_1_42' title="bbox 2083 1023 3661 1102">
     <span class='ocr_line' id='line_1_42' title="bbox 2083 1023 3661 1102; baseline 0.011 -25"><span class='ocrx_word' id='word_1_189' title='bbox 2083 1023 2277 1078; x_wconf 88' lang='lat' dir='ltr'>Tenax</span> <span class='ocrx_word' id='word_1_190' title='bbox 2305 1023 2391 1080; x_wconf 91' lang='lat' dir='ltr'>vel</span> <span class='ocrx_word' id='word_1_191' title='bbox 2424 1025 2702 1098; x_wconf 86' lang='lat' dir='ltr'>prodigus</span> <span class='ocrx_word' id='word_1_192' title='bbox 2730 1027 2999 1102; x_wconf 88' lang='lat' dir='ltr'>nimium,</span> <span class='ocrx_word' id='word_1_193' title='bbox 3036 1033 3208 1090; x_wconf 90' lang='lat' dir='ltr'>ambo</span> <span class='ocrx_word' id='word_1_194' title='bbox 3239 1035 3298 1090; x_wconf 90' lang='lat' dir='ltr'>in</span> <span class='ocrx_word' id='word_1_195' title='bbox 3331 1053 3513 1093; x_wconf 87' lang='lat' dir='ltr'>unum</span> <span class='ocrx_word' id='word_1_196' title='bbox 3566 1039 3661 1094; x_wconf 91' lang='lat' dir='ltr'>ni-</span> 
     </span>
    </p>
   </div>
   <div class='ocr_carea' id='block_1_43' title="bbox 2015 1111 2864 1172">
    <p class='ocr_par' dir='ltr' id='par_1_43' title="bbox 2015 1111 2864 1172">
     <span class='ocr_line' id='line_1_43' title="bbox 2015 1111 2864 1172; baseline 0.007 -6"><span class='ocrx_word' id='word_1_197' title='bbox 2015 1111 2271 1168; x_wconf 90' lang='lat' dir='ltr'>mietatis</span> <span class='ocrx_word' id='word_1_198' title='bbox 2304 1114 2608 1170; x_wconf 78' lang='lat' dir='ltr'>confluunt</span> <span class='ocrx_word' id='word_1_199' title='bbox 2635 1116 2864 1172; x_wconf 84' lang='lat' dir='ltr'>vitium.</span> 
     </span>
    </p>
   </div>
   <div class='ocr_carea' id='block_1_44' title="bbox 2085 1202 3658 1282">
    <p class='ocr_par' dir='ltr' id='par_1_44' title="bbox 2085 1202 3658 1282">
     <span class='ocr_line' id='line_1_44' title="bbox 2085 1202 3658 1282; baseline 0.011 -27"><span class='ocrx_word' id='word_1_200' title='bbox 2085 1202 2499 1274; x_wconf 87' lang='lat' dir='ltr'>Temperatum</span> <span class='ocrx_word' id='word_1_201' title='bbox 2531 1220 2702 1260; x_wconf 92' lang='lat' dir='ltr'>omne</span> <span class='ocrx_word' id='word_1_202' title='bbox 2727 1209 2844 1262; x_wconf 88' lang='lat' dir='ltr'>tam</span> <span class='ocrx_word' id='word_1_203' title='bbox 2873 1208 2982 1264; x_wconf 93' lang='lat' dir='ltr'>Deo</span> <span class='ocrx_word' id='word_1_204' title='bbox 3005 1226 3182 1282; x_wconf 92' lang='lat' dir='ltr'>quam</span> <span class='ocrx_word' id='word_1_205' title='bbox 3205 1211 3547 1273; x_wconf 88' lang='lat' dir='ltr'>hominibus</span> <span class='ocrx_word' id='word_1_206' title='bbox 3568 1222 3658 1273; x_wconf 90' lang='lat' dir='ltr'>est</span> 
     </span>
    </p>
   </div>
   <div class='ocr_carea' id='block_1_45' title="bbox 2013 1292 2384 1362">
    <p class='ocr_par' dir='ltr' id='par_1_45' title="bbox 2013 1292 2384 1362">
     <span class='ocr_line' id='line_1_45' title="bbox 2013 1292 2384 1362; baseline 0.005 -17"><span class='ocrx_word' id='word_1_207' title='bbox 2013 1292 2384 1362; x_wconf 88' lang='lat' dir='ltr'>acceptabile.</span> 
     </span>
    </p>
   </div>
   <div class='ocr_carea' id='block_1_46' title="bbox 2084 1379 3660 1469">
    <p class='ocr_par' dir='ltr' id='par_1_46' title="bbox 2084 1379 3660 1469">
     <span class='ocr_line' id='line_1_46' title="bbox 2084 1379 3660 1469; baseline 0.015 -36"><span class='ocrx_word' id='word_1_208' title='bbox 2084 1379 2300 1451; x_wconf 90' lang='lat' dir='ltr'>Tepide</span> <span class='ocrx_word' id='word_1_209' title='bbox 2331 1381 2587 1438; x_wconf 86' lang='lat' dir='ltr'>viventes</span> <span class='ocrx_word' id='word_1_210' title='bbox 2614 1383 2926 1441; x_wconf 88' lang='lat' dir='ltr'>Christiani</span> <span class='ocrx_word' id='word_1_211' title='bbox 2959 1388 3256 1446; x_wconf 83' lang='lat' dir='ltr'>difﬁcilius</span> <span class='ocrx_word' id='word_1_212' title='bbox 3287 1395 3660 1469; x_wconf 88' lang='lat' dir='ltr'>corriguntur</span> 
     </span>
    </p>
   </div>
   <div class='ocr_carea' id='block_1_47' title="bbox 2014 1471 2457 1544">
    <p class='ocr_par' dir='ltr' id='par_1_47' title="bbox 2014 1471 2457 1544">
     <span class='ocr_line' id='line_1_47' title="bbox 2014 1471 2457 1544; baseline 0.002 -20"><span class='ocrx_word' id='word_1_213' title='bbox 2014 1485 2192 1540; x_wconf 91' lang='lat' dir='ltr'>quam</span> <span class='ocrx_word' id='word_1_214' title='bbox 2223 1471 2457 1544; x_wconf 86' lang='lat' dir='ltr'>pagani.</span> 
     </span>
    </p>
   </div>
   <div class='ocr_carea' id='block_1_48' title="bbox 2081 1559 3174 1639">
    <p class='ocr_par' dir='ltr' id='par_1_48' title="bbox 2081 1559 3174 1639">
     <span class='ocr_line' id='line_1_48' title="bbox 2081 1559 3174 1639; baseline 0.009 -26"><span class='ocrx_word' id='word_1_215' title='bbox 2081 1559 2292 1614; x_wconf 90' lang='lat' dir='ltr'>Tacere</span> <span class='ocrx_word' id='word_1_216' title='bbox 2324 1561 2426 1631; x_wconf 92' lang='lat' dir='ltr'>qui</span> <span class='ocrx_word' id='word_1_217' title='bbox 2459 1563 2660 1628; x_wconf 90' lang='lat' dir='ltr'>nescit,</span> <span class='ocrx_word' id='word_1_218' title='bbox 2694 1564 2880 1620; x_wconf 89' lang='lat' dir='ltr'>nescit</span> <span class='ocrx_word' id='word_1_219' title='bbox 2909 1570 2965 1621; x_wconf 88' lang='lat' dir='ltr'>et</span> <span class='ocrx_word' id='word_1_220' title='bbox 2993 1566 3174 1639; x_wconf 91' lang='lat' dir='ltr'>loqui.</span> 
     </span>
    </p>
   </div>
   <div class='ocr_carea' id='block_1_49' title="bbox 2082 1647 3660 1736">
    <p class='ocr_par' dir='ltr' id='par_1_49' title="bbox 2082 1647 3660 1736">
     <span class='ocr_line' id='line_1_49' title="bbox 2082 1647 3660 1736; baseline 0.014 -36"><span class='ocrx_word' id='word_1_221' title='bbox 2082 1647 2280 1703; x_wconf 90' lang='lat' dir='ltr'>Viator</span> <span class='ocrx_word' id='word_1_222' title='bbox 2307 1648 2401 1704; x_wconf 91' lang='lat' dir='ltr'>ille</span> <span class='ocrx_word' id='word_1_223' title='bbox 2424 1650 2640 1706; x_wconf 91' lang='lat' dir='ltr'>stultus</span> <span class='ocrx_word' id='word_1_224' title='bbox 2663 1656 2751 1708; x_wconf 89' lang='lat' dir='ltr'>est</span> <span class='ocrx_word' id='word_1_225' title='bbox 2772 1654 2872 1726; x_wconf 89' lang='lat' dir='ltr'>qui</span> <span class='ocrx_word' id='word_1_226' title='bbox 2899 1654 2958 1710; x_wconf 92' lang='lat' dir='ltr'>in</span> <span class='ocrx_word' id='word_1_227' title='bbox 2991 1655 3216 1727; x_wconf 90' lang='lat' dir='ltr'>itinere,</span> <span class='ocrx_word' id='word_1_228' title='bbox 3241 1677 3472 1718; x_wconf 70' lang='lat' dir='ltr'>amoena</span> <span class='ocrx_word' id='word_1_229' title='bbox 3494 1669 3660 1736; x_wconf 89' lang='lat' dir='ltr'>prata</span> 
     </span>
    </p>
   </div>
   <div class='ocr_carea' id='block_1_50' title="bbox 2012 1737 3585 1822">
    <p class='ocr_par' dir='ltr' id='par_1_50' title="bbox 2012 1737 3585 1822">
     <span class='ocr_line' id='line_1_50' title="bbox 2012 1737 3585 1822; baseline 0.011 -30"><span class='ocrx_word' id='word_1_230' title='bbox 2012 1737 2400 1809; x_wconf 89' lang='lat' dir='ltr'>conspiciens,</span> <span class='ocrx_word' id='word_1_231' title='bbox 2425 1739 2784 1808; x_wconf 67' lang='lat' dir='ltr'>obliviscitur</span> <span class='ocrx_word' id='word_1_232' title='bbox 2807 1759 2921 1814; x_wconf 92' lang='lat' dir='ltr'>quo</span> <span class='ocrx_word' id='word_1_233' title='bbox 2950 1746 3188 1802; x_wconf 89' lang='lat' dir='ltr'>tendere</span> <span class='ocrx_word' id='word_1_234' title='bbox 3218 1749 3585 1822; x_wconf 89' lang='lat' dir='ltr'>disponebat.</span> 
     </span>
    </p>
   </div>
   <div class='ocr_carea' id='block_1_51' title="bbox 2088 1826 3489 1910">
    <p class='ocr_par' dir='ltr' id='par_1_51' title="bbox 2088 1826 3489 1910">
     <span class='ocr_line' id='line_1_51' title="bbox 2088 1826 3489 1910; baseline 0.011 -29"><span class='ocrx_word' id='word_1_235' title='bbox 2088 1826 2194 1882; x_wconf 90' lang='lat' dir='ltr'>Ubi</span> <span class='ocrx_word' id='word_1_236' title='bbox 2228 1843 2342 1882; x_wconf 90' lang='lat' dir='ltr'>non</span> <span class='ocrx_word' id='word_1_237' title='bbox 2374 1833 2462 1883; x_wconf 89' lang='lat' dir='ltr'>est</span> <span class='ocrx_word' id='word_1_238' title='bbox 2491 1827 2668 1884; x_wconf 90' lang='lat' dir='ltr'>timor</span> <span class='ocrx_word' id='word_1_239' title='bbox 2697 1831 2822 1898; x_wconf 89' lang='lat' dir='ltr'>Dei,</span> <span class='ocrx_word' id='word_1_240' title='bbox 2857 1832 2937 1887; x_wconf 91' lang='lat' dir='ltr'>ibi</span> <span class='ocrx_word' id='word_1_241' title='bbox 2969 1850 3214 1905; x_wconf 83' lang='lat' dir='ltr'>regnum</span> <span class='ocrx_word' id='word_1_242' title='bbox 3247 1843 3489 1910; x_wconf 86' lang='lat' dir='ltr'>peccati.</span> 
     </span>
    </p>
   </div>
   <div class='ocr_carea' id='block_1_52' title="bbox 2084 1915 3664 1989">
    <p class='ocr_par' dir='ltr' id='par_1_52' title="bbox 2084 1915 3664 1989">
     <span class='ocr_line' id='line_1_52' title="bbox 2084 1915 3664 1989; baseline 0.013 -20"><span class='ocrx_word' id='word_1_243' title='bbox 2084 1915 2285 1972; x_wconf 89' lang='lat' dir='ltr'>Victus</span> <span class='ocrx_word' id='word_1_244' title='bbox 2315 1917 2386 1972; x_wconf 90' lang='lat' dir='ltr'>ab</span> <span class='ocrx_word' id='word_1_245' title='bbox 2419 1935 2534 1973; x_wconf 91' lang='lat' dir='ltr'>uno</span> <span class='ocrx_word' id='word_1_246' title='bbox 2566 1919 2827 1989; x_wconf 90' lang='lat' dir='ltr'>quolibet</span> <span class='ocrx_word' id='word_1_247' title='bbox 2852 1921 2992 1978; x_wconf 90' lang='lat' dir='ltr'>vitio</span> <span class='ocrx_word' id='word_1_248' title='bbox 3023 1923 3135 1980; x_wconf 90' lang='lat' dir='ltr'>cito</span> <span class='ocrx_word' id='word_1_249' title='bbox 3167 1925 3385 1982; x_wconf 86' lang='lat' dir='ltr'>labitur</span> <span class='ocrx_word' id='word_1_250' title='bbox 3414 1930 3474 1984; x_wconf 91' lang='lat' dir='ltr'>in</span> <span class='ocrx_word' id='word_1_251' title='bbox 3525 1930 3664 1988; x_wconf 61' lang='lat' dir='ltr'>alia.</span> 
     </span>
    </p>
   </div>
   <div class='ocr_carea' id='block_1_53' title="bbox 2085 2004 3659 2076">
    <p class='ocr_par' dir='ltr' id='par_1_53' title="bbox 2085 2004 3659 2076">
     <span class='ocr_line' id='line_1_53' title="bbox 2085 2004 3659 2076; baseline 0.011 -16"><span class='ocrx_word' id='word_1_252' title='bbox 2085 2004 2300 2061; x_wconf 91' lang='lat' dir='ltr'>Volens</span> <span class='ocrx_word' id='word_1_253' title='bbox 2330 2006 2579 2063; x_wconf 86' lang='lat' dir='ltr'>retinere</span> <span class='ocrx_word' id='word_1_254' title='bbox 2607 2009 2920 2066; x_wconf 88' lang='lat' dir='ltr'>sanitatem</span> <span class='ocrx_word' id='word_1_255' title='bbox 2953 2012 3177 2070; x_wconf 91' lang='lat' dir='ltr'>nullius</span> <span class='ocrx_word' id='word_1_256' title='bbox 3207 2015 3446 2074; x_wconf 88' lang='lat' dir='ltr'>irrideat</span> <span class='ocrx_word' id='word_1_257' title='bbox 3495 2019 3659 2076; x_wconf 85' lang='lat' dir='ltr'>inﬁr-</span> 
     </span>
    </p>
   </div>
   <div class='ocr_carea' id='block_1_54' title="bbox 2017 2095 2304 2151">
    <p class='ocr_par' dir='ltr' id='par_1_54' title="bbox 2017 2095 2304 2151">
     <span class='ocr_line' id='line_1_54' title="bbox 2017 2095 2304 2151; baseline 0 -1"><span class='ocrx_word' id='word_1_258' title='bbox 2017 2095 2280 2151; x_wconf 90' lang='lat' dir='ltr'>mitatem</span> <span class='ocrx_word' id='word_1_259' title='bbox 2292 2137 2304 2150; x_wconf 95' lang='lat'>.</span> 
     </span>
    </p>
   </div>
   <div class='ocr_carea' id='block_1_55' title="bbox 2013 2184 3660 2328">
    <p class='ocr_par' dir='ltr' id='par_1_55' title="bbox 2013 2184 3660 2328">
     <span class='ocr_line' id='line_1_55' title="bbox 2013 2184 3660 2328; baseline 0.012 -90"><span class='ocrx_word' id='word_1_260' title='bbox 2013 2272 2031 2328; x_wconf 71' lang='lat'>1</span> <span class='ocrx_word' id='word_1_261' title='bbox 2087 2184 2249 2240; x_wconf 90' lang='lat' dir='ltr'>Ultra</span> <span class='ocrx_word' id='word_1_262' title='bbox 2277 2187 2517 2242; x_wconf 93' lang='lat' dir='ltr'>modum</span> <span class='ocrx_word' id='word_1_263' title='bbox 2547 2193 2688 2244; x_wconf 90' lang='lat' dir='ltr'>sunt</span> <span class='ocrx_word' id='word_1_264' title='bbox 2719 2189 3080 2263; x_wconf 60' lang='lat' dir='ltr'>delicatiqui</span> <span class='ocrx_word' id='word_1_265' title='bbox 3115 2194 3277 2252; x_wconf 88' lang='lat' dir='ltr'>nulla</span> <span class='ocrx_word' id='word_1_266' title='bbox 3305 2197 3547 2256; x_wconf 87' lang='lat' dir='ltr'>adversa</span> <span class='ocrx_word' id='word_1_267' title='bbox 3567 2216 3660 2258; x_wconf 90' lang='lat' dir='ltr'>vo-</span> 
     </span>
     <span class='ocr_line' id='line_1_56' title="bbox 2039 2274 2313 2328; baseline 0 0"><span class='ocrx_word' id='word_1_268' title='bbox 2039 2278 2144 2328; x_wconf 90' lang='lat' dir='ltr'>unt</span> <span class='ocrx_word' id='word_1_269' title='bbox 2174 2274 2313 2328; x_wconf 88' lang='lat' dir='ltr'>nati.</span> 
     </span>
    </p>
   </div>
   <div class='ocr_carea' id='block_1_56' title="bbox 2039 2274 2313 2346">
    <p class='ocr_par' dir='ltr' id='par_1_56' title="bbox 2039 2274 2313 2346">
     <span class='ocr_line' id='line_1_57' title="bbox 2039 2274 2313 2346; baseline 0.007 -18"><span class='ocrx_word' id='word_1_270' title='bbox 2039 2278 2144 2329; x_wconf 90' lang='lat' dir='ltr'>unt</span> <span class='ocrx_word' id='word_1_271' title='bbox 2173 2274 2313 2346; x_wconf 89' lang='lat' dir='ltr'>pati.</span> 
     </span>
    </p>
   </div>
   <div class='ocr_carea' id='block_1_57' title="bbox 2506 2401 3162 2462">
    <p class='ocr_par' dir='ltr' id='par_1_57' title="bbox 2506 2401 3162 2462">
     <span class='ocr_line' id='line_1_58' title="bbox 2506 2401 3162 2462; baseline 0.009 -6"><span class='ocrx_word' id='word_1_272' title='bbox 2506 2401 2851 2460; x_wconf 89' lang='lat' dir='ltr'>EPILOGUS</span> <span class='ocrx_word' id='word_1_273' title='bbox 2890 2405 3162 2462; x_wconf 83' lang='lat' dir='ltr'>OPERIS.</span> 
     </span>
    </p>
   </div>
   <div class='ocr_carea' id='block_1_58' title="bbox 2086 2543 3662 2627">
    <p class='ocr_par' dir='ltr' id='par_1_58' title="bbox 2086 2543 3662 2627">
     <span class='ocr_line' id='line_1_59' title="bbox 2086 2543 3662 2627; baseline 0.01 -29"><span class='ocrx_word' id='word_1_274' title='bbox 2086 2543 2265 2599; x_wconf 85' lang='lat' dir='ltr'>Isthic</span> <span class='ocrx_word' id='word_1_275' title='bbox 2325 2545 2656 2617; x_wconf 91' lang='lat' dir='ltr'>conscripta</span> <span class='ocrx_word' id='word_1_276' title='bbox 2710 2546 2963 2618; x_wconf 81' lang='lat' dir='ltr'>legentes</span> <span class='ocrx_word' id='word_1_277' title='bbox 3007 2550 3352 2623; x_wconf 90' lang='lat' dir='ltr'>suppliciter</span> <span class='ocrx_word' id='word_1_278' title='bbox 3385 2569 3557 2627; x_wconf 85' lang='lat' dir='ltr'>posco</span> <span class='ocrx_word' id='word_1_279' title='bbox 3589 2575 3662 2615; x_wconf 89' lang='lat' dir='ltr'>ne</span> 
     </span>
    </p>
   </div>
   <div class='ocr_carea' id='block_1_59' title="bbox 2015 2631 3664 2712">
    <p class='ocr_par' dir='ltr' id='par_1_59' title="bbox 2015 2631 3664 2712">
     <span class='ocr_line' id='line_1_60' title="bbox 2015 2631 3664 2712; baseline 0.008 -24"><span class='ocrx_word' id='word_1_280' title='bbox 2015 2631 2386 2688; x_wconf 91' lang='lat' dir='ltr'>solummodo</span> <span class='ocrx_word' id='word_1_281' title='bbox 2417 2634 2784 2705; x_wconf 83' lang='lat' dir='ltr'>superﬁciem</span> <span class='ocrx_word' id='word_1_282' title='bbox 2815 2637 3290 2712; x_wconf 68' lang='lat' dir='ltr'>verborum,quze</span> <span class='ocrx_word' id='word_1_283' title='bbox 3315 2641 3530 2699; x_wconf 89' lang='lat' dir='ltr'>alicubi</span> <span class='ocrx_word' id='word_1_284' title='bbox 3552 2645 3664 2701; x_wconf 89' lang='lat' dir='ltr'>for-</span> 
     </span>
    </p>
   </div>
   <div class='ocr_carea' id='block_1_60' title="bbox 2015 2723 3664 2801">
    <p class='ocr_par' dir='ltr' id='par_1_60' title="bbox 2015 2723 3664 2801">
     <span class='ocr_line' id='line_1_61' title="bbox 2015 2723 3664 2801; baseline 0.007 -23"><span class='ocrx_word' id='word_1_285' title='bbox 2015 2723 2168 2778; x_wconf 87' lang='lat' dir='ltr'>sitan</span> <span class='ocrx_word' id='word_1_286' title='bbox 2200 2723 2426 2794; x_wconf 87' lang='lat' dir='ltr'>prolata</span> <span class='ocrx_word' id='word_1_287' title='bbox 2455 2727 2594 2778; x_wconf 91' lang='lat' dir='ltr'>sunt</span> <span class='ocrx_word' id='word_1_288' title='bbox 2623 2724 2966 2797; x_wconf 87' lang='lat' dir='ltr'>incongrue,</span> <span class='ocrx_word' id='word_1_289' title='bbox 2997 2730 3099 2784; x_wconf 89' lang='lat' dir='ltr'>sed</span> <span class='ocrx_word' id='word_1_290' title='bbox 3132 2729 3325 2801; x_wconf 90' lang='lat' dir='ltr'>potius</span> <span class='ocrx_word' id='word_1_291' title='bbox 3356 2733 3664 2791; x_wconf 88' lang='lat' dir='ltr'>attendant</span> 
     </span>
    </p>
   </div>
   <div class='ocr_carea' id='block_1_61' title="bbox 2017 2811 3668 2892">
    <p class='ocr_par' dir='ltr' id='par_1_61' title="bbox 2017 2811 3668 2892">
     <span class='ocr_line' id='line_1_62' title="bbox 2017 2811 3668 2892; baseline 0.008 -26"><span class='ocrx_word' id='word_1_292' title='bbox 2017 2811 2226 2867; x_wconf 89' lang='lat' dir='ltr'>intima</span> <span class='ocrx_word' id='word_1_293' title='bbox 2249 2812 2694 2878; x_wconf 88' lang='lat' dir='ltr'>sententiarum,</span> <span class='ocrx_word' id='word_1_294' title='bbox 2727 2819 3055 2872; x_wconf 88' lang='lat' dir='ltr'>scrutantes</span> <span class='ocrx_word' id='word_1_295' title='bbox 3087 2817 3136 2872; x_wconf 93' lang='lat' dir='ltr'>si</span> <span class='ocrx_word' id='word_1_296' title='bbox 3191 2837 3307 2892; x_wconf 90' lang='lat' dir='ltr'>qua</span> <span class='ocrx_word' id='word_1_297' title='bbox 3350 2821 3410 2876; x_wconf 90' lang='lat' dir='ltr'>in</span> <span class='ocrx_word' id='word_1_298' title='bbox 3457 2823 3540 2879; x_wconf 90' lang='lat' dir='ltr'>eis</span> <span class='ocrx_word' id='word_1_299' title='bbox 3581 2841 3668 2879; x_wconf 88' lang='lat' dir='ltr'>re-</span> 
     </span>
    </p>
   </div>
   <div class='ocr_carea' id='block_1_62' title="bbox 2019 2900 3667 2974">
    <p class='ocr_par' dir='ltr' id='par_1_62' title="bbox 2019 2900 3667 2974">
     <span class='ocr_line' id='line_1_63' title="bbox 2019 2900 3667 2974; baseline 0.007 -18"><span class='ocrx_word' id='word_1_300' title='bbox 2019 2900 2193 2972; x_wconf 90' lang='lat' dir='ltr'>periri</span> <span class='ocrx_word' id='word_1_301' title='bbox 2224 2900 2411 2974; x_wconf 89' lang='lat' dir='ltr'>possit</span> <span class='ocrx_word' id='word_1_302' title='bbox 2442 2901 2746 2958; x_wconf 60' lang='lat' dir='ltr'>aedificatio</span> <span class='ocrx_word' id='word_1_303' title='bbox 2778 2904 3132 2962; x_wconf 90' lang='lat' dir='ltr'>animarum.</span> <span class='ocrx_word' id='word_1_304' title='bbox 3166 2908 3312 2974; x_wconf 90' lang='lat' dir='ltr'>Quid</span> <span class='ocrx_word' id='word_1_305' title='bbox 3363 2911 3520 2966; x_wconf 89' lang='lat' dir='ltr'>enim</span> <span class='ocrx_word' id='word_1_306' title='bbox 3567 2911 3667 2967; x_wconf 90' lang='lat' dir='ltr'>illa</span> 
     </span>
    </p>
   </div>
   <div class='ocr_carea' id='block_1_63' title="bbox 2019 2989 3667 3068">
    <p class='ocr_par' dir='ltr' id='par_1_63' title="bbox 2019 2989 3667 3068">
     <span class='ocr_line' id='line_1_64' title="bbox 2019 2989 3667 3068; baseline 0.007 -24"><span class='ocrx_word' id='word_1_307' title='bbox 2019 2990 2256 3063; x_wconf 89' lang='lat' dir='ltr'>prodest</span> <span class='ocrx_word' id='word_1_308' title='bbox 2279 2989 2467 3060; x_wconf 92' lang='lat' dir='ltr'>lectio,</span> <span class='ocrx_word' id='word_1_309' title='bbox 2501 2991 2561 3046; x_wconf 94' lang='lat' dir='ltr'>in</span> <span class='ocrx_word' id='word_1_310' title='bbox 2592 3009 2710 3064; x_wconf 90' lang='lat' dir='ltr'>qua</span> <span class='ocrx_word' id='word_1_311' title='bbox 2737 2992 2935 3065; x_wconf 89' lang='lat' dir='ltr'>legens</span> <span class='ocrx_word' id='word_1_312' title='bbox 2967 2994 3113 3050; x_wconf 90' lang='lat' dir='ltr'>nihil</span> <span class='ocrx_word' id='word_1_313' title='bbox 3146 2995 3304 3052; x_wconf 87' lang='lat' dir='ltr'>aliud</span> <span class='ocrx_word' id='word_1_314' title='bbox 3338 2999 3557 3068; x_wconf 89' lang='lat' dir='ltr'>studet,</span> <span class='ocrx_word' id='word_1_315' title='bbox 3581 3001 3667 3056; x_wconf 83' lang='lat' dir='ltr'>ni—</span> 
     </span>
    </p>
   </div>
   <div class='ocr_carea' id='block_1_64' title="bbox 2021 3078 3665 3156">
    <p class='ocr_par' dir='ltr' id='par_1_64' title="bbox 2021 3078 3665 3156">
     <span class='ocr_line' id='line_1_65' title="bbox 2021 3078 3665 3156; baseline 0.008 -23"><span class='ocrx_word' id='word_1_316' title='bbox 2021 3078 2107 3134; x_wconf 92' lang='lat' dir='ltr'>hit</span> <span class='ocrx_word' id='word_1_317' title='bbox 2163 3079 2491 3152; x_wconf 88' lang='lat' dir='ltr'>investigat,</span> <span class='ocrx_word' id='word_1_318' title='bbox 2525 3081 2640 3136; x_wconf 90' lang='lat' dir='ltr'>nisi</span> <span class='ocrx_word' id='word_1_319' title='bbox 2697 3086 2762 3137; x_wconf 89' lang='lat' dir='ltr'>ut</span> <span class='ocrx_word' id='word_1_320' title='bbox 2816 3084 3161 3156; x_wconf 86' lang='lat' dir='ltr'>scriptorem</span> <span class='ocrx_word' id='word_1_321' title='bbox 3200 3087 3289 3142; x_wconf 90' lang='lat' dir='ltr'>vel</span> <span class='ocrx_word' id='word_1_322' title='bbox 3321 3087 3665 3146; x_wconf 89' lang='lat' dir='ltr'>dictatorem</span> 
     </span>
    </p>
   </div>
   <div class='ocr_carea' id='block_1_65' title="bbox 321 3163 3665 3242">
    <p class='ocr_par' dir='ltr' id='par_1_65' title="bbox 321 3163 3665 3242">
     <span class='ocr_line' id='line_1_66' title="bbox 321 3163 3665 3242; baseline 0.004 -20"><span class='ocrx_word' id='word_1_323' title='bbox 321 3167 467 3231; x_wconf 68' lang='lat' dir='ltr'>Quas</span> <span class='ocrx_word' id='word_1_324' title='bbox 495 3167 750 3239; x_wconf 91' lang='lat' dir='ltr'>quisque</span> <span class='ocrx_word' id='word_1_325' title='bbox 777 3165 918 3222; x_wconf 91' lang='lat' dir='ltr'>velit</span> <span class='ocrx_word' id='word_1_326' title='bbox 946 3169 1162 3222; x_wconf 90' lang='lat' dir='ltr'>metere</span> <span class='ocrx_word' id='word_1_327' title='bbox 1193 3166 1359 3238; x_wconf 90' lang='lat' dir='ltr'>prius</span> <span class='ocrx_word' id='word_1_328' title='bbox 1398 3167 1569 3223; x_wconf 90' lang='lat' dir='ltr'>debet</span> <span class='ocrx_word' id='word_1_329' title='bbox 1597 3167 1907 3224; x_wconf 87' lang='lat' dir='ltr'>seminare.</span> <span class='ocrx_word' id='word_1_330' title='bbox 1942 3163 1984 3229; x_wconf 90' lang='lat' dir='ltr'>C</span> <span class='ocrx_word' id='word_1_331' title='bbox 2023 3167 2426 3240; x_wconf 88' lang='lat' dir='ltr'>reprehendat,</span> <span class='ocrx_word' id='word_1_332' title='bbox 2460 3169 2630 3240; x_wconf 90' lang='lat' dir='ltr'>quasi</span> <span class='ocrx_word' id='word_1_333' title='bbox 2662 3170 2786 3242; x_wconf 91' lang='lat' dir='ltr'>ipse</span> <span class='ocrx_word' id='word_1_334' title='bbox 2817 3175 2990 3227; x_wconf 81' lang='lat' dir='ltr'>tantae</span> <span class='ocrx_word' id='word_1_335' title='bbox 3031 3175 3107 3229; x_wconf 90' lang='lat' dir='ltr'>sit</span> <span class='ocrx_word' id='word_1_336' title='bbox 3137 3175 3392 3232; x_wconf 62' lang='lat' dir='ltr'>scientiis</span> <span class='ocrx_word' id='word_1_337' title='bbox 3426 3183 3489 3232; x_wconf 90' lang='lat' dir='ltr'>ut</span> <span class='ocrx_word' id='word_1_338' title='bbox 3537 3195 3665 3235; x_wconf 91' lang='lat' dir='ltr'>om-</span> 
     </span>
    </p>
   </div>
   <div class='ocr_carea' id='block_1_66' title="bbox 323 3255 1912 3329">
    <p class='ocr_par' dir='ltr' id='par_1_66' title="bbox 323 3255 1912 3329">
     <span class='ocr_line' id='line_1_67' title="bbox 323 3255 1912 3329; baseline 0.001 -18"><span class='ocrx_word' id='word_1_339' title='bbox 323 3258 628 3322; x_wconf 89' lang='lat' dir='ltr'>Quantum</span> <span class='ocrx_word' id='word_1_340' title='bbox 657 3256 792 3329; x_wconf 88' lang='lat' dir='ltr'>quis</span> <span class='ocrx_word' id='word_1_341' title='bbox 822 3255 882 3311; x_wconf 89' lang='lat' dir='ltr'>in</span> <span class='ocrx_word' id='word_1_342' title='bbox 912 3255 1244 3312; x_wconf 91' lang='lat' dir='ltr'>humilitate</span> <span class='ocrx_word' id='word_1_343' title='bbox 1275 3256 1583 3328; x_wconf 81' lang='lat' dir='ltr'>profecerit</span> <span class='ocrx_word' id='word_1_344' title='bbox 1629 3261 1686 3314; x_wconf 90' lang='lat' dir='ltr'>et</span> <span class='ocrx_word' id='word_1_345' title='bbox 1744 3256 1912 3314; x_wconf 89' lang='lat' dir='ltr'>casti-</span> 
     </span>
    </p>
   </div>
   <div class='ocr_carea' id='block_1_67' title="bbox 256 3345 1357 3417">
    <p class='ocr_par' dir='ltr' id='par_1_67' title="bbox 256 3345 1357 3417">
     <span class='ocr_line' id='line_1_68' title="bbox 256 3345 1357 3417; baseline 0.001 -17"><span class='ocrx_word' id='word_1_346' title='bbox 256 3349 393 3417; x_wconf 90' lang='lat' dir='ltr'>tate,</span> <span class='ocrx_word' id='word_1_347' title='bbox 427 3349 664 3401; x_wconf 89' lang='lat' dir='ltr'>tantum</span> <span class='ocrx_word' id='word_1_348' title='bbox 696 3345 811 3400; x_wconf 90' lang='lat' dir='ltr'>Deo</span> <span class='ocrx_word' id='word_1_349' title='bbox 839 3345 1357 3417; x_wconf 83' lang='lat' dir='ltr'>appropinquabit.</span> 
     </span>
    </p>
   </div>
   <div class='ocr_carea' id='block_1_68' title="bbox 318 3432 1912 3507">
    <p class='ocr_par' dir='ltr' id='par_1_68' title="bbox 318 3432 1912 3507">
     <span class='ocr_line' id='line_1_69' title="bbox 318 3432 1912 3507; baseline 0 -17"><span class='ocrx_word' id='word_1_350' title='bbox 318 3432 500 3490; x_wconf 84' lang='lat' dir='ltr'>Ratio</span> <span class='ocrx_word' id='word_1_351' title='bbox 529 3433 792 3489; x_wconf 88' lang='lat' dir='ltr'>humana</span> <span class='ocrx_word' id='word_1_352' title='bbox 821 3437 963 3504; x_wconf 88' lang='lat' dir='ltr'>quot</span> <span class='ocrx_word' id='word_1_353' title='bbox 1014 3435 1299 3506; x_wconf 87' lang='lat' dir='ltr'>perversis</span> <span class='ocrx_word' id='word_1_354' title='bbox 1347 3433 1797 3507; x_wconf 89' lang='lat' dir='ltr'>cogitationibus</span> <span class='ocrx_word' id='word_1_355' title='bbox 1829 3451 1912 3490; x_wconf 89' lang='lat' dir='ltr'>re-</span> 
     </span>
    </p>
   </div>
   <div class='ocr_carea' id='block_1_69' title="bbox 251 3522 1588 3596">
    <p class='ocr_par' dir='ltr' id='par_1_69' title="bbox 251 3522 1588 3596">
     <span class='ocr_line' id='line_1_70' title="bbox 251 3522 1588 3596; baseline 0.001 -19"><span class='ocrx_word' id='word_1_356' title='bbox 251 3523 497 3588; x_wconf 83' lang='lat' dir='ltr'>nititur,</span> <span class='ocrx_word' id='word_1_357' title='bbox 530 3526 620 3577; x_wconf 88' lang='lat' dir='ltr'>tot</span> <span class='ocrx_word' id='word_1_358' title='bbox 648 3538 884 3578; x_wconf 89' lang='lat' dir='ltr'>coronas</span> <span class='ocrx_word' id='word_1_359' title='bbox 913 3522 1176 3580; x_wconf 77' lang='lat' dir='ltr'>caelestes</span> <span class='ocrx_word' id='word_1_360' title='bbox 1206 3528 1588 3596; x_wconf 90' lang='lat' dir='ltr'>promeretur.</span> 
     </span>
    </p>
   </div>
   <div class='ocr_carea' id='block_1_70' title="bbox 316 3611 1913 3687">
    <p class='ocr_par' dir='ltr' id='par_1_70' title="bbox 316 3611 1913 3687">
     <span class='ocr_line' id='line_1_71' title="bbox 316 3611 1913 3687; baseline 0.002 -19"><span class='ocrx_word' id='word_1_361' title='bbox 316 3611 712 3668; x_wconf 81' lang='lat' dir='ltr'>Resurrectio</span> <span class='ocrx_word' id='word_1_362' title='bbox 740 3611 926 3684; x_wconf 91' lang='lat' dir='ltr'>prima</span> <span class='ocrx_word' id='word_1_363' title='bbox 972 3618 1060 3670; x_wconf 88' lang='lat' dir='ltr'>est</span> <span class='ocrx_word' id='word_1_364' title='bbox 1103 3629 1406 3687; x_wconf 88' lang='lat' dir='ltr'>resurgere</span> <span class='ocrx_word' id='word_1_365' title='bbox 1454 3630 1488 3668; x_wconf 90' lang='lat' dir='ltr'>a</span> <span class='ocrx_word' id='word_1_366' title='bbox 1532 3612 1688 3670; x_wconf 87' lang='lat' dir='ltr'>vitiis</span> <span class='ocrx_word' id='word_1_367' title='bbox 1719 3613 1778 3670; x_wconf 91' lang='lat' dir='ltr'>in</span> <span class='ocrx_word' id='word_1_368' title='bbox 1804 3613 1913 3671; x_wconf 88' lang='lat' dir='ltr'>hac</span> 
     </span>
    </p>
   </div>
   <div class='ocr_carea' id='block_1_71' title="bbox 250 3702 388 3758">
    <p class='ocr_par' dir='ltr' id='par_1_71' title="bbox 250 3702 388 3758">
     <span class='ocr_line' id='line_1_72' title="bbox 250 3702 388 3758; baseline 0.014 -2"><span class='ocrx_word' id='word_1_369' title='bbox 250 3702 388 3758; x_wconf 77' lang='lat' dir='ltr'>vita.</span> 
     </span>
    </p>
   </div>
   <div class='ocr_carea' id='block_1_72' title="bbox 322 3790 1914 3865">
    <p class='ocr_par' dir='ltr' id='par_1_72' title="bbox 322 3790 1914 3865">
     <span class='ocr_line' id='line_1_73' title="bbox 322 3790 1914 3865; baseline 0.002 -19"><span class='ocrx_word' id='word_1_370' title='bbox 322 3791 617 3863; x_wconf 85' lang='lat' dir='ltr'>Raptores</span> <span class='ocrx_word' id='word_1_371' title='bbox 645 3790 968 3848; x_wconf 88' lang='lat' dir='ltr'>alienarum</span> <span class='ocrx_word' id='word_1_372' title='bbox 1027 3808 1221 3848; x_wconf 86' lang='lat' dir='ltr'>rerum</span> <span class='ocrx_word' id='word_1_373' title='bbox 1270 3792 1384 3864; x_wconf 85' lang='lat' dir='ltr'>ipsi</span> <span class='ocrx_word' id='word_1_374' title='bbox 1437 3793 1786 3865; x_wconf 88' lang='lat' dir='ltr'>quandoque</span> <span class='ocrx_word' id='word_1_375' title='bbox 1829 3809 1914 3849; x_wconf 90' lang='lat' dir='ltr'>ra-</span> 
     </span>
    </p>
   </div>
   <div class='ocr_carea' id='block_1_73' title="bbox 259 3879 952 3951">
    <p class='ocr_par' dir='ltr' id='par_1_73' title="bbox 259 3879 952 3951">
     <span class='ocr_line' id='line_1_74' title="bbox 259 3879 952 3951; baseline 0.001 -16"><span class='ocrx_word' id='word_1_376' title='bbox 259 3879 492 3951; x_wconf 86' lang='lat' dir='ltr'>pientur</span> <span class='ocrx_word' id='word_1_377' title='bbox 521 3881 595 3936; x_wconf 89' lang='lat' dir='ltr'>ad</span> <span class='ocrx_word' id='word_1_378' title='bbox 627 3881 952 3938; x_wconf 86' lang='lat' dir='ltr'>interitum.</span> 
     </span>
    </p>
   </div>
   <div class='ocr_carea' id='block_1_74' title="bbox 327 3968 1914 4044">
    <p class='ocr_par' dir='ltr' id='par_1_74' title="bbox 327 3968 1914 4044">
     <span class='ocr_line' id='line_1_75' title="bbox 327 3968 1914 4044; baseline 0 -20"><span class='ocrx_word' id='word_1_379' title='bbox 327 3969 584 4042; x_wconf 83' lang='lat' dir='ltr'>Reprobi</span> <span class='ocrx_word' id='word_1_380' title='bbox 615 3969 677 4025; x_wconf 89' lang='lat' dir='ltr'>in</span> <span class='ocrx_word' id='word_1_381' title='bbox 707 3971 819 4026; x_wconf 91' lang='lat' dir='ltr'>hoc</span> <span class='ocrx_word' id='word_1_382' title='bbox 844 3970 1056 4027; x_wconf 68' lang='lat' dir='ltr'>saeculo</span> <span class='ocrx_word' id='word_1_383' title='bbox 1091 3970 1415 4044; x_wconf 85' lang='lat' dir='ltr'>fatigantur</span> <span class='ocrx_word' id='word_1_384' title='bbox 1435 3968 1740 4026; x_wconf 89' lang='lat' dir='ltr'>desideriis</span> <span class='ocrx_word' id='word_1_385' title='bbox 1770 3973 1827 4025; x_wconf 92' lang='lat' dir='ltr'>et</span> <span class='ocrx_word' id='word_1_386' title='bbox 1853 3969 1914 4024; x_wconf 90' lang='lat' dir='ltr'>in</span> 
     </span>
    </p>
   </div>
   <div class='ocr_carea' id='block_1_75' title="bbox 259 4057 823 4117">
    <p class='ocr_par' dir='ltr' id='par_1_75' title="bbox 259 4057 823 4117">
     <span class='ocr_line' id='line_1_76' title="bbox 259 4057 823 4117; baseline 0.005 -5"><span class='ocrx_word' id='word_1_387' title='bbox 259 4057 460 4116; x_wconf 86' lang='lat' dir='ltr'>futuro</span> <span class='ocrx_word' id='word_1_388' title='bbox 491 4060 823 4117; x_wconf 91' lang='lat' dir='ltr'>tormentis.</span> 
     </span>
    </p>
   </div>
   <div class='ocr_carea' id='block_1_76' title="bbox 2023 3257 3668 3335">
    <p class='ocr_par' dir='ltr' id='par_1_76' title="bbox 2023 3257 3668 3335">
     <span class='ocr_line' id='line_1_77' title="bbox 2023 3257 3668 3335; baseline 0.007 -25"><span class='ocrx_word' id='word_1_389' title='bbox 2023 3258 2118 3312; x_wconf 90' lang='lat' dir='ltr'>nia</span> <span class='ocrx_word' id='word_1_390' title='bbox 2147 3257 2334 3328; x_wconf 89' lang='lat' dir='ltr'>possit</span> <span class='ocrx_word' id='word_1_391' title='bbox 2363 3258 2830 3329; x_wconf 82' lang='lat' dir='ltr'>reprehendere?</span> <span class='ocrx_word' id='word_1_392' title='bbox 2863 3260 3205 3331; x_wconf 90' lang='lat' dir='ltr'>hujusmodi</span> <span class='ocrx_word' id='word_1_393' title='bbox 3258 3264 3438 3335; x_wconf 89' lang='lat' dir='ltr'>igitur</span> <span class='ocrx_word' id='word_1_394' title='bbox 3484 3266 3668 3321; x_wconf 90' lang='lat' dir='ltr'>lector</span> 
     </span>
    </p>
   </div>
   <div class='ocr_carea' id='block_1_77' title="bbox 2021 3343 3666 3417">
    <p class='ocr_par' dir='ltr' id='par_1_77' title="bbox 2021 3343 3666 3417">
     <span class='ocr_line' id='line_1_78' title="bbox 2021 3343 3666 3417; baseline 0.005 -18"><span class='ocrx_word' id='word_1_395' title='bbox 2021 3361 2137 3416; x_wconf 92' lang='lat' dir='ltr'>quo</span> <span class='ocrx_word' id='word_1_396' title='bbox 2161 3343 2293 3416; x_wconf 90' lang='lat' dir='ltr'>plus</span> <span class='ocrx_word' id='word_1_397' title='bbox 2311 3344 2442 3399; x_wconf 88' lang='lat' dir='ltr'>aliis</span> <span class='ocrx_word' id='word_1_398' title='bbox 2464 3349 2630 3416; x_wconf 89' lang='lat' dir='ltr'>parat</span> <span class='ocrx_word' id='word_1_399' title='bbox 2652 3346 3121 3416; x_wconf 87' lang='lat' dir='ltr'>reprehensionis</span> <span class='ocrx_word' id='word_1_400' title='bbox 3143 3350 3386 3417; x_wconf 90' lang='lat' dir='ltr'>foveam,</span> <span class='ocrx_word' id='word_1_401' title='bbox 3404 3367 3470 3406; x_wconf 91' lang='lat' dir='ltr'>eo</span> <span class='ocrx_word' id='word_1_402' title='bbox 3492 3353 3666 3408; x_wconf 91' lang='lat' dir='ltr'>citius</span> 
     </span>
    </p>
   </div>
   <div class='ocr_carea' id='block_1_78' title="bbox 2021 3431 3666 3506">
    <p class='ocr_par' dir='ltr' id='par_1_78' title="bbox 2021 3431 3666 3506">
     <span class='ocr_line' id='line_1_79' title="bbox 2021 3431 3666 3506; baseline 0.004 -18"><span class='ocrx_word' id='word_1_403' title='bbox 2021 3433 2146 3504; x_wconf 90' lang='lat' dir='ltr'>ipse</span> <span class='ocrx_word' id='word_1_404' title='bbox 2199 3431 2408 3486; x_wconf 90' lang='lat' dir='ltr'>incidit</span> <span class='ocrx_word' id='word_1_405' title='bbox 2464 3431 2523 3486; x_wconf 92' lang='lat' dir='ltr'>in</span> <span class='ocrx_word' id='word_1_406' title='bbox 2579 3431 2761 3502; x_wconf 90' lang='lat' dir='ltr'>illam,</span> <span class='ocrx_word' id='word_1_407' title='bbox 2804 3439 3007 3506; x_wconf 90' lang='lat' dir='ltr'>raptus</span> <span class='ocrx_word' id='word_1_408' title='bbox 3053 3435 3321 3492; x_wconf 90' lang='lat' dir='ltr'>videlicet</span> <span class='ocrx_word' id='word_1_409' title='bbox 3369 3439 3563 3496; x_wconf 92' lang='lat' dir='ltr'>subito</span> <span class='ocrx_word' id='word_1_410' title='bbox 3607 3441 3666 3494; x_wconf 91' lang='lat' dir='ltr'>in</span> 
     </span>
    </p>
   </div>
   <div class='ocr_carea' id='block_1_79' title="bbox 2022 3521 3670 3594">
    <p class='ocr_par' dir='ltr' id='par_1_79' title="bbox 2022 3521 3670 3594">
     <span class='ocr_line' id='line_1_80' title="bbox 2022 3521 3670 3594; baseline 0.003 -17"><span class='ocrx_word' id='word_1_411' title='bbox 2022 3521 2335 3594; x_wconf 86' lang='lat' dir='ltr'>reprobum</span> <span class='ocrx_word' id='word_1_412' title='bbox 2394 3535 2633 3577; x_wconf 89' lang='lat' dir='ltr'>sensum</span> <span class='ocrx_word' id='word_1_413' title='bbox 2689 3538 2804 3592; x_wconf 85' lang='lat' dir='ltr'>quo</span> <span class='ocrx_word' id='word_1_414' title='bbox 2862 3523 3138 3580; x_wconf 88' lang='lat' dir='ltr'>seductus</span> <span class='ocrx_word' id='word_1_415' title='bbox 3185 3530 3288 3581; x_wconf 90' lang='lat' dir='ltr'>aut</span> <span class='ocrx_word' id='word_1_416' title='bbox 3315 3531 3535 3584; x_wconf 86' lang='lat' dir='ltr'>secreto</span> <span class='ocrx_word' id='word_1_417' title='bbox 3569 3533 3670 3584; x_wconf 91' lang='lat' dir='ltr'>aut</span> 
     </span>
    </p>
   </div>
   <div class='ocr_carea' id='block_1_80' title="bbox 2022 3608 3670 3686">
    <p class='ocr_par' dir='ltr' id='par_1_80' title="bbox 2022 3608 3670 3686">
     <span class='ocr_line' id='line_1_81' title="bbox 2022 3608 3670 3686; baseline 0.005 -20"><span class='ocrx_word' id='word_1_418' title='bbox 2022 3611 2195 3666; x_wconf 80' lang='lat' dir='ltr'>etiam</span> <span class='ocrx_word' id='word_1_419' title='bbox 2228 3608 2456 3681; x_wconf 91' lang='lat' dir='ltr'>publice</span> <span class='ocrx_word' id='word_1_420' title='bbox 2486 3609 2721 3681; x_wconf 89' lang='lat' dir='ltr'>aliquod</span> <span class='ocrx_word' id='word_1_421' title='bbox 2769 3612 3101 3669; x_wconf 87' lang='lat' dir='ltr'>committat</span> <span class='ocrx_word' id='word_1_422' title='bbox 3147 3619 3470 3686; x_wconf 90' lang='lat' dir='ltr'>peccatum.</span> <span class='ocrx_word' id='word_1_423' title='bbox 3505 3616 3670 3674; x_wconf 88' lang='lat' dir='ltr'>Unde</span> 
     </span>
    </p>
   </div>
   <div class='ocr_carea' id='block_1_81' title="bbox 2022 3699 3673 3777">
    <p class='ocr_par' dir='ltr' id='par_1_81' title="bbox 2022 3699 3673 3777">
     <span class='ocr_line' id='line_1_82' title="bbox 2022 3699 3673 3777; baseline 0.004 -21"><span class='ocrx_word' id='word_1_424' title='bbox 2022 3701 2183 3756; x_wconf 90' lang='lat' dir='ltr'>omni</span> <span class='ocrx_word' id='word_1_425' title='bbox 2213 3700 2430 3754; x_wconf 87' lang='lat' dir='ltr'>erranti</span> <span class='ocrx_word' id='word_1_426' title='bbox 2453 3699 2614 3771; x_wconf 88' lang='lat' dir='ltr'>prius</span> <span class='ocrx_word' id='word_1_427' title='bbox 2635 3702 2965 3772; x_wconf 89' lang='lat' dir='ltr'>compassio</span> <span class='ocrx_word' id='word_1_428' title='bbox 2989 3718 3166 3774; x_wconf 91' lang='lat' dir='ltr'>quam</span> <span class='ocrx_word' id='word_1_429' title='bbox 3188 3705 3562 3777; x_wconf 87' lang='lat' dir='ltr'>reprehensio</span> <span class='ocrx_word' id='word_1_430' title='bbox 3583 3711 3673 3764; x_wconf 88' lang='lat' dir='ltr'>est</span> 
     </span>
    </p>
   </div>
   <div class='ocr_carea' id='block_1_82' title="bbox 2023 3788 3674 3864">
    <p class='ocr_par' dir='ltr' id='par_1_82' title="bbox 2023 3788 3674 3864">
     <span class='ocr_line' id='line_1_83' title="bbox 2023 3788 3674 3864; baseline 0.004 -19"><span class='ocrx_word' id='word_1_431' title='bbox 2023 3788 2374 3856; x_wconf 90' lang='lat' dir='ltr'>adhibenda,</span> <span class='ocrx_word' id='word_1_432' title='bbox 2400 3790 2570 3860; x_wconf 83' lang='lat' dir='ltr'>juxta</span> <span class='ocrx_word' id='word_1_433' title='bbox 2600 3788 2743 3844; x_wconf 91' lang='lat' dir='ltr'>illud</span> <span class='ocrx_word' id='word_1_434' title='bbox 2770 3790 3032 3862; x_wconf 85' lang='lat' dir='ltr'>Apostoli</span> <span class='ocrx_word' id='word_1_435' title='bbox 3057 3808 3070 3847; x_wconf 92' lang='lat'>:</span> <span class='ocrx_word' id='word_1_436' title='bbox 3101 3793 3232 3860; x_wconf 82' lang='lat' dir='ltr'>Quis</span> <span class='ocrx_word' id='word_1_437' title='bbox 3265 3794 3674 3864; x_wconf 78' lang='lat' dir='ltr'>inﬁrmatur,el</span> 
     </span>
    </p>
   </div>
   <div class='ocr_carea' id='block_1_83' title="bbox 2024 3878 3672 3952">
    <p class='ocr_par' dir='ltr' id='par_1_83' title="bbox 2024 3878 3672 3952">
     <span class='ocr_line' id='line_1_84' title="bbox 2024 3878 3672 3952; baseline 0.004 -18"><span class='ocrx_word' id='word_1_438' title='bbox 2024 3894 2120 3950; x_wconf 85' lang='lat' dir='ltr'>ego</span> <span class='ocrx_word' id='word_1_439' title='bbox 2176 3894 2285 3934; x_wconf 86' lang='lat' dir='ltr'>non</span> <span class='ocrx_word' id='word_1_440' title='bbox 2344 3878 2640 3947; x_wconf 74' lang='lat' dir='ltr'>inﬁrmor?</span> <span class='ocrx_word' id='word_1_441' title='bbox 2678 3879 2751 3951; x_wconf 87' lang='grc' dir='ltr'>(ΙΙ</span> <span class='ocrx_word' id='word_1_442' title='bbox 2799 3879 2918 3935; x_wconf 86' lang='lat' dir='ltr'>Cor.</span> <span class='ocrx_word' id='word_1_443' title='bbox 2972 3882 3052 3952; x_wconf 74' lang='grc' dir='ltr'>κ.)</span> <span class='ocrx_word' id='word_1_444' title='bbox 3100 3883 3168 3937; x_wconf 91' lang='lat' dir='ltr'>Et</span> <span class='ocrx_word' id='word_1_445' title='bbox 3222 3883 3435 3938; x_wconf 87' lang='lat' dir='ltr'>iterum</span> <span class='ocrx_word' id='word_1_446' title='bbox 3470 3901 3482 3938; x_wconf 89' lang='lat'><strong>:</strong></span> <span class='ocrx_word' id='word_1_447' title='bbox 3517 3883 3672 3941; x_wconf 84' lang='lat' dir='ltr'>Alter</span> 
     </span>
    </p>
   </div>
   <div class='ocr_carea' id='block_1_84' title="bbox 2023 3967 3670 4042">
    <p class='ocr_par' dir='ltr' id='par_1_84' title="bbox 2023 3967 3670 4042">
     <span class='ocr_line' id='line_1_85' title="bbox 2023 3967 3670 4042; baseline 0.004 -18"><span class='ocrx_word' id='word_1_448' title='bbox 2023 3967 2258 4024; x_wconf 73' lang='lat' dir='ltr'>alterius</span> <span class='ocrx_word' id='word_1_449' title='bbox 2285 3983 2456 4023; x_wconf 84' lang='lat' dir='ltr'>onera</span> <span class='ocrx_word' id='word_1_450' title='bbox 2479 3970 2710 4039; x_wconf 82' lang='lat' dir='ltr'>portate,</span> <span class='ocrx_word' id='word_1_451' title='bbox 2743 3979 2796 4024; x_wconf 88' lang='lat' dir='ltr'>et</span> <span class='ocrx_word' id='word_1_452' title='bbox 2821 3970 2898 4024; x_wconf 79' lang='lat' dir='ltr'>sic</span> <span class='ocrx_word' id='word_1_453' title='bbox 2916 3970 3288 4042; x_wconf 81' lang='lat' dir='ltr'>adz&#39;mplebitz&#39;s</span> <span class='ocrx_word' id='word_1_454' title='bbox 3317 3973 3491 4042; x_wconf 84' lang='lat' dir='ltr'>legem</span> <span class='ocrx_word' id='word_1_455' title='bbox 3513 3973 3670 4030; x_wconf 80' lang='lat' dir='ltr'>Chri-</span> 
     </span>
    </p>
   </div>
   <div class='ocr_carea' id='block_1_85' title="bbox 2023 4056 2392 4130">
    <p class='ocr_par' dir='ltr' id='par_1_85' title="bbox 2023 4056 2392 4130">
     <span class='ocr_line' id='line_1_86' title="bbox 2023 4056 2392 4130; baseline -0.005 -17"><span class='ocrx_word' id='word_1_456' title='bbox 2023 4060 2097 4113; x_wconf 77' lang='lat' dir='ltr'>sti</span> <span class='ocrx_word' id='word_1_457' title='bbox 2127 4056 2268 4130; x_wconf 88' lang='lat' dir='ltr'>(Gal.</span> <span class='ocrx_word' id='word_1_458' title='bbox 2291 4057 2392 4127; x_wconf 77' lang='lat' dir='ltr'>v1).</span> 
     </span>
    </p>
   </div>
   <div class='ocr_carea' id='block_1_86' title="bbox 704 4383 3246 4455">
    <p class='ocr_par' dir='ltr' id='par_1_86' title="bbox 704 4383 3246 4455">
     <span class='ocr_line' id='line_1_87' title="bbox 704 4383 3246 4455; baseline 0.001 -9"><span class='ocrx_word' id='word_1_459' title='bbox 704 4385 1050 4448; x_wconf 88' lang='lat' dir='ltr'>OTHLONI</span> <span class='ocrx_word' id='word_1_460' title='bbox 1099 4384 1382 4448; x_wconf 83' lang='lat' dir='ltr'><strong>SUMMA</strong></span> <span class='ocrx_word' id='word_1_461' title='bbox 1425 4384 1835 4447; x_wconf 79' lang='lat' dir='ltr'>DICTORUM</span> <span class='ocrx_word' id='word_1_462' title='bbox 1879 4385 1982 4446; x_wconf 86' lang='lat' dir='ltr'>DE</span> <span class='ocrx_word' id='word_1_463' title='bbox 2025 4383 2450 4455; x_wconf 77' lang='lat' dir='ltr'>MYSTERIIS</span> <span class='ocrx_word' id='word_1_464' title='bbox 2495 4385 2797 4446; x_wconf 81' lang='lat' dir='ltr'>NUMERI</span> <span class='ocrx_word' id='word_1_465' title='bbox 2842 4386 3246 4450; x_wconf 82' lang='lat' dir='ltr'>TERNARII.</span> 
     </span>
    </p>
   </div>
   <div class='ocr_carea' id='block_1_87' title="bbox 1376 4544 2580 4620">
    <p class='ocr_par' dir='ltr' id='par_1_87' title="bbox 1376 4544 2580 4620">
     <span class='ocr_line' id='line_1_88' title="bbox 1376 4544 2580 4620; baseline -0.003 -15"><span class='ocrx_word' id='word_1_466' title='bbox 1376 4546 1610 4620; x_wconf 84' lang='lat' dir='ltr'>Quanta</span> <span class='ocrx_word' id='word_1_467' title='bbox 1643 4544 1794 4607; x_wconf 82' lang='lat' dir='ltr'>bona</span> <span class='ocrx_word' id='word_1_468' title='bbox 1824 4546 1886 4607; x_wconf 77' lang='lat' dir='ltr'>in</span> <span class='ocrx_word' id='word_1_469' title='bbox 1917 4545 2183 4606; x_wconf 71' lang='lat' dir='ltr'>trinitate</span> <span class='ocrx_word' id='word_1_470' title='bbox 2211 4544 2580 4605; x_wconf 75' lang='lat' dir='ltr'>consistant?</span> 
     </span>
    </p>
   </div>
   <div class='ocr_carea' id='block_1_88' title="bbox 326 4704 3676 4779">
    <p class='ocr_par' dir='ltr' id='par_1_88' title="bbox 326 4704 3676 4779">
     <span class='ocr_line' id='line_1_89' title="bbox 326 4704 3676 4779; baseline 0.001 -19"><span class='ocrx_word' id='word_1_471' title='bbox 326 4710 682 4779; x_wconf 77' lang='lat' dir='ltr'>Agnoscens</span> <span class='ocrx_word' id='word_1_472' title='bbox 714 4723 887 4763; x_wconf 89' lang='lat' dir='ltr'>omne</span> <span class='ocrx_word' id='word_1_473' title='bbox 915 4707 1136 4763; x_wconf 93' lang='lat' dir='ltr'>bonum</span> <span class='ocrx_word' id='word_1_474' title='bbox 1195 4706 1254 4762; x_wconf 90' lang='lat' dir='ltr'>in</span> <span class='ocrx_word' id='word_1_475' title='bbox 1289 4705 1549 4762; x_wconf 90' lang='lat' dir='ltr'>trinitate</span> <span class='ocrx_word' id='word_1_476' title='bbox 1579 4705 1918 4770; x_wconf 88' lang='lat' dir='ltr'>consistere.</span> <span class='ocrx_word' id='word_1_477' title='bbox 1949 4707 1997 4771; x_wconf 90' lang='lat' dir='ltr'>D</span> <span class='ocrx_word' id='word_1_478' title='bbox 2029 4705 2129 4760; x_wconf 91' lang='lat' dir='ltr'>diu</span> <span class='ocrx_word' id='word_1_479' title='bbox 2163 4705 2234 4760; x_wconf 87' lang='lat' dir='ltr'>ad</span> <span class='ocrx_word' id='word_1_480' title='bbox 2273 4704 2570 4760; x_wconf 90' lang='lat' dir='ltr'>Christum</span> <span class='ocrx_word' id='word_1_481' title='bbox 2625 4704 2868 4760; x_wconf 89' lang='lat' dir='ltr'>minime</span> <span class='ocrx_word' id='word_1_482' title='bbox 2909 4705 3171 4761; x_wconf 89' lang='lat' dir='ltr'>conversi</span> <span class='ocrx_word' id='word_1_483' title='bbox 3203 4705 3508 4763; x_wconf 88' lang='lat' dir='ltr'>fuerimus.</span> <span class='ocrx_word' id='word_1_484' title='bbox 3533 4707 3676 4763; x_wconf 85' lang='lat' dir='ltr'>Tres</span> 
     </span>
    </p>
   </div>
   <div class='ocr_carea' id='block_1_89' title="bbox 257 4792 3673 4868">
    <p class='ocr_par' dir='ltr' id='par_1_89' title="bbox 257 4792 3673 4868">
     <span class='ocr_line' id='line_1_90' title="bbox 257 4792 3673 4868; baseline 0.001 -21"><span class='ocrx_word' id='word_1_485' title='bbox 257 4794 455 4850; x_wconf 86' lang='lat' dir='ltr'>studui</span> <span class='ocrx_word' id='word_1_486' title='bbox 485 4794 826 4866; x_wconf 86' lang='lat' dir='ltr'>explanare,</span> <span class='ocrx_word' id='word_1_487' title='bbox 851 4811 965 4868; x_wconf 88' lang='lat' dir='ltr'>quo</span> <span class='ocrx_word' id='word_1_488' title='bbox 987 4796 1162 4852; x_wconf 93' lang='lat' dir='ltr'>modo</span> <span class='ocrx_word' id='word_1_489' title='bbox 1186 4799 1416 4851; x_wconf 88' lang='lat' dir='ltr'>tantum</span> <span class='ocrx_word' id='word_1_490' title='bbox 1438 4795 1658 4850; x_wconf 91' lang='lat' dir='ltr'>bonum</span> <span class='ocrx_word' id='word_1_491' title='bbox 1681 4792 1920 4866; x_wconf 89' lang='lat' dir='ltr'>agnosci</span> <span class='ocrx_word' id='word_1_492' title='bbox 2031 4810 2264 4865; x_wconf 91' lang='lat' dir='ltr'>quoque</span> <span class='ocrx_word' id='word_1_493' title='bbox 2298 4793 2662 4848; x_wconf 89' lang='lat' dir='ltr'>diversitates</span> <span class='ocrx_word' id='word_1_494' title='bbox 2692 4794 2751 4848; x_wconf 92' lang='lat' dir='ltr'>in</span> <span class='ocrx_word' id='word_1_495' title='bbox 2789 4794 2948 4848; x_wconf 90' lang='lat' dir='ltr'>omni</span> <span class='ocrx_word' id='word_1_496' title='bbox 3007 4799 3274 4850; x_wconf 88' lang='lat' dir='ltr'>creatura</span> <span class='ocrx_word' id='word_1_497' title='bbox 3320 4794 3673 4851; x_wconf 90' lang='lat' dir='ltr'>consistunt.</span> 
     </span>
    </p>
   </div>
   <div class='ocr_carea' id='block_1_90' title="bbox 256 4882 3678 4958">
    <p class='ocr_par' dir='ltr' id='par_1_90' title="bbox 256 4882 3678 4958">
     <span class='ocr_line' id='line_1_91' title="bbox 256 4882 3678 4958; baseline 0 -20"><span class='ocrx_word' id='word_1_498' title='bbox 256 4884 592 4955; x_wconf 88' lang='lat' dir='ltr'>possit.Sed</span> <span class='ocrx_word' id='word_1_499' title='bbox 613 4884 910 4958; x_wconf 90' lang='lat' dir='ltr'>imprimis</span> <span class='ocrx_word' id='word_1_500' title='bbox 941 4884 1256 4942; x_wconf 91' lang='lat' dir='ltr'>dicendum</span> <span class='ocrx_word' id='word_1_501' title='bbox 1293 4885 1446 4956; x_wconf 93' lang='lat' dir='ltr'>quod</span> <span class='ocrx_word' id='word_1_502' title='bbox 1468 4884 1643 4940; x_wconf 90' lang='lat' dir='ltr'>etiam</span> <span class='ocrx_word' id='word_1_503' title='bbox 1661 4884 1921 4956; x_wconf 90' lang='lat' dir='ltr'>primum</span> <span class='ocrx_word' id='word_1_504' title='bbox 2030 4886 2148 4938; x_wconf 85' lang='lat' dir='ltr'>Aut</span> <span class='ocrx_word' id='word_1_505' title='bbox 2176 4882 2332 4938; x_wconf 90' lang='lat' dir='ltr'>enim</span> <span class='ocrx_word' id='word_1_506' title='bbox 2364 4886 2452 4938; x_wconf 92' lang='lat' dir='ltr'>est</span> <span class='ocrx_word' id='word_1_507' title='bbox 2483 4882 2804 4949; x_wconf 88' lang='lat' dir='ltr'>rationalis,</span> <span class='ocrx_word' id='word_1_508' title='bbox 2825 4887 2890 4938; x_wconf 91' lang='lat' dir='ltr'>ut</span> <span class='ocrx_word' id='word_1_509' title='bbox 2915 4883 3104 4956; x_wconf 88' lang='lat' dir='ltr'>angeli</span> <span class='ocrx_word' id='word_1_510' title='bbox 3127 4887 3184 4939; x_wconf 89' lang='lat' dir='ltr'>et</span> <span class='ocrx_word' id='word_1_511' title='bbox 3213 4883 3387 4940; x_wconf 91' lang='lat' dir='ltr'>homo</span> <span class='ocrx_word' id='word_1_512' title='bbox 3412 4902 3425 4952; x_wconf 91' lang='lat'><strong>;</strong></span> <span class='ocrx_word' id='word_1_513' title='bbox 3449 4884 3537 4940; x_wconf 92' lang='lat' dir='ltr'>vel</span> <span class='ocrx_word' id='word_1_514' title='bbox 3559 4885 3678 4940; x_wconf 89' lang='lat' dir='ltr'>ani-</span> 
     </span>
    </p>
   </div>
   <div class='ocr_carea' id='block_1_91' title="bbox 257 4971 3679 5047">
    <p class='ocr_par' dir='ltr' id='par_1_91' title="bbox 257 4971 3679 5047">
     <span class='ocr_line' id='line_1_92' title="bbox 257 4971 3679 5047; baseline 0 -21"><span class='ocrx_word' id='word_1_515' title='bbox 257 4978 428 5040; x_wconf 88' lang='lat' dir='ltr'>est,et</span> <span class='ocrx_word' id='word_1_516' title='bbox 461 4990 780 5031; x_wconf 86' lang='lat' dir='ltr'>summum</span> <span class='ocrx_word' id='word_1_517' title='bbox 802 4975 1148 5047; x_wconf 89' lang='lat' dir='ltr'>cunctisque</span> <span class='ocrx_word' id='word_1_518' title='bbox 1169 4973 1441 5030; x_wconf 88' lang='lat' dir='ltr'>fidelibus</span> <span class='ocrx_word' id='word_1_519' title='bbox 1464 4974 1718 5030; x_wconf 84' lang='lat' dir='ltr'>maxime</span> <span class='ocrx_word' id='word_1_520' title='bbox 1739 4975 1922 5028; x_wconf 88' lang='lat' dir='ltr'>atten-</span> <span class='ocrx_word' id='word_1_521' title='bbox 2033 4971 2221 5042; x_wconf 90' lang='lat' dir='ltr'>malis,</span> <span class='ocrx_word' id='word_1_522' title='bbox 2237 4974 2302 5026; x_wconf 91' lang='lat' dir='ltr'>ut</span> <span class='ocrx_word' id='word_1_523' title='bbox 2317 4971 2515 5026; x_wconf 91' lang='lat' dir='ltr'>omnia</span> <span class='ocrx_word' id='word_1_524' title='bbox 2537 4987 2664 5042; x_wconf 54' lang='lat' dir='ltr'>quae</span> <span class='ocrx_word' id='word_1_525' title='bbox 2692 4971 2832 5026; x_wconf 83' lang='lat' dir='ltr'>flatu</span> <span class='ocrx_word' id='word_1_526' title='bbox 2864 4971 3024 5026; x_wconf 90' lang='lat' dir='ltr'>vitali</span> <span class='ocrx_word' id='word_1_527' title='bbox 3049 4971 3176 5028; x_wconf 90' lang='lat' dir='ltr'>sine</span> <span class='ocrx_word' id='word_1_528' title='bbox 3207 4971 3428 5028; x_wconf 88' lang='lat' dir='ltr'>ratione</span> <span class='ocrx_word' id='word_1_529' title='bbox 3449 4973 3679 5044; x_wconf 89' lang='lat' dir='ltr'>potiun-</span> 
     </span>
    </p>
   </div>
   <div class='ocr_carea' id='block_1_92' title="bbox 256 5049 3604 5136">
    <p class='ocr_par' dir='ltr' id='par_1_92' title="bbox 256 5049 3604 5136">
     <span class='ocr_line' id='line_1_93' title="bbox 256 5049 3604 5136; baseline 0 -20"><span class='ocrx_word' id='word_1_530' title='bbox 256 5061 543 5120; x_wconf 87' lang='lat' dir='ltr'>dendum.</span> <span class='ocrx_word' id='word_1_531' title='bbox 589 5065 654 5119; x_wconf 92' lang='lat' dir='ltr'>In</span> <span class='ocrx_word' id='word_1_532' title='bbox 687 5063 878 5120; x_wconf 90' lang='lat' dir='ltr'>tribus</span> <span class='ocrx_word' id='word_1_533' title='bbox 907 5080 1162 5136; x_wconf 90' lang='lat' dir='ltr'>namque</span> <span class='ocrx_word' id='word_1_534' title='bbox 1187 5063 1476 5136; x_wconf 89' lang='lat' dir='ltr'>personis,</span> <span class='ocrx_word' id='word_1_535' title='bbox 1506 5061 1712 5130; x_wconf 82' lang='lat' dir='ltr'>Patris,</span> <span class='ocrx_word' id='word_1_536' title='bbox 1741 5065 1799 5116; x_wconf 93' lang='lat' dir='ltr'>et</span> <span class='ocrx_word' id='word_1_537' title='bbox 1828 5060 1920 5115; x_wconf 86' lang='lat' dir='ltr'>Fi-</span> <span class='ocrx_word' id='word_1_538' title='bbox 2029 5065 2166 5128; x_wconf 87' lang='lat' dir='ltr'>tur;</span> <span class='ocrx_word' id='word_1_539' title='bbox 2202 5065 2304 5115; x_wconf 88' lang='lat' dir='ltr'>aut</span> <span class='ocrx_word' id='word_1_540' title='bbox 2335 5049 2608 5115; x_wconf 86' lang='lat' dir='ltr'>neutrum</span> <span class='ocrx_word' id='word_1_541' title='bbox 2640 5059 2885 5128; x_wconf 90' lang='lat' dir='ltr'>habens,</span> <span class='ocrx_word' id='word_1_542' title='bbox 2911 5066 2977 5117; x_wconf 93' lang='lat' dir='ltr'>ut</span> <span class='ocrx_word' id='word_1_543' title='bbox 3006 5060 3231 5133; x_wconf 90' lang='lat' dir='ltr'>lapides</span> <span class='ocrx_word' id='word_1_544' title='bbox 3260 5067 3318 5117; x_wconf 92' lang='lat' dir='ltr'>et</span> <span class='ocrx_word' id='word_1_545' title='bbox 3349 5062 3604 5118; x_wconf 88' lang='lat' dir='ltr'>arbores.</span> 
     </span>
    </p>
   </div>
   <div class='ocr_carea' id='block_1_93' title="bbox 251 5149 3676 5225">
    <p class='ocr_par' dir='ltr' id='par_1_93' title="bbox 251 5149 3676 5225">
     <span class='ocr_line' id='line_1_94' title="bbox 251 5149 3676 5225; baseline -0 -20"><span class='ocrx_word' id='word_1_546' title='bbox 251 5149 334 5222; x_wconf 90' lang='lat' dir='ltr'>lii,</span> <span class='ocrx_word' id='word_1_547' title='bbox 364 5158 422 5208; x_wconf 90' lang='lat' dir='ltr'>et</span> <span class='ocrx_word' id='word_1_548' title='bbox 462 5152 727 5225; x_wconf 90' lang='lat' dir='ltr'>Spiritus</span> <span class='ocrx_word' id='word_1_549' title='bbox 751 5154 958 5222; x_wconf 89' lang='lat' dir='ltr'>sancti,</span> <span class='ocrx_word' id='word_1_550' title='bbox 998 5152 1255 5209; x_wconf 89' lang='lat' dir='ltr'>Trinitas</span> <span class='ocrx_word' id='word_1_551' title='bbox 1282 5168 1517 5208; x_wconf 90' lang='lat' dir='ltr'>summa</span> <span class='ocrx_word' id='word_1_552' title='bbox 1537 5149 1832 5219; x_wconf 91' lang='lat' dir='ltr'>consistit;</span> <span class='ocrx_word' id='word_1_553' title='bbox 1866 5152 1924 5204; x_wconf 91' lang='lat' dir='ltr'>et</span> <span class='ocrx_word' id='word_1_554' title='bbox 2105 5151 2248 5205; x_wconf 88' lang='lat' dir='ltr'>Item</span> <span class='ocrx_word' id='word_1_555' title='bbox 2264 5154 2381 5204; x_wconf 89' lang='lat' dir='ltr'>tres</span> <span class='ocrx_word' id='word_1_556' title='bbox 2404 5153 2542 5205; x_wconf 90' lang='lat' dir='ltr'>sunt</span> <span class='ocrx_word' id='word_1_557' title='bbox 2566 5151 2782 5220; x_wconf 88' lang='lat' dir='ltr'>gradus</span> <span class='ocrx_word' id='word_1_558' title='bbox 2801 5149 3150 5206; x_wconf 90' lang='lat' dir='ltr'>sanctitatis.</span> <span class='ocrx_word' id='word_1_559' title='bbox 3168 5151 3398 5206; x_wconf 89' lang='lat' dir='ltr'>Primus</span> <span class='ocrx_word' id='word_1_560' title='bbox 3417 5151 3676 5222; x_wconf 89' lang='lat' dir='ltr'>quidem,</span> 
     </span>
    </p>
   </div>
   <div class='ocr_carea' id='block_1_94' title="bbox 253 5237 3676 5314">
    <p class='ocr_par' dir='ltr' id='par_1_94' title="bbox 253 5237 3676 5314">
     <span class='ocr_line' id='line_1_95' title="bbox 253 5237 3676 5314; baseline -0.001 -18"><span class='ocrx_word' id='word_1_561' title='bbox 253 5241 458 5299; x_wconf 87' lang='lat' dir='ltr'>exinde</span> <span class='ocrx_word' id='word_1_562' title='bbox 493 5258 673 5298; x_wconf 91' lang='lat' dir='ltr'>omne</span> <span class='ocrx_word' id='word_1_563' title='bbox 701 5243 923 5299; x_wconf 92' lang='lat' dir='ltr'>bonum</span> <span class='ocrx_word' id='word_1_564' title='bbox 952 5243 1176 5314; x_wconf 89' lang='lat' dir='ltr'>incipit.</span> <span class='ocrx_word' id='word_1_565' title='bbox 1205 5241 1423 5297; x_wconf 90' lang='lat' dir='ltr'>Deinde</span> <span class='ocrx_word' id='word_1_566' title='bbox 1450 5257 1584 5296; x_wconf 89' lang='lat' dir='ltr'>vero</span> <span class='ocrx_word' id='word_1_567' title='bbox 1607 5239 1721 5296; x_wconf 91' lang='lat' dir='ltr'>alia</span> <span class='ocrx_word' id='word_1_568' title='bbox 1751 5240 1921 5311; x_wconf 89' lang='lat' dir='ltr'>cupio</span> <span class='ocrx_word' id='word_1_569' title='bbox 2032 5238 2132 5310; x_wconf 91' lang='lat' dir='ltr'>qui</span> <span class='ocrx_word' id='word_1_570' title='bbox 2163 5243 2218 5294; x_wconf 90' lang='lat' dir='ltr'>et</span> <span class='ocrx_word' id='word_1_571' title='bbox 2250 5237 2563 5306; x_wconf 83' lang='lat' dir='ltr'>maximus,</span> <span class='ocrx_word' id='word_1_572' title='bbox 2596 5243 2873 5294; x_wconf 89' lang='lat' dir='ltr'>constans</span> <span class='ocrx_word' id='word_1_573' title='bbox 2904 5240 2962 5294; x_wconf 90' lang='lat' dir='ltr'>in</span> <span class='ocrx_word' id='word_1_574' title='bbox 2993 5239 3111 5295; x_wconf 89' lang='lat' dir='ltr'>vita</span> <span class='ocrx_word' id='word_1_575' title='bbox 3139 5237 3407 5310; x_wconf 86' lang='lat' dir='ltr'>virginali</span> <span class='ocrx_word' id='word_1_576' title='bbox 3434 5257 3447 5306; x_wconf 91' lang='lat'><strong>;</strong></span> <span class='ocrx_word' id='word_1_577' title='bbox 3471 5255 3676 5294; x_wconf 90' lang='lat' dir='ltr'>secun-</span> 
     </span>
    </p>
   </div>
   <div class='ocr_carea' id='block_1_95' title="bbox 251 5326 3249 5404">
    <p class='ocr_par' dir='ltr' id='par_1_95' title="bbox 251 5326 3249 5404">
     <span class='ocr_line' id='line_1_96' title="bbox 251 5326 3249 5404; baseline -0.002 -18"><span class='ocrx_word' id='word_1_578' title='bbox 251 5333 542 5402; x_wconf 87' lang='lat' dir='ltr'>proferre,</span> <span class='ocrx_word' id='word_1_579' title='bbox 575 5332 637 5388; x_wconf 89' lang='lat' dir='ltr'>in</span> <span class='ocrx_word' id='word_1_580' title='bbox 669 5333 887 5404; x_wconf 90' lang='lat' dir='ltr'>quibus</span> <span class='ocrx_word' id='word_1_581' title='bbox 918 5332 1153 5389; x_wconf 91' lang='lat' dir='ltr'>trinitas</span> <span class='ocrx_word' id='word_1_582' title='bbox 1184 5330 1383 5402; x_wconf 89' lang='lat' dir='ltr'>aliqua</span> <span class='ocrx_word' id='word_1_583' title='bbox 1405 5329 1582 5386; x_wconf 87' lang='lat' dir='ltr'>simul</span> <span class='ocrx_word' id='word_1_584' title='bbox 1605 5328 1917 5385; x_wconf 90' lang='lat' dir='ltr'>invenitur.</span> <span class='ocrx_word' id='word_1_585' title='bbox 2031 5328 2162 5398; x_wconf 92' lang='lat' dir='ltr'>dus,</span> <span class='ocrx_word' id='word_1_586' title='bbox 2193 5328 2251 5382; x_wconf 88' lang='lat' dir='ltr'>in</span> <span class='ocrx_word' id='word_1_587' title='bbox 2280 5326 2500 5382; x_wconf 90' lang='lat' dir='ltr'>viduali</span> <span class='ocrx_word' id='word_1_588' title='bbox 2533 5352 2546 5395; x_wconf 83' lang='lat'><strong>;</strong></span> <span class='ocrx_word' id='word_1_589' title='bbox 2578 5327 2808 5394; x_wconf 89' lang='lat' dir='ltr'>tertius,</span> <span class='ocrx_word' id='word_1_590' title='bbox 2840 5327 2900 5382; x_wconf 90' lang='lat' dir='ltr'>in</span> <span class='ocrx_word' id='word_1_591' title='bbox 2933 5326 3249 5400; x_wconf 88' lang='lat' dir='ltr'>conjugali.</span> 
     </span>
    </p>
   </div>
   <div class='ocr_carea' id='block_1_96' title="bbox 252 5415 3675 5495">
    <p class='ocr_par' dir='ltr' id='par_1_96' title="bbox 252 5415 3675 5495">
     <span class='ocr_line' id='line_1_97' title="bbox 252 5415 3675 5495; baseline -0 -21"><span class='ocrx_word' id='word_1_592' title='bbox 252 5418 314 5475; x_wconf 87' lang='lat' dir='ltr'>In</span> <span class='ocrx_word' id='word_1_593' title='bbox 348 5421 619 5478; x_wconf 85' lang='lat' dir='ltr'>ternario</span> <span class='ocrx_word' id='word_1_594' title='bbox 649 5421 867 5495; x_wconf 90' lang='lat' dir='ltr'>quippe</span> <span class='ocrx_word' id='word_1_595' title='bbox 888 5437 1130 5477; x_wconf 91' lang='lat' dir='ltr'>numero</span> <span class='ocrx_word' id='word_1_596' title='bbox 1159 5420 1229 5476; x_wconf 89' lang='lat' dir='ltr'>ad</span> <span class='ocrx_word' id='word_1_597' title='bbox 1262 5419 1579 5492; x_wconf 89' lang='lat' dir='ltr'>imaginem</span> <span class='ocrx_word' id='word_1_598' title='bbox 1612 5418 1715 5473; x_wconf 91' lang='lat' dir='ltr'>Dei</span> <span class='ocrx_word' id='word_1_599' title='bbox 1746 5417 1922 5473; x_wconf 86' lang='lat' dir='ltr'>refor—</span> <span class='ocrx_word' id='word_1_600' title='bbox 2103 5417 2244 5473; x_wconf 91' lang='lat' dir='ltr'>Item</span> <span class='ocrx_word' id='word_1_601' title='bbox 2276 5421 2391 5473; x_wconf 89' lang='lat' dir='ltr'>tres</span> <span class='ocrx_word' id='word_1_602' title='bbox 2420 5421 2559 5472; x_wconf 89' lang='lat' dir='ltr'>sunt</span> <span class='ocrx_word' id='word_1_603' title='bbox 2584 5415 2898 5488; x_wconf 88' lang='lat' dir='ltr'>qualitates</span> <span class='ocrx_word' id='word_1_604' title='bbox 2930 5417 3226 5473; x_wconf 89' lang='lat' dir='ltr'>hominem</span> <span class='ocrx_word' id='word_1_605' title='bbox 3258 5432 3386 5487; x_wconf 61' lang='lat' dir='ltr'>quae</span> <span class='ocrx_word' id='word_1_606' title='bbox 3418 5433 3520 5489; x_wconf 90' lang='lat' dir='ltr'>per</span> <span class='ocrx_word' id='word_1_607' title='bbox 3567 5435 3675 5473; x_wconf 89' lang='lat' dir='ltr'>nu-</span> 
     </span>
    </p>
   </div>
   <div class='ocr_carea' id='block_1_97' title="bbox 2031 5504 3678 5578">
    <p class='ocr_par' dir='ltr' id='par_1_97' title="bbox 2031 5504 3678 5578">
     <span class='ocr_line' id='line_1_98' title="bbox 2031 5504 3678 5578; baseline 0.002 -17"><span class='ocrx_word' id='word_1_608' title='bbox 2031 5523 2258 5561; x_wconf 90' lang='lat' dir='ltr'>merum</span> <span class='ocrx_word' id='word_1_609' title='bbox 2280 5506 2744 5578; x_wconf 88' lang='lat' dir='ltr'>distinguuntur.</span> <span class='ocrx_word' id='word_1_610' title='bbox 2767 5507 3024 5571; x_wconf 90' lang='lat' dir='ltr'>Quarum</span> <span class='ocrx_word' id='word_1_611' title='bbox 3042 5504 3234 5577; x_wconf 91' lang='lat' dir='ltr'>prima</span> <span class='ocrx_word' id='word_1_612' title='bbox 3249 5505 3516 5562; x_wconf 90' lang='lat' dir='ltr'>consistit</span> <span class='ocrx_word' id='word_1_613' title='bbox 3534 5506 3592 5561; x_wconf 90' lang='lat' dir='ltr'>in</span> <span class='ocrx_word' id='word_1_614' title='bbox 3612 5523 3678 5564; x_wconf 91' lang='lat' dir='ltr'>eo</span> 
     </span>
    </p>
   </div>
   <div class='ocr_carea' id='block_1_98' title="bbox 2028 5593 3681 5678">
    <p class='ocr_par' dir='ltr' id='par_1_98' title="bbox 2028 5593 3681 5678">
     <span class='ocr_line' id='line_1_99' title="bbox 2028 5593 3681 5678; baseline 0 -26"><span class='ocrx_word' id='word_1_615' title='bbox 2028 5611 2273 5653; x_wconf 88' lang='lat' dir='ltr'>numero</span> <span class='ocrx_word' id='word_1_616' title='bbox 2317 5594 2419 5670; x_wconf 90' lang='lat' dir='ltr'>qui</span> <span class='ocrx_word' id='word_1_617' title='bbox 2450 5593 2729 5653; x_wconf 89' lang='lat' dir='ltr'>dividitur</span> <span class='ocrx_word' id='word_1_618' title='bbox 2757 5593 3128 5653; x_wconf 90' lang='lat' dir='ltr'>solummodo</span> <span class='ocrx_word' id='word_1_619' title='bbox 3156 5593 3218 5678; x_wconf 80' lang='lat' dir='ltr'>in</span> <span class='ocrx_word' id='word_1_620' title='bbox 3248 5595 3572 5654; x_wconf 85' lang='lat' dir='ltr'>ternarium</span> <span class='ocrx_word' id='word_1_621' title='bbox 3616 5600 3681 5653; x_wconf 87' lang='lat' dir='ltr'>ut</span> 
     </span>
    </p>
   </div>
   <div class='ocr_carea' id='block_1_99' title="bbox 253 5506 1922 5584">
    <p class='ocr_par' dir='ltr' id='par_1_99' title="bbox 253 5506 1922 5584">
     <span class='ocr_line' id='line_1_100' title="bbox 253 5506 1922 5584; baseline -0.002 -19"><span class='ocrx_word' id='word_1_622' title='bbox 253 5526 522 5583; x_wconf 90' lang='lat' dir='ltr'>mamur,</span> <span class='ocrx_word' id='word_1_623' title='bbox 556 5511 659 5583; x_wconf 88' lang='lat' dir='ltr'>qui</span> <span class='ocrx_word' id='word_1_624' title='bbox 690 5527 795 5584; x_wconf 91' lang='lat' dir='ltr'>per</span> <span class='ocrx_word' id='word_1_625' title='bbox 819 5511 995 5584; x_wconf 90' lang='lat' dir='ltr'>primi</span> <span class='ocrx_word' id='word_1_626' title='bbox 1028 5509 1288 5584; x_wconf 90' lang='lat' dir='ltr'>parentis</span> <span class='ocrx_word' id='word_1_627' title='bbox 1318 5513 1624 5582; x_wconf 89' lang='lat' dir='ltr'>peccatum</span> <span class='ocrx_word' id='word_1_628' title='bbox 1647 5506 1797 5577; x_wconf 79' lang='lat' dir='ltr'>lapsi</span> <span class='ocrx_word' id='word_1_629' title='bbox 1829 5523 1922 5562; x_wconf 90' lang='lat' dir='ltr'>su-</span> 
     </span>
    </p>
   </div>
   <div class='ocr_carea' id='block_1_100' title="bbox 249 5597 1919 5675">
    <p class='ocr_par' dir='ltr' id='par_1_100' title="bbox 249 5597 1919 5675">
     <span class='ocr_line' id='line_1_101' title="bbox 249 5597 1919 5675; baseline -0.004 -16"><span class='ocrx_word' id='word_1_630' title='bbox 249 5613 386 5659; x_wconf 83' lang='lat' dir='ltr'>mus</span> <span class='ocrx_word' id='word_1_631' title='bbox 408 5601 476 5657; x_wconf 91' lang='lat' dir='ltr'>in</span> <span class='ocrx_word' id='word_1_632' title='bbox 504 5600 838 5675; x_wconf 88' lang='lat' dir='ltr'>binarium;</span> <span class='ocrx_word' id='word_1_633' title='bbox 861 5601 919 5658; x_wconf 92' lang='lat' dir='ltr'>in</span> <span class='ocrx_word' id='word_1_634' title='bbox 942 5617 1059 5675; x_wconf 88' lang='lat' dir='ltr'>quo</span> <span class='ocrx_word' id='word_1_635' title='bbox 1079 5604 1202 5660; x_wconf 90' lang='lat' dir='ltr'>tam</span> <span class='ocrx_word' id='word_1_636' title='bbox 1222 5599 1324 5657; x_wconf 92' lang='lat' dir='ltr'>diu</span> <span class='ocrx_word' id='word_1_637' title='bbox 1345 5597 1702 5657; x_wconf 64' lang='lat' dir='ltr'>inhmremus</span> <span class='ocrx_word' id='word_1_638' title='bbox 1734 5612 1919 5672; x_wconf 89' lang='lat' dir='ltr'>quan-</span> 
     </span>
    </p>
   </div>
  </div>
