4118 6188
424 293 558 371 3135

1450 292 1789 356 OTHLONI
1835 285 2188 351 MONACHI
2235 286 2300 345 S.
2347 277 2836 343 EMMERAMMI

3707 248 3848 329 13‘s

442 458 672 508 novem,
704 439 919 510 quique
940 438 1061 489 tam
1091 430 1328 504 angelos
1360 444 1536 501 quam
1567 425 1835 482 homines
1869 420 2083 493 angeli-
2112 420 2167 485 Α
2267 418 2416 472 Sunt
2445 413 2619 469 etiam
2651 415 2768 466 tres
2798 408 3062 474 virtutes,
3095 405 3152 460 id
3184 407 3273 459 est
3314 403 3480 470 ﬁdes,
3514 415 3670 472 spes,
3705 399 3847 454 eba-

443 550 571 589 cam
597 531 776 585 vitam
811 527 1120 596 sequentes
1149 519 1470 594 signiﬁcat;
1491 517 1605 572 alia
1626 517 1685 569 in
1719 509 2083 581 senario,qui

443 636 672 696 quoque
702 623 759 672 et
789 614 1128 670 dualitatem
1159 614 1215 667 et
1244 608 1567 664 trinitatem
1596 601 1892 675 recipit,in
1925 599 2083 654 vitiis

443 687 542 766 diu
565 709 849 779 jacentes,
883 703 983 758 sed
1014 701 1249 756 tandem
1283 711 1589 752 conversos
1615 712 1627 760 ;
1663 691 1835 746 tertia
1856 687 2082 744 binario

442 777 688 868 aliis—que
719 793 983 849 numeris
1014 789 1357 845 dualitatem
1387 789 1617 840 tantum
1644 777 2081 851 recipientibus,

440 905 542 960 per
573 901 718 957 quos
748 884 807 938 in
842 881 993 937 malo
1029 880 1460 952 perseverantes
1493 871 1918 944 significantur.

513 955 661 1032 Sunt
705 973 881 1028 etiam
929 970 1040 1024 tria
1079 983 1290 1040 genera
1319 963 1740 1037 oppositorum,
1775 959 1834 1012 in
1868 955 2084 1028 quibus

441 1070 661 1138 quanta
690 1058 1092 1118 misericordia
1137 1054 1366 1111 Domini
1399 1053 1475 1107 sit
1504 1051 1561 1105 in
1611 1047 1880 1104 homines
1935 1043 2087 1098 valet

441 1155 583 1212 satis
613 1152 871 1226 agnosci.
897 1151 1152 1213 Quorum
1187 1144 1407 1200 scilicet
1435 1157 1619 1196 unum
1653 1139 1711 1192 in
1742 1134 1972 1191 diabolo
1992 1148 2085 1188 so-

441 1244 662 1314 ciisque
689 1242 815 1312 ejus
848 1236 1026 1294 semel
1058 1233 1430 1307 peccantibus
1491 1236 1546 1284 et
1599 1232 1797 1283 tamen
1858 1238 2087 1292 semper

445 1333 739 1389 damnatis
769 1325 1238 1394 consistit;aliud
1261 1339 1392 1377 vero
1414 1321 1474 1374 in
1505 1316 1847 1373 hominibus
1869 1311 2084 1383 quibus

445 1427 545 1479 aut
576 1419 741 1475 nulla
771 1417 977 1473 salutis
1007 1419 1234 1469 aeterna:
1265 1408 1515 1482 cognitio
1543 1407 1678 1460 data
1718 1407 1824 1472 est,
1868 1400 1953 1455 vel
1988 1398 2085 1470 qui

447 1512 697 1567 scientes
746 1525 860 1562 non
911 1506 991 1560 ita
1028 1521 1060 1558 a
1090 1501 1330 1556 Domino
1365 1497 1734 1568 corriguntur
1765 1496 1828 1546 ut
1859 1489 2086 1544 veniam

445 1603 815 1657 mereantur:
849 1595 1082 1650 tertium
1118 1595 1208 1647 est
1237 1590 1295 1644 in
1318 1585 1603 1659 jumentis
1654 1582 1869 1653 quibus
1928 1577 2090 1633 nulla

446 1687 747 1746 rationalis
778 1683 1022 1740 scientia
1051 1682 1186 1735 data
1205 1685 1292 1734 est
1315 1677 1464 1731 sicut
1485 1673 1674 1729 nobis.
1692 1671 1750 1724 Si
1772 1669 1953 1741 igitur
1967 1668 2089 1721 haec

445 1780 556 1834 tria
586 1775 938 1849 opponimus
961 1769 1147 1836 nobis,
1180 1767 1279 1838 qui
1311 1765 1446 1819 licet
1472 1761 1729 1834 quotidie
1760 1773 2085 1830 peccemus,

447 1845 852 1923 venia—tamen
903 1858 1070 1914 nobis
1119 1862 1205 1911 est
1248 1852 1576 1925 promissa;
1611 1850 1658 1904 si
1692 1845 2090 1919 pmnitentiam

447 1971 713 2027 agamus,
735 1957 872 2006 tunc
903 1948 1109 2003 merito
1133 1945 1393 1999 dicemus
1419 1939 1694 2011 quoniam
1721 1933 2093 1991 misericordia

449 2045 667 2099 Domini
695 2043 856 2112 plena
883 2043 960 2093 est
991 2045 1136 2092 terra
1170 2033 1336 2102 (Psat.
1369 2034 1564 2096 xxxn).

517 2133 659 2188 Item
691 2132 805 2185 tria
834 2130 1179 2199 argumenta
1209 2120 1604 2185 inveniuntur,
1633 2117 1686 2170 in
1712 2115 1926 2185 quibus
1949 2128 2089 2166 cun-

446 2228 539 2278 cta
569 2221 667 2276 Dei
700 2217 948 2291 ﬂagella,
984 2215 1042 2269 in
1075 2213 1180 2268 hoc
1219 2208 1427 2267 saculo
1469 2209 1640 2272 facta,
1671 2206 1825 2259 bona
1883 2207 1939 2256 et
1995 2201 2091 2271 pia

443 2329 573 2369 esse
602 2310 942 2382 probantur.
979 2305 1170 2359 Unum
1203 2299 1441 2373 quidem
1474 2301 1563 2351 est
1592 2295 1651 2350 in
1680 2294 1773 2348 his
1804 2291 1902 2364 qui
1953 2292 2088 2344 mit-

441 2380 652 2458 tuntur
680 2400 749 2453 ad
783 2395 1042 2451 scholam
1076 2391 1162 2446 vel
1193 2390 1263 2444 ad
1295 2387 1618 2459 quamlibet
1647 2387 1831 2438 artem
1862 2380 2089 2434 discen-

445 2493 602 2556 dam,
633 2503 808 2559 quam
838 2499 1008 2538 nemo
1040 2481 1166 2536 sine
1193 2476 1437 2549 ﬂagellis
1467 2475 1691 2528 discere
1715 2470 1905 2535 valet;
1930 2466 2088 2521 aliud
2142 2513 2146 2518 .

444 2584 534 2634 est
572 2555 754 2631 in—his
787 2573 1000 2644 quibus
1033 2585 1134 2640 pro
1166 2565 1504 2622 inﬁrmitate
1527 2560 1858 2632 superanda
1877 2555 2088 2612 amari-

444 2667 588 2722 tudo
618 2662 919 2719 medicinae
951 2658 1259 2715 exhibetur
1289 2668 1536 2724 magna;
1569 2649 1809 2704 tertium
1836 2662 1968 2701 vero
2001 2648 2090 2699 est

444 2758 503 2811 in
536 2755 627 2809 his
659 2753 759 2824 qui
792 2752 863 2806 ad
895 2753 1119 2804 tantam
1144 2743 1455 2801 stultitiam
1481 2738 1972 2813 prorumpunt,ut
1997 2749 2090 2788 ne-

443 2849 660 2918 queant
678 2823 858 2897 aliter
888 2839 957 2894 ad
988 2837 1182 2892 debita
1203 2836 1342 2904 jura
1370 2830 1542 2887 subdi
1568 2828 1680 2883 nisi
1701 2825 1874 2880 variis
1899 2823 2088 2878 modis

440 2913 659 2991 fuerint
692 2929 912 2986 afﬂicti.
947 2922 1298 2995 Hujusmodi
1331 2921 1509 2993 igitur
1539 2916 1769 2988 ﬂagella
1799 2930 1930 2970 cum
1964 2913 2087 2968 fue-

440 3024 557 3077 rint
590 3023 660 3077 ab
693 3018 1030 3075 hominibus
1061 3018 1243 3086 gesta,
1278 3027 1448 3066 nemo
1489 3007 1808 3080 peritorum
1850 3002 2085 3072 culpare

442 3110 590 3166 solet
621 3109 739 3164 illa.
774 3107 936 3162 Unde
967 3109 1022 3160 et
1051 3103 1245 3158 divina
1273 3099 1496 3170 ﬂagella
1527 3100 1686 3151 tanto
1719 3094 1917 3148 minus
1949 3095 2087 3146 sunt

443 3199 753 3272 culpanda,
774 3199 990 3266 quanto
1024 3192 1210 3263 magis
1242 3167 1395 3244 Deus
1417 3191 1504 3242 est
1534 3181 1904 3252 bonus;quia
1933 3180 2084 3235 sicut
2115 3167 2156 3232 C

445 3287 729 3358 scriptum
762 3288 850 3339 est
882 3299 894 3336 :
930 3283 1094 3337 Nemo
1128 3280 1317 3347 bonus,
1349 3277 1466 3330 nisi
1493 3275 1638 3329 solus
1677 3273 1834 3326 Deus.

516 3377 661 3429 Sunt
691 3378 747 3429 et
776 3372 888 3426 tria
908 3375 1192 3440 tempora,
1228 3367 1284 3420 id
1319 3369 1404 3420 est
1436 3361 2088 3436 prieteritum,przesens

444 3469 501 3520 et
521 3460 895 3519 futurumzin
929 3459 1142 3530 quibus
1173 3471 1344 3512 omne
1375 3453 1529 3525 quod
1564 3451 1691 3518 fuit,
1709 3455 1765 3505 et
1785 3447 2091 3519 est,quod-

447 3570 560 3626 que
590 3553 706 3620 fiet,
736 3551 1017 3606 retinetur
1047 3547 1217 3618 quasi
1246 3543 1574 3599 collectum.

519 3641 733 3696 Tribus
781 3652 1013 3708 quoque
1061 3634 1249 3689 modis
1294 3634 1442 3686 Deus
1490 3630 1561 3684 ad
1608 3645 1714 3682 nos
1743 3625 2003 3696 loquitur
2034 3624 2090 3677 in

449 3729 752 3800 Scriptura
781 3743 965 3788 sacra,
1001 3720 1435 3794 pronuntiando
1485 3716 1771 3780 videlicet,
1804 3719 1861 3769 et
1891 3715 2091 3768 admo-

451 3819 660 3885 nendo,
686 3821 859 3888 atque
885 3812 1261 3882 increpando.
1282 3808 1529 3863 lbienim
1549 3803 1961 3878 pronuntiatur
1974 3818 2094 3856 om-

449 3908 643 3974 nibus,
677 3922 803 3978 quae
828 3905 978 3959 bona
997 3901 1086 3956 vel
1113 3898 1266 3954 mala
1289 3897 1428 3966 sint,
1452 3900 1508 3950 et
1543 3911 1669 3966 quae
1699 3891 1884 3965 gloria
1914 3892 2092 3946 bono-

449 4013 581 4051 rum
599 3995 684 4050 vel
711 4010 879 4066 [noenu
903 3990 1194 4045 malorum
1217 3986 1470 4058 reposita
1483 3985 1558 4040 sit
1582 3985 1636 4038 in
1654 3984 1846 4037 futuro
1862 3979 2091 4035 saeculo.

451 4085 522 4139 Ut
552 4084 610 4138 in
645 4080 954 4153 Evangelio
981 4096 993 4134 :
1019 4080 1125 4146 Qui
1152 4076 1474 4142 crediderit,
1495 4082 1545 4129 et
1566 4073 1875 4144 baptizatus
1902 4069 2092 4140 fuerit,

449 4174 638 4228 salvus
667 4173 774 4226 erit
793 4187 812 4231 ;
840 4171 935 4240 qui
953 4172 1138 4222 autem
1158 4184 1266 4221 non
1295 4163 1602 4229 crediderit,
1618 4159 2093 4216 condemnabilur.

451 4265 518 4316 Et
556 4261 614 4315 in
664 4259 889 4332 psalmo
923 4274 935 4313 :
971 4256 1207 4311 Custodit
1254 4255 1521 4308 Dominus
1568 4266 1754 4306 omnes
1809 4248 2098 4317 diligentes

450 4366 524 4418 se,
558 4353 610 4404 et
645 4364 828 4404 omnes
855 4349 1160 4418 peccatores
1215 4342 1506 4416 disperdet.
1544 4339 1626 4395 lbi
1675 4338 1851 4393 etiam
1896 4351 2099 4390 omnes

451 4439 842 4494 admonentur
875 4441 938 4491 ut
965 4435 1192 4506 fugiant
1221 4450 1254 4487 a
1288 4433 1458 4495 malo,
1484 4429 1813 4498 faciantque
1855 4426 2096 4481 bonum.

453 4527 524 4584 Ut
581 4527 642 4582 in
698 4524 1005 4598 Evangelio
1040 4540 1052 4578 :
1095 4523 1322 4592 Vigilatc
1379 4521 1532 4574 omni
1561 4522 1818 4587 tempore,
1853 4523 1915 4569 ut
1944 4514 2102 4582 digni
2129 4539 2177 4603 D

450 4619 768 4673 habeamini
793 4618 986 4688 fugere
1015 4628 1139 4684 qua?
1171 4621 1396 4668 ventura
1425 4617 1568 4664 sunt.
1591 4607 1660 4660 Et
1691 4607 1749 4660 in
1781 4603 2095 4676 propheta:

452 4709 698 4776 Quaerite
731 4707 1039 4769 Dominum,
1071 4703 1204 4758 dum
1235 4699 1477 4757 inveniri
1520 4698 1709 4768 potest,
1742 4700 1850 4749 etc.
1887 4694 2098 4749 Eodem

455 4798 626 4851 modo
659 4796 1033 4866 increpantur
1056 4793 1136 4847 ibi
1159 4807 1362 4847 omnes
1384 4792 1716 4861 peccatores
1738 4784 1916 4839 curin
1944 4799 2100 4838 man-

455 4885 608 4940 datis
639 4883 866 4939 Domini
890 4884 1005 4937 sint
1027 4881 1203 4936 nimis
1226 4879 1604 4950 negligentes.
1621 4877 1800 4945 Cujus
1818 4873 2097 4928 nimirum

455 4971 869 5044 increpationis
897 4974 1072 5024 verba
1101 4971 1476 5040 proferuntur
1505 4967 1618 5020 ita:
1655 4966 1717 5021 Ut
1748 4964 1877 5035 quid
1905 4964 2098 5033 diligi-

457 5065 526 5119 tis
556 5064 874 5127 vanitatem,
906 5065 959 5115 et
989 5060 1238 5128 (λαῶν-ἄεις
1293 5057 1684 5112 mendacium?
1715 5055 1783 5109 Et
1837 5052 2048 5109 iterum
2083 5069 2096 5107 :

461 5155 632 5225 Usque
647 5150 914 5224 judicatis
946 5149 1320 5219 iniquitatem,
1352 5156 1400 5201 el
1431 5147 1600 5214 facies
1629 5153 1970 5215 peccatorum
2007 5158 2099 5195 su-

454 5245 606 5299 mitis
630 5245 657 5296 ?
684 5239 924 5296 Talibus
950 5242 1144 5294 autem
1182 5235 1492 5293 verborum
1530 5234 1719 5288 modis
1760 5233 1887 5288 ideo
1947 5247 2102 5286 nunc

457 5331 642 5387 utitur
660 5331 836 5396 Deus,
853 5332 918 5383 ut
939 5331 1072 5400 post
1101 5325 1250 5380 hanc
1278 5325 1455 5378 vitam
1491 5338 1658 5378 nemo
1682 5323 1868 5395 possit
1890 5321 2102 5378 habere

452 5419 886 5479 excusationem
917 5415 1176 5488 aliquam
1209 5412 1574 5486 ignorantiae.

2191 506 2333 562 ritas
2359 522 2370 558 :
2407 505 2465 558 in
2492 502 2708 574 quibus
2739 498 2932 555 omnis
2964 492 3286 569 spiritualis
3316 492 3435 547 vita
3465 497 3522 546 et
3553 488 3847 561 incipit,et

2193 595 2446 650 maxime
2503 592 2573 647 ad
2633 588 3049 662 perfectionem
3107 581 3311 640 tendit.
3359 586 3468 636 Per
3497 579 3847 636 charitatem

2192 685 2348 741 enim
2382 698 2551 737 omne
2581 681 2803 736 bonum
2838 675 3154 748 perﬁcitur.

2265 792 2392 847 Haec
2425 790 2604 862 igitur
2634 805 2700 842 ac
2729 786 2822 841 his
2854 783 3075 840 similia
3097 779 3418 853 spiritualis
3449 775 3844 849 intelligentia

2194 881 2368 950 dicta,
2405 897 2531 951 quae
2561 878 2620 932 in
2653 876 2818 930 libris
2861 874 3006 928 meis
3049 869 3293 926 inveniri
3325 871 3574 941 possunt
3604 865 3844 938 scripta,

2195 975 2250 1026 et
2281 968 2626 1039 investigare
2657 971 2712 1021 et
2742 964 2994 1020 scribere
3026 958 3245 1025 studui,
3280 974 3414 1013 cum
3447 955 3663 1011 multos
3697 949 3847 1028 pru-

2195 1060 2402 1114 dentiae
2422 1057 2795 1114 saecularibus
2822 1057 3111 1109 amatores
3129 1064 3427 1106 cernerem
3452 1049 3766 1118 occupatos
3787 1046 3846 1099 in

2193 1150 2414 1221 spherm
2445 1153 2500 1203 et
2531 1143 2816 1218 horologii
2848 1147 2903 1198 et
2934 1137 3234 1197 astrolabii
3262 1137 3481 1207 labore,
3506 1151 3610 1191 nec
3637 1151 3753 1190 non
3785 1134 3845 1188 in

2193 1238 2354 1294 varia
2375 1237 2677 1293 stellarum
2700 1231 3210 1303 contemplatione.
3239 1229 3374 1294 Quae
3399 1224 3622 1281 scilicet
3643 1240 3850 1296 quam-

2192 1327 2279 1382 vis
2311 1332 2366 1382 et
2394 1342 2498 1398 ego
2559 1325 2748 1380 dicere
2807 1337 3060 1395 possem,
3122 1335 3224 1390 pro
3271 1333 3336 1372 eo
3366 1319 3563 1370 tamen
3596 1315 3753 1386 quod
3784 1314 3845 1369 in

2196 1415 2310 1470 illis
2342 1407 2673 1470 laborantes
2706 1411 2930 1484 inspexi
2963 1409 3207 1464 deficere
3229 1407 3284 1462 in
3306 1405 3398 1460 via
3429 1405 3548 1476 Dei,
3582 1403 3639 1458 id
3671 1407 3762 1459 est
3787 1404 3846 1458 in

2197 1504 2506 1560 dilectione
2529 1503 2629 1558 Dei
2648 1506 2705 1557 et
2735 1499 3002 1574 proximi,
3024 1499 3078 1553 in
3113 1495 3444 1552 humilitate
3467 1492 3715 1565 aliisque
3734 1493 3850 1549 vir-

2196 1592 2443 1658 tutibus,
2478 1591 2743 1647 animum
2777 1606 2971 1646 meum
3003 1587 3075 1643 ab
3109 1586 3192 1641 eis
3222 1584 3422 1640 averti.

2268 1703 2338 1756 Et
2370 1706 2434 1756 ut
2467 1700 2575 1755 hoc
2606 1697 2816 1754 melius
2839 1696 3109 1752 credatur
3133 1693 3286 1765 quod
3311 1693 3380 1747 de
3401 1690 3722 1764 prudentiae
3741 1708 3849 1746 sa-

2121 1799 2166 1862 B
2199 1790 2414 1846 cularis
2447 1787 2806 1844 amatoribus
2829 1787 2955 1857 jam
2980 1784 3118 1849 dixi,
3145 1781 3478 1854 exemplum
3500 1781 3750 1836 referam
3777 1781 3847 1836 dc

2202 1881 2455 1952 quodam
2481 1878 2717 1932 homine
2739 1893 2854 1948 prae
2877 1873 3078 1929 multis
3101 1871 3474 1945 prudentiam
3507 1868 3845 1925 saecularem

2202 1973 2503 2040 sequente,
2528 1965 2792 2037 mihique
2809 1962 3140 2018 notissimo.
3155 1966 3320 2016 Hunc
3334 1959 3733 2030 namquelicet
3745 1975 3849 2031 per

2205 2056 2420 2113 multos
2449 2072 2634 2111 annos
2667 2052 2964 2108 docuerim
2995 2052 3142 2106 bene
3173 2050 3445 2120 scribere,
3499 2052 3651 2104 recte
3673 2050 3846 2120 juxta

2200 2145 2642 2218 grammaticam
2658 2143 2866 2215 legere,
2883 2142 2990 2196 rite
3004 2141 3027 2212 j
3041 2139 3368 2195 uxtaBoetii
3383 2137 3845 2194 monochordum

2199 2234 2467 2306 psallere,
2484 2232 3070 2305 sapissimequeeum
3091 2228 3418 2284 monuerim
3443 2242 3760 2301 praecavere
3776 2243 3848 2282 ne

2200 2342 2233 2379 a
2263 2323 2574 2396 prudentia
2607 2319 2870 2377 saeculari
2911 2319 3293 2391 deciperetur,
3317 2316 3453 2372 licet
3483 2315 3658 2372 etiam
3685 2320 3850 2373 tanta

2201 2413 2313 2468 sibi
2345 2412 2627 2468 beneficia
2654 2407 3042 2476 exhibuerim,
3074 2412 3138 2462 ut
3167 2411 3460 2479 nequeant
3491 2405 3656 2462 facile
3687 2422 3854 2462 enar-

2201 2502 2314 2556 rari
2342 2520 2355 2570 ;
2389 2501 2582 2556 inveni
2614 2504 2809 2555 tamen
2840 2499 2898 2553 in
2927 2513 2992 2552 eo
3016 2497 3310 2568 quoddam
3335 2512 3518 2568 genus
3547 2494 3851 2566 sapientiae

2191 2591 2354 2662 'quod
2386 2594 2441 2645 et
2500 2590 2659 2644 dictu
2715 2593 2771 2643 et
2814 2586 3018 2642 auditu
3049 2590 3277 2642 constat
3326 2583 3677 2641 miserabile.
3712 2584 3850 2639 Ideo

2200 2683 2396 2734 autem
2429 2679 2539 2734 hoc
2568 2695 2753 2752 genus
2786 2675 3082 2747 sapientiae
3113 2674 3360 2747 appello,
3392 2674 3530 2740 quia
3587 2672 3712 2745 ipse
3742 2689 3850 2745 pro

2199 2768 2488 2840 sapientia
2511 2767 2649 2823 fecit
2678 2772 2735 2823 et
2765 2766 2957 2844 adhuc
2990 2763 3146 2834 facit,
3178 2770 3243 2820 ut
3273 2763 3498 2820 scilicet
3527 2762 3674 2818 mihi
3722 2779 3849 2817 ma-

2196 2857 2320 2912 lum
2353 2875 2455 2929 pro
2490 2857 2639 2912 bono
2673 2857 2898 2912 reddat.

2268 2965 2584 3036 Postquam
2614 2964 2792 3036 igitur
2823 2965 2992 3021 illum
3041 2962 3308 3032 instruxi,
3361 2961 3515 3017 sicut
3570 2959 3848 3032 superius

2196 3055 2336 3120 dixi,
2371 3059 2507 3110 tunc
2567 3055 2709 3126 ipse,
2762 3056 2932 3125 juxta
2981 3054 3160 3109 ritum
3192 3051 3516 3124 prudentiae
3547 3049 3844 3106 saecularis

2195 3142 2404 3214 elatus,
2436 3161 2551 3200 non
2578 3143 2768 3199 solum
2799 3162 2865 3198 ea
2896 3161 3023 3215 quae
3055 3159 3159 3216 ego
3207 3141 3290 3196 illi
3323 3141 3393 3196 de
3422 3139 3722 3196 communi
3749 3155 3841 3194 re-

2195 3233 2333 3306 gula
2367 3232 2742 3288 monochordi
2767 3233 3047 3299 dixeram,
3083 3231 3184 3287 sed
3206 3230 3379 3286 etiam
3399 3229 3510 3285 hoc
3530 3229 3682 3301 quod
3708 3227 3805 3300 qui
3823 3258 3847 3268 -

2197 3323 2332 3376 dam
2386 3323 2585 3377 Patres
2640 3322 2947 3377 scribendo
3005 3321 3305 3393 proferunt
3355 3317 3727 3390 contempsit,
3785 3321 3848 3372 et

2200 3415 2465 3482 potenter
2493 3411 2552 3466 in
2584 3411 2946 3466 carminibus
2969 3411 3248 3482 antiquis,
3290 3408 3458 3464 aliter
3488 3424 3664 3480 quam
3697 3406 3849 3462 mihi

2201 3505 2422 3556 rectum
2450 3501 2740 3556 videretur
2760 3499 3112 3556 emendavit.
3146 3500 3309 3554 Tunc
3339 3514 3444 3570 ego
3475 3501 3690 3570 putans
3710 3511 3850 3552 eum

2201 3589 2421 3660 aliquid
2454 3590 2750 3645 reminisci
2807 3594 3088 3660 quantam
3136 3586 3557 3660 benignitatem
3615 3586 3853 3642 sibimet

2201 3678 2458 3744 exhibui,
2495 3679 2707 3749 saepius
2738 3678 2909 3736 illum
2939 3677 3218 3733 admonui
3250 3681 3370 3732 tam
3403 3675 3639 3748 scriptis
3670 3691 3850 3747 quam

2203 3767 2375 3822 dictis
2404 3773 2468 3822 ut
2498 3768 2794 3823 attendere
2827 3767 3164 3839 dignaretur
3207 3766 3344 3837 quia
3374 3782 3486 3821 non
3519 3763 3859 3820 conveniret

2204 3863 2324 3912 tam
2357 3855 2590 3912 insolita
2611 3855 2948 3927 etimperita
2986 3854 3336 3911 emendatio.
3360 3853 3562 3924 Atille,
3582 3853 3851 3909 admoni-

2205 3945 2380 4000 tionis
2412 3960 2551 4000 meae
2581 3944 2756 3999 verba
2786 3961 2887 4014 pro
2920 3944 3102 3999 nihilo
3133 3944 3446 4016 deputans,
3468 3944 3529 3997 in
3562 3942 3856 3998 sententia

2206 4051 2315 4089 sua
2344 4033 2683 4105 permansit.
2717 4032 2978 4104 Cumque
3004 4048 3182 4103 super
3211 4031 3319 4087 hac
3351 4049 3411 4088 re
3433 4047 3742 4104 quaererer,
3769 4030 3859 4086 si-

2207 4123 2382 4195 bique
2438 4122 2674 4194 querela
2731 4138 2859 4178 mea
2886 4139 2919 4177 a
2963 4121 3316 4188 quibusdam
3349 4120 3472 4176 suis
3503 4126 3676 4190 atque
3707 4119 3860 4175 meis

2208 4213 2414 4267 amicis
2473 4210 2816 4266 denuntiata
2874 4210 3080 4266 fuisset
3138 4210 3487 4282 loquebatur
3535 4210 3616 4264 ita
3660 4210 3734 4263 de
3763 4225 3861 4265 me

2209 4302 2376 4372 quasi
2410 4300 2660 4356 nesciret
2689 4300 2823 4372 quis
2853 4317 3064 4369 essem,
3088 4299 3176 4354 vel
3202 4299 3340 4371 quid
3363 4297 3860 4354 vellem.Tantam

2209 4389 2812 4462 igiturnegligentiam
2834 4388 3339 4460 aprudentissimo
3359 4387 3545 4443 amico
3572 4404 3698 4442 meo
3714 4386 3864 4442 mihi

2212 4481 2425 4534 factam
2448 4480 2577 4534 ideo
2591 4479 2683 4533 hic
2705 4479 3062 4550 patefaci,ut,
3080 4479 3250 4549 juxta
3272 4478 3380 4533 hoc
3398 4470 3553 4549 quod
3577 4475 3867 4532 Dominus

2208 4569 2266 4624 in
2318 4567 2622 4641 Evangelio
2662 4568 2956 4638 admonet,
2995 4567 3232 4622 dicens:
3291 4566 3351 4621 Si
3391 4567 3692 4637 peccaverit
3724 4566 3784 4619 in
3813 4567 3870 4619 te

2206 4661 2381 4729 frater
2410 4666 2552 4726 tuus,
2583 4657 2717 4712 vade
2745 4661 2794 4711 et
2824 4656 3035 4727 corripe
3065 4670 3192 4711 eum
3223 4657 3368 4710 inter
3388 4655 3625 4727 teipsum
3645 4653 3823 4710 solum
3843 4669 3868 4714 ,-

2210 4764 2396 4819 usque
2425 4748 2475 4802 si
2505 4748 2801 4802 Ecclesium
2831 4762 2936 4802 non
2969 4745 3233 4812 audierit,
3276 4746 3351 4800 sit
3378 4745 3480 4800 tibi
3509 4746 3651 4800 sicut
3677 4743 3869 4799 ethni-

2208 4854 2300 4892 cus
2329 4845 2378 4893 et
2401 4837 2750 4908 publicanus,
2798 4852 2903 4908 ego
2933 4836 3107 4892 etiam
3140 4834 3404 4890 Ecclesiae
3435 4834 3689 4890 dicerem
3721 4833 3869 4906 quid

2209 4943 2347 5000 erga
2376 4943 2470 4982 me
2525 4926 2759 4982 fecisset
2814 4926 2990 4980 frater
3045 4941 3233 4991 meus,
3297 4922 3866 4995 ipsaquejudicaret

2211 5015 2348 5088 quid
2381 5015 2533 5070 inter
2564 5032 2667 5070 nos
2725 5014 3018 5086 agendum
3051 5015 3214 5069 foret.
3275 5013 3420 5068 Nam
3476 5012 3630 5084 quod
3665 5012 3737 5066 de
3767 5026 3872 5066 se-

2211 5111 2365 5160 creta
2397 5103 2792 5160 admonitione
2825 5103 3153 5182 faciendum
3179 5107 3534 5176 praeceptum
3569 5106 3658 5157 est
3687 5118 3722 5157 a
3751 5100 3870 5156 Do-

2211 5196 2391 5261 mino,
2427 5193 2568 5248 satis
2600 5210 2693 5247 me
2723 5193 2927 5247 fecisse
2958 5209 3146 5265 spero.

2281 5300 2526 5357 Praemia
2555 5301 2640 5356 fer
2669 5301 2847 5372 digna
2878 5299 3200 5372 scriptoris,
3233 5300 3395 5373 virgo
3427 5300 3720 5373 benigna;

2279 5409 2647 5466 Airammum
2670 5424 2957 5481 cognosce
2999 5412 3190 5478 tuum,
3224 5407 3454 5464 veniam
3486 5405 3599 5463 sibi
3632 5419 3831 5479 posce.
