4118 6188
263 266 386 327 137

1526 271 1909 333 EPISTOLA
1950 271 2053 342 AD
2098 272 2431 338 AMICUM.

3569 239 3761 361 ηδ’

1238 433 3685 465 —-————————————_—

967 636 2123 750 vnnnnamus
2169 595 2174 600 ’
2217 639 2990 760 omanem

1480 861 1806 920 MONACHI
1843 862 2477 920 EMMERAMMENSIS

1457 988 1462 992 ’
1585 987 2390 1189 EPISTOLA

477 1313 631 1424 DE
697 1309 1508 1430 PEBMISSIONIS
1573 1313 2124 1427 BONOBUM
2191 1316 2334 1426 ET
2399 1313 2970 1428 MALORUM
3037 1316 3468 1436 CAUSIS.

786 1542 874 1596 Ex
901 1538 1017 1609 cod.
1052 1555 1150 1593 ms.
1183 1538 1381 1609 inclyti
1405 1540 1733 1596 monasterii
1761 1540 1816 1593 S.
1842 1539 2245 1616 Emmeranimi
2266 1540 2559 1616 natisbon.
2594 1542 2656 1595 in
2686 1541 2865 1599 lucem
2908 1551 3189 1616 protracta

1659 1627 1694 1666 a
1733 1617 1795 1667 P.
1830 1610 2108 1668 Bernardo
2138 1613 2322 1668 Pem'o.

1316 1787 1645 1858 (Thesaurue
1673 1788 1934 1848 Anecdot.
1965 1789 2166 1846 novies.
2199 1789 2301 1860 ΙΙΙ,
2334 1806 2400 1860 n,
2431 1806 2487 1862 p.
2517 1790 2674 1862 251.)

1874 2103 2140 2161 INCIPIT

755 2373 762 2378 ,
856 2275 1407 2367 EPISTOLA
1466 2279 2004 2368 OTHLONI
2064 2278 2210 2370 AD
2271 2278 2722 2373 AMICUM
2777 2281 3148 2380 SUUM.

1181 2484 1292 2540 Cur
1319 2482 1461 2538 Deus
1486 2481 1625 2538 bona
1653 2489 1707 2538 et
1733 2483 1881 2539 mala
1912 2483 2225 2541 hominibus
2251 2485 2506 2542 accedere
2529 2486 2837 2558 permittat.

367 2789 657 2854 Quoniam
675 2786 834 2846 tetati
857 2803 997 2844 mete
1028 2788 1460 2860 advesperascit
1477 2792 1534 2844 et
1557 2786 1837 2844 inclinata
1863 2791 1953 2844 est
1979 2787 2036 2853 Α
2065 2787 2236 2858 (Psal.
2267 2803 2442 2858 χχχιι,
2471 2789 2528 2859 5)
2573 2788 2970 2846 misericordia
3025 2789 3257 2848 Domini
3304 2793 3536 2866 plenam
3585 2809 3714 2851 esse

283 2882 416 2951 jam
449 2878 598 2947 dies,
633 2893 808 2949 quam
839 2877 899 2934 in
927 2876 1223 2934 scribendi
1254 2883 1430 2950 atque
1459 2877 1718 2934 dictandi
1745 2875 1950 2932 notitia

287 2986 368 3026 ex
395 2968 500 3026 Dei
529 2966 720 3039 gratia
751 2966 1048 3038 quondam
1078 2965 1280 3038 habui,
1305 2983 1531 3038 nequeo
1563 2966 1708 3039 proh
1741 2964 1904 3021 dolor
1934 2964 1946 3018 ι

298 3057 444 3114 talia
474 3056 652 3112 modo
702 3055 957 3126 proferre
996 3056 1194 3122 verba,
1227 3073 1354 3127 quae
1395 3055 1481 3112 vel
1512 3055 1830 3128 sapientiae,
1862 3052 1950 3109 vel

299 3146 572 3219 dignitati
603 3148 806 3202 vestrae
846 3144 968 3202 sint
996 3160 1271 3218 congrua.
1303 3145 1716 3202 Verumtamen
1753 3161 1855 3217 pro
1883 3159 1950 3198 eo

299 3237 457 3308 quod
506 3235 765 3298 charitas
795 3238 987 3296 vestra
1034 3234 1335 3292 humiliter
1379 3235 1622 3307 appetiit
1651 3232 1952 3306 parvitatis

296 3343 441 3388 meae
469 3325 718 3397 litteras,
766 3325 1072 3400 aggredior
1119 3324 1490 3396 aliquomodo
1531 3323 1697 3380 vobis
1728 3337 1952 3394 parere,

294 3415 572 3472 eamdem
601 3413 868 3470 videlicet
887 3413 1232 3473 charitatem
1259 3413 1503 3486 cupiens
1525 3412 1793 3468 exhibere
1823 3411 1956 3466 obe-

295 3505 728 3574 diendo,quam
749 3507 804 3558 et
830 3519 932 3558 vos
962 3502 1312 3558 exhibuistis
1333 3503 1603 3574 petendo.
1625 3501 1772 3564 Quid
1797 3500 1954 3555 enim

283 3591 548 3649 dulcius
577 3591 664 3648 vel
689 3590 1066 3647 delectabilus
1096 3607 1224 3647 esse
1252 3591 1404 3647 valet
1421 3590 1870 3660 charitate,quae
1897 3589 1957 3643 in

296 3685 542 3738 tantum
577 3679 936 3750 laudatur,ut
955 3681 1079 3752 ipse
1100 3680 1255 3737 Deus
1275 3680 1533 3736 charitas
1551 3696 1680 3735 esse
1701 3677 1960 3734 dicatur?

305 3769 888 3842 (IJoan.Iv,16.)Unde
907 3786 1112 3842 precor
1123 3769 1349 3841 placeat
1367 3769 1534 3828 vobis
1551 3771 1957 3840 me,quantum

306 3858 634 3931 possim,de
655 3857 938 3914 charitate
959 3858 1161 3913 eadem
1183 3856 1277 3912 hic
1292 3854 1962 3928 loqui,etjuxtaPsa1mi-

309 3953 464 4004 stam
498 3966 511 4003 :
544 3947 890 4018 Magniﬁcate
936 3947 1229 4002 Dominum
1283 3961 1512 4014 mecum,
1557 3950 1609 4000 et
1652 3945 1961 4006 exaltemus

306 4052 513 4094 nomen
539 4038 658 4107 ejus
687 4036 747 4090 in
776 4035 1020 4107 idipsum
1051 4035 1218 4105 (Psal.
1255 4035 1536 4106 xxxm,4).
1561 4033 1964 4105 Meritoigitur

2057 2891 2371 2948 agnoscere
2394 2875 2716 2932 valeamus.

2129 2969 2290 3020 Bona
2335 2964 2519 3036 igitur
2567 2965 2838 3038 quislibet
2885 2974 3185 3041 nequeunt
3241 2969 3409 3028 aliter
3456 2989 3491 3028 a
3542 2972 3710 3030 nobis

2060 3069 2303 3125 prorsus
2334 3054 2573 3126 agnosci
2605 3055 2716 3112 nisi
2748 3072 2853 3128 per
2881 3059 3174 3116 contraria
3203 3064 3260 3115 et
3292 3061 3560 3134 opposita
3589 3059 3702 3117 sibi

2059 3141 2236 3197 mala.
2269 3142 2329 3198 Si
2361 3143 2517 3198 enim
2567 3143 2748 3211 dives,
2781 3145 2870 3200 vel
2902 3164 3082 3204 sanus
3112 3150 3368 3206 existens
3399 3167 3703 3222 nunquam

2061 3234 2118 3286 te
2149 3231 2345 3302 inopia
2394 3231 2482 3287 vel
2530 3232 2868 3289 infirmitate
2916 3236 3113 3307 aliqua
3149 3237 3402 3310 opprimi
3431 3237 3703 3307 verearis,

2063 3320 2305 3374 minime
2336 3320 2609 3387 attendis,
2643 3327 2929 3392 quantum
2977 3324 3197 3380 bonum
3240 3325 3360 3379 sint
3406 3325 3620 3380 divitiae
3651 3329 3709 3380 et

2063 3407 2420 3476 sanitas,nec
2454 3410 2566 3464 Deo
2589 3410 2806 3481 gratias
2838 3427 3007 3482 agere
3035 3430 3140 3484 pro
3170 3413 3510 3483 hujusmodi
3540 3413 3710 3470 donis

2065 3497 2291 3552 studes.
2343 3498 2402 3552 Si
2445 3515 2580 3553 vero
2626 3497 2718 3554 his
2748 3499 3152 3557 infirmitatem
3192 3507 3712 3575 paupertatemque

2065 3585 2386 3642 multorum
2418 3603 2718 3659 opponens
2748 3589 2994 3660 gratiam
3023 3590 3200 3647 simul
3221 3596 3278 3648 et
3299 3583 3592 3664 judicium
3613 3583 3716 3648 Dei

2067 3676 2406 3746 attenderis,
2440 3677 2594 3732 dona
2648 3678 2906 3748 proiecto
2946 3678 3102 3735 illius
3134 3696 3446 3752 agnoscere
3477 3681 3714 3754 poteris.

2067 3766 2230 3821 Dona
2261 3764 2477 3837 quippe
2515 3766 2613 3821 Dei
2646 3783 2748 3837 per
2771 3767 2880 3824 hoc
2912 3768 3163 3824 maxime
3193 3769 3347 3826 dona
3375 3786 3503 3826 esse
3531 3787 3716 3843 agno-

2069 3859 2317 3909 scuntur
2348 3855 2504 3925 quod
2539 3855 2830 3911 interdum
2862 3858 3176 3930 auferetur,
3230 3859 3504 3930 quodque
3533 3875 3718 3931 oppo-

2071 3943 2316 4000 sitorum
2349 3942 2630 4014 qualitate
2662 3945 3131 4017 distinguuntur.
3191 3947 3354 4004 Unde
3385 3948 3530 4004 satis
3558 3952 3719 4021 patet

2070 4035 2190 4086 tam
2207 4031 2448 4087 adversa
2468 4048 2594 4103 quae
2617 4033 2896 4089 dicuntur
2916 4033 3274 4107 mala,quam
3299 4053 3577 4109 prospera
3589 4053 3715 4109 quae

311 4145 347 4183 a
374 4126 549 4182 nobis
581 4129 671 4181 est
700 4123 937 4180 omnino
967 4123 1552 4223 magniﬁcandusqui
1577 4139 1684 4228 nos
1705 4121 1864 4228 atad
1883 4120 1964 4228 si.-
1994 4163 2043 4228 B
2072 4118 2410 4228 dicijsolent
2441 4120 2616 4228 bona,
2648 4122 2847 4228 pietati
2893 4127 2954 4228 et
2983 4123 3252 4194 charitati
3299 4125 3504 4180 divinae
3535 4126 3717 4198 depu-

315 4214 712 4271 militudinem
734 4229 906 4270 suam
935 4212 1232 4281 creavit,et
1261 4211 1488 4268 cunctis
1521 4212 1694 4266 rebus
1724 4206 1966 4265 visibili-

318 4305 439 4359 bus
458 4302 922 4376 praeposuit.Non
950 4302 1146 4357 minus
1169 4302 1341 4357 etiam
1363 4305 1592 4356 constat
1611 4299 1966 4371 diligendus;

319 4391 474 4464 quia
494 4396 816 4464 postquam.
833 4391 892 4452 in
922 4390 1179 4458 hominis
1199 4389 1376 4462 primi
1393 4394 1559 4452 reatu
1580 4388 1968 4461 peccavimus,

319 4498 440 4537 non
475 4481 797 4537 secundum
847 4479 1170 4552 potentiam
1217 4495 1385 4534 suam
1419 4479 1744 4549 meritaque
1774 4481 1974 4533 nostra

320 4588 431 4627 nos
464 4570 784 4636 damnavit,
817 4570 917 4626 sed
953 4569 1276 4628 secundum
1304 4567 1571 4642 gratiam
1603 4584 1771 4623 suam
1805 4566 1975 4623 nobis

322 4661 493 4732 quasi
525 4664 693 4732 pater
721 4657 858 4714 filiis
888 4657 1204 4714 condolens
1233 4662 1584 4711 coaaternum
1621 4655 1733 4711 sibi
1767 4655 1974 4727 Unige-

323 4749 516 4805 nitum
551 4765 656 4821 pro
689 4747 1052 4820 reparatione
1082 4749 1282 4801 nostra
1303 4744 1696 4815 misit,utejus
1714 4743 1980 4799 doctrina

328 4838 643 4894 salutifera
670 4835 942 4892 instructi
974 4840 1031 4892 et
1078 4835 1477 4908 paenitentiam
1525 4850 1829 4907 ageremus
1878 4849 1980 4904 pro

329 4927 672 4983 commissis
721 4931 779 4981 et
826 4924 1249 4981 beatitudinem
1318 4939 1810 4996 consequeremur
1854 4922 1981 4977 vitae

327 5015 624 5088 perennis.
681 5014 782 5070 His
822 5014 1018 5086 itaque
1059 5031 1162 5086 pro
1205 5030 1271 5070 eo
1322 5013 1476 5086 quod
1507 5018 1648 5068 sunt
1676 5011 1986 5067 notissima

329 5103 570 5176 pietatis
599 5102 812 5167 divinae
840 5103 1120 5162 beneﬁcia
1147 5103 1401 5160 breviter
1432 5101 1694 5173 prolatis,
1718 5116 1874 5156 nunc
1897 5116 1987 5166 ea,

317 5210 469 5266 quae
483 5191 856 5264 aliquantum
878 5193 1217 5249 obscuriora
1239 5196 1298 5248 et
1315 5191 1670 5262 quibusdam
1690 5189 1991 5260 incognita

307 5286 494 5350 sunt,
527 5281 817 5354 prolixius
835 5297 1292 5339 commemorare
1316 5281 1457 5336 libet
1482 5297 1494 5334 :
1523 5280 1818 5352 quomodo
1839 5277 1991 5335 scili-

337 5377 422 5428 cet
453 5373 512 5428 in
541 5371 661 5442 his,
695 5387 828 5442 quin
856 5371 1131 5428 videntur
1160 5369 1318 5428 mala
1357 5374 1414 5426 et
1442 5368 1619 5426 saluti
1651 5374 1860 5425 nostra:
1893 5384 1990 5439 pe-

340 5459 849 5524 nituscontraria,
881 5459 1225 5516 cbaritatem
1249 5457 1711 5530 sapientiamque
1733 5456 1994 5512 divinam

2076 4209 2275 4277 tande,
2309 4213 2366 4264 et
2395 4226 2498 4280 pro
2529 4209 2623 4266 his
2653 4211 3018 4284 diligendum
3050 4230 3178 4279 esse
3203 4219 3412 4282 Deum,
3439 4215 3539 4286 qui
3569 4215 3724 4270 sicut

2079 4315 2182 4370 per
2194 4314 2472 4370 prospera
2485 4299 2882 4365 consolari,ita
2903 4317 3006 4372 per
3033 4303 3271 4359 adversa
3301 4303 3588 4378 corrigere
3619 4319 3726 4358 nos

2081 4387 2248 4443 solet.
2283 4387 2446 4443 Sicut
2465 4391 2522 4443 et
2550 4388 2787 4444 beatum
2820 4389 3062 4445 Paulum
3095 4391 3447 4462 apostolum,
3477 4408 3548 4447 ne
3577 4408 3640 4447 se
3668 4391 3731 4446 in

2079 4475 2676 4548 virtutibusplurimis
2689 4479 3730 4552 quashabuitextolleret,colaphizari

2085 4565 2353 4636 permisit
2380 4566 2451 4637 (II
2481 4567 2607 4623 Cor.
2627 4582 2740 4634 χιι,
2770 4566 2849 4637 7).
2883 4567 3146 4638 Denique
3175 4568 3359 4624 multo
3389 4567 3736 4622 clementius

2088 4655 2199 4708 fuit
2224 4654 2392 4709 illum
2419 4671 2521 4726 per
2557 4655 2800 4710 adversa
2827 4672 3174 4726 oppressum
3213 4655 3446 4722 salvari,
3474 4671 3652 4726 quam
3677 4655 3737 4710 in

2091 4743 2388 4815 prosperis
2414 4743 2853 4813 permissum,et
2870 4745 2941 4798 ob
2961 4743 3070 4798 hoc
3095 4743 3156 4798 in
3180 4743 3517 4816 superbiam
3549 4743 3744 4817 delap-

2095 4849 2226 4887 sum
2260 4848 2362 4902 pro
2396 4831 2639 4886 crimine
2669 4834 2830 4886 tanto
2873 4832 3162 4888 damnari.
3214 4832 3359 4888 Hinc
3405 4849 3541 4905 ergo
3573 4832 3746 4888 datur

2095 4919 2366 4991 intelligi,
2400 4917 2537 4991 quia
2566 4919 2884 4975 adversitas
2917 4937 3055 4992 qua,
3086 4925 3286 4976 tantus
3315 4923 3404 4978 vir
3432 4921 3613 4994 eguit,
3636 4920 3746 4976 ho-

2097 5009 2360 5064 minibus
2390 5007 2616 5063 cunctis
2641 5012 2726 5062 est
2759 5009 3109 5066 necessaria.
3146 5011 3308 5076 Quod
3342 5009 3624 5066 nimirum
3665 5009 3749 5065 ita

2097 5115 2224 5155 esse
2254 5096 2567 5152 Psalmista
2593 5096 3035 5169 intellexit,cum
3064 5099 3269 5171 suplex
3294 5099 3704 5166 oravit,dicens
3729 5114 3745 5153 :

2103 5189 2434 5257 Bonitotem,
2468 5189 2520 5242 et
2551 5185 2929 5258 disciplinam,
2964 5192 3014 5242 et
3043 5189 3329 5243 scientiam
3359 5187 3486 5242 doce
3509 5203 3617 5258 me,
3649 5186 3754 5241 Do-

2099 5279 2254 5333 mine
2284 5277 2461 5344 (Psal.
2486 5293 2681 5342 cxvm,
2717 5277 2828 5345 66).
2863 5277 2992 5348 Ipse
3021 5277 3235 5333 iterum
3275 5277 3535 5332 sentiens
3565 5291 3754 5348 quan-

2103 5372 2230 5423 tum
2261 5366 2373 5422 sibi
2405 5366 2722 5438 profuisset
2769 5366 3113 5436 hujusmodi
3162 5364 3494 5438 disciplina,
3536 5363 3752 5421 collau-

2112 5457 2260 5512 dans
2292 5460 2496 5524 Deum,
2529 5455 2676 5510 dixit
2708 5474 2721 5523 ;
2756 5457 2967 5511 Bonum
2988 5455 3132 5511 mihi
3157 5455 3546 5529 Domine,quia
3575 5447 3760 5513 humi-

340 5549 563 5618 inease,
593 5564 952 5618 omnemque
981 5553 1216 5618 terram,
1264 5553 1330 5604 ut
1369 5545 1677 5605 Psalmista
1727 5550 1998 5616 testatur,
2032 5531 2074 5598 C
2117 5544 2276 5606 liam
2303 5562 2390 5602 me
2419 5545 2608 5623 (Ibid,
2634 5545 2749 5622 71).

667 5676 930 5742 PATBOL.
975 5675 1233 5740 CXLVI.

3408 5674 3444 5745 ὅ
