4118 6188
466 354 581 416 139

1475 348 1819 411 0THLONI
1865 346 2217 410 MONACHI
2262 348 2328 409 s.
2374 344 2870 409 EMMERAMMI

3752 341 3871 405 140

539 486 639 543 Est
657 488 715 542 et
738 482 921 541 altera
939 481 1240 540 charitatis
1266 481 1471 539 divinaa
1501 500 1678 539 causa
1695 482 1756 538 in
1778 481 2109 538 diversitate
2138 485 2194 552 Α
2223 480 2314 537 nis
2345 480 2519 552 primi
2549 479 3080 552 praevaricationem
3113 478 3171 533 in
3196 494 3301 533 nos
3324 477 3542 533 factum
3573 476 3865 544 innuunt;

467 574 754 631 bonarum
784 570 1191 644 malarumque
1211 589 1405 629 rerum
1438 572 1615 628 nimis
1643 572 2116 644 pensanda.Quia
2223 587 2396 626 canes
2426 588 2557 626 vero
2587 575 2645 626 et
2674 588 2827 638 oves,
2860 574 3179 640 cateraque
3227 567 3503 623 animalia
3528 567 3868 623 hominibus

471 663 627 721 enim
658 662 883 719 homini
914 662 1165 718 liberum
1207 662 1515 718 arbitrium
1545 661 1732 734 gratia
1762 661 1957 719 divina
1977 678 2113 717 con-

469 752 624 823 tulit,
670 756 735 807 ut
779 752 1189 825 unusquisque
1234 754 1580 825 probaretur
1609 756 1806 807 utrum
1840 750 2008 807 bonis
2039 768 2110 806 an

2223 662 2293 715 ad
2326 660 2656 715 subsidium
2689 676 2981 728 concessa,
3001 659 3402 729 virtutumque
3424 657 3688 712 omnium
3722 673 3867 729 quas

2222 750 2544 822 accipimus
2595 750 2767 821 dona,
2818 749 3136 805 inﬂ‘abilem
3194 748 3400 803 divinae
3450 747 3706 819 pietatis,
3758 764 3867 803 nos

468 840 639 898 malis
671 840 847 897 rebus
877 844 1063 898 semet
1090 840 1393 913 implicare
1411 839 1603 908 vellet,
1638 855 1873 896 necesse
1904 844 2027 895 erat
2049 844 2114 895 ut
2212 840 2435 912 jugiter
2465 840 2833 911 procurantis
2860 838 3355 910 dispensationem
3382 837 3717 892 ostendunt.
3752 836 3870 892 Sic-

460 933 518 987 et
544 930 699 987 bona
727 934 785 987 et
831 930 986 986 mala
1034 946 1228 986 coram
1278 947 1344 986 eo
1374 933 1748 1002 ponerentur,
1789 929 1849 984 in
1894 929 2111 1000 quibus

460 1019 812 1093 sibimetipsi
833 1024 1007 1077 notus
1028 1020 1194 1076 ﬁeret
1216 1019 1796 1091 experimentumque
1814 1018 2109 1091 qualitatis

460 1126 579 1165 sua:
643 1125 867 1182 capere,
922 1112 979 1165 et
1030 1113 1095 1165 ut
1145 1109 1587 1181 querimoniam
1638 1107 1863 1165 nullam
1908 1111 2111 1163 contra

457 1202 641 1256 Deum
669 1198 883 1255 habere
912 1202 1113 1271 posset
1140 1197 1200 1253 in
1243 1198 1352 1254 hoc
1400 1198 1556 1270 quod
1588 1198 1733 1253 bene
1782 1197 1990 1270 agendi
2024 1196 2107 1252 fa-

459 1286 648 1345 cultas
679 1287 792 1344 sibi
823 1288 959 1344 data
989 1304 1105 1344 non
1136 1286 1362 1343 fuisset.
1396 1288 1581 1342 Tanta
1611 1303 1746 1360 ergo
1778 1286 2033 1341 charitas
2054 1288 2111 1339 et

464 1377 752 1451 sapientia
782 1376 883 1434 Dei
915 1393 1146 1449 semper
1202 1381 1289 1433 est
1345 1376 1718 1441 attendenda,
1760 1391 1991 1448 semper
2021 1390 2108 1430 ve-

458 1467 719 1524 neranda
747 1470 804 1522 et
832 1465 1585 1537 dilgenda,mirandumque
1609 1481 1838 1536 semper
1869 1465 2024 1536 quod
2047 1464 2105 1518 in

459 1554 619 1612 omni
649 1560 915 1612 creatura
945 1555 1028 1611 nil
1059 1554 1267 1611 existat
1288 1554 1413 1610 sine
1434 1571 1631 1610 causa.
1662 1561 1774 1609 Aut
1796 1554 1951 1610 enim
1976 1554 2105 1609 ideo

463 1643 768 1701 diversitas
794 1648 883 1700 est
910 1644 970 1699 in
993 1643 1385 1715 creaturis,ut,
1400 1643 1552 1699 sicut
1566 1644 1691 1714 jam
1714 1642 2105 1710 dixi,invicem

456 1734 745 1807 oppositis
776 1732 986 1789 melius
1017 1738 1399 1805 agnoscentes
1428 1733 1602 1797 bona,
1626 1748 1729 1804 pro
1761 1732 1854 1787 his
1885 1733 2104 1803 gratias

454 1827 568 1879 Deo
599 1838 928 1896 ageremus,
971 1821 1259 1892 nobisque
1290 1821 1361 1877 ab
1394 1838 1459 1876 eo
1492 1821 1627 1876 data
1656 1820 1890 1893 penitus
1921 1836 2101 1892 agno-

456 1926 793 1979 sceremus;
826 1914 929 1967 aut
958 1910 1089 1966 ideo
1120 1915 1186 1965 ut
1215 1910 1275 1964 in
1324 1910 1563 1966 arbitrio
1613 1911 1787 1982 positi
1841 1912 1986 1966 bene
2016 1909 2102 1966 vel

456 1999 610 2056 male
640 1999 852 2073 agendi
880 1998 1107 2071 copiam
1139 1999 1512 2055 haberemus.

528 2088 633 2145 Est
655 2088 830 2144 etiam
862 2088 1053 2144 adhuc
1082 2089 1272 2145 latens
1307 2089 1512 2144 divinae
1553 2089 1848 2161 sapientiae
1881 2093 1936 2145 et
1966 2089 2106 2145 cha-

457 2177 647 2235 ritatis
677 2193 855 2234 causa
878 2177 1099 2251 jugiter
1117 2177 1178 2233 in
1210 2179 1512 2247 creaturis,
1548 2179 1842 2251 rebusque
1863 2179 2107 2236 diversis

454 2268 777 2341 pensanda,
800 2284 927 2340 quae
959 2267 1129 2325 liceat
1154 2266 1523 2341 aliquatenus
1554 2269 1626 2323 ad
1658 2269 1998 2341 supradicta
2018 2286 2105 2325 re-

454 2357 684 2431 spiciat,
717 2356 967 2430 speciale
998 2360 1195 2413 tamen
1228 2358 1514 2429 quiddam
1546 2359 1605 2413 in
1637 2374 1698 2414 se
1728 2363 1932 2431 gestat.
1967 2358 2105 2414 Dico

456 2463 713 2519 namque
743 2445 1091 2519 sapientiam
1123 2450 1180 2501 et
1224 2446 1568 2502 charitatem
1608 2448 1923 2503 maximam
1956 2463 2103 2517 esse,

459 2536 615 2610 quod
629 2535 784 2592 Deus
797 2535 1395 2606 etjudiciumjustum
1410 2552 1524 2607 quo
1538 2536 1836 2592 hominem
1852 2536 2106 2608 probans

456 2623 727 2698 permisit
755 2624 983 2691 cadere,
1016 2626 1072 2679 et
1090 2624 1363 2696 gratiam,
1383 2641 1499 2695 qua
1528 2625 1798 2696 dignatus
1828 2631 1916 2681 est
1938 2625 2105 2680 illum

460 2729 749 2786 reparare,
783 2716 1105 2785 utrumque
1146 2712 1205 2768 in
1237 2713 1520 2769 creaturis
1551 2715 1839 2786 rebusque
1871 2715 2107 2771 sibimet

456 2801 744 2876 oppositis
769 2801 898 2858 ideo
929 2802 1187 2875 quotidie
1219 2803 1359 2875 agit,
1392 2803 1771 2875 quotidieque
1800 2804 2107 2876 pandit,ut

457 2891 651 2947 omnis
682 2890 879 2963 homo,
904 2907 1226 2964 agnoscens
1246 2892 1537 2962 judicium
1562 2894 1717 2963 quod
1753 2894 2104 2965 meretur,ad

438 2970 717 3037 ‘oblatam
740 2980 851 3037 sibi
873 2980 1123 3053 gratiam
1144 2980 1331 3053 fugiat
1350 2985 1407 3036 et
1426 2998 1459 3037 a
1480 2982 1649 3038 malis
1670 2982 1944 3054 operibus
1966 2999 2106 3038 con-

454 3072 735 3127 vertatur.
759 3070 940 3142 Cujus
970 3070 1051 3127 rei
1081 3069 1412 3143 explanadae
1433 3071 1620 3143 gratia
1639 3071 1892 3127 dicimus
1914 3088 2106 3128 exem-

460 3156 579 3230 pla.
612 3157 816 3215 Omnis
846 3175 1102 3231 namque
1131 3164 1397 3216 creatura
1420 3177 1547 3232 quae
1568 3160 1736 3216 nobis
1768 3162 2108 3216 adversatur

2224 946 2337 1000 que
2365 930 2429 983 fit
2460 934 2525 983 ut
2547 928 2694 983 nihil
2721 929 2821 983 ﬁat
2844 929 2901 983 in
2923 934 3076 983 terra
3106 928 3260 999 quod
3284 944 3399 983 non
3425 927 3650 982 eveniat
3674 930 3775 981 aut
3797 943 3868 981 ex

2223 1018 2423 1090 prima:
2473 1018 2965 1090 praevaricationis
3022 1033 3188 1089 poena
3238 1020 3337 1072 aut
3380 1014 3587 1071 divinae
3634 1014 3867 1087 pietatis

2222 1108 2683 1175 causa.Quorum
2700 1107 2937 1179 quidem
2962 1123 3143 1161 unum
3162 1111 3342 1162 Deum
3365 1105 3571 1161 timere
3588 1122 3600 1173 ;
3616 1105 3867 1161 alterum

2222 1214 2354 1252 vero
2386 1214 2519 1252 eum
2551 1212 2747 1252 amare
2779 1212 2884 1251 nos
2919 1197 3105 1251 docet.
3156 1195 3263 1259 Qui
3294 1194 3430 1250 velit
3459 1211 3594 1268 ergo
3625 1194 3866 1251 evadere

2217 1303 2448 1357 poenam
2480 1290 2775 1356 aeternam,
2801 1285 2986 1357 fugiat
3020 1301 3175 1340 nunc
3206 1285 3277 1341 ad
3309 1284 3411 1341 Dei
3442 1283 3712 1357 gratiam,
3747 1283 3867 1339 dis-

2218 1392 2352 1431 cens
2385 1375 2443 1430 in
2476 1375 2683 1447 primis
2713 1391 2847 1431 eum
2878 1374 3103 1442 timere,
3137 1374 3346 1431 deinde
3375 1391 3509 1430 vero
3539 1390 3757 1429 amare.

2288 1464 2417 1519 Haec
2446 1464 2627 1535 igitur
2649 1466 2845 1521 omnia
2874 1464 3189 1521 Psalmista
3209 1464 3583 1520 considerans
3607 1480 3741 1519 cum
3766 1463 3865 1519 ad-

2215 1554 2527 1609 miratione
2558 1553 2704 1608 dixit
2729 1572 2741 1609 :
2772 1555 2948 1622 Quam
2994 1553 3346 1625 magniﬁcam
3396 1561 3523 1608 sunt
3550 1570 3717 1626 opera
3744 1560 3863 1625 tua,

2213 1643 2351 1698 hinc
2381 1644 2593 1698 iterum
2652 1642 2795 1697 alias
2853 1643 2993 1698 dicit
3026 1660 3038 1698 :
3074 1642 3363 1698 Mirabilia
3403 1658 3577 1715 opera
3608 1647 3727 1711 tua,
3761 1643 3865 1698 do-

2213 1734 2371 1788 mine
2403 1738 2458 1789 et
2487 1732 2683 1789 anima
2713 1750 2857 1788 mena
2886 1733 3187 1805 cognoscit
3207 1732 3383 1788 nimis
3415 1733 3863 1804 (Psal.cxxxvm,

2216 1822 2669 1877 Dominelomnia
2691 1824 2751 1877 in
2782 1824 3055 1894 sapientia
3097 1822 3284 1894 fecisti
3330 1822 3861 1893 (Psal.cxxxm,14).

2216 1916 2348 1967 Haec
2378 1912 2557 1967 etiam
2590 1912 2885 1968 mirabilia
2915 1928 3090 1983 opera
3118 1915 3343 1983 oportet
3374 1912 3861 1983 nosjugitercon-

2217 2001 2494 2069 siderare,
2551 2000 2847 2073 simulque
2891 2000 3021 2056 aliis
3072 2001 3288 2072 quibus
3320 2018 3467 2073 opus
3506 2005 3613 2067 est,
3648 2000 3863 2073 quique

2219 2091 2554 2163 dignantur,
2598 2090 2820 2156 audire,
2871 2091 3155 2145 debemus
3187 2090 3479 2146 intimare.
3512 2089 3862 2146 Charitatem

2218 2180 2453 2252 quippe,
2478 2197 2655 2251 quam
2687 2184 2838 2235 Deus
2872 2179 3040 2235 nobis
3073 2178 3334 2235 exhibuit
3365 2180 3539 2235 corda
3571 2184 3771 2236 nostra
3800 2179 3866 2234 il-

2218 2267 2761 2336 lustrando,mundi
2794 2272 3191 2340 contemptum
3227 2268 3699 2340 inspirando,nos
3722 2287 3864 2343 quo-

2218 2374 2329 2429 que
2359 2357 2489 2413 aliis
2543 2357 2812 2413 exhibere
2852 2358 3152 2427 debemus,
3206 2358 3571 2413 admonendo
3626 2374 3747 2426 eos,
3778 2363 3863 2427 ut,

2218 2463 2353 2502 cum
2383 2451 2616 2519 tempus
2650 2446 2963 2502 miserendi
2996 2446 3090 2513 sit,
3152 2446 3379 2517 fugiant
3409 2464 3442 2502 a
3497 2452 3740 2503 ventura
3779 2447 3867 2504 ira

2218 2542 2481 2610 quarant
2528 2538 2867 2606 Dominum,
2903 2539 3043 2593 dum
3077 2537 3325 2593 inveniri
3358 2541 3561 2609 potest,
3595 2537 3868 2595 invocent

2220 2628 2400 2683 Deum
2433 2628 2573 2682 dum
2606 2644 2785 2699 prope
2831 2633 2920 2683 cst
2950 2628 3074 2699 (lsa.
3109 2644 3196 2694 LV,
3228 2628 3307 2697 6).
3350 2626 3495 2682 Nam
3526 2627 3698 2682 modo
3730 2644 3864 2683 cum

2217 2716 2577 2789 promittitur
2595 2717 2761 2771 venia
2776 2717 3272 2789 conversis,prope
3285 2716 3667 2772 estDominus
3681 2717 3867 2772 omni-

2214 2806 2327 2860 bus
2362 2805 2767 2860 invocantibus
2808 2822 2942 2860 eum
2973 2806 3031 2859 in
3062 2806 3303 2861 veritate
3331 2806 3503 2876 (Psal.
3536 2821 3718 2875 cxuv,
3752 2807 3862 2877 18).

2216 2896 2378 2949 Tunc
2402 2911 2535 2950 vero
2561 2910 2694 2949 cum
2710 2894 2891 2965 judex
2923 2894 3223 2950 districtus
3253 2895 3608 2967 apparuerit,
3631 2895 3801 2969 longe
3825 2913 3860 2952 a

2216 2982 2620 3055 peccatoribus
2650 2982 2863 3050 existit,
2900 2983 3039 3054 quia
3066 2984 3385 3056 peccatoris
3413 2984 3632 3042 nullius
3663 3001 3865 3058 preces

2213 3073 2469 3128 exaudit.

2282 3162 2579 3218 Judicium
2612 3165 2839 3217 tantum
2866 3163 3091 3219 cunctis
3121 3166 3391 3221 estnunc
3423 3163 3788 3236 fugiendum,

462 3249 531 3301 ut
558 3246 670 3317 leo,
692 3246 871 3319 lupus
900 3251 958 3303 et
983 3264 1201 3316 mures,
1225 3247 1533 3321 vilitasque
1554 3249 1748 3306 omnis
1769 3266 1885 3321 qua
1914 3267 2111 3306 carna—
2140 3250 2183 3317 C
2293 3250 2439 3306 Cum
2470 3257 2707 3323 tempus
2738 3252 2913 3307 veniae
2956 3268 3298 3309 concessum
3328 3252 3588 3309 creditur
3614 3269 3762 3310 esse.

458 3332 594 3391 liter
644 3333 1102 3406 circumdamur,
1135 3353 1238 3394 nec
1269 3355 1385 3394 non
1414 3338 1557 3395 vitia
1588 3355 1714 3411 quae
1742 3339 1911 3395 nobis
1943 3340 2113 3411 spiri-

458 3422 698 3483 tualiter
717 3425 1351 3499 dominanturJustum
1373 3428 1475 3485 Dei
1484 3428 1777 3500 judicium
1800 3446 1903 3501 per
1924 3429 2114 3485 homi-

2295 3344 2426 3396 ch
2457 3356 2562 3412 ego
2594 3340 2869 3397 mortales
2900 3342 3196 3398 attendere
3233 3343 3511 3415 deprecor
3539 3358 3763 3399 omnes.

2908 3430 3179 3504 Explicit.

452 3606 3867 3639 Μ

1150 3790 2106 3895 νειπειωπιι

2219 3793 2302 3896 S
2404 3794 3182 3899 OTELONI

1654 4007 2007 4067 MONACHII
2045 4007 2677 4068 EMMERAMMENSIS

874 4181 1383 4309 LIBER
1464 4187 1681 4311 DE
1773 4187 2325 4313 CURSU
2422 4191 3438 4317 SPIRITUALI.

575 4402 639 4458 In
667 4401 842 4459 lucem
870 4403 1051 4461 editus
1079 4419 1153 4462 ea:
1180 4406 1295 4464 cod.
1326 4423 1432 4464 ms.
1474 4409 1781 4489 imperiali:
1810 4412 2869 4489 monasteriisaria-Emmerammensis
2900 4415 3177 4473 Ratisbon.
3210 4417 3271 4471 R.
3310 4417 3369 4472 ι).
3405 4421 3467 4472 Ρ.
3503 4416 3741 4489 Casparo

1642 4482 1949 4539 Altlechner
1975 4483 2328 4541 Benedictino
2359 4485 2673 4541 Mellicensi.

901 4621 1094 4693 (Apud
1122 4621 1187 4679 Β.
1222 4622 1286 4679 Β.
1320 4622 1683 4680 Bernardum
1712 4624 1968 4698 Pezium,
2002 4626 2265 4684 Thesauri
2291 4628 2684 4686 Anecdotorum
2707 4630 2994 4687 novissimi
3025 4630 3123 4697 III,
3156 4646 3219 4702 ιι,
3248 4631 3399 4702 257.)

1418 4917 2056 5011 PROLOGUS
2117 4924 2413 5011 LIBRI
2472 4925 2881 5015 HUJUS.

514 5102 775 5197 Audiens
796 5105 975 5197 simul
995 5112 1053 5165 et
1078 5110 1282 5166 videns
1300 5110 1471 5183 longe
1491 5111 1720 5185 lateque
1738 5116 1979 5173 detineri
1995 5116 2096 5174 illa
2124 5123 2170 5186 D
2203 5119 2496 5192 principes
2516 5123 2883 5192 rectoresque
2900 5120 3079 5191 hujus
3098 5122 3304 5178 mundi
3324 5121 3546 5178 videret
3557 5122 3872 5197 facientes)

446 5191 663 5283 erroris
694 5198 753 5251 et
797 5195 1136 5255 afﬂictionis
1185 5199 1508 5273 signa,quaz
1557 5202 1615 5257 in
1656 5204 1963 5279 Evangelio
1995 5224 2101 5263 nec
2209 5191 2463 5281 cogitare
2495 5207 2639 5279 coepi
2685 5191 2823 5279 quid
2858 5210 2929 5264 ad
2987 5211 3108 5265 haec
3155 5212 3341 5267 facere
3398 5224 3652 5283 possem.
3687 5191 3874 5269 Dolor

439 5296 557 5337 non
591 5281 651 5372 in
674 5282 805 5342 aliis
824 5286 989 5344 libris
1007 5288 1279 5360 praedicta
1298 5294 1437 5347 sunt
1464 5291 1534 5345 de
1556 5292 1894 5351 novissimis
1918 5296 2097 5367 hujus
2209 5296 2591 5368 namque,qui
2617 5312 2719 5368 pro
2751 5298 3107 5372 negligentia
3131 5304 3295 5356 tanta
3324 5281 3469 5355 mihi
3501 5300 3876 5366 inerat,nun-

438 5368 645 5461 saeculi
662 5374 1048 5447 temporibus,
1082 5378 1183 5434 sed
1216 5394 1361 5450 pene
1396 5378 1543 5435 nulli
1574 5380 1769 5437 valens
1820 5386 2097 5455 prodesse
2208 5402 2383 5458 quam
2417 5402 2510 5440 me
2542 5385 2668 5440 sine
2700 5368 3236 5457 cura—permiserat.
3288 5389 3355 5444 Et
3399 5388 3694 5460 quomodo
3728 5406 3871 5461 pos-

442 5456 686 5546 censilio
734 5463 824 5519 vel
870 5466 1132 5539 exemplo
1180 5468 1615 5541 (unusquisque
1672 5472 1849 5541 enim,
1918 5491 2093 5546 quem

440 5544 757 5607 admonere
786 5557 1156 5631 praesumpsi,
1198 5557 1427 5615 dicebat
1456 5574 1519 5614 se
1563 5562 1892 5618 necessario
1925 5544 2091 5634 sequi

2208 5473 2454 5541 sem,vel
2480 5474 2606 5529 sine
2621 5490 2763 5530 cura
2782 5475 2867 5531 vel
2894 5477 3019 5532 sine
3040 5478 3297 5532 maxima
3319 5476 3709 5533 admiratione
3735 5495 3871 5535 esse

2204 5579 2337 5618 cum
2355 5562 2743 5635 peritissimos
2765 5566 3050 5636 quosdam
3071 5566 3312 5622 clericos
3335 5566 3602 5622 audirem
3633 5568 3867 5640 optima

440 5634 692 5721 aliorum
736 5646 923 5720 gesta,
974 5663 1078 5706 nec
1125 5646 1285 5706 aliud
1332 5662 1505 5722 posse
1552 5648 1740 5708 facere
1788 5651 1902 5710 nisi
1932 5654 2089 5731 quod
2200 5668 2445 5731 quisque
2475 5650 2605 5710 aliis
2635 5634 3077 5730 praedicare,sed
3097 5672 3232 5714 mox
3259 5660 3392 5736 post
3420 5634 3862 5739 praedicationis
