4118 6188
452 335 567 396 M3

1465 325 1808 387 OTHLONI
1854 323 2211 388 MONACHI
2256 327 2323 387 S.
2371 324 2863 389 EMMERAMMI

3750 330 3866 389 144

450 473 631 541 taque
657 463 885 523 vanitas
914 460 993 517 sit
1020 475 1113 516 res
1142 457 1512 515 transitorias
1534 464 1592 514 et
1615 458 1853 515 fallaces
1875 462 2101 515 aeterna
2132 464 2187 531 Α
2288 459 2505 515 Deinde
2533 459 2849 515 dicendum
2880 458 3074 532 qualis
3126 474 3334 515 cursus
3364 459 3441 516 sit
3472 458 3866 534 sacularium,

454 555 717 615 felicitati
746 550 1115 626 praponere?
1141 548 1419 605 Sufﬁcere
1440 565 1696 621 namque
1728 549 1897 605 nobis
1921 549 2095 604 debe-

455 648 541 711 ret
568 645 625 700 in
658 641 859 715 paucis
887 637 1305 713 argumentari,
1339 642 1561 710 quanta
1590 638 1817 694 vanitas
1865 642 1922 693 et
1954 656 2101 710 pau-

456 736 652 806 pertas
678 729 897 803 saculi,
930 732 1278 801 quantaque
1307 726 1519 783 divitia
1569 726 1689 783 sint
1734 726 1972 799 pietatis
2020 726 2103 781 di-

453 822 619 879 vina.
658 820 847 886 Nunc,
894 818 1030 874 licet
1075 816 1269 873 omnis
1319 820 1585 872 creatura
1633 816 1692 871 in
1739 833 1845 872 nos
1894 816 2106 871 clamet

455 910 705 983 alicujus
730 907 1065 983 argumenti
1094 906 1304 976 modis,
1340 922 1445 962 nos
1476 909 1693 975 tamen,
1726 905 1871 978 proh
1894 904 2060 961 dolor
2086 905 2097 959 !

455 1000 618 1061 velut
647 999 832 1071 surdi,
855 996 1202 1068 nullumque
1231 1012 1472 1052 sensum
1495 994 1861 1067 spiritualem
1884 994 2104 1049 haben-

458 1089 848 1162 tes,audimus
873 1086 1109 1161 quidem
1138 1088 1424 1157 praecepta
1450 1084 1572 1156 Dei,
1597 1084 1909 1140 laudamus
1929 1084 2105 1139 etiam

460 1177 774 1252 aliquando
806 1175 1155 1249 sapientiam
1185 1174 1579 1245 pietatemque
1627 1173 1774 1244 ejus,
1828 1173 1927 1229 sed
1977 1176 2109 1245 post

458 1266 755 1323 modicum
784 1268 1018 1336 tempus
1048 1278 1116 1319 ea
1142 1278 1269 1333 qua
1299 1260 1489 1315 verbis
1519 1260 1887 1316 laudavimus
1912 1259 2107 1332 operi-

458 1358 570 1413 bus
600 1354 794 1429 pravis
826 1352 1333 1426 reprehendimus,
1357 1350 1439 1404 ita
1468 1353 1532 1404 ut
1561 1349 1864 1405 videamur
1884 1348 2107 1405 nescire

455 1445 547 1503 vel
575 1448 796 1517 quanta
822 1459 993 1515 poena
1023 1440 1175 1497 male
1206 1437 1670 1509 facientibus,vel
1702 1442 1923 1509 quanta
1952 1454 2108 1494 mer-

459 1551 555 1598 ces
583 1534 732 1590 bene
761 1531 1108 1601 facientibus
1140 1533 1271 1602 post
1301 1528 1449 1584 hanc
1478 1529 1659 1583 vitam
1701 1528 1780 1583 sit
1829 1527 2103 1599 reposita.

456 1622 617 1686 Hanc
645 1622 825 1694 igitur
854 1618 1269 1694 negligentiam
1300 1618 1358 1673 in
1391 1617 1686 1684 cordibus,
1729 1633 1945 1688 quaso,
1978 1633 2106 1672 ves-

458 1710 569 1777 tris
602 1710 863 1767 dolentes
885 1712 1129 1765 tractate
1160 1706 1412 1779 qualiter
1458 1722 1587 1761 eam
1634 1705 1994 1773 emendatis;
2025 1706 2103 1761 si-

460 1798 702 1871 mulque
731 1814 903 1853 aures
925 1796 1199 1853 audiendi
1232 1795 1303 1851 ad
1334 1812 1401 1850 ea
1429 1793 1695 1850 exhibete
1726 1811 1851 1865 qua
1882 1795 1954 1849 de
1986 1800 2103 1850 sta-

461 1888 541 1945 dii
573 1887 756 1944 divini
788 1903 965 1943 cursu
997 1885 1189 1941 adhuc
1221 1885 1478 1957 proferre
1501 1882 1954 1956 cupio.Maxima
1982 1888 2105 1938 ete-

460 1978 586 2039 nim
616 1993 708 2033 res
737 1975 944 2039 exinde
971 1974 1122 2031 valet
1150 1973 1419 2046 intelligi,
1457 1990 1633 2046 quam
1652 1974 1823 2045 juxta
1851 1971 2104 2029 scientia

460 2082 605 2123 mea
632 2065 976 2140 parvitatem
1008 2063 1178 2137 cupio
1216 2062 1383 2121 vobis
1430 2062 1802 2135 aliquatenus
1842 2062 2102 2118 denuda-

463 2172 544 2227 re,
571 2159 640 2212 ut
666 2154 1047 2229 postmodum
1080 2152 1401 2208 intentione
1431 2152 1637 2222 majori
1687 2168 1816 2207 eam
1865 2149 2106 2206 valeatis

461 2244 834 2319 perscrutari.
1036 2306 1051 2321 ο

1113 2332 1343 2388 CAPUT
1381 2332 1450 2387 ΙΙ.

462 2425 599 2495 Quot
622 2426 735 2481 sint
769 2423 1112 2495 current-ium
1156 2422 1379 2495 species,
1429 2428 1480 2495 et
1526 2436 1629 2490 quo
1676 2419 1832 2475 modo
1878 2417 2110 2474 cuilibet

813 2493 1146 2549 currendum
1174 2496 1269 2558 sit,
1298 2494 1346 2546 si
1372 2494 1513 2546 recte
1541 2499 1748 2547 currat.

529 2603 641 2659 Sed
671 2604 738 2657 ut
767 2600 997 2657 facilius
1026 2568 1094 2656 ea
1123 2616 1248 2672 qua
1282 2598 1417 2654 inde
1443 2598 1707 2653 dicturus
1730 2615 1860 2653 sum
1894 2597 1951 2651 in
1984 2613 2103 2653 me-

460 2690 648 2747 moria
677 2686 1387 2761 teneatis,primoquidem
1421 2686 1555 2758 quis
1584 2686 1663 2741 sit
1684 2703 1893 2741 cursus
1915 2687 2108 2757 cujus-

460 2779 603 2836 libet
633 2777 927 2851 specialis,
960 2777 1172 2833 deinde
1213 2792 1347 2831 vero
1393 2775 1525 2847 quis
1575 2774 1883 2848 generalis,
1918 2774 2108 2830 dicere

461 2862 787 2942 aggrediar.
828 2866 1015 2924 Aliter
1052 2881 1309 2937 namque
1358 2879 1591 2920 currere
1639 2864 1871 2930 debent,
1904 2864 2003 2935 qui
2036 2862 2107 2918 ad

463 2958 799 3016 monastica
820 2957 949 3012 vita
972 2954 1396 3029 professionem
1428 2954 1792 3026 confugiunt,
1815 2952 1986 3008 aliter
2008 2952 2110 3025 qui

460 3046 522 3103 in
544 3045 806 3103 saculari
828 3045 945 3101 vita
968 3042 1494 3119 consistunt,aliter
1518 3047 1782 3115 pastores
1807 3046 1864 3097 et
1878 3042 2111 3112 judices

463 3135 752 3207 Ecclesia,
786 3134 955 3192 aliter
983 3134 1084 3206 qui
1122 3132 1330 3188 litteris
1361 3132 1569 3187 imbuti
1605 3131 1962 3203 Scripturam
2012 3149 2111 3189 sa-

465 3241 625 3284 cram
655 3223 846 3298 legere
875 3222 1067 3279 solent
1100 3239 1112 3277 :
1149 3222 1388 3294 quidam
1416 3236 1549 3277 vero
1581 3237 1786 3275 cursus
1814 3224 1905 3276 est
1951 3220 2106 3292 talis,
2138 3210 2180 3279 C

464 3319 531 3373 ut
560 3313 737 3371 simul
767 3313 1075 3370 conveniat
1105 3312 1402 3367 omnibus.

530 3404 640 3469 Qui
689 3404 749 3458 in
797 3402 915 3458 vita
960 3401 1284 3459 monastica
1335 3402 1773 3456 commorantur
1809 3400 2106 3455 attendere

454 3493 669 3550 debent
688 3492 826 3565 quia
844 3493 953 3548 hoc
976 3492 1130 3564 quod
1160 3489 1476 3546 Psalmista
1504 3504 1574 3545 ex
1604 3505 1852 3561 persona
1875 3487 2103 3543 Domini

454 3582 599 3639 dicit
630 3598 644 3637 :
686 3583 965 3651 Vacate,et
995 3580 1169 3636 videte
1196 3580 1457 3652 quoniam
1486 3594 1579 3649 ego
1608 3594 1728 3632 sum
1757 3579 1896 3633 Deus
1926 3578 2101 3648 (Psal.

452 3669 825 3743 XLv,ti),illis
856 3668 1187 3743 specialiter
1219 3668 1444 3723 dictum
1477 3670 1583 3721 est.
1621 3665 1735 3737 Ipsi
1762 3666 1920 3722 enim
1938 3670 2101 3721 tanto

452 3758 587 3833 plus
617 3759 843 3817 cateris
871 3773 1075 3814 vacare
1103 3761 1161 3812 et
1186 3755 1384 3811 videre
1415 3755 1630 3810 debent
1654 3752 1792 3826 quid
1826 3755 1903 3808 sit
1922 3754 2097 3823 Deus,

451 3853 671 3921 quanto
730 3848 928 3904 minus
988 3844 1366 3903 saecularibus
1421 3842 1580 3899 curis
1637 3848 2002 3915 premuntur,
2046 3848 2103 3899 et

450 3939 683 4011 quando
700 3939 1003 3995 certiorem
1034 3935 1253 3990 victum
1271 3932 1619 3989 etvestitum
1646 3932 1876 4005 aliaque
1899 3948 2099 3989 neces-

450 4027 605 4082 saria
625 4042 693 4083 ex
716 4023 1082 4097 impensione
1104 4019 1402 4077 communi
1432 4023 1652 4075 statuta
1682 4020 2099 4076 habent.Vaca-

449 4131 510 4172 re
530 4118 727 4171 autem
749 4119 805 4171 et
824 4114 1017 4169 videre
1040 4128 1166 4184 qua
1189 4110 1307 4166 sint
1327 4109 1540 4177 divina,
1556 4108 1700 4164 nihil
1731 4108 1889 4164 aliud
1922 4109 2094 4164 intel-

446 4202 831 4275 ligimus,nisi
852 4198 1309 4272 contemplativa
1338 4198 1466 4254 vita
1498 4198 1934 4270 perfectionem,
1966 4215 2093 4269 qua

446 4291 717 4349 consistit
747 4291 805 4346 in
836 4288 1137 4362 vigiliis,in
1169 4287 1451 4355 castitate,
1483 4287 1541 4341 in
1565 4286 1831 4358 jejuniis,
1865 4286 1923 4340 in
1951 4286 2093 4342 cha-

442 4380 704 4450 ritate,in
733 4382 1071 4451 contemptu
1102 4376 1396 4434 sacularis
1418 4393 1590 4443 cura,
1615 4375 1674 4430 in
1698 4374 1995 4447 patientia,
2030 4376 2089 4431 in

440 4469 794 4541 humilitate,
822 4468 882 4524 in
916 4466 1262 4535 obedientia,
1286 4467 1345 4521 in
1376 4464 1734 4538 benignitate
1764 4464 1899 4521 etin
1922 4469 2086 4521 cate-

2133 1841 2182 1907 B

2212 566 2412 605 eorum
2444 549 2713 605 videlicet
2743 550 2864 622 qui,
2897 549 3166 621 quamvis
3197 549 3255 604 in
3286 549 3667 606 sacularibus
3709 550 3867 606 curis

2211 638 2407 711 positi,
2437 643 2675 710 sperant
2701 643 2899 694 tamen
2932 638 2990 693 in
3028 638 3375 708 Domino,et,
3401 642 3691 709 quantum
3716 656 3865 710 pra-

2176 744 2188 753 κ
2211 727 2425 794 valent,
2456 727 2612 783 inter
2642 728 2944 783 mundana
2971 728 3329 783 meditantur
3359 727 3577 784 divina.
3612 728 3866 785 Pensare

2215 826 2422 899 quippe
2442 826 2657 881 debent
2678 826 2817 896 quia
2846 825 3001 881 sicut
3031 826 3091 880 in
3122 824 3439 896 cujuslibet
3468 826 3667 898 magni
3699 826 3863 898 prin-

2215 915 2361 987 cipis
2391 916 2563 971 domo
2596 931 2771 970 aurea
2801 914 2885 970 vel
2916 918 3190 987 argentea
3234 930 3375 971 vasa
3426 914 3737 983 habentur,
3781 916 3865 973 ita

2213 1006 2391 1061 etiam
2422 1005 2616 1077 lignea
2645 1009 2700 1060 et
2732 1004 2951 1072 fictilia,
2984 1005 3258 1076 quodque
3287 1003 3487 1059 nullus
3519 1009 3672 1060 recte
3704 1004 3863 1062 valet

2216 1093 2328 1149 dici
2360 1093 2657 1163 dominus,
2691 1093 2803 1148 nisi
2837 1093 2929 1148 cui
2960 1092 3171 1164 aliquis
3202 1094 3281 1148 sit
3326 1108 3549 1150 servus.
3580 1093 3864 1150 Praterea

2217 1184 2541 1238 notandum
2563 1183 2702 1253 quia
2721 1182 2874 1237 sicut
2889 1183 3044 1238 Deus
3075 1181 3455 1239 multiformis
3486 1188 3577 1239 est
3596 1183 3656 1238 in
3673 1183 3863 1255 gratia

2216 1277 2272 1326 et
2326 1272 2561 1342 virtute,
2606 1271 2686 1327 ita
2733 1277 2790 1328 et
2836 1272 2895 1327 in
2946 1272 3239 1329 servitute.
3303 1270 3538 1327 Placent
3592 1272 3751 1328 enim
3809 1272 3864 1329 ei

2218 1360 2467 1416 maxime
2498 1361 2911 1433 optima,grata
2940 1365 3079 1417 sunt
3109 1362 3285 1417 etiam
3319 1359 3403 1415 illi
3436 1361 3591 1417 bona
3612 1360 3865 1435 minora,

2216 1465 2342 1520 qua
2374 1448 2424 1504 si
2456 1466 2569 1505 non
2602 1454 2817 1521 essent,
2852 1466 3225 1523 nequaquam
3256 1450 3475 1506 diceret
3504 1450 3576 1506 de
3629 1449 3817 1507 Maria
3850 1468 3864 1506 :

2218 1548 2499 1619 Optimam
2516 1553 2733 1619 partem
2752 1548 3075 1621 elegit,quee
3093 1563 3200 1605 non
3228 1552 3514 1619 auferetur
3540 1548 3608 1604 ab
3638 1549 3867 1621 ea(Lu‘e.

2214 1653 2269 1701 x,
2302 1636 2414 1703 42).
2447 1636 2682 1708 Optima
2712 1636 2964 1708 denique
3003 1654 3139 1708 pars
3168 1635 3283 1693 dici
3312 1634 3538 1708 nequit,
3570 1636 3685 1692 nisi
3710 1637 3868 1694 inter

2218 1724 2359 1780 boni
2414 1725 2657 1782 minoris
2690 1727 2903 1798 partes.
2957 1725 3068 1781 Sed
3120 1730 3176 1781 et
3225 1725 3358 1793 hoc,
3388 1726 3543 1799 quod
3578 1725 3720 1781 dicit
3755 1741 3768 1783 ε
3798 1726 3861 1782 In

2213 1814 2367 1869 domo
2396 1815 2577 1870 Patris
2603 1817 2715 1871 mei
2741 1816 3051 1871 mansiones
3073 1815 3268 1873 multa?
3290 1820 3421 1872 sunt
3450 1814 3751 1886 (Joan.x1v,
3780 1816 3861 1886 2),

2214 1903 2554 1959 meritorum
2586 1904 2951 1960 diversitates
2981 1903 3254 1960 ostendit.
3305 1904 3387 1959 Ex
3440 1903 3656 1976 quibus
3692 1902 3863 1961 colli-

2214 1993 2374 2065 gitur
2404 1994 2542 2065 quia
2570 2010 2685 2049 non
2718 1992 2910 2049 solum
2942 1994 3343 2066 spiritualium
3391 1992 3720 2061 hominum,
3752 1994 3858 2066 qui

2213 2098 2317 2154 per
2345 2098 2523 2139 aurea
2552 2087 2610 2139 et
2640 2087 2913 2154 argentea
2960 2099 3120 2153 vasa,
3168 2082 3568 2155 optimamque
3603 2087 3858 2155 partem,

2215 2180 2316 2234 sed
2377 2179 2552 2235 etiam
2613 2180 3006 2248 sacularium,
3068 2180 3167 2253 qui
3225 2197 3328 2252 per
3382 2180 3576 2254 lignea
3618 2185 3674 2237 et
3710 2180 3859 2236 ﬁcti-

2215 2268 2313 2336 lia,
2382 2270 2746 2341 minorisque
2804 2270 2937 2326 boni
2988 2274 3183 2342 partes
3242 2270 3668 2343 signiﬁcantur,
3741 2266 3861 2326 ser-

2213 2356 2369 2414 vitus
2402 2359 2732 2415 necessaria
2781 2359 2857 2413 sit
2903 2361 2962 2413 in
3013 2364 3214 2416 sancta
3272 2360 3550 2432 Ecclesia,
3598 2377 3729 2432 qua
3778 2363 3867 2417 est

2217 2448 2434 2503 summi
2466 2448 2748 2519 principis
2771 2449 2999 2505 domus.
3032 2449 3163 2504 Hac
3188 2450 3620 2520 autem,t‘ratres
3648 2448 3865 2506 charis-

2216 2537 2372 2605 simi,
2406 2536 2536 2592 ideo
2567 2537 2779 2603 dixi,ut
2806 2538 2898 2593 his
2931 2538 3032 2609 qui
3064 2538 3124 2593 in
3156 2537 3419 2594 saculari
3445 2539 3564 2595 vita
3594 2539 3702 2594 rite
3724 2556 3863 2595 con-

2213 2629 2523 2681 versantur
2551 2627 2856 2682 ostendam
2906 2626 3281 2699 aliquomodo
3334 2644 3505 2699 posse
3555 2645 3689 2683 cum
3741 2628 3865 2701 spi-

2216 2713 2527 2769 ritualibus
2582 2714 2722 2769 viris
2778 2715 2836 2769 in
2894 2714 3042 2787 legis
3099 2716 3306 2770 divina
3370 2715 3557 2771 stadio
3617 2733 3865 2773 concur-

2217 2819 2362 2871 rere,
2432 2808 2490 2857 et
2553 2802 2809 2859 coelestia
2883 2803 3100 2875 gaudia
3168 2806 3505 2876 promereri.
3577 2805 3636 2861 Si
3704 2806 3863 2861 enim

2209 2901 2380 2973 juxta
2420 2901 2760 2956 substantia
2805 2917 2926 2957 sua
2975 2903 3217 2958 modum
3266 2918 3551 2975 pauperes
3604 2920 3863 2960 recreare

2218 2990 2565 3054 studeant,si
2598 2989 2861 3045 fraudem
2892 2989 3111 3046 nullam
3136 2991 3194 3046 in
3218 2990 3580 3063 agricultura
3600 2986 3865 3047 commil-

2216 3082 2362 3149 tant,
2394 3078 2677 3135 terminos
2707 3078 2978 3151 antiquos
3008 3080 3527 3153 transgredientes,
3567 3080 3618 3136 si
3664 3096 3861 3137 rerum

2220 3184 2461 3225 suarum
2510 3168 2767 3224 decimas
2818 3168 3080 3225 tribuant
3113 3188 3125 3225 :
3159 3171 3209 3225 si
3261 3186 3323 3225 se
3374 3187 3407 3224 a
3454 3166 3861 3227 meretricibus

2219 3258 2637 3329 contineant,et
2664 3257 2806 3313 liciti
2837 3257 3196 3314 matrimonii
3227 3258 3499 3331 copulam
3529 3264 3859 3330 sequentes,

2217 3356 2272 3411 in
2305 3356 2845 3429 Quadragesima,et
2874 3356 2935 3412 in
2966 3356 3096 3413 aliis
3119 3356 3364 3429 jejuniis
3395 3358 3720 3429 antiquitus
3741 3361 3861 3415 sta-

2213 3444 2376 3512 tutis,
2411 3460 2515 3500 nec
2547 3462 2663 3500 non
2693 3443 2751 3500 in
2785 3444 3007 3501 festivis
3039 3445 3401 3517 temporibus
3432 3463 3466 3501 a
3508 3447 3861 3520 conjugibus

2212 3534 2567 3600 abstineant,
2598 3534 2648 3590 si
2690 3533 2841 3590 filios
2892 3534 2964 3589 ad
3012 3534 3285 3591 timorem
3336 3550 3712 3608 amoremque
3760 3536 3862 3593 Dei

2210 3625 2527 3693 instruant,
2560 3624 2608 3678 si
2648 3624 2843 3695 turpia
2885 3628 2941 3679 et
2982 3624 3540 3681 inhonestaludicra
3580 3626 3857 3698 devitent,

2211 3712 2261 3767 si
2284 3711 2531 3767 fideliter
2560 3711 2653 3767 his
2677 3712 2891 3783 quibus
2917 3712 3135 3769 subditi
3159 3718 3298 3769 sunt
3320 3713 3537 3770 servire
3560 3714 3855 3783 studeant,

2210 3809 2259 3865 si
2288 3808 2420 3865 illas
2451 3802 2785 3882 incongrua
2827 3828 3042 3866 rasura
3092 3815 3149 3867 et
3200 3812 3559 3869 monstruosi
3607 3813 3861 3869 vestitus

2208 3914 2553 3970 nugas,qua
2585 3898 2807 3955 noviter
2832 3916 2865 3954 a
2894 3899 3247 3971 quibusdam
3279 3900 3646 3957 stultissimis
3667 3900 3861 3957 homi-

2208 3987 2381 4042 nibus
2411 3986 2653 4042 inventa
2684 3987 2771 4043 vel
2800 3987 2987 4043 allata
3019 3991 3159 4043 sunt
3188 3988 3607 4060 huc,abjiciant
3628 3990 3857 4062 (pecca-

2206 4080 2331 4131 tum
2364 4092 2617 4148 namque
2649 4092 2929 4148 magnum
2964 4081 3053 4132 est
3082 4077 3239 4148 turpi
3270 4082 3327 4133 et
3362 4078 3600 4134 insolita
3647 4096 3859 4136 rasura

2202 4164 2293 4218 vel
2321 4165 2531 4220 vestitu
2562 4164 2929 4235 incedere),si
2961 4165 3111 4221 ritus
3141 4166 3389 4238 gentiles
3421 4167 3771 4239 auguriandi
3794 4167 3855 4224 in

2202 4254 2378 4309 rebus
2408 4254 2583 4309 variis
2614 4271 2853 4327 prorsus
2884 4258 3344 4324 contemnentes,
3370 4256 3763 4313 universalem
3786 4258 3857 4312 ﬂ-

2202 4343 2289 4399 dei
2324 4345 2740 4415 sinceritatem,
2769 4349 3055 4416 quantum
3082 4344 3359 4417 possibile
3388 4350 3477 4401 est
3508 4345 3853 4415 illitteratis,

2200 4443 2367 4497 corde
2417 4446 2651 4497 teneant
2692 4460 2704 4497 :
2750 4442 2818 4508 si,
2852 4442 3037 4497 Deum
3086 4445 3207 4498 tota
3251 4442 3467 4498 virtute
3514 4442 3851 4515 diligentes,

437 4560 519 4618 ris
547 4530 885 4625 virtutibus,
917 4574 1043 4630 qua
1084 4556 1418 4630 frequenter
1460 4555 1518 4610 in
1568 4553 1870 4626 Scriptura
1919 4571 2089 4610 sacra
2116 4575 2164 4640 Ι)
2200 4531 2426 4640 cunctis
2456 4548 2581 4602 quae
2606 4531 2919 4640 ‘possqle'nt
2948 4531 3582 4640 praponant‘,“celere‘m
3608 4549 3853 4640 cursum

435 4618 989 4708 commemorantur.
1023 4618 1271 4703 Pensare
1300 4644 1476 4701 etiam
1508 4618 1721 4699 debent
1750 4642 2084 4715 spirituales
2116 4618 2163 4640 υ
2195 4624 2375 4693 agunt
2405 4637 2538 4675 cum
2570 4620 2699 4676 aliis
2730 4620 2801 4675 ad
2832 4619 3015 4676 Deum
3065 4622 3457 4679 currentibus-
3490 4618 3628 4678 Πίοο
3668 4622 3852 4679 etiam

431 4738 541 4795 viri
572 4743 628 4795 et
656 4737 1052 4810 femina,quia
1082 4736 1235 4792 sicut
1266 4734 1491 4807 lapides
1519 4732 1754 4805 pretiosi
1779 4749 1882 4805 pro
1904 4732 2081 4789 totius

430 4826 661 4884 fabrica
694 4827 983 4900 pracipue
1013 4830 1221 4881 ornatu
1253 4827 1572 4896 ponuntur,
1605 4821 1687 4877 ita
1716 4825 1773 4876 et
1815 4821 1928 4893 ipsi
1975 4838 2078 4895 pro

430 4921 777 4974 cunctorum
806 4916 867 4971 in
906 4918 1113 4972 sancta
1157 4912 1414 4969 Ecclesia
1460 4911 1794 4984 degentium
1844 4911 2078 4983 speculo

429 5006 605 5079 positi
655 5011 814 5074 sunt,
865 5009 931 5060 ut
981 5004 1040 5059 in
1089 5018 1293 5059 eorum
1325 5000 1699 5073 aliquatenus
1733 5000 2080 5072 inspiciatur

428 5096 735 5153 sanctitate
765 5094 907 5167 quid
940 5094 1011 5149 de
1046 5091 1242 5147 divina
1272 5091 1626 5146 credendum
1682 5089 1758 5145 sit
1801 5090 2072 5161 puritate.

427 5184 576 5242 Nam
624 5185 683 5240 in
729 5184 911 5240 nimio
961 5181 1102 5238 solis
1150 5178 1459 5252 splendore
1506 5195 1823 5250 possumus
1855 5178 2075 5235 discere

426 5290 603 5347 quam
636 5274 714 5331 sit
740 5274 1032 5329 immensa
1062 5266 1479 5343 omnipotentis
1515 5267 1609 5322 Dei
1652 5266 1905 5323 charitas
1940 5284 1951 5321 :
1984 5269 2073 5323 In-

423 5363 671 5420 visibilia
701 5363 798 5419 Dei
820 5377 922 5435 per
951 5378 1018 5416 ea
1046 5374 1166 5433 qua
1192 5360 1345 5429 facta
1374 5359 1503 5413 sunt
1533 5356 1822 5413 intellecta
1860 5359 2073 5429 conspi-

2193 4717 2384 4773 adhuc
2416 4717 2639 4789 aliquid
2671 4716 2974 4789 amplioris
3006 4717 3225 4790 gratia,
3258 4735 3375 4774 non
3424 4733 3492 4775 ex
3539 4735 3671 4775 mea
3695 4736 3851 4792 pra-

2190 4806 2545 4879 sumptione,
2579 4807 2681 4862 sed
2712 4822 2781 4862 ex
2814 4805 3022 4861 divina
3068 4808 3300 4878 pietatis
3335 4806 3751 4864 consolatione.
3785 4806 3849 4863 Si

2189 4895 2329 4967 quid
2363 4895 2420 4951 in
2454 4895 2546 4951 his
2584 4896 2882 4963 omnibus,
2906 4912 3033 4967 qua
3056 4896 3182 4967 jam
3214 4894 3494 4965 diximus,
3527 4894 3849 4969 fragilitate

2188 4985 2448 5040 humana
2484 4984 2694 5040 devicti
2745 4984 3126 5056 peccaverint,
3161 4988 3217 5041 et
3248 4984 3524 5041 continuo
3556 4985 3845 5058 poeniten-

2186 5074 2330 5130 tiam
2363 5078 2596 5147 agentes
2620 5073 2734 5129 Deo
2757 5074 3163 5145 sacerdotique
3192 5090 3298 5129 suo
3319 5074 3581 5130 confiteri
3603 5090 3845 5131 curave-

2189 5163 2324 5231 rint,
2357 5163 2526 5219 venia
2558 5164 2849 5235 promissa
2877 5167 2965 5217 est
2995 5162 3133 5232 illis,
3165 5167 3476 5219 attestante
3505 5180 3571 5220 ac
3615 5164 3847 5220 dicente

2189 5260 2470 5333 propheta
2504 5276 2516 5314 :
2548 5260 2606 5314 Si
2636 5262 2844 5332 impius
2872 5262 3048 5331 egerit
3072 5262 3457 5332 panitentiam
3485 5262 3554 5317 ab
3587 5263 3846 5317 omnibus

2182 5351 2415 5422 peccatis
2442 5352 2581 5417 suis,
2612 5364 2737 5421 quae
2764 5355 3016 5422 operatus
3046 5355 3147 5422 est,
3176 5359 3227 5407 et
3251 5351 3443 5421 fecerit
3464 5349 3763 5422 judicium,
3786 5355 3845 5407 et

422 5452 650 5509 ciuntur
674 5452 848 5524 (Rom.
882 5467 921 5521 ι,
954 5449 1065 5521 20).
1100 5445 1451 5519 Hujusmodi
1479 5446 1659 5519 igitur
1699 5444 1911 5501 studiis
1944 5462 2073 5518 quae
2173 5440 2613 5511 justitiam,vila
2637 5441 2853 5506 vivet,et
2872 5455 2983 5495 non
3002 5441 3272 5495 morietur
3291 5439 3505 5511 (Ezech.
3527 5456 3689 5507 xvm,
3720 5441 3839 5512 24).

414 5541 542 5613 jam
574 5539 833 5597 diximus
854 5538 1078 5612 jugiter
1110 5536 1391 5593 inhaerere
1419 5539 1477 5592 et
1506 5549 1943 5609 vacare,cursus
1967 5534 2068 5592 ho-

417 5631 650 5721 minum
679 5627 1075 5711 spiritualium
1105 5630 1213 5686 est.

2180 5538 2250 5592 Et
2279 5535 2592 5593 Psalmista
2626 5555 2639 5594 :
2677 5537 3024 5608 Conﬁtemini
3050 5538 3310 5607 Domino,
3340 5539 3607 5610 quoniam
3640 5537 3836 5610 bonus,

2179 5628 2439 5701 quoniam
2468 5628 2530 5685 in
2557 5626 2824 5686 saeculum
2852 5626 3248 5686 misericordia
3272 5626 3835 5709 ejus(Psai.cxvn,t).
