4118 6188
325 372 441 436 145

1471 375 1622 438 LIB.
1666 376 1769 438 DE
1813 371 2073 437 CURSU
2118 370 2585 436 SPIRITUALI.

3616 376 3735 441 146

319 508 381 564 Si
412 523 546 580 ergo
572 506 802 563 tantam
845 507 1097 579 gratiam
1144 513 1457 582 sequentes
1505 509 1811 567 saeculares
1862 509 1969 565 viri
1998 507 2246 579 Ajuxta
2274 506 2648 565 Psalmistam
2688 506 3022 566 dicentem:
3070 509 3245 583 Spera
3293 509 3354 567 in
3401 510 3635 570 Domino
3680 521 3733 572 et

318 613 453 655 cum
489 596 770 668 operibus
803 596 971 652 bonis
1002 596 1062 652 in
1097 598 1275 669 hujus
1305 600 1435 654 vitae
1467 600 1657 655 stadio
1707 603 1969 666 currant,

315 686 379 743 in
404 687 577 742 domo
599 685 790 741 Patris
810 687 1029 741 summi
1055 704 1190 743 cum
1213 689 1433 744 caeteris
1455 689 1667 745 Christi
1698 688 1971 744 ﬁdelibus

313 782 566 832 aeternas
599 775 935 831 mansiones
959 777 1327 833 obtinebunt.

389 865 592 929 Qualis
614 865 790 921 etiam
814 882 1024 922 cursus
1049 867 1379 939 specialiter
1399 869 1660 941 agendus
1683 869 1759 926 sit
1780 872 1970 939 pasto-

311 955 484 1012 ribus
535 960 592 1012 et
623 955 945 1013 rectoribus
976 955 1272 1023 Ecclesiae,
1298 959 1422 1028 jam
1453 958 1724 1013 volumus
1756 957 1965 1013 dicere.

310 1046 401 1100 Ad
434 1045 597 1117 ipsos
628 1044 845 1116 quippe
875 1045 1099 1101 dictum
1130 1054 1219 1101 est
1248 1064 1260 1101 :
1295 1048 1525 1116 Ditiyitc
1544 1050 1841 1119 justitiam,
1874 1048 1971 1117 qui

302 1134 573 1208 judicatis
604 1137 812 1190 terram
854 1135 1006 1206 (Sap.
1044 1152 1082 1200 1,
1118 1136 1187 1207 1).
1221 1136 1293 1191 Et
1326 1153 1337 1190 :
1390 1139 1631 1205 Quaerite
1667 1138 1963 1209 judicium,

309 1224 591 1283 subvenite
609 1239 886 1294 oppresso,
908 1224 1145 1293 iudicate
1161 1226 1395 1296 pupillo,
1419 1227 1691 1297 defendite
1720 1226 1962 1295 viduam,

312 1316 371 1370 et
419 1315 593 1369 venite
638 1319 690 1367 et
738 1314 960 1381 arguite
1009 1329 1112 1379 me,
1145 1313 1280 1369 dicit
1323 1316 1588 1371 Dominus
1620 1319 1745 1386 (lsa.
1780 1334 1818 1385 1,
1853 1317 1960 1386 17).

312 1399 412 1456 Illi
444 1400 706 1472 denique,
740 1417 874 1456 cum
908 1418 1023 1457 non
1055 1399 1247 1457 solum
1296 1420 1399 1474 pro
1452 1404 1597 1474 suis,
1632 1406 1732 1459 sed
1787 1404 1963 1460 etiam

315 1506 425 1562 pro
450 1493 789 1546 cunctorum
814 1490 925 1545 sibi
950 1490 1401 1547 commissorum
1426 1492 1654 1548 delictis
1676 1493 1961 1549 reddituri

308 1580 431 1637 sint
462 1584 575 1636 Deo
606 1580 913 1645 rationem,
949 1580 1205 1652 amplius
1236 1598 1416 1653 quam
1446 1583 1559 1639 dici
1592 1584 1777 1655 possit
1806 1584 1959 1639 indi-

302 1674 447 1742 gent
479 1674 565 1735 ut,
596 1669 816 1744 jugiter
846 1670 1215 1726 attendentes
1235 1671 1373 1742 quia
1403 1672 1496 1727 cui
1528 1672 1659 1744 plus
1690 1673 1956 1728 commit-

302 1757 471 1823 titur,
504 1757 640 1830 plus
688 1758 758 1814 ab
807 1775 874 1814 eo
916 1758 1188 1831 exigitur,
1221 1760 1321 1816 sed
1355 1766 1413 1816 et
1441 1760 1585 1817 illud
1620 1779 1633 1815 :
1682 1762 1956 1818 Iudicium

2077 600 2167 670 fac
2197 599 2494 654 bonitatem
2524 598 2695 669 (Psal.
2728 616 2919 665 xxxvr,
2950 600 3042 671 3);
3076 604 3135 655 et
3162 599 3374 657 iterum
3410 619 3423 659 :
3482 602 3731 660 Viriliter

2078 706 2193 761 age,
2234 698 2285 744 et
2332 690 2663 759 confortetw-
2710 704 2804 744 cor
2848 697 3023 761 tuum,
3073 698 3125 745 et
3170 693 3378 747 sustine
3424 693 3726 751 Dominum

2079 780 2250 850 (Psal.
2283 794 2432 846 xxvr,
2467 780 2575 849 14),
2610 778 2949 835 clamaverit
2993 780 3065 834 ad
3104 780 3442 849 Dominum,
3477 797 3583 839 nec
3612 799 3725 839 au-

2078 868 2249 923 dierit
2268 869 2559 924 daemones
2584 867 3101 924 circumvenientes
3123 872 3180 923 et
3200 869 3565 943 increpantes
3585 888 3721 929 eum

2077 964 2143 1013 ut
2172 962 2380 1023 taceat,
2412 961 2527 1013 stat
2556 959 2729 1013 Jesus
2761 961 2819 1013 et
2848 957 2989 1012 dicit
3017 958 3090 1024 ei,
3124 957 3277 1013 sicut
3317 964 3376 1015 et
3422 962 3719 1032 quondam

2078 1064 2225 1104 caeco
2256 1047 2341 1102 illi
2373 1048 2445 1103 de
2477 1064 2591 1119 quo
2622 1047 2681 1102 in
2714 1046 3022 1121 Evangelio
3052 1046 3265 1103 dicitur
3294 1064 3307 1104 :
3343 1049 3483 1117 Quid
3512 1051 3615 1106 tibi
3640 1054 3723 1107 vis

2074 1140 2321 1209 faciam?
2351 1140 2501 1207 (Luc.
2534 1152 2695 1206 XVIII,
2728 1138 2843 1209 41.)
2873 1137 3148 1203 Quamvis
3177 1136 3332 1193 enim
3364 1154 3480 1195 non
3511 1139 3722 1197 audia-

2076 1245 2209 1284 mus
2230 1244 2428 1283 vocem
2451 1226 2703 1296 Domini,
2726 1226 2879 1282 sicut
2898 1225 2995 1281 ille
3018 1242 3205 1282 cacus
3225 1225 3466 1293 audivit,
3489 1226 3722 1284 credere

2074 1321 2272 1372 tamen
2304 1317 2587 1372 debemus
2618 1316 2884 1371 eamdem
2916 1314 3166 1387 gratiam
3210 1314 3382 1371 nobis
3430 1316 3717 1387 praeteri,

2073 1424 2201 1478 qua
2230 1411 2287 1462 et
2317 1405 2429 1478 ipsi
2462 1405 2720 1478 praestita
2749 1409 2857 1473 est,
2892 1404 2943 1460 si
2974 1405 3083 1460 hoc
3120 1404 3378 1476 petimus
3406 1406 3562 1477 quod
3592 1405 3720 1477 ipse

2071 1496 2258 1569 petiit,
2289 1496 2346 1551 id
2380 1500 2486 1566 est,
2520 1500 2582 1550 ut
2610 1495 2895 1551 videamus
2925 1493 3135 1564 (Ibid).
3168 1493 3281 1550 Sed
3310 1494 3450 1567 quia
3477 1510 3581 1566 per
3606 1493 3718 1551 hoc

2069 1584 2296 1641 visibile
2325 1584 2545 1652 lumen,
2566 1585 2720 1657 quod
2754 1583 2847 1640 ille
2878 1582 3063 1655 petiit,
3088 1582 3410 1656 intelligere
3431 1584 3715 1640 debemus

2068 1674 2378 1741 invisibile,
2430 1675 2487 1729 id
2537 1678 2625 1729 est
2670 1672 3035 1745 spiritualem
3085 1671 3410 1742 scientiam,
3443 1673 3711 1729 eamdem

2065 1781 2296 1836 semper
2326 1769 2598 1837 appetere
2626 1764 2927 1829 debemus,
2960 1767 3025 1818 ut
3053 1763 3160 1818 hac
3188 1762 3465 1819 instructi
3506 1766 3713 1820 contra

300 1847 665 1948 durissimum
716 1850 777 1903 in
953 1850 1051 1920 qui
1075 1855 1343 1920 praesunt,
1376 1852 1467 1920 ﬁet
1498 1850 1646 1923 (Sap.
1680 1868 1757 1918 γι,
1789 1850 1866 1919 6),
1900 1856 1956 1906 et
1984 1884 2033 1949 B
2064 1853 2399 1926 spirituales
2447 1858 2504 1909 et
2545 1852 2867 1908 invisibiles
2907 1852 3107 1908 hostes
3137 1855 3357 1907 certare
3384 1852 3706 1909 valeamus.

299 1939 476 2009 cujus
497 1937 583 1993 rei
604 1937 950 1993 vocabulum
977 1943 1181 2010 gerant
1206 1944 1415 2011 (pastor
1435 1942 1591 1995 enim
1614 1958 1647 1995 a
1662 1940 1953 2013 pascendo,

301 2030 359 2083 et
384 2031 566 2083 rector
592 2043 626 2083 a
654 2026 890 2097 regendo
915 2026 1107 2083 dictus
1138 2032 1249 2098 est,
1273 2033 1519 2101 pascant
1542 2033 1595 2085 et
1618 2034 1822 2102 regant
1843 2029 1954 2085 sibi

303 2116 658 2173 commissos
708 2116 769 2172 in
821 2115 1079 2184 veritate,
1122 2122 1295 2188 prout
1350 2118 1561 2189 cuique
1617 2118 1957 2191 agnoverint

300 2222 452 2277 opus
477 2220 627 2276 esse,
650 2203 833 2263 elatos
855 2205 1066 2275 impios
1090 2206 1435 2278 reprimant,
1460 2207 1713 2263 humiles
1744 2214 1801 2263 et
1822 2207 1952 2263 reli-

298 2294 519 2367 giosos,
536 2310 821 2366 pauperes
842 2292 1260 2366 simplicesque
1274 2296 1634 2352 defendendo
1651 2296 1947 2353 extollant.

298 2382 642 2440 Recolentes
674 2399 931 2454 quoque,
966 2382 1105 2455 quia
1154 2385 1255 2455 qui
1310 2385 1368 2439 in
1419 2384 1542 2440 vice
1573 2385 1789 2441 Christi
1818 2390 1954 2441 sunt

298 2471 503 2544 positi,
535 2471 831 2528 Christum
865 2472 1079 2529 debent
1107 2472 1346 2542 imitari,
1381 2473 1461 2529 ita
1489 2474 1687 2530 vivant
1717 2480 1781 2529 ut
1819 2475 1949 2531 nul-

296 2560 424 2619 lum
456 2562 647 2633 pravis
667 2561 945 2633 exemplis
976 2567 1357 2634 corrumpant
1384 2564 1472 2619 vel
1504 2580 1607 2635 per
1634 2563 1945 2620 elationem

294 2666 426 2721 quae
458 2650 823 2722 principibus
843 2650 1117 2707 facillime
1140 2652 1425 2723 subrepit,
1450 2652 1538 2709 vel
1560 2669 1662 2725 per
1688 2654 1941 2710 vestium

292 2740 727 2812 praecipuarum
757 2740 1226 2811 superﬂuitatem
1281 2758 1407 2812 quae
1458 2759 1491 2797 a
1538 2740 1811 2814 plurimis
1841 2760 1945 2799 nec

293 2828 554 2889 creditur
574 2846 701 2887 esse
733 2834 1058 2901 peccatum,
1083 2846 1200 2886 non
1233 2832 1672 2887 attendentibus
1701 2833 1854 2904 quod
1885 2834 1945 2888 in

292 2918 607 2991 Evangelia
627 2918 825 2992 legant
842 2918 1009 2975 illum
1028 2919 1289 2987 divitem,
1305 2920 1399 2976 hic
1422 2937 1683 2993 purpura
1699 2926 1755 2977 et
1769 2924 1943 2993 bysso

293 3007 595 3076 indutum,
626 3008 685 3063 in
713 3009 939 3065 inferno
970 3008 1265 3083 sepultum
1297 3012 1447 3078 (Luc.
1470 3014 1546 3079 v1)
1572 3028 1584 3078 ;
1617 3010 1705 3067 vel
1736 3028 1839 3083 per
1858 3012 1942 3067 fa-

288 3097 616 3154 miliarium
635 3114 947 3171 pravorum
965 3099 1228 3167 consilia,
1246 3116 1346 3155 seu
1371 3116 1472 3171 per
1493 3100 1795 3155 avaritiam
1814 3116 1941 3171 quae

2065 1943 2181 2015 Ipsi
2201 1943 2452 2015 denique
2472 1942 2678 1998 tandiu
2701 1940 2982 1997 resistunt
3011 1944 3069 1996 et
3096 1940 3403 2013 increpant
3422 1957 3530 1997 nos
3561 1940 3710 1997 mul~

2062 2033 2299 2089 timodis
2328 2030 2776 2097 tentationihus,
2798 2030 3061 2102 quandiu
3091 2028 3452 2086 arbitrantur
3479 2047 3586 2087 nos
3616 2047 3710 2087 va-

2065 2123 2245 2179 nitate
2274 2121 2473 2194 aliqua
2498 2121 2697 2177 seduci
2729 2136 2921 2193 posse.
2945 2118 3187 2175 Vanitas
3208 2123 3404 2175 autem
3435 2120 3628 2176 omnis
3652 2124 3710 2176 et

2062 2212 2329 2268 otiositas
2350 2210 2509 2266 nullo
2532 2211 2705 2266 modo
2726 2208 2958 2266 facilius
2978 2212 3292 2280 superatur
3320 2226 3498 2281 quam
3530 2226 3707 2266 sacra:

2061 2300 2328 2357 lectionis
2359 2299 2552 2355 studio
2579 2317 2591 2366 ;
2625 2298 2765 2370 quia
2792 2300 2935 2354 dum
2966 2298 3047 2354 ibi
3077 2297 3389 2370 inspicitur
3416 2315 3543 2370 quas
3573 2314 3706 2371 pec-

2060 2394 2192 2446 cata
2218 2390 2476 2446 animam
2504 2391 2736 2444 tantum
2768 2387 3053 2459 polluant,
3088 2391 3153 2442 ut
3180 2388 3413 2443 munita
3437 2389 3497 2443 et
3522 2387 3705 2444 inevi-

2058 2479 2283 2548 tabilia,
2316 2479 2387 2535 de
2418 2478 2635 2550 quibus
2666 2477 2951 2549 scriptum
2984 2482 3110 2534 est:
3144 2479 3203 2531 In
3253 2477 3446 2531 multis
3475 2479 3702 2548 aliendi-

2060 2587 2181 2625 mus
2230 2585 2416 2625 omnes
2466 2570 2599 2639 (Jac.
2632 2584 2718 2637 ιιι,
2749 2568 2846 2636 2);
2898 2582 3026 2638 qua
3058 2565 3234 2621 etiam
3288 2565 3523 2636 penitus
3573 2582 3703 2623 eam

2057 2657 2370 2732 perditioni
2396 2658 2652 2724 tradant,
2688 2660 2751 2712 ut
2781 2654 3055 2727 capitalia
3082 2654 3353 2722 crimina,
3375 2654 3705 2726 quibusque

2056 2747 2245 2804 modis
2268 2748 2471 2803 eadem
2496 2748 2793 2813 curentur,
2818 2745 2994 2800 timor
3015 2743 3116 2800 Dei
3145 2743 3207 2799 in
3235 2743 3485 2815 legentis
3506 2744 3703 2801 animo

2055 2838 2336 2907 nascitur,
2371 2840 2429 2891 et
2460 2835 2729 2891 diabolus
2761 2835 3016 2907 fugatur.
3162 2834 3165 2837 λ

2123 2928 2234 2983 Sed
2264 2931 2321 2982 et
2349 2925 2494 2981 illud
2514 2924 2595 2979 ibi
2619 2924 2865 2980 discitur
2884 2924 3041 2995 quod
3068 2922 3272 2995 utique
3299 2925 3700 2981 necessarium

2052 3020 2141 3073 est
2170 3015 2465 3085 omnibus,
2496 3013 2587 3070 vel
2639 3028 2699 3069 se
2749 3012 2839 3069 vel
2889 3012 3034 3069 alios
3083 3012 3699 3085 regeresvolentibus;

2052 3105 2191 3179 quia
2211 3123 2326 3162 non
2360 3104 2550 3161 solum
2582 3120 2685 3175 pro
2716 3102 2970 3175 peccatis
2996 3102 3211 3159 nostris
3241 3101 3539 3159 diabolica)
3571 3106 3699 3159 ten-

288 3186 351 3244 in
371 3191 600 3243 tantum
620 3187 907 3259 plurimos
918 3191 1169 3243 rectores
1183 3191 1304 3244 tam
1320 3188 1744 3245 ecclesiasticos
1763 3206 1938 3261 quam
1982 3260 2011 3265 _
2049 3195 2288 3251 tationis
2309 3193 2607 3250 molestias
2636 3193 2915 3265 patimur,
2939 3192 3040 3247 sed
3061 3191 3235 3248 etiam
3267 3192 3397 3249 ideo
3428 3196 3495 3248 ut
3512 3192 3696 3248 omni-

287 3276 603 3335 seculares
632 3277 923 3333 obczecare
954 3277 1120 3348 solet,
1154 3282 1219 3333 ut
1262 3295 1504 3334 munera
1550 3295 1726 3351 super
1764 3260 1935 3335 inno-
1970 3260 2012 3327 (ἶ
2050 3287 2162 3341 bus
2192 3285 2427 3340 easdem
2458 3260 2757 3337 molestias
2788 3280 3147 3352 patientibus
3176 3281 3429 3351 compati
3461 3284 3518 3335 et
3557 3297 3695 3335 con-

284 3372 485 3427 centes
507 3365 797 3438 accipiant
818 3382 1179 3439 causamque
1202 3368 1448 3438 justitiss
1472 3385 1586 3424 non
1609 3368 1933 3439 requirant,

277 3456 388 3512 sed
444 3454 650 3512 omnia
693 3454 945 3512 habeant
992 3456 1219 3512 venalia
1270 3457 1595 3513 secundum
1646 3458 1939 3529 speranda

264 3544 553 3618 pecunia
578 3544 745 3601 dona.
778 3544 939 3601 Talia
980 3545 1162 3618 igitur
1210 3550 1523 3617 sequentes
1578 3562 1692 3600 non
1744 3544 1935 3601 solum

261 3634 392 3706 ipsi
418 3632 670 3689 minime
690 3632 759 3688 ad
783 3632 1037 3690 ccelestia
1062 3639 1327 3703 currunt,
1351 3634 1454 3691 sed
1484 3638 1541 3689 et
1570 3634 1718 3690 alios
1751 3651 1937 3690 exem-

273 3722 388 3795 plis
424 3724 558 3780 suis
588 3722 937 3795 impediunt.
972 3723 1314 3797 Quicunque
1342 3740 1475 3779 vero
1524 3729 1818 3780 rectorum
1869 3740 1937 3780 ea

273 3829 403 3885 que
424 3812 499 3868 ad
524 3817 870 3883 susceptum
894 3813 1155 3886 regimen
1179 3812 1492 3885 pertinent,
1511 3828 1681 3886 agere
1699 3814 1936 3870 studue-

270 3900 415 3969 rint,
447 3918 560 3962 non
594 3900 738 3958 mihi
765 3918 914 3974 opus
944 3907 1034 3959 est
1053 3903 1243 3960 dicere
1273 3919 1450 3974 quam
1482 3902 1780 3959 salubrem
1811 3920 1937 3958 cur-

276 4008 409 4053 eum
443 3990 682 4057 faciant,
727 3989 870 4062 quid
909 3990 968 4045 in
1000 3991 1107 4048 hoc
1141 3996 1497 4048 mereantur.
1531 3992 1649 4063 Ipsi
1680 4008 1936 4063 namque

274 4080 495 4155 optime
524 4079 725 4137 sciunt
749 4083 807 4136 et
826 4080 1118 4136 bonorum
1144 4080 1404 4152 praemia,
1430 4085 1485 4137 et
1506 4081 1797 4137 malorum
1822 4098 1934 4153 poe-

277 4187 417 4233 nam
447 4170 731 4241 futuram,
763 4173 820 4226 et
866 4171 1127 4241 quoniam
1156 4170 1517 4241 diligentibus
1549 4172 1717 4228 Deum
1748 4172 1933 4226 omnia

275 4264 646 4330 cooperantur
667 4262 724 4316 in
760 4261 957 4317 bonum
986 4261 1161 4332 (Rom.
1185 4278 1309 4329 VIII,
1331 4262 1443 4333 28).
1478 4262 1589 4317 Sed
1622 4261 1764 4317 satis
1794 4260 1930 4317 hinc

280 4347 525 4406 dictum.

918 4438 1154 4496 CAPUT
1186 4441 1280 4495 III.

344 4528 630 4602 Quomodo
659 4544 886 4585 cursum
912 4545 1074 4585 suum
1108 4531 1404 4585 instituant
1440 4531 1537 4601 qui
1572 4546 1861 4587 sacrarum

550 4600 871 4658 litterarum
898 4602 1191 4657 scientiam
1215 4600 1489 4657 consecuti
1510 4607 1659 4658 sunt.

341 4709 671 4767 Curramus
699 4725 856 4764 nunc
887 4707 1192 4779 aliorsum,
1217 4708 1479 4765 dicentes
1504 4708 1756 4781 qualiter
1784 4710 1931 4767 bene

275 4814 506 4856 currere
528 4798 763 4859 valeant
788 4797 890 4871 qui
916 4797 1276 4870 Scripturam
1304 4814 1531 4855 sacram
1554 4798 1799 4872 legendo
1823 4800 1930 4855 fre-

277 4891 584 4961 quentant.
618 4887 679 4943 In
730 4886 937 4959 primis
988 4887 1185 4958 itaque
1218 4888 1484 4943 convenit
1515 4888 1598 4944 eis
1630 4890 1930 4946 attendere

274 4984 340 5035 ut
359 4979 421 5034 in
443 4977 904 5050 quibuscunque
926 4976 1082 5033 vitiis
1110 4992 1171 5033 se
1202 4977 1688 5049 reprehensibiles
1720 4979 1929 5034 exinde

274 5066 655 5141 cognoverint
676 5065 989 5122 emendare
1012 5066 1304 5122 studeant.
1329 5066 1387 5122 Si
1414 5067 1568 5122 enim
1594 5083 1697 5138 pro
1720 5067 1929 5138 hujus-

272 5156 431 5225 modi
461 5154 792 5213 intentione
823 5172 886 5211 se
917 5155 988 5211 ad
1020 5154 1332 5228 legendum
1357 5160 1704 5228 praeparant,
1740 5156 1930 5229 primo

272 5246 518 5320 quidem
536 5244 731 5303 varias
756 5243 1093 5301 tentationis
1124 5244 1427 5301 molestias
1456 5250 1579 5302 tam
1610 5246 1670 5301 in
1694 5262 1933 5317 corpore

274 5352 459 5410 quam
481 5336 545 5393 in
566 5338 763 5393 mente
788 5334 1204 5403 sustinebunt;
1240 5335 1379 5407 quia
1408 5335 1674 5392 videlicet
1704 5335 1935 5406 nequis-

280 5427 471 5485 simus
499 5425 688 5487 hostis
718 5426 938 5498 quanto
972 5423 1161 5496 magis
1192 5424 1551 5496 perspexerit
1576 5441 1934 5497 quemquam

2047 3375 2241 3429 dolere
2270 3373 2548 3428 sciamus.
2583 3371 2689 3425 Pro
2722 3386 2841 3440 qua
2870 3385 2931 3423 re
2960 3372 3018 3423 et
3048 3371 3290 3424 sanctus
3318 3370 3525 3423 Petrus
3556 3384 3693 3440 apo-

2046 3462 2233 3520 stolus
2299 3460 2647 3531 priusquam
2715 3461 2929 3513 sanctae
2984 3454 3250 3512 Ecclesia:
3308 3455 3695 3528 praeferretur,

2046 3551 2372 3626 permissus
2402 3553 2492 3604 est
2523 3546 2776 3620 graviter
2806 3544 3163 3617 delinquere.
3196 3543 3361 3601 Unde
3410 3544 3634 3601 audivit
3662 3562 3697 3601 a

2046 3641 2288 3698 Domino
2324 3656 2336 3693 :
2391 3641 2457 3693 Et
2498 3644 2557 3694 tu
2600 3636 2901 3708 aliquando
2938 3649 3255 3707 conversus,
3284 3635 3549 3705 conﬁrma
3575 3637 3695 3707 [να-

2046 3736 2159 3785 tres
2187 3738 2305 3785 tuos
2334 3728 2485 3799 (Luc.
2516 3742 2655 3793 χχιι,
2688 3723 2800 3794 32).
2832 3724 3097 3795 Cumque
3124 3723 3247 3779 hac
3279 3726 3453 3795 atque
3489 3722 3584 3779 his
3613 3723 3695 3779 si-

2045 3818 2211 3876 milia
2239 3818 2299 3873 in
2330 3817 2636 3889 Scriptura
2666 3830 2833 3871 sacra
2860 3812 3061 3886 legens
3111 3828 3174 3868 se
3224 3814 3538 3869 emendare
3567 3817 3692 3871 stu-

2044 3909 2255 3976 duerit,
2285 3912 2425 3962 tunc
2457 3903 2792 3978 aperientur
2820 3902 2873 3958 ei
2901 3902 3162 3959 hominis
3190 3901 3484 3959 interioris
3514 3902 3690 3971 oculi,

2043 4004 2100 4055 et
2128 3996 2461 4069 intelligens
2484 4010 2610 4067 quae
2634 4009 2937 4065 nunquam
2965 3995 3138 4048 antea
3156 3990 3463 4061 intellexit,
3485 3994 3610 4049 tam
3629 3992 3691 4048 in

2041 4086 2357 4160 Scripturis
2392 4101 2569 4157 quam
2601 4082 2661 4138 in
2693 4082 2825 4139 aliis
2854 4082 3051 4151 rebus,
3085 4081 3337 4139 miratur
3365 4082 3521 4152 quod
3569 4084 3691 4138 tam

2041 4178 2258 4237 surdus
2280 4180 2457 4248 atque
2482 4190 2668 4230 caecus
2698 4172 2986 4228 hactenus
3006 4170 3203 4242 fuerit,
3226 4172 3475 4244 ideoque
3501 4170 3692 4245 magis

2040 4286 2106 4325 ac
2135 4266 2326 4339 magis
2358 4266 2415 4320 in
2447 4263 2695 4320 lectione
2724 4278 2894 4318 sacra
2922 4261 3254 4334 proﬁciens,
3285 4262 3388 4333 qui
3418 4259 3585 4334 prius
3614 4260 3690 4317 ti-

2040 4374 2206 4414 mens
2228 4372 2301 4412 ne
2325 4355 2655 4428 puniretur,
2677 4369 2783 4425 pro
2802 4352 2912 4408 hac
2936 4352 3309 4409 solummodo
3330 4366 3510 4408 causa
3527 4350 3689 4423 legit,

2040 4445 2291 4520 qualiter
2307 4462 2411 4518 pro
2428 4444 2587 4500 vitiis
2602 4441 2950 4516 perpetratis
2967 4441 3197 4498 veniam
3215 4443 3688 4513 consequeretur,

2038 4541 2178 4593 tunc
2207 4551 2403 4590 amare
2433 4533 2721 4605 incipiens
2752 4532 2825 4587 ob
2856 4530 2965 4587 hoc
2994 4530 3173 4587 etiam
3217 4528 3462 4595 lectitat,
3500 4530 3569 4585 ut
3597 4543 3691 4583 sa-

1960 4638 2007 4702 D
2040 4623 2268 4698 pientis:
2300 4622 2655 4695 pietatisque
2685 4620 2893 4675 divinae
2924 4618 3213 4675 miracula
3250 4620 3547 4689 agnoscat,
3579 4633 3689 4689 gu-

2042 4717 2323 4784 stansque
2355 4728 2531 4783 quam
2559 4711 2754 4766 suavis
2776 4712 2865 4764 est
2887 4707 3168 4764 Dominus
3188 4706 3358 4777 (Psat.
3381 4722 3581 4774 χχχιιι,
3606 4705 3688 4777 9),

2040 4804 2101 4859 in
2130 4802 2257 4873 lege
2289 4801 2417 4871 ejus
2451 4797 2768 4854 meditatur
2796 4796 2890 4852 die
2920 4812 2985 4851 ac
3016 4797 3183 4851 nocte
3214 4795 3391 4868 (Psal.
3426 4812 3464 4863 ι,
3494 4794 3573 4867 2),
3606 4794 3689 4851 ita

2041 4896 2106 4948 ut
2128 4908 2244 4947 non
2266 4887 2456 4944 solum
2481 4888 2540 4941 in
2562 4886 2809 4943 historia
2830 4888 2887 4942 et
2911 4884 3219 4958 superficie
3237 4884 3548 4941 verborum
3575 4884 3686 4940 im-

2040 4983 2320 5046 moretur,
2374 4976 2476 5032 sed
2526 4975 2703 5030 etiam
2763 4973 3011 5047 mystica
3065 4990 3262 5030 rerum
3319 4977 3688 5031 sacramenta

2041 5072 2487 5138 scrutetur,quze
2504 5064 2758 5120 maxime
2775 5064 3299 5121 inVeterisTestam
3309 5063 3428 5121 enti
3442 5064 3688 5120 lectione

2042 5158 2430 5231 reperiuntur.
2464 5154 2548 5210 Ibi
2578 5170 2833 5226 namque
2863 5153 3080 5225 omnia,
3114 5170 3241 5226 quas
3279 5152 3339 5209 in
3370 5153 3599 5209 Christo
3630 5155 3689 5208 et

2040 5249 2101 5303 in
2126 5246 2379 5303 Ecclesia
2408 5248 2611 5306 sancta
2638 5243 2925 5316 completa
2953 5246 3109 5308 sunt,
3133 5243 3489 5314 quibusdam
3519 5257 3691 5314 argu-

2044 5336 2257 5393 mentis
2304 5334 2393 5391 vel
2442 5334 2616 5389 rebus
2666 5332 2928 5405 mysticis
2972 5332 3249 5405 praadicta
3276 5331 3569 5403 leguntur.
3602 5329 3689 5387 Ibi

2048 5425 2275 5482 Domini
2306 5422 2491 5480 nostri
2523 5421 2871 5489 incarnatio,
2901 5424 2958 5478 et
2985 5420 3201 5493 passio,
3228 5424 3287 5476 et
3315 5418 3687 5491 resurrectio,

280 5533 317 5575 ι
346 5514 608 5588 peccatis
644 5512 957 5582 abstinere,
993 5516 1153 5570 tanto
1185 5513 1507 5569 acrioribus
1540 5513 1771 5569 insidiis
1801 5530 1935 5568 eum
2047 5515 2276 5587 aliaque
2306 5531 2434 5585 quae
2466 5512 2669 5585 gessit,
2701 5518 2759 5566 et
2806 5527 2908 5581 pro
2958 5509 3127 5565 nobis
3174 5508 3431 5581 pertulit,
3464 5508 3690 5581 aliquo-

278 5602 1021 5680 persequitur,immittens
1038 5603 1089 5659 ei
1106 5602 1587 5675 etcorporales,ct
1604 5602 1938 5674 spirituales
2048 5605 2220 5660 modo
2248 5603 2618 5675 praeﬁgurata
2646 5602 2991 5657 noscuntur.
3016 5597 3100 5654 Ibi
3121 5598 3297 5654 etiam
3319 5596 3691 5671 providentia

280 5694 617 5757 molestias.
648 5694 762 5755 Sed
810 5694 863 5753 si
908 5694 970 5753 in
1018 5694 1267 5753 Domino
1318 5710 1482 5766 spem
1514 5710 1685 5751 suam
1719 5710 1939 5765 ponens
2050 5694 2256 5753 divinae
2282 5690 2670 5764 immensitas,
2696 5706 2811 5761 qua
2835 5688 3125 5747 mundum
3155 5688 3305 5762 regit
3328 5688 3690 5755 universum,
