4114 6184
348 311 460 378 M7

1365 316 1707 382 0THLONI
1753 318 2104 383 MONACHI
2151 319 2212 382 S.
2263 318 2755 384 EMMERAMMI

3641 317 3759 382 M8

346 450 510 508 tanta
539 450 884 508 discretione
914 449 1144 522 prolata
1177 451 1529 520 continetur,
1565 458 1631 509 ut
1659 454 1718 509 in
1752 431 1997 526 quibus-
2031 458 2085 523 Α
2117 456 2599 525 bonorum,nunc
2614 473 2746 513 vero
2763 456 3061 512 deterrens
3079 453 3427 528 perlapsum
3446 453 3760 530 malorum.

359 543 495 598 dam
525 557 729 597 omnes
762 538 1076 596 salvandos
1108 540 1409 598 instruens
1459 543 1529 598 ad
1580 560 1641 599 se
1692 544 1908 611 trahat,
1942 545 1998 601 in

355 631 707 705 quibusdam
758 644 892 684 vero
933 645 1137 685 omnes
1169 632 1460 702 perituros
1490 631 1835 706 increpans;
1869 651 2003 690 cum

356 737 420 776 se
448 725 570 776 tam
593 718 792 774 subtili
815 719 1037 775 ratione
1061 726 1356 792 correptos
1379 739 1484 778 nec
1504 724 1803 779 attendere
1834 741 2004 780 cura-

353 810 562 881 verint,
577 825 682 864 nec
703 809 1329 882 emendaverint,juste
1347 811 1715 869 damnandos
1738 830 2007 886 praenun-

356 898 479 956 tiet.

429 990 540 1046 Sed
567 989 727 1063 prius
752 989 1162 1046 salvandorum
1187 991 1385 1063 aliqua
1408 1009 1697 1064 ponamus
1723 995 2009 1067 exempla,

359 1079 570 1136 deinde
601 1080 1039 1136 consideremus
1071 1080 1203 1137 alia.
1236 1082 1297 1136 In
1331 1083 1578 1139 Abrahae
1611 1101 1866 1156 namque
1897 1086 2011 1140 ﬁde

359 1173 416 1226 et
431 1170 762 1226 obedientia
781 1187 984 1226 omnes
1006 1171 1206 1227 ﬁdeles
1227 1176 1282 1228 et
1303 1173 1637 1230 obedientes
1662 1175 1787 1231 suis
1811 1192 2013 1246 praece-

363 1260 480 1332 ptis
503 1259 766 1315 instruit.
793 1261 856 1316 In
877 1261 1096 1333 Joseph
1119 1265 1174 1317 et
1195 1262 1475 1318 Susanna:
1500 1264 1791 1332 castitate,
1811 1282 2015 1321 omnes

365 1353 582 1406 castos.
598 1350 662 1405 In
675 1350 707 1405 J
712 1350 783 1405 ob
800 1349 1101 1421 patientia,
1117 1368 1319 1407 omnes
1339 1353 1720 1423 patientes.ln
1743 1353 2017 1425 plurimis

366 1437 737 1495 virtitutibus
759 1440 1202 1520 et'doeumentis
1222 1441 1402 1513 Moysi
1426 1443 1638 1514 populo
1667 1460 1773 1499 suo
1796 1443 2017 1515 praelati

371 1545 575 1584 omnes
607 1529 897 1601 praelatos.
924 1531 988 1584 In
1020 1534 1268 1602 utroque
1297 1532 1492 1600 Tobia,
1519 1538 1683 1604 patre
1715 1533 1934 1590 scilicet
1965 1538 2022 1590 et

376 1617 517 1686 ﬁlio,
539 1618 598 1672 in
628 1623 791 1690 patre
814 1619 1051 1691 quidem
1076 1620 1293 1691 Optime
1319 1621 1559 1676 docente
1586 1621 1793 1692 ﬁlium,
1817 1623 1876 1677 in
1899 1623 2021 1679 ﬁlio

379 1711 576 1764 autem
607 1709 913 1764 obediente
943 1725 1046 1780 per
1076 1709 1275 1764 omnia
1305 1709 1462 1779 patri
1487 1726 1690 1767 omnes
1721 1716 1938 1783 patres,
1969 1715 2025 1768 et

2116 545 2198 600 sic
2240 546 2491 601 curratis
2541 547 2599 601 in
2649 546 2954 618 praesentis
2984 545 3112 601 vita:
3143 545 3333 601 stadio
3364 549 3654 616 quatenus
3685 546 3759 602 ad

2115 637 2338 690 aeterna:
2369 634 2662 691 felicitatis
2691 636 2957 692 brevium
2989 635 3289 708 pervenire
3317 634 3578 691 valeatis.

2754 743 2984 799 CAPUT
3024 743 3116 798 IV.

2121 837 2261 903 Quot
2307 840 2357 888 et
2382 850 2548 903 quam
2576 833 2820 903 efﬁcacia
2854 833 2986 889 bene
3035 833 3296 888 currendi
3339 832 3660 888 documenta
3715 841 3771 890 et

2185 905 2434 976 exempla
2465 907 2525 959 in
2550 905 2750 960 Davide
2777 907 3000 977 ejusque
3022 906 3286 961 Psalterio
3317 907 3692 977 reperiantur.

2186 993 2320 1049 Jam
2351 992 2607 1048 diximus
2639 1010 2822 1066 pauca
2851 993 2921 1048 de
2951 993 3316 1066 profectuoso
3349 1009 3548 1061 cursu,
3574 994 3675 1065 qui
3709 993 3771 1048 in

2120 1082 2342 1139 Veteris
2383 1083 2740 1139 Testamenti
2788 1081 3036 1138 lectione
3085 1086 3277 1154 potest
3322 1081 3434 1155 agi.
3471 1083 3582 1138 Sed
3632 1083 3772 1155 quia

2121 1173 2311 1230 adhuc
2341 1171 2538 1244 aliqua
2561 1172 2768 1228 exinde
2799 1171 2940 1228 libet
2969 1171 3244 1244 proferre,
3269 1188 3578 1227 curramus
3614 1189 3773 1228 nunc

2125 1264 2196 1319 ad
2223 1266 2495 1318 sanctum
2520 1261 2890 1334 psalmistam
2916 1262 3121 1327 David,
3145 1261 3205 1317 in
3229 1278 3342 1334 quo
3363 1261 3517 1317 Deus
3544 1261 3782 1318 locutus

2126 1355 2214 1407 est
2242 1355 2406 1406 tanta
2437 1350 2732 1423 mysteria,
2756 1354 2921 1406 tanta
2948 1350 3227 1406 beneﬁcia
3259 1355 3540 1422 tantaque
3569 1350 3777 1407 salutis

2128 1441 2502 1507 documenta,
2523 1444 2588 1495 ut
2608 1440 2666 1496 in
2689 1439 2789 1496 illo
2811 1457 2926 1496 uno
2949 1441 3142 1495 cuncti
3165 1438 3366 1496 ﬁdeles
3387 1440 3778 1518 sufﬁcientem

2128 1529 2454 1585 doctrinam
2476 1530 2689 1585 habere
2719 1530 2968 1601 possint.
2991 1531 3136 1584 Nam
3171 1533 3378 1602 praeter
3408 1529 3528 1600 illa,
3553 1546 3682 1601 quae
3707 1531 3780 1586 de

2129 1635 2196 1674 eo
2226 1618 2286 1673 in
2311 1620 2533 1691 Regum
2565 1618 2711 1675 libro
2742 1620 3096 1686 referuntur,
3123 1618 3221 1673 ubi
3252 1623 3309 1674 et
3336 1618 3484 1691 lapsi
3515 1617 3576 1674 in
3602 1618 3782 1676 scele-

2132 1708 2296 1763 ribus
2319 1708 2684 1764 multimodis
2708 1710 2779 1764 ad
2803 1708 3174 1765 ostinendam
3197 1707 3422 1764 veniam
3444 1709 3776 1764 confortan-

379 1797 530 1853 ﬁlios
557 1812 661 1869 per
686 1797 1030 1898 huj‘usmodi
1063 1797 1389 1852 doctrinam
1419 1802 1475 1853 et
1505 1801 1896 1856 obedientiam
1923 1802 2023 1857 ad-
2056 1833 2104 1898 B
2134 1799 2340 1898 tur,'et
2368 1800 2587 1852 stantes
2619 1798 2876 1897 quadarn
2908 1800 3326 1897 argumentosa
3355 1796 3580 1898 ratione
3629 1798 3782 1898 ut.

381 1890 598 1942 monet.
632 1890 696 1940 In
727 1885 932 1942 talium
974 1886 1157 1959 igitur
1184 1887 1444 1942 virorum
1476 1889 1792 1944 virtutibus
1823 1907 2027 1947 omnes

382 1975 576 2031 adhuc
607 1979 832 2032 stantes
863 1977 934 2031 ad
978 1992 1041 2031 se
1070 1975 1309 2032 trahens
1339 1977 1622 2034 Dominus
1672 1980 1949 2035 admonet
1975 1984 2031 2036 et

387 2063 676 2136 promittit
705 2067 771 2119 ut
797 2064 847 2119 si
879 2064 937 2120 in
969 2065 1189 2121 eisdem
1219 2065 1537 2123 virtutibus
1578 2070 2028 2139 permanserint,

385 2170 500 2210 non
519 2153 710 2209 solum
728 2154 788 2208 in
806 2154 914 2210 hoc
932 2155 1141 2211 saeculo
1157 2156 1427 2228 gratiam,
1445 2157 1544 2212 sed
1562 2158 1736 2213 etiam
1753 2157 1813 2213 in
1834 2159 2031 2215 futuro

387 2244 628 2317 praemia
657 2247 870 2299 aeterna
916 2245 1259 2318 percipiant.
1294 2246 1355 2301 In
1396 2246 1479 2302 eis
1522 2252 1738 2313 autem,
1783 2249 1882 2320 qui
1926 2266 2029 2320 pro

390 2332 747 2405 negligentia
793 2333 880 2388 vel
925 2335 1220 2406 superbia,
1275 2351 1374 2390 seu
1431 2353 1533 2406 pro
1583 2337 2035 2409 quibuscunque

384 2421 542 2477 vitiis
575 2421 763 2494 puniti
794 2421 1069 2494 leguntur
1099 2423 1156 2478 in
1187 2423 1380 2479 Veteri
1413 2425 1806 2493 Testamento,
1833 2444 2036 2483 omnes

393 2509 572 2568 simul
621 2510 985 2584 negligentes
1041 2515 1098 2568 et
1148 2514 1383 2584 superbi
1434 2514 1681 2586 aliisque
1728 2516 1885 2572 vitiis
1932 2517 2029 2572 de-

393 2601 500 2657 diti
558 2616 713 2656 nunc
769 2601 1164 2673 corripiuntur
1216 2607 1273 2657 et
1335 2608 1796 2674 praemonentur,
1857 2611 1921 2662 ut
1987 2607 2037 2662 si

392 2708 457 2748 se
512 2707 628 2747 non
686 2691 1153 2756 emendaverint,
1203 2692 1368 2762 justo
1426 2693 1528 2748 Dei
1586 2695 1810 2765 judicio
1877 2700 2037 2752 aeter-

392 2779 605 2837 naliter
670 2797 732 2836 se
794 2779 1124 2852 puniendos
1189 2780 1396 2836 sciant.
1467 2783 1532 2838 In
1596 2784 1720 2839 Heli
1783 2801 2039 2857 namque

396 2870 718 2928 sacerdotis
750 2869 1099 2943 negligentis
1129 2886 1268 2925 casu
1300 2887 1504 2927 omnes
1549 2873 1724 2928 simul
1775 2877 2037 2944 pastores

393 2959 755 3032 negligentes
803 2958 1086 3014 Dominus
1147 2959 1358 3032 arguit.
1415 2961 1477 3015 In
1537 2964 2036 3019 murmurantium

388 3064 454 3103 ac
509 3045 941 3119 impatientium
998 3046 1254 3101 ﬁliorum
1305 3048 1482 3104 Israel
1531 3050 1877 3107 contritione
1907 3069 2038 3108 om-

384 3152 489 3192 nes
545 3135 918 3207 impatientes
985 3136 1260 3192 admonet
1326 3141 1391 3193 ut
1455 3144 1903 3211 convertantur,
1963 3157 2034 3196 ne

2138 1886 2307 1941 bonis
2335 1891 2702 1957 perseverent
2726 1885 2978 1942 maxime
3001 1886 3340 1956 incitantur,
3363 1902 3467 1959 per
3489 1886 3598 1942 hoc
3628 1884 3786 1942 scili-

2139 1980 2248 2043 cet,
2283 1976 2422 2046 quia
2452 1976 2606 2032 Deus
2638 1976 3042 2048 peccatoribus
3068 1977 3364 2033 conversis
3395 1980 3618 2032 tantam
3650 1992 3781 2048 gra-

2141 2064 2283 2119 tiam
2307 2065 2570 2121 conferre
2591 2065 2900 2138 dignatur;
2927 2065 3112 2122 multo
3132 2066 3320 2138 magis
3343 2065 3435 2122 his
3457 2066 3788 2133 miseretur,

2142 2153 2238 2224 qui
2265 2170 2325 2210 se
2353 2155 2714 2210 continentes
2743 2154 3108 2211 immaculati
3129 2154 3189 2210 in
3218 2155 3312 2210 via
3336 2155 3567 2210 Domini
3599 2171 3790 2228 perse-

2143 2247 2346 2299 verant
2371 2261 2385 2312 ;
2417 2244 2553 2315 quis
2579 2261 2848 2301 enarrare
2871 2244 3128 2300 sufﬁciat
3157 2261 3223 2298 ea
3255 2244 3626 2315 documenta,
3660 2260 3788 2316 quas

2145 2331 2204 2386 in
2219 2332 2494 2389 Psalterio
2511 2333 2751 2406 reperiri
2770 2334 3054 2406 possunt?
3075 2335 3137 2388 In
3157 2350 3272 2404 qua
3287 2332 3554 2401 lectione,
3569 2349 3791 2406 quaeso,

2147 2421 2440 2478 invenitur
2472 2425 2660 2495 major
2699 2424 3024 2494 aedificatio,
3058 2439 3235 2494 quam
3285 2423 3343 2478 in
3391 2423 3656 2496 psalmis,
3691 2422 3792 2478 ubi

2147 2511 2509 2567 multimodae
2526 2517 2581 2567 et
2598 2514 2800 2568 orandi
2823 2517 2879 2568 et
2896 2511 3134 2569 docendi
3157 2512 3457 2569 sententia
3475 2513 3786 2582 habentur,

2147 2601 2246 2656 ubi
2277 2601 2469 2657 modis
2494 2601 2670 2656 variis
2702 2618 2951 2673 persona
2976 2601 3204 2657 Domini
3237 2618 3350 2658 non
3373 2602 3672 2676 arguentis
3699 2599 3790 2657 vel

2147 2690 2506 2746 consolantis
2528 2691 2793 2759 infertur,
2809 2692 2910 2746 ubi
2931 2690 3184 2747 humiles
3200 2695 3257 2746 et
3277 2708 3562 2765 pauperes
3580 2691 3790 2764 spiritu

2147 2784 2500 2850 recreantur,
2529 2779 2626 2835 ubi
2658 2780 2819 2851 pravi
2851 2785 3103 2837 rectores
3134 2785 3192 2836 et
3214 2781 3447 2852 judices
3479 2799 3512 2838 a
3544 2780 3790 2837 Domino

2147 2869 2547 2940 increpantur,
2571 2870 2670 2924 ubi
2694 2870 2990 2926 conversis
3012 2875 3068 2926 et
3089 2872 3505 2942 pcsnitentibus
3536 2869 3794 2927 maxima

2147 2974 2283 3030 spes
2311 2957 2492 3013 veniae
2525 2958 2908 3030 promittitur,
2942 2959 3138 3030 impiis
3170 2965 3369 3016 autem
3408 2965 3465 3016 et
3495 2960 3792 3032 negligen-

2147 3048 2306 3103 tibus
2356 3063 2514 3103 mors
2565 3052 2778 3104 aeterna
2825 3048 3255 3103 denuntiatur?
3306 3052 3565 3113 Quorum
3614 3048 3792 3104 etiam

2148 3137 2404 3210 plurima
2449 3140 2569 3192 tam
2619 3141 2815 3208 aperte
2866 3136 3228 3209 breviterque
3275 3138 3673 3208 proferuntur,
3729 3140 3796 3192 ut

384 3223 604 3280 similia
624 3222 942 3295 patiantur.
960 3227 1024 3278 In
1047 3224 1584 3282 Nabuchodonosor
1607 3229 1759 3301 regis
1780 3207 2033 3286 Holofer-
2063 3207 2106 3274 (ἶ
2145 3207 2308 3281 nulla
2353 3207 2670 3281 excusatio,
2698 3224 3038 3296 ignorantiae
3085 3207 3358 3282 litteratis
3398 3207 3789 3297 relinquatur.

379 3314 558 3386 nique
609 3312 696 3368 sui
730 3312 896 3368 ducis
927 3314 1333 3384 superbissimi
1358 3318 1790 3388 compressione
1821 3337 2024 3376 omnes

380 3403 665 3476 superbos
690 3402 986 3474 principes
998 3402 1230 3473 judicat
1250 3405 1741 3477 comprimendos.
1769 3409 1830 3463 In
1854 3409 2031 3464 Sodo-

381 3493 660 3549 mitarum
692 3495 749 3547 et
778 3492 1285 3548 Gomorrhazorum
1329 3494 1584 3565 pessime
1616 3497 2028 3553 tornicantium

383 3581 758 3640 subversione
771 3597 975 3636 omnes
991 3580 1050 3635 in
1064 3582 1265 3638 eodem
1283 3583 1524 3639 crimine
1543 3586 1925 3656 perdurantes
1943 3604 2032 3644 os-

384 3671 574 3728 tendit
604 3670 953 3742 puniendos.
979 3671 1042 3726 In
1065 3671 1396 3729 Salomonis
1427 3673 1580 3745 regis
1608 3674 2029 3746 sapientissimi

387 3758 682 3832 apostasia
702 3761 772 3814 ad
805 3775 1009 3814 omnes
1036 3760 1268 3828 clamat,
1295 3777 1365 3816 ne
1393 3764 1527 3834 quis
1559 3763 1878 3834 prudentiae
1911 3783 2029 3821 sum

387 3849 689 3906 conﬁdens
718 3847 806 3904 vel
840 3848 1037 3921 aliqua
1058 3850 1210 3905 dona
1231 3850 1426 3906 divina
1452 3852 1675 3907 meritis
1705 3853 1829 3908 suis
1851 3855 2029 3926 depu-

385 3941 518 3994 tans
542 3936 602 3991 in
625 3953 879 3994 errorem
903 3937 1158 3993 similem
1185 3939 1388 3994 cadere
1411 3941 1801 4011 permittatur.
1832 3943 1892 3997 In
1922 3945 2033 3999 Ab-

385 4025 568 4082 salom
603 4027 919 4083 maximam
952 4027 1101 4100 patri
1130 4027 1406 4098 injuriam
1440 4029 1852 4103 machinantis,
1887 4037 1943 4088 et
1971 4033 2029 4088 in

387 4117 639 4178 duorum
663 4116 924 4188 iudicum
962 4121 1166 4172 contra
1181 4117 1510 4173 Susannam
1537 4119 1751 4176 falsum
1775 4121 2033 4179 testimo-

382 4205 545 4260 nium
567 4205 986 4276 prolerentium
1006 4205 1400 4276 damnatione,
1416 4209 1642 4263 cunctis
1661 4209 1795 4265 ﬁliis
1812 4211 2034 4281 etjudi-

380 4293 548 4348 cibus
569 4293 902 4350 terribiliter
921 4293 1164 4366 indicat,
1185 4296 1325 4367 quia
1347 4295 1393 4352 si
1419 4297 1637 4352 similia
1657 4298 1712 4353 in
1740 4304 2029 4370 parentes,

380 4382 470 4438 vel
485 4382 541 4438 in
555 4383 822 4438 subditos
835 4384 1318 4456 gerant,similem
1333 4403 1553 4458 quoque
1567 4389 2028 4457 damnationem,

385 4471 496 4529 nisi
531 4473 875 4545 pcenitentia
905 4475 1195 4545 condigna
1226 4476 1683 4547 emendaverint,
1708 4477 2028 4535 incurrant.

2210 3317 2278 3370 Et
2311 3321 2374 3370 ut
2405 3315 2525 3371 hac
2557 3315 2639 3369 ita
2668 3330 2795 3370 esse
2827 3314 3163 3386 probemus,
3198 3314 3396 3387 aliqua
3425 3315 3495 3370 de
3527 3315 3788 3386 praafatis

2139 3404 2446 3461 sententiis
2493 3403 2757 3476 exempla
2805 3403 2899 3459 hic
2949 3419 3258 3476 ponamus.
3292 3405 3472 3470 Quem
3514 3419 3650 3477 ergo
3683 3421 3788 3476 pro

2139 3495 2390 3566 peccatis
2421 3495 2544 3550 suis
2576 3494 2813 3550 intimas
2846 3509 3043 3566 preces
3074 3493 3329 3566 proferre
3353 3493 3620 3563 delectat,
3646 3511 3785 3550 nus-

2139 3600 2318 3654 quam
2346 3583 2574 3654 aptiora
2595 3583 2666 3638 ad
2689 3583 2796 3638 hoc
2818 3584 2993 3638 verba
3016 3582 3238 3638 invenit
3259 3599 3433 3653 quam
3458 3581 3579 3637 haec
3609 3587 3746 3639 sunt
3771 3599 3784 3637 :

2138 3673 2393 3728 Miserere
2411 3673 2538 3738 mei,
2568 3673 2723 3740 Deus,
2750 3671 3048 3727 secundum
3070 3687 3330 3742 magnam
3349 3672 3792 3728 misericordiam

2139 3767 2291 3818 luam
2339 3762 2516 3831 (Psal.
2552 3777 2638 3830 1.x,
2675 3760 2745 3832 1).
2800 3761 2866 3814 Et
2897 3776 2910 3814 :
2961 3759 3172 3815 Delicta
3210 3762 3522 3830 juventutis
3549 3776 3705 3832 meae,
3736 3765 3787 3818 el

2139 3852 2484 3920 ignorantias
2511 3866 2660 3905 meas
2689 3865 2759 3905 ne
2798 3850 3123 3904 memineris
3154 3850 3327 3921 (Psal.
3360 3868 3512 3920 xxxv,
3543 3851 3622 3922 7).
3674 3852 3742 3906 Et
3772 3867 3786 3905 :

2139 3940 2365 4012 Adjutor
2420 3955 2574 3994 meus
2626 3947 2764 4007 esto,
2826 3939 3095 4004 Domine;
3151 3955 3220 3994 ne
3279 3939 3628 4011 derelinquas
3683 3956 3790 4007 me,

2139 4046 2311 4100 neque
2338 4029 2608 4098 despicias
2635 4044 2745 4097 me,
2769 4029 2931 4095 Deus,
2962 4028 3223 4084 salutaris
3252 4046 3406 4084 meus
3437 4030 3608 4101 (Psal.
3639 4046 3791 4099 xxvx,

2139 4120 2216 4189 9).
2242 4118 2592 4189 Hujusmodi
2616 4121 2814 4172 autem
2846 4117 3188 4185 orationem,
3215 4135 3394 4189 quam
3425 4119 3794 4192 unusquisqe

2143 4224 2245 4281 pro
2277 4225 2338 4263 se
2369 4208 2494 4280 ipso
2527 4208 2824 4264 eﬁ‘undere
2859 4211 3066 4280 potest,
3100 4206 3312 4280 psalmi
3362 4208 3560 4280 plures
3606 4209 3790 4264 conti-

2142 4301 2300 4353 nent.
2328 4297 2388 4353 Si
2419 4313 2549 4354 vero
2581 4314 2684 4368 pro
2718 4295 2967 4353 aliorum
2999 4297 3189 4353 salute
3211 4298 3601 4354 communiter
3629 4315 3794 4355 orare

2140 4387 2520 4453 voluerimus,
2541 4387 2715 4442 verba
2734 4386 3119 4442 nihilominus
3151 4388 3223 4458 ad
3255 4387 3363 4443 hoc
3395 4388 3705 4461 aptissima
3729 4387 3790 4443 in

2143 4476 2225 4531 eis
2257 4476 2609 4542 invenimus,
2643 4479 2706 4529 ut
2737 4491 2749 4528 :
2802 4475 3028 4530 Salvum
3054 4476 3147 4545 fac
3169 4477 3436 4546 populum
3463 4485 3640 4544 tuum,
3678 4482 3790 4534 Do-

457 4560 616 4618 Talia
641 4578 776 4634 ergo
803 4579 918 4618 non
941 4567 1176 4634 propter
1201 4560 1333 4618 illos
1356 4563 1748 4636 solummodo,
1772 4567 1871 4638 qui
1894 4573 2035 4624 tunc
2067 4583 2112 4647 D
2144 4565 2316 4632 mine,
2339 4568 2391 4620 et
2415 4563 2634 4620 benedic
2654 4564 2970 4620 hwreditati
2996 4567 3123 4634 tum,
3157 4568 3264 4620 etc.
3295 4567 3471 4634 (Psal.
3502 4583 3680 4631 xxvu,
3710 4567 3790 4638 8).

388 4651 651 4708 damnati
674 4657 832 4722 sunt,
853 4657 1196 4721 evenerunt;
1222 4653 1323 4708 sed
1345 4652 1520 4708 etiam
1547 4659 1783 4727 propter
1801 4655 2033 4713 illorum

389 4741 804 4797 correctionem
816 4741 934 4813 ,qui
951 4743 1006 4796 in
1021 4745 1281 4814 tempore
1295 4742 1562 4815 praesenti
1575 4751 2032 4815 commorantur,

389 4828 541 4885 sicut
569 4832 624 4884 et
655 4829 966 4900 Apostolue
1005 4831 1076 4885 de
1107 4833 1500 4901 quorumdam
1533 4833 1909 4905 antiquorum
1941 4835 2034 4890 in-

384 4919 559 4974 teritu
592 4917 826 4973 locutus
859 4917 973 4974 ait:
1009 4920 1134 4975 Haec
1163 4922 1348 4975 omnia
1380 4924 1438 4975 in
1454 4923 1636 4991 ﬁgura
1654 4925 2037 4994 contingebant

385 5007 546 5075 illis;
594 5008 800 5078 scripta
848 5011 977 5062 sunt
1024 5011 1206 5062 autem
1241 5008 1309 5062 ad
1342 5012 1735 5068 correctionem
1763 5022 2034 5082 noslram,

384 5099 446 5153 in
488 5112 618 5171 quos
671 5097 806 5168 ﬁnes
855 5096 1184 5153 siculorum
1231 5097 1563 5155 devenerunt
1606 5102 1652 5172 (I
1682 5103 1802 5157 Cor.
1835 5121 1890 5169 x,
1916 5091 2034 5173 Ill).

383 5187 528 5243 Hinc
562 5185 738 5242 etiam
771 5185 917 5241 alias
949 5185 1090 5241 dicit
1124 5203 1135 5240 :
1181 5188 1527 5258 Quaecunque
1555 5192 1761 5261 scripta
1789 5200 1936 5261 sunt,
1970 5193 2038 5245 ad

379 5282 629 5331 nostram
660 5276 968 5332 doctrinam
999 5277 1204 5348 scripta
1234 5282 1361 5331 sunt
1408 5278 1579 5349 (Rom.
1615 5296 1706 5346 xv,
1745 5281 1816 5348 4).
1852 5280 2034 5348 Unde,

384 5366 594 5419 fratres
615 5365 970 5432 charissimi,
993 5383 1128 5439 rogo
1154 5383 1253 5422 vos
1276 5383 1502 5433 omnes,
1524 5368 1623 5440 qui
1650 5369 1766 5424 haec
1794 5369 1874 5426 ita
1897 5370 2037 5425 scri-

387 5457 484 5526 pta
533 5470 661 5508 esse
711 5471 825 5510 non
867 5457 1168 5529 ignoratis,
1204 5461 1286 5524 ut,
1323 5458 1686 5513 attendentes
1741 5476 1869 5530 quae
1911 5462 2037 5531 jam

391 5541 648 5597 diximus
668 5543 853 5611 vobis,
880 5560 1054 5615 quam
1081 5545 1256 5601 variis
1288 5544 1506 5601 scilicet
1539 5546 1730 5602 modis
1753 5547 2039 5603 Dominus

397 5648 503 5690 nos
525 5632 855 5702 admoneat,
881 5650 1037 5691 nunc
1058 5635 1294 5706 quidem
1315 5635 1627 5694 exhortans
1648 5653 1750 5709 per
1775 5638 2040 5710 exempla

2147 4657 2257 4708 Et:
2309 4653 2647 4722 Convertere,
2681 4655 2930 4718 Domine,
2972 4669 3268 4725 usqu—equo,
3318 4657 3370 4708 et
3423 4653 3794 4726 deprecabilis

2146 4751 2256 4799 esto
2286 4759 2448 4815 super
2476 4759 2654 4799 servos
2678 4746 2797 4798 tuos
2820 4743 2986 4814 (Psal.
3013 4759 3234 4810 LXXXIX,
3262 4743 3369 4814 13).
3398 4743 3469 4798 Et
3495 4759 3508 4798 :
3539 4745 3789 4815 Domine,

2145 4833 2520 4887 misericordia
2552 4837 2656 4888 tua
2689 4834 2748 4887 in
2777 4832 3034 4886 sarculum
3062 4831 3231 4902 (Psal.
3265 4848 3506 4900 cxxxvn,
3543 4833 3652 4905 10).
3683 4834 3790 4890 Et:

2151 4922 2323 4994 Opera.
2369 4939 2634 4977 mmmam
2687 4925 2919 4977 tuarum
2974 4937 3043 4976 ne
3099 4919 3370 4992 despicias
3421 4921 3632 4994 (Ibid.).
3684 4918 3791 4979 Sed

2148 5017 2204 5066 et
2234 5028 2336 5083 pro
2359 5010 2757 5067 sacerdotibus
2781 5009 3004 5081 agenda
3025 5008 3210 5064 oratio
3233 5009 3527 5067 invenitur
3546 5011 3604 5066 in
3636 5011 3794 5084 psal-

2150 5101 2283 5167 mis,
2310 5103 2374 5153 ut
2403 5118 2414 5154 :
2448 5098 2761 5154 Sacerdotes
2790 5101 2895 5164 tui,
2926 5099 3172 5167 Domine,
3200 5098 3512 5156 induantur
3544 5103 3792 5174 justitia,

2149 5197 2196 5245 et
2225 5191 2400 5243 sancti
2428 5190 2511 5242 tui
2539 5188 2809 5243 exsultent
2839 5188 3009 5259 (Psal.
3043 5204 3227 5255 exxxx,
3261 5189 3337 5260 9).
3363 5190 3587 5246 Profert
3616 5192 3790 5247 etiam

2151 5281 2388 5333 sanctus
2412 5275 2724 5333 Psalmista
2753 5278 2950 5344 verba,
2974 5293 3100 5349 quae
3123 5277 3294 5333 nobis
3326 5278 3382 5333 in
3415 5279 3795 5338 tribulatione

2151 5367 2356 5440 positis
2384 5371 2522 5423 sunt
2545 5366 2810 5434 dicenda,
2835 5371 2899 5422 ut
2925 5384 2937 5421 :
2973 5365 3183 5436 Adjuva
3213 5383 3327 5436 nos,
3350 5368 3505 5434 Deus,
3527 5368 3794 5426 salutaris

2149 5465 2344 5527 noster,
2405 5461 2536 5528 etc.,
2597 5474 2826 5529 usque:
2877 5463 3098 5528 propter
3150 5471 3342 5511 nomen
3398 5460 3558 5511 tuum
3616 5459 3808 5530 (Ρδαι.ι

2151 5564 2376 5618 Lxxvm,
2406 5546 2482 5616 9).
2518 5547 2586 5602 Et
2620 5564 2632 5601 :
2680 5547 2938 5603 Converte
2965 5559 3080 5613 nos,
3113 5545 3270 5613 Deus,
3301 5544 3563 5602 salutaris
3586 5553 3787 5622 noster,

2146 5644 2197 5695 et
2229 5645 2412 5692 averte
2444 5638 2590 5693 iram
2618 5639 2771 5693 tuam
2815 5653 2848 5692 a
2892 5635 3048 5692 nobis
3077 5631 3253 5706 (Psal.
3286 5651 3508 5710 LXXXIV,
3537 5635 3616 5710 5).
3666 5637 3738 5696 Et
3765 5656 3782 5699 :
