4118 6188
251 346 378 415 149

1414 349 1566 413 LIB.
1608 347 1712 411 DE
1754 346 2011 413 CURSU
2055 342 2524 413 SPIRITUALI.

3555 347 3674 415 150

248 483 498 547 Ostende
523 482 709 551 nobis,
738 483 989 551 Domine,
1018 482 1463 542 misericordiam
1491 488 1729 553 tuam,et
1755 485 1912 541 salu-
1941 485 1999 552 Α
2024 484 2209 539 minus
2237 482 2411 555 (Psal.
2443 497 2643 555 XXXIII,
2697 482 2774 557 9).
2836 482 3073 557 Quaerite
3127 476 3425 544 Dominum
3448 479 3504 546 et
3528 484 3674 545 vivet

249 584 383 634 tare
404 581 560 634 tuum
586 575 659 632 da
686 575 845 631 nobis
875 574 1081 647 (Ibid).

323 670 485 724 Inter
514 666 637 723 haec
670 681 1044 737 summopere
1066 666 1367 737 pensanda
1389 668 1529 721 sunt
1548 667 1605 721 ot
1624 664 1726 720 illa
1756 664 1912 720 Psal-

248 759 446 815 mistaa
496 757 674 822 dicta,
731 754 949 826 quibus
1011 754 1321 811 edocemur
1368 754 1516 810 nihil
1565 755 1636 809 de
1682 753 1909 810 meritis

245 848 475 905 nostris
506 860 880 918 praesumere,
914 845 1015 901 sed
1044 848 1234 900 totum
1271 846 1381 901 Deo
1411 843 1766 916 deputare,si
1792 860 1909 915 qua

243 937 438 994 virtus
487 935 578 991 vel
620 933 863 990 scientia
890 934 950 989 in
982 933 1151 989 nobis
1182 932 1486 1006 reperitur.
1520 931 1679 989 Talis
1710 936 1907 988 autem

246 1026 523 1083 doctrina
573 1023 912 1097 agnoscitur
959 1040 1062 1097 per
1102 1022 1225 1078 haec
1276 1023 1451 1078 verba
1505 1039 1518 1076 :
1559 1023 1779 1078 Domini
1831 1026 1909 1077 est

243 1117 397 1173 salus
441 1114 615 1188 (Psal.
652 1130 740 1180 III,
770 1114 847 1186 9).
875 1113 943 1168 Et
973 1128 988 1168 :
1023 1112 1246 1169 Domini
1274 1115 1351 1167 est
1380 1114 1683 1184 assumptio
1720 1118 1908 1167 nostra

247 1206 417 1279 (Psal.
466 1221 740 1269 LXxvaII,
770 1202 884 1275 49).
938 1203 1008 1258 Et
1039 1218 1052 1257 :
1087 1201 1285 1257 Scitote
1324 1202 1590 1273 quoniam
1638 1202 1907 1257 Dominus

244 1296 362 1369 ipse
388 1303 471 1350 est
495 1295 636 1349 Deus
664 1309 678 1348 :
712 1293 837 1364 ipse
862 1293 997 1364 fecit
1043 1307 1164 1359 nos,
1214 1298 1266 1346 et
1311 1307 1422 1347 non
1464 1292 1576 1363 ipsi
1602 1306 1698 1347 nos
1732 1290 1900 1364 (Psal.

244 1402 409 1450 XCIX,
438 1384 516 1455 3).
544 1382 718 1439 Docet
747 1397 980 1454 quoque
1012 1398 1120 1437 nos
1145 1396 1309 1437 orare
1340 1396 1443 1452 pro
1474 1380 1677 1436 eadem
1710 1397 1790 1451 re,
1823 1380 1906 1434 di-

248 1490 394 1531 cens
428 1488 441 1527 :
473 1472 745 1543 Conﬁrma
774 1472 893 1542 hoc,
924 1472 1089 1537 Deus,
1120 1468 1262 1541 quod
1291 1477 1548 1543 aperatus
1573 1486 1627 1525 es
1658 1471 1720 1525 in
1746 1469 1903 1525 nobis

250 1563 421 1637 (Psal.
458 1578 630 1631 LXin,
660 1562 781 1628 26).
820 1560 1044 1616 Horum
1086 1558 1301 1632 quippe
1347 1559 1656 1615 verborum
1688 1558 1900 1615 doctri-

247 1668 382 1708 nam
413 1653 639 1723 quanto
687 1649 821 1722 quis
870 1648 1045 1705 citius
1094 1648 1384 1705 credendo
1429 1648 1902 1721 apprehenderit,‘

242 1744 401 1799 tanto
420 1739 561 1813 plus
586 1738 647 1795 in
670 1742 1014 1795 cunctarum
1038 1738 1319 1794 virtutum
1341 1737 1553 1795 studiis
1577 1737 1825 1810 proﬁcit;
1845 1741 1903 1793 et

2019 575 2209 630 anima
2238 582 2414 632 vestra
2440 576 2612 646 (Psal.
2650 592 2844 645 LXVIII,
2864 577 2973 644 33).
3025 579 3269 655 laetetur
3293 591 3387 634 cor
3413 590 3670 651 quaeren-

2016 665 2160 719 tium
2190 664 2481 722 Dominum
2506 667 2678 736 (Psal.
2711 684 2820 732 CIV,
2850 666 2928 738 3).
2987 667 3231 725 Accedite
3283 666 3362 724 ad
3388 668 3581 735 Deum,
3612 672 3668 725 et

2016 752 2467 828 illuminamini,
2533 760 2587 812 et
2638 757 2808 829 facies
2854 764 3056 814 vestrm
3098 772 3212 813 non
3257 757 3672 830 confundentur

2018 844 2191 915 (Psal.
2224 862 2421 912 XXXIII,
2452 845 2529 917 6).
2563 844 2993 918 Moxque,velut
3021 844 3232 918 aliquis
3262 847 3335 903 ab
3367 863 3434 904 eo
3462 847 3668 921 exqui-

2016 938 2169 989 reret
2198 949 2315 1005 qua
2331 934 2543 992 ﬁducia
2559 934 2700 991 talia
2718 934 3661 1007 promitteret,subjunxit,dicens:

2014 1022 2120 1078 Iste
2142 1039 2362 1096 pauper
2393 1024 2517 1096 (per
2545 1025 2701 1097 quod
2729 1023 2999 1081 videlicet
3025 1025 3413 1098 semetipsum
3445 1025 3667 1100 signifi-

2016 1112 2129 1184 cat)
2158 1114 2421 1169 clamavit
2443 1122 2495 1170 et
2525 1116 2800 1171 Dominus
2820 1112 3108 1170 exaudivit
3133 1129 3260 1170 eum
3281 1113 3664 1187 (Psal.:num,

2012 1200 2089 1274 7).
2122 1203 2199 1258 Ac
2228 1202 2275 1259 si
2308 1206 2505 1275 aperte
2558 1203 2775 1260 diceret
2800 1220 2815 1259 :
2849 1202 3013 1260 Sicut
3044 1218 3150 1276 ego
3179 1206 3451 1276 peccator
3477 1204 3664 1276 posui-

2012 1290 2256 1347 tentiam
2289 1307 2468 1365 agens
2497 1309 2602 1365 pro
2628 1291 2881 1365 peccatis
2910 1291 3058 1349 meis
3084 1290 3331 1349 clamavi
3360 1292 3434 1349 ad
3463 1291 3668 1350 Domi-

2012 1397 2157 1436 num
2187 1385 2244 1437 et
2272 1381 2567 1438 exaudivit
2595 1397 2711 1451 me,
2758 1381 2841 1438 ita
2867 1384 2926 1439 et
2953 1398 3054 1438 vos
3082 1381 3369 1451 exaudiet,
3400 1381 3452 1439 si
3480 1381 3666 1454 pceni-

2011 1469 2258 1526 tentiam
2289 1469 2903 1543 egeritis.Hujusmodi
2930 1469 3113 1544 igitur
3128 1469 3324 1528 verbis
3351 1470 3669 1529 admonen-

2009 1562 2109 1615 tur
2138 1576 2343 1617 omnes
2372 1560 2565 1619 adhuc
2586 1560 2935 1630 carnales,et
2960 1559 3140 1617 variis
3159 1558 3453 1619 illecebris
3481 1559 3663 1621 dediti

2010 1649 2082 1704 ad
2112 1648 2371 1706 melioris
2397 1649 2527 1706 vitae
2556 1650 3082 1708 conversationem.

2080 1740 2227 1796 Cum
2255 1756 2390 1796 vero
2420 1740 2635 1813 aliquis
2664 1756 2768 1812 per
2795 1739 2900 1795 Dei
2928 1738 3179 1813 gratiam
3209 1754 3527 1798 conversus
3553 1740 3663 1798 fre-

243 1830 716 1926 quandocunque
748 1829 821 1926 ab
867 1827 976 1884 hac
1020 1828 1135 1885 ﬁde
1165 1827 1363 1926 deﬁcit
1392 1827 1617 1926 meritis
1644 1826 1898 1926 propriis
1929 1862 1976 1926 B
2011 1832 2292 1901 quentare
2322 1829 2571 1886 voluerit
2600 1828 2881 1902 psalmos,
2933 1845 3081 1901 quos
3128 1828 3259 1886 ideo
3308 1828 3660 1903 disponente
3690 1874 3693 1879 .

240 1921 528 1994 deputans
546 1919 873 1992 profectum
892 1917 1485 1985 suum,continuo,vel
1500 1920 1695 1989 aperte
1714 1916 1773 1972 in
1797 1916 1899 1972 ali-

239 2012 387 2083 quod
427 2013 738 2081 peccatum
773 2025 876 2065 seu
920 2000 1245 2081 periculum
1291 2023 1567 2065 corruens
1587 2006 1895 2063 confundi-

240 2103 353 2169 tur,
383 2098 474 2155 vel
506 2102 733 2155 secreto
762 2096 1056 2171 graviores
1087 2097 1258 2154 solito
1290 2096 1592 2154 molestias
1618 2095 1894 2152 tentatio-

239 2189 326 2245 nis
357 2188 681 2262 patientur.

306 2279 414 2334 Sed
447 2277 593 2351 quid
622 2294 798 2349 super
821 2277 930 2334 hac
954 2276 1202 2333 elatione
1226 2274 1317 2332 vel
1338 2291 1440 2348 pro
1467 2274 1727 2348 qualibet
1754 2274 1894 2331 vitio

242 2370 578 2440 perpetrato
607 2366 940 2423 faciendum
973 2366 1050 2422 sit
1087 2364 1279 2433 nobis,
1312 2365 1589 2421 admonet
1618 2381 1725 2420 nos
1754 2363 1895 2436 item

240 2446 563 2514 Psalmista
573 2457 789 2513 dicens:
802 2457 915 2513 Con
920 2456 1157 2526 ﬁtemini
1169 2454 1688 2526 Domino,quoniam
1700 2453 1889 2522 bonus,

242 2547 507 2621 quoniam
530 2548 589 2603 in
610 2547 877 2604 sarculum
897 2544 1273 2602 misericordia
1302 2546 1421 2617 ejus
1451 2543 1891 2615 (Psal.CXVII,i),

240 2637 376 2693 Post
424 2636 664 2710 lapsum
712 2635 869 2693 enim
919 2633 1066 2691 nihil
1115 2634 1279 2707 prius
1306 2633 1628 2707 gerendum
1671 2636 1760 2689 est
1788 2630 1892 2687 ulli

237 2743 412 2799 quam
446 2726 713 2783 conﬁteri
743 2724 1013 2794 Domino,
1033 2723 1133 2796 qui
1165 2721 1545 2796 fragilitatem
1563 2722 1757 2778 sciens
1780 2722 1891 2777 hu-

235 2832 473 2873 manam
505 2832 740 2888 semper
767 2818 1007 2887 paratus
1032 2817 1123 2870 est
1152 2813 1224 2869 ad
1255 2811 1583 2868 veniam.Et
1608 2815 1672 2867 ut
1701 2813 1893 2869 efﬁca-

230 2905 354 2963 cius
384 2906 726 2963 ostenderet
753 2903 1052 2975 omnibus,
1076 2902 1174 2975 qui
1206 2919 1310 2974 per
1336 2900 1761 2958 confessionem
1784 2918 1891 2975 pu-

234 3013 356 3053 ram
406 2996 677 3054 obtinere
724 2994 956 3068 possint
1002 2996 1374 3066 peccatorum
1439 2991 1690 3060 veniam,
1740 2991 1892 3048 hanc

235 3086 696 3159 gratiam,quam
718 3084 846 3157 ipse
861 3086 1134 3156 expertus
1156 3086 1245 3138 est
1268 3099 1302 3138 a
1330 3079 1738 3148 Domino,aliis
1761 3080 1893 3136 inti-

234 3192 394 3233 mare
425 3175 651 3241 studet,
683 3173 884 3230 dicens
917 3190 931 3227 :
965 3172 1233 3228 Delicium
1255 3186 1439 3228 meum
1460 3172 1740 3241 cognitum
1767 3171 1891 3239 tibi,

2009 1922 2215 1991 Deo,ut
2243 1917 2695 1997 creditur,pueri
2713 1917 3048 1974 instruendi
3066 1921 3125 1975 et
3142 1917 3418 1991 primitus
3432 1917 3657 1977 discere

2005 2013 2064 2066 et
2076 2008 2413 2066 memoriter
2424 2008 2673 2065 retinere
2680 2008 3274 2080 jubentur,uteorum
3290 2007 3483 2066 verbis
3496 2006 3659 2066 salu-

2006 2098 2195 2155 tiferis
2226 2097 2542 2171 aliquando
2574 2096 2911 2170 compuncti
2940 2098 3013 2154 ad
3043 2096 3287 2154 meliora
3311 2097 3660 2167 trahantur;

2005 2188 2155 2244 sciat
2183 2187 2291 2245 hos
2320 2186 2639 2244 versiculos
2669 2186 2931 2244 oratione
2959 2185 3517 2243 continuamaxime
3547 2185 3665 2244 sibi

2002 2294 2131 2335 esse
2163 2278 2484 2334 notandos:
2511 2278 2744 2334 Domine
2770 2276 2843 2332 ad
2863 2280 2914 2332 te
2941 2276 3183 2348 confugi,
3213 2276 3345 2334 doce
3368 2290 3456 2333 me
3480 2275 3664 2347 facere

2001 2367 2338 2424 veluntatem
2376 2374 2547 2437 tuam,
2579 2367 2712 2438 quia
2756 2369 2910 2423 Deus
2961 2380 3114 2423 meus
3142 2380 3197 2421 es
3223 2370 3308 2421 tu.
3339 2366 3537 2422 Notam
3563 2364 3661 2439 fac

2000 2455 2146 2512 mihi
2170 2458 2321 2512 viam
2344 2473 2403 2512 in
2436 2472 2552 2527 qua
2579 2454 3010 2527 ambulem,quia
3030 2454 3101 2510 ad
3124 2458 3176 2510 te
3204 2455 3382 2533 (ev/avi
3407 2455 3659 2511 animam

2000 2562 2179 2602 meam
2209 2545 2380 2618 (Psal.
2411 2561 2582 2611 CXLII,
2608 2544 2663 2611 8,
2679 2545 2757 2616 9).
2779 2542 3051 2600 Illumina
3079 2543 3261 2599 oculos
3288 2558 3529 2609 meos,ne
3546 2559 3655 2600 un-

1999 2634 2167 2692 buam
2195 2634 2539 2692 obdormiam
2570 2636 2629 2690 in
2657 2637 2834 2691 morte
2862 2632 3032 2704 (Psal.
3063 2632 3248 2705 XII,4).
3280 2632 3492 2702 Perﬁce
3506 2648 3653 2705 gres-

1999 2742 2093 2782 sus
2121 2740 2265 2781 meos
2283 2726 2346 2780 in
2364 2725 2574 2780 semitis
2586 2725 2783 2795 tuis,ut
2800 2738 2913 2780 non
2929 2725 3254 2779 moveantur
3274 2722 3507 2792 vestigia
3525 2738 3650 2779 mea

2000 2814 2171 2887 (Psal.
2222 2832 2336 2882 XVI,
2385 2815 2462 2886 5).
2515 2816 2636 2870 Vias
2667 2817 2810 2884 tuas,
2842 2812 3097 2881 Domine,
3125 2810 3441 2869 demonstra
3488 2810 3656 2881 mihi,

2000 2910 2051 2959 et
2071 2903 2303 2971 semitas
2331 2909 2451 2958 tuas
2481 2901 2608 2958 doce
2633 2916 2738 2957 me.
2770 2900 2961 2972 Dirige
2988 2915 3077 2956 me
3095 2900 3157 2955 in
3177 2900 3415 2956 veritate
3440 2903 3569 2969 tua,
3599 2907 3656 2957 et

1999 2991 2128 3050 doce
2155 3008 2260 3063 me,
2292 2992 2425 3063 quia
2454 2999 2515 3047 tu
2541 3006 2595 3047 es
2623 2991 2762 3047 Deus
2806 2989 3058 3047 Salvator
3102 3004 3256 3046 meus
3294 2988 3467 3062 (Psal.
3498 3006 3653 3062 XXIV,

2001 3082 2055 3150 4,
2086 3082 2163 3154 5).
2196 3082 2378 3138 Dedue
2414 3096 2519 3151 me,
2552 3082 2799 3149 Domine,
2831 3082 2893 3136 in
2919 3081 3014 3136 via
3055 3083 3175 3149 tua,
3204 3088 3258 3137 et
3287 3078 3571 3153 ingrediar
3597 3081 3661 3137 in

2005 3173 2231 3227 veritate
2258 3171 2618 3227 tua.La:tetur
2643 3186 2737 3227 cor
2762 3186 2949 3226 meum
2976 3173 3037 3225 ut
3064 3169 3255 3227 timeat
3275 3184 3475 3227 nomen
3503 3178 3661 3227 tuum
3694 3214 3699 3219 ι

238 3237 646 3335 Domine,feci,
670 3268 723 3319 et
751 3264 1060 3335 injustitias
1088 3278 1238 3318 meas
1267 3278 1377 3317 non
1406 3237 1682 3317 abscondi.
1714 3261 1847 3315 Dixi
1926 3237 1971 3306 α
2008 3260 2182 3332 (Psal.
2235 3276 2432 3329 LXXXV,
2480 3258 2591 3329 11).
2647 3258 2867 3315 Gressus
2927 3272 3076 3313 meos
3127 3258 3305 3329 dirige
3357 3258 3661 3314 secundum

238 3354 548 3425 Conﬁtebor
576 3352 865 3409 adversum
897 3367 987 3408 me
1035 3352 1373 3425 injustitiam
1426 3366 1605 3407 meam
1636 3351 1894 3420 Domino,

233 3452 284 3501 et
307 3453 373 3500 tu
404 3443 678 3500 remisisti
707 3443 1041 3514 impietatem
1065 3443 1274 3513 peccati
1299 3441 1411 3496 mei
1440 3440 1617 3512 (Psal.
1649 3439 1893 3511 XXXI,5).

234 3536 385 3592 Cum
420 3534 587 3589 enim
615 3520 746 3604 post
770 3529 1197 3588 confessionem
1240 3533 1537 3603 peractam
1568 3527 1896 3599 subjungit,

232 3624 452 3680 dicens
486 3637 501 3677 :
535 3622 602 3677 Et
630 3630 689 3677 tu
717 3621 923 3677 remisti
960 3621 1301 3693 impietatem
1343 3619 1559 3691 peccati
1600 3618 1731 3689 mei,
1763 3616 1897 3672 bor-

235 3716 396 3769 tatur
426 3727 638 3767 omnes
670 3712 738 3766 ad
770 3710 1293 3776 confessionem,ut
1313 3712 1369 3764 et
1397 3707 1511 3781 ipsi
1540 3722 1901 3780 consequan-

234 3805 329 3858 tur
348 3800 1040 3873 remissionem.Moxque
1061 3797 1384 3872 juxtaillud
1404 3797 1557 3870 quod
1580 3794 1900 3870 Apostolus

239 3891 379 3947 dixit
411 3908 426 3947 :
461 3893 596 3948 Ecce
624 3907 774 3946 nunc
819 3894 1033 3963 tempus
1062 3889 1408 3961 acceptabile,
1460 3902 1578 3942 ecce
1605 3886 1900 3942 nuncdies

238 3982 442 4037 salutis
473 3983 558 4053 (ll
591 3980 715 4036 Cor.
746 3996 825 4047 VI,
856 3980 937 4048 2),
988 3982 1044 4034 et
1095 3976 1377 4050 prOpbeta
1408 3991 1477 4031 ex
1507 3975 1737 4031 Domini
1770 3990 1898 4045 per—

242 4087 388 4127 sona
440 4069 585 4126 dicit
642 4087 655 4124 :
696 4071 762 4125 In
809 4076 1053 4140 tempore
1095 4068 1301 4140 placito
1352 4064 1619 4122 exaudiui
1669 4068 1721 4120 te
1764 4065 1898 4135 (Isa.

241 4177 394 4232 XLIX,
424 4161 508 4233 8),
540 4157 888 4233 pronuntiat
933 4162 1167 4231 tempus
1218 4153 1602 4212 confessionis
1651 4153 1849 4209 dicens
1885 4170 1899 4207 :

243 4252 353 4306 Pro
382 4251 487 4306 hac
512 4248 794 4322 (subaudi
824 4264 905 4318 re,
936 4247 1073 4321 quia
1101 4251 1187 4314 tu,
1223 4243 1744 4315 Domine,remittis
1766 4258 1900 4316 pec-

245 4344 385 4395 cata
412 4354 516 4411 per
544 4336 990 4410 confessionem)
1009 4337 1191 4394 orabit
1217 4336 1288 4392 ad
1318 4344 1368 4393 te
1396 4334 1573 4392 omnis
1595 4330 1901 4405 sanctus,id

242 4434 357 4502 est,
396 4429 470 4485 ad
501 4428 678 4486 vitam
729 4432 1007 4484 aeternam
1038 4425 1506 4500 pradestinatus,
1557 4424 1619 4479 in
1664 4425 1905 4495 tempore

240 4523 549 4592 opportuno
595 4518 767 4590 (Psal.
817 4534 970 4585 XXXI,
1021 4516 1100 4588 6),
1150 4515 1207 4571 id
1239 4517 1349 4585 est,
1378 4513 1439 4568 in
1464 4516 1725 4585 tempore
1756 4527 1902 4585 prae-

2005 3350 2282 3420 eloquium
2320 3357 2498 3418 tuum,
2547 3350 2600 3403 et
2625 3362 2735 3403 non
2784 3346 3100 3401 dominetur
3142 3346 3256 3401 mei
3299 3344 3479 3401 omnis
3508 3344 3659 3416 inju-

2003 3440 2161 3495 stitia
2216 3437 2392 3510 (Psal.
2444 3452 2643 3505 CXVIII,
2722 3433 2867 3505 133).
2917 3433 3136 3489 Faciem
3190 3436 3344 3489 tuam
3395 3433 3662 3489 illumina

2005 3543 2167 3600 super
2218 3541 2439 3581 servum
2487 3532 2662 3593 tuum,
2710 3526 2762 3579 et
2807 3521 2938 3578 doce
2962 3537 3053 3577 me
3082 3520 3510 3595 justiﬁcationes
3539 3523 3665 3577 tuas
3696 3564 3699 3567 ι

2009 3616 2352 3688 (Ibid,,t35).
2375 3613 2562 3670 Verba
2593 3611 2774 3685 igitur
2802 3610 3083 3668 orationis
3112 3613 3309 3683 tantae,
3337 3608 3474 3667 licet
3501 3610 3663 3668 omni

2006 3705 2232 3764 homini
2254 3703 2502 3778 gratiam
2534 3700 2790 3759 divinam
2812 3700 3105 3757 invocanti
3127 3700 3273 3757 satis
3293 3699 3662 3771 conveniant,
3686 3732 3699 3736 ι

2006 3795 2092 3852 illi
2106 3798 2305 3851 tamen
2324 3792 2426 3866 qui
2438 3791 2665 3849 noviter
2684 3806 2999 3847 conversus
3014 3790 3191 3847 fuerit
3206 3787 3427 3862 aliquid
3444 3789 3665 3863 specia-

2008 3885 2125 3942 lius
2153 3882 2463 3941 convenire
2489 3879 2925 3953 videntur,quia
2952 3896 3057 3952 pro
3087 3896 3154 3936 eo
3190 3879 3346 3952 quod
3376 3878 3534 3936 viam
3563 3879 3665 3936 ad-

2008 3974 2123 4031 huc
2145 3972 2256 4030 sibi
2272 3970 2630 4045 incognitam
2645 3969 3063 4043 difﬁcilemque
3080 3967 3142 4024 in
3163 3968 3368 4025 multis
3387 3983 3667 4043 egressus
3702 4005 3711 4009 «

2010 4067 2119 4131 est,
2151 4064 2406 4119 maxime
2435 4060 2657 4133 indiget
2685 4059 2795 4116 hac
2816 4058 3077 4116 oratione
3099 4075 3218 4137 qua
3235 4059 3421 4116 Deum
3443 4057 3668 4134 jugiter

2010 4156 2169 4227 petat
2201 4168 2263 4209 se
2293 4151 2518 4222 docere,
2545 4152 2602 4205 et
2630 4148 2881 4223 dirigere
2910 4151 2970 4204 et
2997 4146 3353 4204 illuminare.

2081 4242 2193 4298 Sed
2223 4239 2364 4314 quia
2391 4243 2448 4295 et
2476 4240 2587 4295 hoc
2628 4237 2855 4312 indiget
2884 4241 2949 4294 ut
2975 4236 3037 4293 in
3069 4235 3335 4311 qualibet
3362 4233 3666 4311 Scriptura

2011 4349 2179 4389 sacra
2207 4347 2334 4388 sese
2364 4332 2627 4403 occupet,
2668 4327 2928 4400 psalmos
2958 4331 3202 4385 cantans
3231 4324 3456 4384 invenit
3482 4325 3543 4384 in
3572 4324 3668 4383 his

2012 4422 2354 4493 orationem,
2388 4436 2506 4492 qua
2535 4434 2639 4492 pro
2669 4433 2847 4474 sacrae
2876 4416 3148 4474 lectionis
3185 4414 3483 4472 intellectu
3513 4412 3665 4470 obti-

2011 4510 2222 4568 mendo
2252 4508 2580 4582 specialiter
2601 4507 2787 4565 Deum
2807 4507 3075 4564 invocare
3095 4507 3440 4580 potestzquts
3468 4501 3670 4559 videli-

242 4591 577 4665 sentthem
608 4606 923 4663 exhortans
954 4622 1157 4662 omnes
1175 4604 1246 4661 ad
1265 4600 1667 4677 paenitentiam
1687 4605 1746 4657 et
1767 4617 1902 4657 con-
1931 4612 1979 4678 D
2009 4604 2098 4659 cet
2126 4599 2311 4657 oratio
2341 4599 2401 4654 in
2432 4598 2526 4655 his
2556 4596 2821 4654 versibus
2850 4596 3184 4654 continetur
3208 4612 3223 4651 :
3255 4593 3449 4652 Revela
3478 4591 3665 4650 oculos

242 4694 996 4762 versionem,certissimam
1018 4697 1387 4767 peccatorum
1409 4706 1652 4747 suorum
1675 4688 1904 4747 veniam

245 4787 326 4843 eis
356 4804 397 4842 a
423 4785 679 4843 Domino
710 4784 1020 4857 promittit,
1076 4783 1275 4840 dicens
1328 4800 1342 4838 :
1392 4780 1609 4838 Atlevat
1642 4781 1906 4836 Dominus

249 4892 436 4933 omnes
482 4878 583 4950 qui
632 4882 918 4941 corruunt,
966 4876 1019 4930 et
1062 4874 1230 4944 erigit
1287 4888 1472 4929 omnes
1527 4872 1687 4927 elisos
1736 4870 1904 4942 (Psal.

248 4981 435 5036 CXLIV,
472 4966 587 5035 14).
624 4964 693 5019 Et
724 4980 738 5019 :
769 4964 931 5037 Apud
957 4964 1247 5019 Dominum
1292 4960 1691 5027 misericordia,
1739 4967 1793 5016 et
1820 4975 1907 5016 co-

238 5057 409 5128 piosa
439 5053 599 5125 apud
646 5069 772 5108 eum
812 5053 1118 5127 redemptio
1182 5048 1362 5121 (Psal.
1416 5067 1603 5119 CXXIX,
1655 5052 1733 5119 7).
1774 5050 1845 5104 Et
1894 5066 1907 5105 :

242 5145 429 5219 Prope
472 5152 557 5200 est
585 5143 859 5201 Dominus
885 5143 1137 5199 omnibus
1167 5141 1547 5198 invocantibus
1576 5156 1703 5195 eum
1726 5140 1787 5194 in
1816 5154 1909 5194 ve-

243 5236 419 5291 ritate
446 5233 625 5304 (Psal.
656 5248 843 5301 CXLIV,
876 5232 985 5303 18).

314 5324 439 5381 Sed
487 5321 631 5396 quia
673 5320 895 5395 optime
941 5322 1179 5377 noverat
1205 5318 1383 5376 variis
1413 5316 1912 5375 admonitionibus

249 5430 408 5489 opus
436 5430 571 5471 esse
601 5412 695 5469 bis
725 5411 854 5485 qui,
896 5409 957 5466 in
987 5408 1249 5466 saeculari
1278 5408 1397 5465 vita
1425 5407 1600 5481 positi
1631 5407 1912 5464 sollicitu-

250 5503 525 5577 dinibus,
557 5507 616 5562 et
645 5501 885 5568 divitiis,
941 5505 999 5557 et
1023 5498 1443 5574 voluptatibus,
1476 5498 1852 5555 retrahuntur
1883 5514 1916 5552 a

252 5592 928 5669 spiritualibus,saapius
958 5590 1195 5648 eosdem
1227 5589 1503 5646 admonet
1520 5591 1575 5643 et
1606 5587 1912 5660 confortat,

248 5684 462 5745 dicens
496 5701 512 5743 :
544 5682 771 5742 Gustate
824 5684 876 5742 et
926 5680 1104 5741 videte
1152 5679 1416 5755 quoniam
1467 5679 1655 5735 suavis
1692 5678 1774 5734 est
1814 5676 1917 5733 Do-

2013 4694 2235 4759 meos,et
2262 4688 2619 4746 considerabo
2639 4686 2928 4743 mirabilia
2953 4685 3018 4741 de
3046 4685 3163 4754 lege
3188 4686 3324 4752 tua;
3357 4685 3416 4738 et
3438 4697 3453 4738 :
3474 4681 3669 4754 Legem

2014 4797 2155 4852 pone
2183 4780 2344 4847 mihi,
2375 4778 2624 4846 Domine,
2655 4778 2806 4832 viam
2852 4774 3306 4847 iustiﬁcationum
3343 4774 3585 4844 tuorum,
3616 4778 3669 4827 et

2017 4870 2306 4942 exquiram
2329 4883 2453 4923 eam
2478 4880 2711 4939 semper.
2734 4867 2825 4920 Da
2851 4863 2995 4919 mihi
3020 4862 3437 4932 intellectum,et
3452 4863 3668 4918 scruta-

2021 4959 2120 5015 bor
2149 4960 2321 5029 legem
2351 4960 2503 5012 tuam
2529 4964 2579 5012 et
2611 4953 2913 5011 custodiam
2942 4953 3102 5010 illam
3131 4953 3193 5008 in
3219 4955 3328 5010 toto
3355 4950 3516 5009 corde
3548 4965 3670 5009 meo

2020 5049 2190 5121 (Psal.
2223 5064 2421 5118 CXVIII,
2454 5045 2542 5115 18,
2568 5045 2656 5117 33,
2687 5044 2802 5116 34).
2836 5043 2951 5100 Lex
2999 5042 3159 5099 enim
3209 5059 3244 5098 a
3273 5040 3493 5114 legendo
3524 5039 3669 5098 dicio

2019 5142 2135 5210 tur,
2168 5137 2416 5209 ideoque
2443 5134 2540 5208 qui
2596 5132 2806 5207 legem,
2857 5132 2918 5189 id
2947 5136 3057 5203 est,
3099 5147 3326 5189 sacram
3362 5129 3669 5188 lectionem

2019 5227 2220 5301 legens
2241 5225 2315 5282 ad
2345 5225 2474 5296 ejus
2496 5222 2859 5280 intellectum
2884 5220 3184 5295 pervenire
3210 5218 3672 5292 desiderat,pra-

2020 5319 2206 5373 missa
2232 5313 2511 5372 orationis
2538 5313 2716 5370 verba
2753 5312 2967 5385 saepius
3012 5310 3233 5367 orando
3262 5311 3487 5382 repetat
3506 5306 3670 5385 jugi-

2019 5412 2223 5480 terque
2251 5404 2536 5461 attendat.

2092 5497 2177 5552 Ad
2208 5495 2329 5551 haec
2358 5493 2536 5550 etiam
2561 5491 2803 5550 cuilibet
2834 5504 3110 5549 converso
3129 5488 3550 5547 attendendum
3581 5491 3674 5547 est

2025 5590 2089 5641 ut
2118 5602 2180 5641 se
2208 5587 2492 5657 praeparet
2520 5583 2588 5638 ad
2621 5580 2845 5639 bellum
2875 5583 3079 5637 contra
3104 5577 3441 5653 spirituales
3470 5576 3673 5653 nequi-

2023 5673 2137 5731 tias
2166 5672 2481 5746 agendum,
2505 5688 2642 5745 quo,
2660 5669 2796 5728 licet
2812 5667 2873 5728 in
2893 5667 3298 5729 conversiones
3320 5666 3509 5741 initio,
3534 5680 3671 5725 cum
