4118 6188
376 317 514 398 I’si

1384 340 1727 403 OTHLONI
1773 341 2126 404 M‘ONACHI
2174 343 2235 401 s.
2288 325 2776 403 EMMERAMMI

3670 334 3789 399 152

374 437 1117 543 unusquisque‘t‘ragilitate
1143 470 1334 528 adhuc
1366 473 1547 530 nimia
1568 476 2019 548 detinetur,pie-
2051 479 2099 543 Α
2135 475 2410 530 admonet
2439 491 2564 540 nos,
2597 473 2795 529 dicens
2831 489 2843 529 :
2881 472 3138 528 Virilite'r
3165 473 3332 543 agite,
3364 477 3462 527 etc
3484 465 3790 542 enfort'etur

269 570 284 576 ’
374 561 475 615 tas
498 558 691 615 divina
719 575 830 615 non
867 558 1165 630 permittat
1188 579 1544 635 quemquam
1563 582 1740 636 supra
1760 565 1911 622 vires
1933 565 2026 620 de-

377 647 638 722 primi,in
659 647 918 719 profectu
941 652 1139 705 tamen
1164 651 1411 725 longiori
1433 654 1661 725 positus
1687 655 1833 710 scire
1855 654 2028 710 debet

379 731 517 810 quia
546 737 751 792 eodem
780 739 1122 796 tentationis
1156 742 1286 814 igne
1325 760 1440 814 quo
1488 761 1604 800 non
1635 743 1828 800 solum
1860 743 2027 800 electi

379 821 597 900 quique
629 827 975 898 probantur,
1009 830 1108 885 sed
1141 830 1316 886 etiam
1349 831 1475 904 ipse
1517 834 1802 889 Dominus
1834 838 2030 889 noster

376 909 610 989 probari
641 915 1190 989 voluit,probandus
1220 925 1327 976 est.
1361 922 1521 977 Idem
1554 912 1811 996 namque
1832 922 2027 978 Domi-

378 1013 492 1062 nus
515 1007 806 1073 noster,ut
822 1006 881 1062 in
899 1008 1173 1064 omnibus
1189 1011 1522 1082 exemplum
1535 1012 1703 1068 nobis
1727 1013 2027 1085 praeberet,

377 1094 594 1152 tentari
626 1111 688 1151 se
716 1095 986 1168 permisit
1014 1116 1046 1152 a
1067 1098 1296 1154 diabolo
1329 1100 1556 1156 dicente
1588 1118 1600 1155 :
1637 1101 1696 1156 Si
1720 1102 1899 1156 Filius
1928 1101 2033 1155 Dei

379 1193 455 1256 es,
493 1185 582 1242 die
610 1189 670 1241 ut
701 1185 907 1257 lapides
936 1187 1032 1242 isti
1056 1201 1222 1259 panes
1253 1175 1390 1258 ﬁant
1426 1192 1643 1258 (Matth.
1691 1209 1768 1257 ιν,
1818 1191 1894 1259 3).
1965 1190 2033 1243 Et

382 1275 598 1331 iterum
633 1291 645 1330 :
680 1275 739 1330 Si
767 1271 952 1332 Filius
980 1278 1078 1332 Dei
1108 1294 1182 1348 es,
1213 1280 1368 1334 mitte
1396 1283 1447 1335 te
1469 1279 1719 1336 deorsum
1753 1279 2028 1352 (ιὸιιι.,6).

382 1369 462 1420 ΠΒ
506 1363 823 1420 electorum
870 1359 1003 1422 Vero
1061 1367 1383 1424 tentatione
1430 1369 1644 1424 dicitur
1693 1387 1705 1425 :
1758 1371 2032 1441 Tanquam

383 1453 587 1510 aurum
616 1455 675 1508 in
701 1445 927 1525 fornace
952 1456 1201 1519 probavit
1228 1458 1419 1513 electos
1451 1461 1722 1514 Dominus
1754 1458 1911 1530 (Sap.
1947 1475 2031 1525 ιιι,

385 1543 462 1614 6).
497 1539 563 1597 Et
591 1559 828 1599 rursum
881 1559 893 1598 :
925 1545 1053 1614 Fili,
1086 1546 1341 1601 accedens
1360 1547 1430 1601 ad
1456 1549 1776 1602 servitutem
1805 1548 1919 1617 Dei,
1950 1550 2036 1602 sta

387 1633 448 1687 in
469 1633 696 1703 justitia
727 1641 778 1688 et
806 1634 1079 1704 timore,et
1092 1651 1359 1706 praepara
1389 1636 1634 1691 animum
1654 1641 1805 1691 tuam
1826 1635 1901 1691 ad
1921 1640 2038 1690 ten-

389 1721 654 1777 tationem
685 1722 870 1794 (Eccli.
894 1723 1038 1794 ιι,1).
1065 1726 1196 1788 Quae
1231 1723 1452 1778 scilicet
1481 1725 1680 1779 omnia
1710 1725 2038 1796 praecipuus

388 1808 515 1865 vitae
547 1810 872 1882 spiritualis
904 1811 1104 1884 doctor
1134 1811 1446 1867 Psalmista
1478 1813 2036 1884 considerans,dice-

390 1898 491 1954 bat
523 1915 536 1954 :
572 1881 832 1955 Dominus
864 1881 1183 1973 interrtigat
1204 1903 1416 1972 justum
1438 1911 1486 1957 et
1515 1903 1750 1974 impium
1769 1920 1791 1965 ;
1818 1881 1913 1973 qui
1936 1919 2034 1958 au-

392 1991 499 2043 tem
527 1988 725 2057 diligit
751 1989 1106 2060 iniquitatem
1127 1988 1242 2045 odit
1262 1990 1518 2046 animam
1537 2001 1696 2046 suam
1721 1993 2036 2060 (Psal.x,6).

388 2073 563 2142 Quasi
597 2076 813 2134 diceret
845 2095 857 2132 :
892 2078 1175 2135 Dominus
1196 2081 1405 2136 tentari
1428 2081 1714 2152 permittit
1726 2082 1960 2151 justum
1983 2085 2039 2136 et

387 2166 765 2239 impium,$ed
789 2157 992 2239 justus
1022 2167 1240 2224 resistit
1260 2170 1529 2226 tentatori
1553 2172 1793 2243 suisque
1814 2170 2039 2226 suasio-

387 2253 598 2325 nibus;
633 2255 852 2330 im‘pius
882 2262 1076 2336 autem
1111 2263 1213 2314 aut
1239 2257 1575 2315 incredulus
1607 2263 2042 2332 permanet,aut

386 2341 458 2400 ad
489 2347 724 2417 tempus
753 2346 1125 2414 credens,sed
1157 2347 1214 2401 in
1237 2352 1496 2420 tempore
1517 2348 1857 2404 tentationis
1880 2365 2040 2403 rece-

388 2430 532 2488 dens
562 2433 752 2505 (Luc.v
781 2429 888 2506 III),
918 2435 1052 2506 plus
1083 2436 1304 2508 appetit
1333 2437 1590 2492 carnalia
1621 2443 1677 2492 et
1706 2437 2043 2492 transitoria

391 2530 568 2595 quam
595 2521 851 2578 coelestia
881 2528 1210 2596 aeternaque
1241 2525 1456 2597 gaudia
1485 2525 1752 2597 adipisci.
1771 2525 1878 2590 Qui
1907 2542 2042 2598 ergo

396 2609 772 2682 iniquitatem
789 2611 949 2668 odire
971 2617 1029 2668 et
1044 2613 1300 2670 animam
1325 2631 1490 2669 suam
1509 2614 1751 2688 diligere
1764 2606 2041 2682 decernit,

389 2697 628 2756 necesse
662 2703 751 2756 est
786 2699 850 2757 ut
880 2718 984 2773 per
1015 2704 1396 2759 tentationem
1423 2703 1815 2776 interrogetur
1845 2708 2041 2758 utrum

390 2788 454 2845 in
503 2789 850 2861 hujuSmodi
903 2791 1033 2847 odio
1082 2796 1139 2847 et
1186 2792 1495 2849 dilectione
1542 2794 1849 2864 persistere
1886 2791 2042 2848 velit.

390 2871 552 2952 saepe
575 2881 830 2953 namque
846 2880 1056 2947 accidit
1076 2885 1140 2937 ut
1159 2882 1465 2954 bona,quae
1487 2882 1773 2954 coepimus
1795 2881 2047 2953 nisuque

389 2965 510 3025 toto
539 2969 814 3041 perﬁcere
846 2956 1234 3039 decrevimus,
1267 2971 1608 3027 adveniente
1639 2970 1834 3042 aliqua
1863 2974 2047 3026 tenta-

391 3056 572 3129 tione,
605 3061 705 3113 aut
731 3054 801 3114 ad
833 3045 1085 3132 tempus,
1109 3060 1198 3116 vel
1223 3061 1377 3133 quod
1409 3065 1496 3116 est
1527 3061 1776 3132 nequius
1807 3059 2046 3115 omnino

392 3143 1353 3218 postponamus.Quomodoautcm
1379 3150 2051 3222 lapsumtantumagno-

2134 580 2226 619 cor
2254 569 2508 630 vestrum,
2540 579 2722 619 omnes
2748 564 2844 635 qui
2864 563 3093 635 speratis
3112 563 3173 617 in
3195 562 3424 618 Domino
3455 560 3606 632 (Psal
3634 563 3784 629 XXVI,

2138 653 2398 724 14).Item
2431 653 2645 707 docens
2666 668 3148 724 unumquemque
3183 649 3432 722 qualiter
3462 665 3628 706 orare
3650 665 3786 706 con-

2137 745 2228 797 tra
2257 740 2593 813 spirituales
2625 740 2896 812 nequtias
2927 740 3154 807 debeat,
3186 738 3328 794 dicit
3359 755 3370 793 :
3407 743 3567 803 Deus,
3603 740 3663 794 in
3689 738 3788 794 ad-

2129 831 2402 903 jutorium
2429 847 2613 886 meum
2639 830 2893 899 intende;
2924 830 3170 898 Domine,
3197 829 3271 884 ad
3299 827 3671 901 adjuvandum
3702 835 3798 883 me"

2135 922 2339 992 festina
2370 921 2543 988 (Psat.
2578 927 2724 990 LXIX,
2759 919 2833 991 1),
2857 924 2991 990 etc.,
3019 935 3209 991 usque
3240 915 3315 974 ad
3343 917 3519 973 tinem
3551 915 3790 990 psalmi,

2139 1011 2221 1064 Ad
2237 1010 2503 1065 eamdem
2519 1017 2640 1064 rem
2665 1024 2920 1081 congrue
2936 1008 3198 1064 adhiberi
3215 1007 3534 1080 possunthi
3553 1005 3787 1080 psalmi:

2138 1098 2352 1166 Indica,
2403 1100 2650 1165 Domine,
2719 1103 2967 1154 nocentes
3013 1115 3100 1154 me
3145 1098 3318 1170 (Psal.
3365 1096 3495 1170 xxv)
3543 1114 3561 1151 :
3611 1098 3674 1153 In
3719 1103 3792 1163 te,

2139 1190 2384 1255 Domine,
2415 1189 2630 1259 speravi
2656 1188 2829 1259 (Psal.
2863 1187 3033 1259 xxx);
3065 1189 3327 1242 miserere
3352 1188 3472 1242 mei
3510 1187 3672 1257 Deus,
3704 1203 3792 1242 se-

2139 1277 2520 1347 cundum,etc.
2555 1277 2727 1348 (Psal.
2753 1277 2842 1347 1.);
2880 1279 3103 1344 Deus,in
3121 1277 3346 1332 nomine
3362 1280 3452 1332 tuo
3475 1275 3796 1348 (Psalmnr);

2142 1367 2307 1438 Eripe
2333 1373 2421 1420 me
2451 1365 2516 1420 de
2546 1367 2792 1421 inimicis
2839 1368 2997 1436 meis,
3031 1367 3170 1421 Deus
3196 1381 3347 1421 meus
3377 1366 3556 1433 (Psal.
3589 1365 3744 1436 LVIII)
3778 1381 3792 1431 ;

2143 1456 2388 1521 Domine,
2420 1454 2626 1510 exaudi
2654 1456 2955 1511 orationem
2976 1471 3174 1521 meam,
3203 1462 3252 1511 et
3279 1455 3489 1510 clamor
3504 1457 3795 1519 meus',etc.

2144 1544 2317 1616 (Psal.
2351 1544 2447 1616 σι).
2481 1543 2626 1599 Hinc
2657 1547 2712 1599 et
2753 1543 3067 1616 Apostolus
3098 1544 3376 1600 admonet
3405 1549 3511 1600 nes
3543 1543 3744 1598 dicens
3779 1559 3792 1598 :

2144 1636 2382 1706 Accipite
2409 1641 2768 1689 armaturam
2799 1634 2915 1704 Dei,
2968 1641 3028 1688 ut
3071 1633 3291 1705 possitis
3344 1627 3496 1688 stare
3540 1630 3796 1688 adversus

2146 1723 2382 1779 insidias
2413 1723 2628 1778 diaboli
2657 1724 2866 1794 (Ep/aes.
2900 1741 2978 1789 VI,
3009 1723 3117 1794 13).

2221 1813 2377 1867 Inter
2392 1811 2513 1866 haec
2535 1827 2768 1884 quoque
2791 1811 3095 1867 sciendum
3118 1810 3414 1867 neminem
3438 1808 3795 1884 ﬂagitiosum

2147 1906 2383 1972 repente
2413 1917 2587 1974 posse
2625 1900 2708 1956 ita
2739 1917 2772 1956 a
2801 1900 3097 1957 consuetis
3129 1900 3450 1973 permutari
3481 1898 3799 1956 sceleribus

2147 1989 2374 2057 ut,licet
2400 1989 2825 2045 ferventissimo
2851 1990 3056 2045 ardore
3081 1989 3238 2044 hosti
3261 1989 3502 2062 antiquo
3525 1988 3796 2044 reluctari

2149 2079 2403 2149 studeat,
2439 2095 2555 2134 non
2586 2078 2808 2150 absque
2837 2078 3072 2135 vulnere
3092 2078 3288 2152 aliquo
3317 2077 3621 2135 victoriam
3651 2077 3799 2134 obti-

2149 2169 2422 2224 neat.Sed
2451 2168 2606 2224 Deus
2627 2167 2818 2224 sciens
2848 2173 2905 2223 et
2934 2173 3195 2224 nostram
3222 2166 3595 2242 fragilitatem
3617 2170 3674 2223 et
3693 2166 3798 2221 ho-

2149 2249 2330 2314 stium
2353 2257 2755 2313 fortitudinem
2769 2273 3140 2330 nequaquam
3153 2274 3260 2313 nos
3273 2257 3458 2314 victos
3470 2256 3582 2312 cito
3604 2253 3800 2328 despi-

2155 2347 2252 2414 cit,
2302 2346 2622 2401 dummodo
2653 2361 2925 2402 curemus
2957 2351 3021 2402 ut
3049 2363 3157 2402 nos
3188 2347 3405 2402 iterum
3435 2347 3797 2402 renovemus.

2152 2435 2296 2490 Cum
2331 2450 2467 2507 ergo
2501 2451 2818 2491 conversus
2860 2434 3107 2507 quilibet
3151 2435 3207 2490 in
3240 2434 3556 2490 certamine
3589 2449 3802 2506 magno

2153 2525 2382 2598 positus
2405 2523 2492 2579 vel
2512 2525 2615 2596 pro
2636 2523 2872 2581 vulnere
2895 2524 3142 2596 alicujus
3164 2529 3361 2582 reatus
3383 2523 3469 2580 vel
3493 2539 3594 2596 pro
3616 2522 3804 2578 tristi-

2151 2615 2233 2669 tia
2250 2613 2541 2686 passionis
2566 2613 2810 2669 insolitaa
2829 2613 3165 2671 conturbari
3179 2613 3558 2686 coeperit,non
3572 2609 3805 2668 difﬁdat

2154 2704 2224 2758 de
2256 2702 2358 2758 Dei
2389 2703 2700 2774 adjutorio,
2726 2703 2826 2758 sed
2858 2719 3026 2759 suam
3060 2704 3355 2777 ignaviam
3387 2702 3699 2775 increpans
3721 2701 3804 2757 di-

2155 2795 2250 2847 cat
2283 2808 2294 2846 :
2333 2793 2512 2859 Quare
2546 2793 2721 2847 tristis
2751 2809 2825 2858 es,
2856 2795 3046 2848 anima
3075 2809 3216 2860 mea,
3249 2802 3301 2849 et
3331 2807 3499 2864 quare
3519 2790 3806 2848 conturbas

2154 2896 2243 2935 me
2269 2881 2298 2935 ?
2323 2881 2491 2950 Spera
2520 2882 2580 2934 in
2607 2882 2710 2936 Deo
2732 2883 2992 2952 quoniam
3012 2880 3190 2936 adhuc
3205 2881 3498 2953 conﬁtebar
3521 2881 3613 2936 illi
3633 2878 3804 2953 (Psal.

2157 2985 2316 3024 XLIII.
2351 2969 2427 3040 5).
2487 2971 2642 3025 Jacta
2679 2985 2843 3041 super
2870 2971 3164 3026 Dominum
3191 2987 3381 3025 curam
3414 2974 3588 3041 tuam,
3619 2978 3668 3025 et
3693 2971 3810 3040 ipse

2158 3062 2211 3114 le
2239 3060 2473 3114 enutriet
2499 3059 2677 3128 (Psal.
2731 3075 2842 3126 LIV,
2871 3060 2983 3128 23).
3031 3060 3138 3128 Qui
3179 3061 3512 3132 propitiatur
3556 3059 3809 3116 amnibus

2160 3148 2548 3220 iniquitatibus
2579 3150 2710 3218 tuis,
2742 3150 2839 3219 qui
2865 3153 3032 3204 sanat
3061 3160 3242 3205 omnes
3281 3149 3640 3220 inﬁrmitates
3666 3157 3804 3204 tuas.

388 3234 548 3292 scere
565 3231 984 3308 potuissemus,
1006 3235 1117 3293 nisi
1137 3238 1506 3311 interrogati?
1519 3238 1679 3294 Unde
1703 3238 2040 3294 omnimodo
2073 3223 2132 3290 Ci
2153 3227 2265 3307 'Qui
2284 3236 2507 3292 redimit
2535 3236 2601 3292 de
2630 3239 2858 3293 interitu
2887 3239 3058 3292 vitam
3085 3242 3256 3305 tuam,
3288 3240 3388 3310 qui
3411 3241 3639 3294 coronat
3669 3242 3719 3292 te
3749 3239 3804 3292 in

385 3320 754 3397 pensandum
778 3329 865 3382 est
892 3325 1490 3400 quamjustus,quam
1520 3328 1797 3399 providus
1831 3327 1907 3383 sit
1926 3325 2036 3382 Do-

339 3489 344 3492 _
387 3413 606 3486 minus,
629 3415 731 3488 qui
762 3431 870 3471 nos
901 3415 1284 3488 dispositione
1313 3417 1414 3472 tali
1448 3419 1772 3490 interrogat
1794 3417 1934 3488 quid
1962 3416 2039 3470 si-

388 3505 540 3580 mus,
577 3502 837 3578 quidque
880 3521 983 3577 pro
1015 3507 1142 3578 ejus
1173 3521 1369 3561 amore
1404 3508 1588 3562 facere
1617 3506 1868 3562 velimus
1888 3506 1916 3560 ‘l
1948 3505 2043 3561 Sic

389 3592 570 3648 etiam
591 3593 623 3648 J
629 3593 702 3648 ob
734 3592 1126 3666 interrogatus
1147 3599 1256 3661 est,
1294 3595 1529 3664 quando
1549 3594 1836 3666 plurimas
1858 3597 2048 3650 tenta-

386 3681 566 3736 tidnis
593 3681 893 3737 malestias
917 3699 949 3737 a
973 3677 1204 3738 diabolo
1225 3682 1526 3738 immissas
1548 3681 1928 3755 pertulit.Sed
1949 3683 2045 3739 ille

391 3768 831 3847 interrogationi
863 3770 1000 3826 huic
1035 3771 1259 3826 fortiter
1297 3771 1614 3842 respondit,
1649 3789 1784 3826 cum
1817 3772 2045 3842 penitus

394 3857 736 3915 deliberavit
785 3859 969 3915 miIlto
1001 3858 1214 3916 melius
1243 3875 1371 3915 esse
1403 3861 1600 3915 omnia
1629 3862 1871 3917 adversa
1901 3861 2045 3933 pati,

397 3948 595 4004 omnia
624 3949 778 4005 bona
810 3965 935 4020 quae
968 3949 1027 4004 in
1073 3947 1180 4004 hoc
1238 3948 1449 4005 saeculo
1475 3951 1755 4022 possedit,
1789 3953 2046 4024 perdere,

398 4047 578 4108 quam
600 4036 974 4108 iniquitatem
996 4041 1115 4093 tam
1138 4038 1210 4093 ab
1234 4053 1410 4094 uxore
1433 4056 1607 4112 quam
1625 4042 1694 4096 ab
1709 4042 1914 4097 amicis
1938 4041 2048 4097 sibi

400 4130 741 4199 suggestam
765 4130 965 4181 contra
985 4126 1168 4183 Deum
1193 4132 1636 4200 perpetrarelta
1656 4136 1712 4185 et
1739 4147 1844 4187 nos
1868 4132 2052 4186 facere

403 4214 684 4271 debemus
739 4215 798 4270 in
831 4216 1152 4273 tentatione
1181 4217 1375 4289 positi.
1414 4218 1559 4274 Cum
1589 4219 1747 4275 enim
1780 4219 2052 4275 diabolus

401 4303 572 4375 nobis
637 4303 959 4378 sugesserit
1022 4307 1379 4378 superbiam,
1433 4308 1732 4380 inspirans
1785 4309 2056 4365 videlicet

403 4394 563 4450 c0rdi
586 4399 785 4451 nostro
816 4397 1002 4453 multo
1035 4397 1245 4454 melius
1275 4414 1403 4453 esse
1436 4413 1613 4469 super
1641 4397 1787 4454 alios
1812 4398 2054 4454 exaltari

405 4497 580 4556 quam
612 4483 886 4558 cuiquam
920 4486 1360 4559 aubjugarimos
1385 4486 1662 4542 continuo
1692 4488 2057 4543 attendentes

2148 3327 2526 3382 misericordia
2574 3331 2629 3382 et
2676 3328 3140 3383 miserationibus.
3193 3328 3299 3396 Qui
3342 3327 3515 3399 replet
3565 3328 3626 3383 in
3659 3327 3809 3383 bonis

2151 3415 2483 3472 desiderium
2512 3421 2687 3488 tuum,
2719 3417 3070 3473 renovabitur
3097 3419 3160 3471 ut
3187 3417 3388 3489 aquila:
3418 3418 3681 3488 juventus
3711 3419 3807 3472 tua

2153 3506 2326 3577 (Psal.
2378 3523 2476 3573 cn,
2527 3507 2668 3574 3-5).
2725 3506 3003 3561 Convenit
3045 3505 3222 3562 etiam
3279 3503 3371 3562 his
3401 3505 3806 3562 consolatoriis

2153 3595 2346 3650 verbis
2374 3595 2615 3667 adjungi
2641 3593 2741 3650 illa
2769 3595 3049 3650 orationis
3069 3596 3244 3651 verba
3266 3611 3390 3668 quae
3423 3599 3540 3652 tam
3575 3606 3678 3668 p'ro
3696 3595 3813 3667 spi-

2155 3683 2352 3739 rituali
2402 3701 2577 3755 quam
2627 3684 2912 3756 corporali
2962 3684 3302 3740 infirmitate
3350 3688 3490 3741 aunt
3519 3684 3808 3740 dicenda:

2158 3773 2419 3828 Miserere
2447 3775 2573 3841 mei,
2606 3774 2851 3844 Domine,
2885 3775 3146 3844 quoniam
3188 3773 3448 3844 inﬁrmus
3476 3789 3597 3830 sum
3627 3789 3646 3827 :
3673 3787 3816 3829 sana

2156 3879 2262 3930 me,
2313 3864 2570 3930 Domine,
2621 3865 2883 3935 quoniam
2901 3864 3252 3942 \conturbata
3315 3871 3444 3919 sunt
3506 3871 3626 3919 ossa
3670 3877 3815 3920 mea.

2159 3956 2443 4022 Converte,
2503 3953 2752 4024 Domine,
2784 3957 2837 4008 et
2884 3953 3030 4025 eripe
3058 3955 3307 4009 animam
3355 3966 3534 4009 meum
3555 3969 3576 4015 ;
3609 3953 3819 4009 sélvum

2165 4058 2252 4098 me
2279 4045 2368 4114 fac
2415 4050 2636 4114 propter
2686 4041 3124 4098 misericordiam
3173 4045 3327 4098 tuam
3356 4041 3534 4111 (Psal.
3567 4053 3642 4110 VI,
3675 4042 3820 4113 3-5).

2162 4133 2615 4204 Coniunguntur
2643 4136 2700 4188 et
2730 4132 2881 4187 ista:
2915 4132 3032 4187 Non
3061 4131 3412 4202 derelinquas
3450 4139 3557 4198 me,
3591 4131 3826 4188 Domine

2163 4225 2304 4278 Deus
2352 4235 2527 4287 meus,
2578 4237 2646 4277 ne
2698 4221 3010 4284 discesseris
3039 4239 3074 4276 (ι
3119 4237 3223 4277 me.
3257 4222 3484 4278 Intende
3512 4223 3572 4276 in
3600 4219 3821 4289 adiuto-

2164 4309 2311 4365 rium
2343 4325 2548 4379 meum,
2581 4313 2830 4378 Domine,
2872 4311 3010 4368 Deus
3039 4309 3234 4366 salutis
3264 4325 3403 4368 mea?
3432 4311 3822 4380 (Psal.xxxvn,

2164 4402 2252 4463 22,
2296 4400 2407 4472 ‘33).
2440 4401 2580 4455 Deus
2609 4417 2678 4455 ne
2709 4401 2979 4471 clongcris
3008 4417 3043 4454 a
3070 4415 3197 4469 me;
3229 4401 3368 4455 Deus
3417 4401 3589 4467 meus,
3623 4401 3687 4455 in
3717 4413 3820 4455 tm-

2165 4490 2370 4544 xilium
2399 4506 2582 4544 meum
2616 4492 2817 4560 respice
2873 4489 3039 4561 (Psrl.
3073 4505 3200 4560 Lxx,
3244 4490 3350 4560 12).
3407 4491 3576 4546 Intret
3604 4491 3666 4545 in
3692 4503 3826 4545 con-

406 4572 506 4629 illa
520 4573 697 4629 verba
716 4575 1043 4632 Dominica:
1063 4578 1386 4647 Omnisquis
1401 4592 1458 4630 se
1474 4577 1703 4644 exultat,
1734 4576 2059 4632 humiliabi-
2090 4597 2137 4662 D
2165 4589 2346 4650 specta
2377 4587 2486 4646 tuo,
2511 4580 2757 4645 Domine,
2791 4582 2964 4635 oratio
3001 4593 3142 4634 mea.
3175 4579 3389 4635 Inclina
3419 4591 3611 4635 aurem
3666 4582 3827 4634 tuam

409 4672 502 4719 tur
531 4663 682 4734 (Luc.
713 4665 1182 4736 xrv,lt),aliaque
1212 4662 1469 4735 plurima
1488 4663 1840 4720 humilitatis
1868 4681 2061 4721 exem~

414 4745 656 4826 pla,toto
689 4753 906 4811 mentis
929 4754 1058 4810 nisu
1090 4751 1452 4825 suggestioni
1475 4752 1772 4809 diabolicae
1795 4755 2066 4811 resistere

417 4833 719 4900 debemus.

474 5003 480 5008 _
1077 4931 1307 4986 CAPUT
1345 4935 1412 4986 v.

419 5022 544 5079 Alia
594 5020 924 5080 documenta
951 5023 1006 5094 et
1031 5020 1435 5078 medicamenta
1459 5038 1557 5094 pro
1587 5023 1816 5079 diversis
1844 5024 2070 5094 morbis,

633 5100 684 5150 et
719 5095 873 5149 vitiis
912 5093 1089 5148 animi
1117 5109 1186 5149 ex
1211 5094 1440 5164 psalmis
1469 5093 1851 5166 depromenda.

490 5202 704 5258 Eodem
738 5216 969 5272 quoque
999 5200 1172 5255 modo
1204 5203 1407 5256 catera
1435 5201 1596 5270 vitia,
1632 5219 1882 5273 quorum
1911 5202 2070 5258 dele-

420 5291 671 5348 ctatione
703 5287 988 5362 capimur,
1054 5294 1414 5361 respuentes,
1467 5292 1839 5347 attendamus
1893 5309 2068 5347 sacra:

417 5381 728 5451 Scriptura:
756 5379 933 5434 verba
982 5397 1107 5451 quae
1139 5380 1462 5452 saepissime
1494 5381 1562 5436 de
1621 5381 1872 5454 singulis
1916 5381 2069 5437 vitiis

419 5469 729 5540 disputans
747 5485 900 5524 nunc
921 5469 1275 5540 istius,nunc
1297 5457 1453 5525 illius
1466 5469 1588 5525 vitii
1609 5474 1922 5528 sectatores
1944 5489 2071 5526 nar-

421 5563 511 5613 rat
542 5557 622 5613 ita
647 5555 1051 5631 supplantatos
1069 5576 1101 5614 a
1122 5557 1352 5614 diabolo
1376 5563 1439 5612 ut
1465 5562 1567 5613 aut
1585 5559 1677 5613 vix
1703 5563 1804 5615 aut
1826 5559 2070 5616 nullate-

423 5653 535 5706 nus
566 5652 1056 5707 converterentur.
1091 5647 1250 5704 Unde
1288 5649 1490 5704 doctor
1528 5653 1725 5706 noster
1754 5647 2070 5706 Psalmista

2170 4667 2240 4723 ad
2265 4684 2476 4740 precem
2496 4681 2694 4735 meam,
2717 4671 2846 4741 quia
2876 4669 3082 4740 repleta
3112 4672 3192 4724 est
3223 4669 3386 4724 malis
3406 4667 3596 4724 anima
3624 4681 3748 4724 mea
3774 4675 3832 4724 et

2174 4759 2289 4812 vita
2319 4774 2438 4813 mea
2466 4760 2692 4830 inferno
2721 4760 3184 4830 appropinquavit
3216 4755 3382 4830 (Psal.
3408 4757 3710 4824 LXxxv11,3,
3742 4759 3828 4827 4),

2184 4848 2412 4902 Intende
2438 4847 2507 4902 ad
2526 4847 2962 4919 deprecationem
2992 4849 3330 4920 meam,quia
3362 4846 3690 4903 humiliatus
3705 4851 3833 4903 sum

2179 4939 2364 4992 nimis.
2401 4938 2597 4992 Libera
2627 4953 2712 4993 me
2743 4955 2779 4993 (ι
2825 4936 3272 5010 persequentibus
3299 4948 3406 5007 me,
3437 4939 3570 5010 quia
3611 4938 3833 5007 confor-

2180 5026 2283 5081 tati
2310 5031 2439 5081 sunt
2467 5043 2628 5098 super
2665 5043 2750 5083 me
2775 5027 2946 5098 (Psal.
2975 5043 3120 5092 CXLI,
3149 5028 3228 5087 7).

2253 5116 2396 5170 Ecce
2441 5115 2715 5182 audistis,
2758 5117 2964 5171 fratres
2995 5115 3349 5187 charissimi,
3381 5119 3560 5188 quam
3608 5113 3834 5171 intimae

2180 5203 2597 5259 consolationis
2619 5209 2676 5259 et
2697 5204 2978 5261 orationis
3001 5206 3177 5261 verba
3199 5205 3441 5278 proferri
3466 5205 3603 5261 fecit
3623 5202 3837 5260 Domi-

2181 5308 2292 5346 nus
2325 5308 2427 5362 per
2457 5297 2726 5349 sanctum
2763 5293 3160 5364 Psalmistam,
3186 5309 3311 5368 qua
3337 5297 3456 5351 tam
3479 5289 3671 5351 facilia
3693 5298 3839 5350 sunt

2179 5381 2458 5438 omnibus
2488 5380 2758 5439 litteratis
2781 5386 2853 5438 ad
2874 5383 3320 5458 intelligendum
3339 5382 3404 5440 ut
3425 5395 3721 5456 nasquam
3743 5383 3836 5438 fa-

2179 5471 2380 5527 ciliora
2400 5471 2643 5527 inveniri
2664 5473 3080 5545 possint.Unde
3093 5475 3266 5529 datur
3284 5469 3532 5547 intelligi
3550 5472 3834 5546 quoniam

2179 5561 2436 5616 maxima
2466 5577 2604 5617 cura
2635 5562 2880 5618 Domino
2911 5563 3108 5635 fuerit,
3156 5565 3222 5618 ut
3250 5575 3455 5618 omnes
3482 5565 3606 5619 tam
3635 5561 3834 5636 planis

2178 5648 2498 5707 Psalmistae
2519 5651 2710 5708 verbis
2730 5649 3113 5711 instruensad
3135 5659 3199 5710 se
3221 5643 3650 5712 traheret.Nam
3665 5651 3837 5711 sicut
