4118 6188
272 398 400 463 £33

1422 401 1572 462 LIB.
1621 401 1722 464 DE
1768 403 2029 469 CURSU
2072 402 2541 466 SPIRITUALI.

3573 401 3690 465 154

272 533 496 608 aliquis
534 533 810 607 princeps
854 532 1221 592 charissimis
1249 535 1453 592 amicis
1485 536 1609 592 suis
1641 538 1711 593 ad
1745 555 1806 594 se
1834 555 1928 594 ve-
1959 545 2015 610 Α
2045 539 2467 595 immaculatum
2494 539 2552 594 in
2585 538 3059 608 iusti/lectionibus
3083 537 3212 604 tuis,
3232 545 3294 593 ut
3320 553 3431 595 non
3458 539 3689 608 confun-

275 624 587 684 nientibus
610 624 939 680 convivium
965 641 1299 697 praeparans
1321 625 1486 698 ponit
1506 642 1771 682 mensam
1795 645 1928 684 cum

271 715 522 772 diversa?
554 713 859 786 qualitatis
889 713 1142 786 dapibus
1172 718 1227 770 et
1268 715 1503 787 potibus
1534 716 1836 788 repletam,
1867 721 1933 773 ut

267 810 400 860 tam
435 820 502 859 ex
532 802 865 859 diversitate
892 819 1072 875 quam
1098 820 1166 859 ex
1195 804 1360 876 copia
1383 805 1645 860 ciborum
1677 805 1929 862 delecta-

269 893 395 949 bile
419 893 698 948 omnibus
721 891 895 948 faciat
913 892 1274 962 convivium;
1299 894 1383 949 ita
1403 900 1459 950 et
1480 894 1633 950 Deus
1656 895 1931 952 omnibus

272 981 346 1038 ad
371 998 439 1038 se
462 981 935 1054 confugientibus
959 998 1227 1038 mensam
1247 984 1584 1040 omnimodo
1603 985 1931 1057 spiritualis

271 1070 408 1125 vitae
443 1069 708 1126 doctrina
733 1069 1013 1140 repletam
1045 1071 1312 1144 apponit;
1348 1091 1503 1129 nunc
1535 1075 1770 1146 quidem
1804 1091 1931 1146 pro-

272 1159 560 1216 nuntians
591 1164 822 1215 tantum
853 1177 980 1232 qua:
1011 1159 1125 1216 sibi
1155 1161 1423 1233 placeant
1444 1162 1530 1218 vel
1561 1163 1926 1236 displiceant,

275 1253 511 1320 quantas
539 1248 738 1319 gratias
787 1249 1014 1305 novitas
1045 1251 1116 1306 de
1153 1251 1383 1307 Christo
1432 1253 1728 1310 nescituro
1777 1272 1928 1328 prae-

273 1339 499 1394 standa
527 1331 687 1404 foret,
704 1355 833 1410 quae
855 1339 1033 1395 etiam
1054 1340 1228 1396 bonis
1247 1341 1334 1396 vel
1368 1342 1538 1398 malis
1564 1361 1666 1416 pro
1689 1344 1930 1400 merito-

274 1443 421 1482 rum
447 1426 720 1499 qualitate
742 1428 941 1483 futura
962 1427 1100 1496 sint,
1122 1436 1187 1484 ut
1205 1447 1308 1502 per
1326 1430 1435 1486 hoc
1457 1448 1660 1488 omnes
1681 1433 1929 1504 proben-

279 1519 390 1571 tur
419 1519 609 1571 utrum
641 1515 905 1572 celeriter
933 1534 1006 1573 an
1037 1519 1203 1574 tarde
1232 1518 1390 1574 illius
1411 1521 1601 1576 verbis
1625 1523 1928 1578 credentes

279 1604 584 1672 obediant;
609 1615 915 1661 nunc‘vero
933 1606 1226 1678 quoslibet
1246 1608 1610 1681 negligentes
1631 1613 1687 1666 et
1708 1610 1926 1682 pigros,

245 1698 341 1776 tut
369 1694 443 1749 ad
476 1711 545 1749 ea
575 1711 702 1766 quae
739 1696 866 1767 jam
897 1696 1010 1751 sibi
1055 1697 1431 1769 pronuntiata
1458 1703 1597 1754 sunt
1626 1701 1931 1756 attendant

273 1783 636 1852 admonens;
668 1789 962 1856 postremo
985 1791 1179 1842 autem
1203 1804 1302 1844 eos
1324 1787 1424 1859 qui
1452 1805 1555 1844 nec
1582 1788 1926 1861 pronuntia-

273 1873 432 1928 tione
465 1890 573 1929 nec
605 1874 1004 1932 admonitione
1025 1877 1286 1933 conversi
1308 1883 1447 1932 sunt
1466 1878 1656 1934 verbis
1677 1879 1927 1952 asperio-

273 1963 437 2018 ribus
469 1963 807 2036 increpans.
840 1964 942 2020 His
972 1965 1153 2038 igitur
1180 1966 1370 2022 tribus
1403 1968 1595 2022 modis
1627 1967 1922 2040 loquendi,

270 2051 328 2107 id
359 2058 447 2108 est
476 2053 975 2125 pronuntiatione,
1001 2055 1397 2112 admonitione
1422 2060 1477 2112 et
1505 2056 1923 2130 increpatione,

273 2157 475 2198 omnes
509 2141 780 2199 homines
805 2143 1114 2200 Psalmista
1145 2144 1472 2217 alloquens,
1499 2146 1791 2202 interdum
1815 2148 1923 2202 sub

269 2231 372 2286 Dei
395 2231 612 2299 Patris,
629 2248 789 2288 nunc
812 2232 870 2287 in
893 2231 1042 2301 Filii,
1069 2250 1222 2306 saepe
1252 2233 1425 2290 etiam
1452 2250 1520 2290 ex
1542 2252 1790 2307 persona
1810 2236 1924 2306 sui,

268 2325 338 2375 ut
367 2321 440 2375 ad
471 2325 656 2376 Deum
690 2322 970 2377 convertit
998 2325 1100 2378 aut
1137 2323 1472 2394 justissimo
1504 2324 1924 2396 judiciogdam-

271 2409 507 2465 nandos
537 2409 816 2482 praecidit.
851 2411 1092 2468 Duobus
1133 2429 1267 2468 vero
1316 2413 1528 2481 modis,
1569 2414 1628 2468 id
1660 2419 1747 2470 est
1791 2432 1926 2472 ora-

267 2499 438 2555 tione
471 2503 526 2555 et
554 2499 936 2570 confessione,
979 2501 1145 2556 docet
1187 2519 1391 2558 omnes
1422 2503 1824 2576 confugientes
1853 2505 1924 2560 ad

267 2592 458 2644 Deum
506 2588 703 2662 ipsum
755 2588 1148 2662 alloqui.Quze
1196 2591 1477 2646 nimirum
1527 2593 1724 2649 omnia
1772 2611 1926 2650 nunc

268 2679 516 2750 quidem
574 2679 828 2735 breviter
881 2679 1120 2751 protuli,
1154 2681 1258 2736 sed
1307 2683 1706 2752 postmodum,
1752 2688 1928 2756 prout

265 2768 427 2824 Deus
449 2768 1112 2842 concesserit,exemplis
1130 2769 1560 2827 sufﬁcientibus
1581 2771 1922 2845 explanabo,

263 2861 332 2912 ut
368 2857 666 2912 conversis
700 2857 1072 2930 aliquatenus
1113 2859 1435 2915 ostendam
1461 2877 1638 2933 quam
1671 2861 1926 2918 delecta-

261 2945 390 3002 bile
423 2947 753 3002 convivium
783 2947 1058 3002 doctrinae
1081 2948 1361 3005 Dominus
1384 2950 1774 3006 sectatoribus
1802 2952 1925 3008 suis

259 3035 320 3091 in
365 3053 536 3092 sacra
565 3035 868 3109 Scriptura
916 3036 1286 3109 maximeque
1333 3038 1389 3092 in
1425 3038 1667 3110 psalmis
1697 3057 1925 3112 prapa-

260 3125 440 3193 ravit,
465 3128 532 3180 ut
561 3129 617 3181 et
644 3142 710 3182 eo
743 3125 1065 3182 studiosius
1087 3143 1149 3182 se
1182 3144 1214 3181 a
1244 3127 1416 3183 malis
1442 3128 1795 3200 abstineant,
1812 3147 1924 3202 quo

259 3215 496 3272 certius
525 3215 863 3271 adfuturam
891 3215 1000 3270 sibi
1027 3216 1274 3288 gratiam
1304 3215 1402 3272 Dei
1436 3223 1779 3289 agnoscunt.

2039 626 2142 682 dar
2172 628 2343 696 (Psat.
2378 644 2567 694 cxvm,
2600 628 2710 698 80).
2744 629 2810 682 Et
2841 645 2853 683 :
2890 628 2992 684 Cor
3025 628 3292 684 mundum
3339 644 3462 684 crea
3491 628 3547 683 in
3579 643 3687 699 me,

2037 717 2199 784 Deus,
2231 721 2281 774 et
2309 719 2568 789 spiritum
2616 720 2822 773 rectum
2867 719 3070 774 innova
3117 720 3180 772 in
3224 717 3525 774 visceribus
3553 721 3690 773 meis

2041 807 2190 861 Psal.
2227 824 2278 875 L,
2313 807 2422 878 12).
2446 807 2555 862 Ubi
2586 807 2909 862 notandum
2943 806 3081 879 quia
3109 808 3250 862 dum
3284 807 3447 880 prius
3476 805 3687 879 implo-

2047 899 2136 950 rat
2165 912 2265 950 cor
2294 897 2584 952 mundum
2627 897 2686 951 in
2731 913 2792 952 se
2840 897 3044 961 creari,
3073 900 3129 951 et
3158 895 3368 951 deinde
3413 895 3686 967 spiritum

2039 989 2260 1040 rectum
2295 985 2352 1041 in
2385 1002 2448 1041 se
2496 985 2754 1058 postulat
2801 985 3088 1054 innovari,
3136 984 3411 1040 intimare
3460 985 3690 1040 videtur

2039 1072 2207 1128 aliter
2247 1090 2355 1130 nos
2387 1091 2502 1130 non
2534 1091 2708 1146 posse
2739 1074 2993 1146 Spiritus
3024 1072 3210 1129 sancti
3241 1072 3488 1145 gratiam
3538 1073 3688 1128 obti-

2039 1179 2194 1230 nere,
2221 1163 2336 1219 uisi
2367 1164 2531 1236 prius
2563 1163 2755 1220 cordis
2781 1161 3133 1218 munditiam
3157 1161 3550 1218 obtineamus.
3575 1161 3688 1216 Sed

2039 1251 2332 1320 diabolus,
2372 1257 2590 1324 quanto
2649 1253 2928 1323 majorem
2988 1251 3268 1308 fiduciam
3326 1253 3383 1306 et
3437 1249 3688 1323 gratiam

2038 1341 2194 1414 apud
2234 1345 2416 1397 Deum
2461 1343 2766 1398 habituros
2815 1342 2973 1397 novit
3023 1345 3234 1409 castos,
3268 1344 3432 1395 tanto
3463 1338 3688 1395 diutius

2037 1445 2137 1486 eos
2183 1430 2344 1486 omni
2393 1431 2566 1487 modo
2617 1431 2944 1504 impugnat.
2975 1431 3095 1486 Scit
3143 1427 3299 1486 enim
3349 1428 3686 1501 scriptum:

2035 1521 2195 1576 Beati
2250 1522 2453 1577 mundo
2509 1521 2687 1591 corde,
2741 1525 2999 1593 quoniam
3055 1522 3163 1592 ipsi
3207 1521 3382 1575 Deum
3425 1518 3689 1574 videbunt

2037 1610 2247 1681 (Matth.
2282 1628 2336 1682 ν,
2365 1612 2441 1683 8).
2475 1611 2638 1667 Unde
2660 1610 2884 1684 jugiter
2923 1610 3210 1666 orandum
3243 1614 3301 1664 et
3331 1611 3531 1664 contra
3561 1623 3686 1663 car-

2037 1698 2131 1754 nis
2172 1700 2611 1757 immunditiam
2658 1705 2771 1756 Deo
2821 1699 3276 1773 supplicandum
3329 1695 3685 1771 supradictis

2036 1787 2362 1844 Psalmistaa
2401 1788 2614 1846 verbis.

2108 1877 2218 1933 Sed
2253 1881 2310 1933 et
2341 1883 2682 1936 caterarum
2710 1878 2992 1933 virtutum
3023 1875 3302 1950 sutl'ragia
3321 1878 3524 1932 contra
3553 1878 3686 1932 tan-

2033 1969 2158 2022 tum
2206 1967 2435 2023 hostem
2487 1974 2626 2022 sunt.
2673 1967 3021 2040 appetenda,
3052 1966 3111 2022 id
3162 1970 3250 2021 est
3297 1963 3600 2020 charitatis
3631 1968 3688 2019 et

2035 2055 2409 2126 humilitatis,
2439 2057 2732 2130 patientiae
2764 2061 2821 2112 et
2867 2056 3229 2123 obedientia,
3254 2070 3361 2111 nec
3394 2070 3508 2109 non
3539 2053 3686 2109 taci-

2035 2146 2358 2201 turnitatis.
2390 2151 2468 2201 De
2499 2147 2713 2218 quibus
2747 2146 3024 2202 omnibus
3054 2144 3397 2217 appetendis
3427 2142 3684 2198 multifa-

2034 2234 2122 2289 ria
2153 2234 2474 2291 exhortatio
2504 2235 2563 2290 in
2595 2235 2895 2308 Scriptura
2914 2251 3079 2291 sacra
3109 2233 3415 2306 reperitur.
3435 2235 3684 2288 Sanctus

2035 2323 2211 2379 etiam
2243 2323 2556 2380 Psalmista
2583 2325 2653 2380 de
2683 2324 2776 2379 his
2808 2341 2924 2379 non
2953 2326 3106 2379 tacet
3127 2323 3248 2395 qui,
3272 2325 3338 2377 ut
3359 2320 3506 2377 alios
3536 2320 3596 2375 in
3626 2319 3684 2375 id

2035 2412 2233 2484 ipsum
2263 2413 2537 2483 traheret,
2571 2416 2642 2468 de
2672 2413 2952 2473 charitate
2981 2416 3038 2468 et
3068 2428 3208 2484 pace
3251 2427 3431 2482 quam
3478 2409 3685 2466 habuit

2035 2503 2210 2558 refert
2241 2502 2440 2558 dicens
2466 2519 2479 2559 :
2514 2502 2648 2557 Cum
2679 2503 2763 2557 his
2793 2503 2890 2572 qui
2918 2502 3150 2557 oderunt
3175 2516 3371 2572 pacem
3401 2515 3555 2555 eram
3583 2516 3685 2570 pa-

2034 2592 2222 2661 cificus
2251 2592 2424 2661 (Psat.
2455 2609 2603 2658 CXIX,
2635 2592 2715 2662 7).
2749 2594 2933 2658 Quam
2967 2587 3209 2644 humilis
3239 2604 3370 2643 vero
3402 2585 3688 2644 exstiterit

2036 2679 2175 2736 alibi
2202 2683 2452 2748 enarrat,
2490 2681 2728 2736 dicens:
2762 2680 3101 2736 Humiliatus
3127 2695 3246 2734 sum
3279 2691 3684 2750 usquequaque,

2036 2771 2264 2826 Domine
2295 2770 2460 2841 (Psat.
2489 2787 2684 2836 cxvm,
2716 2770 2860 2841 107).
2899 2769 2966 2825 Et
3007 2768 3218 2824 iterum
3253 2784 3265 2822 :
3301 2768 3545 2832 Domine,
3576 2781 3686 2820 non

2035 2867 2112 2915 est
2138 2861 2456 2916 exaltatum
2485 2876 2577 2916 cor
2603 2876 2808 2924 meum,
2839 2874 3014 2930 neque
3041 2857 3193 2914 atati
3220 2861 3350 2912 sunt
3379 2855 3524 2912 oculi
3553 2855 3683 2920 mei,

2035 2951 2143 3003 etc.
2181 2949 2352 3020 (Psat.
2383 2966 2548 3018 cxxx,
2577 2949 2651 3020 1).
2688 2951 2829 3004 Item
2859 2947 3108 3003 laudans
3138 2945 3452 3002 Dominum
3486 2959 3589 3015 pro
3620 2958 3686 2997 eo

2036 3039 2189 3110 quod
2234 3055 2295 3094 se
2325 3037 2498 3093 variis
2549 3037 2795 3111 ﬂagellis
2827 3035 3223 3103 humiliasset,
3256 3035 3398 3092 dicit
3428 3050 3442 3090 :
3476 3035 3690 3090 Bonum

2033 3127 2193 3195 mihi,
2227 3129 2476 3198 Domine,
2509 3129 2642 3200 quia
2669 3127 2990 3182 humiliasti
3017 3142 3123 3192 me,
3154 3133 3217 3180 ut
3244 3124 3461 3180 discam
3473 3121 3692 3196 justi/i-

2031 3218 2272 3272 cationes
2303 3225 2424 3272 tuas
2454 3217 2631 3287 (Psat.
2656 3232 2856 3283 CXVIII,
2875 3217 2990 3283 71).
3017 3214 3240 3280 Quibus
3269 3212 3461 3269 verbis
3493 3208 3688 3265 innui-

332 3305 664 3360 Attendant
694 3304 896 3377 igitur,
919 3310 1380 3376 precor,quanta
1400 3323 1615 3362 corona
1634 3307 1925 3380 promissa
1955 3290 2000 3356 (ἶ
2036 3309 2133 3360 tur
2162 3307 2301 3376 quia
2332 3303 2561 3377 ﬂagella
2607 3304 2708 3359 Dei
2761 3307 2902 3359 sunt
2931 3301 3274 3373 appetenda,
3308 3305 3372 3354 ut
3420 3314 3524 3369 per
3570 3297 3692 3351 hth

253 3396 348 3452 sit
383 3393 478 3450 his
507 3394 608 3466 qui
635 3392 896 3467 legitime
927 3398 1152 3450 certant
1181 3399 1384 3450 contra
1413 3395 1734 3465 diabolum,
1762 3398 1932 3467 juxta

252 3483 427 3540 illud
449 3508 464 3538 :
487 3485 686 3538 Beatus
705 3485 794 3537 vir
807 3485 902 3554 qui
919 3483 1115 3556 suffert
1136 3486 1788 3557 tentationem,quoniam
1809 3504 1931 3542 cum

248 3573 553 3647 probatus
598 3574 769 3643 fuerit
810 3575 1032 3645 accipiet
1076 3589 1330 3629 coronam
1379 3576 1512 3631 vitae
1562 3574 1694 3646 (Jac.
1745 3593 1783 3646 I,
1821 3576 1927 3646 12).

254 3657 634 3732 Hujusmodi
667 3664 857 3716 autem
889 3665 1180 3717 certamen
1213 3665 1430 3733 quanto
1460 3661 1765 3718 difﬁcilius
1794 3679 1930 3718 con-

262 3755 417 3821 stat,
451 3753 614 3805 tanto
636 3750 844 3822 majori
867 3767 1006 3806 cura
1037 3751 1330 3824 agendum
1353 3754 1460 3806 est.
1492 3752 1554 3806 In
1587 3749 1749 3806 nullo
1771 3769 1934 3807 nam-

260 3853 393 3913 que
435 3841 700 3912 tempore
748 3839 974 3895 otiosus
1005 3840 1176 3896 debet
1205 3855 1333 3895 esse
1373 3838 1525 3895 bella
1556 3841 1656 3894 Dei
1699 3857 1928 3912 gerens.

261 3927 444 3984 Unde
477 3928 674 3983 doctor
703 3931 900 3984 noster
929 3925 1242 3984 Psalmista
1269 3945 1755 4001 unumquemque
1786 3927 1934 3984 allo-

262 4029 469 4090 quens
500 4015 639 4071 dicit
671 4034 684 4072 :
719 4017 953 4072 Labores
983 4029 1251 4073 manuum
1284 4025 1510 4073 tuarum
1538 4021 1670 4090 quia
1692 4017 1936 4073 mandu-

260 4107 450 4172 cabis,
486 4105 674 4161 beatus
725 4120 781 4161 es
832 4110 885 4161 et
937 4108 1066 4162 bene
1113 4106 1216 4162 tibi
1261 4109 1366 4162 erit
1414 4107 1587 4180 (Psat.
1619 4124 1828 4174 cxxvn,
1856 4107 1931 4178 2).

263 4192 606 4266 Dupliciter
635 4194 856 4268 quippe
907 4199 995 4251 est
1024 4196 1231 4251 beatus
1263 4195 1324 4250 in
1355 4213 1526 4269 opere
1575 4195 1772 4269 aliquo
1804 4194 1934 4251 utili

271 4286 633 4353 occupatus;
679 4283 862 4339 habet
912 4284 1069 4339 enim
1126 4283 1264 4339 inde
1315 4283 1549 4357 aliquod
1600 4284 1934 4341 subsidium

272 4369 616 4444 corporale;
642 4371 822 4430 habet
847 4373 1025 4429 etiam
1057 4373 1699 4446 spirituale,quia,dum
1725 4389 1937 4446 corpus

268 4461 557 4519 servituti
580 4462 910 4533 subjicitur,
938 4475 1105 4518 mens
1147 4477 1380 4535 quoque
1410 4463 1631 4518 lasciva
1661 4461 1936 4534 deprimi-

267 4556 386 4607 tur
401 4555 462 4606 et
483 4563 551 4606 ne
570 4549 628 4606 in
649 4551 924 4624 quaelibet
945 4551 1234 4607 desideria
1249 4551 1420 4608 noxia
1435 4553 1670 4621 deﬂuat,
1687 4551 1940 4607 refrena-

2039 3393 2281 3449 correcti
2313 3398 2372 3448 et
2414 3391 2712 3447 humiliati
2743 3390 2956 3446 divinis
3008 3387 3313 3460 praeceptis
3360 3400 3694 3441 mereamur

2040 3481 2234 3538 subdi.
2257 3484 2554 3546 Quantum
2587 3486 2779 3534 autem
2812 3480 3041 3550 patiens
3072 3475 3247 3532 fuerit
3269 3477 3509 3530 sanctus
3531 3471 3692 3527 Psal-

2041 3571 2220 3626 mista
2249 3586 2317 3625 ex
2346 3569 2454 3625 hoc
2487 3572 2678 3641 potest
2706 3567 2954 3640 intelligi
2986 3566 3140 3639 quod
3175 3565 3354 3621 dicit:
3390 3564 3448 3618 Si
3477 3561 3696 3619 reddidi

2042 3659 2470 3716 retribuentibus
2497 3660 2642 3715 mihi
2671 3658 2840 3724 mala,
2863 3656 3112 3713 decidam
3132 3657 3323 3710 merito
3353 3656 3419 3710 ab
3451 3653 3692 3708 inimicis

2041 3752 2177 3805 meis
2210 3750 2396 3804 inanis
2428 3748 2601 3815 (Psat.
2625 3764 2724 3816 v11,
2755 3747 2832 3818 5).
2867 3750 3045 3802 Docet
3075 3761 3182 3801 nos
3215 3741 3602 3799 nihilominus
3622 3741 3694 3796 de

2043 3837 2374 3895 obedientia
2423 3837 2540 3892 Deo
2591 3835 2939 3902 exhibenda,
2974 3834 3173 3891 dicens
3225 3850 3238 3889 :
3286 3831 3546 3889 Subditus
3585 3833 3695 3887 esto

2043 3929 2271 3984 Domino
2301 3931 2350 3982 et
2388 3943 2487 3982 ora
2531 3942 2657 3982 eum
2687 3925 2861 3996 (Psat.
2893 3941 3082 3994 xxxv1,
3111 3922 3370 3996 7)..Hinc
3419 3921 3591 3977 etiam
3625 3919 3698 3975 de

2045 4033 2106 4072 se
2164 4017 2292 4087 ipso
2351 4016 2546 4080 refert,
2596 4014 2844 4069 dicens:
2891 4015 3080 4070 Nonne
3135 4014 3240 4068 Deo
3298 4010 3538 4082 subjecta
3593 4010 3699 4065 erit

2044 4107 2233 4161 anima
2265 4108 2421 4160 mea?
2451 4103 2519 4158 ab
2549 4105 2666 4174 ipso
2695 4105 2845 4158 enim
2872 4103 3119 4158 salutare
3140 4117 3323 4157 meum
3352 4108 3405 4156 et
3430 4099 3701 4172 patientia

2047 4211 2165 4252 mea
2200 4194 2372 4266 (Psat.
2409 4209 2519 4259 LXI,
2548 4194 2598 4260 1,
2630 4194 2708 4263 6).
2744 4192 3026 4265 Implorat
3055 4206 3289 4264 quoque
3319 4205 3422 4262 pro
3453 4187 3697 4244 tacitur-

2046 4285 2227 4341 nitate
2259 4283 2598 4349 obtinenda,
2633 4281 2834 4338 dicens
2868 4299 2881 4337 :
2921 4284 3092 4353 Pone,
3123 4282 3371 4350 Domine,
3401 4277 3700 4334 custodiam

2047 4377 2133 4432 ori
2183 4390 2319 4445 meo,
2351 4377 2402 4429 et
2432 4374 2629 4430 ostium
2676 4374 3106 4429 circumstantiae
3153 4371 3317 4426 labiis
3357 4370 3496 4424 meis
3527 4367 3697 4438 (Psat.

2050 4481 2173 4530 CXL,
2203 4463 2279 4534 3).
2324 4463 2573 4534 Moxque
2625 4477 2860 4518 omnem
2914 4460 3369 4529 excusationem,
3420 4473 3545 4529 qua
3594 4473 3698 4528 pro

2049 4551 2331 4624 nequitiis
2375 4550 2722 4624 perpetratis
2771 4549 3057 4606 committi
3097 4546 3264 4615 solet,
3299 4564 3333 4602 a
3375 4562 3438 4602 se
3469 4544 3698 4622 (auferri

269 4647 402 4698 tur.
432 4637 596 4696 Unde
619 4639 762 4697 alias
783 4642 855 4696 de
876 4639 1080 4698 otiosis
1101 4639 1243 4696 dicit
1288 4641 1603 4697 Psalmista
1625 4657 1637 4697 :
1663 4640 1722 4696 In
1752 4641 1941 4698 labore
1973 4659 2020 4725 D
2051 4639 2330 4716 postulat,
2363 4641 2565 4695 dicens
2598 4657 2611 4694 :
2646 4640 2762 4695 Non
2813 4637 3051 4694 declines
3079 4652 3172 4691 cor
3197 4651 3380 4690 meum
3430 4636 3488 4688 in
3538 4633 3700 4725 verba

271 4729 576 4786 hominum
596 4737 707 4787 non
726 4736 877 4803 sunt,
894 4733 947 4787 et
961 4745 1092 4786 cum
1112 4729 1428 4786 hominibus
1454 4745 1564 4786 non
1585 4730 1944 4800 ﬂagellaban-

273 4824 401 4874 tur.
435 4817 563 4876 Ideo
617 4821 793 4876 tenuit
835 4835 924 4877 eos
953 4819 1232 4893 superbia,
1257 4821 1431 4893 operti
1473 4827 1604 4876 sunt
1647 4821 1947 4892 iniquitate

275 4917 339 4966 et
364 4911 653 4982 impietate
692 4923 800 4967 sua
830 4911 1007 4980 (Psat.
1041 4926 1214 4978 LXXII,
1244 4911 1299 4978 5,
1330 4909 1406 4982 6).
1432 4909 1647 4966 Contra
1675 4911 1940 4966 eamdem

270 4999 624 5071 superbiam
657 4998 798 5055 alibi
853 5009 1030 5057 orans
1083 4997 1230 5056 alios
1260 5015 1425 5056 orare
1472 4999 1662 5070 docet,
1695 4999 1938 5055 dicens:

267 5089 397 5146 Nan
425 5089 617 5145 veniat
640 5089 806 5144 'mihi
830 5097 927 5162 pes
965 5089 1237 5162 superbiae
1267 5090 1440 5162 (Psat.
1472 5103 1640 5161 xxxv,
1674 5089 1782 5158 12).
1810 5091 1942 5155 Quae

266 5175 554 5234 videlicet
583 5175 796 5251 oratio,
830 5177 966 5235 licet
993 5177 1246 5236 breviter
1288 5179 1365 5235 sit
1410 5178 1654 5251 prolata,
1681 5177 1946 5234 insinuat

270 5273 481 5324 tamen
515 5267 750 5341 copiose
790 5268 945 5326 vires
992 5268 1302 5342 superbiae.
1326 5269 1473 5324 Nam
1505 5269 1563 5325 in
1595 5283 1945 5340 quocunque

271 5357 649 5430 dominatur,
684 5357 854 5431 quasi
883 5359 1032 5432 pede
1063 5359 1319 5432 quodam
1367 5361 1692 5432 proterente
1723 5373 1857 5413 eum
1884 5357 1942 5412 in

280 5445 667 5520 ima'dejicit,
698 5459 772 5504 ne
804 5459 866 5504 se
895 5459 1136 5505 sursum
1166 5448 1386 5521 erigere
1415 5447 1619 5520 possit.

355 5537 532 5595 Orare
557 5538 738 5595 etiam
763 5537 934 5595 docet
949 5543 1154 5595 contra
1172 5537 1464 5594 incentiva
1486 5535 1698 5605 carnis,
1715 5535 1940 5592 dicens:

272 5627 463 5685 Proba
489 5641 600 5697 me,
632 5625 883 5696 Domine,
913 5632 965 5685 et
1008 5635 1154 5685 tenta
1201 5643 1318 5690 me;
1363 5643 1469 5683 ure
1516 5639 1674 5681 renes
1723 5640 1872 5682 meos
1898 5633 1949 5682 et

276 5733 376 5777 car
404 5725 595 5778 meum
625 5708 797 5792 (Psat.
830 5731 960 5790 xxv,
987 5718 1070 5792 2).
1100 5717 1171 5777 Et
1198 5718 1412 5778 iterum
1447 5735 1461 5777 :
1494 5719 1619 5776 Fiat
1645 5731 1740 5776 cor
1767 5731 1949 5775 meum

2053 4730 2304 4800 malitiae,
2328 4729 2398 4784 ad
2421 4727 2768 4784 excusandas
2788 4727 3163 4782 excusationes
3193 4727 3254 4780 in
3280 4725 3514 4796 peccatis
3538 4720 3699 4790 (Ibid.

2055 4819 2129 4890 4).
2153 4818 2258 4873 His
2289 4817 2470 4889 igitur
2497 4820 2672 4887 atque
2701 4815 2831 4871 aliis
2852 4813 3168 4871 virtutibus
3196 4811 3474 4870 suffultus
3503 4815 3703 4868 contra

2055 4907 2348 4964 incentiva
2379 4905 2574 4961 carnis
2603 4905 2829 4961 fortiter
2858 4921 3121 4978 pugnare
3148 4902 3318 4960 valet.

2123 4996 2183 5052 Si
2213 5013 2345 5052 vero
2377 4996 2435 5050 in
2467 4994 2810 5067 hujusmodi
2841 4993 3158 5051 certamine
3179 4990 3519 5065 aliquandiu
3542 4989 3704 5047 labo-

2055 5103 2192 5143 rans
2227 5085 2470 5140 minime
2500 5084 2750 5141 senserit
2778 5084 3117 5140 temtationis
3147 5082 3475 5140 molestiam
3510 5081 3700 5136 mino-

2053 5175 2192 5243 rari,
2209 5192 2326 5231 non
2346 5174 2475 5230 ideo
2495 5173 2604 5230 hac
2620 5173 2997 5230 tribulatione
3013 5173 3354 5246 perterritus
3371 5173 3591 5227 certare
3608 5169 3702 5224 de-

2054 5266 2209 5322 sinat
2232 5269 2334 5321 aut
2351 5264 2421 5320 de
2438 5263 2726 5336 adjutorio
2743 5263 2843 5319 Dei
2862 5262 3120 5330 difﬁdat;
3145 5263 3246 5318 sed
3265 5259 3524 5317 attendat
3543 5255 3702 5314 Psal-

2055 5354 2292 5411 mistam
2317 5353 2608 5410 dicentem
2635 5370 2647 5408 :
2683 5357 2859 5410 Jua'ta
2888 5356 2965 5408 est
2992 5353 3256 5408 Dominus
3287 5351 3372 5405 his
3401 5349 3498 5421 qui
3526 5347 3701 5404 tribu-

2055 5446 2167 5501 lato
2197 5449 2326 5500 sunt
2370 5443 2546 5512 corde,
2579 5449 2632 5499 et
2678 5442 2914 5498 humiles
2962 5443 3170 5512 spiritu
3211 5438 3468 5495 salvabit.
3517 5436 3704 5494 Mults?

2054 5535 2435 5592 tribulationes
2450 5535 2749 5607 justorum,
2773 5535 2823 5587 et
2851 5532 2925 5587 de
2942 5531 3193 5587 omnibus
3223 5529 3307 5585 his
3337 5529 3596 5585 liberabit
3615 5541 3702 5583 eos

2054 5627 2319 5683 Dominus
2336 5625 2506 5690 (Psat.
2531 5639 2730 5692 xxxm,
2747 5621 2955 5691 10,20).
2980 5619 3306 5693 Perpendat
3329 5621 3385 5675 et
3413 5617 3522 5674 hoc
3545 5614 3698 5688 quod

2056 5716 2212 5775 idem
2231 5714 2548 5775 Psalmista
2566 5712 2706 5772 alibi
2726 5709 3115 5784 magniﬁcans
3135 5714 3339 5777 Deum,
3359 5707 3514 5780 quod
3545 5720 3608 5762 se
3638 5703 3697 5759 in
