4108 6188
420 342 534 407 155

1429 339 1772 404 0THLONI
1816 336 2172 403 MONAGHI
2218 337 2282 400 S.
2328 335 2824 402 EMMERAMMI

3710 344 3829 408 156

419 475 795 533 tribulatione
825 474 1145 546 dilatasset,
1170 474 1315 530 dixit
1339 492 1351 530 :
1377 475 1511 530 Cum
1541 478 1871 541 invocarem,
1904 489 2066 528 exau-
2097 472 2147 537 Α
2182 474 2375 527 tamen
2407 487 2468 527 se
2498 470 2670 527 labiis
2708 475 2765 528 et
2811 472 2981 528 corde
3035 472 3346 542 fateantur,
3382 488 3497 531 non
3528 474 3720 535 solum
3752 480 3824 537 ob

420 567 557 621 disti
585 583 688 631 me,
731 568 899 627 Deus;
932 567 989 619 in
1014 565 1373 621 tribulatione
1401 566 1651 621 dilatasti
1675 582 1760 620 me
1781 566 1950 637 (Psal.
1987 582 2062 629 ιν,

420 655 828 725 2),Tribu1atio
851 654 1006 710 enim
1030 656 1326 722 diuturna,
1354 657 1401 711 si
1427 673 1560 710 cum
1586 655 1864 727 patientia
1885 660 1941 710 et
1964 671 2064 727 spe

420 744 597 799 divini
621 744 892 799 auditorii
925 745 1573 817 sustinetur,duplicem
1597 745 1912 801 sustinenti
1936 762 2065 800 con-

416 833 527 887 fert
568 850 874 900 coronam;
908 852 941 888 a
988 835 1239 906 peccatis
1273 852 1526 906 namque
1576 836 1881 907 praeteritis
1929 852 2061 889 eum

417 927 699 993 tanquam
725 940 931 977 aurum
966 924 1023 978 in
1051 926 1281 979 fornace
1312 924 1586 995 purgabit
1618 924 1792 997 ignis,
1817 928 1873 979 et
1894 924 2061 995 quasi

414 1028 664 1082 granum
697 1012 995 1079 frumenti,
1022 1014 1175 1084 quod
1208 1014 1263 1068 in
1297 1019 1450 1069 terra
1481 1014 1805 1086 projectum
1838 1031 1939 1085 pro
1973 1031 2061 1069 se-

414 1101 571 1155 mine
603 1101 1055 1173 multiplicatum
1089 1103 1281 1173 fuerit,
1317 1103 1399 1158 sic
1430 1104 1525 1159 ille
1557 1104 1981 1174 multiplicatur
2008 1107 2064 1156 et

414 1189 694 1244 dilatatur
716 1190 773 1244 in
800 1190 1073 1247 omnibus
1094 1192 1282 1247 bonis.
1308 1192 1449 1247 Hinc
1471 1198 1527 1247 et
1548 1192 1863 1263 Apostolus
1886 1191 2057 1245 dicit:

415 1279 711 1334 Tribulatio
738 1283 1065 1351 patientiam
1101 1288 1385 1353 operatur,
1415 1284 1695 1353 patientia
1724 1290 1910 1336 autem
1936 1298 2061 1351 pro-

416 1368 505 1421 bat
516 1370 715 1435 ionem,
736 1370 989 1440 probatio
1010 1375 1195 1426 autem
1214 1388 1383 1442 spem,
1407 1388 1525 1442 spes
1552 1388 1674 1425 vero
1698 1388 1804 1426 non
1836 1370 2063 1441 confun-

412 1456 515 1523 dit,
551 1461 679 1527 quia
728 1460 969 1514 charitas
1000 1462 1097 1515 Dei
1125 1460 1327 1533 diffusa
1358 1469 1435 1516 est
1465 1463 1520 1515 in
1563 1461 1818 1515 cordibus
1858 1462 2061 1514 nostris
2094 1502 2101 1509 .

415 1564 513 1617 per
540 1548 810 1619 Spiritum
858 1559 1124 1621 sanctum,
1158 1553 1254 1621 qui
1285 1551 1443 1605 datus
1490 1556 1565 1605 est
1614 1554 1770 1606 nobis
1802 1551 1971 1621 (Rom.
2005 1568 2058 1619 ν,

411 1638 550 1708 3-6).
590 1639 664 1692 De
695 1638 804 1693 hac
836 1639 1133 1695 charitatis
1180 1641 1471 1695 infusione
1503 1644 1558 1694 et
1588 1639 1840 1710 Spiritus
1874 1638 2059 1694 sancti

412 1726 809 1782 consolatione
832 1728 1144 1783 Psalmista
1165 1730 1308 1784 satis
1329 1729 1605 1800 gustavit,
1622 1745 1757 1783 cum
1782 1729 1851 1783 ad
1875 1729 2059 1783 Deum

412 1815 1027 1871 dixissetzb'ecundum
1075 1819 1489 1873 multitudinem
1519 1818 1773 1873 dolorum
1817 1833 2057 1872 meorum

411 1907 469 1959 in
500 1905 657 1959 corde
697 1922 819 1961 meo
864 1906 1263 1961 consolationes
1294 1912 1426 1977 tuae,
1450 1908 1695 1976 Domine,
1742 1908 2058 1976 lirtiﬁcave-

414 1999 545 2048 runt
576 1996 823 2049 animam
846 2012 1026 2049 meam
1049 1994 1219 2066 (Psal.
1244 2012 1403 2063 XCIII,
1440 1997 1547 2067 19).
1577 1997 1737 2059 Quod
1758 2001 1846 2051 est
1868 2001 2063 2067 aperte

417 2083 606 2137 dicere
639 2100 650 2135 :
689 2083 746 2137 Si
799 2082 1152 2155 multiplices
1184 2083 1590 2139 tribulationes
1623 2084 1680 2138 in
1715 2085 1883 2139 corde
1932 2100 2060 2139 meo

414 2172 649 2244 pertuli,
667 2172 1017 2245 multiplices
1031 2174 1205 2228 etiam
1219 2173 1647 2230 consolationes
1670 2174 1902 2245 pietatis
1924 2178 2057 2244 tuae,

413 2261 1109 2335 Domine,suscepi.Nam
1139 2268 1271 2336 post
1292 2262 1726 2318 tribulationem
1759 2280 2060 2335 magnam,

410 2368 525 2423 qua
556 2368 646 2407 me
678 2358 916 2424 propter
946 2359 1184 2424 peccata
1225 2370 1355 2408 mea
1404 2354 1505 2408 diu
1532 2353 1811 2420 afﬁixisti,
1846 2369 2055 2408 conso-

408 2441 656 2497 lationes
699 2446 805 2495 tuae
865 2442 945 2495 ita
1003 2459 1095 2497 me
1145 2442 1602 2512 laztiﬁcaverunt,
1638 2446 1701 2496 ut
1760 2441 2058 2497 tribulatio

410 2529 701 2601 prieterita
730 2530 1019 2585 videretur
1051 2530 1195 2585 mihi
1228 2531 1493 2587 minima.

479 2618 763 2674 Eumdem
779 2634 1011 2690 quoque
1024 2636 1267 2675 sensum
1290 2620 1705 2685 declarat,cum
1730 2620 2057 2692 subjungit,

411 2707 646 2763 dicens:
680 2708 943 2779 Nunquid
990 2709 1243 2766 adhaeret
1270 2711 1375 2765 tibi
1404 2710 1555 2765 sedes
1602 2712 1930 2781 iniquitatis,
1964 2712 2060 2780 qui

409 2799 582 2871 ﬁngis
614 2799 851 2853 laborem
882 2801 942 2852 in
992 2803 1258 2870 pracepto
1291 2801 1462 2871 (Psal.
1496 2818 1653 2867 x0111,
1676 2802 1789 2871 20.)
1817 2800 2055 2872 Fingere

340 2942 351 2947 ,
409 2904 662 2959 namque
683 2887 1057 2959 aliquomodo
1076 2893 1265 2960 potest
1286 2890 1559 2956 dici,cum
1585 2907 1705 2944 rem
1732 2890 2056 2961 quamlibet

406 2975 572 3031 aliter
603 2977 743 3031 foris
784 2978 1150 3033 ostendimus
1184 2996 1362 3050 quam
1395 2980 1453 3033 in
1486 2984 1679 3034 mente
1726 2984 2050 3050 teneamus,

406 3066 555 3121 sicut
585 3065 805 3121 scilicet
834 3071 1027 3138 patres
1056 3067 1349 3138 sapientes
1381 3068 1535 3135 ﬁliis,
1573 3069 1838 3141 magistri
1876 3068 2051 3124 disci-

405 3154 561 3228 pulis
593 3172 744 3227 saepe
776 3172 983 3228 aspera
1013 3156 1238 3230 ﬁngunt
1266 3158 1325 3213 in
1354 3159 1543 3213 verbis
1575 3164 1631 3214 et
1661 3158 1721 3212 in
1754 3158 1913 3213 omni
1941 3158 2051 3212 ha-

2176 565 2411 632 peccata
2429 563 2843 634 praterita,sed
2866 563 3039 618 etiam
3055 563 3127 619 ob
3148 563 3516 621 imminentia
3529 570 3820 639 quendam,

2177 652 2234 705 in
2259 652 2473 722 quibus
2489 653 2746 723 quotidie
2770 652 3176 708 inevitabiliter
3194 653 3615 727 delinquimus,
3631 658 3687 713 id
3711 666 3822 730 est,

2177 740 2235 795 in
2265 741 2414 807 visu,
2450 741 2673 809 auditu,
2706 743 3166 814 gustu,odoratu
3189 747 3245 799 et
3274 749 3453 813 tactu,
3482 762 3584 801 nec
3619 765 3731 804 non
3766 751 3825 806 in

2174 828 2375 885 illicito
2408 831 2684 903 cogitatu.
2706 832 2867 902 Saepe
2899 832 3071 887 etiam
3105 832 3164 887 in
3195 832 3387 889 verbis
3417 837 3537 890 tam
3576 838 3829 896 scienter

2174 936 2351 990 quam
2376 920 2710 991 ignoranter
2724 922 3603 997 peccamus.Hujusmodiigitur
3616 926 3830 984 delicta

2174 1010 2367 1065 sciens
2398 1009 2710 1065 Psalmista
2742 1029 2775 1065 a
2805 1010 3102 1067 nonnullis
3145 1030 3249 1083 pro
3281 1013 3465 1069 nihilo
3497 1018 3826 1087 computari

2174 1098 2345 1153 dicit:
2372 1100 2578 1154 Delicta
2595 1102 2718 1171 quis
2741 1102 3043 1173 intelligit?
3059 1103 3234 1172 (Psal.
3256 1120 3415 1174 xvm,
3434 1104 3545 1176 13.)
3562 1105 3827 1179 Cumque

2173 1187 2293 1241 haec
2324 1189 2490 1260 quasi
2522 1189 2890 1263 interrogans
2921 1191 3265 1262 protulisset
3294 1196 3349 1247 et
3380 1210 3598 1265 paucos
3630 1196 3828 1252 admo-

2172 1277 2311 1332 dum
2332 1277 2542 1333 dclicta
2566 1278 2887 1350 intelligere
2911 1280 3105 1347 sciret,
3126 1297 3260 1336 mox
3277 1282 3416 1352 quid
3440 1282 3565 1355 ipse
3587 1285 3823 1357 sentiat,

2174 1367 2683 1439 subjungit,orans
2705 1374 2761 1423 et
2782 1369 2981 1425 dicens
3006 1371 3077 1425 ad
3106 1371 3421 1426 Dominum
3459 1389 3470 1427 :
3494 1374 3570 1428 Ab
3600 1376 3827 1430 occultis

2172 1458 2309 1510 meis
2337 1458 2543 1511 munda
2573 1475 2677 1525 me,
2712 1460 2954 1525 Domine,
2978 1464 3029 1514 et
3058 1460 3124 1515 ab
3155 1461 3354 1515 alienis
3374 1478 3535 1531 parce
3555 1479 3713 1519 servo
3732 1468 3825 1519 tuo

2173 1546 2356 1617 (Ibid,
2386 1547 2457 1615 4).
2486 1552 2565 1600 Ac
2598 1547 2641 1601 si
2674 1553 2869 1619 aperte
2903 1549 3121 1604 diceret
3157 1566 3167 1603 :
3202 1548 3369 1603 Multi
3417 1550 3678 1621 quidem,
3714 1552 3824 1608 Do-

2173 1635 2350 1705 mine,
2375 1634 2454 1690 ita
2479 1636 2840 1709 negligentes
2863 1642 3001 1692 sunt
3022 1643 3086 1693 ut
3113 1655 3227 1693 non
3251 1643 3457 1694 curent
3478 1643 3533 1694 te
3554 1639 3825 1697 invocare

2172 1740 2275 1795 pro
2317 1724 2704 1781 maximorum
2760 1730 2815 1781 et
2866 1730 3199 1798 apertorum
3249 1727 3563 1783 criminum
3620 1730 3826 1786 remis-

2090 1812 2372 1939 BIsione;
2419 1815 2520 1869 sed
2572 1831 2676 1887 ego
2726 1816 2914 1871 sciens
2944 1819 2999 1871 te
3030 1816 3207 1871 nimis
3255 1816 3588 1873 districtum
3622 1824 3823 1875 contra

2172 1902 2315 1939 hinc
2354 1920 2555 1939 nhnnnn
2584 1909 2645 1939 nt
2679 1922 2789 1939 nnn
2826 1905 3013 1939 αηιητγι
3052 1907 3121 1939 αλ
3146 1906 3362 1939 οηοιιὶῖις
3408 1908 3505 1939 αλλ
3541 1909 3712 1939 an...“
3749 1910 3817 1939 -k

2172 1902 2555 1975 tales,precor
2584 1909 2647 1959 ut
2679 1922 2792 1959 non
2826 1905 3017 1960 solum
3050 1907 3121 1961 ab
3144 1906 3385 1977 apertis,
3408 1908 3508 1963 sed
3540 1909 3716 1963 etiam
3748 1910 3819 1965 ab

2171 1993 2413 2048 occultis
2446 1993 2673 2049 delictis
2704 1995 2849 2049 meis
2882 2012 2975 2050 me
3027 1995 3347 2063 emundes;
3381 2013 3505 2068 quae
3538 1997 3692 2052 enim
3728 2014 3821 2053 me

2170 2080 2375 2149 latent,
2428 2083 2533 2137 tibi
2590 2100 2691 2155 pro
2754 2089 2906 2139 certo
2966 2089 3187 2156 patent.
3232 2086 3471 2141 Occulta
3529 2085 3702 2141 etiam
3763 2090 3821 2142 et

2171 2170 2355 2226 aliena
2391 2172 2600 2227 delicta
2645 2179 2894 2244 possunt
2925 2172 3046 2229 haec
3077 2174 3188 2229 dici
3222 2192 3348 2246 qua:
3397 2193 3431 2230 a
3478 2175 3820 2247 parentibus

2170 2261 2587 2331 contraximus,
2618 2278 2767 2332 quae,
2791 2260 2925 2317 licet
2952 2262 3013 2316 in
3039 2263 3395 2335 baptismate
3419 2264 3590 2319 nobis
3621 2264 3820 2319 dimit-

2169 2354 2388 2415 tantur,
2414 2355 2610 2405 tamen
2644 2351 3089 2422 sipostmodum
3120 2353 3323 2407 eadem
3355 2368 3526 2424 opere
3554 2352 3643 2407 vel
3675 2352 3820 2409 votis

2168 2440 2491 2510 sequimur,
2518 2440 2730 2495 iterum
2763 2441 2937 2495 etiam
2961 2442 3300 2497 eorumdem
3333 2447 3496 2497 reatu
3528 2443 3819 2499 constrin-

2167 2527 2382 2599 gimur.
2404 2528 2565 2583 Unde
2590 2528 2901 2585 Psalmista
2932 2529 3075 2586 alias
3107 2530 3249 2585 dicit
3276 2548 3287 2585 :
3314 2532 3663 2586 Peccavimus
3691 2547 3819 2587 cum

2163 2617 2415 2688 patribus
2460 2620 2663 2671 nostris
2696 2619 2869 2689 (Psal.
2894 2636 2982 2686 cv,
3004 2621 3081 2691 6).
3106 2624 3348 2675 Peccare
3394 2638 3648 2692 namque
3677 2638 3816 2677 cum

2166 2706 2434 2777 patribus
2466 2711 2555 2761 est
2600 2723 2823 2775 eorum,
2850 2712 2914 2762 ut
2957 2708 3235 2775 diximus,
3265 2709 3516 2781 peccatis
3564 2715 3696 2764 actu
3726 2710 3815 2765 vel

2165 2813 2454 2853 consensu
2506 2797 2801 2854 associari.
2838 2804 2978 2855 Item
3028 2799 3254 2856 occulta
3295 2804 3352 2856 et
3383 2800 3575 2855 aliena
3604 2800 3815 2857 delicta

2163 2885 2351 2942 dicere
2382 2904 2699 2959 possumus
2744 2905 2870 2960 quas
2902 2890 2959 2944 in
2998 2888 3144 2944 alios
3191 2889 3638 2946 committimus.
3672 2891 3813 2955 Quis

2162 2977 2317 3031 enim
2352 2978 2432 3033 ita
2463 2981 2668 3033 cautus
2702 2982 2758 3033 et
2798 2978 3107 3051 religiosus
3138 2996 3266 3035 esse
3295 2978 3446 3035 valet
3487 2984 3550 3035 ut
3579 2979 3811 3036 nullum

2161 3066 2413 3137 peccatis
2444 3067 2568 3121 suis
2599 3067 2908 3140 depravet?
2941 3069 3189 3141 Ideoque
3220 3086 3423 3125 omnes
3450 3070 3807 3143 indigemus,

2162 3160 2227 3209 ut
2257 3172 2390 3209 cum
2439 3156 2755 3213 Psalmista
2802 3174 3057 3214 oremus.
3090 3159 3349 3215 dicentes
3382 3178 3395 3215 :
3430 3161 3515 3215 Ab
3565 3160 3811 3217 occultis

408 3246 533 3300 bitu
566 3246 857 3310 exteriori,
886 3251 947 3300 ut
979 3246 1086 3302 hac
1115 3249 1428 3319 asperitate
1460 3249 1757 3305 constricti
1789 3249 1849 3304 in
1880 3248 2051 3304 lasci-
2084 3224 2126 3291 (ἶ
2164 3245 2382 3300 nostris
2441 3248 2662 3301 munda
2709 3264 2836 3318 nos,
2868 3248 3133 3315 Domine,
3167 3253 3223 3304 et
3262 3250 3334 3304 ab
3386 3248 3591 3306 alienis
3644 3266 3815 3322 parce

407 3334 560 3390 viam
586 3333 807 3389 nullam
832 3339 1359 3408 prorumpant.Sed
1376 3339 1644 3410 quamvis
1663 3339 1922 3395 laborem
1937 3339 2054 3394 dis-

410 3424 699 3480 trictionis
730 3428 903 3480 tantae
944 3442 1041 3481 eos
1074 3428 1363 3483 sustinere
1411 3430 1816 3500 permittentes
1865 3430 2054 3501 parvi-

409 3516 662 3587 pendere
692 3517 948 3573 exterius
998 3516 1243 3587 fingant,
1276 3518 1435 3573 intus
1467 3524 1662 3574 tamen
1690 3520 1773 3575 ita
1804 3519 2059 3592 diligunt

408 3612 473 3659 ut
497 3620 569 3660 ne
601 3605 705 3659 levi
731 3604 958 3677 virgula
984 3605 1117 3661 illos
1144 3608 1360 3661 frustra
1381 3608 1638 3678 contingi
1669 3608 1866 3664 velint.
1895 3610 2057 3665 Sicut

408 3693 591 3765 igitur
629 3694 687 3747 in
740 3693 1083 3765 hujusmodi
1117 3694 1430 3766 disciplina
1479 3701 1673 3767 patres
1706 3701 1761 3751 et
1792 3698 2055 3771 magistri

410 3782 662 3838 exterius
710 3781 969 3839 laborem
1014 3784 1246 3854 ﬁngunt
1292 3788 1347 3838 et
1393 3784 1761 3840 dilectionem
1811 3786 2058 3843 interius

410 3877 642 3946 gerunt,
675 3872 756 3927 ita
785 3877 842 3928 et
879 3873 1165 3928 Dominus
1216 3878 1410 3930 noster
1440 3874 1497 3929 in
1531 3874 1728 3931 electis
1760 3876 1883 3932 suis
1916 3877 2057 3948 agit,

411 3962 670 4019 laborem
737 3962 1001 4017 videlicet
1029 3962 1087 4016 in
1132 3962 1340 4034 primis
1371 3964 1597 4037 ﬁngens
1657 3966 1712 4020 in
1774 3970 2059 4039 praecepto

412 4052 739 4125 religionis;
774 4052 870 4106 sed
918 4053 1313 4123 postmodum,
1347 4071 1479 4109 cum
1512 4055 1721 4111 viderit
1769 4055 2061 4113 laboriosa

414 4159 659 4214 quisque
689 4159 792 4213 pro
824 4159 1022 4197 amore
1044 4160 1149 4198 suo
1182 4145 1370 4217 magis
1392 4145 1533 4201 velle
1565 4149 1685 4217 pati
1717 4164 1893 4218 quam
1926 4164 2057 4218 pro-

411 4230 550 4303 priae
572 4231 861 4286 deservire
884 4231 1189 4298 voluntati,
1214 4236 1352 4289 tunc
1382 4234 1499 4289 illis
1532 4236 1698 4307 quasi
1733 4240 1896 4307 pater
1921 4236 2059 4291 ﬁliis

409 4320 521 4377 sub
552 4320 863 4392 disciplina
911 4322 1227 4378 sufﬁcienti
1276 4324 1513 4380 nutritis
1544 4326 1811 4381 ostendet
1842 4326 2059 4381 amoris

409 4410 500 4465 sui
532 4409 922 4468 dulcedinem.
958 4416 1033 4466 De
1064 4412 1173 4467 hac
1206 4413 1480 4469 nimirum
1514 4415 1819 4471 dulcedine
1850 4416 1908 4471 in
1940 4416 2058 4487 pri-

413 4498 525 4557 mis
570 4498 808 4571 quidem
866 4501 1171 4573 absconsa,
1200 4505 1301 4559 sed
1360 4506 1757 4576 postmodum,
1804 4510 1869 4561 ut
1917 4506 2057 4575 dixi,

2164 3335 2347 3390 servis
2383 3334 2495 3391 tuis
2525 3336 2695 3406 (Psal.
2729 3338 2909 3409 xvm).

2806 3446 3035 3502 CAPUT
3074 3446 3168 3500 VI.

2164 3535 2237 3590 De
2279 3536 2563 3607 mysteriis
2594 3537 3012 3605 incarnationis,
3045 3538 3486 3605 resurrectionis,
3534 3538 3813 3593 ascensio-

2235 3609 2344 3670 nis,
2377 3612 2510 3675 etc.,
2544 3608 2763 3662 Domini
2810 3611 2991 3663 nostri
3034 3611 3163 3664 Jesu
3210 3608 3409 3665 Christ:
3447 3626 3479 3664 a
3508 3608 3713 3664 Davide
3755 3610 3813 3662 in

2232 3678 2469 3749 psalmis
2494 3680 2906 3749 prc'enuntiatis.

2239 3785 2531 3840 Hactenus
2565 3785 2745 3857 igitur
2784 3802 2888 3858 per
2916 3802 3145 3841 amoma
3175 3789 3232 3841 et
3280 3786 3399 3842 lata
3448 3784 3813 3859 psalmorum

2166 3879 2332 3945 prata
2348 3890 2589 3929 currens
2611 3878 2785 3946 atque
2808 3892 2875 3931 ex
2887 3875 2969 3931 eis
2984 3876 3154 3931 ﬂores
3172 3877 3461 3948 quosdam
3479 3876 3621 3931 satis
3646 3873 3819 3931 utiles

2167 3965 2443 4021 omnibus
2473 3965 2765 4020 conversis
2796 3966 3132 4037 decerpens,
3162 3969 3335 4037 prout
3363 3965 3547 4038 potui,
3569 3964 3822 4036 qualiter

2168 4055 2240 4110 ad
2272 4058 2447 4125 caput
2476 4058 2766 4119 nostrum,
2800 4054 2855 4108 id
2900 4059 2989 4110 est
3032 4054 3349 4123 Christum,
3386 4054 3683 4127 pervenire
3714 4054 3820 4110 de—

2166 4147 2362 4211 beant,
2386 4143 2683 4199 admonui.
2705 4144 2871 4199 Nunc
2901 4161 3028 4199 vero
3060 4144 3228 4215 cupio
3250 4144 3457 4201 exinde
3486 4146 3817 4216 decerpere,

2167 4239 2225 4291 et
2255 4234 2371 4289 illis
2402 4233 2675 4288 intimare
2717 4234 2982 4303 ejusdem
3033 4233 3267 4289 Domini
3318 4233 3501 4290 nostri
3548 4234 3817 4289 incarna-

2168 4324 2405 4391 tionem,
2432 4322 2663 4395 aliaque
2695 4339 2820 4394 qua:
2843 4322 3116 4394 superius
3148 4322 3823 4395 promisimus,qualiter

2168 4413 2391 4470 scilicet
2421 4413 2606 4485 pietas
2629 4412 2825 4467 divina
2848 4412 3072 4483 jugiter
3100 4429 3204 4485 pro
3236 4412 3406 4468 nobis
3436 4410 3663 4468 laboret
3690 4428 3822 4484 pro-

2169 4502 2493 4559 nuntiando
2526 4502 2583 4557 in
2617 4502 2822 4573 primis
2846 4519 2973 4573 qua:
3004 4502 3173 4558 nobis
3197 4501 3317 4558 sint
3336 4502 3627 4558 credenda
3651 4505 3707 4556 et
3739 4501 3849 4577 fa~_

417 4590 806 4663 manifestata,
842 4589 979 4646 alibi
1037 4591 1349 4649 Psalmista
1408 4594 1669 4666 apertius
1728 4599 1979 4651 testatur
2008 4600 2064 4652 et
2093 4600 2139 4665 Ι)
2170 4594 2405 4661 cienda;
2440 4592 2648 4648 deinde
2671 4608 2775 4663 pro
2798 4591 3019 4647 eisdem
3045 4592 3413 4648 admonendo
3435 4596 3493 4647 et
3512 4592 3819 4663 increpan-

418 4682 763 4753 admiratur,
784 4681 1021 4737 dicens?
1042 4683 1213 4750 Quam
1228 4701 1433 4752 magna
1452 4684 1742 4740 multitudo
1762 4685 2066 4741 dulcedinis

414 4780 536 4839 tuae,
572 4774 816 4841 Domine,
848 4792 1012 4846 quam
1055 4775 1383 4831 abscondisti
1430 4776 1745 4831 timentibus
1774 4781 1859 4830 te!
1889 4776 2058 4847 (Psal.

416 4878 545 4927 xxx,
573 4864 684 4931 '20).
709 4866 851 4918 Cum
883 4880 1019 4936 ergo
1050 4864 1204 4919 idem
1238 4865 1547 4921 Psalmista
1576 4865 1889 4921 Dominum
1923 4864 2063 4920 talia

415 4952 633 5023 ﬁngere
691 4970 792 5023 per
847 4952 1311 5024 experimentum
1366 4955 1694 5020 didicisset,
1746 4954 2065 5027 alloquitur

413 5058 570 5108 eum,
595 5042 762 5113 quasi
795 5042 1227 5113 interrogando,
1258 5043 1303 5097 si
1337 5049 1575 5114 propter
1604 5044 1709 5098 hoc
1741 5044 1893 5115 quod
1923 5043 2062 5099 talia

412 5135 594 5207 ﬁngat
625 5131 906 5203 iniquitas
936 5132 1092 5203 apud
1126 5148 1260 5186 eum
1293 5136 1544 5186 maneat.
1575 5134 1687 5187 Hoc
1717 5138 1911 5188 autem
1946 5150 2060 5188 non

415 5223 581 5295 quasi
616 5220 847 5277 nescius
890 5221 1238 5293 interrogat;
1272 5221 1380 5275 scit
1431 5221 1585 5276 enim
1645 5238 1777 5277 cum
1828 5223 2061 5294 justum

417 5330 577 5380 esse;
613 5313 765 5367 unde
797 5315 854 5367 et
883 5310 1017 5365 alibi
1050 5310 1190 5365 dicit
1224 5326 1236 5364 :
1272 5313 1541 5379 Quoniam
1561 5312 1748 5383 justus
1777 5314 2057 5382 Dominus,

417 5410 469 5458 et
489 5404 731 5473 justitias
768 5402 965 5456 dilexit
996 5400 1174 5472 (Psal.
1198 5419 1254 5468 x,
1286 5402 1370 5473 8);
1406 5402 1504 5457 sed
1541 5406 1602 5457 ut
1632 5402 1799 5459 nobis
1830 5402 2060 5476 pietatis

415 5490 621 5545 divina:
653 5494 872 5558 secreta
902 5490 1138 5561 pandat.

489 5582 642 5635 Inter
663 5580 782 5636 haec
801 5597 1032 5653 quoque
1050 5597 1357 5636 conversos
1372 5582 1655 5637 admoneo
1671 5584 1734 5635 ut
1750 5585 2059 5651 quantum-

415 5686 647 5743 cunque
671 5672 727 5727 in
750 5672 957 5728 timore
975 5675 1031 5727 et
1047 5686 1242 5729 amore
1261 5671 1363 5727 Dei
1386 5669 1712 5743 proﬁciant,
1728 5674 2059 5744 peccatores

2175 4685 2267 4741 do.
2297 4685 2378 4738 Ex
2410 4682 2625 4755 quibus
2656 4680 2850 4754 colligi
2891 4685 3100 4753 potest,
3133 4680 3272 4753 quia
3302 4684 3521 4753 quanto
3552 4680 3685 4753 plus
3716 4697 3822 4753 pro

2173 4773 2342 4829 nobis
2376 4772 2657 4827 Dominus
2708 4770 2935 4827 laborat
2963 4786 3066 4842 per
3094 4771 3463 4843 supradictas
3495 4776 3611 4827 tres
3658 4769 3821 4826 locu-

2172 4864 2351 4919 tionis
2383 4862 2607 4929 modos,
2640 4865 2805 4917 tanto
2855 4860 3183 4917 districtius
3223 4861 3455 4933 judicat
3483 4876 3685 4917 omnes
3717 4859 3823 4933 qui

2171 4957 2400 5010 tantum
2442 4952 2569 5023 ejus
2614 4950 2873 5007 laborem
2905 4967 3008 5023 pro
3040 4949 3224 5007 nihilo
3272 4954 3637 5023 computant,
3666 4949 3824 5005 arbi-

2174 5046 2394 5099 trantes
2412 5058 2546 5097 eum
2565 5058 2692 5097 esse
2710 5039 3080 5097 solummodo
3097 5040 3259 5112 pium
3277 5044 3335 5096 et
3351 5056 3467 5096 non
3485 5038 3822 5095 districtum

2170 5136 2371 5189 contra
2389 5148 2591 5188 omnes
2614 5133 3050 5203 perseverantes
3071 5130 3131 5185 in
3152 5128 3329 5187 malo.
3344 5131 3421 5187 Cu
3432 5145 3662 5186 rramus
3683 5144 3823 5202 ergo

2170 5223 2227 5278 in
2261 5240 2349 5291 eo,
2376 5238 2491 5293 quo
2524 5221 2829 5293 ccepimus,
2861 5219 3227 5293 psalmorum
3262 5220 3472 5291 stadio,
3497 5221 3823 5292 quaerentes

2171 5311 2377 5369 faciem
2408 5312 2536 5383 ejus
2568 5326 2798 5383 semper
2827 5309 3007 5382 (Psal.
3032 5327 3144 5382 ριν,
3167 5310 3245 5383 4),
3267 5309 3367 5382 qui
3398 5326 3503 5383 pro
3534 5307 3702 5365 nobis
3726 5324 3828 5364 na-

2169 5406 2267 5457 tus
2288 5405 2345 5457 et
2366 5417 2578 5475 passus
2600 5403 2707 5468 est,
2734 5416 2837 5473 pro
2864 5398 3034 5456 nobis
3063 5398 3379 5456 resurrexit
3398 5403 3453 5455 et
3475 5396 3740 5454 ascendit
3761 5397 3821 5452 in

2170 5490 2401 5547 coelum.
2427 5490 2572 5557 Quid
2606 5489 2764 5545 enim
2808 5488 3210 5545 delectabilius
3238 5504 3366 5545 esse
3418 5492 3609 5562 potest
3638 5503 3822 5562 quam

2168 5580 2333 5636 illum
2365 5596 2644 5653 quaerere,
2667 5579 2835 5636 illum
2858 5580 3117 5653 sit1re,in
3146 5595 3260 5652 quo
3286 5578 3455 5635 nobis
3477 5579 3652 5635 datur
3670 5576 3827 5634 vive-
3859 5632 3868 5642 ,

2169 5669 2272 5728 re?
2304 5671 2413 5729 Sed
2446 5674 2511 5727 ut
2539 5674 2712 5729 tanta:
2742 5668 3068 5730 sanctitatis
3095 5667 3272 5728 verba
3316 5667 3532 5727 melius
3560 5667 3826 5743 proferre
