4108 6188
216 389 338 452 157

1369 389 1516 450 LIB.
1564 389 1666 452 DE
1711 390 1967 455 CURSU
2014 391 2483 454 SPIRITUALI.

3515 385 3630 450 158

216 520 790 599 possim,dicendum
813 518 956 578 mihi
978 524 1066 579 est
1087 538 1219 578 cum
1251 522 1563 579 Psalmista
1586 542 1598 579 :
1627 525 1867 593 Domine,
1898 531 1953 594 Α
1983 523 2786 595 misericordiadixi,1ibenter
2806 524 3030 594 audite;
3056 524 3157 582 sed
3180 526 3237 581 et
3252 521 3630 580 sanctissima

216 616 384 671 labia
422 629 544 668 mea
593 613 808 684 aperies
839 621 892 667 ct
918 627 973 668 os
1001 629 1187 668 meum
1243 614 1606 669 annuntiabit
1655 615 1881 672 laudem

222 707 380 758 tuam
406 702 581 771 (Psal.
619 718 660 768 1,
695 702 781 773 17)
816 719 828 755 :
862 700 1158 772 simulque
1186 701 1547 758 invocandus
1578 707 1669 758 est
1697 704 1878 775 Spiri-

219 797 317 849 tus
371 795 632 859 sanctus,
665 796 734 845 ut
790 789 888 862 qui
947 791 1218 846 eumdem
1249 791 1624 849 Psalmistam
1654 795 1724 848 ad
1758 798 1877 849 tam

221 886 430 939 sancta
469 885 526 936 et
553 880 884 935 veneranda
935 880 1092 935 dicta
1147 881 1491 953 proferenda
1542 882 1875 952 illustravit,

222 987 312 1027 me
346 985 586 1041 quoque
618 968 816 1040 aliqua
845 969 1053 1025 exmdo
1083 970 1388 1042 decerpere
1419 971 1749 1044 cupientem
1790 973 1876 1028 di-

221 1064 438 1134 gnetur
465 1057 782 1114 illustrare.

291 1151 508 1205 Sancta
538 1148 760 1220 quippe
791 1152 932 1204 sunt
952 1149 1149 1204 omnia
1168 1166 1294 1221 quae
1322 1151 1391 1206 de
1412 1152 1658 1209 Domino
1680 1158 1876 1210 nostro

225 1255 326 1312 per
342 1238 659 1310 prophetas
672 1241 906 1294 sanctos
923 1239 1302 1310 pronuntiata
1317 1247 1475 1309 sunt;
1495 1244 1594 1298 sed
1609 1243 1880 1315 quaedam

223 1327 555 1385 Psalmista
603 1327 780 1383 verba
830 1331 988 1384 tanto
1041 1330 1374 1386 sacratiora‘
1406 1331 1550 1386 mihi
1581 1334 1872 1401 videntur,

223 1421 455 1490 quanto
484 1417 664 1488 magis
695 1417 899 1472 eadem
932 1418 1173 1474 nomina
1209 1420 1594 1492 eamdemque
1640 1427 1873 1478 senten-

225 1506 375 1561 tiam
401 1522 573 1578 quam
593 1505 859 1562 Christus
884 1523 979 1562 ore
1001 1524 1107 1563 suo
1130 1509 1456 1579 protulit,et
1487 1511 1611 1582 ipse
1632 1513 1877 1584 prophe-

224 1595 403 1650 tando
432 1594 1155 1666 pranuntiavitDominus
1186 1614 1440 1670 namque
1472 1605 1688 1669 noster,
1722 1606 1786 1655 ut
1817 1602 1876 1656 in

224 1683 532 1756 Evangelia
581 1684 816 1756 legitur,
866 1686 938 1740 de
986 1702 1049 1742 se
1101 1687 1296 1742 dixit:
1341 1690 1450 1758 Ego
1495 1706 1620 1744 sum
1668 1693 1875 1746 veritas

224 1774 397 1841 (Joan.
431 1790 556 1840 11v,
586 1773 672 1844 6);
706 1777 763 1829 et
792 1790 806 1829 :
841 1776 948 1847 Ego
977 1792 1099 1831 sum
1144 1777 1244 1832 lux
1289 1779 1486 1834 mundi
1532 1780 1709 1850 (Joan.
1749 1797 1870 1850 νηί,

225 1863 574 1932 i2).Eisdem
606 1879 840 1935 quoque
870 1864 1209 1921 nominibus
1239 1865 1554 1923 Psalmista
1583 1868 1751 1924 illum
1776 1886 1875 1940 ap-

225 1951 474 2024 pellavit,
534 1967 669 2007 cum
726 1969 860 2008 eum
919 1954 1306 2026 nasciturum,
1355 1958 1524 2028 quasi
1585 1959 1875 2030 praeterita

232 2058 474 2097 narrans
505 2042 978 2114 praenuntiasset,
1011 2043 1210 2100 dicens
1236 2063 1248 2100 :
1275 2046 1480 2102 Veritas
1507 2048 1572 2103 de
1591 2052 1736 2104 terra
1758 2053 1878 2104 orta

226 2138 300 2187 est
349 2131 523 2202 (Psal.
561 2148 784 2200 LXXXIV,
819 2133 923 2203 12).
955 2134 1026 2188 Et
1059 2151 1072 2188 :
1105 2136 1366 2189 Exortum
1414 2141 1491 2191 est
1535 2139 1595 2192 in
1643 2138 1904 2194 tenebris~

231 2221 416 2275 lumen
442 2222 606 2276 rectis
632 2221 802 2291 (Psal.
835 2238 948 2287 cxx,
981 2223 1056 2292 4).
1090 2223 1233 2278 Ecce
1277 2225 1480 2280 eadem
1530 2227 1790 2293 nomina,
1822 2231 1878 2284 et

237 2309 551 2365 Psalmista
578 2311 978 2381 praenuntians
1008 2316 1142 2368 ante
1171 2317 1435 2385 tempora
1466 2315 1653 2371 multa
1681 2317 1876 2372 Domi-

235 2397 350 2453 nici
380 2399 664 2455 adventus
693 2399 858 2467 dixit,
892 2403 948 2455 et
977 2400 1190 2472 quibus
1238 2402 1364 2474 ipse
1411 2403 1676 2460 Christus
1708 2407 1877 2461 adve-

236 2487 413 2542 niens
446 2505 508 2543 se
537 2487 863 2561 appellavit.
896 2489 1172 2546 Dicamus
1203 2493 1520 2549 sententias
1539 2495 1609 2549 ab
1633 2497 1879 2568 utroque

235 2592 383 2649 pene
416 2577 685 2633 similiter
714 2577 990 2650 prolatas.
1009 2579 1323 2637 Psalmista
1352 2600 1605 2655 namque
1633 2584 1692 2640 in
1723 2585 1879 2656 psal-

232 2682 325 2722 mo
357 2685 473 2733 xxx,
508 2667 610 2738 qui
640 2672 797 2724 totus
826 2685 1084 2740 personae
1115 2669 1329 2726 Christi
1359 2673 1729 2744 convenit,de
1751 2676 1878 2746 ipso

229 2756 368 2812 dicit
398 2773 413 2811 :
449 2758 607 2824 Deus,
641 2759 779 2814 Deus
809 2774 980 2829 meus,
1002 2761 1208 2832 respice
1230 2762 1292 2816 in
1312 2778 1435 2823 me;
1466 2779 1636 2834 quare
1673 2781 1762 2819 me
1778 2765 1877 2820 de-

226 2846 546 2918 reliquisti?
576 2847 718 2902 Item
751 2847 810 2902 in
842 2848 1070 2920 psalmo
1099 2867 1230 2920 xxx,
1262 2851 1558 2908 Christum
1604 2870 1874 2924 praenun-

224 2935 328 2990 tiat
360 2936 447 2991 ita
475 2936 771 2992 dicturum
797 2954 810 2993 :
832 2942 903 2994 In
929 2955 1130 2994 manus
1161 2943 1873 3008 tuas,Domine,commendo

224 3027 487 3094 spiritum
517 3029 882 3093 meum.Quas
913 3027 1134 3084 scilicet
1164 3033 1440 3103 utrasque
1467 3032 1788 3088 sententias
1811 3033 1870 3088 in

223 3114 535 3188 Evangelia
561 3116 814 3188 legimus
833 3116 916 3172 ita
934 3134 1082 3189 pene
1099 3136 1133 3174 a
1152 3119 1381 3176 Christo
1405 3121 1459 3175 in
1485 3139 1654 3178 cruce
1679 3123 1870 3194 posito

225 3203 470 3275 prolata,
503 3205 660 3261 sicut
688 3206 1000 3263 Psalmista
1045 3209 1475 3279 praenuntiavit.
1512 3212 1671 3280 Quis,
1706 3229 1866 3284 rogo,

1989 615 2312 672 Psalmista
2331 615 2508 671 verba
2528 619 2647 670 tam
2670 615 3007 686 supradicta
3023 632 3199 686 quam
3223 614 3413 670 adhuc
3435 613 3632 670 dicen-

1990 706 2063 762 da
2085 710 2205 761 tota
2227 706 2440 761 mentis
2467 705 2786 760 intentione
2815 704 3260 776 suscipite.Jam
3283 704 3438 759 enim
3462 704 3534 759 ad
3565 720 3634 758 ea

1988 795 2332 868 proferenda
2350 812 2477 867 quae
2491 795 2561 850 de
2575 794 2802 850 Christo
2817 794 3426 866 pronuntiavit,redire
3439 793 3629 865 cupio.

2060 884 2524 941 Incarnationem
2538 883 2791 955 denique
2813 881 2987 938 simul
3012 887 3068 938 et
3081 882 3480 938 ascensionem
3503 884 3632 953 ejus

1988 974 2383 1046 pronuntiavit
2414 975 2495 1029 ita
2529 974 2729 1028 dicens
2754 991 2765 1028 :
2789 974 2828 1027 A
2854 988 3068 1027 summo
3087 973 3216 1028 caelo
3236 974 3469 1042 egressio
3489 975 3626 1045 ejus,

1986 1073 2038 1121 et
2065 1081 2318 1120 occursus
2348 1066 2464 1133 eius
2491 1079 2663 1135 usque
2692 1063 2761 1117 ad
2791 1078 3068 1116 summum
3105 1062 3221 1132 ejus
3269 1061 3439 1128 (Psal.
3471 1078 3627 1130 xvm,

1985 1156 2060 1226 7).
2095 1154 2238 1209 Item
2271 1155 2340 1209 de
2373 1153 2496 1209 sola
2522 1152 2862 1208 ascensione
2891 1153 3020 1221 ejus
3061 1150 3203 1205 dicit
3231 1168 3244 1206 :
3276 1149 3504 1206 Elevata
3545 1159 3622 1205 est

1986 1244 2394 1314 magniﬁcentia
2442 1248 2537 1298 tua
2582 1259 2746 1313 super
2792 1242 2967 1308 caelos,
3020 1242 3163 1295 Deus
3192 1241 3361 1311 (Psal.
3395 1241 3620 1310 v111,2).

1987 1333 2068 1388 De
2094 1333 2518 1388 resurrectione
2549 1348 2782 1403 quoque
2812 1329 3040 1386 Domini
3072 1347 3140 1385 ex
3171 1329 3357 1400 ipsius
3380 1345 3629 1401 persona

1986 1422 2126 1478 dicit
2149 1441 2161 1478 :
2186 1422 2674 1493 Domine,probasti
2696 1429 2860 1487 me,et
2879 1421 3187 1492 cegnovisti
3204 1435 3289 1475 me
3303 1436 3323 1480 ;
3355 1423 3414 1473 tu
3435 1434 3631 1488 cogno-

1984 1513 2116 1567 visti
2143 1513 2440 1567 sessionem
2467 1526 2646 1565 meam
2675 1514 2730 1565 et
2756 1511 3213 1565 resurrectionem
3241 1523 3420 1563 meam
3453 1509 3624 1579 (Psal.

1985 1618 2255 1666 CXXXVIII,
2287 1603 2363 1672 2).
2398 1599 2559 1666 Quod
2591 1604 2787 1655 autem
2821 1599 3072 1654 maxime
3115 1614 3218 1669 pro
3268 1596 3454 1652 salute
3484 1613 3622 1668 gen-

1985 1691 2132 1746 tium
2167 1690 2492 1745 mittendus
2522 1693 2675 1745 esset
2705 1689 2786 1743 ita
2813 1687 3174 1760 pronuntiat,
3206 1686 3461 1741 referens
3491 1702 3626 1740 eum

1985 1779 2204 1835 dixisse
2234 1780 2304 1834 de
2333 1783 2503 1834 Patre
2528 1793 2539 1832 :
2565 1779 2830 1833 Dominus
2857 1777 3002 1832 dixit
3029 1776 3098 1830 ad
3125 1791 3212 1830 me
3234 1795 3254 1830 :
3276 1775 3458 1831 Filius
3480 1790 3629 1830 meus

1984 1886 2038 1924 es
2066 1873 2147 1934 tu,
2180 1885 2276 1938 ego
2308 1867 2467 1946 hodie
2494 1868 2664 1938 genui
2691 1870 2772 1931 te,-
2800 1866 3023 1937 postula
3053 1882 3088 1919 a
3116 1879 3202 1918 me
3248 1871 3300 1919 et
3347 1862 3488 1919 dabo
3529 1863 3631 1918 tibi

1982 1961 2166 2027 gentes
2195 1957 2568 2015 haereditatem
2595 1959 2826 2023 tuam,et
2841 1956 3229 2026 possessionem
3260 1961 3415 2007 tuam
3435 1954 3629 2007 termi-

1983 2063 2080 2103 nos
2111 2055 2280 2104 terrze
2309 2047 2477 2118 (Psal.
2512 2064 2575 2112 ιι,
2605 2048 2660 2111 7,
2691 2047 2767 2117 8).
2801 2045 3086 2099 Eumdem
3118 2057 3350 2114 quoque
3389 2057 3631 2096 sensum

1986 2142 2148 2192 tanto
2181 2136 2438 2208 apertius
2471 2136 2529 2190 in
2561 2133 2788 2207 psalmo
2822 2151 2947 2188 LXXI
2970 2149 3148 2204 quam
3172 2132 3230 2187 in
3254 2130 3630 2204 aliis,quanto

1987 2244 2090 2298 per
2117 2231 2351 2298 tempus
2384 2227 2648 2281 futurum
2681 2223 3041 2297 pronuntiat,
3074 2221 3304 2277 dicens:
3329 2223 3393 2276 Et
3415 2219 3631 2276 benedi-

1986 2325 2172 2372 centur
2202 2319 2259 2371 in
2291 2319 2407 2388 ipso
2435 2331 2619 2371 omnes
2648 2315 2823 2371 tribus
2859 2322 3050 2374 terrae;
3072 2327 3255 2367 omnes
3277 2318 3460 2380 gentes
3511 2327 3628 2365 ma-

1985 2408 2323 2478 gniﬁcabunt
2350 2423 2475 2462 eum
2501 2403 3020 2476 (Psal.Lxx1,i7).ln
3051 2418 3167 2472 quo
3198 2399 3370 2455 etiam
3402 2397 3627 2470 psalmo

1988 2496 2160 2569 paulo
2218 2495 2490 2567 superius
2547 2496 2617 2550 de
2673 2491 3072 2548 incarnatione
3137 2491 3287 2560 ejus,
3343 2505 3447 2543 nec
3511 2505 3628 2544 non

1989 2587 2060 2642 de
2120 2586 2493 2641 sanctissima
2552 2583 2814 2639 doctrina
2869 2582 2996 2652 ejus
3053 2580 3492 2642 commemorat,
3543 2577 3630 2632 di-

1989 2692 2125 2732 cens
2154 2693 2166 2731 :
2201 2675 2495 2731 Descendet
2520 2676 2665 2729 sicut
2690 2673 2881 2744 plu-via
2934 2672 2994 2725 in
3037 2669 3230 2738 vellus,
3263 2675 3314 2722 et
3339 2668 3479 2721 sicut
3509 2665 3628 2721 stil-

1987 2766 2178 2821 licidia
2224 2766 2504 2821 stillantia
2557 2779 2724 2835 super
2762 2767 2992 2816 terram.
3054 2758 3273 2814 Orietur
3332 2757 3392 2811 in
3444 2755 3631 2810 diebus

1983 2857 2101 2927 ejus
2132 2856 2346 2923 iustitia
2375 2858 2425 2909 et
2454 2853 2796 2909 abundantia
2831 2849 3007 2921 pacis,
3056 2851 3163 2904 etc.
3215 2845 3392 2917 (Ibid,
3440 2845 3497 2914 6,
3547 2844 3625 2913 7).

1983 2944 2145 3008 Quod
2175 2944 2317 3000 dicit
2349 2962 2362 3000 :
2395 2942 2677 2999 Descendit
2703 2943 2844 2996 sicut
2869 2939 3060 3012 pluvia
3090 2939 3154 2993 in
3182 2937 3376 3002 vellus,
3419 2933 3501 2988 ita
3539 2936 3630 2988 est

1982 3033 2429 3106 intelligendum
2453 3049 2466 3089 :
2489 3032 2649 3088 Sicut
2673 3031 2830 3087 enim
2862 3027 3059 3102 pluvia
3089 3026 3147 3081 in
3177 3024 3362 3082 vellus
3384 3023 3623 3079 descen-

1981 3125 2126 3179 dens
2170 3123 2331 3179 nnlla
2354 3123 2498 3178 illud
2530 3121 2811 3177 divisione
2855 3117 3096 3190 rumpit,
3130 3119 3185 3171 et
3212 3115 3425 3170 iterum
3457 3112 3528 3168 ab
3560 3128 3627 3168 eo

1981 3214 2256 3269 recedens
2280 3231 2312 3268 a
2332 3230 2440 3268 sua
2459 3211 2790 3280 integritate
2821 3225 2935 3264 non
2967 3204 3213 3272 minuit;
3247 3205 3328 3258 ita
3348 3206 3404 3257 et
3433 3201 3625 3256 Domi-

221 3309 335 3348 non
367 3294 723 3364 mirandam,
776 3312 891 3351 non
940 3299 1325 3354 venerandam
1370 3305 1604 3356 censeat
1641 3283 1869 3360 tantam
1901 3283 1943 3351 C
1981 3319 2094 3358 nus
2125 3307 2323 3358 noster
2346 3306 2594 3356 matrem
2625 3314 2794 3354 suam
2825 3313 2929 3351 nec
2960 3297 3422 3364 conceptus,nec
3452 3293 3626 3344 Datus

217 3383 551 3439 Psalmista
583 3384 976 3453 sanctitatem,
1011 3387 1109 3458 qui
1150 3388 1345 3460 ipsum
1391 3389 1707 3446 Dominum
1763 3410 1873 3447 no-

218 3475 413 3528 strum
444 3474 632 3528 totius
679 3474 1006 3532 sanctitatis
1049 3481 1348 3533 auctorem
1397 3479 1608 3536 habere
1658 3481 1873 3537 meruit

214 3563 543 3618 verborum
573 3579 809 3618 suorum
836 3564 1189 3622 imitatorem
1206 3568 1234 3622 ?
1263 3568 1404 3632 Quis
1434 3568 1611 3624 etiam
1634 3587 1749 3626 non
1774 3572 1872 3626 ob-

219 3654 530 3724 stupescat
552 3655 771 3708 tantam
791 3655 1056 3726 ejusdem
1084 3656 1313 3712 Domini
1345 3659 1527 3714 nostri
1551 3659 1869 3715 bonitatem

219 3745 276 3795 et
288 3740 872 3816 clementiam,qpam
890 3744 948 3799 in
967 3745 1281 3802 Psalmista
1297 3748 1501 3803 eodem
1524 3749 1870 3820 agnovimus

221 3828 469 3886 factam?
502 3834 668 3887 Certe
711 3832 855 3889 satis
905 3851 1119 3907 magna
1158 3835 1346 3907 pietas
1380 3837 1477 3892 Dei
1508 3841 1680 3906 esset,
1717 3839 1765 3894 si
1796 3841 1868 3895 ab

227 3918 454 3974 homine
485 3918 548 3974 in
577 3919 742 3976 nullo
763 3922 993 3993 capitali
1023 3924 1267 3980 crimine
1298 3927 1570 3998 prolapso
1600 3927 1870 3999 praedice-

220 4010 371 4062 retur
398 4008 732 4066 incarnatio
764 4009 979 4067 Christi
1009 4017 1328 4086 caeteraque
1360 4032 1463 4086 per
1492 4005 1657 4070 illum
1681 4021 1864 4089 gesta.

221 4097 373 4162 Quod
394 4101 595 4154 autem
617 4093 834 4171 aliquis
855 4100 915 4155 in
931 4101 1246 4158 sceleribus
1268 4103 1542 4175 plurimis
1557 4105 1868 4178 prolapsus

219 4191 348 4256 post
375 4185 722 4258 hujusmodi
754 4189 988 4245 ruinam
1021 4191 1092 4246 ad
1118 4191 1459 4264 dignitatem
1492 4198 1715 4251 tantam
1739 4213 1866 4268 per-

216 4275 415 4329 venire
444 4279 650 4349 potuit,
683 4283 742 4333 et
772 4285 1270 4337 sacramentorum
1301 4283 1632 4340 divinorum
1666 4286 1866 4357 prodi-

218 4366 315 4418 tor
345 4367 402 4418 et
432 4364 631 4422 divinae
655 4368 891 4440 pietatis
913 4369 1066 4426 lator
1093 4371 1728 4445 eligeretur,quantam
1762 4393 1864 4447 pu-

219 4455 418 4509 tamus
429 4453 578 4511 banc
590 4473 717 4513 esse
728 4457 829 4514 Dei
848 4458 1152 4531 pietatem?
1166 4461 1598 4518 Inaestimabilis
1611 4481 1865 4537 namque

219 4547 276 4597 et
303 4542 717 4603 inenarrabilis
759 4551 924 4604 tanta
977 4550 1073 4605 Dei
1117 4550 1303 4622 pietas
1351 4552 1559 4608 merito
1606 4559 1863 4610 vocatur.

1982 3392 2103 3447 ulla
2125 3391 2496 3462 corruptione
2517 3386 2730 3443 divisit.

2051 3481 2212 3547 Quod
2245 3483 2440 3534 autem
2466 3477 2699 3533 Judaeos
2738 3487 3059 3543 omnesque
3101 3485 3162 3524 se
3210 3471 3626 3540 persequentes

1981 3571 2090 3626 sub
2115 3569 2359 3641 pedibus
2383 3567 2714 3623 calcaturus
2735 3561 2974 3627 esset,in
3006 3557 3232 3632 psalmo
3254 3572 3344 3611 cxx
3366 3570 3626 3627 pronun-

1980 3657 2506 3726 tiatur,Psalmista
2524 3656 2608 3711 ita
2627 3655 2852 3709 dicente
2877 3668 2890 3708 :
2917 3651 3068 3706 Dixit
3096 3647 3367 3704 Dominus
3400 3644 3624 3700 Domino

1978 3765 2093 3805 meo
2127 3767 2145 3804 :
2174 3749 2307 3805 Sede
2335 3765 2368 3803 a
2396 3746 2602 3803 dextris
2630 3743 2955 3809 meis,donec
2980 3754 3185 3812 penum
3211 3737 3466 3792 inimicos
3505 3743 3626 3791 tuos

1977 3839 2272 3894 scabellum
2299 3837 2494 3910 pedum
2524 3845 2742 3891 tuorum
2774 3851 2792 3888 :
2824 3831 2926 3904 qui
2971 3828 3192 3886 scilicet
3241 3824 3504 3898 psalmus
3553 3823 3625 3878 de

1977 3928 2203 3984 Christo
2235 3927 2512 3984 scribitur
2542 3922 2842 3981 totus.Cui
2875 3919 3067 3976 simile
3098 3915 3237 3990 quid
3286 3915 3347 3970 in
3398 3911 3623 3986 psalmo
3675 3992 3679 3996 I

1977 4035 2125 4073 cxvu
2156 4016 2468 4084 invenitur,
2499 4015 2598 4070 ubi
2627 4015 2684 4068 in
2717 4011 2874 4068 brevi
2903 4006 3189 4065 versiculo
3221 4003 3462 4077 mystice
3491 4019 3624 4075 pro-

1976 4106 2092 4163 lato
2124 4107 2323 4162 omnia
2353 4105 2730 4161 continentur
2775 4118 2903 4172 quae
2953 4100 3012 4154 in
3059 4096 3286 4152 Christo
3334 4090 3624 4164 completa

1977 4201 2134 4252 sunt.
2168 4196 2262 4251 Sic
2295 4195 2451 4251 enim
2483 4193 2696 4249 dicitur
2729 4210 2741 4248 :
2775 4188 3054 4262 Lapidem,
3087 4202 3246 4258 quem
3299 4184 3622 4255 reprobave-

1976 4295 2113 4341 runt
2140 4285 2494 4355 aediﬁcantes,
2527 4283 2617 4340 hic
2643 4285 2818 4353 factus
2845 4283 2923 4335 est
2953 4281 3013 4333 in
3041 4281 3205 4348 caput
3235 4271 3621 4342 anguli.Unde

1975 4379 2170 4432 autem
2201 4375 2469 4431 Christus
2498 4373 2648 4444 lapis
2675 4371 2754 4428 sit
2781 4369 2991 4436 dictus,
3024 4371 3079 4422 et
3099 4364 3391 4436 quomodo
3423 4377 3620 4432 repro-

1974 4466 2148 4521 batus
2170 4465 2246 4520 sit
2266 4465 2337 4520 ab
2365 4462 2788 4519 aediﬁcantibus
2811 4460 3116 4527 factusque
3138 4453 3214 4510 sit
3236 4453 3295 4508 in
3319 4454 3494 4522 caput
3514 4467 3617 4504 an-

1975 4554 2118 4627 guli,
2154 4554 2293 4626 quia
2322 4553 2380 4608 in
2413 4552 2556 4608 locis
2606 4549 2877 4623 plurimis
2922 4544 3216 4600 invenitur
3266 4538 3618 4612 expositum,

221 4629 343 4687 Haec
372 4633 557 4706 igitur
583 4640 857 4694 sanctum
888 4637 1260 4696 Psalmistam
1283 4640 1448 4713 prius
1471 4642 1709 4714 quidem
1733 4660 1864 4716 pec-
1899 4658 1946 4723 Β
1979 4660 2084 4699 nos
2133 4642 2226 4698 hic
2276 4643 2402 4699 sine
2452 4640 2810 4714 expositione
2866 4635 3261 4723 relinquentes
3309 4628 3619 4723 tendamus

223 4724 715 4795 catorem,deinde
742 4743 875 4784 vero
907 4745 1251 4785 conversum
1274 4729 1404 4786 ideo
1434 4731 1571 4787 fecit
1600 4732 1869 4805 talem,ut

222 4825 318 4880 per
364 4827 503 4868 eum
557 4815 630 4869 ad
680 4832 885 4873 omnes
935 4823 1266 4889 peccatores
1318 4821 1616 4891 clamaret,
1669 4823 1868 4880 dicens

222 4898 396 4969 (Zach.
429 4920 443 4958 ι
473 4903 560 4974 3):
585 4903 1006 4964 Convertimini
1036 4909 1108 4964 ad
1137 4925 1460 4978 me,omnes
1483 4912 1582 4984 qui
1614 4915 1868 4985 peccatis

219 4992 434 5060 gravati
469 4992 636 5065 estis,
668 4999 726 5051 et
757 4996 964 5052 faciam
995 4997 1054 5054 in
1092 4999 1256 5055 vobis
1304 5001 1568 5057 eamdem
1617 5004 1866 5075 gratiam

219 5093 391 5148 quam
421 5081 485 5138 in
518 5082 628 5139 hoc
659 5099 824 5142 servo
856 5102 985 5143 meo
1015 5086 1193 5143 David
1218 5088 1289 5144 ad
1317 5105 1410 5144 me
1442 5105 1715 5148 converso
1737 5091 1864 5148 feci.

216 5163 494 5241 Nunquid
513 5178 752 5246 propter
767 5175 1210 5233 multitudinem
1226 5177 1608 5251 iniquitatum
1624 5199 1866 5238 suarum

218 5255 398 5327 abjeci
426 5277 567 5318 eum
585 5263 614 5318 ?
633 5263 719 5319 sic
739 5279 848 5321 nec
867 5282 966 5322 vos
989 5266 1286 5339 abjiciam,
1318 5269 1367 5323 si
1398 5271 1525 5341 ejus
1548 5273 1870 5328 conversio-

214 5360 348 5402 nem
370 5357 687 5422 sequentes
709 5353 781 5409 ad
806 5369 900 5410 me
920 5354 1130 5411 venitis
1147 5354 1206 5410 in
1229 5359 1490 5428 tempore
1514 5363 1863 5430 opportuno.

211 5433 367 5491 Nam
393 5441 452 5493 in
497 5440 706 5500 diluvio
739 5460 1013 5517 aquarum
1038 5444 1346 5502 multarum
1375 5448 1548 5519 (Psal.
1581 5465 1735 5515 xxxr,
1785 5450 1866 5518 6),

208 5523 271 5580 id
296 5531 387 5583 est
410 5529 465 5586 in
488 5538 780 5591 conventu
799 5532 1126 5607 periculoso
1146 5535 1467 5592 multorum
1489 5537 1864 5609 populorum,

207 5618 370 5688 quod
400 5627 491 5677 est
520 5623 648 5680 dies
668 5624 902 5696 judicii,
926 5626 999 5682 ad
1022 5641 1115 5683 me
1145 5643 1263 5682 non
1295 5626 1862 5700 appropinquabitis.

206 5707 340 5766 Hac
371 5725 540 5786 ergo,
568 5714 776 5774 fratres
807 5713 1158 5789 charissimi,
1183 5734 1312 5790 quae
1343 5718 1415 5777 de
1443 5718 1736 5778 immensa
1763 5718 1866 5776 Dei

1979 4732 2228 4789 aliorum
2263 4751 2277 4790 :
2310 4733 2483 4788 verba
2531 4745 2785 4800 namque
2833 4724 3045 4796 saepius
3099 4719 3324 4792 prolata
3351 4717 3624 4773 videntur

1981 4822 2237 4878 taediosa.
2273 4823 2549 4878 Dicamus
2575 4834 2710 4890 ergo
2742 4816 2862 4880 illa,
2888 4830 3014 4886 quae
3045 4811 3203 4866 dictu
3231 4810 3370 4865 sunt
3398 4822 3546 4862 rara.

2049 4913 2113 4967 In
2135 4911 2361 4984 psalmo
2385 4910 2564 4982 igitur
2586 4902 3046 4973 Lxxxvm,mu1ta
3075 4897 3530 4972 pronuntiantur
3550 4895 3622 4951 de

1978 5001 2094 5057 Deo
2124 5002 2292 5056 Patre
2321 5001 2390 5055 ad
2423 4997 2716 5054 Christum
2747 4995 2950 5050 Jesum
2971 4991 3263 5063 loquente,
3282 5002 3385 5043 nec
3407 5002 3522 5041 non
3551 4984 3622 5039 de

1978 5091 2181 5148 eodem
2229 5089 2457 5146 Christo
2505 5088 2645 5144 Jesu
2695 5086 2763 5141 ad
2815 5085 3043 5137 Patrem
3097 5079 3342 5143 dicente,
3376 5074 3477 5130 ubi
3525 5073 3620 5129 Dei

1977 5181 2167 5236 Patris
2198 5180 2373 5236 verba
2402 5178 2693 5250 incipiunt
2722 5175 2804 5230 ita
2837 5190 2849 5228 :
2887 5172 3051 5228 Posui
3080 5167 3420 5238 adjutori-um
3442 5165 3504 5218 in
3521 5178 3617 5232 po-

1977 5272 2136 5338 tente,
2169 5277 2219 5325 et
2246 5267 2496 5324 excitavi
2518 5249 2749 5323 electum
2776 5263 2840 5318 de
2864 5261 3020 5333 plebe
3045 5274 3186 5314 mea.
3220 5255 3412 5311 Inveni
3455 5249 3626 5306 David

1974 5375 2193 5416 servum
2221 5375 2424 5426 meum,
2456 5360 2569 5414 oleo
2598 5362 2782 5411 sancto
2811 5367 2935 5407 meo
2961 5350 3104 5404 αιῖωὶ
3124 5362 3266 5410 eum,
3290 5347 3622 5412 etc.,usque

1972 5450 2215 5521 perfecta
2290 5449 2347 5502 in
2418 5455 2719 5509 aeternum,
2795 5446 2846 5497 et
2915 5440 3062 5494 testis
3123 5438 3183 5490 in
3245 5433 3376 5488 cwlo
3441 5429 3622 5500 ﬁdelis

1978 5541 2050 5610 (υ.
2091 5537 2295 5609 20-30).
2346 5537 2479 5601 Quae
2529 5552 2658 5592 vero
2710 5533 3036 5602 sequuntur
3087 5539 3272 5596 usque
3319 5522 3387 5578 ad
3442 5521 3618 5578 ﬁnem

1975 5627 2209 5700 psalmi,
2241 5627 2470 5684 Christo
2502 5627 2574 5682 ad
2603 5625 2831 5681 Patrem
2878 5616 3136 5690 loquenti
3179 5627 3432 5685 congrue
3479 5626 3614 5700 pos-

1975 5699 2115 5777 sunt
2143 5717 2423 5790 aptari.1n
2454 5732 2569 5790 quo
2601 5712 2882 5772 nimirum
2902 5705 3127 5782 psalmo
3143 5704 3250 5762 hoc
3279 5699 3616 5759 mirandum
