4114 6184
454 367 570 431 ιιιο

1448 366 1790 431 0THLONI
1834 368 2192 433 MONACHI
2237 370 2304 432 s.
2349 365 2847 432 EMMEBAMMI

3740 364 3861 429 160

452 500 698 559 simulet
710 499 1104 557 venerandum
1120 499 1529 574 videtur,quod
1550 502 1893 573 hujusmodi
1915 502 2090 559 collo-
2122 513 2180 573 Α
2205 506 2257 563 et
2282 507 2568 574 separatus
2591 519 2735 568 sum,
2770 509 2821 562 et
2846 500 3156 559 exsurrexi.
3188 499 3259 557 Et
3285 498 3346 557 in
3375 516 3471 557 xxI
3503 516 3516 555 :
3543 498 3860 558 Diviserunt

453 592 659 665 quium
692 591 792 645 Dei
824 590 1009 646 Patris
1031 595 1087 646 et
1118 591 1246 646 Filii
1280 592 1403 664 ipse
1434 591 1746 664 psalmista
1774 592 1951 647 David
1986 593 2095 648 sub

452 697 703 753 persona
725 696 835 734 sua
864 680 1078 741 meruit
1107 680 1471 753 proferre.De
1499 699 1614 753 quo
1654 682 1833 753 igitur
1862 681 1979 738 tale
2000 682 2100 738 ali-

453 770 592 842 quid
626 768 929 841 legitur,ut
948 769 1161 825 Christi
1191 770 1313 825 Filii
1341 771 1444 826 Dei
1474 772 1816 844 mysterium
1840 773 1951 828 sub
1973 789 2098 845 per-

450 876 594 915 sona
617 859 852 931 propria
880 859 939 913 in
991 875 1051 915 se
1082 862 1396 916 transferre
1426 862 1841 933 praeumeret?
1876 862 2097 917 Profert

449 965 705 1019 namque
727 954 784 1003 et
804 965 873 1004 ex
902 965 1150 1021 persona
1180 950 1280 1005 Dei
1303 950 1489 1006 Patris
1511 950 1678 1023 quasi
1701 968 1901 1007 secum
1923 950 2097 1007 collo~

450 1036 683 1108 quentis
700 1036 861 1092 illam
881 1038 1350 1094 inaestimabilem
1370 1040 1822 1112 gratiam,quam
1849 1041 1973 1112 ipse
1994 1057 2097 1111 per

449 1128 743 1183 Christum
777 1132 1124 1200 cperaturus
1154 1133 1277 1184 erat
1302 1129 1360 1184 in
1393 1134 1608 1186 sanctze
1634 1130 1900 1186 Ecclesiae
1921 1130 2093 1197 ﬁliis;

449 1222 507 1274 et
552 1234 790 1273 rursum
844 1217 1060 1273 Christi
1110 1235 1421 1290 personam
1453 1220 1511 1274 in
1544 1236 1606 1275 se
1635 1220 1894 1289 trahens,
1910 1220 2098 1292 .quasi

449 1306 853 1378 respondendo
906 1307 1305 1379 superioribus
1354 1307 1525 1363 dictis
1573 1309 1790 1379 profert
1855 1325 1925 1363 ea
1969 1326 2095 1380 quae

447 1395 717 1451 Christus
749 1412 852 1466 pro
884 1395 1051 1450 nobis
1084 1413 1370 1469 passurus
1397 1397 1757 1467 erat,dicens
1786 1413 1797 1451 :
1828 1398 1914 1452 Tu
1937 1412 2092 1467 vero,

448 1488 638 1549 Pater,
691 1484 790 1555 qui
849 1483 994 1539 mihi
1046 1485 1380 1556 nuperrime
1436 1485 1758 1556 promisisti
1796 1490 1862 1540 ut
1908 1490 1964 1541 et
2003 1502 2097 1541 me

446 1574 903 1645 primogenitum
936 1573 1350 1646 excelsumque
1378 1591 1495 1645 prae
1525 1573 1762 1646 regibus
1796 1578 1960 1631 terra;
1993 1592 2092 1646 po-

449 1666 701 1733 neres,et
730 1662 780 1717 si
812 1662 921 1716 ﬁlii
950 1662 1063 1717 mei
1089 1663 1149 1717 in
1173 1662 1367 1734 aliquo
1390 1662 1795 1734 delinquentes
1819 1663 2097 1720 mandata

448 1756 552 1807 tua
582 1769 697 1807 non
727 1752 1111 1821 custodirent,
1136 1752 1194 1805 in
1218 1751 1557 1823 iniquitates
1580 1768 1782 1809 eorum
1802 1752 2091 1820 visitares,

2207 592 2313 647 sibi
2344 594 2668 648 vestimenta
2695 608 2819 648 mea
2860 599 2911 647 et
2954 606 3117 663 super
3144 596 3346 647 vestem
3371 605 3555 645 meam
3582 588 3861 647 miserunt

2204 691 2423 739 sortem.
2481 682 2593 738 Sed
2654 686 2711 737 et
2757 681 2901 737 illud
2948 680 3393 753 improperium,
3452 680 3610 751 quod
3664 680 3856 736 Judezi

2204 772 2429 827 Christo
2462 771 2820 827 insultantes
2850 771 3121 827 dixerunt
3153 789 3165 826 :
3201 770 3439 839 Conﬁdit
3470 770 3532 825 in
3558 770 3684 836 Deo,
3719 770 3854 825 libe-

2204 867 2283 919 ret
2339 878 2465 917 eum
2520 877 2668 916 nunc
2724 862 2775 916 si
2830 859 2953 917 vult
3012 860 3227 931 (Matth.
3290 876 3466 926 xxvu,
3526 859 3635 930 43).
3701 864 3859 916 Bene

2203 950 2423 1007 eisdem
2454 950 2647 1005 verbis
2681 949 2993 1005 Psalmista
3042 948 3160 1005 illic
3190 948 3552 1021 pronuntiat,
3586 948 3787 1005 dicens
3828 964 3842 1003 :

2203 1041 2454 1111 Speravit
2484 1040 2542 1092 in
2575 1040 2828 1108 Domino,
2859 1039 3061 1109 eripiat
3087 1054 3232 1104 eum,
3265 1038 3481 1093 salvum
3507 1037 3677 1108 faciat
3702 1054 3854 1103 eum,

2204 1130 2462 1202 quoniam
2497 1128 2613 1183 vult
2649 1144 2775 1184 eum
2805 1128 2976 1199 (Psal.
3010 1145 3125 1196 χχι,
3177 1127 3253 1198 9).
3303 1128 3448 1182 Item
3502 1125 3646 1182 illud
3696 1127 3855 1197 quod

2205 1218 2486 1274 Dominus
2536 1217 2607 1273 ad
2648 1217 2889 1273 Mariam
2922 1216 3067 1272 dixit
3101 1235 3113 1271 :
3149 1216 3287 1273 Vade
3326 1215 3396 1271 ad
3436 1219 3637 1286 fratres
3682 1231 3853 1285 meos,

2202 1316 2253 1362 et
2282 1307 2371 1362 dic
2399 1309 2479 1362 eis
2512 1325 2530 1361 :
2561 1306 2797 1362 Ascendo
2822 1306 2894 1362 ad
2920 1308 3141 1362 Patrem
3169 1322 3368 1374 meum,
3401 1308 3511 1361 etc.
3544 1304 3725 1376 (Joan.
3757 1322 3856 1374 xx,

2208 1396 2319 1465 17).
2352 1396 2415 1451 In
2459 1397 2663 1453 eodem
2712 1395 2939 1468 psalmo
2989 1394 3402 1468 pronuntiatur
3449 1395 3530 1450 ita
3562 1410 3574 1449 :
3606 1395 3855 1451 Narrabo

2204 1501 2406 1542 nomen
2452 1489 2611 1541 tuum
2656 1486 2925 1556 fratribus
2956 1487 3093 1541 meis
3125 1484 3298 1552 (Psal.
3331 1501 3449 1551 xx1,
3479 1484 3593 1555 23).
3625 1483 3731 1549 Qui
3763 1483 3852 1539 ni-

2206 1574 2423 1632 mirum
2456 1576 2663 1630 fratres
2694 1574 2969 1647 discipuli
3002 1573 3231 1630 Domini
3260 1573 3573 1645 utrobique
3600 1576 3738 1629 sunt
3762 1573 3853 1628 in-

2202 1663 2524 1737 telligendi.
2562 1665 2675 1720 lloc
2706 1664 2943 1736 quidem
2974 1663 3035 1719 in
3067 1663 3296 1736 psalmo
3327 1680 3443 1719 xxx.

2277 1753 2338 1809 In
2426 1771 2593 1809 vaIII
2664 1758 2860 1811 autem
2930 1752 3200 1811 similiter
3262 1752 3641 1811 inveniuntur
3722 1770 3851 1825 qua

446 1843 580 1913 post
600 1838 941 1909 hujusmodi
961 1840 1250 1909 promissa
1266 1857 1359 1896 me
1374 1840 1672 1897 Christum
1701 1842 2095 1915 tuum,inquo
2124 1878 2172 1944 Β
2200 1842 2428 1898 Christo
2459 1842 2788 1913 specialiter
2817 1842 3189 1908 conveniunt,
3227 1845 3293 1897 ut
3326 1860 3338 1898 :
3373 1842 3681 1913 Coufortati
3726 1846 3855 1898 sunt

446 1945 651 1985 omnes
682 1928 907 1983 salvere
935 1929 1299 2001 disposuisti,
1333 1928 1445 1985 cito
1476 1930 1741 2002 repulisti
1771 1936 1827 1987 et
1854 1931 2095 2004 adigni-

447 2020 566 2072 tate
597 2033 726 2072 mea
755 2016 1039 2088 dejecisti.
1072 2022 1204 2073 Haec
1236 2022 1434 2073 autem
1462 2019 1660 2075 omnia
1702 2021 2093 2092 despectionis

449 2106 626 2161 verba
655 2106 764 2161 sub
798 2123 1041 2176 persona
1063 2106 1272 2162 Christi
1301 2108 1454 2163 dicta
1486 2108 1543 2162 in
1572 2109 1781 2180 paucis
1804 2109 2096 2181 completa

444 2194 716 2250 videntur
746 2195 917 2251 dictis
946 2212 1074 2266 quae
1104 2196 1369 2254 Christus
1390 2197 1449 2252 in
1472 2213 1640 2254 cruce
1673 2200 1899 2271 positus
1916 2200 2089 2256 dixit:

443 2286 602 2351 Deus,
641 2290 788 2341 Deus
818 2301 985 2353 meus,
1016 2290 1078 2341 ut
1105 2287 1237 2358 quid
1265 2286 1607 2359 dereliquisti
1624 2289 1751 2344 me?
1783 2287 2089 2361 (Psalmxu,

446 2375 526 2444 2.)
556 2376 697 2430 Ecce
728 2392 906 2447 quam
942 2392 1105 2431 sacer
1134 2374 1402 2449 dialogus
1436 2376 1532 2433 Dei
1564 2377 1751 2435 Patris
1781 2382 1837 2434 et
1874 2378 2000 2433 Filii
2033 2378 2091 2434 in

447 2478 563 2519 uno
593 2465 915 2536 eodemque
945 2464 1173 2536 psalmo
1197 2470 1286 2521 est
1315 2466 1590 2536 factus,in
1620 2484 1735 2537 quo
1757 2472 1814 2523 et
1836 2467 2094 2539 dignitas

447 2553 676 2609 Domini
709 2553 893 2608 nostri
922 2554 1246 2609 secundum
1280 2554 1734 2625 divinitatem,et
1762 2556 1979 2627 injuria
2008 2562 2093 2612 at-

447 2659 563 2715 que
592 2643 907 2715 despectio,
940 2660 1117 2715 quam
1150 2644 1476 2701 secundum
1508 2643 1937 2702 humanitatem
1989 2662 2093 2718 pro

448 2732 654 2788 mundi
686 2732 873 2788 salute
894 2732 1633 2805 sustinuit,pronuntiatur.
1667 2734 1869 2791 Merito
1895 2735 2094 2807 itaque

446 2820 582 2877 huic
614 2821 933 2893 psalmc,in
960 2840 1073 2895 quo
1099 2826 1272 2879 tantae
1302 2823 1713 2880 misericordiae
1744 2841 2094 2881 commemo-

448 2910 594 2967 ratio
625 2911 838 2983 agitur,
871 2911 1104 2967 initium
1134 2912 1249 2968 tale
1292 2911 1607 2969 Psalmista
1653 2913 1955 2985 imposuit,
2003 2914 2091 2969 di-

451 3015 590 3056 cens
636 3018 649 3055 :
699 3000 1100 3057 Misericordiae
1155 3004 1379 3058 Domini
1433 3004 1494 3057 in
1548 3007 1819 3059 arternum
1868 3004 2095 3060 cantabo

452 3090 620 3162 ((Psal.
662 3107 929 3159 Lxxxxui,
962 3092 1037 3162 2).
1071 3090 1311 3147 Cantate
1357 3096 1415 3149 et
1461 3109 1581 3159 vos,
1635 3092 1845 3149 fratres
1873 3093 2093 3149 charis-

450 3178 906 3247 simi,canticum
931 3179 1127 3244 tale.et
1156 3180 1479 3237 benedicite
1506 3180 1819 3237 Dominum
1848 3181 1908 3237 in
1933 3182 2096 3239 omni

2202 1934 2300 2002 qui
2337 1933 2617 2003 persecuti
2642 1940 2770 1987 sunt
2799 1948 2887 1989 me
2915 1933 3133 1988 inimici
3159 1932 3272 1987 mei
3300 1931 3505 2003 injuste
3519 1948 3540 1993 ;
3569 1947 3694 2003 qum
3741 1947 3855 1987 non

2200 2023 2383 2091 rapui,
2419 2029 2550 2075 tunc
2576 2021 2938 2077 exsolvebam.
2987 2021 3287 2084 Quomodo
3344 2024 3539 2077 autem
3582 2020 3852 2078 Christus

2203 2109 2450 2169 solveret
2479 2126 2608 2181 quae
2639 2126 2754 2166 non
2785 2110 3065 2182 rapiebat,
3098 2109 3279 2167 Isaias
3322 2110 3610 2182 propheta
3655 2115 3853 2182 aperte

2204 2199 2780 2271 pronuntiat,dicens
2806 2216 2817 2253 :
2847 2200 3039 2256 Omnes
3068 2216 3167 2255 nos
3186 2201 3343 2272 quasi
3370 2215 3497 2258 oves
3516 2202 3851 2265 erravimus;

2202 2290 2577 2361 unusquisque
2606 2306 2640 2344 a
2668 2291 2761 2344 via
2787 2305 2889 2345 sua
2917 2290 3219 2346 declinavit
3236 2292 3285 2345 et
3311 2290 3571 2346 Dominus
3587 2292 3773 2361 posuit
3793 2292 3854 2345 in

2202 2394 2265 2435 eo
2315 2380 2670 2449 iniquitatem
2719 2381 2966 2435 omnium
3007 2387 3253 2435 nostrum
3312 2380 3440 2450 (Isa.
3490 2395 3610 2446 LIII,
3653 2380 3730 2449 6).
3786 2379 3854 2434 Et

2205 2468 2497 2539 quomodo
2512 2468 2783 2525 Christus
2807 2467 2977 2523 solvit
2995 2485 3121 2539 quas
3138 2484 3254 2523 non
3273 2467 3508 2540 rapuit?
3529 2468 3744 2524 Passus
3765 2473 3855 2524 est

2204 2556 2362 2612 enim
2395 2573 2509 2613 non
2541 2574 2646 2628 pro
2678 2556 2823 2621 suis,
2857 2556 2960 2613 sed
2990 2573 3093 2628 pro
3125 2556 3346 2614 nostris
3392 2556 3664 2628 peccatis.
3709 2556 3851 2614 Item

2203 2646 2261 2702 in
2294 2646 2497 2701 eodem
2529 2645 2756 2717 psalmo
2791 2663 2803 2700 :
2838 2648 2900 2701 In
2924 2647 3020 2702 siti
3044 2662 3170 2703 mea
3200 2650 3531 2713 potaverunt
3575 2663 3660 2702 me
3676 2654 3851 2703 aceto.

2204 2735 2269 2789 In
2298 2751 2339 2789 II
2372 2734 2763 2793 nihilominus
2808 2734 3036 2806 psalmo
3080 2735 3497 2807 pronuntiatur
3525 2736 3599 2792 de
3631 2735 3854 2791 Judazis

2202 2822 2453 2895 aliisque
2478 2824 2778 2881 Christum
2810 2825 3302 2897 persequentibus
3325 2841 3338 2881 :
3361 2825 3667 2882 Astiterunt
3693 2840 3853 2893 reges

2204 2916 2370 2969 terrae
2401 2916 2449 2969 et
2473 2915 2755 2985 principes
2783 2924 3152 2972 convenerunt
3174 2916 3239 2971 in
3255 2931 3430 2972 unum
3459 2914 3717 2971 adversus
3748 2915 3854 2969 Do-

2201 3004 2438 3069 minum,
2487 3008 2538 3059 et
2585 3003 2844 3060 adversus
2892 3004 3169 3061 Christum
3212 3005 3351 3074 ejus,
3401 3002 3721 3075 (subaudi:
3762 3003 3850 3058 di-

2201 3096 2404 3161 centes)
2435 3095 2854 3164 Disrumpamus
2884 3094 3108 3150 vincula
3135 3109 3323 3150 eorum
3353 3100 3405 3149 et
3429 3093 3792 3164 projiciamus
3821 3110 3858 3148 a

2203 3182 2363 3235 nobis
2404 3182 2613 3251 jugum
2658 3183 2921 3252 ipsorum.
2974 3181 3137 3246 Quod
3186 3180 3347 3247 dicit,
3395 3197 3606 3246 eorum,
3656 3181 3858 3237 referri

450 3273 737 3341 tempore;
770 3285 1003 3341 semper
1029 3269 1160 3326 laus
1201 3271 1331 3342 ejus
1362 3271 1440 3327 sit
1471 3270 1528 3326 in
1560 3288 1658 3327 ore
1684 3276 1875 3328 vestro
1914 3270 2090 3342 (Psal.
2125 3252 2168 3323 C
2206 3273 2398 3342 potest
2427 3273 2484 3325 et
2513 3270 2584 3326 ad
2609 3270 2945 3341 praemissas
2970 3284 3248 3341 personas
3270 3268 3503 3327 Domini
3523 3269 3862 3341 Christique

451 3375 651 3424 xxxm,
682 3360 758 3427 2),
793 3358 892 3429 qui
943 3362 999 3413 et
1052 3364 1186 3414 ante
1226 3363 1492 3433 tempora
1538 3360 1724 3417 multa
1773 3360 2099 3419 misericor-

452 3447 610 3503 diam
639 3450 864 3507 tantam
898 3449 1307 3519 praenuntiavit
1337 3453 1396 3505 et
1422 3466 1551 3506 eam
1582 3449 1640 3505 in
1673 3451 1843 3507 nobis
1878 3451 2103 3523 jugiter

454 3536 699 3609 implere
728 3537 1115 3609 satagit.Quid
1148 3538 1302 3593 enim
1334 3538 1734 3595 delectabilius
1763 3556 1892 3597 esse
1912 3544 2104 3611 potest

455 3642 525 3682 ea
552 3626 741 3693 laude,
771 3643 841 3683 eo
863 3626 1088 3683 cantico
1112 3628 1265 3698 quod
1298 3632 1605 3685 cantamus
1634 3628 1920 3684 Domino?
1948 3627 2103 3685 Talis

455 3719 650 3771 autem
679 3714 809 3770 laus
838 3720 895 3771 et
924 3715 1039 3771 tale
1060 3715 1525 3788 canticum,quia
1553 3734 1846 3789 nusquam
1877 3717 2101 3773 inveni-

457 3810 552 3860 tur
582 3804 840 3877 amplius
871 3821 1047 3876 quam
1068 3804 1127 3859 in
1153 3805 1553 3877 psalmis,idec
1576 3806 1886 3863 redeamus
1906 3806 1980 3862 ad
2003 3823 2103 3863 eos

457 3902 537 3961 et,
568 3898 632 3949 ut
663 3910 999 3966 possumus,
1030 3895 1409 3965 exquiramus
1434 3896 1494 3952 in
1526 3894 1619 3951 his
1649 3895 1854 3953 divinas
1878 3897 2105 3952 cantica

456 3984 677 4051 laudis;
710 3983 999 4054 quidquid
1030 3983 1187 4039 enim
1220 4001 1323 4056 pro
1354 3985 1482 4055 ejus
1513 4001 1711 4041 amore
1736 3985 1996 4057 gerimus
2016 3984 2104 4041 vel

455 4072 769 4143 loquendo,
817 4072 909 4127 vel
959 4071 1226 4144 legendo,
1257 4072 1345 4129 vel
1395 4073 1725 4140 scribendo,
1767 4090 1867 4131 seu
1916 4074 2103 4130 etiam

458 4160 628 4305 ptilia
659 4160 933 4233 quaslibet
962 4161 1439 4232 meditando,hoc
1464 4164 1535 4219 ad
1557 4162 1791 4220 laudem
1824 4180 2105 4220 suam-re-

481 4253 665 4305 ertur.

481 4253 665 4305 'ertur.

1089 4357 1320 4414 CAPUT
1356 4358 1478 4414 VII.

457 4450 531 4505 De
575 4449 860 4521 mysteriis
901 4449 1184 4521 passionis
1235 4449 1536 4505 Dominicae
1582 4450 1639 4502 in
1685 4448 1924 4520 psalmis
1957 4464 2106 4520 prte-

530 4520 849 4575 monstratis
895 4528 947 4575 et
994 4520 1058 4575 de
1096 4520 1416 4592 mutatione
1470 4536 1829 4592 personarum
1885 4521 1944 4575 in
1999 4534 2108 4575 uno

530 4592 820 4665 eodemque
844 4592 1062 4663 psalmo
1090 4591 1447 4663 loquentium.

527 4700 658 4756 Jam
690 4699 947 4755 diximus
979 4700 1050 4754 de
1080 4698 1454 4755 sanctissimo
1504 4697 1601 4752 Dei
1650 4696 1841 4754 Patris
1881 4701 1937 4753 et
1979 4696 2105 4752 Filii

461 4788 690 4860 dialogo
720 4790 819 4860 qui
849 4788 1063 4859 legitur
1092 4789 1152 4845 in
1183 4788 1410 4860 psalmo
1448 4804 1714 4855 LXXXVIII,
1750 4787 1852 4859 qui
1882 4787 2108 4843 cunctis

461 4881 674 4934 sanctas
706 4877 972 4934 Ecclesia:
1004 4876 1141 4934 ﬁliis
1172 4882 1329 4934 tanto
1360 4877 1549 4950 magis
1591 4881 1680 4934 est
1720 4876 2106 4944 venerandus,

462 4971 681 5038 quanto
713 4965 1029 5037 specialius
1061 4966 1118 5022 in
1150 4983 1216 5022 eo
1240 4966 1473 5023 illorum
1508 4966 1897 5039 praenuntiata
1926 4981 2109 5037 agno-

463 5056 647 5112 scitur
671 5054 1033 5112 salus.Nunc
1052 5072 1185 5111 vero
1209 5056 1473 5113 dicamus
1504 5056 1641 5127 quia
1670 5054 1865 5125 plures
1894 5054 2107 5127 psalmi

463 5146 841 5201 inveniuntur
886 5146 996 5201 sub
1047 5146 1172 5201 sola
1219 5162 1471 5217 persona
1522 5145 1735 5202 Christi
1766 5145 1838 5203 ad
1880 5146 2108 5201 Patrem

462 5234 772 5292 clamantis
802 5252 906 5307 pro
936 5235 1230 5307 ereptione
1259 5235 1451 5301 sua,in
1485 5235 1701 5305 quibus
1722 5238 1781 5291 et
1809 5251 1916 5291 nos
1941 5234 2108 5291 doce-

463 5341 598 5380 mur
624 5341 792 5381 crare
821 5323 1073 5396 qualiter
1101 5323 1438 5396 spirituales
1476 5323 1767 5395 nequitias
1813 5323 2109 5396 possimus

464 5430 762 5485 superare.
786 5416 1044 5481 Quorum
1067 5414 1335 5471 videlicet
1364 5411 1725 5485 psalmorum
1748 5416 1888 5470 sunt
1907 5412 2107 5485 praci-

466 5504 566 5573 pui
595 5506 714 5559 tres
744 5502 861 5573 isti,
912 5520 993 5569 ιιι,
1041 5520 1133 5559 xxI
1184 5507 1242 5559 et
1294 5518 1489 5567 LXVIII,
1535 5502 1593 5557 in
1644 5500 1860 5573 quibus
1908 5508 2111 5574 praeter

465 5590 789 5649 orationem
821 5592 1158 5663 praedictam
1190 5590 1305 5648 alia
1333 5606 1564 5662 quoque
1594 5591 1664 5646 ad
1698 5590 1995 5648 Christum
2016 5608 2108 5648 sc-

466 5680 590 5738 lum
620 5679 972 5754 pertinentia
1002 5680 1398 5752 inveniuntur,
1413 5684 1478 5738 ut
1506 5680 1566 5739 in
1598 5694 1700 5741 III:
1730 5682 1839 5753 Ego
1855 5680 2110 5752 dormivi,

2210 3361 2359 3430 ejus,
2394 3363 2453 3416 et
2483 3360 2554 3415 ad
2581 3358 2741 3417 illius
2785 3358 3126 3431 discipulos,
3160 3375 3308 3430 quos
3337 3375 3373 3416 a
3402 3375 3465 3416 se
3492 3358 3866 3430 projicientes

2215 3450 2288 3507 ad
2318 3452 2521 3521 gentes
2552 3448 2806 3509 transire
2824 3448 3256 3521 compulerunt.

2284 3543 2363 3594 De
2390 3538 2546 3595 Juda
2575 3538 2751 3595 etiam
2781 3538 3060 3599 traditore
3117 3542 3238 3595 tam
3292 3554 3361 3596 ex
3418 3536 3632 3595 Christi
3689 3553 3869 3609 quam

2212 3626 2537 3684 Psalmistae
2584 3644 2838 3699 persona
2887 3626 3157 3697 quaedam
3201 3631 3755 3693 commemorantur.
3788 3627 3874 3683 Ex

2214 3715 2431 3788 quibus
2462 3715 2609 3771 illud
2638 3720 2748 3785 est,
2782 3715 2938 3787 quod
2959 3732 3028 3773 ex
3058 3730 3308 3787 persona
3337 3715 3565 3775 Domini
3592 3715 3807 3772 dicitur
3846 3731 3861 3770 :

2212 3806 2325 3875 Qui
2379 3804 2577 3860 edebat
2602 3820 2776 3875 panes
2820 3820 2965 3861 meos
2995 3804 3372 3875 magniﬁoavit
3407 3819 3572 3876 super
3608 3819 3698 3859 me
3738 3819 3870 3873 sup-

2208 3893 2613 3966 plantationem
2642 3893 2816 3965 (Psal.
2871 3910 2960 3963 XL,
3008 3894 3117 3964 10).
3167 3894 3250 3953 Ex
3296 3892 3622 3953 Psalmistaa
3668 3896 3868 3949 autem

2214 3999 2463 4055 persona
2494 3982 2608 4038 dici
2638 3982 2871 4038 videtur
2900 4000 2912 4038 :
2950 3983 3223 4041 Constitue
3258 3998 3422 4054 super
3466 3999 3594 4039 eum
3625 3988 3871 4054 peccato-

2214 4089 2367 4140 rem;
2397 4072 2649 4129 diabolus
2679 4076 2782 4128 stet
2806 4088 2839 4126 a
2865 4072 3077 4133 dextris
3110 4073 3259 4143 ejus;
3290 4088 3477 4144 usque
3523 4074 3664 4129 sicut
3707 4086 3871 4142 zona,

2214 4178 2321 4233 qua
2351 4177 2565 4232 semper
2588 4162 2965 4232 praecingitur
2994 4160 3165 4229 (Psal.
3201 4175 3360 4230 CVIII,
3391 4161 3575 4229 6-19).
3608 4160 3771 4226 Quod
3818 4160 3875 4216 si

2216 4249 2391 4306 alicui
2421 4250 2733 4307 videantur
2778 4250 2903 4308 haec
2950 4250 3127 4311 verba
3178 4249 3391 4309 melius
3443 4248 3659 4309 Christi
3691 4266 3874 4322 quam

2214 4338 2541 4397 Psalmistae
2600 4355 2862 4412 personas
2913 4339 3241 4408 convenire,
3292 4356 3408 4401 non
3462 4338 3796 4398 contradicc
3859 4354 3873 4394 :

2217 4428 2358 4501 quia
2388 4428 2633 4487 forsitan
2664 4428 2899 4501 utrique
2929 4445 3191 4501 personis
3249 4432 3496 4500 psseunt
3533 4444 3876 4502 congruam.

2215 4518 2350 4591 Ipsa
2378 4518 2558 4575 etiam
2592 4518 3022 4575 maledictionis
3049 4518 3227 4577 verba
3251 4535 3379 4590 quae
3408 4520 3479 4577 de
3505 4518 3663 4577 Juda
3690 4517 3878 4577 tradi-

2138 4628 2184 4695 D
2216 4613 2341 4665 tore
2389 4612 2529 4664 sunt
2577 4608 2737 4664 dicta
2783 4611 3115 4680 congruunt
3159 4607 3406 4665 Judaico
3453 4606 3689 4678 populo.
3723 4607 3877 4665 Nam

2216 4697 2371 4769 quod
2406 4696 2620 4752 dicitur
2648 4697 2709 4753 in
2740 4695 2840 4752 illo
2869 4713 3039 4757 versu
3092 4713 3105 4754 ε
3157 4698 3426 4756 Nutantes
3454 4696 3881 4765 transferantur

2216 4787 2326 4857 ﬁili
2353 4788 2469 4854 eius
2498 4790 2550 4842 et
2577 4786 2919 4851 mendicent;
2964 4787 3268 4858 ejiciuntur
3311 4784 3375 4843 de
3423 4784 3876 4851 habitationibus

2217 4877 2333 4933 suis
2361 4875 2527 4943 (Ibid.
2563 4876 2671 4946 10),
2703 4881 2762 4931 et
2781 4876 2950 4947 juxta
2988 4874 3242 4933 litteram
3288 4873 3557 4932 videmus
3605 4874 3875 4946 quotidie

2219 4964 2449 5036 impleri
2481 4963 2540 5019 in
2573 4964 2776 5023 eodem
2808 4962 3163 5035 populo.Sed
3192 4968 3252 5021 et
3280 4962 3391 5021 hoc
3414 4962 3735 5023 Psalmista
3753 4980 3872 5023 non

2219 5053 2403 5111 tacuit
2449 5053 2607 5124 quod
2657 5069 2790 5110 caro
2837 5051 3055 5113 Christi
3110 5052 3171 5109 in
3220 5052 3492 5126 sepulcro
3522 5054 3715 5128 posita
3743 5070 3870 5111 cor-

2220 5142 2552 5215 ruptionem
2586 5158 2703 5198 non
2731 5140 2990 5216 pertulit,
3032 5141 3235 5203 dicens
3283 5159 3354 5203 ex
3398 5144 3586 5217 ipsius
3616 5160 3875 5217 persona

2219 5232 2279 5288 in
2312 5230 2539 5304 psalmo
2566 5247 2640 5287 xv
2672 5247 2686 5287 :
2718 5231 2837 5289 Non
2866 5232 3024 5291 dabis
3050 5238 3305 5296 sanctum
3332 5239 3511 5307 tuum,
3539 5234 3875 5305 Domine,ui-

2217 5320 2342 5387 dere
2368 5321 2796 5393 corruptionem.

2291 5411 2446 5469 Inter
2485 5410 2608 5469 hac
2673 5412 2849 5473 etiam
2907 5428 3279 5486 summopere
3342 5412 3715 5484 pensandum
3776 5417 3874 5471 est

2219 5501 2445 5563 cunctis
2466 5502 2539 5558 ad
2570 5501 2839 5565 intimam
2864 5502 3225 5575 psalmorum
3256 5501 3705 5576 intelligentiam
3742 5520 3870 5577 perv

2220 5590 2445 5663 tingere
2475 5592 2848 5664 cupientibus
2870 5596 3092 5664 quanta
3113 5607 3495 5664 personarum
3518 5592 3765 5651 mutatio
3787 5592 3870 5651 sit

2219 5681 2280 5749 in
2309 5681 2668 5755 quibusdam
2694 5681 3223 5758 psalmis,quorum
3248 5681 3520 5745 videlicet
3546 5682 3786 5753 initium
3804 5686 3868 5742 et
