4108 6188
227 323 345 388 161

1375 320 1534 385 LIB.
1580 324 1683 385 DE
1725 324 1987 388 CURSU
2031 325 2496 390 SPIRITUALI.

3523 338 3646 400 162

227 462 408 516 ﬁnem
430 471 702 531 persona
728 455 1049 515 Psalmista
1071 455 1404 514 inVenimus
1429 458 1719 527 dandum;
1753 474 1881 530 qua
1911 461 1969 528 Α
1997 459 2174 516 iidem
2204 464 2322 516 tres
2356 461 2535 527 modi,
2567 461 2702 518 licet
2749 463 2954 520 ordine
2999 464 3296 522 dissimili.
3327 466 3392 522 In
3439 468 3649 540 primis
3687 431 3690 435 ‘

229 557 369 606 vero
397 548 457 604 in
485 545 682 602 medio
711 551 856 602 sunt
873 562 1031 602 nunc
1052 546 1289 617 quidem
1310 546 1410 603 Dei
1438 547 1622 603 Patris
1652 551 1710 603 et
1741 547 1891 616 Filii,

234 653 395 695 nunc
440 653 576 692 vero
627 635 897 692 absolute
943 635 1045 692 Dei
1094 651 1354 708 persona
1405 637 1777 693 conveniunt.
1808 638 1892 693 0b

231 729 407 799 cujus
442 726 523 782 rei
547 725 819 782 notitiam
843 725 1186 797 capiendam
1207 725 1388 782 trium
1411 725 1505 782 hic
1531 726 1891 799 psalmorum

227 817 410 873 verba
449 815 893 888 subjungimus,
925 814 1036 870 hoc
1085 818 1175 871 est
1224 832 1287 884 ιι,
1317 833 1452 871 xmx
1501 823 1557 872 et
1609 832 1794 872 LXXXI.
1830 816 1893 871 In

231 906 497 963 secundo
524 903 685 960 enim
707 902 962 976 psalmo,
985 905 1155 976 cujus
1174 904 1410 960 initium
1431 909 1522 960 est
1545 921 1558 959 :
1586 904 1763 973 Quare
1790 906 1897 974 fre-

235 1002 513 1051 muerunt
537 997 744 1065 gentes,
767 993 830 1048 in
859 994 1069 1065 primis
1091 993 1402 1050 Psalmista
1421 995 1787 1066 interrogans
1807 993 1895 1048 vel

237 1085 545 1142 admirans
576 1083 733 1139 unde
758 1083 1099 1140 Judaorum
1131 1082 1498 1156 aliorumque
1527 1083 1741 1139 Christi
1773 1099 1898 1154 per-

238 1179 582 1231 secuturum
611 1171 887 1245 impietas
927 1176 1093 1229 tanta
1130 1173 1386 1229 evenerit
1415 1189 1484 1230 ex
1513 1189 1760 1245 persona
1789 1189 1898 1228 sua

236 1262 526 1335 loquitur,
574 1261 777 1317 dicens
833 1279 846 1317 :
901 1265 1092 1335 Quare
1135 1266 1480 1334 fremuerunt
1524 1271 1729 1331 gentes,
1761 1266 1895 1333 etc.,

236 1368 434 1424 usque
463 1355 512 1407 et
541 1354 600 1406 in
621 1355 814 1421 furore
839 1367 938 1407 suo
967 1352 1316 1408 conturbabit
1347 1368 1454 1407 eos.
1479 1352 1612 1417 Qua
1645 1367 1900 1423 sequun-

240 1449 348 1497 tur
379 1441 556 1497 verba
583 1446 719 1496 sunt
746 1440 961 1497 Christi
1003 1457 1191 1514 usque
1220 1443 1483 1497 Dominus
1513 1440 1658 1496 dixit
1685 1441 1762 1497 ad
1790 1456 1895 1498 me.

238 1531 386 1588 Post
414 1529 537 1585 hac
565 1528 721 1602 loqui
767 1529 976 1601 incipit
1021 1529 1192 1586 Pater
1220 1529 1292 1585 ad
1324 1529 1559 1596 Filium,
1590 1529 1899 1586 insinuans

241 1636 349 1693 per
381 1634 515 1674 eum
547 1623 752 1691 gentes
781 1619 854 1674 ad
888 1619 1140 1674 salutem
1185 1619 1543 1690 reparandas
1575 1634 1737 1686 esse;
1771 1634 1898 1690 qua

241 1706 531 1765 nimirum
563 1706 782 1763 locutio
813 1707 880 1762 fit
929 1722 1118 1779 usque
1163 1711 1427 1780 tanquam
1453 1724 1550 1764 vas
1578 1707 1746 1781 ﬁguli
1771 1723 1901 1763 con-

242 1798 455 1868 ]ringes
480 1811 591 1852 eos.
624 1795 845 1852 Deinde
863 1813 998 1852 vero
1028 1811 1215 1869 usque
1238 1797 1310 1853 ad
1332 1797 1509 1853 finem
1543 1797 1755 1869 psalmi
1779 1812 1901 1851 ver-

246 1888 317 1942 ba
347 1890 495 1942 sunt
541 1884 868 1942 Psalmista
913 1885 1286 1942 admonentis
1316 1890 1568 1942 rectores
1614 1885 1905 1958 quoslibet

250 1980 313 2032 ut
351 1975 726 2032 attendentes
779 1991 906 2047 qua
936 1975 1207 2048 superius
1239 1980 1379 2031 sunt
1407 1993 1442 2032 a
1471 1979 1641 2031 Patre
1669 1979 1728 2032 et
1760 1974 1903 2030 Filio

251 2065 408 2120 dicta
429 2080 566 2120 cum
587 2063 797 2120 timore
818 2069 876 2119 et
905 2080 1102 2120 amore
1134 2063 1246 2119 sibi
1278 2063 1554 2131 serviant,
1577 2064 1903 2136 apprehen-

257 2154 514 2226 dantque
543 2152 916 2225 disciplinam
956 2154 1016 2208 in
1060 2153 1170 2210 hoc
1202 2153 1430 2221 saculo,
1460 2170 1531 2210 ne
1579 2158 1819 2226 pereant
1843 2154 1900 2208 in

256 2241 475 2299 futuro.
511 2243 654 2299 Ecce
697 2259 875 2315 quam
909 2241 1145 2299 diversa
1187 2242 1490 2298 sententia
1537 2247 1595 2298 et
1643 2258 1903 2315 persona

253 2332 502 2389 secundi
529 2331 776 2406 psalmi!
822 2336 888 2386 In
933 2330 1161 2404 psalmo
1207 2336 1405 2388 autem
1453 2331 1903 2405 quadragesimo

247 2438 429 2487 nono,
490 2422 657 2493 cuius
709 2419 947 2476 initium
1003 2421 1313 2476 est:Deus
1369 2420 1592 2477 deorum
1642 2422 1904 2476 Dominus

247 2512 472 2568 locutus
502 2519 592 2580 est,
623 2509 1006 2567 inveniuntur
1046 2509 1130 2564 illi
1188 2514 1308 2566 tres
1357 2510 1671 2567 locutionis
1722 2510 1901 2579 modi,

248 2617 402 2673 quos
427 2617 606 2673 supra
633 2600 752 2656 dixi
781 2600 853 2656 de
882 2599 1380 2671 pronuntiatione,
1406 2601 1475 2655 de
1507 2599 1905 2655 admonitione

251 2690 758 2762 etvincrepatione.
795 2689 857 2744 In
907 2689 1114 2760 primis
1166 2705 1423 2762 namque
1470 2688 1786 2744 Psalmista
1815 2687 1905 2744 lo-

252 2781 460 2852 quitur
489 2795 560 2835 ex
587 2795 840 2852 persona
869 2795 976 2834 sua
1014 2777 1404 2850 pronuntians
1447 2778 1616 2834 nobis
1663 2777 1906 2834 extremi

245 2869 463 2940 judicii
492 2874 749 2940 tempus,
784 2884 900 2940 quo
943 2867 1154 2924 calum
1186 2872 1245 2924 et
1272 2871 1509 2936 terram,
1541 2867 1596 2922 id
1631 2871 1720 2922 est
1749 2865 1906 2922 caeli-

253 2957 410 3014 colas
443 2962 502 3013 et
530 2958 852 3030 terrigenas
882 2958 1102 3030 pariter
1125 2958 1528 3014 convocandos
1547 2973 1676 3013 esse
1705 2956 1909 3028 pradi-

256 3047 364 3115 cit;
385 3064 505 3118 quo
523 3047 699 3102 etiam
722 3047 919 3119 ipsum
936 3045 1248 3101 Dominum
1271 3046 1578 3102 manifeste
1595 3050 1907 3102 venturum

2005 565 2256 620 namque
2310 549 2628 607 Psalmista
2683 568 2751 607 ex
2807 568 3054 624 persona
3111 572 3219 611 sua
3290 557 3649 628 pronuntiat,

2003 638 2205 694 dicens
2238 655 2250 694 :
2283 640 2424 696 Deus
2451 642 2608 696 stetit
2655 642 2715 696 in
2761 659 3037 714 synagoga
3082 645 3337 708 deorum;
3367 649 3428 702 in
3474 647 3652 705 medio

2001 733 2185 784 autem
2212 728 2335 785 deos
2377 729 2667 802 dijudicat.
2702 729 2774 786 Ut
2812 731 3080 788 videlicet
3112 738 3344 808 tempus
3394 738 3654 809 praeteri-

2003 821 2130 873 tum
2159 820 2310 874 stetit
2341 835 2444 890 pro
2477 819 2746 890 praesenti
2787 837 3009 892 ponens
3042 822 3278 892 indicat,
3312 826 3452 896 quia
3498 827 3653 884 Deus

2003 907 2064 962 in
2097 921 2394 979 synagoga
2433 908 2697 975 deorum,
2730 907 2787 964 id
2819 914 2910 965 est
2957 920 3248 968 rectorum
3279 918 3335 968 et
3355 915 3651 988 judicum,

2005 1012 2154 1067 quos
2185 1013 2350 1052 sacra
2373 997 2671 1069 Scriptura
2691 1014 2844 1071 sape
2863 999 2992 1054 deos
3020 1000 3302 1070 nominat,
3327 1005 3654 1062 consistens

2006 1101 2238 1156 semper
2290 1085 2606 1158 prospiciat
2657 1087 2797 1156 quid
2856 1092 3033 1160 agant
3083 1095 3139 1145 et
3187 1093 3654 1164 quotiescunque

2006 1174 2206 1246 inique
2230 1174 2646 1245 judicaverint,
2670 1177 2795 1248 ipse
2825 1176 2885 1231 in
2918 1177 3109 1234 medio
3131 1195 3333 1235 eorum
3363 1186 3528 1238 stans
3555 1199 3655 1238 eos

2007 1279 2111 1336 pro
2142 1263 2243 1319 tali
2289 1263 2462 1335 culpa
2514 1263 2813 1335 dijudicet.
2850 1266 3097 1338 Moxque
3141 1284 3210 1324 ex
3259 1284 3508 1340 persona
3555 1271 3654 1327 Dei

2008 1353 2241 1408 eosdem
2273 1357 2525 1409 rectores
2557 1361 2611 1408 et
2632 1354 2866 1424 judices
2898 1356 3161 1428 increpat
3184 1358 3422 1414 dicens:
3457 1361 3655 1432 Usque-

2007 1458 2110 1512 quo
2148 1441 2424 1513 judicatis
2471 1444 2842 1513 iniquitatem,
2874 1452 2927 1498 et
2973 1447 3142 1515 facies
3184 1453 3530 1517 peccatorum
3557 1467 3658 1505 su-

2005 1532 2195 1586 mitis?
2241 1532 2375 1597 Qua
2416 1531 2698 1587 nimirum
2751 1533 2956 1588 divina
3014 1534 3429 1606 increpationis
3482 1539 3660 1595 verba

2009 1619 2414 1691 superioribus
2445 1621 2616 1675 dictis
2641 1623 2953 1691 conjuncta
2981 1621 3138 1678 hunc
3169 1641 3408 1681 sensum
3443 1627 3657 1684 habere

2007 1707 2280 1762 videntur
2312 1724 2324 1761 :
2361 1707 2507 1763 Cum
2557 1709 2776 1777 sciatis,
2809 1727 2841 1764 o
2874 1715 3124 1768 rectores
3171 1717 3228 1769 et
3267 1715 3519 1784 judices,
3564 1732 3658 1772 me

1932 1836 1980 1901 Β
2009 1812 2240 1868 semper
2271 1796 2330 1851 in
2361 1797 2552 1852 medio
2583 1803 2843 1854 vestrum
2875 1816 3002 1856 esse
3041 1806 3098 1856 et
3138 1803 3467 1875 prospicere
3499 1822 3656 1876 qua-

2013 1902 2245 1958 cunque
2269 1886 2478 1958 agatis,
2498 1903 2602 1942 our
2621 1887 2834 1959 sapius
2857 1887 3057 1961 inique
3079 1890 3414 1961 judicantes
3436 1893 3660 1950 destru-

2014 1979 2201 2030 ctores
2251 1975 2440 2047 magis
2471 1992 2647 2047 quam
2697 1981 2948 2034 rectores
2994 1978 3262 2035 Ecclesia
3309 1981 3491 2037 estis?
3522 1982 3663 2038 Post

2013 2063 2162 2119 hanc
2199 2080 2333 2119 vero
2377 2064 2836 2136 increpationem
2882 2067 3158 2124 continuo
3205 2071 3376 2141 quasi
3424 2087 3658 2143 compa-

2011 2153 2162 2209 tiens
2194 2154 2493 2225 praterita
2534 2153 2830 2226 iniquitati
2862 2172 3064 2212 eorum
3095 2159 3370 2216 admonet
3398 2161 3658 2228 eosdem,

2013 2247 2078 2298 ut
2105 2242 2190 2298 vel
2231 2244 2605 2314 postmodum
2654 2260 2716 2299 se
2764 2246 3076 2302 emendant
3122 2247 3456 2320 rectiusque
3497 2250 3658 2321 judi-

2013 2336 2162 2399 cent,
2196 2332 2395 2388 dicens
2429 2349 2441 2387 :
2473 2333 2722 2389 Judicate
2747 2351 2913 2404 egeno
2957 2334 3282 2408 et'pupitlo,
3317 2338 3581 2394 humilem
3609 2344 3660 2396 et

2011 2437 2305 2494 pauperem
2328 2422 2656 2493 justificate.
2683 2424 2894 2494 Eripite
2916 2440 3236 2496 pauperem,
3255 2431 3307 2482 et
3333 2443 3565 2498 egenum
3593 2427 3661 2484 de

2011 2528 2182 2566 manu
2225 2513 2524 2582 peccatoris
2574 2510 2820 2567 liberate.
2851 2512 3031 2575 Quasi
3062 2514 3282 2570 diceret
3323 2532 3335 2569 :
3374 2517 3662 2587 Adjuvate

2013 2598 2144 2655 illos
2175 2599 2425 2655 maxime
2455 2600 2552 2669 qui
2605 2616 2891 2672 pauperes
2919 2606 2978 2656 et
3006 2603 3475 2675 contemptibiles
3524 2609 3665 2661 sunt

2015 2688 2074 2742 in
2108 2687 2297 2760 plebe,
2332 2686 2551 2760 quique
2597 2689 2726 2745 ideo
2769 2689 2842 2746 ab
2891 2689 3024 2746 aliis
3073 2692 3486 2764 opprimuntur
3525 2694 3663 2766 quia

2017 2777 2208 2832 nullos
2227 2777 2561 2834 defensores
2583 2778 2796 2835 habere
2816 2779 3108 2836 videntur.
3127 2781 3316 2837 Finita
3335 2787 3528 2839 autem
3554 2785 3664 2840 hac

2017 2866 2412 2923 admonitione
2433 2867 2646 2923 iterum
2667 2867 2975 2936 Dominus,
3006 2871 3175 2942 quasi
3200 2872 3478 2943 praescius
3501 2873 3664 2928 mali-

2015 2956 2106 3011 tia
2138 2961 2194 3010 et
2223 2956 2450 3010 duritia
2481 2957 3661 3032 eorumdemjudicum,quodque-admo-

2019 3045 2298 3100 nitionem
2323 3062 2492 3100 suam
2512 3047 2903 3118 contempturi
2927 3049 3116 3120 magis
3137 3047 3386 3121 diligant
3417 3066 3664 3107 munera

255 3136 498 3191 indicat.
524 3136 656 3191 Ideo
686 3139 885 3192 autem
919 3136 1208 3204 mani/este
1233 3139 1550 3191 venturum
1581 3135 1744 3204 dicit,
1771 3133 1910 3206 quia
2018 3149 2196 3206 quam
2227 3133 2328 3190 Dei
2374 3140 2676 3207 pracepta,
2709 3152 2824 3191 non
2871 3140 2934 3191 ut
2982 3137 3145 3209 prius
3194 3142 3528 3210 prasentes,
3560 3139 3662 3196 sed

254 3223 520 3298 quotidie
545 3225 619 3279 ad
648 3240 756 3282 nos
781 3223 1018 3292 clamat,
1041 3240 1197 3279 nunc
1217 3223 1455 3295 quidem
1483 3223 1910 3296 scriptis,nunc
1939 3211 1982 3278 C
2020 3221 2187 3294 quasi
2209 3222 2479 3279 absentes
2509 3223 2847 3295 alloquitur,
2874 3225 3075 3281 dicens
3099 3243 3111 3281 :
3140 3227 3466 3284 Nescierunt
3492 3243 3666 3298 neque

249 3331 386 3372 vero
412 3313 759 3387 vulgaribus
789 3313 985 3382 dictis,
1008 3312 1303 3369 interdum
1334 3313 1509 3370 etiam
1541 3329 1738 3369 rerum
1767 3312 1904 3368 visi-

248 3403 464 3459 bilium
495 3403 880 3476 argumentis,
912 3418 1018 3475 per
1064 3419 1210 3474 qua.
1233 3404 1547 3458 edocemur
1589 3400 1908 3458 invisibilia

244 3491 539 3564 quaelibet
567 3507 896 3564 agnoscere,
929 3491 1082 3546 sicut
1109 3491 1396 3564 scriptum
1426 3495 1516 3547 est
1549 3509 1562 3547 :
1594 3491 1907 3546 Invisibilia
1942 3551 1944 3553 ,

242 3581 349 3636 Dei
394 3595 502 3650 per
527 3594 593 3634 ea
639 3594 761 3650 quae
802 3583 945 3651 facta
991 3584 1118 3635 sunt
1162 3579 1439 3636 intellecta
1496 3581 1909 3651 conspiciuntur

250 3669 434 3740 (Rom.
471 3684 512 3736 ι,
545 3668 656 3740 20).
691 3672 791 3724 Per
818 3668 937 3724 hac
978 3684 1113 3742 ergo
1143 3668 1341 3724 omnia
1375 3669 1525 3724 Deus
1557 3669 1724 3724 nobis
1746 3668 1907 3741 jugi-

251 3763 344 3814 ter
383 3757 800 3813 manifestatur
828 3762 886 3813 et
913 3757 1198 3830 loquitur,
1229 3761 1295 3812 ut
1324 3757 1574 3814 scientes
1611 3757 1907 3829 justitiam

253 3847 410 3916 ejus,
432 3846 860 3902 annuntiemus
893 3846 1166 3902 omnibus
1201 3847 1479 3920 quoniam
1501 3847 1707 3918 justus
1729 3846 1911 3918 judex

255 3940 368 3991 est.
401 3938 664 4007 Cumque
696 3936 1010 3990 Psalmista
1039 3937 1481 4007 pronuntiasset
1516 3935 1656 3990 talia
1684 3951 1752 3990 ex
1780 3951 1908 4008 per-

254 4039 406 4079 sons
437 4040 565 4095 sua,
597 4024 907 4095 subjunxit
935 4023 1395 4080 admonitionem
1429 4039 1498 4079 ex
1529 4039 1779 4096 persona
1811 4024 1911 4080 Dei

253 4113 498 4179 factam,
531 4113 732 4170 dicens
767 4132 780 4169 :
810 4113 974 4180 Audi,
1001 4114 1234 4186 populus
1272 4128 1444 4179 meus,
1479 4116 1611 4181 etc.,
1646 4129 1833 4184 usque
1861 4121 1913 4168 et

253 4200 649 4271 honoriﬁcabis
687 4220 790 4259 me.
828 4202 932 4258 Ubi
977 4201 1248 4258 videlicet
1277 4217 1763 4274 unumquemque
1792 4201 1912 4274 pri-

254 4289 456 4344 mitus
493 4291 782 4360 admonet,
814 4297 881 4347 ut
910 4308 972 4347 se
1017 4291 1214 4363 ipsum
1243 4290 1560 4362 plusquam
1609 4290 1724 4346 alia
1754 4307 1912 4363 qua-

254 4378 420 4434 libet
448 4379 722 4437 sacriﬁcia
772 4381 888 4437 Deo
936 4380 1229 4448 immolet;
1280 4380 1490 4436 deinde
1535 4395 1670 4436 vero
1707 4381 1911 4436 eadem

252 4482 525 4540 persona
576 4467 673 4524 Dei
730 4468 1013 4542 loquitur,
1063 4469 1308 4526 dicens:
1344 4468 1523 4536 Quare
1578 4473 1640 4525 tu
1683 4485 1913 4543 enarras

241 4557 517 4626 justitias
559 4573 709 4614 meas
734 4561 787 4614 et
829 4559 1063 4614 assumis
1106 4560 1494 4612 testamentum
1538 4573 1740 4630 meum,
1773 4562 1909 4626 etc.,

252 4660 458 4717 usque
494 4653 740 4703 statuam
766 4651 958 4704 contra
1002 4648 1204 4718 faciem
1249 4654 1420 4702 tuam.
1453 4645 1560 4701 Ubi
1611 4646 1912 4702 nihilomi-

255 4751 384 4791 nus
412 4735 674 4809 increpat
716 4736 1037 4809 quemlibet
1081 4736 1376 4791 doctorem
1416 4734 1608 4792 verbis
1656 4740 1915 4792 tantum-

257 4823 445 4879 modo
475 4831 765 4898 pracepta
792 4827 896 4882 Dei
926 4824 1320 4895 intimantem,
1353 4840 1459 4879 cur
1487 4823 1616 4880 aliis
1646 4842 1918 4883 enarrare

256 4919 592 4984 presumat
638 4914 767 4973 illas
812 4914 916 4971 Dei
937 4913 1224 4987 justitias,
1258 4929 1405 4985 quas
1454 4913 1580 4986 ipse
1626 4916 1918 4986 operando

255 5017 392 5057 non
422 5003 706 5075 sequitur.
728 5005 866 5060 Post
889 5004 1038 5059 hanc
1057 5017 1191 5058 vero
1221 5002 1676 5074 increpationem
1707 5003 1918 5059 iterum

248 5087 581 5147 Psalmista
610 5109 679 5148 ex
705 5109 954 5165 persona
979 5107 1089 5148 sua
1117 5090 1364 5163 loquens
1391 5094 1448 5145 et
1475 5090 1673 5146 dicens
1705 5087 1921 5147 intelli-

243 5180 378 5250 gite
429 5179 568 5248 haec,
601 5185 732 5250 etc.,
781 5197 970 5253 usque
1025 5179 1085 5234 in
1145 5180 1322 5234 tinem
1378 5177 1612 5251 psalmi,
1647 5181 1921 5236 admonet

246 5283 474 5324 omnes
504 5275 568 5324 ut
599 5271 966 5346 attendentes
986 5274 1044 5326 et
1076 5266 1533 5325 admonitionem
1567 5268 1628 5324 in
1658 5269 1920 5342 increpa-

246 5357 488 5413 tionem
521 5358 624 5416 Dei
655 5361 728 5418 ad
759 5359 930 5416 illum
961 5361 1390 5424 convertantur,
1424 5374 1496 5413 ne
1529 5357 1676 5414 forte
1711 5375 1920 5431 praoc-

245 5446 467 5517 cupati
497 5447 591 5504 die
630 5449 839 5506 mortis
882 5450 1145 5523 quaerant
1171 5445 1452 5519 spatium
1483 5447 1832 5519 panitentia
1863 5452 1920 5504 et

245 5535 528 5594 invenire
556 5554 675 5596 non
705 5539 956 5612 possint.

330 5626 666 5704 ln'psalmo
696 5630 873 5689 etiam
902 5625 1260 5704 octogesimo
1307 5622 1500 5701 primo
1546 5623 1921 5686 inveniuntur

2015 3312 2445 3374 intellexerunt;
2501 3315 2564 3367 in
2635 3314 2869 3369 tenebris
2935 3315 3250 3377 ambulant;
3305 3317 3664 3372 movebuntur

2015 3402 2202 3458 omnia
2229 3401 2592 3473 fundamenta
2621 3410 2806 3459 terrae.

2088 3491 2152 3544 In
2183 3505 2302 3561 qua
2352 3489 2634 3544 nimirum
2656 3491 2966 3561 sententia,
2989 3491 3038 3547 si
3069 3495 3400 3563 temporum
3421 3491 3664 3548 diversi-

2019 3583 2195 3634 tatem
2214 3578 2538 3650 sequimur,
2554 3595 2826 3651 magnam
2841 3579 3244 3637 difﬁcultatem
3264 3580 3663 3654 intelligentia

2018 3667 2295 3740 patimur.
2311 3671 2375 3721 In
2391 3666 2595 3738 primis
2607 3667 2764 3723 enim
2781 3668 3262 3741 poniturtempus
3279 3670 3664 3741 praeteritum,

2019 3761 2083 3811 ut
2107 3773 2121 3811 :
2145 3758 2473 3824 nescierunt,
2501 3773 2672 3828 neque
2699 3758 3125 3824 intellexerunt;
3148 3758 3358 3814 deinde
3387 3775 3663 3830 praesens,

2019 3849 2085 3901 ut
2119 3862 2130 3901 :
2167 3849 2222 3900 in
2255 3846 2492 3902 tenebris
2528 3847 2845 3912 ambulant;
2873 3848 2946 3903 ad
2989 3851 3313 3904 extremum
3343 3864 3475 3904 vero
3505 3848 3664 3903 futu-

2021 3951 2173 4001 rum,
2199 3940 2263 3990 ut
2288 3952 2300 3989 :
2323 3935 2682 3991 movebunt-ur
2708 3939 2892 3992 omnia
2920 3937 3287 4008 fundamenta
3315 3935 3666 4002 terrw.Quid

2021 4041 2153 4096 ergo
2185 4024 2242 4078 in
2276 4023 2369 4079 his
2412 4024 2745 4080 faciendum
2777 4030 2866 4081 est
2913 4027 3104 4093 nobis,
3137 4026 3250 4081 nisi
3280 4025 3391 4082 hoc
3421 4025 3574 4098 quod
3605 4024 3667 4081 in

2020 4113 2241 4170 cateris
2265 4112 2580 4186 prophetia
2603 4114 2792 4170 verbis
2817 4115 3048 4187 agitur?
3071 4116 3232 4187 Saepe
3256 4131 3512 4187 namque
3531 4118 3590 4170 et
3609 4113 3670 4170 in

2022 4202 2265 4275 psalmis
2298 4211 2355 4258 et
2385 4202 2443 4256 in
2475 4201 2604 4258 aliis
2648 4203 3066 4275 prophetarum
3095 4204 3262 4260 libris
3310 4204 3670 4276 prateritum

2021 4307 2394 4364 prasensque
2414 4295 2650 4363 tempus
2668 4308 2772 4363 pro
2796 4293 3012 4364 futuro,
3034 4309 3186 4365 sape
3205 4293 3382 4348 etiam
3405 4293 3670 4348 futurum

2021 4397 2125 4452 pro
2146 4380 2415 4452 prasenti
2436 4379 2523 4436 vel
2546 4397 2648 4451 pro
2677 4381 2972 4452 praeterito
2991 4383 3248 4453 ponitur.
3264 4381 3426 4444 Quod
3449 4379 3672 4437 scilicet

2021 4469 2238 4542 Spiritu
2260 4473 2463 4524 sancto
2485 4469 2742 4526 dictante
2764 4470 2956 4535 credo,
2973 4474 3074 4526 aut
3098 4470 3225 4526 ideo
3246 4468 3516 4542 agi,quia
3535 4483 3671 4523 cum

1942 4580 1988 4645 D
2022 4558 2221 4614 omnia
2249 4562 2516 4629 tempora
2545 4557 2664 4613 sive
2704 4559 3013 4630 praterita,
3052 4558 3171 4614 sive
3203 4557 3532 4630 praesentia,
3565 4570 3672 4611 seu

2023 4647 2220 4702 futura
2237 4662 2431 4702 coram
2450 4646 2565 4701 Deo
2579 4647 2748 4718 quasi
2771 4647 3076 4718 prasentia
3089 4646 3228 4712 sint,
3244 4650 3476 4716 tempus
3493 4643 3678 4715 quod-

2025 4735 2168 4792 libet
2198 4751 2319 4790 rem
2370 4733 2482 4789 sibi
2512 4733 2787 4805 placitam
2831 4733 3352 4806 pronuntiantibus
3400 4730 3672 4803 inspirat,

2028 4828 2130 4880 aut
2161 4839 2263 4896 pro
2315 4839 2380 4878 eo
2429 4823 2583 4893 Quod
2615 4822 2910 4876 interdum
2943 4822 3235 4893 propheta
3284 4825 3527 4876 narrant
3572 4819 3676 4876 illa

2028 4931 2155 4986 qua
2177 4918 2236 4968 et
2265 4912 2324 4966 in
2347 4911 2638 4983 praterito
2657 4915 2820 4983 gesta
2842 4915 2980 4967 sunt
2999 4915 3058 4967 et
3077 4911 3137 4965 in
3158 4909 3428 4982 prasenti
3450 4908 3676 4981 jugiter

2026 5007 2311 5076 geruntur
2339 5005 2398 5056 et
2425 4999 2485 5054 in
2516 4999 2710 5054 futuro
2757 5005 3018 5071 tempore
3048 4999 3302 5072 gerenda
3330 5001 3484 5070 sunt,
3505 4995 3677 5052 sicut

2027 5097 2085 5146 et
2113 5107 2203 5146 res
2235 5089 2295 5144 in
2325 5087 2614 5144 sententia
2634 5087 2845 5159 psalmi
2867 5087 3126 5160 proxime
3147 5087 3304 5142 dicta
3323 5086 3550 5157 probat.
3573 5084 3676 5140 Ju-

2028 5179 2187 5234 dices
2217 5177 2372 5234 enim
2403 5176 2590 5248 iniqui
2624 5183 2682 5233 et
2719 5178 2790 5233 ab
2832 5177 3001 5233 initio
3031 5175 3227 5232 saculi
3260 5175 3494 5230 fuerant
3519 5179 3578 5228 et
3609 5173 3671 5228 in

2029 5266 2296 5340 prasenti
2325 5271 2466 5322 sunt
2494 5271 2551 5322 et
2589 5267 2646 5321 in
2679 5267 2874 5322 futuro
2922 5271 3183 5339 tempore
3232 5264 3393 5332 ﬁent,
3423 5263 3671 5333 ideoque

2027 5356 2145 5412 illis
2183 5355 2457 5412 omnibus
2499 5356 2771 5428 congruit
2816 5355 2938 5411 hac
2985 5352 3314 5411 sententia:
3347 5352 3674 5407 Nescierunt

2025 5460 2204 5516 neque
2235 5445 2659 5511 intellexerunt;
2690 5447 2751 5500 in
2778 5445 3010 5500 tenebris
3038 5442 3354 5503 ambulant;
3382 5440 3674 5497 movebun-

2029 5545 2121 5592 tur
2138 5535 2329 5589 omnia
2346 5533 2708 5604 fundamenta
2729 5539 2914 5591 terrae.
2937 5533 3092 5589 Idem
3116 5532 3296 5587 etiam
3319 5546 3528 5586 sensus
3549 5533 3668 5586 est:

2029 5623 2382 5699 nescierunt,
2407 5638 2595 5700 neque
2624 5621 3056 5699 intellexerunt,
3077 5625 3136 5681 et
3163 5621 3224 5680 in
3255 5619 3516 5680 tenebris
3539 5634 3673 5684 am-
