4114 6184
457 324 572 388 163

1463 309 1807 377 OTHLONI
1848 305 2205 373 MONACHI
2250 305 2315 365 S.
2362 302 2855 369 EMMEBAMMI

3739 297 3855 357 164

456 459 661 515 bulant
685 460 740 513 ct
762 452 1149 510 movebuntur
1169 450 1367 507 omnia
1386 449 1767 504 fundamenta
1786 441 2095 507 terrae.Qui
2122 443 2175 509 Α
2207 444 2414 507 otores,
2440 440 2509 494 de
2543 438 2713 494 nobis
2745 436 2976 493 miseris
2999 437 3189 504 curat;
3216 436 3277 488 tu
3310 432 3410 505 qui
3439 446 3616 503 super
3646 446 3852 490 omnes

455 549 611 605 enim
647 546 914 603 nesciunt
943 559 1132 615 neque
1178 539 1513 612 intelligunt
1544 539 1717 603 bona,
1750 536 1806 589 in
1842 531 2096 589 tenebris

456 639 656 709 utique
715 634 1033 690 ambulant.
1067 631 1342 686 Similiter
1385 629 1483 702 qui
1544 629 1601 681 in
1657 624 1913 681 tenebris
1972 639 2094 676 am-

453 726 676 792 bulant,
731 723 1118 780 movebuntur
1175 720 1378 791 utique
1427 719 1497 773 de
1544 712 1939 771 fundamentis
1994 727 2094 782 pro

453 816 667 888 quibus
698 813 873 884 positi
913 816 1071 867 sunt.
1106 808 1333 863 Prcelati
1365 806 1578 878 quippe
1608 809 1664 859 et
1703 802 1933 874 judices
1965 801 2094 855 uni-

437 904 592 964 versi
623 902 797 975 positi
850 906 989 956 sunt
1017 919 1049 955 a
1082 904 1193 955 Deo
1226 914 1327 969 pro
1361 894 1758 950 fundamentis
1806 890 2090 957 Ecclesiae,

441 999 505 1050 ut
537 992 727 1049 caeteri
757 990 1037 1062 exemplis
1061 1004 1264 1045 eorum
1297 984 1565 1057 instructi
1600 985 2089 1055 superponantur.

444 1085 602 1140 Unde
650 1086 891 1138 sanctus
940 1079 1253 1134 Psalmista
1302 1074 1439 1129 alibi
1489 1073 1630 1128 dicit
1662 1090 1673 1127 :
1709 1071 2089 1126 Fundamenta

435 1175 551 1243 eius
582 1174 641 1227 in.
670 1169 945 1226 montibus
974 1170 1200 1236 sanctis,
1240 1164 1463 1221 Domini
1495 1161 1735 1228 scilicet,
1769 1160 1867 1232 qui
1898 1160 2088 1227 (liligit

426 1267 616 1335 portas
662 1263 799 1317 Sion
848 1275 1014 1329 super
1063 1258 1251 1312 omnia
1307 1254 1662 1310 tabernacula
1712 1249 1873 1307 Jacob
1907 1249 2087 1320 (Psal.

438 1350 758 1421 LXXXVI,2).
784 1348 1002 1403 Idcirco
1036 1350 1229 1401 autem
1251 1344 1536 1398 Dominus
1570 1340 1949 1395 fundamenta
1980 1354 2087 1393 sua

437 1439 633 1512 posuit
654 1438 711 1493 in
736 1436 1037 1492 montibus
1057 1433 1297 1499 sanctis,
1317 1431 1455 1503 quia
1477 1431 1603 1497 hos,
1620 1445 1767 1501 quos
1789 1428 1846 1481 in
1873 1431 2084 1483 sancta:

432 1528 701 1585 Ecclesiae
757 1526 999 1580 aediﬁcio
1052 1522 1329 1595 praefecit,
1386 1519 1698 1575 virtutibus
1756 1515 2084 1587 omnigenis

436 1616 786 1672 sublimatos
813 1618 867 1669 et
889 1614 1208 1668 instructos
1229 1627 1357 1666 esse
1380 1608 1580 1680 jussit.
1606 1607 1715 1662 Sed
1742 1606 2083 1660 fundamen-

429 1710 509 1773 ta,
537 1722 662 1777 quae
713 1703 808 1758 ille
838 1704 895 1757 in
930 1701 1229 1756 montibus
1261 1699 1478 1753 sanctis
1513 1696 1728 1768 posuit,
1750 1701 1889 1749 tunc
1923 1710 2081 1748 com-

430 1798 757 1861 moventur,
782 1809 914 1847 cum
949 1790 1007 1844 hi
1042 1790 1141 1860 qui
1185 1788 1316 1844 aliis
1350 1804 1451 1858 pro
1484 1785 1865 1840 aedificatione
1907 1783 2076 1854 spiri-

427 1884 570 1939 tuali
623 1881 841 1954 praelati
894 1884 1033 1935 sunt
1066 1896 1097 1933 a
1125 1876 1497 1949 perfectionis
1528 1879 1583 1929 et
1611 1873 1869 1929 veritatis
1921 1877 2075 1927 statu

428 1979 765 2027 corruentes
795 1987 910 2024 non
955 1969 1145 2023 solum
1179 1966 1547 2037 semetipsos,
1582 1965 1680 2019 sed
1727 1962 1902 2018 etiam
1936 1962 2074 2017 sub-

424 2063 614 2133 jectos
672 2059 961 2131 quoslibet
1017 2059 1075 2112 in
1136 2055 1479 2128 perditionis
1538 2054 1759 2108 foveam
1812 2052 2073 2106 trahunt.

434 2151 596 2206 Unde
629 2149 743 2204 illis
774 2147 1076 2219 aptissime
1108 2144 1376 2217 congruit
1410 2143 1560 2214 quod
1594 2141 1908 2195 Psalmista
1938 2139 2072 2195 alibi

432 2239 619 2295 dicit:
656 2239 911 2308 Corrupti
950 2244 1094 2303 sunt,
1136 2238 1186 2290 et
1232 2232 1622 2289 abominabiles
1672 2229 1813 2303 facti
1858 2234 1985 2284 sunt
2018 2230 2075 2283 in

429 2329 633 2384 studiis
661 2329 797 2382 suis.
830 2318 1153 2396 Sepulcrum
1179 2326 1368 2395 patens
1408 2327 1483 2377 est
1510 2327 1697 2391 guttur
1724 2336 1927 2386 eorum,
1963 2319 2073 2373 lin-

426 2421 550 2491 guis
585 2420 698 2472 suis
744 2416 922 2470 dolose
968 2416 1220 2484 agebant,
1254 2417 1361 2467 etc.
1396 2411 1562 2482 (Psal.
1596 2427 1719 2479 XIII,
1755 2410 1806 2474 1,
1838 2410 1911 2479 3),
1945 2425 2071 2478 quae

430 2510 762 2579 sequuntur
792 2520 937 2575 pene
958 2518 1145 2573 usque
1176 2501 1235 2555 in
1269 2500 1443 2555 ﬁnem
1475 2497 1707 2569 psalmi.
1733 2498 1861 2551 Haec
1894 2497 2074 2569 igitur

427 2595 623 2652 omnia
652 2592 903 2649 maxime
945 2589 1294 2647 conveniunt
1341 2588 1535 2660 pravis
1576 2586 1899 2657 judicibus,
1933 2586 2073 2658 quia

428 2688 648 2756 quanto
669 2682 894 2738 caeteris
916 2679 1288 2736 sublimiores
1315 2677 1646 2733 consistunt
1667 2693 1734 2731 eX
1764 2680 2071 2747 potestate,

426 2778 589 2830 tanto
620 2772 901 2843 majorem
934 2769 1255 2841 nequitiam
1293 2770 1542 2839 possunt
1572 2782 1852 2821 exercere.

496 2862 913 2916 Verumtamen
957 2876 1069 2912 non
1115 2857 1241 2911 sine
1271 2872 1448 2911 causa
1476 2856 1645 2910 credo
1677 2871 1804 2910 esse
1851 2855 2068 2909 factum

430 2952 583 3023 quod
613 2950 796 3022 pietas
818 2948 1013 3003 divina
1034 2952 1155 3002 tam
1177 2945 1350 3000 variis
1373 2945 1563 3000 modis
1584 2945 1815 3015 judices
1834 2944 2067 3000 eosdem

425 3040 767 3111 alloquitur,
803 3054 957 3092 nunc
988 3036 1224 3107 quidem
1259 3034 1633 3105 increpando,
1670 3051 1823 3087 nunc
1866 3035 2068 3088 admo-

424 3130 636 3196 nendo,
667 3143 823 3182 nunc
850 3125 1015 3196 quasi
1048 3128 1380 3196 praesentes,
1418 3124 1707 3178 interdum
1735 3139 1866 3178 vero
1898 3122 2067 3193 quasi

426 3218 719 3284 absentes,
764 3232 920 3271 nunc
968 3214 1288 3285 nequitiam
1333 3229 1557 3278 eorum,
1590 3211 1885 3267 interdum
1934 3228 2067 3267 vero
2098 3190 2140 3256 (ἶ

426 3304 709 3361 beneficia
738 3323 846 3360 sua
867 3303 1399 3359 commemorando.
1418 3304 1643 3368 Quanto
1670 3302 1825 3356 enim
1848 3318 1946 3356 eos
1970 3302 2072 3355 du-

426 3395 609 3449 riores
640 3394 710 3448 ad
746 3392 1163 3448 correctionem
1196 3391 1476 3462 praevidit,
1504 3395 1667 3445 tanto
1700 3391 1887 3460 magis
1918 3390 2073 3445 duri-

427 3484 571 3539 tiam
601 3485 865 3554 ipsorum
888 3482 1155 3553 mitigare
1178 3482 1423 3535 studuit.
1446 3480 1607 3535 Unde
1639 3485 1948 3552 postquam
1973 3496 2071 3535 eos

428 3572 766 3643 increpavit,
785 3576 842 3625 et
866 3570 1172 3626 admonuit
1202 3569 1369 3641 quasi
1402 3574 1735 3640 praesentes,
1760 3574 2067 3640 postquam

427 3662 603 3717 etiam
638 3661 706 3715 de
736 3676 937 3715 eorum
966 3659 1131 3730 quasi
1164 3657 1494 3712 absentium
1527 3673 1719 3711 errore
1749 3656 2069 3724 condoluit,

430 3750 642 3805 iterum
674 3754 1017 3804 convertens
1060 3763 1121 3802 se
1152 3746 1319 3817 quasi
1371 3746 1441 3799 ad
1467 3750 1782 3816 praesentes
1816 3761 2068 3799 comme-

424 3842 613 3894 morat
635 3841 918 3908 quantam
938 3834 1187 3907 gratiam
1221 3832 1303 3889 eis
1331 3849 1444 3904 prze
1468 3832 1691 3887 caeteris
1724 3831 2071 3887 mortalibus

422 3927 1095 3996 contulerit,quantaque
1110 3920 1716 3993 ruina-superillorum
1736 3921 2070 3993 superbiam

419 4021 665 4072 ventura
685 4014 761 4070 sit
786 4015 986 4068 dicens
1012 4028 1024 4066 :
1050 4014 1168 4080 Ego
1199 4012 1325 4067 dixi
1347 4029 1364 4065 :
1388 4011 1477 4065 Dii
1498 4012 1624 4065 estis
1651 4013 1699 4065 ct
1730 4010 1839 4079 ﬁlii
1861 4011 2073 4065 Excelsi

418 4119 635 4169 omnes;
666 4119 756 4157 vos
793 4106 977 4157 autem
1026 4102 1164 4155 sicut
1196 4102 1440 4155 homines
1468 4100 1787 4155 moriemini
1833 4107 1886 4154 et
1934 4100 2071 4154 sicut

420 4210 563 4248 unus
595 4193 666 4247 de
692 4191 1038 4263 principibus
1067 4189 1268 4245 cadetis
1312 4190 1481 4256 (Psal.
1507 4206 1691 4254 LXXXI,
1715 4190 1848 4258 6,7)
1876 4205 1887 4243 :
1925 4205 1989 4243 ac
2022 4189 2071 4243 si

424 4282 637 4337 diceret
674 4298 684 4334 :
723 4281 835 4351 Ego
888 4279 1125 4351 quidem
1156 4295 1257 4333 vos
1289 4279 1358 4332 ad
1401 4278 1507 4333 hoc
1554 4277 1702 4349 elegi
1751 4282 1815 4331 ut
1860 4276 1919 4331 in
1953 4277 2072 4332 vice

428 4388 557 4426 mea
581 4370 811 4441 judices
841 4369 898 4422 in
934 4368 1155 4422 mundo
1179 4366 1407 4436 essetis,
1432 4370 1489 4421 et
1518 4365 1647 4421 aliis
1675 4367 1819 4421 bene
1842 4366 2071 4420 vivendi

422 4458 755 4531 exemplum
806 4456 1175 4530 praeberetis;
1227 4472 1326 4511 vos
1359 4460 1553 4511 autem
1607 4455 1757 4509 sicut
1804 4454 2069 4510 carnales

2206 529 2547 599 dominaris,
2572 529 2938 599 maximeque
2960 540 3244 598 pauperes
3265 528 3322 578 et
3353 538 3567 596 egenos
3593 521 3744 577 tueri
3766 523 3851 578 di-

2203 618 2424 691 gnaris,
2458 634 2702 689 exsurge
2732 621 2790 672 et
2820 616 3039 671 redime
3070 631 3176 670 nos
3206 613 3277 669 ab
3307 611 3582 667 omnibus
3615 610 3807 668 malis.

2807 706 3039 760 CAPUT
3093 704 3238 759 VIII.

2203 797 2411 853 Eadem
2456 798 2685 852 mutatio
2735 810 3094 869 personarum
3126 796 3186 848 in
3229 793 3415 848 eodem
3458 793 3669 869 psalmo
3717 793 3861 869 aliis

2272 871 2535 940 exemplis
2565 863 2887 929 ostenditur,
2911 863 3237 940 doceturque
3262 880 3427 934 quam
3451 863 3568 940 hac
3592 863 3851 940 doctrina

2273 942 2342 994 ad
2371 936 2606 1011 psalmos
2638 942 2779 993 recte
2808 937 3523 1011 intelligendosnecessaria
3551 936 3651 996 sit;
3682 951 3852 1011 quam

2270 1006 2395 1066 vera
2429 1020 2478 1067 et
2516 1012 2679 1083 justo,
2725 1013 2837 1065 sint
2887 1006 3003 1065 Dei,
3029 1008 3242 1079 judicia
3295 1006 3593 1063 secundum
3647 1008 3854 1077 psalmi

2269 1101 2429 1154 XVIII,
2462 1102 2516 1138 υ.
2549 1085 2636 1138 10.
2922 1100 2925 1103 ‘

2268 1172 2472 1226 Adhuc
2504 1171 2784 1243 quiddam
2817 1170 3006 1226 dicere
3037 1168 3178 1224 libet
3208 1169 3277 1224 de
3318 1166 3561 1240 psalmis
3594 1168 3847 1237 duobus,

2199 1260 2257 1315 in
2280 1261 2495 1331 quibus
2523 1277 2908 1333 personarum
2942 1260 3187 1314 mutatio
3210 1258 3560 1323 continetur,
3584 1256 3639 1311 id
3663 1260 3752 1312 est
3779 1258 3849 1313 de

2198 1349 2425 1404 decimo
2458 1354 2662 1421 quarto
2698 1354 2753 1404 et
2785 1350 2853 1404 de
2894 1348 3195 1420 trigesimo
3236 1346 3447 1419 primo,
3481 1350 3537 1402 et
3566 1351 3697 1419 post
3725 1346 3846 1401 hac

2197 1436 2540 1509 aliquandiu
2574 1455 2804 1494 currere
2824 1438 2994 1508 cupio
3024 1437 3082 1490 in
3106 1440 3446 1491 czeterorum
3480 1435 3843 1507 psalmorum

2194 1527 2405 1591 stadio,
2432 1528 2748 1599 decerpens
2770 1527 2905 1581 inde
2928 1525 3219 1598 quoslibet
3244 1526 3411 1579 flores
3438 1524 3510 1579 ad
3534 1522 3848 1597 explanan-

2193 1615 2298 1669 dos
2355 1616 2589 1687 plenius
2646 1621 2763 1671 tres
2815 1615 3184 1687 supradictos
3238 1613 3551 1670 locutionis
3611 1614 3841 1670 modos.

2194 1705 2461 1776 Magnam
2486 1706 2737 1776 denique
2759 1704 3205 1775 intelligentiam
3230 1704 3448 1774 praebet
3467 1703 3841 1759 cantantibus

2191 1793 2473 1864 psalmos,
2499 1796 2548 1849 si
2577 1796 2882 1850 attendant
2902 1794 2996 1848 cui
3028 1809 3287 1864 personae
3310 1809 3677 1864 unaquaque
3707 1808 3842 1848 sen-

2186 1882 2369 1937 tentia
2398 1883 2734 1955 deputanda
2764 1883 2857 1949 sit,
2882 1883 2981 1937 Dei
3006 1899 3079 1937 an
3107 1880 3428 1937 Psalmistae
3454 1880 3541 1935 vel
3564 1879 3840 1949 aliorum,

2188 1974 2244 2025 et
2267 1988 2381 2042 qua
2414 1971 2735 2027 intentione
2767 1970 3035 2042 qumlibet
3066 1970 3357 2025 sententia
3387 1969 3611 2041 prolata
3641 1969 3739 2037 sit,
3762 1987 3836 2025 an

2188 2061 2642 2131 pronuntiando,
2666 2079 2738 2116 an
2762 2060 3129 2115 admonendo
3156 2058 3242 2114 vel
3264 2058 3645 2130 increpando;
3678 2058 3837 2130 ipsa-

2187 2165 2298 2219 que
2344 2149 2706 2220 psalmorum
2753 2149 2947 2214 verba,
2983 2166 3107 2219 quae
3156 2148 3373 2203 orando
3430 2147 3831 2218 proferuntur,

2185 2243 2465 2310 quantam
2497 2237 2995 2295 vimvhumilitatis
3025 2237 3278 2292 habeant
3308 2237 3368 2291 in
3399 2253 3460 2292 se
3490 2238 3560 2291 ad
3594 2236 3829 2308 placan-

2185 2328 2325 2384 dum
2360 2333 2559 2384 Deum.
2594 2328 2653 2382 Si
2684 2343 2819 2399 ergo
2861 2326 2982 2381 haec
3025 2326 3223 2383 omnia
3253 2326 3547 2381 attendere
3575 2324 3829 2381 volueri-

2182 2434 2339 2485 mus,
2371 2422 2508 2472 tunc
2540 2418 2777 2472 demum
2811 2415 3069 2488 psalmos
3109 2416 3218 2471 rite
3257 2418 3491 2470 cantare
3519 2419 3575 2471 et
3604 2416 3676 2471 ad
3708 2432 3829 2488 pai-

2180 2507 2490 2563 nitentiam
2522 2511 2893 2579 peccatorum
2940 2509 3272 2561 nostrorum
3322 2505 3558 2560 excitari
3608 2505 3830 2576 poteri-

2182 2613 2335 2651 mus.
2370 2597 2742 2651 Pensandum
2777 2612 3007 2667 quoque
3039 2598 3147 2661 est,
3182 2611 3308 2666 quae
3346 2594 3642 2650 sententia
3674 2594 3829 2649 indi-

2181 2688 2355 2757 geant
2380 2686 2855 2741 subauditionem
2886 2685 3194 2757 qualisque
3216 2686 3295 2740 sit
3316 2684 3443 2755 ipsa
3467 2684 3830 2754 subauditio,

2181 2777 2236 2828 et
2267 2792 2392 2845 quae
2429 2775 2858 2846 particulariter
2894 2774 2981 2830 vel
3022 2772 3429 2829 universaliter
3462 2773 3581 2829 sint
3608 2771 3839 2828 intelli-

2179 2864 2400 2935 gendas.
2436 2863 2515 2918 De
2559 2863 2651 2918 his
2703 2863 2881 2936 igitur
2931 2864 3227 2933 omnibus,
3270 2866 3442 2934 prout
3489 2878 3828 2935 possumus,

2152 2968 2153 2977 η
2179 2950 2377 3022 aliqua
2396 2951 2586 3007 dicere
2607 2952 3027 3013 volumus.Sed
3052 2952 3213 3023 prius
3237 2952 3307 3007 de
3330 2951 3575 3023 psalmis
3597 2951 3829 3007 duobus

2179 3041 2533 3112 supradictis
2575 3042 2863 3097 dicamus.

2249 3131 2461 3185 Eorum
2486 3147 2739 3201 namque
2770 3129 2947 3200 prior,
2972 3131 3140 3200 cujus
3170 3128 3402 3184 initium
3426 3134 3515 3184 est
3539 3147 3551 3185 :
3578 3131 3826 3198 Domine,

2179 3220 2299 3289 quis
2330 3219 2591 3273 habitabit
2623 3220 2681 3272 in
2735 3218 3090 3272 tabernaculo
3150 3222 3285 3271 tuo?
3339 3234 3617 3288 personas
3679 3217 3833 3272 duas

2180 3308 2457 3373 continet,
2487 3305 2812 3361 Psalmista;
2836 3305 3101 3361 videlicet
3120 3310 3177 3360 et
3203 3305 3318 3360 Dei.
3345 3307 3406 3360 In
3439 3304 3645 3376 primis
3665 3304 3826 3361 enim

2180 3397 2493 3451 Psalmista
2540 3395 2854 3451 Dominum
2905 3395 3244 3466 interrogat,
3296 3394 3492 3449 dicens
3528 3412 3540 3448 :
3574 3395 3827 3466 Domine,
3860 3438 3871 3451 ,ι

2181 3488 2300 3557 quis
2331 3485 2603 3541 habitabit
2633 3487 2692 3541 in
2724 3485 3073 3540 tabernaculo
3106 3489 3218 3553 tuo,
3250 3490 3345 3539 aut
3378 3484 3499 3555 quis
3529 3486 3833 3555 requiescet

2182 3578 2241 3629 in
2272 3580 2455 3630 monte
2486 3579 2675 3630 sancto
2719 3578 2852 3630 tuo?
2884 3574 3055 3642 (Psal.
3087 3591 3201 3640 XIV,
3238 3573 3313 3645 1.)
3342 3573 3445 3627 Cui
3493 3590 3628 3628 mox
3656 3591 3689 3627 a
3719 3579 3828 3628 Do-

2181 3668 2342 3718 mino
2392 3664 2779 3735 respondetur
2809 3664 2889 3718 ita
2914 3663 3141 3718 dicente
3170 3678 3183 3719 :
3220 3663 3324 3730 Qui
3374 3662 3681 3733 ingreditur
3708 3665 3833 3717 sine

2179 3754 2405 3808 macula
2434 3757 2489 3807 et
2528 3760 2784 3823 operatur
2806 3752 3109 3822 justitiam,
3144 3754 3277 3819 etc.,
3313 3766 3500 3822 usque
3550 3750 3607 3804 in
3650 3749 3830 3805 ﬁnem

2181 3840 2413 3913 psalmi.
2449 3840 2635 3911 Hujus
2668 3844 2863 3895 autem
2896 3839 3295 3912 responsionis
3325 3841 3519 3908 verba,
3548 3839 3829 3910 quoniam

2182 3930 2325 3985 satis
2356 3929 2531 4000 plana
2561 3932 2700 3984 sunt
2738 3929 2810 3983 ad
2858 3928 3329 4001 intelligendum,
3353 3945 3678 4000 precamur,
3712 3928 3828 3983 fra-

2180 4023 2299 4073 tres
2331 4017 2721 4088 dilectissimi,
2746 4022 2810 4072 ut
2830 4018 3032 4073 eadem
3066 4018 3433 4083 attendentes
3458 4017 3830 4089 aliquatenus

2182 4107 2424 4179 implere
2473 4106 2688 4162 curetis
2722 4123 2733 4161 :
2769 4105 2914 4161 nihil
2945 4106 3099 4161 enim
3134 4107 3302 4162 nobis
3335 4107 3571 4177 prodest
3616 4106 3828 4178 legere,

2180 4202 2413 4252 cantare
2445 4213 2611 4251 sacra
2648 4196 2845 4260 verba,
2879 4195 2992 4250 nisi
3026 4196 3241 4266 pariter
3285 4197 3480 4251 animo
3511 4200 3833 4251 tractemus

2182 4284 2433 4357 qualiter
2466 4284 2671 4340 exinde
2703 4285 3078 4339 aedificemur.

2252 4375 2557 4430 Secundus
2570 4376 2745 4430 etiam
2762 4373 3123 4445 psalmus,de
3139 4390 3252 4445 quo
3268 4374 3602 4447 nuperrime
3617 4374 3834 4447 promi-

2182 4465 2368 4519 simus
2382 4464 2877 4535 disputare,cujus
2894 4462 3129 4517 initium
3149 4467 3262 4518 est:
3281 4464 3433 4519 Beati
3448 4479 3698 4535 quorum,
3712 4468 3825 4518 etc.

422 4550 641 4622 quique
685 4553 743 4604 et
790 4547 1045 4619 imperiti
1078 4544 1442 4612 spiritualem
1472 4544 1651 4598 vitam
1702 4544 2064 4615 adjicientes,
2099 4560 2144 4623 D
2176 4554 2346 4621 (Psal.
2368 4552 2692 4623 xxx1,),sub
2715 4551 2965 4607 duarum
2992 4551 3745 4623 personarum,Psalmistaa
3768 4556 3829 4607 et

423 4654 775 4710 omnemque
820 4636 1271 4693 commissorum
1329 4651 1529 4689 curam
1589 4633 1947 4705 negligentes
1991 4638 2067 4703 et,

426 4731 580 4801 quod
614 4728 803 4783 adhuc
835 4728 1003 4798 pejus
1050 4729 1158 4791 est,
1191 4726 1343 4780 sicut
1385 4722 1654 4779 diabolus
1687 4723 1783 4793 qui
1817 4740 1971 4778 unus
2004 4739 2071 4778 ex

424 4817 791 4888 principibus
822 4814 1097 4869 cmlicolis
1129 4818 1271 4879 erat,
1301 4831 1402 4869 vos
1437 4813 1493 4867 in
1526 4810 1835 4867 elationem
1868 4818 2071 4869 contra

426 4921 519 4959 me
550 4904 836 4974 erigentes
877 4903 1249 4957 damnatione
1297 4907 1579 4974 perpetua
1622 4901 1907 4973 peribitis.
1940 4907 2071 4959 Hac

322 4996 327 5007 ‘
423 4993 604 5064 igitur
635 4991 831 5046 omnia
861 4989 1067 5044 divinis
1098 4990 1535 5062 increpationis,
1564 4996 1621 5046 et
1650 4992 2070 5047 admonitionis

424 5081 578 5137 dicta
597 5078 910 5136 Psalmista
931 5077 1315 5148 spiritualiter
1336 5081 1597 5146 audiens,
1612 5086 1668 5134 et
1685 5095 1860 5151 quam
1887 5082 2071 5136 incor-

424 5170 686 5243 rigibiles
726 5167 843 5223 sint
883 5168 1116 5238 judices
1158 5166 1345 5237 iniqui
1392 5184 1778 5238 praenoscens,
1814 5168 2073 5239 postulat

426 5260 762 5324 Dominum,
784 5262 848 5311 ut
870 5255 994 5328 ipse
1012 5254 1184 5311 solita
1206 5256 1418 5327 pietate
1438 5260 1493 5309 et
1514 5256 1781 5326 azquitate
1805 5258 2071 5314 homines

430 5352 611 5419 regat,
636 5348 833 5402 dicens
870 5366 882 5402 :
923 5350 1111 5415 Surge,
1151 5347 1310 5413 Deus,
1338 5344 1529 5415 judica
1557 5348 1783 5409 terram,
1808 5350 2071 5417 quoniam

428 5440 491 5491 tu
521 5435 879 5492 ha’reditabis
923 5438 979 5491 in
1020 5434 1271 5491 omnibus
1312 5436 1560 5505 gentibus
1583 5434 1757 5504 (Psal.
1788 5453 1970 5507 LXXXI,
1993 5438 2067 5507 8).

432 5523 607 5590 Quasi
639 5524 887 5579 diceret:
916 5524 1222 5592 Quoniam,
1254 5522 1517 5589 Domine,
1541 5522 1740 5579 nullus
1786 5541 1928 5595 pene
1968 5525 2070 5581 ho-

431 5613 683 5697 minum,
709 5612 810 5688 qui
832 5630 1007 5688 super
1035 5631 1140 5673 nos
1160 5612 1461 5673 constituti
1493 5616 1633 5672 sunt
1658 5613 1883 5689 judices
1905 5620 1963 5673 et
1992 5632 2075 5674 re-

2179 4643 2301 4711 Dei,
2334 4641 2566 4714 loquela
2614 4641 2875 4713 prolatus
2905 4645 3012 4697 est.
3048 4641 3109 4695 In
3142 4641 3330 4712 prima
3376 4656 3629 4709 namque
3658 4645 3831 4711 parte

2181 4746 2367 4801 usque
2400 4746 2433 4783 α
2471 4728 2939 4784 circumdantibus
2966 4743 3072 4795 me,
3098 4727 3409 4783 Psalmista
3438 4725 3729 4797 loquitur;
3765 4728 3827 4783 in

2180 4819 2438 4874 secunda
2466 4834 2595 4873 vero
2627 4817 2783 4872 Deus
2813 4833 3002 4888 usque
3032 4818 3091 4871 in
3120 4818 3313 4887 quibus
3340 4833 3451 4872 non
3496 4824 3573 4871 est
3609 4817 3832 4873 intelle-

2180 4911 2313 4962 ctus.
2334 4906 2551 4961 Deinde
2573 4906 2785 4960 iterum
2805 4905 3114 4959 Psalmista
3136 4921 3320 4975 usque
3339 4906 3398 4959 in
3417 4907 3592 4961 ﬁnem
3611 4905 3829 4977 psalmi

2181 4995 2460 5068 loquitur.
2498 4996 2680 5065 Hujus
2724 4998 2915 5049 autem
2948 4992 3160 5065 psalmi
3194 4995 3351 5050 dicta
3380 5013 3495 5052 non
3529 4995 3720 5052 solum
3753 4996 3828 5051 ob

2180 5101 2559 5155 personarum
2594 5083 2978 5153 mutationem
3023 5082 3471 5156 explanandam,
3505 5086 3604 5141 sed
3650 5085 3826 5140 etiam

2180 5176 2414 5244 propter
2443 5172 2806 5242 supradictos
2830 5176 2948 5227 tres
2980 5173 3290 5229 locutionis
3321 5174 3523 5230 modos
3557 5173 3649 5228 hic
3672 5190 3828 5228 com-

2181 5259 2518 5316 memoravi.
2545 5260 2699 5314 Idem
2733 5260 2947 5332 quippe
2979 5266 3097 5317 tres
3143 5264 3301 5318 modi
3332 5263 3390 5317 in
3421 5264 3610 5319 tribus
3640 5261 3823 5316 conti-

2181 5349 2314 5405 nuis
2345 5349 2609 5404 versibus
2656 5349 2863 5421 prolati
2911 5350 3292 5407 inveniuntur
3321 5353 3378 5407 in
3410 5352 3537 5419 illo;
3573 5366 3825 5423 quorum

2180 5437 2447 5495 videlicet
2478 5438 2702 5510 primus
2748 5444 2837 5494 est
2869 5455 2879 5495 :
2915 5442 3258 5497 Intellectum
3286 5442 3390 5495 tibi
3417 5440 3583 5507 dabo;
3615 5456 3824 5495 secun-

2182 5530 2292 5585 dus
2326 5546 2339 5582 :
2372 5528 2548 5584 Nolite
2571 5530 2692 5599 ﬁeri
2720 5530 2860 5583 sicut
2909 5545 3075 5601 equus
3128 5539 3179 5585 et
3222 5530 3439 5597 mulus;
3470 5529 3678 5585 tertius
3713 5546 3724 5584 :
3760 5529 3825 5584 In

2180 5617 2369 5679 chamo
2398 5626 2449 5676 et
2478 5621 2657 5695 freno.
2691 5619 2754 5675 In
2784 5618 2973 5696 primo
3021 5621 3216 5697 itaque
3245 5618 3401 5679 Deus
3432 5619 3574 5679 dicit
3605 5634 3618 5679 :
3651 5618 3821 5681 Intel-
