4108 6188
241 299 362 360 165

1395 301 1550 364 LIB.‘
1591 301 1695 362 DE
1739 297 1998 365 CURSU
2043 303 2518 377 SPIRITUALI.

3547 309 3663 378 166

240 435 449 490 lectum
468 430 573 487 tibi
601 428 762 498 dabo,
795 431 845 485 et
871 431 1145 486 instruam
1176 435 1226 487 te
1256 434 1316 488 in
1371 435 1464 489 via
1493 433 1593 490 hac
1623 452 1729 506 qua
1770 452 1898 507 gra-
1933 437 1985 504 Α
2016 437 2117 502 tio,
2147 454 2324 510 quam
2348 440 2418 494 de
2440 440 2570 512 ipsa
2591 456 2670 509 re,
2706 443 2859 498 unde
2886 443 3076 500 dicere
3107 447 3313 518 gestio,
3348 447 3406 503 id
3438 452 3545 519 est,
3591 450 3662 505 de

241 524 456 584 dieris;
485 521 717 591 ﬁrmabo
744 537 914 592 super
936 524 988 575 te
1003 523 1183 577 oculos
1200 524 1409 587 meos.Q
1421 525 1593 579 uibus
1615 525 1898 580 nimirum

241 612 442 668 verbis
473 628 507 666 a
542 614 654 666 Deo
687 611 1102 682 pronuntiatur
1131 611 1446 685 unicuique
1479 612 1728 683 homini,
1761 631 1903 685 qua-

243 703 384 758 liter
412 700 584 756 illum
617 716 732 771 prae
747 700 969 756 caeteris
985 700 1340 757 animalibus
1365 702 1607 758 rationis
1630 719 1901 774 capacem

246 791 473 846 faciens
495 791 754 845 instruat
782 789 853 844 ad
884 789 1256 846 rationabilia
1286 789 1516 863 qzelibet
1545 796 1600 846 et
1630 791 1903 863 spiritua-

246 881 326 936 lia
357 879 581 946 studia,
617 878 904 950 quibusin
918 878 1012 934 via
1036 880 1165 935 vitze
1187 880 1365 950 hujus
1383 881 1769 952 gradiendum
1793 886 1903 936 est.

247 971 317 1025 Et
349 974 419 1024 ut
452 969 512 1024 in
543 968 652 1023 hac
675 967 1346 1040 viacautiusgradiatur,
1364 970 1562 1025 oculos
1581 987 1718 1025 suos
1734 985 1909 1040 super

252 1075 387 1114 eum
406 1058 634 1131 jugiter
660 1073 873 1129 ponere
904 1057 1157 1113 intimat.
1193 1059 1256 1113 In
1288 1060 1544 1114 secundo
1584 1063 1779 1114 autem
1814 1059 1910 1113 ad-

257 1152 459 1204 monet
488 1162 695 1202 omnes
726 1145 926 1202 fideles
952 1151 1018 1201 ut
1047 1146 1168 1202 hac
1201 1163 1328 1219 quae
1351 1147 1408 1201 in
1424 1147 1709 1220 superiori
1738 1163 1909 1203 versu

249 1239 380 1308 jam
412 1237 570 1292 dicta
600 1239 742 1291 sunt
765 1236 1155 1304 attendentes,
1185 1251 1299 1291 non
1331 1237 1484 1292 sicut
1511 1253 1697 1309 equus
1711 1241 1767 1292 et
1787 1253 1911 1291 mu-

253 1327 375 1393 lus,
409 1326 624 1399 quibus
654 1342 772 1381 non
806 1328 894 1380 est
924 1325 1276 1394 intellectus,
1308 1326 1409 1382 sed
1437 1332 1502 1381 ut
1536 1324 1908 1382 rationabiles

259 1421 321 1472 et
343 1417 517 1488 juxta
543 1414 987 1487 intelligentiam
1020 1415 1131 1470 sibi
1153 1415 1349 1471 datam
1379 1415 1594 1470 vivant.
1637 1416 1702 1470 In
1743 1414 1910 1471 tertio

261 1510 462 1562 autem
495 1522 680 1573 versu,
707 1505 806 1577 qui
839 1504 1222 1576 subjungitur
1251 1521 1285 1559 a
1313 1503 1626 1560 Psalmista
1645 1505 1905 1560 dicente:

252 1601 320 1652 In
379 1596 572 1651 chamo
625 1599 676 1650 et
729 1598 888 1665 freno
918 1595 1179 1649 maxillas
1207 1609 1396 1649 eorum
1426 1595 1758 1662 constringe,
1817 1593 1913 1664 qui

256 1702 363 1742 non
395 1685 795 1757 approximanl
823 1683 892 1738 ad
923 1691 990 1753 te,
1022 1682 1178 1738 idem
1202 1681 1783 1753 Psalmistapostulat
1805 1688 1910 1736 Do-

254 1776 507 1842 minum,
543 1778 609 1829 ut
640 1773 974 1845 quicunque
1005 1772 1291 1846 praedictae
1313 1771 1706 1845 intelligentiae
1738 1771 1908 1838 dona,

257 1870 554 1936 tantaeque
585 1862 1004 1918 admonitionis
1031 1863 1313 1918 beneﬁcia
1335 1865 1674 1934 spernentes
1695 1859 1916 1915 irratio-

257 1953 534 2010 nabiliter
560 1953 784 2019 vivunt,
816 1951 923 2008 hos
957 1950 1203 2024 ﬂagellis
1229 1950 1523 2022 aliquibus
1554 1949 1918 2021 constringat

259 2049 313 2098 et
345 2043 418 2098 ad
447 2059 512 2098 se
541 2042 739 2098 venire
773 2040 1102 2113 compellat.
1134 2039 1290 2096 Talis
1334 2045 1531 2096 autem
1590 2037 1916 2111 compulsio

255 2132 392 2188 licet
421 2149 454 2188 a
478 2130 796 2186 Psalmista
815 2134 1066 2202 petatur,
1102 2129 1706 2200 dicivaletincrepatio
1731 2146 1743 2195 ;
1780 2126 1919 2198 quia

260 2239 395 2277 cum
411 2237 723 2294 perversos
737 2219 982 2291 quilibet
995 2237 1028 2275 a
1046 2217 1286 2274 Domino
1304 2217 1632 2290 flagellatur
1645 2233 1748 2288 per
1762 2216 1916 2270 idem

256 2310 927 2384 ﬂagellumincrepatur.
959 2311 1091 2374 Quae
1114 2313 1444 2380 sequuntur
1463 2307 1523 2362 in
1555 2307 1664 2362 hoc
1689 2305 1916 2379 psalmo

257 2401 330 2456 ad
363 2398 691 2455 Psalmistae
722 2398 1349 2471 personamreferenda
1378 2401 1534 2452 sunt.
1569 2401 1709 2450 Ecce
1740 2410 1918 2466 quam

253 2489 425 2544 varia
452 2504 838 2560 personarum
898 2487 1142 2543 mutatio
1174 2487 1233 2542 in
1265 2485 1512 2558 psalmis
1564 2483 1920 2556 supradictis

255 2577 577 2634 invenitur.

331 2667 553 2723 Eadem
585 2682 818 2738 quoque
839 2665 899 2720 in
926 2664 1171 2737 psalmis
1201 2665 1472 2737 plurimis
1503 2681 1646 2735 quos
1686 2666 1920 2736 praeter-

259 2757 398 2813 misi
433 2757 808 2823 continetur;
841 2772 955 2811 non
987 2754 1142 2810 enim
1176 2754 1383 2826 peritia
1398 2753 1646 2809 mihiest
1672 2757 1833 2808 tanta
1858 2755 1924 2806 ut

261 2861 474 2903 omnes
508 2845 715 2901 eodem
747 2845 921 2900 modo
953 2860 1289 2916 percurrere
1320 2859 1575 2916 possem,
1609 2843 1668 2897 in
1716 2858 1830 2913 quo
1870 2846 1926 2896 et

264 2935 619 3008 peritissimi
650 2934 865 3007 quique
896 2934 1040 2989 satis
1068 2931 1332 2988 laborare
1362 2933 1598 3000 habent,
1623 2931 1926 2986 Verumta-

269 3042 407 3081 men
440 3025 599 3097 quod
629 3039 732 3096 ego
765 3024 836 3078 de
865 3022 1083 3078 talibus
1113 3022 1474 3077 locutionum
1514 3021 1705 3076 modis
1755 3025 1926 3076 caste-

265 3115 473 3186 risque
503 3114 683 3169 rebus
705 3111 1086 3185 explanandis
1117 3111 1387 3183 superius
1418 3109 1681 3182 promisi,
1737 3109 1926 3164 adhuc

2013 525 2215 581 divinae
2249 527 2478 599 pietatis
2509 528 2758 586 clamore
2787 531 2846 586 in
2879 534 3060 589 sacris
3109 535 3423 608 Scripturis
3481 538 3656 595 facto.

2013 615 2177 670 Nunc
2224 617 2422 687 etiam,
2460 624 2630 690 prout
2668 619 2850 689 valeo,
2886 624 3138 693 proferre
3170 626 3438 682 desidoro
3469 626 3658 700 ipsius

2015 703 2285 761 clamoris
2319 708 2511 773 modo,
2546 713 2610 762 ut
2632 709 2838 765 exinde
2868 711 3080 784 aliquis
3111 714 3388 772 incitatus
3430 717 3658 774 divinos

2014 794 2214 850 audire
2245 795 2432 851 discat
2463 797 2696 853 affatus.

2090 883 2154 936 Et
2177 884 2433 954 primum
2466 885 2700 955 quidem
2732 902 2797 941 ex
2820 886 3064 958 psalmis
3091 893 3442 948 sententiam
3466 911 3670 966 quam-

2017 971 2153 1026 dam
2184 972 2437 1043 proferre
2468 973 2659 1046 cupio,
2693 992 2820 1045 qua:
2854 976 2999 1030 mihi
3049 981 3416 1050 praestantior
3465 983 3667 1039 multis

2017 1061 2266 1128 videtur,
2300 1061 2408 1117 hoc
2439 1067 2563 1118 est:
2596 1065 2811 1119 Judz‘eia
2837 1066 3056 1121 Domini
3094 1084 3220 1123 vera
3255 1071 3549 1140 iustiﬁcata
3608 1075 3668 1127 in

2016 1153 2328 1222 semetipsa,
2396 1152 2782 1208 desiderabilia
2829 1172 2993 1226 super
3045 1173 3246 1212 aurum
3302 1164 3357 1213 et
3426 1161 3665 1232 lapidem

2014 1243 2318 1311 pretiosum
2371 1242 2628 1310 multum,
2655 1246 2707 1297 et
2735 1243 2990 1300 dulciora
3041 1263 3209 1318 super
3237 1249 3344 1304 mel
3381 1258 3431 1304 et
3477 1253 3667 1320 favum

2019 1330 2189 1397 (Psal.
2221 1347 2377 1397 xvm,
2416 1331 2499 1396 10,
2537 1331 2643 1402 11).
2678 1332 2838 1388 Hanc
2869 1333 3046 1405 igitur
3098 1337 3453 1392 sententiam
3510 1339 3672 1401 Psal-

2022 1418 2505 1490 mistaproferens
2533 1422 2964 1492 pronuntiando
2989 1424 3256 1494 (namhic
3286 1427 3676 1483 moduslocu-

2020 1507 2196 1562 tionis
2217 1507 2422 1562 divinm
2456 1509 2683 1580 primus
2715 1514 2803 1564 est
2821 1527 2934 1581 quo
2953 1511 3194 1568 cuilibet
3235 1517 3669 1585 pronuntiatur,

2022 1597 2164 1668 quid
2218 1597 2365 1652 scire
2418 1597 2502 1652 vel
2537 1599 2721 1654 facere
2751 1599 2978 1667 debeat)
3010 1600 3268 1656 insinuat
3292 1605 3461 1659 nobis
3495 1623 3672 1677 quam

2023 1703 2171 1754 vera,
2207 1703 2385 1758 quam
2415 1687 2826 1742 desiderabilia
2857 1694 2910 1743 et
2942 1689 3134 1744 dulcia
3166 1691 3282 1746 sint
3305 1693 3532 1762 judicia
3560 1694 3671 1749 Do-

2024 1774 2189 1842 mini,
2225 1778 2288 1830 ut
2316 1777 2508 1831 omnis
2541 1776 2714 1831 homo
2749 1775 2869 1831 haec
2899 1777 3052 1833 dicta
3079 1780 3321 1835 audiens
3369 1787 3424 1837 et
3468 1783 3677 1838 intelli-

2025 1881 2168 1936 gens
2185 1881 2383 1919 secum
2401 1869 2608 1920 tractet
2629 1865 2881 1936 qualiter
2897 1867 3102 1922 exinde
3119 1870 3452 1928 aediﬁcetur.
3478 1872 3539 1926 In
3563 1873 3676 1944 pri-

2027 1954 2138 2008 mis
2164 1953 2429 2010 videlicet
2460 1954 2826 2010 discutiendo
2858 1956 3000 2027 quid
3029 1974 3253 2027 verum,
3285 1961 3424 2030 quid
3459 1962 3682 2017 deside-

2027 2042 2228 2108 rabile,
2270 2043 2478 2113 quidve
2527 2044 2605 2098 sit
2652 2043 2841 2099 dulce.
2906 2045 3118 2101 Deinde
3176 2063 3308 2102 vero
3373 2049 3682 2121 diligenter

2026 2132 2324 2204 pensando
2338 2136 2535 2187 utrum
2551 2132 2980 2189 sibivideantur
2999 2134 3471 2193 desiderabiliaet
3487 2140 3682 2196 dulcia

2020 2220 2248 2291 judicia
2275 2220 2820 2276 DominiJudicium
2837 2239 3090 2294 namque
3110 2224 3337 2280 Domini
3360 2231 3546 2297 potest
3568 2227 3681 2284 dici

2028 2326 2142 2364 non
2186 2311 2376 2364 solum
2402 2308 2502 2364 illa
2521 2313 2788 2365 extrema:
2809 2311 2924 2365 diei
2951 2312 3299 2369 examinatio
3332 2331 3450 2386 qua
3468 2319 3629 2388 pravi
3651 2335 3686 2373 a

2029 2398 2198 2454 bonis
2219 2398 2635 2454 discernuntur
2653 2417 2666 2460 ;
2692 2400 2791 2454 sed
2811 2399 2983 2455 etiam
3007 2417 3177 2456 omne
3199 2403 3351 2473 quod
3368 2404 3426 2457 in
3442 2404 3550 2460 hac
3569 2406 3685 2462 vita

2030 2487 2413 2559 dispositione
2444 2487 2642 2542 divina
2671 2488 2911 2560 geritur.
2944 2491 3123 2558 Cujus
3144 2490 3412 2546 videlicet
3433 2493 3684 2564 disposi-

2029 2577 2457 2646 tionisjudicia,
2485 2576 2708 2646 sijuxta
2735 2577 3024 2650 hoc,quod
3049 2579 3271 2634 homini
3295 2581 3573 2651 possibile
3594 2587 3682 2638 est

2032 2668 2409 2722 attendantur
2431 2683 2606 2738 quam
2620 2684 2753 2722 vera
2764 2667 3262 2740 sintqualiterque
3279 2669 3337 2724 in
3352 2672 3686 2744 semetipsis

2026 2756 2447 2827 justiﬁcentur,
2481 2756 2894 2812 desiderabilia
2920 2775 3020 2829 pro
3053 2762 3208 2813 certo
3248 2775 3424 2830 super
3475 2777 3686 2817 aurum

2034 2845 2438 2917 pretiososque
2456 2844 2701 2916 lapides,
2725 2849 2781 2900 et
2802 2845 3063 2902 dulciora
3084 2864 3262 2919 super
3281 2865 3516 2904 omnem
3546 2850 3684 2906 mel-

2035 2933 2107 2988 lis
2139 2934 2484 2988 suavitatem
2508 2934 2850 2990 sentientur.

2108 3023 2217 3077 Sed
2242 3027 2304 3076 ut
2327 3022 2535 3078 melius
2567 3024 2769 3078 eadem
2803 3040 3047 3096 pensare
3079 3027 3397 3098 possimus,
3424 3031 3678 3100 judicio-

2039 3129 2170 3166 rum
2205 3111 2600 3166 humanorum
2631 3112 2942 3168 falsitatem
2996 3114 3111 3171 illis
3163 3133 3529 3188 opponamus
3575 3121 3685 3174 llu-

267 3207 450 3275 prout
479 3183 911 3275 ingeniolivmei
943 3200 1196 3272 parvitas
1228 3199 1530 3272 permittit,
1553 3199 1808 3272 proferre
1826 3215 1924 3253 cu-
1958 3183 2000 3251 C
2041 3217 2214 3256 mana
2244 3200 2398 3256 enim
2423 3201 2665 3271 judicia,
2699 3206 2800 3256 aut
2828 3218 2930 3272 per
2957 3183 3216 3273 gratiam
3232 3183 3333 3260 aut
3362 3223 3466 3277 per
3484 3207 3682 3261 odium

262 3291 464 3366 pio.ln
487 3289 1432 3364 quovos,fratresCharissimi,me
1463 3290 1740 3360 adjuvare
1775 3287 1929 3359 apud

254 3381 742 3452 Deumdeposco,
758 3380 1008 3448 ut,sicut
1025 3378 1083 3433 in
1106 3377 1332 3451 psalmo
1347 3376 1607 3450 proxime
1629 3377 1755 3448 jam
1779 3376 1930 3430 dicto

259 3468 584 3544 promittit
611 3468 924 3541 unicuique
957 3468 1030 3524 ad
1062 3483 1125 3524 se
1154 3466 1534 3538 confugienti,
1586 3466 1785 3521 dicens
1806 3481 1818 3519 :
1838 3467 1930 3519 In-

257 3561 566 3617 tellectum
596 3558 696 3612 tibi
720 3557 869 3627 dabo,
900 3562 953 3614 et
983 3559 1255 3613 instruam
1277 3559 1328 3612 te
1357 3556 1519 3611 invia
1539 3554 1662 3621 hac,
1680 3571 1788 3625 qua
1800 3571 1935 3623 gra-

265 3649 480 3716 dieris,
519 3645 665 3702 mihi
697 3648 1005 3704 concedere
1036 3646 1310 3719 dignetur
1337 3644 1720 3712 intellectum,
1755 3649 1811 3699 et
1849 3644 1934 3699 in-

267 3741 472 3795 struat
500 3751 599 3792 me
630 3735 688 3791 in
716 3736 808 3793 via
838 3736 946 3792 hac
983 3735 1409 3808 explanationis
1459 3750 1635 3806 quam
1695 3733 1933 3806 aggredi

275 3827 480 3900 cupio.
499 3827 632 3882 Ideo
652 3830 846 3882 autem
867 3826 936 3881 de
955 3826 1118 3881 ribus
1137 3824 1504 3880 locutionum
1526 3823 1717 3879 modis
1738 3823 1935 3894 aliqua

277 3916 600 3989 explanare
647 3931 898 3988 magnus
957 3914 1099 3969 mihi
1153 3914 1396 3970 affectus
1426 3912 1659 3969 advenit
1683 3917 1766 3982 ut,
1797 3912 1937 3982 quia

270 4007 642 4062 immensam
674 4005 774 4060 Dei
825 4004 1098 4076 pietatem
1139 4019 1274 4058 cum
1321 4001 1703 4057 sacrisliteris
1721 4001 1790 4055 ad
1811 4016 1936 4056 om-

273 4112 395 4152 nes
429 4094 630 4150 ﬁdeles
658 4094 881 4150 litteras
899 4093 1130 4149 easdem
1156 4091 1405 4148 scientes
1429 4091 1652 4163 jugiter
1685 4089 1938 4145 clamare

275 4184 666 4256 aliquomodo
721 4187 993 4256 expertus
1028 4198 1182 4252 sum,
1214 4179 1359 4236 illud
1393 4181 1730 4252 panderem,
1759 4195 1937 4250 quam

277 4272 484 4329 variis
538 4273 674 4328 mihi
726 4274 994 4328 videatur
1045 4273 1116 4327 ad
1173 4288 1279 4326 nos
1321 4269 1592 4325 clamare.
1625 4273 1750 4324 Non
1783 4268 1939 4324 enim

275 4365 390 4419 fru
408 4367 532 4417 stra
562 4361 616 4418 in
635 4362 942 4436 Evangelio
962 4349 1175 4433 sapius
1197 4359 1441 4432 legitur:
1470 4359 1576 4426 Qui
1598 4359 1756 4413 habet
1776 4373 1940 4412 aures

280 4450 571 4509 audiendi
597 4451 1018 4524 audiat(Matth.
1042 4467 1124 4520 x1,
1143 4466 1283 4505 xm:
1317 4449 1540 4504 Marmv
1560 4446 1938 4518 Lue.vu,x1v).

2041 3289 2308 3360 alicujus,
2344 3306 2444 3344 seu
2479 3306 2581 3361 per
2609 3289 2892 3343 malitiam
2925 3291 3013 3344 vel
3044 3291 3548 3362 ignorantiam,vel
3583 3311 3686 3348 ne-

2040 3379 2382 3450 gligentiam
2415 3377 2738 3448 saepissime
2767 3379 2848 3432 ita
2879 3379 3289 3449 depravantur,
3315 3385 3378 3435 ut
3410 3398 3511 3436 nec
3549 3399 3686 3438 vera

2041 3484 2169 3524 esse
2200 3483 2304 3522 nec
2336 3466 2394 3521 in
2428 3466 2758 3537 semetipsis
2783 3466 3100 3536 justiﬁcari
3132 3467 3360 3524 valeant
3387 3487 3400 3524 :
3435 3470 3590 3525 unde
3631 3471 3697 3526 ﬁt

2043 3561 2108 3612 ut
2137 3561 2194 3612 et
2225 3555 2460 3611 falsitati
2493 3555 2855 3626 subjaceant,
2889 3561 2946 3610 et
2969 3556 3337 3612 contrariain
3360 3558 3694 3632 semetipsis

2043 3646 2313 3702 existant.
2347 3645 2493 3699 Nam
2525 3644 3100 3714 cujuslibetavaritia
3122 3644 3364 3702 alterius
3386 3647 3688 3703 avaritiam
3780 3711 3786 3726 Χ

2044 3735 2372 3807 impugnat,
2404 3733 2754 3788 decertando
2786 3732 3023 3804 scilicet,
3055 3734 3187 3805 quis
3217 3736 3440 3806 majora
3480 3737 3684 3808 rapiat.

2044 3825 2258 3880 Eodem
2291 3838 2522 3894 quoque
2546 3823 2717 3877 modo
2740 3822 3024 3878 luxuriosi
3045 3827 3245 3879 contra
3265 3823 3412 3880 alios
3433 3824 3692 3881 luxurio-

2047 3932 2162 3984 sos,
2198 3913 2432 3985 superbi
2465 3920 2662 3967 contra
2687 3911 2832 3968 alios
2875 3913 3158 3984 superbos
3213 3913 3295 3968 ita
3344 3915 3554 3986 szepius
3606 3917 3697 3971 in-

2047 4006 2316 4074 surgunt,
2352 4005 2416 4056 ut
2447 4017 2564 4056 non
2596 4000 2765 4056 aliter
2793 4017 2970 4072 quam
3004 4007 3190 4057 morte
3231 4020 3433 4060 eorum
3482 4003 3703 4076 placari

2048 4091 2294 4165 possint.
2333 4090 2546 4146 Eadem
2579 4091 2960 4146 contrarietas
2990 4091 3060 4146 de
3079 4093 3304 4149 cunctis
3319 4093 3472 4149 vitiis
3497 4091 3703 4149 referri

2049 4184 2256 4252 potest.
2291 4179 2403 4234 Sed
2432 4177 2602 4251 longe
2634 4179 2801 4235 aliter
2831 4182 2900 4236 de
2947 4181 3268 4238 virtutibus
3326 4183 3698 4238 sentiendum

2050 4272 2296 4325 constat.
2332 4269 2700 4339 Unaqumque
2732 4270 2887 4324 enim
2910 4271 3094 4326 virtus
3116 4271 3291 4326 aliam
3307 4272 3458 4327 sicut
3478 4270 3696 4343 proprii

2051 4358 2308 4430 corporis
2340 4358 2672 4413 membrum
2705 4359 2962 4429 adjuvat.
2997 4361 3142 4416 Nam
3194 4362 3361 4433 copia
3414 4361 3696 4415 virtutum

2052 4451 2280 4503 constat
2311 4463 2522 4518 corpus
2552 4445 2710 4502 velut
2739 4464 2945 4514 unum,
2966 4448 3047 4503 ita
3079 4454 3143 4504 ut
3173 4450 3272 4520 qui
3305 4447 3698 4504 humilitatem

279 4543 366 4598 Et
382 4541 447 4596 in
464 4541 827 4614 Apocalypsi:
842 4541 948 4609 Qui
959 4537 1544 4608 habetauremaudiat,
1560 4536 1691 4608 quid
1710 4538 1942 4608 spiritus
1973 4557 2020 4622 Β
2052 4536 2295 4609 adipisci
2315 4535 2666 4603 studuerint,
2697 4535 2865 4592 aliter
2885 4542 3175 4608 nequeant
3198 4538 3309 4593 nisi
3329 4535 3502 4592 simul
3516 4535 3703 4590 chari-

273 4632 446 4689 ὀίεαι
489 4631 751 4687 Eeclesiis
774 4631 952 4704 (Apoc.
1006 4647 1068 4699 ιι,
1117 4630 1198 4700 7).
1230 4629 1300 4683 Et
1328 4628 1387 4682 in
1423 4625 1759 4699 prophetis:
1797 4625 1937 4680 Con-

270 4722 584 4779 vertimini
611 4721 685 4776 ad
710 4737 818 4788 me,
848 4726 906 4776 et
934 4721 1076 4776 salvi
1102 4719 1264 4774 eritis
1285 4717 1420 4788 (Isa.
1452 4732 1580 4787 XLV,
1611 4715 1724 4787 2‘2).
1756 4718 1823 4769 Et
1882 4715 1941 4770 in

266 4809 546 4867 Psalmis
571 4826 586 4865 :
618 4810 904 4880 Attendite,
923 4809 1124 4882 popula
1149 4823 1302 4864 meus
1331 4807 1504 4877 legem
1534 4820 1752 4866 meam;
1784 4804 1948 4859 incli-

267 4908 421 4957 nate
445 4916 640 4956 aurem
656 4909 894 4957 vestram
922 4901 983 4954 in
1012 4898 1174 4956 verba
1203 4898 1315 4952 oris
1333 4897 1442 4951 mei
1463 4895 1630 4967 (Psal.
1652 4911 1837 4950 LXXVII
1871 4894 1944 4964 1).

277 4987 599 5060 Multaque
627 4988 720 5045 his
751 4987 970 5045 similia
1000 4988 1059 5042 in
1091 4985 1273 5043 sacris
1297 4983 1614 5056 Scripturis
1653 4983 1947 5055 leguntur,

276 5096 404 5154 per
430 5094 557 5150 qua:
587 5078 851 5134 innuitur
879 5093 1161 5150 magnum
1188 5074 1469 5147 quiddam
1500 5089 1650 5139 esse,
1675 5087 1776 5144 pro
1836 5087 1950 5143 quo

280 5171 606 5240 tantopere
638 5169 708 5223 ad
742 5185 849 5224 nos
872 5166 1154 5224 Dominus
1184 5164 1416 5220 clamat.
1442 5163 1566 5226 Qua
1598 5163 1668 5217 de
1698 5176 1778 5229 re,
1814 5161 1953 5232 quia

277 5258 449 5314 illud
470 5273 753 5330 magnum
767 5274 882 5313 non
907 5252 1244 5327 temporale,
1266 5253 1366 5309 sed
1385 5255 1668 5307 aeternum
1700 5253 1950 5319 constat,

278 5351 534 5420 oportet
561 5353 627 5402 ut
654 5349 832 5403 verba
857 5345 979 5413 Dei,
1007 5344 1223 5416 quibus
1255 5342 1326 5397 ad
1357 5340 1700 5412 nosjugiter
1716 5339 1956 5409 clamat,

283 5436 466 5495 omni
493 5437 668 5493 modo
681 5435 1252 5503 attendentes,vitam
1268 5431 1462 5504 potius
1481 5435 1756 5485 aeternam
1780 5445 1955 5500 quam

283 5529 559 5586 mortem
593 5530 870 5583 aeternam
895 5521 1425 5581 obtineamusﬂaec
1446 5535 1582 5591 ergo
1606 5517 1724 5573 dixi
1747 5521 1866 5573 tam
1889 5517 1960 5573 de

283 5633 508 5698 causa,
536 5617 692 5679 unde
711 5615 858 5677 mihi
876 5615 1122 5700 subortu
1136 5616 1225 5672 est
1244 5611 1511 5690 quaedam
1534 5607 1766 5667 dicendi
1788 5607 1960 5666 devo-

2050 4630 2230 4682 tatem
2247 4625 2508 4680 obtinere
2530 4625 2806 4680 studeant
2828 4641 2839 4678 :
2869 4641 3119 4696 cumque
3139 4624 3441 4680 charitatis
3461 4641 3563 4679 nec
3587 4639 3703 4678 non

2053 4713 2402 4770 humilitatis
2461 4729 2826 4785 possessores
2885 4713 3120 4780 fuerint,
3154 4713 3265 4768 cito
3292 4712 3450 4768 velut
3483 4710 3703 4766 infirmi

2053 4806 2302 4860 viatores
2334 4803 2392 4857 in
2422 4803 2514 4857 via
2544 4801 2643 4857 Dei
2673 4801 3022 4869 lassescunt,
3049 4801 3161 4858 nisi
3185 4802 3360 4858 etiam
3379 4801 3706 4857 castitatem

2057 4894 2116 4950 in
2148 4892 2505 4964 adjutorium
2537 4895 2795 4946 sumant.
2830 4890 2986 4946 Hanc
3016 4895 3234 4959 autem,
3266 4892 3404 4963 quia
3447 4891 3708 4947 obtinere

2060 4985 2379 5054 nequeunt,
2402 4979 2515 5035 nisi
2537 4995 2670 5035 cum
2694 4978 3012 5034 multarum
3039 4980 3318 5035 virtutum
3343 4979 3709 5051 suplemento

2024 5089 2028 5093 ·
2061 5076 2162 5128 aut
2189 5071 2422 5126 easdem
2454 5069 2696 5123 virtutes
2728 5069 2904 5123 simul
2936 5068 3241 5124 otinebunt
3287 5072 3387 5123 aut
3438 5067 3710 5122 castimo-

2062 5161 2159 5216 nia
2187 5160 2441 5231 perfecta
2471 5157 2770 5212 carebunt.
2805 5157 2961 5212 Idem
3001 5159 3071 5213 de
3123 5157 3341 5213 caeteris
3396 5155 3712 5211 virtutibus

2063 5249 2433 5306 sentiendum
2464 5251 2570 5301 est.
2606 5245 2820 5300 Omnes
2851 5247 3006 5301 enim
3042 5245 3099 5300 in
3131 5262 3316 5300 unum
3369 5245 3450 5300 ita
3508 5259 3713 5298 conve-

2067 5338 2254 5408 niunt,
2288 5340 2351 5392 ut
2382 5335 2496 5390 alia
2520 5333 2694 5389 aliam
2727 5334 2932 5400 foveat,
2969 5333 3524 5406 augeat,justiﬁcet,
3578 5349 3712 5404 pro-

2065 5427 2257 5483 bando
2287 5424 2552 5481 videlicet
2574 5424 2799 5493 justam
2828 5428 2885 5478 et
2915 5424 3128 5478 bonam
3159 5438 3307 5478 esse.

2139 5516 2219 5571 Ex
2233 5515 2448 5588 quibus
2470 5512 2744 5568 omnibus
2766 5511 3306 5583 colligitur,judicia
3328 5511 3714 5584 Domini,quaa

2071 5604 2218 5665 nihil
2237 5603 2397 5663 aliud
2421 5606 2560 5663 sunt
2589 5601 2704 5660 nisi
2721 5601 3128 5680 virtutes,vera
3157 5606 3215 5660 et
3235 5602 3560 5677 justiﬁcata
3581 5616 3710 5665 esse
