4114 6184
379 352 385 358 _
452 284 565 343 167

1458 274 1799 341 OTHLONI
1842 273 2201 339 MONAGHI
2246 276 2312 339 S.
2359 273 2851 340 EMMERAMMI

3744 277 3861 345 168

449 415 511 471 in
530 411 862 485 semetipsis
885 428 897 465 :
924 410 1059 481 quia
1080 424 1185 465 nec
1207 425 1310 481 per
1328 387 1601 481 gratiam,
1625 424 1729 465 nec
1760 406 1960 463 odium
1991 405 2091 462 ali-
2120 413 2175 479 Α
2285 407 2396 463 Sed
2448 407 2497 462 si
2556 407 2799 464 forsitan
2847 406 3060 479 aliquis
3118 407 3272 467 dicat
3329 424 3392 464 se
3429 406 3683 467 libenter
3709 408 3858 471 velle

450 504 641 575 cujus,
676 518 780 557 nec
812 517 913 573 per
942 497 1249 564 malitiam,
1283 514 1389 554 nec
1424 514 1523 571 per
1567 497 2093 571 ignorantiam,nec

447 608 551 664 per
572 588 1035 663 negligentiama
1054 588 1313 646 veritatis
1336 586 1646 658 etjustitiae
1669 591 1825 643 statu
1850 587 2093 642 flectun-

449 680 674 748 tur,sed
688 676 955 735 omniain
980 694 1097 732 una
1118 676 1439 748 eademque
1478 676 1863 749 dispositione
1890 692 2093 731 conve-

449 769 671 825 nientia
717 770 1106 839 perseverant.
1166 767 1301 831 Quae
1332 765 1511 837 igitur
1540 765 1635 837 pia
1664 770 1805 821 sunt
1834 765 2095 820 testimo-

450 859 613 915 nium
646 858 906 929 praebent
934 853 1219 925 Deo,quia
1249 854 1647 926 semper,dum
1663 858 1896 925 tempus
1917 854 2092 909 mise-

448 947 611 1004 rendi
638 949 746 1016 est,
780 948 1017 1017 paratus
1045 944 1125 999 sit
1155 944 1225 999 ad
1244 942 1668 1015 ignoscendum
1690 942 1920 998 cunctis
1937 943 2008 998 ad
2033 958 2095 998 se

446 1035 761 1093 conversis.
785 1034 864 1090 De
878 1050 991 1106 quo
1011 1032 1325 1089 miserendi
1341 1036 1602 1104 tempore
1615 1031 1793 1088 Isaias
1816 1031 2096 1104 propheta

448 1129 723 1183 admonet
752 1142 880 1192 nos,
914 1124 1145 1179 dicens:
1183 1123 1379 1191 chrite
1426 1122 1721 1178 Dominum
1771 1120 1902 1177 dum
1950 1124 2096 1176 inve-

445 1218 564 1271 niri
588 1219 779 1288 potest,
808 1215 1056 1268 invocata
1079 1228 1223 1282 eum,
1256 1211 1387 1266 dum
1414 1226 1581 1282 prope
1606 1217 1685 1265 est
1711 1211 1845 1281 (Isa.
1899 1228 1986 1279 Lv,
2014 1211 2091 1281 6).

446 1304 591 1361 Hinc
618 1308 673 1360 et
703 1305 904 1359 doctor
932 1304 1130 1357 noster
1158 1299 1469 1356 Psalmista
1520 1299 1693 1355 dicit:
1746 1299 2097 1369 Confitemini

448 1396 696 1462 Domino,
731 1395 991 1465 quoniam
1018 1392 1185 1463 bonus
1206 1407 1225 1451 ;
1258 1390 1525 1460 quoniam
1555 1391 1616 1444 in.
1644 1389 1910 1445 saeculum
1939 1376 2113 1443 mises'

445 1484 686 1540 ricordz'a
732 1482 848 1553 ejus
878 1481 1046 1552 (Psal.
1106 1496 1276 1546 cxvu,
1313 1480 1385 1545 1).
1443 1479 1577 1541 Quae
1609 1477 1891 1533 nimirum
1920 1477 2097 1533 verba

444 1571 788 1643 hujusmodi
816 1585 1057 1626 sensum
1083 1568 1296 1623 habere
1324 1566 1597 1623 videntur
1621 1585 1632 1621 :
1686 1566 2093 1621 Pmnitentiam

444 1664 618 1735 agite,
675 1665 731 1716 et
778 1656 1181 1715 convertimini
1212 1657 1283 1712 ad
1315 1656 1497 1712 Deum
1540 1655 1602 1710 in
1628 1656 1737 1711 hoc
1768 1655 1998 1726 saeculo,
2034 1655 2093 1710 in

445 1769 559 1824 quo
597 1749 1007 1806 tantummodo
1040 1747 1231 1802 bonus
1263 1750 1352 1801 est
1382 1745 1657 1800 omnibus
1686 1744 2095 1801 invocantibus

442 1858 597 1897 eum.
630 1840 793 1903 Quod
827 1842 1024 1894 autem
1055 1836 1307 1891 dicitur:
1343 1834 1691 1905 Conﬁtemini
1717 1835 1947 1891 Domino
1969 1851 2100 1905 quo-

438 1931 596 1986 niam
627 1929 831 1995 bonus;
864 1928 1132 1999 quoniam
1162 1925 1221 1979 in
1249 1928 1518 1980 aeternum
1547 1924 1926 1979 misericordia
1956 1924 2094 1995 ejus,

441 2020 512 2075 de
535 2016 807 2091 perennis
822 2015 951 2071 vitze
972 2012 1375 2070 misericordia
1395 2012 1536 2069 solis
1555 2011 1753 2068 electis
1768 2011 2096 2067 exhibenda

439 2106 686 2179 intelligi
709 2103 1362 2177 potest.Admonitiones
1379 2117 1514 2173 ergo
1535 2106 1708 2155 tantae
1734 2101 1968 2173 pietatis
1986 2100 2095 2157 hoc

441 2196 600 2252 omni
634 2196 804 2250 modo
833 2196 1127 2249 testantur
1152 2236 1164 2259 ,
1199 2191 1336 2263 quia
1364 2191 1520 2246 Deus
1552 2207 1666 2246 non
1696 2188 1825 2270 vult
1846 2192 2093 2244 mortem

439 2284 782 2358 peccatoris,
841 2283 941 2338 sed
1003 2285 1068 2337 ut
1138 2284 1507 2337 convertatur
1565 2282 1623 2335 et
1692 2279 1844 2335 vivat
1894 2278 2089 2349 (Ezeh.

438 2376 681 2443 xxxm,).
742 2374 951 2428 Severa
1005 2374 1202 2425 autem
1246 2368 1474 2441 judicia
1503 2369 1840 2439 ubicunque
1886 2367 2091 2440 legun-

439 2468 538 2519 tur
563 2460 653 2518 vel
683 2461 1004 2517 audiuntur
1029 2459 1199 2525 facta,
1232 2457 1341 2513 hoc
1365 2456 1749 2512 nihilominus
1801 2462 2093 2513 testantur

445 2553 600 2623 quod
648 2550 802 2605 Deus
834 2547 1106 2620 superbis
1154 2546 1389 2601 resistat
1418 2546 1554 2616 (Jac.
1600 2563 1675 2600 IV.
1708 2548 1784 2617 6),
1819 2547 2091 2617 quodque

434 2640 603 2710 juxta
618 2638 990 2693 Psalmistam
1008 2635 1286 2691 terribilis
1300 2635 1375 2690 sit
1396 2635 1455 2690 in
1473 2633 1732 2690 consiliis
1750 2651 1925 2707 super
1939 2634 2089 2691 filios

438 2727 746 2784 hominum
774 2726 941 2796 (Psal.
976 2742 1098 2786 va.
1130 2724 1184 2795 5)
1210 2722 1841 2796 (subandi,pravorum)
1875 2724 1973 2794 qui
2007 2724 2091 2779 ni-

430 2817 522 2873 hil
545 2816 704 2873 aliud
739 2815 851 2871 nisi
882 2815 1141 2870 humana
1168 2817 1398 2868 tantum
1430 2816 1486 2867 et
1533 2811 1793 2867 carnalia
1848 2812 2088 2885 diligere

438 2907 663 2973 solent;
698 2921 948 2978 quorum
963 2903 1182 2959 scilicet
1202 2902 1306 2957 ﬁlii
1334 2907 1620 2959 vocantur
1642 2902 1969 2957 imitatores
1993 2918 2086 2958 eo-

437 3013 567 3051 rum
594 3014 607 3051 :
641 2996 810 3065 cujus
841 2993 999 3049 enim
1033 2992 1282 3064 quisque
1305 2991 1442 3047 facit
1464 3008 1656 3063 opera,
1683 2992 1811 3061 ejus
1850 2997 2089 3047 vocatur

437 3084 615 3139 ﬁlius.

1095 3152 1327 3207 CAPUT
1360 3152 1449 3206 IX.

436 3227 686 3298 Amplius
714 3226 1027 3298 divinorum
1056 3224 1393 3298 iudiciorum
1423 3238 1868 3298 quorumcunque
1891 3225 2090 3298 veritas

507 3294 557 3353 et
578 3298 799 3370 justitia
825 3296 1107 3367 probatur.
1142 3295 1462 3370 Adhortatio
1486 3294 1555 3349 ad
1583 3294 1900 3366 diligentem
1946 3295 2087 3350 divi-

508 3368 711 3425 na'rum
740 3369 1150 3440 Scripturarum
1179 3368 1480 3432 lectionem,
1512 3372 1621 3421 etc.

510 3459 666 3514 Inter
717 3458 835 3513 hzsc
887 3456 1253 3529 pensandum
1303 3461 1359 3511 et
1397 3472 1571 3527 quam
1604 3457 1936 3511 necessaria
1966 3455 2085 3511 sint

435 3563 636 3603 severa
654 3546 1010 3616 Deijudicia.
1036 3544 1281 3599 Plurimi
1303 3559 1557 3615 namque
1573 3544 1791 3614 quinec
1814 3543 2081 3611 lectione,

434 3652 540 3691 nec
560 3635 958 3691 admonitione
980 3632 1102 3687 ulla
1124 3633 1430 3687 hominum
1449 3650 1483 3686 a
1503 3632 1782 3702 pravitate
1800 3649 1904 3687 sua
1928 3632 2082 3687 ﬂecti

434 3726 701 3795 possunt,
736 3740 839 3795 per
868 3720 1098 3794 ﬂagella
1133 3721 1228 3775 Dei
1260 3724 1679 3775 convertuntur
1728 3722 1797 3775 ad
1858 3720 2077 3791 ipsum.

431 3811 632 3868 Nonne
663 3829 764 3884 per
786 3811 907 3866 haec
939 3809 1170 3881 pensari
1192 3808 1343 3863 valet
1373 3808 1533 3879 quia,
1565 3808 1707 3862 dum
1740 3809 1835 3880 pia
1866 3809 1964 3863 Dei
1989 3811 2078 3879 ju-

430 3901 583 3957 dicia
611 3899 959 3955 conveniunt
993 3897 1206 3954 severis
1239 3902 1294 3952 et
1324 3912 1525 3952 severa
1548 3896 1678 3968 piis,
1712 3897 1910 3952 omnia
1948 3898 2077 3969 ejus

422 3989 650 4059 judicia
674 3993 814 4044 sunt
840 4004 971 4042 vera
999 3992 1055 4043 et
1076 3986 1401 4058 justiﬁcata
1431 3985 1489 4039 in
1522 3987 1836 4057 semetipsa
1862 3987 2073 4058 P(Psal.

428 4094 567 4133 xvm
600 4077 710 4147 10.)
744 4077 871 4131 Sive
898 4092 1033 4147 ergo
1062 4075 1182 4130 sint
1206 4075 1301 4145 pia
1330 4073 1446 4129 sive
1479 4091 1695 4143 severa,
1742 4074 1871 4129 ideo
1919 4075 2076 4131 Deus

430 4169 705 4237 operatur
761 4182 829 4220 ea
877 4170 943 4220 ut
973 4163 1099 4233 hos,
1132 4164 1233 4233 qui
1262 4162 1522 4219 salvandi
1554 4167 1712 4227 sunt,
1744 4164 1913 4235 quasi
1944 4166 2071 4236 qui-

428 4254 679 4310 busdam
710 4254 932 4309 retibus
956 4253 1029 4308 ad
1061 4256 1335 4307 mternam
1369 4250 1616 4307 salutem
1647 4252 1860 4307 trahat.
1912 4252 2075 4309 Unde

430 4347 487 4398 et
516 4342 846 4409 Psalmista,
879 4342 977 4414 qui
1010 4345 1067 4397 et
1097 4339 1459 4397 severitatem
1491 4345 1548 4395 et
1577 4340 1851 4411 pietatem
1881 4341 1981 4395 Dei
2014 4342 2071 4396 in

2126 1790 2175 1854 B

2204 496 2436 553 credere
2511 496 2737 568 judicia
2805 496 3035 552 Domini
3083 512 3220 553 vera
3271 512 3419 566 esse,
3481 500 3582 554 sed
3633 498 3860 569 nescire

2204 587 2358 642 unde
2417 586 2568 642 hanc
2627 588 2801 642 fidem
2860 586 3002 641 satis
3063 585 3250 659 possit
3289 585 3629 659 concipere:
3664 588 3857 645 dicam

2203 676 2455 732 breviter
2509 676 2707 747 aliqua
2750 677 2879 748 ejus
2922 675 3145 748 judicia
3176 676 3332 732 unde
3362 676 3592 733 facilius
3624 678 3860 751 agnosci

2204 765 2431 836 possint
2488 768 2710 821 caetera.
2771 764 2988 822 Omnes
3040 781 3293 837 namque
3320 765 3541 823 scimus
3567 770 3624 823 et
3652 768 3857 840 quoti-

2203 854 2295 909 die
2322 858 2456 910 actu
2485 855 2822 927 probamus,
2858 853 2997 926 quia
3025 853 3276 912 liberum
3305 854 3615 912 arbitrium
3644 874 3679 912 a
3735 856 3853 914 Deo

2202 944 2405 999 datum
2458 944 2767 1015 habemus,
2826 948 2892 999 ut
2934 943 3053 1000 sive
3113 944 3284 1013 bona,
3346 945 3467 1001 sive
3505 944 3662 1002 mala
3708 946 3856 1003 veli-

2204 1048 2336 1088 mus
2367 1048 2555 1105 agere,
2581 1033 2898 1105 possimus.
2936 1034 3050 1089 Hoc
3082 1036 3279 1089 autem
3311 1050 3427 1089 non
3487 1035 3708 1091 sufﬁcit
3739 1053 3858 1092 no-

2202 1122 2293 1176 bis
2323 1120 2691 1178 solummodo
2724 1120 3011 1188 scire,nisi
3026 1122 3202 1178 etiam
3218 1126 3537 1179 tractemus
3552 1141 3657 1180 cur
3678 1126 3854 1182 nobis

2204 1211 2279 1267 sit
2304 1211 2440 1267 data
2468 1211 2707 1267 libertas
2728 1215 2891 1268 tanta
2908 1210 2993 1266 vel
3017 1210 3168 1267 male
3192 1211 3278 1267 vel
3305 1211 3450 1269 bene
3469 1213 3700 1287 aengdi.
3725 1213 3854 1271 Non

2203 1300 2360 1355 enim
2392 1300 2516 1356 caeli
2550 1305 2606 1356 et
2628 1305 2788 1357 terrae
2818 1300 3069 1366 Creator,
3105 1317 3419 1372 rerumque
3452 1302 3719 1360 omnium
3752 1319 3859 1377 gu-

2203 1390 2478 1445 bernator
2500 1390 2823 1447 credendus
2854 1394 2943 1446 est
2970 1393 3134 1445 tanta
3161 1389 3329 1447 nobis
3359 1391 3703 1463 praestitisse
3729 1392 3855 1450 sine

2205 1495 2399 1534 causa.
2462 1480 2575 1535 Sed
2635 1480 2793 1535 omni
2854 1480 3027 1535 modo
3080 1480 3498 1536 attendendum
3550 1482 3689 1553 quia
3731 1483 3860 1540 ideo

2205 1566 2449 1635 homini,
2486 1583 2660 1640 quem
2694 1569 2765 1623 ad
2788 1569 3236 1625 similitudinem
3265 1587 3434 1627 suam
3461 1571 3618 1641 fecit,
3645 1576 3701 1627 et
3716 1572 3857 1629 libe-

2206 1672 2339 1712 rum
2372 1656 2683 1712 arbitrium
2718 1661 2776 1712 et
2802 1657 3137 1714 facultatem
3169 1658 3321 1715 male
3344 1658 3429 1715 vel
3460 1660 3606 1716 bene
3647 1661 3860 1735 agendi

2208 1744 2871 1813 dedit,uthaberetunde
2885 1747 3202 1818 promereri
3231 1752 3430 1821 posset
3458 1749 3657 1822 aliqua
3687 1755 3855 1807 aeter-

2206 1850 2291 1889 nae
2322 1835 2700 1891 beatitudinis
2717 1836 2974 1908 premis.
2993 1836 3130 1902 Quis
3154 1837 3861 1911 deniqueimpossibilita-

2204 1921 2282 1979 tis
2310 1923 2540 1979 vinculo
2598 1924 2949 1981 constrictus
3004 1926 3252 1998 probare
3290 1931 3487 1998 posset
3516 1928 3659 2001 quid
3689 1945 3861 2002 agere

2202 2011 2426 2068 vellet?
2458 2018 2559 2069 aut
2587 2015 2742 2086 quod
2774 2014 3184 2086 pramiumilli
3202 2015 3351 2073 foret
3368 2017 3756 2089 dandum,qui
3774 2018 3861 2078 nil

2204 2102 2392 2173 potuit
2413 2102 2624 2174 facere,
2648 2102 2762 2159 nisi
2792 2104 3014 2161 bonum
3035 2104 3063 2159 ?
3088 2104 3860 2179 Hancigiturinconvenien-

2202 2190 2344 2246 tiam
2396 2193 2732 2264 quicunque
2790 2192 3003 2265 saepius
3062 2193 3328 2263 attendit,
3380 2194 3553 2251 citius
3596 2196 3861 2269 agnoscit

2203 2280 2386 2336 multo
2417 2281 2857 2337 convenientius
2889 2297 3035 2337 esse.
3071 2283 3234 2356 Quia,
3263 2282 3415 2339 sicut
3442 2283 3596 2341 Deus
3627 2286 3857 2356 statuit,

2199 2369 2374 2427 homo
2432 2370 2684 2426 liberum
2737 2370 3046 2427 arbitrium
3094 2371 3319 2428 habens
3351 2377 3407 2428 et
3438 2374 3583 2431 bene
3613 2378 3670 2430 et
3698 2374 3851 2431 male

2200 2475 2369 2532 agere
2396 2459 2570 2527 valet,
2590 2464 2655 2515 ut
2676 2464 2732 2516 et
2752 2460 2869 2533 ille,
2902 2461 3001 2533 qui
3032 2460 3189 2517 mala
3218 2478 3321 2533 pro
3344 2479 3540 2518 amore
3569 2463 3668 2519 Dei
3709 2480 3848 2520 con-

2198 2549 2431 2619 temnit,
2462 2550 2789 2606 mercedem
2814 2550 3186 2621 promissam,
3220 2556 3277 2606 et
3305 2550 3403 2607 ille
3434 2552 3533 2623 qui
3564 2552 3719 2609 bona
3749 2570 3852 2609 ne-

2197 2635 2605 2710 gligitpaanam
2618 2639 3057 2709 pronuntiatam
3079 2644 3638 2712 consequatur.Ecce
3662 2657 3844 2713 quam

2197 2742 2456 2798 congrua
2481 2732 2689 2783 etvera
2745 2727 2922 2784 divini
2973 2729 3183 2800 judicii
3232 2730 3560 2802 dispositio,
3621 2730 3845 2787 nullius

2196 2816 2512 2889 gratiis,vel
2544 2817 3229 2888 odiiinstarjudiciorum
3251 2820 3644 2876 humanorum
3685 2818 3846 2875 falsi-

2196 2908 2313 2960 tate
2337 2910 2609 2977 corrupta
2632 2924 2645 2974 ;
2671 2907 2771 2961 sed
2786 2907 2953 2979 quasi
2972 2906 3031 2962 in
3046 2906 3332 2963 latissimo
3356 2909 3544 2965 stadio
3571 2908 3849 2965 omnibus

2197 2994 2469 3049 currendi
2525 2994 2780 3066 spatium
2842 2996 3123 3066 praebens,
3183 3000 3315 3051 ante
3354 2998 3619 3053 omnium
3649 2996 3851 3053 oculos

2199 3099 2421 3153 ponens
2452 3083 2605 3138 bona
2634 3087 2691 3138 et
2720 3083 3108 3155 mala,aspera
3136 3088 3191 3139 et
3214 3084 3612 3153 mollia,areta
3631 3092 3687 3143 et
3708 3086 3852 3153 lata,

2122 3159 2164 3225 C
2206 3175 2271 3224 ut
2302 3188 2402 3241 per
2431 3171 2551 3225 haec
2584 3171 2850 3226 omnium
2876 3172 3119 3227 affectus
3148 3173 3578 3245 probeturquid
3610 3174 3855 3248 diligere

2198 3258 2283 3313 vel
2342 3275 2634 3330 respuere,
2687 3259 2826 3331 quid
2887 3260 3297 3333 concupiscere
3348 3262 3436 3317 vel
3474 3267 3852 3320 contemnere

2196 3347 2349 3403 velit.

2267 3455 2467 3511 Nonne
2493 3471 2629 3528 ergo
2661 3454 3019 3513 latissimum
3040 3457 3301 3515 stadium
3343 3458 3549 3514 merito
3610 3459 3847 3528 dicitur,

2194 3560 2309 3615 quo
2340 3548 2460 3599 tam
2487 3544 2664 3599 variis
2688 3545 2876 3603 modis
2906 3545 3315 3618 unusquisque
3352 3563 3583 3603 currere
3598 3553 3797 3620 potest
3824 3552 3848 3603 .9

2193 3636 2343 3699 Quot
2378 3634 2568 3689 modis
2599 3634 2755 3689 enim
2814 3634 3132 3706 unicuique
3163 3636 3337 3691 datur
3385 3635 3631 3699 facultas
3690 3636 3845 3694 male

2190 3722 2420 3793 agendi,
2455 3726 2539 3777 tot
2569 3723 2758 3777 modis
2790 3722 2965 3777 etiam
2991 3724 3163 3779 datur
3191 3723 3438 3781 facultas
3462 3725 3608 3781 bene
3627 3726 3841 3798 agendi

2189 3810 2334 3873 Quia
2363 3811 2509 3864 bene
2538 3811 2746 3882 agendi
2779 3810 3142 3867 occasionem
3166 3813 3426 3883 praebent
3472 3812 3646 3881 mala,
3700 3830 3841 3869 cum
3897 3814 3911 3825 ⁸

2184 3914 2252 3953 ea
2279 3898 2561 3964 videntes,
2594 3903 2693 3954 aut
2715 3899 3039 3968 audientes,
3073 3916 3176 3956 seu
3208 3901 3279 3956 ad
3339 3902 3541 3957 horam
3609 3902 3840 3958 deside-

2188 3991 2403 4054 rantes,
2436 4003 2569 4041 mox
2599 3987 3049 4043 contemnimus.
3082 3988 3151 4042 Et
3181 3989 3281 4059 qui
3314 3993 3475 4045 tanta
3518 4007 3840 4062 possumus

2186 4080 2574 4143 contemnere,
2621 4084 2839 4147 quanta
2894 4077 3328 4149 concupiscere,
3386 4094 3456 4134 ex
3516 4078 3644 4151 ipso
3700 4096 3842 4136 con-

2183 4168 2405 4234 temptu
2437 4168 2523 4218 tot
2552 4180 2795 4219 coronas
2818 4181 2920 4237 per
2948 4166 3047 4221 Dei
3079 4167 3327 4238 gratiam
3358 4169 3676 4238 promereri
3707 4185 3841 4240 pos-

2184 4256 2564 4323 sumus,quot
2594 4252 2751 4308 mala
2770 4254 3404 4326 contempsimus.Ecce
3425 4258 3566 4312 satis
3601 4256 3841 4315 evidens

2181 4341 2536 4413 exemplum,
2572 4342 2632 4396 in
2664 4358 2778 4413 quo
2810 4343 3043 4414 probari
3073 4348 3265 4414 potest
3302 4344 3674 4401 verissimum
3731 4345 3840 4402 Dei

434 4431 750 4504 semetipso
772 4435 1046 4505 expertus
1064 4430 1329 4503 cognovit
1348 4434 1657 4500 utramque
1680 4430 2070 4485 necessariam
2170 4429 2789 4500 judicium.Judicium
2818 4448 3050 4503 quoque
3080 4448 3279 4489 verum
3306 4434 3420 4489 dici
3460 4435 3838 4507 potest,quod

430 4536 580 4591 esse,
603 4524 915 4593 postquam
938 4520 1078 4575 dicit
1102 4536 1113 4573 :
1137 4518 2076 4586 JudiciaDominiveraJustiﬁcata
2106 4528 2151 4593 1)
2182 4519 2249 4573 fit
2274 4519 2333 4573 in
2356 4519 2448 4574 his
2493 4519 2593 4591 qui
2649 4518 3009 4591 negligenter
3064 4519 3241 4576 vitam
3299 4539 3469 4577 suam
3527 4524 3838 4593 ducentes,

426 4612 487 4665 in
510 4612 844 4682 semetipsa,-
878 4609 1079 4665 statim
1111 4607 1433 4679 subjunxit,
1469 4607 1700 4662 dicens:
1724 4608 2075 4663 Desiderabi-

427 4700 509 4756 ιία
562 4715 724 4772 super
779 4715 981 4754 aurum
1036 4701 1086 4752 et
1134 4696 1373 4768 lapidem
1399 4698 1708 4768 pratiosum
1732 4697 1991 4767 multum,
2023 4705 2074 4752 et

421 4788 672 4844 dulciora
720 4805 886 4859 super
930 4787 1041 4844 mel
1075 4791 1127 4842 et
1176 4790 1386 4859 favum.
1422 4788 1555 4851 Quae
1588 4785 1867 4840 nimirum
1898 4786 2075 4841 verba

426 4876 851 4947 multiquidem
874 4876 1063 4931 dicere
1084 4875 1276 4931 valent
1301 4901 1314 4942 ;
1338 4876 1438 4931 sed
1464 4891 1640 4946 quam
1665 4873 2073 4929 desiderabilia

426 4981 531 5020 nec
561 4981 677 5019 non
709 4979 887 5034 quam
918 4963 1109 5018 dulcia
1130 4964 1248 5017 sint
1280 4980 1448 5018 nemo
1490 4962 1705 5017 sentire
1755 4962 1924 5031 valet,
1960 4962 2073 5018 nisi

425 5054 524 5127 qui
557 5053 670 5108 fide
701 5068 767 5108 ex
799 5067 969 5123 opere
999 5068 1101 5123 pro
1125 5052 1420 5123 agnitione
1469 5068 1670 5106 eorum
1718 5050 2069 5123 laborantes,

422 5143 630 5199 intima
654 5158 853 5197 eorum
888 5140 1319 5211 aliquantulum
1356 5143 1593 5210 gustare
1648 5145 1968 5196 merentur.
2002 5140 2073 5196 Et

426 5248 599 5304 quam
632 5230 826 5287 felices
858 5228 958 5301 qui
980 5226 1119 5283 talia
1139 5243 1310 5282 nosse
1333 5227 1602 5282 laborant
1626 5244 1639 5294 ;
1674 5232 1736 5281 ut
1757 5243 1890 5282 cum
1916 5226 2072 5282 Psal-

424 5320 601 5375 mista
650 5322 955 5391 gustantes
1013 5332 1191 5389 quam
1234 5316 1432 5371 suavis
1463 5319 1552 5372 est
1582 5316 1865 5372 Dominus
1896 5316 2068 5388 (Psal.

422 5424 617 5474 χχχιιι,
647 5408 724 5479 9),
741 5412 797 5463 et
824 5422 1002 5478 quam
1020 5404 1209 5461 fidelis
1225 5410 1281 5461 et
1295 5408 1533 5461 sanctus
1554 5404 1613 5460 in
1637 5405 1911 5461 omnibus
1934 5420 2069 5477 ope-

425 5497 589 5553 ribus
619 5495 744 5550 suis
775 5494 942 5567 (Psal.
967 5495 1245 5568 chiv,17)
1269 5493 1513 5567 ,judicia
1533 5493 1766 5550 Domini
1786 5510 1919 5550 vera
1944 5509 2071 5550 esse

424 5589 543 5653 toto
569 5584 741 5643 corde
772 5584 1049 5647 credant!

2184 4606 2449 4681 nihilque
2483 4609 2668 4679 magis
2701 4626 2878 4681 quam
2903 4609 3037 4665 aliis
3095 4611 3352 4682 praeponi
3412 4612 3835 4680 desiderantes,

2185 4697 2611 4767 permittuntur
2625 4697 2860 4752 tandem
2877 4698 3139 4754 obtinere
3167 4724 3180 4767 ;
3205 4698 3519 4769 cumquein
3534 4700 3841 4771 regimine

2185 4788 2381 4857 Optato
2413 4786 2705 4858 praepositi
2736 4785 3034 4841 saecularia
3064 4787 3252 4858 magis
3284 4802 3460 4857 quam
3503 4786 3842 4858 spiritualia

2182 4874 2539 4944 studuerint,
2563 4873 2765 4929 timere
2786 4878 2842 4929 et
2874 4891 3068 4929 amare
3110 4875 3293 4930 Deum
3352 4874 3736 4948 neglexerint,
3771 4878 3836 4935 in

2182 4960 2405 5017 deliciis
2435 4962 2593 5018 velut
2621 4961 2717 5017 ille
2750 4962 2908 5017 dives
2936 4963 3007 5017 de
3038 4979 3151 5034 quo
3175 4963 3234 5018 in
3267 4964 3574 5038 Evangelio
3619 4966 3839 5039 legitur

2182 5051 2282 5121 qui
2312 5050 2643 5105 induebatur
2669 5067 2915 5122 purpura
2943 5059 2998 5106 et
3020 5052 3196 5122 bysso,
3221 5057 3275 5108 et
3324 5054 3661 5125 epulabatur
3691 5071 3836 5127 quo-

2182 5138 2314 5194 tidie
2358 5138 2639 5210 splendide
2662 5140 2811 5209 (Luc.
2873 5156 2985 5195 XVI.
3056 5142 3165 5209 19),
3199 5143 3537 5199 omnimodo
3567 5143 3835 5211 vixerint,

2180 5232 2319 5281 tunc
2352 5227 2630 5282 Dominus
2661 5232 2763 5283 aut
2788 5244 2885 5285 eos
2926 5229 3147 5301 patitur
3204 5230 3261 5285 in
3316 5232 3518 5288 eodem
3549 5231 3837 5305 regimine

2181 5316 2496 5387 perdurare
2526 5333 2715 5388 usque
2744 5318 2815 5372 ad
2848 5318 3025 5374 finem
3060 5320 3213 5388 vitae,
3248 5325 3447 5393 postea
3494 5337 3628 5377 vero
3698 5308 3834 5377 cuin

2181 5405 2517 5477 supradicto
2541 5405 2718 5462 divite
2749 5406 3023 5464 delicioso
3056 5409 3127 5464 ad
3160 5408 3388 5465 inferna
3418 5410 3683 5482 deputari
3711 5416 3837 5479 ;aut

2180 5494 2522 5566 aliquandiu
2553 5497 2855 5569 superbire
2884 5497 2943 5552 in
2984 5501 3267 5570 potestate
3286 5501 3343 5552 et
3374 5502 3574 5569 postea
3620 5498 3837 5571 deponi

2180 5598 2315 5643 cum
2366 5601 2581 5661 magna
2610 5585 3000 5660 inhonestate,
3049 5590 3112 5644 ut
3140 5585 3458 5645 humilitati
3482 5588 3543 5647 in
3574 5588 3683 5649 hac
3712 5586 3836 5655 vita
