4114 6184
264 245 362 306 169

1391 248 1538 307 LIB.
1586 247 1687 306 DE
1731 245 1986 308 CURSU
2031 247 2497 309 SPIRITUALI.

3533 255 3649 314 170

258 376 640 450 penitentiam
685 380 923 449 gerant;
975 379 1127 449 quod
1178 381 1373 434 tamen
1423 380 1605 435 multa
1656 379 1882 436 felicius
1911 382 1963 447 Α
1999 380 2214 452 ubique
2245 382 2314 434 ad
2341 380 2553 437 missas
2583 381 2752 438 lectio
2776 384 2846 440 de
2877 383 3119 440 diversis
3147 383 3446 456 scripturae
3471 401 3646 440 sacrae

258 471 463 522 constat
484 483 662 538 quam
687 473 958 521 caeterum
985 467 1156 539 ;quia
1178 467 1321 522 nihil
1345 472 1432 524 est
1456 468 1746 524 infelicius
1771 469 1891 524 feli-

260 557 413 611 citate
445 555 1161 627 peccantium.Quodlibct
1185 573 1322 629 ergo
1345 560 1550 613 horum
1584 559 1736 613 Deus
1766 559 1888 613 ﬁeri

251 644 893 715 judicaverit,judicium
918 661 1116 700 verum
1145 645 1256 700 dici
1276 647 1488 718 poterit
1511 665 1523 714 ;
1548 647 1686 718 quia
1710 649 1892 703 scien-

259 739 335 788 tes
381 733 659 804 scriptum
706 749 718 786 :
758 734 945 788 Omnis
994 735 1090 805 qui
1133 751 1190 789 se
1239 737 1450 791 exultat
1499 736 1893 792 h-umiliabitur

257 823 392 891 (Luc.
421 840 538 888 xxv,
577 821 685 890 11),
720 824 788 877 Et
821 839 834 877 :
864 824 1009 877 Deus
1027 825 1279 894 superbis
1302 827 1499 880 resistit
1531 845 1543 894 ;
1578 825 1893 881 humilibus

253 915 424 966 cutim
453 911 544 966 dat
573 913 811 982 gratiam
831 912 884 982 (Ι
903 913 1500 986 Petr.v,5),multaque
1527 915 1889 986 hujusmodi.

259 1001 363 1055 Sed
392 999 511 1056 haec
546 1000 745 1054 omnia
775 1004 1214 1056 contemnentes
1248 1007 1543 1058 merentur
1573 1005 1640 1059 ad
1687 1004 1890 1060 horam

257 1091 478 1162 quidem
531 1088 754 1144 divitiis
806 1089 893 1144 vel
941 1089 1223 1162 dignitate
1272 1091 1491 1157 extolli,
1542 1094 1642 1148 sed
1695 1098 1895 1164 postea

254 1179 410 1250 dejici
442 1182 561 1233 tam
596 1177 653 1232 in
676 1177 785 1233 hoc
817 1177 1026 1234 saeculo
1052 1196 1228 1251 quam
1253 1179 1310 1234 in
1335 1181 1644 1237 futuro.De
1675 1181 1894 1238 talibus

254 1274 302 1324 et
330 1267 638 1323 Psalmista
669 1267 812 1322 dicit
847 1284 859 1321 :
895 1269 1147 1339 Dejecisti
1175 1285 1285 1337 eos,
1318 1271 1564 1338 Domine,
1597 1271 1728 1326 dum
1757 1272 1892 1326 alte-

251 1362 500 1412 varentur
527 1357 702 1425 (Psal.
737 1374 908 1422 Lxxn,
945 1358 1030 1428 18)
1058 1383 1070 1426 ς
1103 1362 1161 1413 et
1191 1359 1404 1414 iterum
1439 1376 1451 1414 :
1483 1362 1624 1416 Deus
1654 1363 1892 1432 confrin-

253 1455 334 1514 get
361 1448 534 1517 capita
559 1448 915 1501 inimicorum
934 1450 1442 1512 suorum,verticem
1462 1450 1656 1520 capilli
1680 1465 1896 1520 peram-

254 1535 545 1590 bulantium
576 1537 636 1590 in
667 1535 887 1590 delictis
917 1539 1030 1591 suis
1061 1538 1232 1607 (Psal.
1255 1554 1428 1607 van,
1459 1539 1572 1608 22).
1610 1538 1674 1592 Et
1707 1539 1896 1610 capita

250 1625 612 1680 inimicorum
636 1624 826 1692 Dei,et
847 1629 1040 1681 vertex
1058 1624 1250 1697 capilli
1274 1626 1809 1698 perambulantium
1835 1627 1894 1681 in

251 1713 463 1768 delictis
499 1714 648 1780 suis,
672 1714 813 1785 quia
834 1731 952 1769 una
972 1720 1026 1770 et
1050 1715 1297 1786 repetita
1326 1717 1616 1771 sententia
1651 1721 1758 1783 est,
1781 1715 1897 1787 dici

251 1806 490 1873 possunt
521 1801 582 1856 bi
617 1802 716 1874 qui
749 1807 986 1857 czeteros
1011 1807 1343 1874 peccatores
1363 1804 1639 1876 nequitiis
1658 1804 1781 1860 suis
1801 1821 1896 1860 ex-

251 1891 478 1957 cellunt,
502 1895 555 1946 et
579 1891 709 1946 ideo
740 1890 934 1946 extolli
967 1893 1234 1964 cupiunt,
1271 1899 1334 1948 ut
1363 1910 1432 1948 ex
1473 1894 1582 1949 hoc
1614 1895 1896 1966 majorem

253 1979 519 2052 peccandi
549 1978 847 2034 licentiam
882 1980 1154 2036 habeant.

315 2069 418 2124 Sed
453 2074 511 2123 et
567 2068 711 2123 illud
740 2069 1036 2139 judicium
1075 2070 1175 2125 Dei
1207 2087 1410 2128 verum
1443 2071 1756 2128 dicendum
1789 2077 1896 2138 est,

249 2175 371 2213 cum
403 2157 844 2230 congregationi
870 2158 961 2214 vel
993 2159 1144 2231 plebi
1174 2160 1413 2216 cuilibet
1432 2162 1558 2217 sine
1589 2161 1900 2233 disciplina

248 2253 298 2302 et
325 2247 607 2319 religione
636 2247 854 2302 viventi
881 2248 1187 2320 irreligiosi
1220 2254 1486 2322 pastores
1519 2258 1692 2322 atque
1724 2255 1900 2306 recto-

247 2352 332 2392 res
360 2340 881 2408 praeponuntur,ut
901 2353 1003 2408 per
1031 2337 1177 2394 tales
1209 2343 1464 2394 rectores
1499 2339 1584 2395 ira
1599 2339 1699 2394 Dei
1722 2356 1899 2412 appa-

247 2431 364 2481 reat
399 2443 525 2497 que
557 2426 660 2481 diu
697 2426 938 2481 latebat.
991 2426 1153 2482 Unde
1184 2427 1487 2500 Scriptura
1515 2445 1675 2483 sacra
1708 2429 1851 2484 dicit
1883 2446 1895 2483 :

247 2517 467 2587 Pr0pter
491 2525 720 2587 peccata
745 2516 939 2588 populi
965 2532 1202 2585 regnare
1250 2517 1380 2571 facit
1423 2519 1686 2573 Dominus
1730 2518 1898 2590 hypo-

247 2609 436 2661 crita-m
492 2606 633 2676 (Job.
663 2623 854 2674 xxxrv,
891 2607 998 2676 10).
1031 2606 1178 2661 Hinc
1209 2607 1384 2662 etiam
1417 2612 1654 2663 sanctus
1686 2611 1899 2679 Grego-

248 2697 360 2750 rius
391 2696 538 2751 dicit
573 2712 586 2750 :
629 2696 867 2752 Occulta?
895 2704 944 2750 et
967 2697 1178 2766 jugiter
1203 2704 1528 2767 perpetratae
1585 2697 1756 2768 culpae
1788 2713 1900 2752 me-

249 2789 432 2840 rentur
452 2782 476 2846 ;
509 2792 571 2838 ut
600 2800 752 2854 reges
779 2788 1126 2855 pastoresque
1179 2787 1424 2856 perversi
1477 2787 1900 2841 constituantur.

252 2874 403 2939 Quod
424 2879 628 2928 tamen
651 2873 941 2942 judicium
972 2889 1087 2928 non
1109 2890 1212 2945 pro
1233 2874 1632 2944 subjectorum
1667 2875 1902 2950 damna-

1999 469 2165 524 libris
2183 471 2252 524 ad
2269 470 2712 526 aediﬁcationem
2726 474 3093 529 audientium
3107 479 3508 542 excerpta,nec
3531 491 3647 530 non

1999 559 2182 614 sancti
2217 559 2507 630 Evangelii
2539 561 2821 617 doctrina.
2853 567 2963 618 Pro
2985 563 3094 620 hoc
3116 563 3481 620 Psalmorum
3504 563 3652 621 liber

2001 647 2122 718 qui,
2149 653 2347 703 sancto
2371 647 2590 720 Spiritu
2615 650 3064 722 dictante,quasi
3090 653 3327 724 quidam
3353 653 3437 710 sol
3464 655 3647 710 omni-

2001 737 2112 791 bus
2135 738 2190 791 in
2217 737 2308 791 via
2327 737 2422 792 Dei
2447 737 2887 794 ambulantibus
2908 739 3100 796 verbis
3122 740 3417 813 sapientiae
3438 742 3647 800 divinae

2002 825 2156 880 lucet
2185 843 2287 897 per
2317 827 2559 882 diurnas
2589 832 2764 899 atque
2790 845 2892 900 per
2935 833 3251 885 nocturnas
3275 830 3451 886 horas
3477 831 3650 903 parti-

2000 918 2097 970 tus
2130 914 2590 978 cantatur.Quod
2607 920 2663 970 et
2692 915 2814 987 ipse
2836 917 3148 972 Psalmista
3168 917 3516 989 prophetica:
3535 919 3649 990 spi-

2003 1004 2119 1058 ritu
2178 1003 2386 1075 plenus
2435 1020 2866 1076 personamque
2914 1009 3126 1060 sancta:
3168 1005 3438 1062 Ecclesiae
3489 1007 3549 1062 in
3581 1023 3644 1063 se

2002 1107 2210 1164 gerens
2239 1092 2521 1164 praevidit,
2555 1093 2754 1149 dicens
2787 1110 2799 1148 :
2835 1095 3042 1165 Septies
3071 1096 3131 1149 in
3162 1095 3257 1150 die
3286 1095 3503 1151 laudem
3529 1095 3652 1151 dixi

2003 1183 2109 1237 tibi
2137 1183 2530 1253 (Psal.cxv1u,
2567 1184 2708 1252 165);
2739 1187 2830 1238 et:
2867 1184 3041 1238 Media
3073 1188 3226 1240 nocte
3252 1185 3551 1256 surgebam
3581 1184 3651 1240 ad

2001 1271 2369 1341 conﬁtendum
2400 1271 2506 1326 tibi
2529 1272 2705 1342 (Psal.
2741 1290 2932 1339 cxvm,
2958 1274 3065 1340 62;
3097 1277 3154 1328 et
3175 1273 3427 1329 iterum:
3459 1276 3521 1329 In
3539 1290 3654 1329 ma-

2001 1361 2198 1415 tutinis
2225 1361 2541 1416 meditabor
2578 1362 2638 1414 in
2687 1369 2754 1426 te,
2807 1362 3056 1432 Domine,
3088 1362 3221 1432 quia
3246 1361 3412 1436 fuisti
3436 1362 3652 1434 adjutor

2002 1465 2152 1504 meus
2194 1448 2370 1520 (Psal.
2429 1465 2559 1515 Lxu,
2593 1449 2674 1520 8).
2715 1449 2875 1505 Hanc
2925 1450 3105 1522 igitur
3159 1451 3417 1523 laudem,
3471 1468 3650 1524 quam

2005 1541 2206 1593 sancta
2222 1536 2478 1593 Ecclesia
2500 1538 2717 1608 ubique
2734 1542 2854 1593 tam
2877 1538 2936 1592 in
2965 1542 3131 1594 nocte
3155 1556 3331 1611 quam
3351 1540 3410 1594 in
3432 1539 3522 1596 die
3537 1543 3653 1595 Deo

2005 1626 2378 1695 dicit,merito
2403 1625 2714 1681 Psalmista
2736 1642 2797 1681 se
2815 1627 3032 1682 dixisse
3055 1627 3282 1695 retulit;
3317 1628 3456 1700 quia
3475 1645 3508 1684 a
3528 1628 3653 1684 suis

2010 1715 2181 1770 dictis
2228 1715 2633 1786 proferendam
2674 1715 2984 1786 praescivit,
3031 1717 3390 1787 praeteritum
3432 1733 3652 1788 ponens

2012 1821 2114 1876 pro
2137 1805 2352 1859 tuturo.
2372 1804 2477 1858 Pro
2499 1803 2608 1859 hac
2638 1803 2812 1859 etiam
2846 1805 3420 1876 admonitionepueri
3445 1805 3656 1862 litteris

2006 1892 2336 1948 instruendi
2386 1892 2657 1962 inprimis
2707 1891 3068 1964 psalmorum
3116 1893 3362 1948 lectione
3391 1893 3656 1948 introdu-

2008 1986 2240 2047 cuntur,
2270 1985 2444 2052 atque
2477 1982 2813 2036 memoriter
2853 1981 3102 2037 retinere
3125 1999 3235 2038 usu
3264 1981 3657 2038 ecclesiastico

2007 2072 2378 2141 iubentur,ut
2404 2069 2463 2124 in
2495 2069 2706 2124 litteris
2728 2071 2908 2125 sacris
2939 2070 3408 2142 enutriti,postea
3427 2087 3561 2127 cum
3586 2071 3656 2128 ad

2008 2165 2234 2215 aetatem
2264 2158 2686 2230 intelligibilem
2712 2160 3096 2230 pervenerint,
3120 2159 3350 2216 facilius
3379 2177 3477 2217 eas
3499 2177 3659 2217 reco-

2008 2249 2129 2304 lant
2161 2252 2217 2304 et
2254 2248 2460 2304 exinde
2489 2247 2547 2301 in
2581 2247 2710 2303 aliis
2741 2248 3055 2319 Scriptura;
3086 2265 3259 2304 sacra:
3292 2249 3501 2305 litteris
3531 2266 3657 2305 me-

2007 2339 2179 2394 ditari
2211 2337 2457 2393 valeant.
2495 2337 2598 2392 Pro
2629 2337 2738 2392 hac
2769 2337 3023 2408 plurima
3054 2342 3388 2394 sanctorum
3419 2340 3657 2394 Patrum

2009 2428 2299 2499 scriptura
2327 2431 2448 2481 tam
2479 2426 2539 2480 in
2575 2425 2846 2481 Ecclesiis
2877 2443 3055 2498 quam
3089 2426 3150 2482 in
3181 2427 3312 2483 aliis
3339 2427 3484 2483 locis
3512 2427 3654 2500 legi-

2009 2522 2125 2582 tur,
2159 2523 2222 2571 ut
2254 2532 2424 2571 nemo
2471 2514 2798 2570 litterarum
2845 2516 3088 2571 scientia
3116 2515 3382 2572 imbutus
3411 2517 3482 2572 de
3511 2516 3658 2588 legis

2010 2605 2218 2661 divinae
2249 2605 2578 2676 ignorantia
2609 2621 2671 2660 se
2721 2620 3001 2660 excusare
3032 2604 3235 2676 possit.
3276 2605 3479 2661 Nonne
3524 2605 3658 2662 talis

2011 2694 2391 2762 consuetudo,
2425 2711 2548 2765 quae
2585 2694 2711 2749 sine
2741 2693 2920 2749 dubio
2951 2709 3020 2748 ex
3050 2694 3432 2766 dispositione
3462 2694 3659 2750 divina

2012 2783 2312 2856 processit,
2346 2783 2592 2838 dicenda
2623 2785 2712 2838 est
2744 2782 2931 2838 ﬁdelis
2977 2787 3035 2838 et
3063 2784 3243 2838 vera?
3275 2784 3477 2840 Nonne
3505 2788 3657 2839 Deus

2012 2873 2218 2929 merito
2248 2872 2530 2943 dicendus
2560 2875 2649 2927 est
2679 2870 2868 2926 ﬁdelis
2886 2871 2986 2942 qui
3009 2889 3110 2943 per
3131 2876 3352 2927 tantum
3375 2872 3658 2928 librorum

253 2965 399 3017 tione
429 2962 649 3026 evenit,
681 2962 782 3016 sed
814 2967 880 3016 ut
913 2962 1024 3017 sub
1056 2962 1163 3017 hac
1195 2963 1413 3034 peccati
1449 2980 1615 3035 poena
1645 2979 1902 3018 commo-
2013 2961 2470 3018 admonitionem
2501 2977 2705 3016 omnes
2737 2961 2886 3017 hanc
2907 2961 3164 3033 legentes
3185 2966 3242 3017 et
3265 2962 3567 3019 audientes
3587 2962 3658 3018 ad

257 3053 354 3106 niti
384 3056 441 3107 et
471 3051 764 3123 compulsi
789 3067 984 3106 coram
1011 3056 1120 3108 Deo
1144 3051 1542 3124 pcenitentiam
1565 3057 1772 3125 gerant
1801 3070 1903 3124 pro
2013 3057 2287 3106 aeternam
2311 3049 2558 3104 salutem
2581 3050 2809 3105 trahere
2831 3055 3077 3106 conatur
3099 3052 3126 3106 ‘P
3149 3052 3280 3119 Sed,
3291 3051 3433 3124 proh
3455 3050 3654 3108 dolor!

251 3141 602 3211 commissis,
637 3156 890 3211 eumque
919 3140 1252 3196 invocantes
1301 3157 1404 3212 pro
1453 3141 1902 3196 necessitatibus
1933 3125 1975 3191 C
2013 3139 2351 3213 paucissimi
2382 3139 2780 3206 inveniuntur,
2815 3139 2915 3210 qui
2946 3157 3118 3196 aures
3147 3140 3419 3196 audiendi
3450 3141 3532 3196 ita
3561 3140 3661 3196 ha-

252 3230 368 3285 suis
395 3247 456 3286 se
485 3231 804 3285 emendare
835 3229 1436 3296 studeant,imitantes
1465 3229 1731 3286 videlicet
1753 3229 1900 3285 ﬁlios
2010 3227 2187 3283 beant
2216 3231 2283 3280 ut
2331 3227 2630 3281 attendere
2661 3230 2865 3281 curent
2896 3227 3035 3298 quid
3078 3226 3446 3298 evangelista;
3468 3271 3484 3298 ,
3518 3227 3657 3298 quid

251 3319 423 3374 Israel
482 3319 609 3390 qui,
663 3323 728 3372 ut
787 3319 844 3374 in
889 3317 1039 3374 libro
1082 3319 1356 3374 Judicum
1407 3319 1640 3391 legitur,
1675 3320 1902 3390 quoties
2012 3315 2469 3387 prophetae,quid
2494 3314 2809 3369 Psalmista
2835 3314 2921 3369 vel
2949 3315 3086 3385 quid
3111 3315 3206 3369 alii
3237 3320 3450 3370 sanctae
3473 3314 3665 3370 Eccle-

248 3406 428 3462 Deum
454 3408 817 3462 oﬂ‘endentes
843 3408 1042 3462 traditi
1065 3412 1204 3463 sunt
1226 3408 1282 3462 in
1305 3425 1514 3463 manus
1532 3407 1901 3463 inimicorum
2014 3403 2113 3458 sia:
2146 3404 2413 3458 doctores
2436 3418 2542 3456 nos
2573 3401 3371 3458 admoneant.Verumtamen
3395 3419 3511 3457 non
3532 3403 3663 3458 ideo

246 3514 528 3563 suorum,
558 3497 954 3568 paenitentiam
981 3500 1226 3569 egerunt
1250 3521 1264 3565 ;
1299 3497 1510 3552 deinde
1533 3514 1665 3552 vero
1694 3499 1905 3552 clama-
2012 3493 2188 3548 verba
2211 3491 2311 3547 Dei
2335 3490 2632 3546 incassum
2657 3491 3172 3562 proferuntur.Aut
3192 3491 3348 3547 enim
3367 3492 3669 3564 corrigunt

241 3589 471 3639 verunt
502 3585 573 3639 ad
609 3586 936 3650 Dominum,
984 3590 1041 3641 et
1089 3587 1158 3640 de
1204 3585 1654 3642 necessitatibus
1705 3601 1905 3640 eorum
2020 3584 2274 3653 legentes
2291 3584 2348 3636 et
2369 3581 2674 3636 audientes
2698 3580 2974 3651 ea,autin
2996 3580 3401 3637 testimonium
3423 3583 3667 3638 damna-

244 3671 519 3728 liberavit
547 3689 644 3729 eos
670 3674 842 3744 (Psal.
876 3692 987 3742 ενι,
1022 3675 1132 3747 13).
1166 3676 1300 3740 Quae
1331 3676 1507 3730 verba
1536 3676 1712 3731 etiam
1746 3673 1908 3730 Psal-
2017 3671 2193 3726 tionis
2224 3670 2282 3725 in
2314 3670 2407 3725 die
2429 3669 2638 3740 judicii
2669 3686 2863 3725 coram
2895 3669 2980 3726 eis
3009 3670 3393 3742 proferentur.

249 3763 430 3818 mista
461 3763 680 3836 sepius
724 3769 991 3837 repetens
1021 3764 1078 3819 in
1113 3764 1336 3835 psalmo
1367 3765 1685 3821 centesimo
1725 3767 1908 3829 sexto,

250 3853 347 3906 ubi
403 3853 602 3909 varias
648 3853 998 3909 oﬁ‘ensiones
1044 3857 1101 3909 et
1140 3853 1544 3910 tribulationes
1572 3853 1912 3910 eorumdem

253 3941 512 3997 ﬁliorum
548 3942 724 3998 Israel
778 3947 1215 4009 commemorat,
1248 3943 1349 3998 dat
1379 3943 1652 3999 fidelibus
1683 3942 1912 3998 cunctis

252 4031 589 4103 exemplum
613 4031 757 4103 quid
781 4032 890 4087 sibi
915 4049 1018 4104 pro
1042 4032 1462 4089 offensionibus
1485 4037 1548 4088 ut
1582 4032 1915 4089 tribulatio-

254 4120 433 4176 nibus
467 4120 597 4175 suis
624 4121 702 4175 sit
731 4121 1044 4192 agendum.

327 4209 610 4265 Dicamus
647 4209 842 4265 adhuc
873 4214 930 4266 et
960 4209 1115 4265 aliud
1147 4209 1478 4282 exemplum
1517 4211 1670 4265 unde
1692 4210 1921 4280 judicia

257 4298 526 4367 Domini,
558 4316 682 4370 qua
705 4299 764 4353 in
802 4299 975 4354 rebus
1007 4297 1277 4370 plurimis
1308 4297 1923 4369 incomprehensibilia

256 4392 428 4454 sunt,
464 4388 757 4460 nimisque
775 4387 1242 4460 profunda,sicut
1265 4392 1322 4443 et
1342 4386 1657 4442 Psalmista
1676 4391 1924 4442 testatur

2095 3761 2192 3816 His
2225 3760 2404 3831 igitur
2449 3759 2729 3831 exemplis
2778 3759 3042 3831 prolatis,
3093 3765 3226 3832 peto
3283 3777 3407 3829 vos,
3462 3761 3673 3817 fratres

2023 3849 2452 3915 charissimi,ut
2473 3849 2843 3904 attendentes
2884 3849 3156 3920 pietatem
3189 3850 3674 3922 severitatemque

2025 3940 2125 3996 Dei
2160 3937 2443 3994 studentis
2484 3936 2711 3993 litteras
2760 3955 2956 3994 sacras
3006 3956 3122 3994 non
3171 3938 3361 3995 solum
3405 3939 3595 4012 legere
3620 3943 3677 3994 et

2029 4029 2250 4096 audire,
2307 4027 2406 4083 sed
2457 4026 2632 4082 etiam
2679 4027 2955 4098 operibus
3004 4027 3378 4101 aliquatenus
3408 4028 3674 4100 implere.

2026 4117 2214 4172 Verbo
2247 4131 2479 4188 quoque
2501 4115 2933 4187 doctrinae,quae
2952 4132 3054 4187 pro
3075 4117 3458 4174 aediﬁcatione
3486 4121 3680 4173 vestra

2031 4207 2102 4262 de
2134 4205 2378 4277 psalmis
2410 4203 2646 4276 protuli,
2687 4209 2744 4259 et
2791 4205 2982 4260 adhuc
3013 4207 3269 4278 proferre
3296 4207 3488 4279 cupio,
3517 4211 3680 4262 tanto

2034 4293 2240 4364 majori
2268 4293 2612 4362 intentione,
2646 4309 2869 4364 precor,
2902 4294 3202 4365 suscipite,
3238 4299 3456 4365 quanto
3484 4294 3683 4350 distri-

2034 4385 2215 4440 ctiora
2244 4399 2370 4438 esse
2392 4381 2617 4454 judicia
2637 4381 2736 4437 Dei
2768 4398 2834 4437 ex
2855 4383 3209 4454 supradictis
3226 4383 3544 4438 Psalmista:
3566 4400 3686 4438 ver-

257 4475 505 4531 dicens:
530 4476 750 4532 Iudicia
781 4475 1382 4546 tua,Dominc,abyssus
1409 4476 1585 4530 multa
1607 4475 1786 4545 (Psal.
1807 4489 1922 4544 LIII,
1958 4494 2002 4559 Ι)
2036 4474 2126 4529 bis
2155 4473 2275 4543 jam
2307 4471 2803 4527 audistis.ldcirco
2825 4472 2980 4527 enim
3013 4471 3363 4527 sententiam
3387 4477 3504 4526 tam
3529 4473 3687 4544 piam

259 4565 340 4631 7),
373 4561 466 4620 vel
496 4564 716 4619 alicubi
739 4564 965 4636 possint
994 4562 1430 4636 aliquantUlum
1465 4563 1928 4637 agnosci,sicque
2039 4568 2276 4633 tamque
2307 4561 2627 4616 terribilem
2661 4561 2814 4617 inter
2835 4565 3040 4616 caetera
3066 4561 3354 4616 sermonis
3385 4560 3497 4615 mei
3515 4561 3691 4616 verba

265 4653 322 4706 in
359 4653 479 4724 his,
503 4671 634 4726 qua:
667 4653 1040 4725 aliquatenus
1064 4669 1377 4725 agnoscere
1405 4669 1928 4725 possumus,quam

268 4757 532 4814 congrua
561 4747 623 4798 et
652 4759 790 4798 vera
819 4747 995 4814 atque
1029 4742 1222 4797 ﬁdelia
1250 4742 1386 4814 sint,
1419 4741 1710 4812 instructi,
1732 4743 1932 4798 creda-

272 4846 407 4886 mus
437 4832 619 4887 etiam
651 4831 871 4887 similia
900 4848 1029 4888 esse
1060 4831 1260 4887 omnia
1291 4831 1388 4886 illa
1419 4848 1544 4902 quae
1587 4831 1802 4887 sentire
1834 4847 1932 4886 ne-

271 4921 537 4990 quimus.
569 4923 635 4976 In
667 4919 836 4976 libris
857 4937 1113 4993 namque
1144 4920 1325 4976 sacris
1358 4925 1476 4974 tam
1507 4920 1734 4976 Veteris
1757 4936 1933 4992 quam

267 5007 406 5064 Novi
436 5011 802 5067 Testamenti
827 5010 1085 5081 quotidie
1107 5025 1311 5065 omnes
1329 5009 1680 5064 instruimur
1701 5014 1765 5064 ut
1787 5008 1942 5064 mala

273 5098 686 5171 relinquentes
718 5099 873 5154 bona
901 5099 1203 5155 faciamus.
1259 5099 1388 5153 Haec
1421 5098 1602 5170 igitur
1631 5099 1938 5154 instructio

271 5187 666 5260 dispositione
729 5187 922 5243 divina
953 5194 1008 5243 et
1056 5193 1188 5244 ante
1220 5194 1483 5259 tempora
1515 5188 1701 5243 multa
1727 5189 1942 5258 jugiter

270 5275 427 5333 facta
453 5282 566 5346 est,
598 5283 658 5333 et
690 5277 953 5349 quotidie
983 5277 1176 5349 agitur
1203 5295 1216 5345 ;
1263 5283 1328 5332 ut
1359 5277 1408 5332 si
1466 5293 1584 5348 qua
1612 5276 1944 5348 ignorantia

272 5365 366 5421 vel
399 5366 768 5441 negligentia
790 5383 893 5422 seu
917 5367 1203 5422 oblivione
1226 5383 1328 5439 per
1348 5365 1668 5422 diabolicas
1700 5365 1946 5421 insidias

275 5472 313 5510 a
336 5454 465 5530 lege
484 5458 688 5513 divina
710 5456 996 5512 fuerimus
1016 5456 1408 5524 retracti,mox
1429 5456 1855 5511 admoneamur
1876 5455 1947 5510 ad

2041 4651 2277 4724 protuli,
2304 4654 2366 4705 ut
2405 4667 2504 4704 vos
2527 4649 2807 4704 sollicitos
2841 4654 2897 4704 et
2923 4650 3180 4705 intentos
3212 4651 3458 4704 facerem
3486 4650 3559 4705 ad
3581 4666 3685 4705 au-

2043 4741 2255 4796 dienda
2279 4739 2421 4811 legis
2453 4738 2992 4810 divinaa‘praecepta.
3021 4739 3132 4794 Sed
3163 4755 3268 4795 nec
3290 4737 3457 4795 aliter
3468 4739 3694 4811 judicia

2043 4828 2276 4885 Domini
2326 4825 2738 4884 desiderabilia
2793 4832 2849 4882 et
2879 4826 3074 4882 dulcia
3113 4827 3404 4896 videntur,
3435 4829 3549 4884 nisi
3576 4832 3697 4884 tota

2044 4918 2371 4973 intentione
2406 4916 2676 4989 legantur
2697 4915 2783 4970 vel
2816 4916 3149 4972 audiantur.
3182 4917 3570 4981 Quamobrem
3599 4934 3699 4973 au-

2047 5008 2281 5062 diamus
2313 5005 2452 5077 quid
2487 5004 2748 5076 loquitur
2779 5005 2948 5061 nobis
2981 5005 3267 5062 Dominus
3298 5023 3400 5078 per
3428 5011 3698 5063 sanctum

2050 5095 2447 5160 Psalmistam,
2467 5112 2566 5166 per
2595 5111 2769 5167 quem
2799 5095 2975 5150 variis
3007 5096 3197 5151 modis
3226 5097 3297 5151 ad
3329 5113 3434 5152 nos
3466 5095 3700 5162 clamat,

2051 5202 2207 5241 nunc
2222 5184 2651 5257 pronuntiando
2665 5201 2732 5240 ea
2753 5201 2880 5256 quae
2899 5185 3136 5241 scienda
3153 5184 3241 5240 vel
3261 5185 3526 5240 facienda
3543 5189 3706 5255 sunt,

2054 5292 2208 5331 nunc
2241 5274 2608 5330 admonendo
2631 5291 2735 5346 pro
2766 5274 3331 5341 eisdem;interdum
3361 5292 3495 5332 vero
3525 5276 3711 5332 incre-

2055 5365 2246 5438 pando
2299 5381 2402 5436 pro
2432 5362 2789 5436 negligentia
2819 5368 3038 5420 nostra.
3071 5364 3179 5431 Qui
3209 5380 3345 5438 ergo
3371 5369 3492 5422 tam
3535 5365 3712 5423 variis

2058 5453 2247 5510 modis
2279 5454 2353 5509 ad
2383 5470 2483 5509 vos
2512 5453 3140 5526 loquilur,maximam
3173 5470 3373 5511 curam
3403 5455 3586 5514 nostri
3610 5456 3712 5512 ha-

279 5547 532 5616 meliora
565 5545 916 5606 reverti.Pro
939 5545 1280 5619 hujusmodi
1311 5544 1708 5603 admonitione
1736 5543 1952 5619 legitur
2059 5544 2196 5602 bere
2229 5543 2538 5618 probatur.

627 5679 888 5738 Pnaot.
939 5675 982 5734 C
997 5676 1027 5732 Χ
1045 5674 1198 5736 LVI.

3360 5677 3398 5736 6
