4114 6184
1444 292 1788 355 OTHLONI
1836 293 2191 355 ΜΟΝΑοΗί
2239 297 2304 354 S.
2351 295 2840 357 EMMEllAMMI
3730 293 3845 359 ΠΕ

1093 422 1328 479 CAPUT
1365 422 1431 479 X.
2113 429 2166 495 Α
2197 426 2354 481 omni
2372 427 2849 500 busdiligendum
2863 445 2927 484 ac
2940 429 3426 499 venerandum,ut
3443 429 3729 502 scriptum
3744 437 3846 487 est:

440 517 608 574 Varia
636 515 874 572 moralia
900 512 1222 587 documenta
1253 529 1322 568 ea:
1347 513 1720 587 “diversorum
1746 515 2087 586 psalmorum
2195 516 2406 585 Diliges
2445 518 2734 573 Dominum
2763 520 2928 573 Deum
2964 522 3119 573 tuum
3148 535 3220 574 ea:
3249 522 3352 575 toto
3383 519 3539 575 corde
3563 521 3656 574 tuo
3684 540 3702 587 ;
3756 519 3849 575 hoc

437 294 544 352 171

994 586 1239 640 versibus
1275 585 1523 642 collecta.

509 694 618 750 Sed
665 693 804 764 quia
841 692 1112 764 superius
1160 693 1232 746 de
1278 693 1751 764 pronuntiatione
1801 693 2084 765 cmpimus

435 781 618 854 loqui,
642 797 798 837 nunc
830 780 1042 837 iterum
1077 781 1211 836 inde
1242 781 1894 853 loquamur.Psalmista
1924 800 2086 838 nam-

436 885 552 942 que
582 869 969 944 pronuntians
999 869 1168 925 nobis
1199 869 1565 926 sanctitatem
1602 872 1834 927 Domini
1865 889 1930 928 ac
1964 872 2085 927 Sal-

435 959 653 1017 vatoris
678 959 883 1027 nostri,
941 958 1082 1014 dicit
1129 975 1142 1013 :
1196 960 1394 1015 Beatus
1449 961 1541 1015 vir
1592 964 1688 1032 qui
1715 977 1827 1017 non
1855 962 1998 1017 abiit
2026 964 2086 1018 in

435 1048 663 1104 consilio
683 1048 1008 1118 impiorum,
1040 1051 1091 1102 et
1117 1048 1179 1102 in
1207 1049 1300 1102 via
1323 1048 1670 1118 peccatorum
1698 1064 1810 1103 non
1828 1051 1998 1116 stetit,
2034 1053 2085 1104 et

435 1140 496 1194 in
541 1137 804 1193 cathedra
842 1136 1175 1208 pestilentiae
1214 1152 1325 1191 non
1371 1137 1508 1191 sedit
1538 1137 1710 1207 (Psal.
1747 1155 1784 1203 1,
1831 1139 1903 1208 1).
1949 1139 2083 1203 Quae

431 1227 700 1283 videlicet
727 1225 1054 1282 sanctitatis
1083 1226 1427 1295 verba,quia
1457 1225 1602 1280 nulli
1628 1227 1937 1282 hominum
1971 1226 2082 1283 nisi

432 1315 540 1372 soli
572 1316 800 1373 Christo
832 1319 1183 1388 congruunt,
1214 1330 1398 1370 omnes
1426 1317 1575 1369 enim
1604 1321 1986 1387 peccaverunt,
2019 1321 2083 1371 ut

429 1406 512 1462 ait
559 1405 892 1477 Apostolus,
940 1410 994 1461 et
1040 1407 1197 1473 egent
1243 1404 1424 1472 gloria
1473 1405 1566 1460 Dei
1621 1406 1794 1475 (Rom.
1829 1423 1914 1473 111,
1947 1406 2078 1476 23);

429 1495 688 1566 itemque
719 1495 1021 1567 Scriptura
1049 1493 1190 1548 dicit
1236 1510 1248 1547 :
1286 1495 1348 1548 In
1390 1494 1583 1548 multis
1611 1493 1938 1565 oﬂendimus
1965 1511 2080 1550 om-

2193 610 2274 661 est
2302 607 2609 661 maximum
2636 611 2691 662 et
2718 610 2961 678 primum
2989 613 3316 664 manaalum
3347 607 3700 679 (Illatth.xx11,
3734 610 3844 678 37).

2264 695 2393 749 Jam
2427 696 2704 763 diximus,
2757 702 2928 768 prout
2958 698 3278 769 potuimus,
3321 697 3390 752 de
3417 697 3633 769 Capitis
3666 696 3848 753 nostri

2195 782 2668 852 qualitate.Nunc
2687 800 2820 839 vero
2844 784 3109 839 dicamus
3132 784 3424 856 quomodo
3455 785 3647 856 ipsum
3663 784 3847 856 Caput

2196 888 2302 926 nos
2331 871 2586 928 instruat
2617 889 2719 944 per
2749 872 3141 928 Psalmistam.
3173 874 3333 929 Sicut
3369 873 3525 929 enim
3567 873 3846 930 Dominus

2195 965 2393 1016 noster
2421 962 2583 1016 dives
2611 966 2666 1017 et
2698 966 2903 1033 potens
2936 967 3025 1018 est
3066 963 3136 1018 ad
3172 962 3483 1019 salvandos
3513 979 3716 1020 omnes
3748 963 3848 1036 qui

2195 1050 2464 1105 invocant
2486 1067 2620 1106 eum
2643 1050 2699 1105 in
2723 1052 3066 1115 veritate,ita
3088 1051 3263 1108 etiam
3289 1051 3593 1125 multiplex
3615 1057 3671 1108 et
3693 1052 3846 1110 latus

2192 1144 2279 1194 est
2297 1140 2354 1194 in
2376 1142 2790 1195 mandatorum
2825 1157 3064 1196 suorum
3089 1141 3846 1216 pronuntiatione,semper-

2194 1245 2306 1299 que
2336 1228 2700 1300 prospiciens
2750 1229 2883 1300 quis
2917 1229 2973 1284 in
3008 1229 3189 1301 hujus
3220 1229 3348 1285 vita:
3380 1231 3570 1286 stadio
3602 1249 3716 1304 pra:
3739 1248 3843 1286 cte-

2190 1317 2330 1372 teris
2358 1319 2428 1372 ad
2462 1333 2594 1373 eum
2628 1323 2825 1372 currat
2854 1318 2982 1390 ejus
3015 1322 3300 1390 praecepta
3330 1320 3647 1391 sequendo.
3681 1321 3842 1384 Quod

2193 1405 2412 1460 scilicet
2457 1405 2769 1462 Psalmista
2799 1423 3120 1478 agnoscens
3163 1408 3502 1478 pronuntiat
3533 1407 3721 1476 nobis,
3755 1409 3841 1465 di-

2190 1511 2328 1550 cens
2363 1511 2377 1551 :
2408 1497 2671 1551 Dominus
2698 1497 2766 1552 de
2792 1495 2926 1552 caelo
2978 1498 3242 1569 prospicit
3291 1513 3456 1568 super
3495 1497 3638 1567 ﬁlios
3667 1497 3841 1554 homi-

2189 1601 2344 1649 num,
2375 1588 2437 1638 ut
2464 1585 2644 1640 videat
2674 1588 2724 1640 si
2752 1593 2828 1641 est
2857 1586 3196 1654 intelligens,
3217 1591 3314 1641 aut
3345 1589 3641 1658 requirens
3673 1587 3843 1644 Deum

2189 1673 2360 1743 (Psal.
2393 1689 2519 1739 χιιι,
2549 1675 2626 1745 2).
2662 1674 2723 1728 In
2779 1674 2996 1746 quibus
3045 1675 3236 1730 verbis
3291 1676 3398 1731 hoc
3430 1674 3719 1747 imprimis
3749 1682 3843 1733 est

425 1765 473 1836 (ι
516 1769 668 1820 Petr.
732 1779 794 1829 11,
852 1761 966 1829 22),
1027 1760 1151 1832 ipse
1205 1761 1501 1816 credimus
1560 1777 1734 1833 quem
1770 1761 2081 1818 Psalmista
2108 1794 2155 1859 Β
2190 1764 2512 1818 notandum
2545 1764 2698 1834 quod
2737 1765 2886 1819 Deus
2935 1764 3037 1835 qui
3067 1764 3283 1833 omnia,
3318 1769 3633 1837 antequam
3667 1765 3829 1834 ﬁant,

421 1853 504 1909 ita
533 1853 752 1906 beatum
781 1851 964 1905 uirum
993 1849 1135 1904 dicit
1166 1854 1230 1904 ut
1259 1866 1364 1904 nec
1395 1849 1582 1905 abiret
1611 1850 1668 1904 in
1693 1849 1934 1906 consilio
1969 1851 2074 1905 im-
2108 1849 2153 1859 “’
2185 1852 2360 1920 novit,
2393 1868 2508 1907 non
2541 1853 2669 1908 ideo
2700 1869 2807 1907 nos
2838 1853 3124 1925 inspicere
3156 1853 3370 1908 dicitur
3403 1859 3468 1909 ut
3513 1870 3583 1910 ex
3627 1854 3829 1910 habitu

423 1942 678 2013 piorum,
710 1955 816 1994 nec
843 1938 904 1993 in
931 1938 1052 1992 vita
1098 1942 1468 2009 peccatorum
1526 1939 1803 2006 stetisset,
1865 1955 1971 1995 nec
2011 1941 2070 1994 in
2179 1940 2266 1996 vel
2299 1947 2459 1996 motu
2497 1945 2693 2002 nostro
2726 1942 2866 2013 quid
2900 1941 2956 1996 in
2991 1942 3163 1997 nobis
3193 1942 3269 1998 sit
3301 1943 3471 2014 quasi
3500 1943 3735 2000 nescius
3750 1944 3834 2000 di-

422 2029 698 2085 cathedra
735 2026 1078 2100 pestilentias
1137 2027 1403 2083 sedisset.
1441 2027 1614 2083 Abire
1661 2028 1817 2082 enim
1849 2027 2069 2084 solum-
2181 2033 2304 2084 seat
2325 2055 2338 2097 ;
2362 2030 2462 2085 sed
2486 2034 2551 2085 ut
2567 2047 2674 2085 nos
2697 2031 2994 2086 discamus
3017 2035 3074 2087 et
3096 2032 3523 2088 admoneamur
3541 2033 3837 2089 attendere

419 2119 594 2176 modo
611 2118 672 2174 in
691 2117 933 2174 consilio
956 2116 1272 2189 impiorum
1288 2116 1599 2172 minimum
1623 2117 1916 2188 quoddam
1937 2133 2068 2190 pec-
2179 2135 2353 2190 quam
2386 2118 2700 2174 clementer
2719 2124 2895 2190 atque
2926 2119 3218 2175 subtiliter
3233 2120 3344 2176 hoc
3363 2120 3514 2177 Deus
3527 2122 3753 2194 jugiter
3771 2121 3830 2176 in

418 2213 617 2265 catum
667 2211 792 2274 est;
826 2206 983 2278 quod
1014 2203 1099 2260 vel
1133 2203 1334 2260 illicito
1363 2204 1690 2276 cogitando,
1723 2206 1810 2262 vel
1836 2206 2068 2263 incaute
2176 2208 2346 2263 nobis
2375 2207 2800 2280 exploret,quid
2833 2209 2986 2262 circa
3017 2208 3271 2265 salutem
3301 2214 3562 2266 nostram
3595 2228 3702 2266 nos
3717 2213 3829 2267 tra-

416 2295 827 2369 loquendo,vel
849 2295 910 2350 in
932 2293 1130 2366 aliquo
1152 2294 1414 2366 quinque
1435 2310 1718 2350 sensuum
1742 2294 1909 2367 lapsu
1943 2313 2068 2369 per-
2175 2301 2400 2351 ctemus
2431 2302 2830 2368 quantamque
2857 2297 3311 2354 sollicitudinem
3345 2315 3459 2354 non
3491 2298 3685 2355 solum
3717 2316 3819 2372 pro

413 2392 680 2460 patratur
707 2405 720 2454 ;
755 2390 910 2442 stare
941 2389 1137 2440 autem
1159 2384 1218 2438 in
1240 2383 1332 2440 via
1360 2389 1729 2456 peccatorum
1752 2384 1916 2440 estin
1951 2402 2065 2456 quo
2172 2386 2476 2456 praesentis
2497 2385 2624 2439 vita:
2655 2385 2939 2442 subsidiis
2970 2386 3482 2459 impetrandis,sed
3515 2388 3691 2445 etiam
3719 2404 3822 2462 pro

416 2476 758 2549 aliquandiu
791 2478 924 2546 quis
955 2477 1220 2529 moratus
1254 2472 1397 2528 alios
1428 2475 1600 2529 etiam
1637 2491 1873 2545 peccare
1904 2475 2061 2544 facit,
2172 2478 2385 2529 aeterna
2406 2475 2523 2529 vita
2543 2474 2858 2530 obtinenda
2878 2475 3583 2548 habeamus.Hujusmodi
3605 2478 3823 2550 quippe

415 2565 587 2632 sicut,
641 2579 774 2618 cum
807 2563 1094 2634 quosdam
1145 2561 1413 2616 homines
1466 2579 1642 2632 prava
1690 2567 1926 2634 agentes
1957 2561 2060 2617 ali-
2169 2562 2417 2618 intentio
2449 2563 2739 2634 primitus,
2774 2569 2837 2618 ut
2866 2563 3004 2630 dixi,
3028 2564 3086 2618 in
3119 2565 3440 2622 Psalmistze
3471 2566 3662 2622 verbis
3683 2567 3812 2638 jam

426 1602 521 1642 nes
552 1587 686 1656 (Jac.
724 1601 810 1655 111,
841 1584 897 1654 2)
924 1609 937 1650 ;
970 1584 1041 1639 de
1071 1583 1299 1639 Christo
1323 1589 1520 1639 autem
1540 1583 1755 1640 dicitur
1786 1601 1798 1639 :
1833 1586 1940 1652 Qui
1965 1601 2081 1656 peo-

425 1683 612 1732 catum
638 1690 750 1730 non
779 1675 928 1744 fecit,
959 1688 1060 1728 nec
1111 1675 1366 1728 inventas
1416 1681 1494 1728 est
1537 1672 1692 1728 dolus
1743 1676 1803 1727 in
1848 1689 1938 1728 ore
1965 1675 2082 1744 ejus

413 2653 648 2728 quando
679 2657 916 2724 propter
943 2650 1262 2706 amicitiam
1297 2651 1605 2707 laudantes
1651 2667 1719 2706 ex
1764 2651 1872 2706 hoc
1903 2653 2058 2707 dete-

413 2743 596 2799 riores
624 2740 988 2808 facimus,vel
1024 2757 1158 2796 cum
1190 2739 1422 2812 aliquod
1457 2739 1576 2796 leve
1609 2746 1910 2812 peccatum
1936 2745 2057 2796 tam

412 2833 474 2888 in
503 2831 674 2888 nobis
717 2846 895 2902 quam
927 2829 986 2884 in
1019 2828 1152 2885 aliis
1183 2846 1286 2902 pro
1310 2829 1491 2884 nihilo
1513 2829 1824 2897 ducimus;
1858 2830 2058 2886 sedere

412 2926 609 2978 autem
641 2920 703 2975 in
735 2919 1009 2975 cathedra
1047 2917 1390 2990 pestilentia:
1438 2923 1494 2973 et
1525 2919 1782 2990 pessima
1816 2935 2059 2990 quaeque

412 3027 528 3067 non
559 3010 749 3066 solum
784 3009 1056 3074 facerere,
1079 3007 1178 3063 sed
1202 3007 1372 3062 etiam
1402 3007 2060 3078 docere,benefaci‘entes

417 3099 660 3155 irridere
689 3101 748 3154 et
771 3098 949 3153 odire.
983 3097 1129 3162 Quia
1157 3095 1338 3168 igitur
1367 3096 1436 3151 ab
1471 3096 1563 3150 his
1594 3100 1650 3152 et
1679 3098 1751 3152 ab
1783 3097 2060 3154 omnibus

2168 2649 2412 2722 prolatis
2442 2655 2673 2706 constat
2705 2651 3027 2707 retinenda.

2239 2739 2455 2795 Deinde
2475 2739 2653 2796 altius
2671 2741 3158 2797 considerandum
3179 2743 3473 2813 quomodo
3494 2743 3550 2799 id
3573 2761 3678 2816 pro
3697 2761 3813 2817 quo

2166 2828 2321 2884 Deus
2334 2845 2439 2883 nos
2465 2829 2744 2901 prospicit
2765 2829 3135 2901 aliquatenus
3156 2831 3398 2904 implere
3415 2834 3817 2905 possumus,id

2168 2923 2256 2973 est
2285 2923 2350 2973 ut
2379 2917 2778 2991 intelligamus
2810 2924 2868 2975 et
2895 2920 3265 2992 requiramus
3297 2922 3502 2977 Deum.
3523 2921 3817 2993 Quidquid

2168 3007 2322 3062 enim
2358 3008 2801 3080 intelligendum
2815 3010 3297 3081 etrequirendum
3313 3012 3484 3066 estde
3509 3011 3647 3080 Deo,
3674 3011 3821 3066 inte-

2175 3095 2343 3151 rioris
2373 3095 2629 3153 hominis
2659 3097 2853 3153 studio
2883 3101 3110 3152 constat
3142 3098 3455 3170 agendum,
3490 3100 3648 3170 quia,
3681 3115 3817 3155 cum

419 3187 832 3260 iniquitatibus
862 3185 1146 3241 immunis
1182 3164 1308 3240 erat
1357 3184 1644 3252 Christus,
1678 3186 1806 3242 ideo
1838 3203 1872 3242 a
1902 3183 2062 3242 Psal-
2094 3164 2136 3230 (ἶ
2175 3189 2416 3256 uterque
2447 3185 2524 3240 sit
2556 3184 2885 3251 invisibilis,
2912 3190 2968 3240 et
2997 3185 3149 3241 Deus
3179 3164 3403 3242 scilicet
3428 3164 3484 3242 et
3505 3164 3706 3244 noster
3733 3187 3821 3243 in-

420 3276 600 3332 mista
629 3275 836 3332 merito
865 3275 1055 3330 dictus
1086 3277 1175 3330 est
1205 3275 1391 3330 beatus
1420 3276 1525 3330 vir.

489 3364 600 3420 Sed
625 3369 784 3420 tanta
806 3361 1266 3430 beatitudo,licet
1287 3363 1530 3419 minime
1551 3364 2059 3434 conveniatnobis,

417 3454 518 3527 qui
545 3455 603 3509 in
633 3453 860 3510 delictis
890 3453 1191 3510 nascimur
1211 3455 1267 3507 et
1287 3453 1550 3524 quotidie
1573 3454 1825 3525 peccatis
1849 3454 2060 3526 pollui-

414 3561 568 3612 mur,
603 3543 673 3599 ad
695 3543 804 3598 hoc
835 3547 1028 3598 tamen
1062 3542 1336 3614 prodesse
1367 3547 1555 3613 potest
1585 3547 1650 3596 ut
1680 3559 1783 3614 per
1821 3544 2058 3615 opposi-

412 3633 632 3688 tionem
647 3632 870 3704 jugiter
887 3631 1497 3701 attendentes,quanta
1515 3629 1794 3686 distantia
1811 3632 1888 3686 sit
1910 3632 2061 3687 inter

412 3738 520 3778 nos
549 3724 606 3777 et
633 3721 904 3776 eumdem
944 3719 1259 3774 Dominum
1290 3723 1596 3782 nostrum,
1629 3735 1961 3790 poscamus,
1994 3728 2060 3778 ut

409 3813 738 3868 misereatur
755 3809 935 3865 nostri
952 3815 1006 3864 et
1031 3807 1304 3863 benetlicat
1331 3807 1505 3877 nobis,
1539 3808 1812 3863 illuminet
1839 3809 2059 3864 vult-um

409 3916 572 3955 suum
599 3915 765 3968 super
791 3914 908 3962 nos,
941 3906 993 3953 et
1019 3912 1183 3967 opera
1213 3913 1483 3951 manuum
1509 3901 1820 3952 nostrarum
1842 3899 2060 3968 dirigat

416 3989 589 4060 (Psal.
622 4005 769 4054 va1,
802 3988 878 4059 2).
911 3986 966 4040 Si
992 4001 1127 4058 ergo
1159 3985 1305 4040 tanti
1357 3984 1463 4040 viri
1514 3986 1935 4044 beatitudinem
1970 4005 2057 4044 re-

414 4078 670 4132 colentes
699 4074 878 4131 simul
908 4078 964 4130 et
979 4077 1317 4130 venerantes
1338 4091 1672 4145 quaeramus
1696 4076 1901 4132 faciem
1931 4078 2058 4148 ejus

413 4181 664 4237 semper,
695 4181 806 4219 non
850 4163 1148 4220 secundum
1195 4165 1415 4234 peccata
1460 4167 1646 4219 nostra
1691 4165 1863 4237 faciet
1904 4167 2060 4222 nobis

411 4269 585 4324 neque
610 4254 910 4310 secundum
961 4253 1283 4324 iniquitates
1313 4261 1523 4308 nostras
1570 4254 1828 4308 retribuet
1855 4256 2013 4310 nobis
2038 4272 2058 4317 ;

409 4345 668 4415 quoniam
692 4343 990 4399 secundum
1009 4343 1368 4398 altitudinem
1387 4343 1509 4397 caeli
1527 4359 1561 4397 a
1579 4347 1729 4398 terra
1749 4344 2058 4399 corrobora-

405 4434 487 4489 vit
513 4432 946 4488 misericordiam
977 4447 1137 4486 suam
1163 4448 1327 4504 super
1354 4433 1605 4486 timentes
1633 4441 1765 4502 se,et
1789 4435 2057 4504 quomodo

2169 3274 2349 3330 terior
2365 3273 2763 3345 homo,utpote
2784 3273 2923 3345 quia
2943 3275 3013 3328 ad
3040 3274 3135 3329 Dei
3159 3273 3606 3331 similitudinem
3625 3276 3818 3333 factus

2170 3367 2280 3430 est,
2307 3367 2549 3435 uterque
2579 3363 2754 3417 etiam
2784 3362 3153 3418 invisibiliter
3176 3363 3352 3419 sentit
3372 3380 3500 3434 quas
3530 3364 3602 3420 de
3632 3364 3818 3420 altero

2170 3453 2473 3508 sentienda
2493 3457 2549 3507 et
2578 3450 2930 3523 acquirenda
2947 3452 3378 3524 sunt,quamvis
3409 3451 3565 3508 Deus
3588 3453 3812 3509 incom-

2171 3540 2508 3612 parabiliter
2535 3540 2899 3596 excedat.llle
2923 3557 3174 3614 namque
3204 3557 3306 3613 per
3331 3541 3592 3613 seipsum
3615 3542 3815 3597 omnia

2170 3630 2363 3695 novit;
2397 3630 2570 3684 homo
2592 3634 2788 3685 autem
2821 3646 2926 3685 nec
2953 3647 2986 3684 a
3016 3630 3464 3701 semetipso,nec
3495 3630 3621 3686 sine
3651 3631 3815 3686 addi-

2168 3723 2428 3774 tamento
2447 3718 2640 3788 aliquo
2659 3718 2806 3773 scire
2826 3717 3148 3789 quidquam
3159 3717 3816 3776 valet.Additamentum

2166 3825 2299 3863 vero
2328 3807 2455 3861 dico
2487 3807 2686 3862 omnia
2715 3805 3096 3878 visibilia,per
3113 3823 3241 3878 quae
3268 3808 3615 3864 instruimur
3636 3809 3706 3864 ad
3729 3809 3819 3863 in-

2166 3895 2836 3965 visibiliaintelligenda,
2865 3895 3018 3950 sicut
3040 3896 3322 3968 scriptum
3349 3901 3437 3953 est
3461 3914 3472 3951 :
3499 3897 3819 3954 lnvisibilia

2168 3987 2266 4041 Dei
2287 4002 2387 4056 per
2414 4002 2478 4040 ea
2527 3999 2653 4057 qum
2705 3987 2849 4056 facta
2905 3989 3034 4039 sunt
3080 3986 3356 4042 intellecta
3405 3989 3819 4059 conspiciuntur

2168 4076 2339 4146 (Rom.
2379 4093 2416 4145 1,
2448 4074 2559 4146 20).
2595 4074 2737 4128 Item
2770 4073 3236 4130 additamentum
3271 4091 3399 4131 esse
3427 4076 3557 4131 dico
3587 4075 3686 4132 illa
3717 4076 3816 4130 in-

2167 4163 2499 4236 telligentiae
2519 4164 2670 4220 dona
2701 4180 2828 4234 quae
2853 4163 2913 4218 in
2947 4164 3386 4236 nobismetipsis
3404 4181 3473 4220 ex
3489 4165 3592 4222 Dei
3622 4165 3816 4238 gratia

2158 4253 2382 4326 jugiter
2413 4253 2773 4309 retinemus:
2807 4269 2875 4308 ex
2906 4253 3123 4325 quibus
3151 4259 3241 4309 est
3277 4254 3421 4310 illud
3458 4271 3469 4310 :
3505 4256 3656 4324 Quod
3710 4256 3820 4311 tibi

2165 4359 2272 4398 non
2305 4344 2386 4398 vis
2416 4341 2560 4411 fieri,
2617 4343 2722 4397 alii
2748 4358 2818 4397 ne
2869 4345 3069 4414 feceris
3123 4344 3266 4415 (Tob.
3317 4361 3395 4411 1v,
3427 4345 3538 4416 16).
3585 4344 3730 4400 Nam
3759 4344 3816 4398 si

2169 4431 2266 4487 alii
2297 4431 2436 4486 nihil
2473 4431 2682 4488 horum
2714 4449 2841 4503 quae
2869 4431 3037 4487 nobis
3059 4431 3184 4488 fieri
3213 4432 3492 4488 nolumus
3513 4447 3682 4505 agere
3712 4433 3817 4488 de-

404 4523 702 4578 miseretur
726 4530 881 4594 pater
908 4522 1172 4592 ﬁliorum,
1204 4523 1283 4576 sic
1308 4522 1602 4576 miseretur
1629 4523 1947 4578 timentibus
1975 4539 2050 4588 se,
2084 4531 2130 4595 D
2163 4521 2390 4588 bemus,
2425 4520 2578 4576 mala
2611 4526 2806 4577 autem
2839 4519 3000 4576 nulla
3027 4521 3196 4576 nobis
3228 4521 3321 4594 agi
3353 4521 3689 4578 omnimodo
3719 4537 3820 4576 vo-

403 4613 662 4682 quoniam
690 4613 806 4683 ipse
853 4611 1099 4680 cognovit
1139 4611 1462 4680 ﬁgmentum
1489 4618 1739 4665 nostrum
1767 4613 1937 4678 (Psal.
1973 4628 2048 4666 cu

403 4701 611 4770 10-13).
645 4701 775 4756 Haec
825 4704 883 4756 et
931 4699 1024 4755 his
1067 4697 1286 4754 similia
1315 4697 1638 4753 Psalmistaa
1682 4697 1858 4765 dicta,
1921 4715 2048 4770 quae

401 4789 602 4860 utique
630 4789 850 4860 Spiritu
875 4793 1076 4844 sancto
1106 4786 1430 4860 inspirante
1459 4786 1682 4859 prolata
1712 4791 2050 4859 sunt,quem
2095 4803 2098 4808 '

399 4894 512 4932 non
545 4877 796 4932 excitare
829 4880 1077 4947 possunt
1099 4876 1172 4930 ad
1203 4876 1617 4947 exquirendum
1653 4875 1748 4930 Dei
1771 4875 2051 4946 gratiam?

400 4969 524 5020 Non
557 4964 754 5033 homo,
778 4965 877 5019 sed
909 4965 1094 5019 durus
1124 4963 1272 5035 lapis
1313 4969 1401 5019 est
1431 4963 1524 5018 hic
1554 4965 1682 5035 jure
1728 4966 2047 5035 vocandus,

399 5054 501 5126 qui
537 5069 648 5110 non
675 5053 927 5125 exquirit
947 5056 1170 5107 tantam
1207 5053 1435 5106 Domini
1468 5053 1762 5122 pietatem.

468 5148 629 5200 Inter
655 5143 778 5198 haec
809 5157 1042 5214 quoque
1075 5141 1440 5213 pensandum
1473 5145 1563 5196 est
1591 5157 1767 5213 quam
1792 5158 2047 5214 congrue

399 5233 457 5287 in
490 5233 678 5305 capite
700 5231 833 5287 libri
858 5229 1217 5302 psalmorum
1237 5227 1550 5284 Psalmista
1576 5228 1836 5301 loquitur
1865 5232 1935 5287 de
1951 5236 2048 5288 Ca-

396 5321 534 5393 pitis
566 5320 774 5389 nostri,
799 5318 1029 5376 Domini
1056 5317 1326 5373 videlicet
1352 5317 1492 5373 Jesu
1524 5317 1761 5389 Christi,
1794 5320 2043 5375 beatitu-

396 5409 530 5465 dine
561 5415 618 5465 et
645 5409 1050 5477 sanctitate,ut
1079 5423 1183 5480 per
1212 5405 1319 5463 hoc
1350 5409 1581 5463 cunctis
1603 5413 1814 5464 sancta;
1847 5409 2043 5464 Eccle-

2159 4610 2380 4678 lumus,
2412 4610 2568 4666 mala
2592 4611 2767 4666 etiam
2809 4608 2973 4665 nulla
3003 4608 3100 4664 alii
3133 4611 3359 4682 agenda
3405 4626 3534 4666 esse
3565 4610 3817 4682 apertis-

2160 4699 2308 4755 sime
2340 4699 2581 4755 scimus.
2639 4698 2902 4754 Tertium
2951 4715 3183 4770 quoque
3212 4697 3592 4753 abditamenti
3623 4713 3820 4770 genus

2163 4805 2264 4860 per
2293 4790 2447 4860 quod
2472 4788 2822 4843 instruimur
2845 4787 3166 4858 intelligere
3191 4805 3256 4842 ac
3289 4785 3582 4858 requirere
3606 4791 3816 4857 Deum,

2159 4877 2220 4931 in
2253 4878 2527 4934 omnibus
2561 4893 2736 4932 sacrae
2753 4876 3061 4948 Scriptura?
3093 4875 3304 4930 litteris
3334 4875 3676 4932 habetur.ln
3708 4875 3807 4932 his

2159 4983 2294 5038 ergo
2337 4966 2527 5022 tribus
2558 4965 2975 5020 additamentis
3021 4980 3195 5019 omne
3241 4981 3428 5036 genus
3477 4965 3812 5022 humanum

2159 5056 2311 5126 quod
2335 5057 2408 5110 ad
2435 5053 2862 5126 intelligibilem
2887 5054 3167 5107 duntaxat
3197 5058 3427 5110 aetatem
3459 5055 3812 5126 pervenerit,

2158 5145 2437 5214 probatur
2467 5143 2603 5214 quid
2639 5143 2708 5197 de
2741 5142 2854 5197 Deo
2904 5141 3194 5214 intelligat
3232 5147 3288 5198 et
3316 5143 3608 5216 quomodo
3639 5142 3812 5199 illum

2156 5232 2432 5303 requirat.
2463 5231 2627 5286 Talia
2656 5231 2834 5303 igitur
2859 5230 3181 5286 Psalmistaa
3211 5231 3612 5305 dicta,quibus
3638 5231 3814 5286 nobis

2155 5319 2569 5392 pronuntiatur
2599 5320 2738 5392 quia
2769 5325 2920 5377 Deus
2949 5337 3127 5392 super
3157 5338 3262 5377 nos
3289 5321 3607 5394 prospiciat
3636 5326 3700 5376 ut
3728 5320 3814 5374 vi-

2153 5409 2285 5464 deat
2315 5409 2364 5464 si
2395 5408 2451 5464 in
2486 5409 2658 5466 nobis
2681 5409 2758 5464 sit
2788 5409 3124 5482 intelligens
3145 5413 3244 5465 aut
3274 5409 3576 5482 requirens
3597 5409 3807 5478 Deum,

393 5499 493 5556 site
523 5498 682 5564 filiis,
711 5498 810 5571 qui
842 5497 1106 5553 membra
1133 5497 1260 5569 ejus
1290 5513 1419 5553 esse
1447 5497 1680 5568 debent,
1716 5496 2043 5554 insinuaret
2147 5499 2370 5572 jugiter
2399 5515 2644 5572 pensare
2675 5499 2979 5555 debemus.

392 5590 590 5666 ipsum
619 5603 856 5663 semper
882 5585 1173 5662 imprimis
1229 5602 1356 5645 esse
1385 5586 1794 5655 iavocandum,
1828 5591 1885 5644 et
1915 5603 2030 5661 prae

2221 5589 2593 5648 Pensandum
2641 5593 2733 5647 est
2771 5589 2951 5647 etiam
2989 5589 3128 5666 quid
3178 5589 3334 5647 idem
3388 5587 3698 5648 Psalmista
3727 5588 3805 5652 ἀι
