  <div class='ocr_page' id='page_1' title='image "/cluster/home/n/w/nwhite01/storage/ocr_20150623/146/hvd.32044054760053/092.png"; bbox 0 0 4114 6184; ppageno 0'>
   <div class='ocr_carea' id='block_1_1' title="bbox 304 324 399 383">
    <p class='ocr_par' dir='ltr' id='par_1_1' title="bbox 304 324 399 383">
     <span class='ocr_line' id='line_1_1' title="bbox 304 324 399 383; baseline -0.011 0"><span class='ocrx_word' id='word_1_1' title='bbox 304 324 399 383; x_wconf 81' lang='grc'><strong>173</strong></span> 
     </span>
    </p>
   </div>
   <div class='ocr_carea' id='block_1_2' title="bbox 1421 328 2536 391">
    <p class='ocr_par' dir='ltr' id='par_1_2' title="bbox 1421 328 2536 391">
     <span class='ocr_line' id='line_1_2' title="bbox 1421 328 2536 391; baseline 0.002 -3"><span class='ocrx_word' id='word_1_2' title='bbox 1421 328 1571 390; x_wconf 90' lang='lat' dir='ltr'><strong>LIB.</strong></span> <span class='ocrx_word' id='word_1_3' title='bbox 1617 329 1720 388; x_wconf 91' lang='lat' dir='ltr'><strong>DE</strong></span> <span class='ocrx_word' id='word_1_4' title='bbox 1763 328 2021 391; x_wconf 79' lang='lat' dir='ltr'><strong>CURSU</strong></span> <span class='ocrx_word' id='word_1_5' title='bbox 2067 329 2536 391; x_wconf 80' lang='lat' dir='ltr'><strong>SPIRITUALI.</strong></span> 
     </span>
    </p>
   </div>
   <div class='ocr_carea' id='block_1_3' title="bbox 3567 335 3687 395">
    <p class='ocr_par' dir='ltr' id='par_1_3' title="bbox 3567 335 3687 395">
     <span class='ocr_line' id='line_1_3' title="bbox 3567 335 3687 395; baseline -0.008 0"><span class='ocrx_word' id='word_1_6' title='bbox 3567 335 3687 395; x_wconf 72' lang='grc'><strong>174</strong></span> 
     </span>
    </p>
   </div>
   <div class='ocr_carea' id='block_1_4' title="bbox 302 453 3686 536">
    <p class='ocr_par' dir='ltr' id='par_1_4' title="bbox 302 453 3686 536">
     <span class='ocr_line' id='line_1_4' title="bbox 302 453 3686 536; baseline 0.003 -26"><span class='ocrx_word' id='word_1_7' title='bbox 302 454 433 511; x_wconf 86' lang='lat' dir='ltr'><strong>verbi</strong></span> <span class='ocrx_word' id='word_1_8' title='bbox 456 453 641 513; x_wconf 77' lang='lat' dir='ltr'><strong>divini</strong></span> <span class='ocrx_word' id='word_1_9' title='bbox 665 454 1145 529; x_wconf 62' lang='lat' dir='ltr'><strong>pradicatoribus</strong></span> <span class='ocrx_word' id='word_1_10' title='bbox 1172 458 1534 531; x_wconf 85' lang='lat' dir='ltr'><strong>pronuntiet,</strong></span> <span class='ocrx_word' id='word_1_11' title='bbox 1557 459 1932 516; x_wconf 76' lang='lat' dir='ltr'><strong>dicens:Cwli</strong></span> <span class='ocrx_word' id='word_1_12' title='bbox 1962 461 2015 527; x_wconf 80' lang='grc' dir='ltr'><strong>Α</strong></span> <span class='ocrx_word' id='word_1_13' title='bbox 2044 463 2307 517; x_wconf 89' lang='lat' dir='ltr'><strong>mortuos</strong></span> <span class='ocrx_word' id='word_1_14' title='bbox 2331 478 2344 528; x_wconf 93' lang='lat'><strong>;</strong></span> <span class='ocrx_word' id='word_1_15' title='bbox 2382 459 2513 517; x_wconf 91' lang='lat' dir='ltr'><strong>illos</strong></span> <span class='ocrx_word' id='word_1_16' title='bbox 2544 464 2739 517; x_wconf 90' lang='lat' dir='ltr'><strong>autem</strong></span> <span class='ocrx_word' id='word_1_17' title='bbox 2770 462 2871 533; x_wconf 88' lang='lat' dir='ltr'><strong>qui</strong></span> <span class='ocrx_word' id='word_1_18' title='bbox 2892 462 2953 519; x_wconf 89' lang='lat' dir='ltr'><strong>in</strong></span> <span class='ocrx_word' id='word_1_19' title='bbox 2974 461 3203 521; x_wconf 79' lang='lat' dir='ltr'><strong>Christo</strong></span> <span class='ocrx_word' id='word_1_20' title='bbox 3225 464 3352 534; x_wconf 86' lang='lat' dir='ltr'><strong>jam</strong></span> <span class='ocrx_word' id='word_1_21' title='bbox 3381 464 3686 536; x_wconf 85' lang='lat' dir='ltr'><strong>vivunt,vi-</strong></span> 
     </span>
    </p>
   </div>
   <div class='ocr_carea' id='block_1_5' title="bbox 304 544 1930 621">
    <p class='ocr_par' dir='ltr' id='par_1_5' title="bbox 304 544 1930 621">
     <span class='ocr_line' id='line_1_5' title="bbox 304 544 1930 621; baseline 0.002 -21"><span class='ocrx_word' id='word_1_22' title='bbox 304 551 544 600; x_wconf 80' lang='lat' dir='ltr'><strong>cnarrant</strong></span> <span class='ocrx_word' id='word_1_23' title='bbox 559 544 800 613; x_wconf 80' lang='lat' dir='ltr'><strong>gloriam</strong></span> <span class='ocrx_word' id='word_1_24' title='bbox 818 545 921 603; x_wconf 82' lang='lat' dir='ltr'><strong>Dei</strong></span> <span class='ocrx_word' id='word_1_25' title='bbox 927 548 996 613; x_wconf 88' lang='lat' dir='ltr'><strong>,et</strong></span> <span class='ocrx_word' id='word_1_26' title='bbox 1022 560 1185 620; x_wconf 82' lang='lat' dir='ltr'><strong>Opera</strong></span> <span class='ocrx_word' id='word_1_27' title='bbox 1204 563 1471 603; x_wconf 81' lang='lat' dir='ltr'><strong>manuum</strong></span> <span class='ocrx_word' id='word_1_28' title='bbox 1491 550 1611 621; x_wconf 87' lang='lat' dir='ltr'><strong>ejus</strong></span> <span class='ocrx_word' id='word_1_29' title='bbox 1629 551 1930 604; x_wconf 73' lang='lat' dir='ltr'><strong>annuntiat</strong></span> 
     </span>
    </p>
   </div>
   <div class='ocr_carea' id='block_1_6' title="bbox 302 633 1927 710">
    <p class='ocr_par' dir='ltr' id='par_1_6' title="bbox 302 633 1927 710">
     <span class='ocr_line' id='line_1_6' title="bbox 302 633 1927 710; baseline 0.003 -22"><span class='ocrx_word' id='word_1_30' title='bbox 302 634 688 704; x_wconf 77' lang='lat' dir='ltr'><strong>ﬁrmamentum</strong></span> <span class='ocrx_word' id='word_1_31' title='bbox 734 633 906 704; x_wconf 87' lang='lat' dir='ltr'><strong>(Psal.</strong></span> <span class='ocrx_word' id='word_1_32' title='bbox 955 651 1115 702; x_wconf 84' lang='lat' dir='ltr'><strong>xvm,</strong></span> <span class='ocrx_word' id='word_1_33' title='bbox 1172 635 1249 703; x_wconf 91' lang='lat'><strong>2).</strong></span> <span class='ocrx_word' id='word_1_34' title='bbox 1297 638 1359 691; x_wconf 92' lang='lat' dir='ltr'><strong>In</strong></span> <span class='ocrx_word' id='word_1_35' title='bbox 1410 637 1625 709; x_wconf 87' lang='lat' dir='ltr'><strong>quibus</strong></span> <span class='ocrx_word' id='word_1_36' title='bbox 1673 638 1927 710; x_wconf 84' lang='lat' dir='ltr'><strong>profecto</strong></span> 
     </span>
    </p>
   </div>
   <div class='ocr_carea' id='block_1_7' title="bbox 303 721 1926 799">
    <p class='ocr_par' dir='ltr' id='par_1_7' title="bbox 303 721 1926 799">
     <span class='ocr_line' id='line_1_7' title="bbox 303 721 1926 799; baseline 0.003 -21"><span class='ocrx_word' id='word_1_37' title='bbox 303 721 470 779; x_wconf 80' lang='lat' dir='ltr'><strong>verbis</strong></span> <span class='ocrx_word' id='word_1_38' title='bbox 496 721 807 779; x_wconf 80' lang='lat' dir='ltr'><strong>intimatur</strong></span> <span class='ocrx_word' id='word_1_39' title='bbox 836 722 973 795; x_wconf 81' lang='lat' dir='ltr'><strong>quia</strong></span> <span class='ocrx_word' id='word_1_40' title='bbox 997 723 1247 796; x_wconf 87' lang='lat' dir='ltr'><strong>gloriam</strong></span> <span class='ocrx_word' id='word_1_41' title='bbox 1278 742 1570 799; x_wconf 85' lang='lat' dir='ltr'><strong>operaque</strong></span> <span class='ocrx_word' id='word_1_42' title='bbox 1599 727 1702 782; x_wconf 86' lang='lat' dir='ltr'><strong>Dei</strong></span> <span class='ocrx_word' id='word_1_43' title='bbox 1733 743 1926 797; x_wconf 89' lang='lat' dir='ltr'><strong>nemo,</strong></span> 
     </span>
    </p>
   </div>
   <div class='ocr_carea' id='block_1_8' title="bbox 303 810 1925 886">
    <p class='ocr_par' dir='ltr' id='par_1_8' title="bbox 303 810 1925 886">
     <span class='ocr_line' id='line_1_8' title="bbox 303 810 1925 886; baseline 0.001 -18"><span class='ocrx_word' id='word_1_44' title='bbox 303 812 396 868; x_wconf 85' lang='lat' dir='ltr'><strong>nisi</strong></span> <span class='ocrx_word' id='word_1_45' title='bbox 426 810 630 879; x_wconf 72' lang='lat' dir='ltr'><strong>caeli,id</strong></span> <span class='ocrx_word' id='word_1_46' title='bbox 655 815 745 867; x_wconf 89' lang='lat' dir='ltr'><strong>est</strong></span> <span class='ocrx_word' id='word_1_47' title='bbox 764 811 1014 868; x_wconf 75' lang='lat' dir='ltr'><strong>caelestis</strong></span> <span class='ocrx_word' id='word_1_48' title='bbox 1037 816 1093 868; x_wconf 89' lang='lat' dir='ltr'><strong>et</strong></span> <span class='ocrx_word' id='word_1_49' title='bbox 1114 813 1439 886; x_wconf 88' lang='lat' dir='ltr'><strong>spiritualis</strong></span> <span class='ocrx_word' id='word_1_50' title='bbox 1463 815 1594 872; x_wconf 64' lang='lat' dir='ltr'><strong>vita;</strong></span> <span class='ocrx_word' id='word_1_51' title='bbox 1614 819 1925 884; x_wconf 90' lang='lat' dir='ltr'><strong>amatores,</strong></span> 
     </span>
    </p>
   </div>
   <div class='ocr_carea' id='block_1_9' title="bbox 302 899 1928 977">
    <p class='ocr_par' dir='ltr' id='par_1_9' title="bbox 302 899 1928 977">
     <span class='ocr_line' id='line_1_9' title="bbox 302 899 1928 977; baseline -0.001 -19"><span class='ocrx_word' id='word_1_52' title='bbox 302 916 554 958; x_wconf 80' lang='lat' dir='ltr'><strong>enarrare</strong></span> <span class='ocrx_word' id='word_1_53' title='bbox 582 899 831 973; x_wconf 78' lang='lat' dir='ltr'><strong>possint.</strong></span> <span class='ocrx_word' id='word_1_54' title='bbox 850 900 1013 957; x_wconf 83' lang='lat' dir='ltr'><strong>Unde</strong></span> <span class='ocrx_word' id='word_1_55' title='bbox 1042 902 1341 974; x_wconf 82' lang='lat' dir='ltr'><strong>apostolus</strong></span> <span class='ocrx_word' id='word_1_56' title='bbox 1362 903 1710 977; x_wconf 80' lang='lat' dir='ltr'><strong>Paulus,qui</strong></span> <span class='ocrx_word' id='word_1_57' title='bbox 1730 903 1928 977; x_wconf 70' lang='lat' dir='ltr'><strong>gloriae</strong></span> 
     </span>
    </p>
   </div>
   <div class='ocr_carea' id='block_1_10' title="bbox 301 988 1930 1066">
    <p class='ocr_par' dir='ltr' id='par_1_10' title="bbox 301 988 1930 1066">
     <span class='ocr_line' id='line_1_10' title="bbox 301 988 1930 1066; baseline 0.003 -21"><span class='ocrx_word' id='word_1_58' title='bbox 301 989 490 1051; x_wconf 59' lang='lat' dir='ltr'><strong>divinae</strong></span> <span class='ocrx_word' id='word_1_59' title='bbox 551 988 844 1047; x_wconf 80' lang='lat' dir='ltr'><strong>maximus</strong></span> <span class='ocrx_word' id='word_1_60' title='bbox 893 990 1235 1065; x_wconf 59' lang='lat' dir='ltr'><strong>praedicator</strong></span> <span class='ocrx_word' id='word_1_61' title='bbox 1262 998 1407 1062; x_wconf 85' lang='lat' dir='ltr'><strong>erat,</strong></span> <span class='ocrx_word' id='word_1_62' title='bbox 1438 993 1510 1049; x_wconf 87' lang='lat' dir='ltr'><strong>de</strong></span> <span class='ocrx_word' id='word_1_63' title='bbox 1563 1010 1625 1051; x_wconf 89' lang='lat' dir='ltr'><strong>se</strong></span> <span class='ocrx_word' id='word_1_64' title='bbox 1679 992 1930 1066; x_wconf 83' lang='lat' dir='ltr'><strong>aliisque</strong></span> 
     </span>
    </p>
   </div>
   <div class='ocr_carea' id='block_1_11' title="bbox 300 1076 1932 1152">
    <p class='ocr_par' dir='ltr' id='par_1_11' title="bbox 300 1076 1932 1152">
     <span class='ocr_line' id='line_1_11' title="bbox 300 1076 1932 1152; baseline 0.004 -17"><span class='ocrx_word' id='word_1_65' title='bbox 300 1076 560 1152; x_wconf 81' lang='lat' dir='ltr'><strong>apostolis</strong></span> <span class='ocrx_word' id='word_1_66' title='bbox 616 1076 760 1135; x_wconf 88' lang='lat' dir='ltr'><strong>dicit</strong></span> <span class='ocrx_word' id='word_1_67' title='bbox 818 1094 831 1132; x_wconf 91' lang='lat'><strong>:</strong></span> <span class='ocrx_word' id='word_1_68' title='bbox 891 1077 1085 1135; x_wconf 88' lang='lat' dir='ltr'><strong>Nostra</strong></span> <span class='ocrx_word' id='word_1_69' title='bbox 1133 1083 1468 1138; x_wconf 85' lang='lat' dir='ltr'><strong>conversatio</strong></span> <span class='ocrx_word' id='word_1_70' title='bbox 1521 1083 1583 1137; x_wconf 90' lang='lat' dir='ltr'><strong>in</strong></span> <span class='ocrx_word' id='word_1_71' title='bbox 1637 1083 1790 1139; x_wconf 69' lang='lat' dir='ltr'><strong>caelis</strong></span> <span class='ocrx_word' id='word_1_72' title='bbox 1852 1089 1932 1141; x_wconf 83' lang='lat' dir='ltr'><strong>est</strong></span> 
     </span>
    </p>
   </div>
   <div class='ocr_carea' id='block_1_12' title="bbox 302 1165 1928 1245">
    <p class='ocr_par' dir='ltr' id='par_1_12' title="bbox 302 1165 1928 1245">
     <span class='ocr_line' id='line_1_12' title="bbox 302 1165 1928 1245; baseline 0.001 -21"><span class='ocrx_word' id='word_1_73' title='bbox 302 1168 514 1242; x_wconf 80' lang='lat' dir='ltr'><strong>(Philip.</strong></span> <span class='ocrx_word' id='word_1_74' title='bbox 545 1184 631 1245; x_wconf 67' lang='grc' dir='ltr'>ιιι,</span> <span class='ocrx_word' id='word_1_75' title='bbox 662 1166 776 1235; x_wconf 89' lang='grc'>20).</span> <span class='ocrx_word' id='word_1_76' title='bbox 810 1165 1042 1227; x_wconf 82' lang='lat' dir='ltr'>Talium</span> <span class='ocrx_word' id='word_1_77' title='bbox 1072 1184 1209 1242; x_wconf 89' lang='lat' dir='ltr'><strong>ergo</strong></span> <span class='ocrx_word' id='word_1_78' title='bbox 1250 1169 1697 1243; x_wconf 69' lang='lat' dir='ltr'><strong>prtedicatorum</strong></span> <span class='ocrx_word' id='word_1_79' title='bbox 1742 1187 1928 1239; x_wconf 89' lang='lat' dir='ltr'><strong>sonus,</strong></span> 
     </span>
    </p>
   </div>
   <div class='ocr_carea' id='block_1_13' title="bbox 302 1256 1936 1333">
    <p class='ocr_par' dir='ltr' id='par_1_13' title="bbox 302 1256 1936 1333">
     <span class='ocr_line' id='line_1_13' title="bbox 302 1256 1936 1333; baseline 0 -19"><span class='ocrx_word' id='word_1_80' title='bbox 302 1261 358 1314; x_wconf 86' lang='lat' dir='ltr'><strong>ut</strong></span> <span class='ocrx_word' id='word_1_81' title='bbox 384 1257 438 1313; x_wconf 91' lang='lat' dir='ltr'><strong>in</strong></span> <span class='ocrx_word' id='word_1_82' title='bbox 468 1256 735 1329; x_wconf 81' lang='lat' dir='ltr'>ejusdem</span> <span class='ocrx_word' id='word_1_83' title='bbox 766 1256 978 1328; x_wconf 80' lang='lat' dir='ltr'><strong>psalmi</strong></span> <span class='ocrx_word' id='word_1_84' title='bbox 1001 1258 1174 1314; x_wconf 90' lang='lat' dir='ltr'><strong>dictis</strong></span> <span class='ocrx_word' id='word_1_85' title='bbox 1193 1259 1695 1332; x_wconf 84' lang='lat' dir='ltr'>subsequentibus</span> <span class='ocrx_word' id='word_1_86' title='bbox 1724 1260 1936 1333; x_wconf 84' lang='lat' dir='ltr'><strong>reperi-</strong></span> 
     </span>
    </p>
   </div>
   <div class='ocr_carea' id='block_1_14' title="bbox 301 1348 1937 1420">
    <p class='ocr_par' dir='ltr' id='par_1_14' title="bbox 301 1348 1937 1420">
     <span class='ocr_line' id='line_1_14' title="bbox 301 1348 1937 1420; baseline 0.002 -18"><span class='ocrx_word' id='word_1_87' title='bbox 301 1351 403 1412; x_wconf 90' lang='lat' dir='ltr'><strong>tur,</strong></span> <span class='ocrx_word' id='word_1_88' title='bbox 428 1348 485 1402; x_wconf 88' lang='lat' dir='ltr'><strong>in</strong></span> <span class='ocrx_word' id='word_1_89' title='bbox 506 1361 722 1402; x_wconf 85' lang='lat' dir='ltr'><strong>omnem</strong></span> <span class='ocrx_word' id='word_1_90' title='bbox 751 1354 955 1402; x_wconf 84' lang='lat' dir='ltr'><strong>terram</strong></span> <span class='ocrx_word' id='word_1_91' title='bbox 1002 1348 1192 1417; x_wconf 71' lang='lat' dir='ltr'><strong>exivit,</strong></span> <span class='ocrx_word' id='word_1_92' title='bbox 1221 1357 1273 1404; x_wconf 90' lang='lat' dir='ltr'><strong>et</strong></span> <span class='ocrx_word' id='word_1_93' title='bbox 1304 1349 1364 1405; x_wconf 91' lang='lat' dir='ltr'><strong>in</strong></span> <span class='ocrx_word' id='word_1_94' title='bbox 1392 1350 1529 1420; x_wconf 83' lang='lat' dir='ltr'><strong>fines</strong></span> <span class='ocrx_word' id='word_1_95' title='bbox 1575 1350 1723 1406; x_wconf 85' lang='lat' dir='ltr'><strong>orbis</strong></span> <span class='ocrx_word' id='word_1_96' title='bbox 1770 1359 1937 1407; x_wconf 73' lang='lat' dir='ltr'><strong>terrae</strong></span> 
     </span>
    </p>
   </div>
   <div class='ocr_carea' id='block_1_15' title="bbox 304 1436 1938 1513">
    <p class='ocr_par' dir='ltr' id='par_1_15' title="bbox 304 1436 1938 1513">
     <span class='ocr_line' id='line_1_15' title="bbox 304 1436 1938 1513; baseline 0.003 -21"><span class='ocrx_word' id='word_1_97' title='bbox 304 1436 449 1492; x_wconf 81' lang='lat' dir='ltr'><strong>verba</strong></span> <span class='ocrx_word' id='word_1_98' title='bbox 480 1451 675 1493; x_wconf 84' lang='lat' dir='ltr'><strong>eorum</strong></span> <span class='ocrx_word' id='word_1_99' title='bbox 723 1436 893 1508; x_wconf 88' lang='lat' dir='ltr'><strong>(Psal.</strong></span> <span class='ocrx_word' id='word_1_100' title='bbox 944 1453 1105 1507; x_wconf 81' lang='lat' dir='ltr'><strong>xvm,</strong></span> <span class='ocrx_word' id='word_1_101' title='bbox 1154 1438 1230 1510; x_wconf 88' lang='lat'><strong>6).</strong></span> <span class='ocrx_word' id='word_1_102' title='bbox 1276 1437 1320 1493; x_wconf 93' lang='grc' dir='ltr'>Ο</span> <span class='ocrx_word' id='word_1_103' title='bbox 1368 1442 1629 1511; x_wconf 89' lang='lat' dir='ltr'><strong>quantus</strong></span> <span class='ocrx_word' id='word_1_104' title='bbox 1653 1439 1938 1513; x_wconf 85' lang='lat' dir='ltr'><strong>propheta</strong></span> 
     </span>
    </p>
   </div>
   <div class='ocr_carea' id='block_1_16' title="bbox 309 1522 1939 1601">
    <p class='ocr_par' dir='ltr' id='par_1_16' title="bbox 309 1522 1939 1601">
     <span class='ocr_line' id='line_1_16' title="bbox 309 1522 1939 1601; baseline 0.002 -19"><span class='ocrx_word' id='word_1_105' title='bbox 309 1525 404 1582; x_wconf 81' lang='lat' dir='ltr'><strong>fuit</strong></span> <span class='ocrx_word' id='word_1_106' title='bbox 429 1522 864 1596; x_wconf 87' lang='lat' dir='ltr'><strong>Psalmista,qui</strong></span> <span class='ocrx_word' id='word_1_107' title='bbox 886 1541 1032 1596; x_wconf 87' lang='lat' dir='ltr'><strong>pene</strong></span> <span class='ocrx_word' id='word_1_108' title='bbox 1053 1526 1252 1582; x_wconf 85' lang='lat' dir='ltr'><strong>omnia</strong></span> <span class='ocrx_word' id='word_1_109' title='bbox 1273 1543 1402 1599; x_wconf 82' lang='lat' dir='ltr'><strong>quae</strong></span> <span class='ocrx_word' id='word_1_110' title='bbox 1422 1527 1493 1583; x_wconf 88' lang='lat' dir='ltr'><strong>de</strong></span> <span class='ocrx_word' id='word_1_111' title='bbox 1514 1527 1730 1584; x_wconf 84' lang='lat' dir='ltr'><strong>Christi</strong></span> <span class='ocrx_word' id='word_1_112' title='bbox 1753 1527 1939 1601; x_wconf 84' lang='lat' dir='ltr'><strong>gloria</strong></span> 
     </span>
    </p>
   </div>
   <div class='ocr_carea' id='block_1_17' title="bbox 302 1615 1937 1690">
    <p class='ocr_par' dir='ltr' id='par_1_17' title="bbox 302 1615 1937 1690">
     <span class='ocr_line' id='line_1_17' title="bbox 302 1615 1937 1690; baseline 0.001 -20"><span class='ocrx_word' id='word_1_113' title='bbox 302 1618 452 1674; x_wconf 81' lang='lat' dir='ltr'><strong>erant</strong></span> <span class='ocrx_word' id='word_1_114' title='bbox 476 1615 700 1685; x_wconf 88' lang='lat' dir='ltr'><strong>futura,</strong></span> <span class='ocrx_word' id='word_1_115' title='bbox 733 1630 980 1687; x_wconf 67' lang='lat' dir='ltr'><strong>quaeque</strong></span> <span class='ocrx_word' id='word_1_116' title='bbox 1011 1615 1069 1670; x_wconf 92' lang='lat' dir='ltr'><strong>in</strong></span> <span class='ocrx_word' id='word_1_117' title='bbox 1101 1619 1306 1673; x_wconf 82' lang='lat' dir='ltr'><strong>sancta</strong></span> <span class='ocrx_word' id='word_1_118' title='bbox 1336 1616 1594 1673; x_wconf 83' lang='lat' dir='ltr'><strong>Ecclesia</strong></span> <span class='ocrx_word' id='word_1_119' title='bbox 1621 1621 1787 1675; x_wconf 85' lang='lat' dir='ltr'><strong>erant</strong></span> <span class='ocrx_word' id='word_1_120' title='bbox 1833 1633 1937 1690; x_wconf 86' lang='lat' dir='ltr'><strong>ge-</strong></span> 
     </span>
    </p>
   </div>
   <div class='ocr_carea' id='block_1_18' title="bbox 292 1702 1936 1779">
    <p class='ocr_par' dir='ltr' id='par_1_18' title="bbox 292 1702 1936 1779">
     <span class='ocr_line' id='line_1_18' title="bbox 292 1702 1936 1779; baseline 0.001 -20"><span class='ocrx_word' id='word_1_121' title='bbox 292 1703 489 1770; x_wconf 85' lang='lat' dir='ltr'><strong>renda,</strong></span> <span class='ocrx_word' id='word_1_122' title='bbox 535 1702 705 1775; x_wconf 88' lang='lat' dir='ltr'><strong>quasi</strong></span> <span class='ocrx_word' id='word_1_123' title='bbox 749 1703 879 1774; x_wconf 85' lang='lat' dir='ltr'><strong>jam</strong></span> <span class='ocrx_word' id='word_1_124' title='bbox 936 1704 1226 1775; x_wconf 62' lang='lat' dir='ltr'><strong>praeterita</strong></span> <span class='ocrx_word' id='word_1_125' title='bbox 1282 1704 1661 1778; x_wconf 82' lang='lat' dir='ltr'><strong>pronuntiare</strong></span> <span class='ocrx_word' id='word_1_126' title='bbox 1712 1705 1936 1779; x_wconf 86' lang='lat' dir='ltr'><strong>potuit!</strong></span> 
     </span>
    </p>
   </div>
   <div class='ocr_carea' id='block_1_19' title="bbox 300 1792 1940 1869">
    <p class='ocr_par' dir='ltr' id='par_1_19' title="bbox 300 1792 1940 1869">
     <span class='ocr_line' id='line_1_19' title="bbox 300 1792 1940 1869; baseline 0.002 -20"><span class='ocrx_word' id='word_1_127' title='bbox 300 1793 695 1865; x_wconf 80' lang='lat' dir='ltr'><strong>Ideoque,quae</strong></span> <span class='ocrx_word' id='word_1_128' title='bbox 710 1792 782 1848; x_wconf 92' lang='lat' dir='ltr'><strong>de</strong></span> <span class='ocrx_word' id='word_1_129' title='bbox 802 1793 1286 1866; x_wconf 65' lang='lat' dir='ltr'><strong>praedicatoribus</strong></span> <span class='ocrx_word' id='word_1_130' title='bbox 1304 1794 1517 1851; x_wconf 88' lang='lat' dir='ltr'><strong>Christi</strong></span> <span class='ocrx_word' id='word_1_131' title='bbox 1540 1795 1802 1869; x_wconf 81' lang='lat' dir='ltr'><strong>praedixit</strong></span> <span class='ocrx_word' id='word_1_132' title='bbox 1812 1797 1940 1868; x_wconf 87' lang='lat' dir='ltr'><strong>jam</strong></span> 
     </span>
    </p>
   </div>
   <div class='ocr_carea' id='block_1_20' title="bbox 299 1881 1945 1955">
    <p class='ocr_par' dir='ltr' id='par_1_20' title="bbox 299 1881 1945 1955">
     <span class='ocr_line' id='line_1_20' title="bbox 299 1881 1945 1955; baseline 0.003 -19"><span class='ocrx_word' id='word_1_133' title='bbox 299 1881 457 1955; x_wconf 86' lang='lat' dir='ltr'><strong>quasi</strong></span> <span class='ocrx_word' id='word_1_134' title='bbox 486 1881 782 1954; x_wconf 64' lang='lat' dir='ltr'><strong>praeterita</strong></span> <span class='ocrx_word' id='word_1_135' title='bbox 810 1881 1333 1955; x_wconf 88' lang='lat' dir='ltr'><strong>enarravit,dicens</strong></span> <span class='ocrx_word' id='word_1_136' title='bbox 1365 1902 1379 1940; x_wconf 89' lang='lat'>:</span> <span class='ocrx_word' id='word_1_137' title='bbox 1410 1888 1477 1939; x_wconf 83' lang='lat' dir='ltr'><strong>1n</strong></span> <span class='ocrx_word' id='word_1_138' title='bbox 1500 1900 1714 1941; x_wconf 86' lang='lat' dir='ltr'><strong>omnem</strong></span> <span class='ocrx_word' id='word_1_139' title='bbox 1728 1888 1945 1941; x_wconf 82' lang='lat' dir='ltr'><strong>terram</strong></span> 
     </span>
    </p>
   </div>
   <div class='ocr_carea' id='block_1_21' title="bbox 297 1972 1940 2043">
    <p class='ocr_par' dir='ltr' id='par_1_21' title="bbox 297 1972 1940 2043">
     <span class='ocr_line' id='line_1_21' title="bbox 297 1972 1940 2043; baseline 0.001 -15"><span class='ocrx_word' id='word_1_140' title='bbox 297 1973 456 2028; x_wconf 73' lang='lat' dir='ltr'><strong>exivit</strong></span> <span class='ocrx_word' id='word_1_141' title='bbox 482 1987 648 2027; x_wconf 80' lang='lat' dir='ltr'><strong>sonus</strong></span> <span class='ocrx_word' id='word_1_142' title='bbox 674 1974 943 2038; x_wconf 85' lang='lat' dir='ltr'><strong>eorum,et</strong></span> <span class='ocrx_word' id='word_1_143' title='bbox 968 1972 1027 2026; x_wconf 88' lang='lat' dir='ltr'><strong>in</strong></span> <span class='ocrx_word' id='word_1_144' title='bbox 1046 1972 1185 2043; x_wconf 81' lang='lat' dir='ltr'><strong>ﬁnes</strong></span> <span class='ocrx_word' id='word_1_145' title='bbox 1204 1973 1349 2029; x_wconf 85' lang='lat' dir='ltr'><strong>orbis</strong></span> <span class='ocrx_word' id='word_1_146' title='bbox 1366 1976 1528 2030; x_wconf 77' lang='lat' dir='ltr'><strong>terrae</strong></span> <span class='ocrx_word' id='word_1_147' title='bbox 1545 1974 1707 2030; x_wconf 86' lang='lat' dir='ltr'><strong>verba</strong></span> <span class='ocrx_word' id='word_1_148' title='bbox 1728 1990 1940 2032; x_wconf 86' lang='lat' dir='ltr'><strong>eorum.</strong></span> 
     </span>
    </p>
   </div>
   <div class='ocr_carea' id='block_1_22' title="bbox 362 2059 1943 2135">
    <p class='ocr_par' dir='ltr' id='par_1_22' title="bbox 362 2059 1943 2135">
     <span class='ocr_line' id='line_1_22' title="bbox 362 2059 1943 2135; baseline 0.003 -20"><span class='ocrx_word' id='word_1_149' title='bbox 362 2059 625 2117; x_wconf 78' lang='lat' dir='ltr'><strong>Audistis</strong></span> <span class='ocrx_word' id='word_1_150' title='bbox 663 2060 882 2132; x_wconf 84' lang='lat' dir='ltr'><strong>itaque,</strong></span> <span class='ocrx_word' id='word_1_151' title='bbox 917 2060 1125 2116; x_wconf 80' lang='lat' dir='ltr'><strong>fratres</strong></span> <span class='ocrx_word' id='word_1_152' title='bbox 1154 2061 1512 2129; x_wconf 88' lang='lat' dir='ltr'><strong>charissimi,</strong></span> <span class='ocrx_word' id='word_1_153' title='bbox 1562 2061 1767 2135; x_wconf 81' lang='lat' dir='ltr'>quales</span> <span class='ocrx_word' id='word_1_154' title='bbox 1814 2074 1943 2120; x_wconf 84' lang='lat' dir='ltr'><strong>esse</strong></span> 
     </span>
    </p>
   </div>
   <div class='ocr_carea' id='block_1_23' title="bbox 296 2149 1944 2222">
    <p class='ocr_par' dir='ltr' id='par_1_23' title="bbox 296 2149 1944 2222">
     <span class='ocr_line' id='line_1_23' title="bbox 296 2149 1944 2222; baseline 0 -13"><span class='ocrx_word' id='word_1_155' title='bbox 296 2151 533 2209; x_wconf 82' lang='lat' dir='ltr'><strong>debeant</strong></span> <span class='ocrx_word' id='word_1_156' title='bbox 563 2150 665 2222; x_wconf 90' lang='lat' dir='ltr'>qui</span> <span class='ocrx_word' id='word_1_157' title='bbox 691 2149 942 2222; x_wconf 83' lang='lat' dir='ltr'><strong>gloriam</strong></span> <span class='ocrx_word' id='word_1_158' title='bbox 974 2149 1071 2207; x_wconf 87' lang='lat' dir='ltr'><strong>Dei</strong></span> <span class='ocrx_word' id='word_1_159' title='bbox 1103 2167 1374 2208; x_wconf 86' lang='lat' dir='ltr'><strong>enarrare</strong></span> <span class='ocrx_word' id='word_1_160' title='bbox 1422 2151 1781 2209; x_wconf 88' lang='lat' dir='ltr'><strong>desiderant.</strong></span> <span class='ocrx_word' id='word_1_161' title='bbox 1824 2155 1944 2209; x_wconf 90' lang='lat' dir='ltr'><strong>Au-</strong></span> 
     </span>
    </p>
   </div>
   <div class='ocr_carea' id='block_1_24' title="bbox 294 2238 1943 2314">
    <p class='ocr_par' dir='ltr' id='par_1_24' title="bbox 294 2238 1943 2314">
     <span class='ocr_line' id='line_1_24' title="bbox 294 2238 1943 2314; baseline 0.001 -19"><span class='ocrx_word' id='word_1_162' title='bbox 294 2240 405 2296; x_wconf 84' lang='lat' dir='ltr'><strong>dite</strong></span> <span class='ocrx_word' id='word_1_163' title='bbox 430 2238 607 2296; x_wconf 89' lang='lat' dir='ltr'><strong>etiam</strong></span> <span class='ocrx_word' id='word_1_164' title='bbox 640 2238 784 2311; x_wconf 89' lang='lat' dir='ltr'>quid</span> <span class='ocrx_word' id='word_1_165' title='bbox 817 2242 1057 2295; x_wconf 86' lang='lat' dir='ltr'><strong>sanctus</strong></span> <span class='ocrx_word' id='word_1_166' title='bbox 1086 2238 1402 2297; x_wconf 87' lang='lat' dir='ltr'><strong>Psalmista</strong></span> <span class='ocrx_word' id='word_1_167' title='bbox 1429 2240 1588 2297; x_wconf 84' lang='lat' dir='ltr'><strong>dicat</strong></span> <span class='ocrx_word' id='word_1_168' title='bbox 1624 2241 1695 2296; x_wconf 92' lang='lat' dir='ltr'><strong>de</strong></span> <span class='ocrx_word' id='word_1_169' title='bbox 1726 2240 1818 2296; x_wconf 89' lang='lat' dir='ltr'><strong>his</strong></span> <span class='ocrx_word' id='word_1_170' title='bbox 1840 2242 1943 2314; x_wconf 90' lang='lat' dir='ltr'>qui</span> 
     </span>
    </p>
   </div>
   <div class='ocr_carea' id='block_1_25' title="bbox 291 2326 1941 2401">
    <p class='ocr_par' dir='ltr' id='par_1_25' title="bbox 291 2326 1941 2401">
     <span class='ocr_line' id='line_1_25' title="bbox 291 2326 1941 2401; baseline 0.001 -17"><span class='ocrx_word' id='word_1_171' title='bbox 291 2328 357 2384; x_wconf 86' lang='lat' dir='ltr'><strong>ad</strong></span> <span class='ocrx_word' id='word_1_172' title='bbox 389 2327 721 2401; x_wconf 79' lang='lat' dir='ltr'><strong>peragenda</strong></span> <span class='ocrx_word' id='word_1_173' title='bbox 741 2326 951 2383; x_wconf 62' lang='lat' dir='ltr'><strong>divinae</strong></span> <span class='ocrx_word' id='word_1_174' title='bbox 971 2326 1165 2384; x_wconf 82' lang='lat' dir='ltr'><strong>laudis</strong></span> <span class='ocrx_word' id='word_1_175' title='bbox 1183 2328 1376 2385; x_wconf 82' lang='lat' dir='ltr'><strong>ofﬁcia</strong></span> <span class='ocrx_word' id='word_1_176' title='bbox 1391 2329 1692 2385; x_wconf 83' lang='lat' dir='ltr'><strong>constituti</strong></span> <span class='ocrx_word' id='word_1_177' title='bbox 1715 2338 1857 2385; x_wconf 90' lang='lat' dir='ltr'><strong>sunt</strong></span> <span class='ocrx_word' id='word_1_178' title='bbox 1880 2330 1941 2387; x_wconf 88' lang='lat' dir='ltr'><strong>in</strong></span> 
     </span>
    </p>
   </div>
   <div class='ocr_carea' id='block_1_26' title="bbox 289 2415 1941 2493">
    <p class='ocr_par' dir='ltr' id='par_1_26' title="bbox 289 2415 1941 2493">
     <span class='ocr_line' id='line_1_26' title="bbox 289 2415 1941 2493; baseline 0.001 -20"><span class='ocrx_word' id='word_1_179' title='bbox 289 2415 558 2474; x_wconf 84' lang='lat' dir='ltr'><strong>Ecclesia.</strong></span> <span class='ocrx_word' id='word_1_180' title='bbox 592 2416 947 2481; x_wconf 88' lang='lat' dir='ltr'><strong>Pronuntiat</strong></span> <span class='ocrx_word' id='word_1_181' title='bbox 979 2433 1233 2493; x_wconf 88' lang='lat' dir='ltr'><strong>namque</strong></span> <span class='ocrx_word' id='word_1_182' title='bbox 1264 2418 1334 2473; x_wconf 93' lang='lat' dir='ltr'><strong>de</strong></span> <span class='ocrx_word' id='word_1_183' title='bbox 1364 2416 1478 2488; x_wconf 90' lang='lat' dir='ltr'><strong>his,</strong></span> <span class='ocrx_word' id='word_1_184' title='bbox 1510 2417 1712 2474; x_wconf 89' lang='lat' dir='ltr'><strong>dicens</strong></span> <span class='ocrx_word' id='word_1_185' title='bbox 1758 2435 1771 2474; x_wconf 90' lang='lat'><strong>:</strong></span> <span class='ocrx_word' id='word_1_186' title='bbox 1822 2420 1941 2475; x_wconf 88' lang='lat' dir='ltr'><strong>Non</strong></span> 
     </span>
    </p>
   </div>
   <div class='ocr_carea' id='block_1_27' title="bbox 284 2505 1941 2580">
    <p class='ocr_par' dir='ltr' id='par_1_27' title="bbox 284 2505 1941 2580">
     <span class='ocr_line' id='line_1_27' title="bbox 284 2505 1941 2580; baseline 0.001 -19"><span class='ocrx_word' id='word_1_187' title='bbox 284 2507 492 2562; x_wconf 78' lang='lat' dir='ltr'><strong>mortui</strong></span> <span class='ocrx_word' id='word_1_188' title='bbox 520 2505 830 2562; x_wconf 84' lang='lat' dir='ltr'><strong>laudabunt</strong></span> <span class='ocrx_word' id='word_1_189' title='bbox 858 2508 930 2572; x_wconf 88' lang='lat' dir='ltr'><strong>te,</strong></span> <span class='ocrx_word' id='word_1_190' title='bbox 966 2505 1215 2576; x_wconf 75' lang='lat' dir='ltr'><strong>Domine,</strong></span> <span class='ocrx_word' id='word_1_191' title='bbox 1259 2522 1433 2578; x_wconf 89' lang='lat' dir='ltr'><strong>neque</strong></span> <span class='ocrx_word' id='word_1_192' title='bbox 1477 2522 1662 2563; x_wconf 89' lang='lat' dir='ltr'><strong>omnes</strong></span> <span class='ocrx_word' id='word_1_193' title='bbox 1709 2509 1806 2580; x_wconf 97' lang='lat' dir='ltr'>qui</span> <span class='ocrx_word' id='word_1_194' title='bbox 1848 2507 1941 2563; x_wconf 87' lang='lat' dir='ltr'><strong>de-</strong></span> 
     </span>
    </p>
   </div>
   <div class='ocr_carea' id='block_1_28' title="bbox 290 2593 1943 2666">
    <p class='ocr_par' dir='ltr' id='par_1_28' title="bbox 290 2593 1943 2666">
     <span class='ocr_line' id='line_1_28' title="bbox 290 2593 1943 2666; baseline 0.001 -15"><span class='ocrx_word' id='word_1_195' title='bbox 290 2594 542 2655; x_wconf 79' lang='lat' dir='ltr'><strong>scendant</strong></span> <span class='ocrx_word' id='word_1_196' title='bbox 582 2596 643 2649; x_wconf 90' lang='lat' dir='ltr'><strong>in</strong></span> <span class='ocrx_word' id='word_1_197' title='bbox 676 2595 982 2659; x_wconf 74' lang='lat' dir='ltr'><strong>infemum.</strong></span> <span class='ocrx_word' id='word_1_198' title='bbox 1017 2593 1121 2649; x_wconf 87' lang='lat' dir='ltr'><strong>Sed</strong></span> <span class='ocrx_word' id='word_1_199' title='bbox 1149 2609 1263 2665; x_wconf 89' lang='lat' dir='ltr'><strong>nos,</strong></span> <span class='ocrx_word' id='word_1_200' title='bbox 1286 2596 1384 2666; x_wconf 89' lang='lat' dir='ltr'><strong>qui</strong></span> <span class='ocrx_word' id='word_1_201' title='bbox 1402 2596 1943 2664; x_wconf 83' lang='lat' dir='ltr'><strong>vivimus,benedici-</strong></span> 
     </span>
    </p>
   </div>
   <div class='ocr_carea' id='block_1_29' title="bbox 290 2682 1939 2757">
    <p class='ocr_par' dir='ltr' id='par_1_29' title="bbox 290 2682 1939 2757">
     <span class='ocr_line' id='line_1_29' title="bbox 290 2682 1939 2757; baseline 0.001 -18"><span class='ocrx_word' id='word_1_202' title='bbox 290 2700 402 2739; x_wconf 87' lang='lat' dir='ltr'><strong>mus</strong></span> <span class='ocrx_word' id='word_1_203' title='bbox 435 2684 667 2739; x_wconf 84' lang='lat' dir='ltr'><strong>Domino</strong></span> <span class='ocrx_word' id='word_1_204' title='bbox 695 2698 767 2738; x_wconf 74' lang='lat' dir='ltr'><strong>ex</strong></span> <span class='ocrx_word' id='word_1_205' title='bbox 795 2682 894 2738; x_wconf 86' lang='lat' dir='ltr'><strong>hoc</strong></span> <span class='ocrx_word' id='word_1_206' title='bbox 922 2700 1067 2739; x_wconf 88' lang='lat' dir='ltr'><strong>nunc</strong></span> <span class='ocrx_word' id='word_1_207' title='bbox 1095 2690 1147 2740; x_wconf 83' lang='lat' dir='ltr'><strong>et</strong></span> <span class='ocrx_word' id='word_1_208' title='bbox 1171 2700 1341 2755; x_wconf 88' lang='lat' dir='ltr'><strong>usque</strong></span> <span class='ocrx_word' id='word_1_209' title='bbox 1369 2686 1430 2739; x_wconf 87' lang='lat' dir='ltr'><strong>in</strong></span> <span class='ocrx_word' id='word_1_210' title='bbox 1454 2686 1724 2742; x_wconf 74' lang='lat' dir='ltr'><strong>saeculum</strong></span> <span class='ocrx_word' id='word_1_211' title='bbox 1765 2685 1939 2757; x_wconf 89' lang='lat' dir='ltr'><strong>(Psat.</strong></span> 
     </span>
    </p>
   </div>
   <div class='ocr_carea' id='block_1_30' title="bbox 288 2770 1941 2849">
    <p class='ocr_par' dir='ltr' id='par_1_30' title="bbox 288 2770 1941 2849">
     <span class='ocr_line' id='line_1_30' title="bbox 288 2770 1941 2849; baseline 0.001 -20"><span class='ocrx_word' id='word_1_212' title='bbox 288 2790 439 2844; x_wconf 78' lang='lat' dir='ltr'><strong>cxm,</strong></span> <span class='ocrx_word' id='word_1_213' title='bbox 474 2772 587 2843; x_wconf 82' lang='lat'><strong>17).</strong></span> <span class='ocrx_word' id='word_1_214' title='bbox 626 2770 734 2847; x_wconf 85' lang='lat' dir='ltr'><strong>Ubi</strong></span> <span class='ocrx_word' id='word_1_215' title='bbox 767 2771 1061 2845; x_wconf 86' lang='lat' dir='ltr'><strong>imprimis</strong></span> <span class='ocrx_word' id='word_1_216' title='bbox 1111 2774 1436 2849; x_wconf 83' lang='lat' dir='ltr'><strong>notandum</strong></span> <span class='ocrx_word' id='word_1_217' title='bbox 1480 2790 1629 2846; x_wconf 91' lang='lat' dir='ltr'><strong>quos</strong></span> <span class='ocrx_word' id='word_1_218' title='bbox 1679 2780 1941 2831; x_wconf 87' lang='lat' dir='ltr'><strong>mortuos</strong></span> 
     </span>
    </p>
   </div>
   <div class='ocr_carea' id='block_1_31' title="bbox 293 2860 1942 2936">
    <p class='ocr_par' dir='ltr' id='par_1_31' title="bbox 293 2860 1942 2936">
     <span class='ocr_line' id='line_1_31' title="bbox 293 2860 1942 2936; baseline 0.001 -18"><span class='ocrx_word' id='word_1_219' title='bbox 293 2862 371 2919; x_wconf 86' lang='lat' dir='ltr'><strong>vel</strong></span> <span class='ocrx_word' id='word_1_220' title='bbox 402 2877 558 2935; x_wconf 87' lang='lat' dir='ltr'><strong>quos</strong></span> <span class='ocrx_word' id='word_1_221' title='bbox 590 2861 753 2917; x_wconf 88' lang='lat' dir='ltr'><strong>vivos</strong></span> <span class='ocrx_word' id='word_1_222' title='bbox 778 2860 1113 2934; x_wconf 87' lang='lat' dir='ltr'><strong>appellet.Si</strong></span> <span class='ocrx_word' id='word_1_223' title='bbox 1138 2862 1293 2918; x_wconf 85' lang='lat' dir='ltr'><strong>enim</strong></span> <span class='ocrx_word' id='word_1_224' title='bbox 1312 2862 1383 2918; x_wconf 90' lang='lat' dir='ltr'><strong>de</strong></span> <span class='ocrx_word' id='word_1_225' title='bbox 1404 2861 1495 2919; x_wconf 91' lang='lat' dir='ltr'><strong>his</strong></span> <span class='ocrx_word' id='word_1_226' title='bbox 1517 2879 1666 2935; x_wconf 89' lang='lat' dir='ltr'>quos</span> <span class='ocrx_word' id='word_1_227' title='bbox 1686 2863 1942 2936; x_wconf 88' lang='lat' dir='ltr'><strong>vulgaris</strong></span> 
     </span>
    </p>
   </div>
   <div class='ocr_carea' id='block_1_32' title="bbox 294 2948 1942 3024">
    <p class='ocr_par' dir='ltr' id='par_1_32' title="bbox 294 2948 1942 3024">
     <span class='ocr_line' id='line_1_32' title="bbox 294 2948 1942 3024; baseline 0.001 -16"><span class='ocrx_word' id='word_1_228' title='bbox 294 2968 430 3008; x_wconf 88' lang='lat' dir='ltr'><strong>usus</strong></span> <span class='ocrx_word' id='word_1_229' title='bbox 444 2949 711 3023; x_wconf 86' lang='lat' dir='ltr'><strong>appellat</strong></span> <span class='ocrx_word' id='word_1_230' title='bbox 729 2954 991 3006; x_wconf 82' lang='lat' dir='ltr'><strong>mortuos</strong></span> <span class='ocrx_word' id='word_1_231' title='bbox 1008 2948 1672 3019; x_wconf 79' lang='lat' dir='ltr'><strong>taliadixisset,ridiculu</strong></span> <span class='ocrx_word' id='word_1_232' title='bbox 1684 2968 1737 3007; x_wconf 90' lang='lat' dir='ltr'><strong>m</strong></span> <span class='ocrx_word' id='word_1_233' title='bbox 1755 2952 1942 3024; x_wconf 87' lang='lat' dir='ltr'><strong>magis</strong></span> 
     </span>
    </p>
   </div>
   <div class='ocr_carea' id='block_1_33' title="bbox 297 3030 1938 3113">
    <p class='ocr_par' dir='ltr' id='par_1_33' title="bbox 297 3030 1938 3113">
     <span class='ocr_line' id='line_1_33' title="bbox 297 3030 1938 3113; baseline 0 -17"><span class='ocrx_word' id='word_1_234' title='bbox 297 3030 903 3113; x_wconf 22' lang='lat' dir='ltr'><strong>quam-rationabilem</strong></span> <span class='ocrx_word' id='word_1_235' title='bbox 933 3038 1284 3097; x_wconf 85' lang='lat' dir='ltr'><strong>sententiam</strong></span> <span class='ocrx_word' id='word_1_236' title='bbox 1323 3041 1577 3113; x_wconf 79' lang='lat' dir='ltr'><strong>proferre</strong></span> <span class='ocrx_word' id='word_1_237' title='bbox 1604 3040 1899 3096; x_wconf 88' lang='lat' dir='ltr'><strong>videretur</strong></span> <span class='ocrx_word' id='word_1_238' title='bbox 1924 3059 1938 3112; x_wconf 91' lang='lat'><strong>;</strong></span> 
     </span>
    </p>
   </div>
   <div class='ocr_carea' id='block_1_34' title="bbox 281 3126 1939 3202">
    <p class='ocr_par' dir='ltr' id='par_1_34' title="bbox 281 3126 1939 3202">
     <span class='ocr_line' id='line_1_34' title="bbox 281 3126 1939 3202; baseline 0 -18"><span class='ocrx_word' id='word_1_239' title='bbox 281 3129 427 3202; x_wconf 80' lang='lat' dir='ltr'><strong>quod</strong></span> <span class='ocrx_word' id='word_1_240' title='bbox 457 3129 535 3183; x_wconf 89' lang='lat' dir='ltr'><strong>de</strong></span> <span class='ocrx_word' id='word_1_241' title='bbox 562 3126 688 3183; x_wconf 86' lang='lat' dir='ltr'><strong>viro</strong></span> <span class='ocrx_word' id='word_1_242' title='bbox 722 3126 826 3183; x_wconf 87' lang='lat' dir='ltr'><strong>tali</strong></span> <span class='ocrx_word' id='word_1_243' title='bbox 868 3126 1110 3183; x_wconf 86' lang='lat' dir='ltr'><strong>minime</strong></span> <span class='ocrx_word' id='word_1_244' title='bbox 1159 3133 1386 3200; x_wconf 89' lang='lat' dir='ltr'><strong>oportet</strong></span> <span class='ocrx_word' id='word_1_245' title='bbox 1434 3129 1614 3185; x_wconf 82' lang='lat' dir='ltr'><strong>credi.</strong></span> <span class='ocrx_word' id='word_1_246' title='bbox 1668 3129 1780 3185; x_wconf 89' lang='lat' dir='ltr'><strong>Sed</strong></span> <span class='ocrx_word' id='word_1_247' title='bbox 1829 3129 1939 3186; x_wconf 89' lang='lat' dir='ltr'><strong>hoc</strong></span> 
     </span>
    </p>
   </div>
   <div class='ocr_carea' id='block_1_35' title="bbox 2036 548 3682 623">
    <p class='ocr_par' dir='ltr' id='par_1_35' title="bbox 2036 548 3682 623">
     <span class='ocr_line' id='line_1_35' title="bbox 2036 548 3682 623; baseline 0.004 -20"><span class='ocrx_word' id='word_1_248' title='bbox 2036 553 2233 605; x_wconf 88' lang='lat' dir='ltr'><strong>ventes</strong></span> <span class='ocrx_word' id='word_1_249' title='bbox 2265 548 2534 621; x_wconf 85' lang='lat' dir='ltr'><strong>appellet,</strong></span> <span class='ocrx_word' id='word_1_250' title='bbox 2567 550 2768 606; x_wconf 90' lang='lat' dir='ltr'><strong>dicens</strong></span> <span class='ocrx_word' id='word_1_251' title='bbox 2803 568 2815 606; x_wconf 90' lang='lat'>:</span> <span class='ocrx_word' id='word_1_252' title='bbox 2846 552 2962 608; x_wconf 86' lang='lat' dir='ltr'><strong>Non</strong></span> <span class='ocrx_word' id='word_1_253' title='bbox 3009 555 3217 609; x_wconf 82' lang='lat' dir='ltr'><strong>mortui</strong></span> <span class='ocrx_word' id='word_1_254' title='bbox 3261 552 3563 609; x_wconf 86' lang='lat' dir='ltr'><strong>laudabunt</strong></span> <span class='ocrx_word' id='word_1_255' title='bbox 3608 561 3682 623; x_wconf 76' lang='lat' dir='ltr'><strong>te,</strong></span> 
     </span>
    </p>
   </div>
   <div class='ocr_carea' id='block_1_36' title="bbox 2038 639 3799 716">
    <p class='ocr_par' dir='ltr' id='par_1_36' title="bbox 2038 639 3799 716">
     <span class='ocr_line' id='line_1_36' title="bbox 2038 639 3799 716; baseline 0.003 -23"><span class='ocrx_word' id='word_1_256' title='bbox 2038 639 2283 706; x_wconf 87' lang='lat' dir='ltr'><strong>Domine,</strong></span> <span class='ocrx_word' id='word_1_257' title='bbox 2314 654 2485 710; x_wconf 83' lang='lat' dir='ltr'><strong>neque</strong></span> <span class='ocrx_word' id='word_1_258' title='bbox 2512 655 2699 701; x_wconf 80' lang='lat' dir='ltr'><strong>omnes</strong></span> <span class='ocrx_word' id='word_1_259' title='bbox 2723 642 2821 710; x_wconf 89' lang='lat' dir='ltr'><strong>qui</strong></span> <span class='ocrx_word' id='word_1_260' title='bbox 2839 640 3165 698; x_wconf 87' lang='lat' dir='ltr'><strong>descendunt</strong></span> <span class='ocrx_word' id='word_1_261' title='bbox 3186 644 3246 699; x_wconf 87' lang='lat' dir='ltr'><strong>in</strong></span> <span class='ocrx_word' id='word_1_262' title='bbox 3264 644 3568 716; x_wconf 75' lang='lat' dir='ltr'><strong>infernum;</strong></span> <span class='ocrx_word' id='word_1_263' title='bbox 3589 642 3684 698; x_wconf 78' lang='lat' dir='ltr'><strong>sed</strong></span> <span class='ocrx_word' id='word_1_264' title='bbox 3784 650 3799 661; x_wconf 82' lang='lat'><strong>‘</strong></span> 
     </span>
    </p>
   </div>
   <div class='ocr_carea' id='block_1_37' title="bbox 2038 728 3689 799">
    <p class='ocr_par' dir='ltr' id='par_1_37' title="bbox 2038 728 3689 799">
     <span class='ocr_line' id='line_1_37' title="bbox 2038 728 3689 799; baseline 0.003 -14"><span class='ocrx_word' id='word_1_265' title='bbox 2038 743 2156 792; x_wconf 88' lang='lat' dir='ltr'><strong>nos,</strong></span> <span class='ocrx_word' id='word_1_266' title='bbox 2189 728 2285 798; x_wconf 91' lang='lat' dir='ltr'><strong>qui</strong></span> <span class='ocrx_word' id='word_1_267' title='bbox 2311 728 2567 799; x_wconf 78' lang='lat' dir='ltr'><strong>vivimus,</strong></span> <span class='ocrx_word' id='word_1_268' title='bbox 2602 728 2970 786; x_wconf 86' lang='lat' dir='ltr'><strong>benedicimus</strong></span> <span class='ocrx_word' id='word_1_269' title='bbox 3000 733 3231 788; x_wconf 88' lang='lat' dir='ltr'><strong>Domino</strong></span> <span class='ocrx_word' id='word_1_270' title='bbox 3252 749 3322 788; x_wconf 75' lang='lat' dir='ltr'><strong>ea:</strong></span> <span class='ocrx_word' id='word_1_271' title='bbox 3340 734 3437 790; x_wconf 82' lang='lat' dir='ltr'><strong>hoc</strong></span> <span class='ocrx_word' id='word_1_272' title='bbox 3456 749 3609 791; x_wconf 83' lang='lat' dir='ltr'><strong>nunc</strong></span> <span class='ocrx_word' id='word_1_273' title='bbox 3630 741 3689 790; x_wconf 77' lang='lat' dir='ltr'><strong>et</strong></span> 
     </span>
    </p>
   </div>
   <div class='ocr_carea' id='block_1_38' title="bbox 2038 816 3683 889">
    <p class='ocr_par' dir='ltr' id='par_1_38' title="bbox 2038 816 3683 889">
     <span class='ocr_line' id='line_1_38' title="bbox 2038 816 3683 889; baseline 0.006 -18"><span class='ocrx_word' id='word_1_274' title='bbox 2038 832 2207 887; x_wconf 84' lang='lat' dir='ltr'><strong>usque</strong></span> <span class='ocrx_word' id='word_1_275' title='bbox 2238 819 2293 871; x_wconf 89' lang='lat' dir='ltr'><strong>in</strong></span> <span class='ocrx_word' id='word_1_276' title='bbox 2325 817 2592 874; x_wconf 70' lang='lat' dir='ltr'><strong>saeculum</strong></span> <span class='ocrx_word' id='word_1_277' title='bbox 2612 816 2788 888; x_wconf 85' lang='lat' dir='ltr'><strong>(Psat.</strong></span> <span class='ocrx_word' id='word_1_278' title='bbox 2815 834 2971 886; x_wconf 76' lang='lat' dir='ltr'><strong>exul,</strong></span> <span class='ocrx_word' id='word_1_279' title='bbox 3006 819 3094 887; x_wconf 87' lang='grc'><strong>17,</strong></span> <span class='ocrx_word' id='word_1_280' title='bbox 3127 821 3237 889; x_wconf 92' lang='grc'>18).</span> <span class='ocrx_word' id='word_1_281' title='bbox 3269 821 3683 889; x_wconf 73' lang='lat' dir='ltr'><strong>Quamobrem,</strong></span> 
     </span>
    </p>
   </div>
   <div class='ocr_carea' id='block_1_39' title="bbox 2039 902 3687 983">
    <p class='ocr_par' dir='ltr' id='par_1_39' title="bbox 2039 902 3687 983">
     <span class='ocr_line' id='line_1_39' title="bbox 2039 902 3687 983; baseline 0.005 -25"><span class='ocrx_word' id='word_1_282' title='bbox 2039 902 2089 958; x_wconf 88' lang='lat' dir='ltr'><strong>si</strong></span> <span class='ocrx_word' id='word_1_283' title='bbox 2120 902 2304 959; x_wconf 84' lang='lat' dir='ltr'><strong>Deum</strong></span> <span class='ocrx_word' id='word_1_284' title='bbox 2336 904 2575 962; x_wconf 89' lang='lat' dir='ltr'><strong>laudare</strong></span> <span class='ocrx_word' id='word_1_285' title='bbox 2605 905 2873 974; x_wconf 86' lang='lat' dir='ltr'><strong>velimus,</strong></span> <span class='ocrx_word' id='word_1_286' title='bbox 2896 906 3043 965; x_wconf 81' lang='lat' dir='ltr'><strong>tales</strong></span> <span class='ocrx_word' id='word_1_287' title='bbox 3076 908 3199 965; x_wconf 84' lang='lat' dir='ltr'><strong>ﬁeri</strong></span> <span class='ocrx_word' id='word_1_288' title='bbox 3230 910 3593 983; x_wconf 82' lang='lat' dir='ltr'><strong>studeamus,</strong></span> <span class='ocrx_word' id='word_1_289' title='bbox 3616 914 3687 967; x_wconf 71' lang='lat' dir='ltr'><strong>uit</strong></span> 
     </span>
    </p>
   </div>
   <div class='ocr_carea' id='block_1_40' title="bbox 2040 991 3147 1065">
    <p class='ocr_par' dir='ltr' id='par_1_40' title="bbox 2040 991 3147 1065">
     <span class='ocr_line' id='line_1_40' title="bbox 2040 991 3147 1065; baseline 0.004 -18"><span class='ocrx_word' id='word_1_290' title='bbox 2040 991 2151 1049; x_wconf 91' lang='lat' dir='ltr'>sibi</span> <span class='ocrx_word' id='word_1_291' title='bbox 2182 991 2407 1065; x_wconf 85' lang='lat' dir='ltr'><strong>placeat</strong></span> <span class='ocrx_word' id='word_1_292' title='bbox 2437 993 2624 1064; x_wconf 87' lang='lat' dir='ltr'><strong>ipsius</strong></span> <span class='ocrx_word' id='word_1_293' title='bbox 2654 993 2848 1052; x_wconf 89' lang='lat' dir='ltr'><strong>laudis</strong></span> <span class='ocrx_word' id='word_1_294' title='bbox 2877 996 3147 1055; x_wconf 87' lang='lat' dir='ltr'><strong>servitus.</strong></span> 
     </span>
    </p>
   </div>
   <div class='ocr_carea' id='block_1_41' title="bbox 2683 1101 3048 1157">
    <p class='ocr_par' dir='ltr' id='par_1_41' title="bbox 2683 1101 3048 1157">
     <span class='ocr_line' id='line_1_41' title="bbox 2683 1101 3048 1157; baseline 0.003 -1"><span class='ocrx_word' id='word_1_295' title='bbox 2683 1101 2918 1157; x_wconf 85' lang='lat' dir='ltr'><strong>CAPUT</strong></span> <span class='ocrx_word' id='word_1_296' title='bbox 2953 1101 3048 1157; x_wconf 87' lang='lat' dir='ltr'><strong>Xl.</strong></span> 
     </span>
    </p>
   </div>
   <div class='ocr_carea' id='block_1_42' title="bbox 2044 1188 3687 1265">
    <p class='ocr_par' dir='ltr' id='par_1_42' title="bbox 2044 1188 3687 1265">
     <span class='ocr_line' id='line_1_42' title="bbox 2044 1188 3687 1265; baseline 0.005 -23"><span class='ocrx_word' id='word_1_297' title='bbox 2044 1188 2213 1265; x_wconf 82' lang='lat' dir='ltr'><strong>Quam</strong></span> <span class='ocrx_word' id='word_1_298' title='bbox 2244 1188 2430 1265; x_wconf 76' lang='lat' dir='ltr'><strong>uberes</strong></span> <span class='ocrx_word' id='word_1_299' title='bbox 2455 1190 2516 1265; x_wconf 81' lang='lat' dir='ltr'><strong>in</strong></span> <span class='ocrx_word' id='word_1_300' title='bbox 2545 1190 2772 1265; x_wconf 76' lang='lat' dir='ltr'><strong>psalmis</strong></span> <span class='ocrx_word' id='word_1_301' title='bbox 2801 1193 3085 1247; x_wconf 57' lang='lat' dir='ltr'><strong>sententia</strong></span> <span class='ocrx_word' id='word_1_302' title='bbox 3114 1200 3405 1265; x_wconf 70' lang='lat' dir='ltr'><strong>occurrant</strong></span> <span class='ocrx_word' id='word_1_303' title='bbox 3431 1208 3556 1265; x_wconf 71' lang='lat' dir='ltr'><strong>quae</strong></span> <span class='ocrx_word' id='word_1_304' title='bbox 3584 1194 3687 1250; x_wconf 86' lang='lat' dir='ltr'><strong>tri-</strong></span> 
     </span>
    </p>
   </div>
   <div class='ocr_carea' id='block_1_43' title="bbox 2115 1259 3690 1336">
    <p class='ocr_par' dir='ltr' id='par_1_43' title="bbox 2115 1259 3690 1336">
     <span class='ocr_line' id='line_1_43' title="bbox 2115 1259 3690 1336; baseline -0.001 -21"><span class='ocrx_word' id='word_1_305' title='bbox 2115 1261 2317 1336; x_wconf 80' lang='lat' dir='ltr'><strong>butatis</strong></span> <span class='ocrx_word' id='word_1_306' title='bbox 2344 1259 2699 1336; x_wconf 49' lang='lat' dir='ltr'><strong>solatio&#39;sint,</strong></span> <span class='ocrx_word' id='word_1_307' title='bbox 2726 1278 2999 1336; x_wconf 85' lang='lat' dir='ltr'><strong>quamque</strong></span> <span class='ocrx_word' id='word_1_308' title='bbox 3024 1264 3238 1323; x_wconf 84' lang='lat' dir='ltr'><strong>Psaltes</strong></span> <span class='ocrx_word' id='word_1_309' title='bbox 3265 1259 3488 1321; x_wconf 66' lang='lat' dir='ltr'><strong>divinus</strong></span> <span class='ocrx_word' id='word_1_310' title='bbox 3512 1266 3690 1322; x_wconf 8' lang='lat' dir='ltr'><strong>tomi-</strong></span> 
     </span>
    </p>
   </div>
   <div class='ocr_carea' id='block_1_44' title="bbox 2116 1331 2860 1404">
    <p class='ocr_par' dir='ltr' id='par_1_44' title="bbox 2116 1331 2860 1404">
     <span class='ocr_line' id='line_1_44' title="bbox 2116 1331 2860 1404; baseline 0.003 -17"><span class='ocrx_word' id='word_1_311' title='bbox 2116 1331 2212 1387; x_wconf 87' lang='lat' dir='ltr'><strong>bus</strong></span> <span class='ocrx_word' id='word_1_312' title='bbox 2243 1333 2430 1388; x_wconf 82' lang='lat' dir='ltr'><strong>omnia</strong></span> <span class='ocrx_word' id='word_1_313' title='bbox 2457 1334 2633 1403; x_wconf 80' lang='lat' dir='ltr'><strong>factus</strong></span> <span class='ocrx_word' id='word_1_314' title='bbox 2661 1331 2860 1404; x_wconf 76' lang='lat' dir='ltr'><strong>fuerit.</strong></span> 
     </span>
    </p>
   </div>
   <div class='ocr_carea' id='block_1_45' title="bbox 2117 1438 3690 1514">
    <p class='ocr_par' dir='ltr' id='par_1_45' title="bbox 2117 1438 3690 1514">
     <span class='ocr_line' id='line_1_45' title="bbox 2117 1438 3690 1514; baseline 0.005 -22"><span class='ocrx_word' id='word_1_315' title='bbox 2117 1438 2219 1493; x_wconf 92' lang='lat' dir='ltr'><strong>His</strong></span> <span class='ocrx_word' id='word_1_316' title='bbox 2249 1438 2430 1511; x_wconf 89' lang='lat' dir='ltr'><strong>igitur</strong></span> <span class='ocrx_word' id='word_1_317' title='bbox 2459 1438 2702 1512; x_wconf 88' lang='lat' dir='ltr'><strong>prolatis</strong></span> <span class='ocrx_word' id='word_1_318' title='bbox 2731 1440 2802 1496; x_wconf 90' lang='lat' dir='ltr'><strong>de</strong></span> <span class='ocrx_word' id='word_1_319' title='bbox 2834 1440 2935 1497; x_wconf 87' lang='lat' dir='ltr'><strong>illa</strong></span> <span class='ocrx_word' id='word_1_320' title='bbox 2964 1441 3218 1513; x_wconf 84' lang='lat' dir='ltr'><strong>puritate</strong></span> <span class='ocrx_word' id='word_1_321' title='bbox 3239 1458 3415 1514; x_wconf 84' lang='lat' dir='ltr'><strong>quam</strong></span> <span class='ocrx_word' id='word_1_322' title='bbox 3444 1442 3690 1505; x_wconf 71' lang='lat' dir='ltr'><strong>laudam-</strong></span> 
     </span>
    </p>
   </div>
   <div class='ocr_carea' id='block_1_46' title="bbox 2046 1526 3693 1604">
    <p class='ocr_par' dir='ltr' id='par_1_46' title="bbox 2046 1526 3693 1604">
     <span class='ocr_line' id='line_1_46' title="bbox 2046 1526 3693 1604; baseline 0.004 -22"><span class='ocrx_word' id='word_1_323' title='bbox 2046 1530 2136 1582; x_wconf 90' lang='lat' dir='ltr'><strong>tes</strong></span> <span class='ocrx_word' id='word_1_324' title='bbox 2162 1526 2474 1584; x_wconf 87' lang='lat' dir='ltr'><strong>Dominum</strong></span> <span class='ocrx_word' id='word_1_325' title='bbox 2509 1528 2720 1584; x_wconf 84' lang='lat' dir='ltr'><strong>debent</strong></span> <span class='ocrx_word' id='word_1_326' title='bbox 2751 1530 3276 1596; x_wconf 86' lang='lat' dir='ltr'><strong>amare,videamus</strong></span> <span class='ocrx_word' id='word_1_327' title='bbox 3297 1546 3530 1603; x_wconf 86' lang='lat' dir='ltr'><strong>quoque</strong></span> <span class='ocrx_word' id='word_1_328' title='bbox 3552 1530 3693 1604; x_wconf 87' lang='lat' dir='ltr'><strong>quid</strong></span> 
     </span>
    </p>
   </div>
   <div class='ocr_carea' id='block_1_47' title="bbox 2049 1614 3695 1691">
    <p class='ocr_par' dir='ltr' id='par_1_47' title="bbox 2049 1614 3695 1691">
     <span class='ocr_line' id='line_1_47' title="bbox 2049 1614 3695 1691; baseline 0.004 -20"><span class='ocrx_word' id='word_1_329' title='bbox 2049 1614 2287 1671; x_wconf 87' lang='lat' dir='ltr'><strong>aliunde</strong></span> <span class='ocrx_word' id='word_1_330' title='bbox 2317 1615 2528 1671; x_wconf 89' lang='lat' dir='ltr'><strong>clamet</strong></span> <span class='ocrx_word' id='word_1_331' title='bbox 2549 1617 2619 1671; x_wconf 90' lang='lat' dir='ltr'><strong>ad</strong></span> <span class='ocrx_word' id='word_1_332' title='bbox 2643 1634 2750 1673; x_wconf 88' lang='lat' dir='ltr'><strong>nos</strong></span> <span class='ocrx_word' id='word_1_333' title='bbox 2772 1617 3056 1678; x_wconf 86' lang='lat' dir='ltr'><strong>Dominus</strong></span> <span class='ocrx_word' id='word_1_334' title='bbox 3078 1635 3179 1691; x_wconf 86' lang='lat' dir='ltr'><strong>per</strong></span> <span class='ocrx_word' id='word_1_335' title='bbox 3197 1618 3695 1677; x_wconf 75' lang='lat' dir='ltr'><strong>PsalmistamJn-</strong></span> 
     </span>
    </p>
   </div>
   <div class='ocr_carea' id='block_1_48' title="bbox 2050 1703 3698 1777">
    <p class='ocr_par' dir='ltr' id='par_1_48' title="bbox 2050 1703 3698 1777">
     <span class='ocr_line' id='line_1_48' title="bbox 2050 1703 3698 1777; baseline 0.004 -18"><span class='ocrx_word' id='word_1_336' title='bbox 2050 1703 2447 1760; x_wconf 89' lang='lat' dir='ltr'><strong>numerabiles</strong></span> <span class='ocrx_word' id='word_1_337' title='bbox 2479 1721 2735 1776; x_wconf 88' lang='lat' dir='ltr'><strong>namque</strong></span> <span class='ocrx_word' id='word_1_338' title='bbox 2764 1709 2903 1760; x_wconf 90' lang='lat' dir='ltr'><strong>sunt</strong></span> <span class='ocrx_word' id='word_1_339' title='bbox 2930 1705 3059 1777; x_wconf 87' lang='lat' dir='ltr'><strong>ejus</strong></span> <span class='ocrx_word' id='word_1_340' title='bbox 3083 1707 3383 1765; x_wconf 60' lang='lat' dir='ltr'><strong>sententias</strong></span> <span class='ocrx_word' id='word_1_341' title='bbox 3414 1709 3487 1765; x_wconf 82' lang='lat' dir='ltr'><strong>ad</strong></span> <span class='ocrx_word' id='word_1_342' title='bbox 3506 1708 3698 1765; x_wconf 86' lang='lat' dir='ltr'><strong>varias</strong></span> 
     </span>
    </p>
   </div>
   <div class='ocr_carea' id='block_1_49' title="bbox 2051 1792 3697 1871">
    <p class='ocr_par' dir='ltr' id='par_1_49' title="bbox 2051 1792 3697 1871">
     <span class='ocr_line' id='line_1_49' title="bbox 2051 1792 3697 1871; baseline 0.004 -23"><span class='ocrx_word' id='word_1_343' title='bbox 2051 1808 2330 1865; x_wconf 89' lang='lat' dir='ltr'><strong>personas</strong></span> <span class='ocrx_word' id='word_1_344' title='bbox 2380 1809 2484 1863; x_wconf 89' lang='lat' dir='ltr'><strong>pro</strong></span> <span class='ocrx_word' id='word_1_345' title='bbox 2531 1792 2707 1850; x_wconf 91' lang='lat' dir='ltr'><strong>variis</strong></span> <span class='ocrx_word' id='word_1_346' title='bbox 2755 1793 3037 1850; x_wconf 88' lang='lat' dir='ltr'><strong>doctrinis</strong></span> <span class='ocrx_word' id='word_1_347' title='bbox 3087 1794 3344 1867; x_wconf 79' lang='lat' dir='ltr'><strong>prolatae,</strong></span> <span class='ocrx_word' id='word_1_348' title='bbox 3390 1813 3539 1869; x_wconf 86' lang='lat' dir='ltr'><strong>quas</strong></span> <span class='ocrx_word' id='word_1_349' title='bbox 3581 1813 3697 1871; x_wconf 80' lang='lat' dir='ltr'><strong>ego</strong></span> 
     </span>
    </p>
   </div>
   <div class='ocr_carea' id='block_1_50' title="bbox 2052 1881 3702 1956">
    <p class='ocr_par' dir='ltr' id='par_1_50' title="bbox 2052 1881 3702 1956">
     <span class='ocr_line' id='line_1_50' title="bbox 2052 1881 3702 1956; baseline 0.004 -20"><span class='ocrx_word' id='word_1_350' title='bbox 2052 1881 2351 1937; x_wconf 89' lang='lat' dir='ltr'><strong>universas</strong></span> <span class='ocrx_word' id='word_1_351' title='bbox 2382 1897 2606 1954; x_wconf 89' lang='lat' dir='ltr'><strong>nequeo</strong></span> <span class='ocrx_word' id='word_1_352' title='bbox 2637 1883 3041 1954; x_wconf 82' lang='lat' dir='ltr'><strong>proferre.Sed</strong></span> <span class='ocrx_word' id='word_1_353' title='bbox 3072 1883 3300 1956; x_wconf 87' lang='lat' dir='ltr'><strong>aliquas</strong></span> <span class='ocrx_word' id='word_1_354' title='bbox 3330 1885 3538 1941; x_wconf 83' lang='lat' dir='ltr'><strong>exinde</strong></span> <span class='ocrx_word' id='word_1_355' title='bbox 3554 1885 3702 1942; x_wconf 82' lang='lat' dir='ltr'><strong>libet</strong></span> 
     </span>
    </p>
   </div>
   <div class='ocr_carea' id='block_1_51' title="bbox 2051 1971 3699 2046">
    <p class='ocr_par' dir='ltr' id='par_1_51' title="bbox 2051 1971 3699 2046">
     <span class='ocr_line' id='line_1_51' title="bbox 2051 1971 3699 2046; baseline 0.002 -19"><span class='ocrx_word' id='word_1_356' title='bbox 2051 1971 2516 2043; x_wconf 76' lang='lat' dir='ltr'><strong>decerpere,quae</strong></span> <span class='ocrx_word' id='word_1_357' title='bbox 2547 1975 2605 2026; x_wconf 91' lang='lat' dir='ltr'><strong>et</strong></span> <span class='ocrx_word' id='word_1_358' title='bbox 2628 1987 2776 2043; x_wconf 91' lang='lat' dir='ltr'><strong>pene</strong></span> <span class='ocrx_word' id='word_1_359' title='bbox 2805 1972 3080 2033; x_wconf 88' lang='lat' dir='ltr'><strong>omnibus</strong></span> <span class='ocrx_word' id='word_1_360' title='bbox 3106 1972 3382 2032; x_wconf 84' lang='lat' dir='ltr'><strong>litteratis</strong></span> <span class='ocrx_word' id='word_1_361' title='bbox 3412 1977 3554 2031; x_wconf 89' lang='lat' dir='ltr'><strong>sunt</strong></span> <span class='ocrx_word' id='word_1_362' title='bbox 3574 1974 3699 2046; x_wconf 87' lang='lat' dir='ltr'><strong>pla-</strong></span> 
     </span>
    </p>
   </div>
   <div class='ocr_carea' id='block_1_52' title="bbox 2052 2058 3736 2135">
    <p class='ocr_par' dir='ltr' id='par_1_52' title="bbox 2052 2058 3736 2135">
     <span class='ocr_line' id='line_1_52' title="bbox 2052 2058 3736 2135; baseline 0.003 -20"><span class='ocrx_word' id='word_1_363' title='bbox 2052 2077 2139 2115; x_wconf 85' lang='lat' dir='ltr'><strong>nae</strong></span> <span class='ocrx_word' id='word_1_364' title='bbox 2170 2064 2228 2115; x_wconf 90' lang='lat' dir='ltr'><strong>et</strong></span> <span class='ocrx_word' id='word_1_365' title='bbox 2253 2058 2504 2116; x_wconf 82' lang='lat' dir='ltr'><strong>maxime</strong></span> <span class='ocrx_word' id='word_1_366' title='bbox 2534 2060 2806 2116; x_wconf 89' lang='lat' dir='ltr'><strong>videntur</strong></span> <span class='ocrx_word' id='word_1_367' title='bbox 2835 2062 3173 2119; x_wconf 83' lang='lat' dir='ltr'><strong>necessariae</strong></span> <span class='ocrx_word' id='word_1_368' title='bbox 3202 2065 3324 2119; x_wconf 85' lang='lat' dir='ltr'><strong>tam</strong></span> <span class='ocrx_word' id='word_1_369' title='bbox 3350 2063 3425 2119; x_wconf 88' lang='lat' dir='ltr'><strong>ad</strong></span> <span class='ocrx_word' id='word_1_370' title='bbox 3464 2062 3698 2135; x_wconf 87' lang='lat' dir='ltr'><strong>piorum</strong></span> <span class='ocrx_word' id='word_1_371' title='bbox 3730 2118 3736 2126; x_wconf 89' lang='grc'>,</span> 
     </span>
    </p>
   </div>
   <div class='ocr_carea' id='block_1_53' title="bbox 2053 2146 3700 2222">
    <p class='ocr_par' dir='ltr' id='par_1_53' title="bbox 2053 2146 3700 2222">
     <span class='ocr_line' id='line_1_53' title="bbox 2053 2146 3700 2222; baseline 0.002 -18"><span class='ocrx_word' id='word_1_372' title='bbox 2053 2146 2533 2214; x_wconf 82' lang='lat' dir='ltr'><strong>consolationem,</strong></span> <span class='ocrx_word' id='word_1_373' title='bbox 2567 2165 2745 2221; x_wconf 90' lang='lat' dir='ltr'><strong>quam</strong></span> <span class='ocrx_word' id='word_1_374' title='bbox 2776 2149 2851 2205; x_wconf 88' lang='lat' dir='ltr'><strong>ad</strong></span> <span class='ocrx_word' id='word_1_375' title='bbox 2881 2149 3199 2222; x_wconf 87' lang='lat' dir='ltr'><strong>impiorum</strong></span> <span class='ocrx_word' id='word_1_376' title='bbox 3238 2155 3540 2209; x_wconf 88' lang='lat' dir='ltr'><strong>terrorem.</strong></span> <span class='ocrx_word' id='word_1_377' title='bbox 3585 2151 3700 2209; x_wconf 85' lang='lat' dir='ltr'><strong>Sed</strong></span> 
     </span>
    </p>
   </div>
   <div class='ocr_carea' id='block_1_54' title="bbox 2051 2236 3256 2310">
    <p class='ocr_par' dir='ltr' id='par_1_54' title="bbox 2051 2236 3256 2310">
     <span class='ocr_line' id='line_1_54' title="bbox 2051 2236 3256 2310; baseline 0.002 -18"><span class='ocrx_word' id='word_1_378' title='bbox 2051 2236 2217 2310; x_wconf 90' lang='lat' dir='ltr'><strong>prius</strong></span> <span class='ocrx_word' id='word_1_379' title='bbox 2242 2236 2656 2295; x_wconf 87' lang='lat' dir='ltr'><strong>consolationis</strong></span> <span class='ocrx_word' id='word_1_380' title='bbox 2686 2238 2845 2297; x_wconf 88' lang='lat' dir='ltr'><strong>dicta</strong></span> <span class='ocrx_word' id='word_1_381' title='bbox 2870 2238 3256 2310; x_wconf 82' lang='lat' dir='ltr'><strong>proferamus.</strong></span> 
     </span>
    </p>
   </div>
   <div class='ocr_carea' id='block_1_55' title="bbox 2122 2326 3703 2401">
    <p class='ocr_par' dir='ltr' id='par_1_55' title="bbox 2122 2326 3703 2401">
     <span class='ocr_line' id='line_1_55' title="bbox 2122 2326 3703 2401; baseline 0.004 -21"><span class='ocrx_word' id='word_1_382' title='bbox 2122 2326 2309 2381; x_wconf 86' lang='lat' dir='ltr'><strong>Dulcis</strong></span> <span class='ocrx_word' id='word_1_383' title='bbox 2336 2330 2390 2381; x_wconf 88' lang='lat' dir='ltr'><strong>et</strong></span> <span class='ocrx_word' id='word_1_384' title='bbox 2417 2331 2594 2383; x_wconf 86' lang='lat' dir='ltr'><strong>rectus</strong></span> <span class='ocrx_word' id='word_1_385' title='bbox 2621 2328 2912 2388; x_wconf 79' lang='lat' dir='ltr'><strong>Dominus:</strong></span> <span class='ocrx_word' id='word_1_386' title='bbox 2937 2336 3159 2400; x_wconf 81' lang='lat' dir='ltr'><strong>propter</strong></span> <span class='ocrx_word' id='word_1_387' title='bbox 3205 2335 3302 2387; x_wconf 83' lang='lat' dir='ltr'><strong>hoc</strong></span> <span class='ocrx_word' id='word_1_388' title='bbox 3350 2330 3521 2401; x_wconf 78' lang='lat' dir='ltr'><strong>legem</strong></span> <span class='ocrx_word' id='word_1_389' title='bbox 3547 2329 3703 2387; x_wconf 82' lang='lat' dir='ltr'><strong>dabit</strong></span> 
     </span>
    </p>
   </div>
   <div class='ocr_carea' id='block_1_56' title="bbox 2050 2413 3701 2491">
    <p class='ocr_par' dir='ltr' id='par_1_56' title="bbox 2050 2413 3701 2491">
     <span class='ocr_line' id='line_1_56' title="bbox 2050 2413 3701 2491; baseline 0.005 -22"><span class='ocrx_word' id='word_1_390' title='bbox 2050 2413 2492 2486; x_wconf 81' lang='lat' dir='ltr'><strong>delinquentibus</strong></span> <span class='ocrx_word' id='word_1_391' title='bbox 2522 2417 2582 2471; x_wconf 87' lang='lat' dir='ltr'><strong>in</strong></span> <span class='ocrx_word' id='word_1_392' title='bbox 2610 2417 2721 2471; x_wconf 86' lang='lat' dir='ltr'><strong>via.</strong></span> <span class='ocrx_word' id='word_1_393' title='bbox 2753 2417 2967 2488; x_wconf 86' lang='lat' dir='ltr'><strong>Diriget</strong></span> <span class='ocrx_word' id='word_1_394' title='bbox 3002 2425 3312 2478; x_wconf 78' lang='lat' dir='ltr'><strong>mansuetos</strong></span> <span class='ocrx_word' id='word_1_395' title='bbox 3366 2419 3432 2475; x_wconf 82' lang='lat' dir='ltr'><strong>in</strong></span> <span class='ocrx_word' id='word_1_396' title='bbox 3467 2417 3701 2491; x_wconf 84' lang='lat' dir='ltr'><strong>judicio,</strong></span> 
     </span>
    </p>
   </div>
   <div class='ocr_carea' id='block_1_57' title="bbox 2049 2503 3702 2569">
    <p class='ocr_par' dir='ltr' id='par_1_57' title="bbox 2049 2503 3702 2569">
     <span class='ocr_line' id='line_1_57' title="bbox 2049 2503 3702 2569; baseline 0.004 -11"><span class='ocrx_word' id='word_1_397' title='bbox 2049 2503 2258 2560; x_wconf 85' lang='lat' dir='ltr'><strong>docebit</strong></span> <span class='ocrx_word' id='word_1_398' title='bbox 2283 2504 2443 2560; x_wconf 88' lang='lat' dir='ltr'><strong>mites</strong></span> <span class='ocrx_word' id='word_1_399' title='bbox 2472 2506 2591 2560; x_wconf 78' lang='lat' dir='ltr'><strong>vias</strong></span> <span class='ocrx_word' id='word_1_400' title='bbox 2622 2506 3062 2562; x_wconf 72' lang='lat' dir='ltr'><strong>suas.Universae</strong></span> <span class='ocrx_word' id='word_1_401' title='bbox 3084 2507 3197 2569; x_wconf 70' lang='lat' dir='ltr'><strong>viae</strong></span> <span class='ocrx_word' id='word_1_402' title='bbox 3224 2507 3454 2565; x_wconf 86' lang='lat' dir='ltr'><strong>Domini</strong></span> <span class='ocrx_word' id='word_1_403' title='bbox 3463 2509 3702 2564; x_wconf 80' lang='lat' dir='ltr'><strong>miseri-</strong></span> 
     </span>
    </p>
   </div>
   <div class='ocr_carea' id='block_1_58' title="bbox 2051 2592 3707 2675">
    <p class='ocr_par' dir='ltr' id='par_1_58' title="bbox 2051 2592 3707 2675">
     <span class='ocr_line' id='line_1_58' title="bbox 2051 2592 3707 2675; baseline 0.002 -26"><span class='ocrx_word' id='word_1_404' title='bbox 2051 2592 2241 2649; x_wconf 82' lang='lat' dir='ltr'><strong>cordia</strong></span> <span class='ocrx_word' id='word_1_405' title='bbox 2268 2601 2320 2648; x_wconf 87' lang='lat' dir='ltr'><strong>et</strong></span> <span class='ocrx_word' id='word_1_406' title='bbox 2356 2594 2555 2649; x_wconf 84' lang='lat' dir='ltr'><strong>veritas</strong></span> <span class='ocrx_word' id='word_1_407' title='bbox 2605 2594 3012 2665; x_wconf 80' lang='lat' dir='ltr'><strong>requirentibus</strong></span> <span class='ocrx_word' id='word_1_408' title='bbox 3060 2597 3442 2656; x_wconf 80' lang='lat' dir='ltr'><strong>testamentum</strong></span> <span class='ocrx_word' id='word_1_409' title='bbox 3488 2597 3604 2669; x_wconf 86' lang='lat' dir='ltr'><strong>ejus</strong></span> <span class='ocrx_word' id='word_1_410' title='bbox 3647 2603 3707 2675; x_wconf 16' lang='lat' dir='ltr'><strong>et,</strong></span> 
     </span>
    </p>
   </div>
   <div class='ocr_carea' id='block_1_59' title="bbox 2049 2682 3703 2753">
    <p class='ocr_par' dir='ltr' id='par_1_59' title="bbox 2049 2682 3703 2753">
     <span class='ocr_line' id='line_1_59' title="bbox 2049 2682 3703 2753; baseline 0.003 -17"><span class='ocrx_word' id='word_1_411' title='bbox 2049 2684 2370 2739; x_wconf 85' lang='lat' dir='ltr'><strong>testimonia.</strong></span> <span class='ocrx_word' id='word_1_412' title='bbox 2397 2682 2534 2753; x_wconf 85' lang='lat' dir='ltr'><strong>ejus.</strong></span> <span class='ocrx_word' id='word_1_413' title='bbox 2566 2684 3010 2740; x_wconf 84' lang='lat' dir='ltr'><strong>Firmamentum</strong></span> <span class='ocrx_word' id='word_1_414' title='bbox 3037 2691 3116 2743; x_wconf 87' lang='lat' dir='ltr'><strong>est</strong></span> <span class='ocrx_word' id='word_1_415' title='bbox 3153 2684 3413 2741; x_wconf 86' lang='lat' dir='ltr'><strong>Dominus</strong></span> <span class='ocrx_word' id='word_1_416' title='bbox 3459 2686 3703 2742; x_wconf 81' lang='lat' dir='ltr'><strong>timenti-</strong></span> 
     </span>
    </p>
   </div>
   <div class='ocr_carea' id='block_1_60' title="bbox 2044 2770 3702 2845">
    <p class='ocr_par' dir='ltr' id='par_1_60' title="bbox 2044 2770 3702 2845">
     <span class='ocr_line' id='line_1_60' title="bbox 2044 2770 3702 2845; baseline 0.004 -19"><span class='ocrx_word' id='word_1_417' title='bbox 2044 2770 2148 2843; x_wconf 86' lang='lat' dir='ltr'><strong>_bus</strong></span> <span class='ocrx_word' id='word_1_418' title='bbox 2174 2787 2318 2838; x_wconf 89' lang='lat' dir='ltr'><strong>eum,</strong></span> <span class='ocrx_word' id='word_1_419' title='bbox 2351 2779 2406 2827; x_wconf 87' lang='lat' dir='ltr'><strong>et</strong></span> <span class='ocrx_word' id='word_1_420' title='bbox 2434 2775 2822 2829; x_wconf 82' lang='lat' dir='ltr'><strong>testamentum</strong></span> <span class='ocrx_word' id='word_1_421' title='bbox 2850 2774 3025 2844; x_wconf 85' lang='lat' dir='ltr'><strong>ipsius</strong></span> <span class='ocrx_word' id='word_1_422' title='bbox 3063 2777 3125 2829; x_wconf 89' lang='lat' dir='ltr'><strong>ut</strong></span> <span class='ocrx_word' id='word_1_423' title='bbox 3169 2774 3558 2845; x_wconf 75' lang='lat' dir='ltr'><strong>manifestatur</strong></span> <span class='ocrx_word' id='word_1_424' title='bbox 3584 2775 3702 2833; x_wconf 74' lang='lat' dir='ltr'><strong>illis</strong></span> 
     </span>
    </p>
   </div>
   <div class='ocr_carea' id='block_1_61' title="bbox 2050 2859 3696 2936">
    <p class='ocr_par' dir='ltr' id='par_1_61' title="bbox 2050 2859 3696 2936">
     <span class='ocr_line' id='line_1_61' title="bbox 2050 2859 3696 2936; baseline 0.005 -22"><span class='ocrx_word' id='word_1_425' title='bbox 2050 2859 2230 2933; x_wconf 80' lang='lat' dir='ltr'><strong>(Psat.</strong></span> <span class='ocrx_word' id='word_1_426' title='bbox 2260 2877 2413 2926; x_wconf 83' lang='lat' dir='ltr'><strong>xxw,</strong></span> <span class='ocrx_word' id='word_1_427' title='bbox 2445 2862 2501 2927; x_wconf 93' lang='lat'><strong>8,</strong></span> <span class='ocrx_word' id='word_1_428' title='bbox 2535 2860 2643 2932; x_wconf 80' lang='grc'>14).</span> <span class='ocrx_word' id='word_1_429' title='bbox 2676 2862 2791 2916; x_wconf 82' lang='grc' dir='ltr'><strong>Νοη</strong></span> <span class='ocrx_word' id='word_1_430' title='bbox 2824 2862 2883 2916; x_wconf 88' lang='lat' dir='ltr'><strong>in</strong></span> <span class='ocrx_word' id='word_1_431' title='bbox 2901 2862 3072 2932; x_wconf 85' lang='lat' dir='ltr'><strong>ﬁnem</strong></span> <span class='ocrx_word' id='word_1_432' title='bbox 3100 2862 3303 2918; x_wconf 84' lang='lat' dir='ltr'><strong>oblivio</strong></span> <span class='ocrx_word' id='word_1_433' title='bbox 3339 2864 3447 2921; x_wconf 85' lang='lat' dir='ltr'><strong>erit</strong></span> <span class='ocrx_word' id='word_1_434' title='bbox 3491 2878 3696 2936; x_wconf 77' lang='lat' dir='ltr'><strong>paupe-</strong></span> 
     </span>
    </p>
   </div>
   <div class='ocr_carea' id='block_1_62' title="bbox 2048 2949 3695 3023">
    <p class='ocr_par' dir='ltr' id='par_1_62' title="bbox 2048 2949 3695 3023">
     <span class='ocr_line' id='line_1_62' title="bbox 2048 2949 3695 3023; baseline 0.003 -18"><span class='ocrx_word' id='word_1_435' title='bbox 2048 2952 2149 3017; x_wconf 91' lang='lat' dir='ltr'><strong>ris,</strong></span> <span class='ocrx_word' id='word_1_436' title='bbox 2173 2949 2449 3021; x_wconf 85' lang='lat' dir='ltr'><strong>patientia</strong></span> <span class='ocrx_word' id='word_1_437' title='bbox 2473 2966 2779 3021; x_wconf 85' lang='lat' dir='ltr'><strong>pauperum</strong></span> <span class='ocrx_word' id='word_1_438' title='bbox 2809 2966 2917 3006; x_wconf 91' lang='lat' dir='ltr'><strong>non</strong></span> <span class='ocrx_word' id='word_1_439' title='bbox 2943 2950 3146 3022; x_wconf 79' lang='lat' dir='ltr'><strong>peribit</strong></span> <span class='ocrx_word' id='word_1_440' title='bbox 3167 2953 3228 3011; x_wconf 83' lang='lat' dir='ltr'><strong>in</strong></span> <span class='ocrx_word' id='word_1_441' title='bbox 3255 2951 3695 3023; x_wconf 76' lang='lat' dir='ltr'><strong>ﬁnem(Psal.rx,</strong></span> 
     </span>
    </p>
   </div>
   <div class='ocr_carea' id='block_1_63' title="bbox 2050 3039 3696 3111">
    <p class='ocr_par' dir='ltr' id='par_1_63' title="bbox 2050 3039 3696 3111">
     <span class='ocr_line' id='line_1_63' title="bbox 2050 3039 3696 3111; baseline 0.004 -17"><span class='ocrx_word' id='word_1_442' title='bbox 2050 3039 2159 3111; x_wconf 84' lang='lat'><strong>19).</strong></span> <span class='ocrx_word' id='word_1_443' title='bbox 2191 3040 2307 3094; x_wconf 78' lang='lat' dir='ltr'><strong>Lex</strong></span> <span class='ocrx_word' id='word_1_444' title='bbox 2336 3039 2556 3094; x_wconf 89' lang='lat' dir='ltr'><strong>Domini</strong></span> <span class='ocrx_word' id='word_1_445' title='bbox 2597 3040 2957 3096; x_wconf 86' lang='lat' dir='ltr'><strong>immaculata</strong></span> <span class='ocrx_word' id='word_1_446' title='bbox 2985 3043 3299 3105; x_wconf 84' lang='lat' dir='ltr'><strong>convertens</strong></span> <span class='ocrx_word' id='word_1_447' title='bbox 3341 3041 3579 3109; x_wconf 81' lang='lat' dir='ltr'><strong>animus,</strong></span> <span class='ocrx_word' id='word_1_448' title='bbox 3616 3048 3696 3101; x_wconf 80' lang='lat' dir='ltr'><strong>te-</strong></span> 
     </span>
    </p>
   </div>
   <div class='ocr_carea' id='block_1_64' title="bbox 2041 3127 3692 3201">
    <p class='ocr_par' dir='ltr' id='par_1_64' title="bbox 2041 3127 3692 3201">
     <span class='ocr_line' id='line_1_64' title="bbox 2041 3127 3692 3201; baseline 0.001 -16"><span class='ocrx_word' id='word_1_449' title='bbox 2041 3129 2367 3185; x_wconf 83' lang='lat' dir='ltr'><strong>stimonium</strong></span> <span class='ocrx_word' id='word_1_450' title='bbox 2392 3128 2612 3183; x_wconf 90' lang='lat' dir='ltr'><strong>Domini</strong></span> <span class='ocrx_word' id='word_1_451' title='bbox 2640 3127 2798 3197; x_wconf 78' lang='lat' dir='ltr'><strong>ﬁdele</strong></span> <span class='ocrx_word' id='word_1_452' title='bbox 2824 3130 3155 3200; x_wconf 78' lang='lat' dir='ltr'><strong>sapientiam</strong></span> <span class='ocrx_word' id='word_1_453' title='bbox 3178 3133 3446 3201; x_wconf 72' lang='lat' dir='ltr'><strong>praestans</strong></span> <span class='ocrx_word' id='word_1_454' title='bbox 3476 3147 3692 3201; x_wconf 83' lang='lat' dir='ltr'><strong>parvu-</strong></span> 
     </span>
    </p>
   </div>
   <div class='ocr_carea' id='block_1_65' title="bbox 282 3204 3691 3293">
    <p class='ocr_par' dir='ltr' id='par_1_65' title="bbox 282 3204 3691 3293">
     <span class='ocr_line' id='line_1_65' title="bbox 282 3204 3691 3293; baseline 0.001 -20"><span class='ocrx_word' id='word_1_455' title='bbox 282 3217 462 3293; x_wconf 82' lang='lat' dir='ltr'><strong>magis</strong></span> <span class='ocrx_word' id='word_1_456' title='bbox 494 3215 860 3272; x_wconf 85' lang='lat' dir='ltr'><strong>credendum</strong></span> <span class='ocrx_word' id='word_1_457' title='bbox 886 3218 976 3272; x_wconf 86' lang='lat' dir='ltr'><strong>est</strong></span> <span class='ocrx_word' id='word_1_458' title='bbox 1004 3215 1076 3273; x_wconf 87' lang='lat' dir='ltr'><strong>de</strong></span> <span class='ocrx_word' id='word_1_459' title='bbox 1096 3214 1193 3271; x_wconf 91' lang='lat' dir='ltr'><strong>illo</strong></span> <span class='ocrx_word' id='word_1_460' title='bbox 1215 3216 1315 3288; x_wconf 90' lang='lat' dir='ltr'><strong>qui</strong></span> <span class='ocrx_word' id='word_1_461' title='bbox 1334 3216 1717 3288; x_wconf 87' lang='lat' dir='ltr'><strong>spiritualiter</strong></span> <span class='ocrx_word' id='word_1_462' title='bbox 1734 3218 1932 3276; x_wconf 88' lang='lat' dir='ltr'><strong>vivens</strong></span> <span class='ocrx_word' id='word_1_463' title='bbox 1963 3204 2007 3271; x_wconf 70' lang='grc' dir='ltr'><strong>Β</strong></span> <span class='ocrx_word' id='word_1_464' title='bbox 2042 3218 2113 3273; x_wconf 89' lang='lat' dir='ltr'><strong>lis</strong></span> <span class='ocrx_word' id='word_1_465' title='bbox 2136 3234 2155 3272; x_wconf 91' lang='lat'><strong><em>:</em></strong></span> <span class='ocrx_word' id='word_1_466' title='bbox 2184 3218 2427 3273; x_wconf 74' lang='lat' dir='ltr'><strong>Iustitiae</strong></span> <span class='ocrx_word' id='word_1_467' title='bbox 2472 3217 2701 3272; x_wconf 84' lang='lat' dir='ltr'><strong>Domini</strong></span> <span class='ocrx_word' id='word_1_468' title='bbox 2739 3220 2903 3274; x_wconf 66' lang='lat' dir='ltr'><strong>rectae</strong></span> <span class='ocrx_word' id='word_1_469' title='bbox 2950 3217 3291 3287; x_wconf 66' lang='lat' dir='ltr'><strong>testiﬁcantes</strong></span> <span class='ocrx_word' id='word_1_470' title='bbox 3331 3217 3518 3288; x_wconf 85' lang='lat' dir='ltr'><strong>corda,</strong></span> <span class='ocrx_word' id='word_1_471' title='bbox 3546 3232 3691 3290; x_wconf 74' lang='lat' dir='ltr'><strong>prse-</strong></span> 
     </span>
    </p>
   </div>
   <div class='ocr_carea' id='block_1_66' title="bbox 279 3301 1935 3378">
    <p class='ocr_par' dir='ltr' id='par_1_66' title="bbox 279 3301 1935 3378">
     <span class='ocr_line' id='line_1_66' title="bbox 279 3301 1935 3378; baseline 0.001 -17"><span class='ocrx_word' id='word_1_472' title='bbox 279 3303 670 3378; x_wconf 85' lang='lat' dir='ltr'><strong>spiritualiter</strong></span> <span class='ocrx_word' id='word_1_473' title='bbox 698 3303 876 3361; x_wconf 88' lang='lat' dir='ltr'><strong>etiam</strong></span> <span class='ocrx_word' id='word_1_474' title='bbox 908 3301 1391 3376; x_wconf 86' lang='lat' dir='ltr'><strong>loquebatur,hos</strong></span> <span class='ocrx_word' id='word_1_475' title='bbox 1422 3304 1693 3362; x_wconf 88' lang='lat' dir='ltr'><strong>videlicet</strong></span> <span class='ocrx_word' id='word_1_476' title='bbox 1720 3322 1935 3363; x_wconf 88' lang='lat' dir='ltr'><strong>vocans</strong></span> 
     </span>
    </p>
   </div>
   <div class='ocr_carea' id='block_1_67' title="bbox 278 3392 1936 3466">
    <p class='ocr_par' dir='ltr' id='par_1_67' title="bbox 278 3392 1936 3466">
     <span class='ocr_line' id='line_1_67' title="bbox 278 3392 1936 3466; baseline 0.001 -16"><span class='ocrx_word' id='word_1_477' title='bbox 278 3399 546 3450; x_wconf 88' lang='lat' dir='ltr'><strong>mortuos</strong></span> <span class='ocrx_word' id='word_1_478' title='bbox 576 3392 867 3466; x_wconf 87' lang='lat' dir='ltr'><strong>qui,vitiis</strong></span> <span class='ocrx_word' id='word_1_479' title='bbox 898 3396 956 3447; x_wconf 90' lang='lat' dir='ltr'><strong>et</strong></span> <span class='ocrx_word' id='word_1_480' title='bbox 983 3392 1318 3449; x_wconf 89' lang='lat' dir='ltr'><strong>carnalibus</strong></span> <span class='ocrx_word' id='word_1_481' title='bbox 1349 3393 1656 3450; x_wconf 90' lang='lat' dir='ltr'><strong>desideriis</strong></span> <span class='ocrx_word' id='word_1_482' title='bbox 1672 3398 1936 3451; x_wconf 86' lang='lat' dir='ltr'><strong>tantum-</strong></span> 
     </span>
    </p>
   </div>
   <div class='ocr_carea' id='block_1_68' title="bbox 277 3480 1934 3551">
    <p class='ocr_par' dir='ltr' id='par_1_68' title="bbox 277 3480 1934 3551">
     <span class='ocr_line' id='line_1_68' title="bbox 277 3480 1934 3551; baseline 0.001 -13"><span class='ocrx_word' id='word_1_483' title='bbox 277 3482 454 3539; x_wconf 88' lang='lat' dir='ltr'><strong>modo</strong></span> <span class='ocrx_word' id='word_1_484' title='bbox 486 3480 1131 3551; x_wconf 87' lang='lat' dir='ltr'><strong>deservientes,nullam</strong></span> <span class='ocrx_word' id='word_1_485' title='bbox 1155 3498 1358 3539; x_wconf 88' lang='lat' dir='ltr'><strong>curam</strong></span> <span class='ocrx_word' id='word_1_486' title='bbox 1389 3483 1461 3539; x_wconf 89' lang='lat' dir='ltr'><strong>de</strong></span> <span class='ocrx_word' id='word_1_487' title='bbox 1494 3482 1823 3539; x_wconf 88' lang='lat' dir='ltr'><strong>animarum</strong></span> <span class='ocrx_word' id='word_1_488' title='bbox 1847 3501 1934 3541; x_wconf 88' lang='lat' dir='ltr'><strong>sa-</strong></span> 
     </span>
    </p>
   </div>
   <div class='ocr_carea' id='block_1_69' title="bbox 272 3558 1936 3645">
    <p class='ocr_par' dir='ltr' id='par_1_69' title="bbox 272 3558 1936 3645">
     <span class='ocr_line' id='line_1_69' title="bbox 272 3558 1936 3645; baseline 0.001 -18"><span class='ocrx_word' id='word_1_489' title='bbox 272 3570 407 3627; x_wconf 80' lang='lat' dir='ltr'><strong>lute</strong></span> <span class='ocrx_word' id='word_1_490' title='bbox 437 3558 720 3638; x_wconf 75' lang='lat' dir='ltr'><strong>retinent;</strong></span> <span class='ocrx_word' id='word_1_491' title='bbox 754 3570 863 3629; x_wconf 91' lang='lat' dir='ltr'><strong>hos</strong></span> <span class='ocrx_word' id='word_1_492' title='bbox 894 3575 1089 3626; x_wconf 87' lang='lat' dir='ltr'><strong>autem</strong></span> <span class='ocrx_word' id='word_1_493' title='bbox 1120 3571 1281 3628; x_wconf 90' lang='lat' dir='ltr'><strong>vivos</strong></span> <span class='ocrx_word' id='word_1_494' title='bbox 1314 3571 1770 3644; x_wconf 87' lang='lat' dir='ltr'><strong>qui,secundum</strong></span> <span class='ocrx_word' id='word_1_495' title='bbox 1790 3574 1936 3645; x_wconf 87' lang='lat' dir='ltr'><strong>Apo-</strong></span> 
     </span>
    </p>
   </div>
   <div class='ocr_carea' id='block_1_70' title="bbox 276 3659 1938 3734">
    <p class='ocr_par' dir='ltr' id='par_1_70' title="bbox 276 3659 1938 3734">
     <span class='ocr_line' id='line_1_70' title="bbox 276 3659 1938 3734; baseline 0.001 -18"><span class='ocrx_word' id='word_1_496' title='bbox 276 3659 531 3728; x_wconf 88' lang='lat' dir='ltr'><strong>stolum,</strong></span> <span class='ocrx_word' id='word_1_497' title='bbox 565 3675 790 3717; x_wconf 86' lang='lat' dir='ltr'><strong>carnem</strong></span> <span class='ocrx_word' id='word_1_498' title='bbox 823 3677 994 3716; x_wconf 90' lang='lat' dir='ltr'><strong>suam</strong></span> <span class='ocrx_word' id='word_1_499' title='bbox 1034 3660 1443 3734; x_wconf 86' lang='lat' dir='ltr'><strong>cruciﬁgentes</strong></span> <span class='ocrx_word' id='word_1_500' title='bbox 1492 3678 1626 3717; x_wconf 90' lang='lat' dir='ltr'><strong>cum</strong></span> <span class='ocrx_word' id='word_1_501' title='bbox 1675 3662 1832 3717; x_wconf 89' lang='lat' dir='ltr'><strong>vitiis</strong></span> <span class='ocrx_word' id='word_1_502' title='bbox 1881 3666 1938 3718; x_wconf 90' lang='lat' dir='ltr'><strong>et</strong></span> 
     </span>
    </p>
   </div>
   <div class='ocr_carea' id='block_1_71' title="bbox 281 3748 1939 3823">
    <p class='ocr_par' dir='ltr' id='par_1_71' title="bbox 281 3748 1939 3823">
     <span class='ocr_line' id='line_1_71' title="bbox 281 3748 1939 3823; baseline 0.002 -20"><span class='ocrx_word' id='word_1_503' title='bbox 281 3749 776 3822; x_wconf 86' lang='lat' dir='ltr'><strong>concupiscentiis</strong></span> <span class='ocrx_word' id='word_1_504' title='bbox 806 3748 956 3821; x_wconf 86' lang='lat' dir='ltr'><strong>(Gal.</strong></span> <span class='ocrx_word' id='word_1_505' title='bbox 987 3766 1046 3818; x_wconf 79' lang='grc' dir='ltr'><strong>ν,</strong></span> <span class='ocrx_word' id='word_1_506' title='bbox 1075 3750 1191 3821; x_wconf 77' lang='grc'>24),</span> <span class='ocrx_word' id='word_1_507' title='bbox 1220 3749 1452 3807; x_wconf 84' lang='lat' dir='ltr'><strong>Christo</strong></span> <span class='ocrx_word' id='word_1_508' title='bbox 1501 3750 1601 3823; x_wconf 91' lang='lat' dir='ltr'><strong>qui</strong></span> <span class='ocrx_word' id='word_1_509' title='bbox 1648 3768 1784 3808; x_wconf 87' lang='lat' dir='ltr'><strong>vera</strong></span> <span class='ocrx_word' id='word_1_510' title='bbox 1822 3752 1939 3807; x_wconf 87' lang='lat' dir='ltr'><strong>vita</strong></span> 
     </span>
    </p>
   </div>
   <div class='ocr_carea' id='block_1_72' title="bbox 278 3839 1943 3912">
    <p class='ocr_par' dir='ltr' id='par_1_72' title="bbox 278 3839 1943 3912">
     <span class='ocr_line' id='line_1_72' title="bbox 278 3839 1943 3912; baseline 0.002 -18"><span class='ocrx_word' id='word_1_511' title='bbox 278 3843 367 3894; x_wconf 86' lang='lat' dir='ltr'><strong>est</strong></span> <span class='ocrx_word' id='word_1_512' title='bbox 398 3839 598 3896; x_wconf 87' lang='lat' dir='ltr'><strong>vivere</strong></span> <span class='ocrx_word' id='word_1_513' title='bbox 629 3839 872 3896; x_wconf 88' lang='lat' dir='ltr'><strong>student</strong></span> <span class='ocrx_word' id='word_1_514' title='bbox 890 3839 1020 3910; x_wconf 88' lang='lat' dir='ltr'><strong>ejus</strong></span> <span class='ocrx_word' id='word_1_515' title='bbox 1042 3839 1347 3912; x_wconf 71' lang='lat' dir='ltr'><strong>praeceptis</strong></span> <span class='ocrx_word' id='word_1_516' title='bbox 1379 3840 1805 3899; x_wconf 90' lang='lat' dir='ltr'><strong>obediendo.De</strong></span> <span class='ocrx_word' id='word_1_517' title='bbox 1835 3840 1943 3897; x_wconf 89' lang='lat' dir='ltr'><strong>hu-</strong></span> 
     </span>
    </p>
   </div>
   <div class='ocr_carea' id='block_1_73' title="bbox 273 3926 1936 4003">
    <p class='ocr_par' dir='ltr' id='par_1_73' title="bbox 273 3926 1936 4003">
     <span class='ocr_line' id='line_1_73' title="bbox 273 3926 1936 4003; baseline 0 -20"><span class='ocrx_word' id='word_1_518' title='bbox 273 3926 543 4000; x_wconf 86' lang='lat' dir='ltr'><strong>jusmodi</strong></span> <span class='ocrx_word' id='word_1_519' title='bbox 580 3928 830 3985; x_wconf 87' lang='lat' dir='ltr'><strong>mortuis</strong></span> <span class='ocrx_word' id='word_1_520' title='bbox 861 3932 917 3984; x_wconf 91' lang='lat' dir='ltr'><strong>et</strong></span> <span class='ocrx_word' id='word_1_521' title='bbox 944 3927 1090 3984; x_wconf 89' lang='lat' dir='ltr'><strong>vivis</strong></span> <span class='ocrx_word' id='word_1_522' title='bbox 1120 3928 1421 4001; x_wconf 83' lang='lat' dir='ltr'><strong>Scriptura</strong></span> <span class='ocrx_word' id='word_1_523' title='bbox 1449 3946 1618 3986; x_wconf 85' lang='lat' dir='ltr'><strong>sacra</strong></span> <span class='ocrx_word' id='word_1_524' title='bbox 1655 3946 1807 4003; x_wconf 63' lang='lat' dir='ltr'><strong>saepe</strong></span> <span class='ocrx_word' id='word_1_525' title='bbox 1853 3929 1936 3984; x_wconf 92' lang='lat' dir='ltr'><strong>lo-</strong></span> 
     </span>
    </p>
   </div>
   <div class='ocr_carea' id='block_1_74' title="bbox 284 4016 1937 4091">
    <p class='ocr_par' dir='ltr' id='par_1_74' title="bbox 284 4016 1937 4091">
     <span class='ocr_line' id='line_1_74' title="bbox 284 4016 1937 4091; baseline 0 -18"><span class='ocrx_word' id='word_1_526' title='bbox 284 4017 605 4090; x_wconf 85' lang='lat' dir='ltr'><strong>quitur.De</strong></span> <span class='ocrx_word' id='word_1_527' title='bbox 620 4016 876 4074; x_wconf 87' lang='lat' dir='ltr'><strong>mortuis</strong></span> <span class='ocrx_word' id='word_1_528' title='bbox 891 4017 1129 4089; x_wconf 89' lang='lat' dir='ltr'><strong>quidem</strong></span> <span class='ocrx_word' id='word_1_529' title='bbox 1148 4016 1207 4072; x_wconf 90' lang='lat' dir='ltr'><strong>in</strong></span> <span class='ocrx_word' id='word_1_530' title='bbox 1230 4017 1541 4091; x_wconf 84' lang='lat' dir='ltr'><strong>Evangelio</strong></span> <span class='ocrx_word' id='word_1_531' title='bbox 1562 4018 1848 4073; x_wconf 91' lang='lat' dir='ltr'><strong>Dominus</strong></span> <span class='ocrx_word' id='word_1_532' title='bbox 1869 4018 1937 4074; x_wconf 90' lang='lat' dir='ltr'><strong>ad</strong></span> 
     </span>
    </p>
   </div>
   <div class='ocr_carea' id='block_1_75' title="bbox 282 4104 1942 4179">
    <p class='ocr_par' dir='ltr' id='par_1_75' title="bbox 282 4104 1942 4179">
     <span class='ocr_line' id='line_1_75' title="bbox 282 4104 1942 4179; baseline 0 -18"><span class='ocrx_word' id='word_1_533' title='bbox 282 4107 606 4179; x_wconf 84' lang='lat' dir='ltr'><strong>quemdam</strong></span> <span class='ocrx_word' id='word_1_534' title='bbox 635 4104 780 4161; x_wconf 90' lang='lat' dir='ltr'><strong>dicit</strong></span> <span class='ocrx_word' id='word_1_535' title='bbox 813 4122 826 4162; x_wconf 89' lang='lat'><strong>:</strong></span> <span class='ocrx_word' id='word_1_536' title='bbox 854 4107 1259 4169; x_wconf 78' lang='lat' dir='ltr'><strong>Sinemortuos</strong></span> <span class='ocrx_word' id='word_1_537' title='bbox 1289 4108 1525 4179; x_wconf 87' lang='lat' dir='ltr'><strong>sepelire</strong></span> <span class='ocrx_word' id='word_1_538' title='bbox 1548 4115 1796 4163; x_wconf 88' lang='lat' dir='ltr'><strong>mortuos</strong></span> <span class='ocrx_word' id='word_1_539' title='bbox 1817 4122 1942 4162; x_wconf 88' lang='lat' dir='ltr'><strong>suos</strong></span> 
     </span>
    </p>
   </div>
   <div class='ocr_carea' id='block_1_76' title="bbox 285 4192 1943 4268">
    <p class='ocr_par' dir='ltr' id='par_1_76' title="bbox 285 4192 1943 4268">
     <span class='ocr_line' id='line_1_76' title="bbox 285 4192 1943 4268; baseline -0.001 -17"><span class='ocrx_word' id='word_1_540' title='bbox 285 4192 499 4267; x_wconf 68' lang='lat' dir='ltr'><strong>(Matth.</strong></span> <span class='ocrx_word' id='word_1_541' title='bbox 546 4211 673 4267; x_wconf 74' lang='lat' dir='ltr'><strong>vni,</strong></span> <span class='ocrx_word' id='word_1_542' title='bbox 717 4192 983 4262; x_wconf 66' lang='lat' dir='ltr'><strong>22;&#39;Luc.</strong></span> <span class='ocrx_word' id='word_1_543' title='bbox 1044 4196 1282 4263; x_wconf 27' lang='lat' dir='ltr'><strong>1x,.60).</strong></span> <span class='ocrx_word' id='word_1_544' title='bbox 1310 4195 1459 4250; x_wconf 88' lang='lat' dir='ltr'><strong>Hinc</strong></span> <span class='ocrx_word' id='word_1_545' title='bbox 1515 4201 1571 4250; x_wconf 89' lang='lat' dir='ltr'><strong>et</strong></span> <span class='ocrx_word' id='word_1_546' title='bbox 1627 4194 1943 4268; x_wconf 78' lang='lat' dir='ltr'><strong>Apostolus</strong></span> 
     </span>
    </p>
   </div>
   <div class='ocr_carea' id='block_1_77' title="bbox 284 4281 1947 4356">
    <p class='ocr_par' dir='ltr' id='par_1_77' title="bbox 284 4281 1947 4356">
     <span class='ocr_line' id='line_1_77' title="bbox 284 4281 1947 4356; baseline 0.001 -20"><span class='ocrx_word' id='word_1_547' title='bbox 284 4282 441 4338; x_wconf 78' lang='lat' dir='ltr'><strong>dicit</strong></span> <span class='ocrx_word' id='word_1_548' title='bbox 470 4300 485 4337; x_wconf 90' lang='lat'><strong>:</strong></span> <span class='ocrx_word' id='word_1_549' title='bbox 518 4282 713 4351; x_wconf 81' lang='lat' dir='ltr'><strong>Vidua,</strong></span> <span class='ocrx_word' id='word_1_550' title='bbox 745 4298 871 4356; x_wconf 69' lang='lat' dir='ltr'><strong>quae</strong></span> <span class='ocrx_word' id='word_1_551' title='bbox 898 4285 958 4338; x_wconf 91' lang='lat' dir='ltr'><strong>in</strong></span> <span class='ocrx_word' id='word_1_552' title='bbox 988 4281 1206 4338; x_wconf 83' lang='lat' dir='ltr'><strong>deliciis</strong></span> <span class='ocrx_word' id='word_1_553' title='bbox 1251 4291 1349 4354; x_wconf 88' lang='lat' dir='ltr'><strong>est,</strong></span> <span class='ocrx_word' id='word_1_554' title='bbox 1382 4284 1565 4338; x_wconf 85' lang='lat' dir='ltr'><strong>vivens</strong></span> <span class='ocrx_word' id='word_1_555' title='bbox 1607 4293 1827 4340; x_wconf 88' lang='lat' dir='ltr'><strong>mortua</strong></span> <span class='ocrx_word' id='word_1_556' title='bbox 1867 4287 1947 4340; x_wconf 88' lang='lat' dir='ltr'><strong>est</strong></span> 
     </span>
    </p>
   </div>
   <div class='ocr_carea' id='block_1_78' title="bbox 287 4371 1945 4445">
    <p class='ocr_par' dir='ltr' id='par_1_78' title="bbox 287 4371 1945 4445">
     <span class='ocr_line' id='line_1_78' title="bbox 287 4371 1945 4445; baseline 0.001 -19"><span class='ocrx_word' id='word_1_557' title='bbox 287 4371 343 4444; x_wconf 88' lang='grc' dir='ltr'><strong>(Ι</strong></span> <span class='ocrx_word' id='word_1_558' title='bbox 371 4372 513 4428; x_wconf 81' lang='lat' dir='ltr'><strong>Tim.</strong></span> <span class='ocrx_word' id='word_1_559' title='bbox 543 4388 597 4439; x_wconf 88' lang='lat' dir='ltr'><strong>v,</strong></span> <span class='ocrx_word' id='word_1_560' title='bbox 619 4372 776 4439; x_wconf 85' lang='lat' dir='ltr'><strong>6).Et</strong></span> <span class='ocrx_word' id='word_1_561' title='bbox 796 4371 1110 4429; x_wconf 87' lang='lat' dir='ltr'><strong>Psalmista</strong></span> <span class='ocrx_word' id='word_1_562' title='bbox 1134 4371 1194 4427; x_wconf 91' lang='lat' dir='ltr'><strong>in</strong></span> <span class='ocrx_word' id='word_1_563' title='bbox 1222 4373 1451 4445; x_wconf 79' lang='lat' dir='ltr'><strong>psalmo</strong></span> <span class='ocrx_word' id='word_1_564' title='bbox 1483 4373 1739 4444; x_wconf 88' lang='lat' dir='ltr'><strong>quodam</strong></span> <span class='ocrx_word' id='word_1_565' title='bbox 1770 4376 1945 4429; x_wconf 82' lang='lat' dir='ltr'><strong>tosta-</strong></span> 
     </span>
    </p>
   </div>
   <div class='ocr_carea' id='block_1_79' title="bbox 286 4450 1947 4529">
    <p class='ocr_par' dir='ltr' id='par_1_79' title="bbox 286 4450 1947 4529">
     <span class='ocr_line' id='line_1_79' title="bbox 286 4450 1947 4529; baseline 0.002 -15"><span class='ocrx_word' id='word_1_566' title='bbox 286 4462 407 4529; x_wconf 84' lang='lat' dir='ltr'><strong>tur,</strong></span> <span class='ocrx_word' id='word_1_567' title='bbox 444 4450 645 4518; x_wconf 83' lang='lat' dir='ltr'><strong>dicens</strong></span> <span class='ocrx_word' id='word_1_568' title='bbox 699 4479 714 4519; x_wconf 91' lang='lat'><strong>:</strong></span> <span class='ocrx_word' id='word_1_569' title='bbox 770 4462 1037 4519; x_wconf 86' lang='lat' dir='ltr'><strong>Universa</strong></span> <span class='ocrx_word' id='word_1_570' title='bbox 1091 4462 1306 4518; x_wconf 87' lang='lat' dir='ltr'><strong>vanitas</strong></span> <span class='ocrx_word' id='word_1_571' title='bbox 1354 4463 1531 4518; x_wconf 90' lang='lat' dir='ltr'><strong>omnis</strong></span> <span class='ocrx_word' id='word_1_572' title='bbox 1574 4463 1731 4519; x_wconf 86' lang='lat' dir='ltr'><strong>homo</strong></span> <span class='ocrx_word' id='word_1_573' title='bbox 1762 4464 1947 4519; x_wconf 78' lang='lat' dir='ltr'><strong>vivens</strong></span> 
     </span>
    </p>
   </div>
   <div class='ocr_carea' id='block_1_80' title="bbox 2042 3303 3692 3377">
    <p class='ocr_par' dir='ltr' id='par_1_80' title="bbox 2042 3303 3692 3377">
     <span class='ocr_line' id='line_1_80' title="bbox 2042 3303 3692 3377; baseline -0.001 -15"><span class='ocrx_word' id='word_1_574' title='bbox 2042 3309 2256 3377; x_wconf 87' lang='lat' dir='ltr'><strong>ceptum</strong></span> <span class='ocrx_word' id='word_1_575' title='bbox 2305 3305 2529 3359; x_wconf 86' lang='lat' dir='ltr'><strong>Domini</strong></span> <span class='ocrx_word' id='word_1_576' title='bbox 2585 3303 2829 3359; x_wconf 86' lang='lat' dir='ltr'><strong>lucidum</strong></span> <span class='ocrx_word' id='word_1_577' title='bbox 2882 3303 3217 3361; x_wconf 78' lang='lat' dir='ltr'><strong>illuminans</strong></span> <span class='ocrx_word' id='word_1_578' title='bbox 3283 3307 3461 3363; x_wconf 86' lang='lat' dir='ltr'><strong>oculos</strong></span> <span class='ocrx_word' id='word_1_579' title='bbox 3517 3306 3692 3377; x_wconf 88' lang='lat' dir='ltr'><strong>(Psal.</strong></span> 
     </span>
    </p>
   </div>
   <div class='ocr_carea' id='block_1_81' title="bbox 2043 3393 3697 3464">
    <p class='ocr_par' dir='ltr' id='par_1_81' title="bbox 2043 3393 3697 3464">
     <span class='ocr_line' id='line_1_81' title="bbox 2043 3393 3697 3464; baseline 0.001 -12"><span class='ocrx_word' id='word_1_580' title='bbox 2043 3411 2202 3463; x_wconf 79' lang='lat' dir='ltr'><strong>xvm,</strong></span> <span class='ocrx_word' id='word_1_581' title='bbox 2234 3396 2288 3460; x_wconf 93' lang='lat'><strong>8,</strong></span> <span class='ocrx_word' id='word_1_582' title='bbox 2318 3393 2395 3464; x_wconf 92' lang='lat'><strong>9).</strong></span> <span class='ocrx_word' id='word_1_583' title='bbox 2429 3393 2534 3461; x_wconf 84' lang='lat' dir='ltr'><strong>Qui</strong></span> <span class='ocrx_word' id='word_1_584' title='bbox 2560 3407 2673 3448; x_wconf 87' lang='lat' dir='ltr'><strong>non</strong></span> <span class='ocrx_word' id='word_1_585' title='bbox 2709 3394 2914 3464; x_wconf 88' lang='lat' dir='ltr'><strong>accepit</strong></span> <span class='ocrx_word' id='word_1_586' title='bbox 2958 3394 3016 3448; x_wconf 90' lang='lat' dir='ltr'><strong>in</strong></span> <span class='ocrx_word' id='word_1_587' title='bbox 3066 3408 3202 3449; x_wconf 88' lang='lat' dir='ltr'><strong>vano</strong></span> <span class='ocrx_word' id='word_1_588' title='bbox 3248 3394 3497 3449; x_wconf 81' lang='lat' dir='ltr'><strong>animum</strong></span> <span class='ocrx_word' id='word_1_589' title='bbox 3538 3409 3697 3453; x_wconf 85' lang='lat' dir='ltr'><strong>suam</strong></span> 
     </span>
    </p>
   </div>
   <div class='ocr_carea' id='block_1_82' title="bbox 2043 3481 3696 3554">
    <p class='ocr_par' dir='ltr' id='par_1_82' title="bbox 2043 3481 3696 3554">
     <span class='ocr_line' id='line_1_82' title="bbox 2043 3481 3696 3554; baseline 0 -14"><span class='ocrx_word' id='word_1_590' title='bbox 2043 3499 2142 3540; x_wconf 87' lang='lat' dir='ltr'><strong>nec</strong></span> <span class='ocrx_word' id='word_1_591' title='bbox 2163 3483 2375 3554; x_wconf 85' lang='lat' dir='ltr'><strong>juravit</strong></span> <span class='ocrx_word' id='word_1_592' title='bbox 2397 3483 2458 3537; x_wconf 88' lang='lat' dir='ltr'><strong>in</strong></span> <span class='ocrx_word' id='word_1_593' title='bbox 2485 3481 2611 3537; x_wconf 88' lang='lat' dir='ltr'><strong>doto</strong></span> <span class='ocrx_word' id='word_1_594' title='bbox 2638 3482 2891 3553; x_wconf 74' lang='lat' dir='ltr'><strong>proximo</strong></span> <span class='ocrx_word' id='word_1_595' title='bbox 2937 3498 3055 3549; x_wconf 89' lang='lat' dir='ltr'><strong>suo,</strong></span> <span class='ocrx_word' id='word_1_596' title='bbox 3106 3481 3196 3537; x_wconf 89' lang='lat' dir='ltr'><strong>hic</strong></span> <span class='ocrx_word' id='word_1_597' title='bbox 3240 3483 3488 3554; x_wconf 82' lang='lat' dir='ltr'><strong>accipiet,</strong></span> <span class='ocrx_word' id='word_1_598' title='bbox 3535 3482 3696 3541; x_wconf 83' lang='lat' dir='ltr'><strong>bene-</strong></span> 
     </span>
    </p>
   </div>
   <div class='ocr_carea' id='block_1_83' title="bbox 2043 3570 3698 3644">
    <p class='ocr_par' dir='ltr' id='par_1_83' title="bbox 2043 3570 3698 3644">
     <span class='ocr_line' id='line_1_83' title="bbox 2043 3570 3698 3644; baseline 0.002 -16"><span class='ocrx_word' id='word_1_599' title='bbox 2043 3572 2335 3628; x_wconf 86' lang='lat' dir='ltr'><strong>dictionem</strong></span> <span class='ocrx_word' id='word_1_600' title='bbox 2381 3588 2416 3627; x_wconf 89' lang='lat' dir='ltr'><strong>a</strong></span> <span class='ocrx_word' id='word_1_601' title='bbox 2460 3572 2690 3627; x_wconf 89' lang='lat' dir='ltr'><strong>Domino</strong></span> <span class='ocrx_word' id='word_1_602' title='bbox 2738 3571 2909 3642; x_wconf 84' lang='lat' dir='ltr'><strong>(Psat.</strong></span> <span class='ocrx_word' id='word_1_603' title='bbox 2954 3587 3118 3641; x_wconf 66' lang='grc' dir='ltr'>χχιιι,</span> <span class='ocrx_word' id='word_1_604' title='bbox 3180 3571 3232 3643; x_wconf 85' lang='grc'>4,</span> <span class='ocrx_word' id='word_1_605' title='bbox 3290 3570 3368 3644; x_wconf 87' lang='grc'>5).</span> <span class='ocrx_word' id='word_1_606' title='bbox 3425 3573 3698 3632; x_wconf 71' lang='lat' dir='ltr'><strong>Dominus</strong></span> 
     </span>
    </p>
   </div>
   <div class='ocr_carea' id='block_1_84' title="bbox 2044 3658 3702 3734">
    <p class='ocr_par' dir='ltr' id='par_1_84' title="bbox 2044 3658 3702 3734">
     <span class='ocr_line' id='line_1_84' title="bbox 2044 3658 3702 3734; baseline 0.002 -17"><span class='ocrx_word' id='word_1_607' title='bbox 2044 3664 2306 3717; x_wconf 87' lang='lat' dir='ltr'><strong>virtutem</strong></span> <span class='ocrx_word' id='word_1_608' title='bbox 2332 3660 2529 3732; x_wconf 84' lang='lat' dir='ltr'><strong>populo</strong></span> <span class='ocrx_word' id='word_1_609' title='bbox 2556 3674 2654 3715; x_wconf 86' lang='lat' dir='ltr'><strong>suo</strong></span> <span class='ocrx_word' id='word_1_610' title='bbox 2681 3658 2852 3727; x_wconf 84' lang='lat' dir='ltr'><strong>dabit,</strong></span> <span class='ocrx_word' id='word_1_611' title='bbox 2884 3661 3150 3719; x_wconf 86' lang='lat' dir='ltr'><strong>Dominus</strong></span> <span class='ocrx_word' id='word_1_612' title='bbox 3181 3659 3459 3718; x_wconf 86' lang='lat' dir='ltr'><strong>benedicet</strong></span> <span class='ocrx_word' id='word_1_613' title='bbox 3496 3661 3702 3734; x_wconf 83' lang='lat' dir='ltr'><strong>populo</strong></span> 
     </span>
    </p>
   </div>
   <div class='ocr_carea' id='block_1_85' title="bbox 2044 3748 3701 3823">
    <p class='ocr_par' dir='ltr' id='par_1_85' title="bbox 2044 3748 3701 3823">
     <span class='ocr_line' id='line_1_85' title="bbox 2044 3748 3701 3823; baseline 0 -17"><span class='ocrx_word' id='word_1_614' title='bbox 2044 3766 2144 3807; x_wconf 92' lang='lat' dir='ltr'><strong>suo</strong></span> <span class='ocrx_word' id='word_1_615' title='bbox 2174 3753 2234 3806; x_wconf 92' lang='lat' dir='ltr'><strong>in</strong></span> <span class='ocrx_word' id='word_1_616' title='bbox 2258 3766 2390 3823; x_wconf 88' lang='lat' dir='ltr'><strong>pace</strong></span> <span class='ocrx_word' id='word_1_617' title='bbox 2418 3748 2589 3821; x_wconf 88' lang='lat' dir='ltr'><strong>(Psal.</strong></span> <span class='ocrx_word' id='word_1_618' title='bbox 2623 3765 2821 3816; x_wconf 81' lang='lat' dir='ltr'><strong>xxvur,</strong></span> <span class='ocrx_word' id='word_1_619' title='bbox 2870 3750 2978 3821; x_wconf 88' lang='lat'><strong>11).</strong></span> <span class='ocrx_word' id='word_1_620' title='bbox 3030 3750 3206 3819; x_wconf 82' lang='lat' dir='ltr'><strong>Quam</strong></span> <span class='ocrx_word' id='word_1_621' title='bbox 3254 3766 3455 3821; x_wconf 83' lang='lat' dir='ltr'><strong>magna</strong></span> <span class='ocrx_word' id='word_1_622' title='bbox 3503 3750 3701 3809; x_wconf 84' lang='lat' dir='ltr'><strong>multi-</strong></span> 
     </span>
    </p>
   </div>
   <div class='ocr_carea' id='block_1_86' title="bbox 2048 3837 3701 3910">
    <p class='ocr_par' dir='ltr' id='par_1_86' title="bbox 2048 3837 3701 3910">
     <span class='ocr_line' id='line_1_86' title="bbox 2048 3837 3701 3910; baseline -0.002 -14"><span class='ocrx_word' id='word_1_623' title='bbox 2048 3839 2175 3896; x_wconf 87' lang='lat' dir='ltr'><strong>tudo</strong></span> <span class='ocrx_word' id='word_1_624' title='bbox 2213 3838 2522 3895; x_wconf 82' lang='lat' dir='ltr'><strong>dulcedinis</strong></span> <span class='ocrx_word' id='word_1_625' title='bbox 2575 3841 2707 3909; x_wconf 75' lang='lat' dir='ltr'><strong>tuae,</strong></span> <span class='ocrx_word' id='word_1_626' title='bbox 2759 3838 3006 3907; x_wconf 88' lang='lat' dir='ltr'><strong>Domine,</strong></span> <span class='ocrx_word' id='word_1_627' title='bbox 3058 3855 3224 3910; x_wconf 89' lang='lat' dir='ltr'><strong>quam</strong></span> <span class='ocrx_word' id='word_1_628' title='bbox 3251 3837 3585 3895; x_wconf 81' lang='lat' dir='ltr'><strong>abscondisti</strong></span> <span class='ocrx_word' id='word_1_629' title='bbox 3627 3839 3701 3893; x_wconf 88' lang='lat' dir='ltr'><strong>ti-</strong></span> 
     </span>
    </p>
   </div>
   <div class='ocr_carea' id='block_1_87' title="bbox 2047 3925 3704 3999">
    <p class='ocr_par' dir='ltr' id='par_1_87' title="bbox 2047 3925 3704 3999">
     <span class='ocr_line' id='line_1_87' title="bbox 2047 3925 3704 3999; baseline 0 -14"><span class='ocrx_word' id='word_1_630' title='bbox 2047 3928 2324 3985; x_wconf 84' lang='lat' dir='ltr'><strong>mentibus</strong></span> <span class='ocrx_word' id='word_1_631' title='bbox 2349 3932 2428 3983; x_wconf 87' lang='lat' dir='ltr'><strong>te!</strong></span> <span class='ocrx_word' id='word_1_632' title='bbox 2459 3925 2758 3983; x_wconf 79' lang='lat' dir='ltr'><strong>Abscondes</strong></span> <span class='ocrx_word' id='word_1_633' title='bbox 2784 3942 2872 3983; x_wconf 87' lang='lat' dir='ltr'><strong>eos</strong></span> <span class='ocrx_word' id='word_1_634' title='bbox 2902 3928 2964 3982; x_wconf 86' lang='lat' dir='ltr'><strong>in</strong></span> <span class='ocrx_word' id='word_1_635' title='bbox 2991 3927 3313 3991; x_wconf 83' lang='lat' dir='ltr'><strong>abscondito</strong></span> <span class='ocrx_word' id='word_1_636' title='bbox 3340 3928 3509 3999; x_wconf 82' lang='lat' dir='ltr'><strong>faciei</strong></span> <span class='ocrx_word' id='word_1_637' title='bbox 3532 3930 3648 3985; x_wconf 79' lang='lat' dir='ltr'><strong>tuae</strong></span> <span class='ocrx_word' id='word_1_638' title='bbox 3665 3944 3704 3985; x_wconf 89' lang='lat' dir='ltr'><strong>a</strong></span> 
     </span>
    </p>
   </div>
   <div class='ocr_carea' id='block_1_88' title="bbox 2048 4015 3703 4087">
    <p class='ocr_par' dir='ltr' id='par_1_88' title="bbox 2048 4015 3703 4087">
     <span class='ocr_line' id='line_1_88' title="bbox 2048 4015 3703 4087; baseline 0.001 -14"><span class='ocrx_word' id='word_1_639' title='bbox 2048 4016 2466 4073; x_wconf 85' lang='lat' dir='ltr'><strong>conturbatione</strong></span> <span class='ocrx_word' id='word_1_640' title='bbox 2497 4015 2806 4072; x_wconf 84' lang='lat' dir='ltr'><strong>hominum.</strong></span> <span class='ocrx_word' id='word_1_641' title='bbox 2835 4022 3094 4087; x_wconf 86' lang='lat' dir='ltr'><strong>Proteges</strong></span> <span class='ocrx_word' id='word_1_642' title='bbox 3135 4032 3227 4072; x_wconf 86' lang='lat' dir='ltr'><strong>eos</strong></span> <span class='ocrx_word' id='word_1_643' title='bbox 3254 4017 3315 4071; x_wconf 85' lang='lat' dir='ltr'><strong>in</strong></span> <span class='ocrx_word' id='word_1_644' title='bbox 3343 4017 3703 4079; x_wconf 83' lang='lat' dir='ltr'><strong>tabernaculo</strong></span> 
     </span>
    </p>
   </div>
   <div class='ocr_carea' id='block_1_89' title="bbox 2050 4105 3701 4177">
    <p class='ocr_par' dir='ltr' id='par_1_89' title="bbox 2050 4105 3701 4177">
     <span class='ocr_line' id='line_1_89' title="bbox 2050 4105 3701 4177; baseline 0.001 -15"><span class='ocrx_word' id='word_1_645' title='bbox 2050 4112 2146 4162; x_wconf 83' lang='lat' dir='ltr'><strong>tuo</strong></span> <span class='ocrx_word' id='word_1_646' title='bbox 2202 4123 2244 4161; x_wconf 82' lang='grc' dir='ltr'><em>α</em></span> <span class='ocrx_word' id='word_1_647' title='bbox 2291 4105 2721 4160; x_wconf 87' lang='lat' dir='ltr'><strong>contradictione</strong></span> <span class='ocrx_word' id='word_1_648' title='bbox 2771 4105 3092 4177; x_wconf 85' lang='lat' dir='ltr'><strong>linguarum</strong></span> <span class='ocrx_word' id='word_1_649' title='bbox 3116 4105 3293 4176; x_wconf 85' lang='lat' dir='ltr'><strong>(Psal.</strong></span> <span class='ocrx_word' id='word_1_650' title='bbox 3325 4123 3456 4173; x_wconf 82' lang='lat' dir='ltr'><strong>xxx,</strong></span> <span class='ocrx_word' id='word_1_651' title='bbox 3486 4107 3559 4162; x_wconf 86' lang='lat'><strong>20</strong></span> <span class='ocrx_word' id='word_1_652' title='bbox 3587 4106 3701 4176; x_wconf 83' lang='grc'>21).</span> 
     </span>
    </p>
   </div>
   <div class='ocr_carea' id='block_1_90' title="bbox 2052 4195 3706 4268">
    <p class='ocr_par' dir='ltr' id='par_1_90' title="bbox 2052 4195 3706 4268">
     <span class='ocr_line' id='line_1_90' title="bbox 2052 4195 3706 4268; baseline 0.001 -17"><span class='ocrx_word' id='word_1_653' title='bbox 2052 4196 2216 4252; x_wconf 87' lang='lat' dir='ltr'><strong>Beati</strong></span> <span class='ocrx_word' id='word_1_654' title='bbox 2266 4210 2500 4266; x_wconf 88' lang='lat' dir='ltr'><strong>quorum</strong></span> <span class='ocrx_word' id='word_1_655' title='bbox 2548 4196 2797 4250; x_wconf 69' lang='lat' dir='ltr'><strong>remissa:</strong></span> <span class='ocrx_word' id='word_1_656' title='bbox 2840 4197 2967 4249; x_wconf 88' lang='lat' dir='ltr'><strong>sunt</strong></span> <span class='ocrx_word' id='word_1_657' title='bbox 3016 4195 3363 4266; x_wconf 88' lang='lat' dir='ltr'><strong>iniquitates,</strong></span> <span class='ocrx_word' id='word_1_658' title='bbox 3393 4203 3448 4251; x_wconf 86' lang='lat' dir='ltr'><strong>et</strong></span> <span class='ocrx_word' id='word_1_659' title='bbox 3476 4210 3706 4268; x_wconf 87' lang='lat' dir='ltr'><strong>quorum</strong></span> 
     </span>
    </p>
   </div>
   <div class='ocr_carea' id='block_1_91' title="bbox 2053 4284 3709 4356">
    <p class='ocr_par' dir='ltr' id='par_1_91' title="bbox 2053 4284 3709 4356">
     <span class='ocr_line' id='line_1_91' title="bbox 2053 4284 3709 4356; baseline 0 -16"><span class='ocrx_word' id='word_1_660' title='bbox 2053 4289 2196 4342; x_wconf 82' lang='lat' dir='ltr'><strong>tecta</strong></span> <span class='ocrx_word' id='word_1_661' title='bbox 2237 4291 2364 4339; x_wconf 85' lang='lat' dir='ltr'><strong>sunt</strong></span> <span class='ocrx_word' id='word_1_662' title='bbox 2405 4286 2645 4356; x_wconf 88' lang='lat' dir='ltr'><strong>peccata.</strong></span> <span class='ocrx_word' id='word_1_663' title='bbox 2704 4284 2909 4339; x_wconf 86' lang='lat' dir='ltr'><strong>Beatus</strong></span> <span class='ocrx_word' id='word_1_664' title='bbox 2953 4285 3058 4355; x_wconf 85' lang='lat' dir='ltr'><strong>vir,</strong></span> <span class='ocrx_word' id='word_1_665' title='bbox 3113 4286 3205 4341; x_wconf 88' lang='lat' dir='ltr'><strong>cui</strong></span> <span class='ocrx_word' id='word_1_666' title='bbox 3250 4299 3360 4340; x_wconf 89' lang='lat' dir='ltr'><strong>non</strong></span> <span class='ocrx_word' id='word_1_667' title='bbox 3412 4285 3709 4356; x_wconf 83' lang='lat' dir='ltr'><strong>imputabit</strong></span> 
     </span>
    </p>
   </div>
   <div class='ocr_carea' id='block_1_92' title="bbox 2057 4372 3707 4444">
    <p class='ocr_par' dir='ltr' id='par_1_92' title="bbox 2057 4372 3707 4444">
     <span class='ocr_line' id='line_1_92' title="bbox 2057 4372 3707 4444; baseline -0.001 -15"><span class='ocrx_word' id='word_1_668' title='bbox 2057 4375 2317 4431; x_wconf 89' lang='lat' dir='ltr'><strong>Dominus</strong></span> <span class='ocrx_word' id='word_1_669' title='bbox 2342 4380 2646 4444; x_wconf 78' lang='lat' dir='ltr'><strong>peccatum,</strong></span> <span class='ocrx_word' id='word_1_670' title='bbox 2678 4388 2776 4427; x_wconf 89' lang='lat' dir='ltr'><strong>nec</strong></span> <span class='ocrx_word' id='word_1_671' title='bbox 2802 4376 2881 4427; x_wconf 89' lang='lat' dir='ltr'><strong>est</strong></span> <span class='ocrx_word' id='word_1_672' title='bbox 2910 4373 2972 4427; x_wconf 90' lang='lat' dir='ltr'><strong>in</strong></span> <span class='ocrx_word' id='word_1_673' title='bbox 2992 4373 3195 4443; x_wconf 86' lang='lat' dir='ltr'><strong>spiritu</strong></span> <span class='ocrx_word' id='word_1_674' title='bbox 3220 4374 3339 4444; x_wconf 86' lang='lat' dir='ltr'><strong>ejus</strong></span> <span class='ocrx_word' id='word_1_675' title='bbox 3367 4372 3707 4444; x_wconf 86' lang='lat' dir='ltr'><strong>dolus(Psal.</strong></span> 
     </span>
    </p>
   </div>
   <div class='ocr_carea' id='block_1_93' title="bbox 2055 4461 3712 4532">
    <p class='ocr_par' dir='ltr' id='par_1_93' title="bbox 2055 4461 3712 4532">
     <span class='ocr_line' id='line_1_93' title="bbox 2055 4461 3712 4532; baseline 0.001 -15"><span class='ocrx_word' id='word_1_676' title='bbox 2055 4479 2209 4529; x_wconf 74' lang='lat' dir='ltr'><strong>xxxx,</strong></span> <span class='ocrx_word' id='word_1_677' title='bbox 2266 4464 2314 4531; x_wconf 82' lang='grc'>1,</span> <span class='ocrx_word' id='word_1_678' title='bbox 2362 4461 2442 4532; x_wconf 91' lang='grc'>2).</span> <span class='ocrx_word' id='word_1_679' title='bbox 2474 4461 2699 4517; x_wconf 80' lang='lat' dir='ltr'><strong>Rectum</strong></span> <span class='ocrx_word' id='word_1_680' title='bbox 2741 4462 2821 4516; x_wconf 86' lang='lat' dir='ltr'><strong>est</strong></span> <span class='ocrx_word' id='word_1_681' title='bbox 2871 4462 3097 4516; x_wconf 87' lang='lat' dir='ltr'><strong>verbum</strong></span> <span class='ocrx_word' id='word_1_682' title='bbox 3155 4462 3385 4518; x_wconf 88' lang='lat' dir='ltr'><strong>Domini</strong></span> <span class='ocrx_word' id='word_1_683' title='bbox 3430 4464 3480 4518; x_wconf 84' lang='lat' dir='ltr'><strong>et</strong></span> <span class='ocrx_word' id='word_1_684' title='bbox 3524 4462 3712 4519; x_wconf 80' lang='lat' dir='ltr'><strong>omnia</strong></span> 
     </span>
    </p>
   </div>
   <div class='ocr_carea' id='block_1_94' title="bbox 288 4549 3708 4642">
    <p class='ocr_par' dir='ltr' id='par_1_94' title="bbox 288 4549 3708 4642">
     <span class='ocr_line' id='line_1_94' title="bbox 288 4549 3708 4642; baseline 0 -39"><span class='ocrx_word' id='word_1_685' title='bbox 288 4550 468 4619; x_wconf 82' lang='lat' dir='ltr'><strong>(Psal.</strong></span> <span class='ocrx_word' id='word_1_686' title='bbox 514 4567 759 4618; x_wconf 81' lang='lat' dir='ltr'><strong>xxxvnr,</strong></span> <span class='ocrx_word' id='word_1_687' title='bbox 790 4549 868 4623; x_wconf 88' lang='lat'><strong>6),</strong></span> <span class='ocrx_word' id='word_1_688' title='bbox 901 4550 1152 4642; x_wconf 84' lang='lat' dir='ltr'><strong>subaudi</strong></span> <span class='ocrx_word' id='word_1_689' title='bbox 1192 4550 1433 4642; x_wconf 75' lang='lat' dir='ltr'><strong>mundo.</strong></span> <span class='ocrx_word' id='word_1_690' title='bbox 1466 4550 1544 4642; x_wconf 80' lang='lat' dir='ltr'><strong>De</strong></span> <span class='ocrx_word' id='word_1_691' title='bbox 1602 4551 1694 4642; x_wconf 84' lang='lat' dir='ltr'><strong>his</strong></span> <span class='ocrx_word' id='word_1_692' title='bbox 1751 4556 1947 4609; x_wconf 88' lang='lat' dir='ltr'><strong>autem</strong></span> <span class='ocrx_word' id='word_1_693' title='bbox 1979 4576 2025 4642; x_wconf 82' lang='lat' dir='ltr'><strong>D</strong></span> <span class='ocrx_word' id='word_1_694' title='bbox 2057 4567 2226 4625; x_wconf 86' lang='lat' dir='ltr'><strong>opera</strong></span> <span class='ocrx_word' id='word_1_695' title='bbox 2250 4550 2386 4642; x_wconf 72' lang='lat' dir='ltr'><strong>ejus</strong></span> <span class='ocrx_word' id='word_1_696' title='bbox 2403 4551 2461 4642; x_wconf 85' lang='lat' dir='ltr'><strong>in</strong></span> <span class='ocrx_word' id='word_1_697' title='bbox 2482 4549 2843 4642; x_wconf 54' lang='lat' dir='ltr'><strong>fide._Dili_git</strong></span> <span class='ocrx_word' id='word_1_698' title='bbox 2868 4549 3301 4642; x_wconf 82' lang='lat' dir='ltr'><strong>misericordiam</strong></span> <span class='ocrx_word' id='word_1_699' title='bbox 3329 4555 3381 4642; x_wconf 77' lang='lat' dir='ltr'><strong>et</strong></span> <span class='ocrx_word' id='word_1_700' title='bbox 3403 4551 3708 4642; x_wconf 70' lang='lat' dir='ltr'><strong>judicium,</strong></span> 
     </span>
    </p>
   </div>
   <div class='ocr_carea' id='block_1_95' title="bbox 290 4637 3716 4714">
    <p class='ocr_par' dir='ltr' id='par_1_95' title="bbox 290 4637 3716 4714">
     <span class='ocr_line' id='line_1_95' title="bbox 290 4637 3716 4714; baseline 0 -20"><span class='ocrx_word' id='word_1_701' title='bbox 290 4639 391 4710; x_wconf 88' lang='lat' dir='ltr'>qui</span> <span class='ocrx_word' id='word_1_702' title='bbox 423 4640 649 4696; x_wconf 89' lang='lat' dir='ltr'><strong>mortui</strong></span> <span class='ocrx_word' id='word_1_703' title='bbox 681 4644 825 4696; x_wconf 90' lang='lat' dir='ltr'><strong>sunt</strong></span> <span class='ocrx_word' id='word_1_704' title='bbox 850 4639 1074 4708; x_wconf 82' lang='lat' dir='ltr'><strong>mundo,</strong></span> <span class='ocrx_word' id='word_1_705' title='bbox 1108 4640 1209 4697; x_wconf 90' lang='lat' dir='ltr'><strong>sed</strong></span> <span class='ocrx_word' id='word_1_706' title='bbox 1239 4640 1442 4696; x_wconf 89' lang='lat' dir='ltr'><strong>vivunt</strong></span> <span class='ocrx_word' id='word_1_707' title='bbox 1490 4641 1549 4696; x_wconf 90' lang='lat' dir='ltr'><strong>in</strong></span> <span class='ocrx_word' id='word_1_708' title='bbox 1589 4641 1818 4697; x_wconf 91' lang='lat' dir='ltr'><strong>Christo</strong></span> <span class='ocrx_word' id='word_1_709' title='bbox 1850 4658 1952 4714; x_wconf 90' lang='lat' dir='ltr'><strong>per</strong></span> <span class='ocrx_word' id='word_1_710' title='bbox 1980 4637 2017 4642; x_wconf 58' lang='grc'><strong><em>⁷</em></strong></span> <span class='ocrx_word' id='word_1_711' title='bbox 2060 4637 2446 4697; x_wconf 85' lang='lat' dir='ltr'><strong>misericordia</strong></span> <span class='ocrx_word' id='word_1_712' title='bbox 2474 4639 2697 4694; x_wconf 89' lang='lat' dir='ltr'><strong>Domini</strong></span> <span class='ocrx_word' id='word_1_713' title='bbox 2719 4638 2888 4709; x_wconf 88' lang='lat' dir='ltr'><strong>plena</strong></span> <span class='ocrx_word' id='word_1_714' title='bbox 2917 4644 2994 4692; x_wconf 88' lang='lat' dir='ltr'><strong>est</strong></span> <span class='ocrx_word' id='word_1_715' title='bbox 3024 4641 3176 4693; x_wconf 88' lang='lat' dir='ltr'><strong>terra</strong></span> <span class='ocrx_word' id='word_1_716' title='bbox 3216 4637 3393 4710; x_wconf 84' lang='lat' dir='ltr'><strong>(Psal.</strong></span> <span class='ocrx_word' id='word_1_717' title='bbox 3444 4652 3617 4709; x_wconf 76' lang='lat' dir='ltr'><strong>xxxu,</strong></span> <span class='ocrx_word' id='word_1_718' title='bbox 3658 4639 3716 4708; x_wconf 82' lang='grc'><strong>4,</strong></span> 
     </span>
    </p>
   </div>
   <div class='ocr_carea' id='block_1_96' title="bbox 292 4728 1948 4801">
    <p class='ocr_par' dir='ltr' id='par_1_96' title="bbox 292 4728 1948 4801">
     <span class='ocr_line' id='line_1_96' title="bbox 292 4728 1948 4801; baseline 0.001 -16"><span class='ocrx_word' id='word_1_719' title='bbox 292 4729 646 4801; x_wconf 86' lang='lat' dir='ltr'><strong>prophetam</strong></span> <span class='ocrx_word' id='word_1_720' title='bbox 670 4728 887 4787; x_wconf 89' lang='lat' dir='ltr'><strong>dicitur</strong></span> <span class='ocrx_word' id='word_1_721' title='bbox 919 4747 932 4785; x_wconf 90' lang='lat'><strong>:</strong></span> <span class='ocrx_word' id='word_1_722' title='bbox 966 4731 1151 4787; x_wconf 83' lang='lat' dir='ltr'><strong>Vivent</strong></span> <span class='ocrx_word' id='word_1_723' title='bbox 1179 4729 1389 4787; x_wconf 85' lang='lat' dir='ltr'><strong>mortui</strong></span> <span class='ocrx_word' id='word_1_724' title='bbox 1417 4730 1521 4795; x_wconf 88' lang='lat' dir='ltr'><strong>tui,</strong></span> <span class='ocrx_word' id='word_1_725' title='bbox 1552 4731 1780 4786; x_wconf 90' lang='lat' dir='ltr'><strong>Domine</strong></span> <span class='ocrx_word' id='word_1_726' title='bbox 1801 4730 1948 4797; x_wconf 85' lang='lat' dir='ltr'><strong>(Isai.</strong></span> 
     </span>
    </p>
   </div>
   <div class='ocr_carea' id='block_1_97' title="bbox 294 4817 1955 4891">
    <p class='ocr_par' dir='ltr' id='par_1_97' title="bbox 294 4817 1955 4891">
     <span class='ocr_line' id='line_1_97' title="bbox 294 4817 1955 4891; baseline 0.002 -20"><span class='ocrx_word' id='word_1_727' title='bbox 294 4832 449 4888; x_wconf 79' lang='lat' dir='ltr'><strong>xm,</strong></span> <span class='ocrx_word' id='word_1_728' title='bbox 486 4818 599 4891; x_wconf 88' lang='lat'><strong>19).</strong></span> <span class='ocrx_word' id='word_1_729' title='bbox 630 4818 703 4873; x_wconf 90' lang='lat' dir='ltr'><strong>Et</strong></span> <span class='ocrx_word' id='word_1_730' title='bbox 735 4817 1049 4890; x_wconf 86' lang='lat' dir='ltr'><strong>Apostolus</strong></span> <span class='ocrx_word' id='word_1_731' title='bbox 1079 4835 1092 4874; x_wconf 91' lang='lat'><strong>:</strong></span> <span class='ocrx_word' id='word_1_732' title='bbox 1124 4818 1183 4874; x_wconf 88' lang='lat' dir='ltr'><strong>Si</strong></span> <span class='ocrx_word' id='word_1_733' title='bbox 1210 4818 1955 4891; x_wconf 74' lang='lat' dir='ltr'><strong>complantati,inquit,facti</strong></span> 
     </span>
    </p>
   </div>
   <div class='ocr_carea' id='block_1_98' title="bbox 294 4906 1955 4980">
    <p class='ocr_par' dir='ltr' id='par_1_98' title="bbox 294 4906 1955 4980">
     <span class='ocr_line' id='line_1_98' title="bbox 294 4906 1955 4980; baseline 0.002 -20"><span class='ocrx_word' id='word_1_734' title='bbox 294 4922 491 4963; x_wconf 78' lang='lat' dir='ltr'><strong>sumus</strong></span> <span class='ocrx_word' id='word_1_735' title='bbox 516 4906 885 4964; x_wconf 80' lang='lat' dir='ltr'><strong>similitudini</strong></span> <span class='ocrx_word' id='word_1_736' title='bbox 910 4909 1100 4964; x_wconf 90' lang='lat' dir='ltr'><strong>mortis</strong></span> <span class='ocrx_word' id='word_1_737' title='bbox 1128 4908 1351 4980; x_wconf 85' lang='lat' dir='ltr'><strong>Christi,</strong></span> <span class='ocrx_word' id='word_1_738' title='bbox 1392 4909 1558 4963; x_wconf 86' lang='lat' dir='ltr'><strong>simul</strong></span> <span class='ocrx_word' id='word_1_739' title='bbox 1605 4917 1656 4964; x_wconf 91' lang='lat' dir='ltr'><strong>et</strong></span> <span class='ocrx_word' id='word_1_740' title='bbox 1706 4925 1955 4964; x_wconf 84' lang='lat' dir='ltr'><strong>resurre-</strong></span> 
     </span>
    </p>
   </div>
   <div class='ocr_carea' id='block_1_99' title="bbox 295 4996 1961 5069">
    <p class='ocr_par' dir='ltr' id='par_1_99' title="bbox 295 4996 1961 5069">
     <span class='ocr_line' id='line_1_99' title="bbox 295 4996 1961 5069; baseline 0.001 -18"><span class='ocrx_word' id='word_1_741' title='bbox 295 4998 501 5052; x_wconf 83' lang='lat' dir='ltr'><strong>ctionis</strong></span> <span class='ocrx_word' id='word_1_742' title='bbox 530 5000 747 5053; x_wconf 84' lang='lat' dir='ltr'><strong>erimus</strong></span> <span class='ocrx_word' id='word_1_743' title='bbox 778 4997 949 5069; x_wconf 77' lang='lat' dir='ltr'><strong>(Rom.</strong></span> <span class='ocrx_word' id='word_1_744' title='bbox 984 5014 1057 5068; x_wconf 82' lang='lat' dir='ltr'><strong>vr,</strong></span> <span class='ocrx_word' id='word_1_745' title='bbox 1088 4997 1176 5069; x_wconf 82' lang='lat'><strong>5);</strong></span> <span class='ocrx_word' id='word_1_746' title='bbox 1210 5001 1268 5053; x_wconf 89' lang='lat' dir='ltr'><strong>et</strong></span> <span class='ocrx_word' id='word_1_747' title='bbox 1310 4997 1524 5052; x_wconf 86' lang='lat' dir='ltr'><strong>iterum</strong></span> <span class='ocrx_word' id='word_1_748' title='bbox 1580 5015 1593 5053; x_wconf 90' lang='lat'><strong>:</strong></span> <span class='ocrx_word' id='word_1_749' title='bbox 1643 4996 1703 5052; x_wconf 86' lang='lat' dir='ltr'><strong>Si</strong></span> <span class='ocrx_word' id='word_1_750' title='bbox 1751 4999 1961 5054; x_wconf 87' lang='lat' dir='ltr'><strong>mortui</strong></span> 
     </span>
    </p>
   </div>
   <div class='ocr_carea' id='block_1_100' title="bbox 294 5085 1959 5159">
    <p class='ocr_par' dir='ltr' id='par_1_100' title="bbox 294 5085 1959 5159">
     <span class='ocr_line' id='line_1_100' title="bbox 294 5085 1959 5159; baseline 0.001 -18"><span class='ocrx_word' id='word_1_751' title='bbox 294 5100 493 5141; x_wconf 77' lang='lat' dir='ltr'><strong>sumus</strong></span> <span class='ocrx_word' id='word_1_752' title='bbox 519 5103 647 5142; x_wconf 88' lang='lat' dir='ltr'><strong>cum</strong></span> <span class='ocrx_word' id='word_1_753' title='bbox 680 5085 916 5153; x_wconf 86' lang='lat' dir='ltr'><strong>Christo,</strong></span> <span class='ocrx_word' id='word_1_754' title='bbox 942 5085 1212 5142; x_wconf 85' lang='lat' dir='ltr'><strong>credimus</strong></span> <span class='ocrx_word' id='word_1_755' title='bbox 1241 5087 1375 5159; x_wconf 89' lang='lat' dir='ltr'><strong>quia</strong></span> <span class='ocrx_word' id='word_1_756' title='bbox 1403 5087 1574 5142; x_wconf 87' lang='lat' dir='ltr'><strong>simul</strong></span> <span class='ocrx_word' id='word_1_757' title='bbox 1602 5088 1772 5142; x_wconf 89' lang='lat' dir='ltr'><strong>etiam</strong></span> <span class='ocrx_word' id='word_1_758' title='bbox 1817 5086 1959 5144; x_wconf 88' lang='lat' dir='ltr'><strong>vive-</strong></span> 
     </span>
    </p>
   </div>
   <div class='ocr_carea' id='block_1_101' title="bbox 297 5175 1964 5251">
    <p class='ocr_par' dir='ltr' id='par_1_101' title="bbox 297 5175 1964 5251">
     <span class='ocr_line' id='line_1_101' title="bbox 297 5175 1964 5251; baseline 0.001 -22"><span class='ocrx_word' id='word_1_759' title='bbox 297 5190 427 5251; x_wconf 74' lang='lat' dir='ltr'><strong>mus</strong></span> <span class='ocrx_word' id='word_1_760' title='bbox 451 5191 579 5230; x_wconf 86' lang='lat' dir='ltr'><strong>cum</strong></span> <span class='ocrx_word' id='word_1_761' title='bbox 613 5175 832 5233; x_wconf 76' lang='lat' dir='ltr'><strong>Christo</strong></span> <span class='ocrx_word' id='word_1_762' title='bbox 862 5176 1034 5248; x_wconf 85' lang='lat' dir='ltr'><strong>(Rom.</strong></span> <span class='ocrx_word' id='word_1_763' title='bbox 1058 5192 1134 5242; x_wconf 76' lang='lat' dir='ltr'><strong>vr,</strong></span> <span class='ocrx_word' id='word_1_764' title='bbox 1166 5176 1252 5245; x_wconf 85' lang='lat'><strong>5);</strong></span> <span class='ocrx_word' id='word_1_765' title='bbox 1289 5179 1347 5231; x_wconf 89' lang='lat' dir='ltr'><strong>et</strong></span> <span class='ocrx_word' id='word_1_766' title='bbox 1371 5175 1582 5231; x_wconf 90' lang='lat' dir='ltr'><strong>iterum</strong></span> <span class='ocrx_word' id='word_1_767' title='bbox 1618 5192 1631 5232; x_wconf 88' lang='lat'>:</span> <span class='ocrx_word' id='word_1_768' title='bbox 1664 5176 1730 5232; x_wconf 87' lang='lat' dir='ltr'><strong>Si</strong></span> <span class='ocrx_word' id='word_1_769' title='bbox 1756 5178 1964 5233; x_wconf 86' lang='lat' dir='ltr'><strong>mortui</strong></span> 
     </span>
    </p>
   </div>
   <div class='ocr_carea' id='block_1_102' title="bbox 294 5260 1964 5337">
    <p class='ocr_par' dir='ltr' id='par_1_102' title="bbox 294 5260 1964 5337">
     <span class='ocr_line' id='line_1_102' title="bbox 294 5260 1964 5337; baseline 0.002 -20"><span class='ocrx_word' id='word_1_770' title='bbox 294 5260 617 5337; x_wconf 79' lang='lat' dir='ltr'><strong>Evangelio</strong></span> <span class='ocrx_word' id='word_1_771' title='bbox 647 5264 989 5337; x_wconf 88' lang='lat' dir='ltr'><strong>unicuique,</strong></span> <span class='ocrx_word' id='word_1_772' title='bbox 1011 5264 1484 5337; x_wconf 87' lang='lat' dir='ltr'><strong>quantiscunque</strong></span> <span class='ocrx_word' id='word_1_773' title='bbox 1513 5265 1767 5337; x_wconf 89' lang='lat' dir='ltr'><strong>peccatis</strong></span> <span class='ocrx_word' id='word_1_774' title='bbox 1792 5265 1964 5322; x_wconf 88' lang='lat' dir='ltr'><strong>fuerit</strong></span> 
     </span>
    </p>
   </div>
   <div class='ocr_carea' id='block_1_103' title="bbox 297 5350 1969 5427">
    <p class='ocr_par' dir='ltr' id='par_1_103' title="bbox 297 5350 1969 5427">
     <span class='ocr_line' id='line_1_103' title="bbox 297 5350 1969 5427; baseline 0.001 -20"><span class='ocrx_word' id='word_1_775' title='bbox 297 5350 564 5427; x_wconf 81' lang='lat' dir='ltr'><strong>deditus,</strong></span> <span class='ocrx_word' id='word_1_776' title='bbox 599 5352 649 5410; x_wconf 86' lang='lat' dir='ltr'><strong>si</strong></span> <span class='ocrx_word' id='word_1_777' title='bbox 681 5354 745 5410; x_wconf 92' lang='lat' dir='ltr'><strong>in</strong></span> <span class='ocrx_word' id='word_1_778' title='bbox 777 5370 911 5410; x_wconf 91' lang='lat' dir='ltr'><strong>eum</strong></span> <span class='ocrx_word' id='word_1_779' title='bbox 943 5353 1185 5410; x_wconf 87' lang='lat' dir='ltr'><strong>credens</strong></span> <span class='ocrx_word' id='word_1_780' title='bbox 1216 5371 1283 5409; x_wconf 91' lang='lat' dir='ltr'><strong>ea</strong></span> <span class='ocrx_word' id='word_1_781' title='bbox 1314 5352 1550 5425; x_wconf 88' lang='lat' dir='ltr'><strong>deserit,</strong></span> <span class='ocrx_word' id='word_1_782' title='bbox 1576 5355 1869 5427; x_wconf 86' lang='lat' dir='ltr'><strong>promittit</strong></span> <span class='ocrx_word' id='word_1_783' title='bbox 1887 5354 1969 5410; x_wconf 88' lang='lat' dir='ltr'><strong>di-</strong></span> 
     </span>
    </p>
   </div>
   <div class='ocr_carea' id='block_1_104' title="bbox 2059 4727 3721 4800">
    <p class='ocr_par' dir='ltr' id='par_1_104' title="bbox 2059 4727 3721 4800">
     <span class='ocr_line' id='line_1_104' title="bbox 2059 4727 3721 4800; baseline -0.002 -14"><span class='ocrx_word' id='word_1_784' title='bbox 2059 4731 2136 4798; x_wconf 82' lang='lat'><strong>5).</strong></span> <span class='ocrx_word' id='word_1_785' title='bbox 2169 4734 2337 4786; x_wconf 88' lang='lat' dir='ltr'><strong>Beata</strong></span> <span class='ocrx_word' id='word_1_786' title='bbox 2365 4742 2517 4797; x_wconf 89' lang='lat' dir='ltr'><strong>gens,</strong></span> <span class='ocrx_word' id='word_1_787' title='bbox 2551 4727 2708 4793; x_wconf 80' lang='lat' dir='ltr'><strong>cuius</strong></span> <span class='ocrx_word' id='word_1_788' title='bbox 2755 4730 2833 4782; x_wconf 88' lang='lat' dir='ltr'><strong>est</strong></span> <span class='ocrx_word' id='word_1_789' title='bbox 2872 4727 3135 4782; x_wconf 81' lang='lat' dir='ltr'><strong>Dominus</strong></span> <span class='ocrx_word' id='word_1_790' title='bbox 3175 4727 3319 4783; x_wconf 87' lang='lat' dir='ltr'><strong>Deus</strong></span> <span class='ocrx_word' id='word_1_791' title='bbox 3361 4728 3513 4799; x_wconf 84' lang='lat' dir='ltr'><strong>ejus;</strong></span> <span class='ocrx_word' id='word_1_792' title='bbox 3539 4743 3721 4800; x_wconf 86' lang='lat' dir='ltr'><strong>popu-</strong></span> 
     </span>
    </p>
   </div>
   <div class='ocr_carea' id='block_1_105' title="bbox 2066 4814 3725 4890">
    <p class='ocr_par' dir='ltr' id='par_1_105' title="bbox 2066 4814 3725 4890">
     <span class='ocr_line' id='line_1_105' title="bbox 2066 4814 3725 4890; baseline -0.001 -15"><span class='ocrx_word' id='word_1_793' title='bbox 2066 4819 2171 4887; x_wconf 88' lang='lat' dir='ltr'><strong>lus,</strong></span> <span class='ocrx_word' id='word_1_794' title='bbox 2202 4833 2365 4890; x_wconf 89' lang='lat' dir='ltr'><strong>quem</strong></span> <span class='ocrx_word' id='word_1_795' title='bbox 2398 4816 2561 4886; x_wconf 87' lang='lat' dir='ltr'><strong>elegit</strong></span> <span class='ocrx_word' id='word_1_796' title='bbox 2591 4817 2652 4870; x_wconf 87' lang='lat' dir='ltr'><strong>in</strong></span> <span class='ocrx_word' id='word_1_797' title='bbox 2679 4814 3049 4871; x_wconf 66' lang='lat' dir='ltr'><strong>haereditatem</strong></span> <span class='ocrx_word' id='word_1_798' title='bbox 3078 4816 3192 4873; x_wconf 86' lang='lat' dir='ltr'><strong>sibi</strong></span> <span class='ocrx_word' id='word_1_799' title='bbox 3221 4817 3414 4888; x_wconf 63' lang='lat' dir='ltr'><strong>(Ibid,</strong></span> <span class='ocrx_word' id='word_1_800' title='bbox 3446 4817 3557 4890; x_wconf 87' lang='lat'><strong>12).</strong></span> <span class='ocrx_word' id='word_1_801' title='bbox 3587 4819 3725 4873; x_wconf 83' lang='lat' dir='ltr'><strong>Ecce</strong></span> 
     </span>
    </p>
   </div>
   <div class='ocr_carea' id='block_1_106' title="bbox 2066 4906 3723 4979">
    <p class='ocr_par' dir='ltr' id='par_1_106' title="bbox 2066 4906 3723 4979">
     <span class='ocr_line' id='line_1_106' title="bbox 2066 4906 3723 4979; baseline -0.001 -15"><span class='ocrx_word' id='word_1_802' title='bbox 2066 4909 2212 4964; x_wconf 88' lang='lat' dir='ltr'><strong>oculi</strong></span> <span class='ocrx_word' id='word_1_803' title='bbox 2240 4906 2465 4963; x_wconf 90' lang='lat' dir='ltr'><strong>Domini</strong></span> <span class='ocrx_word' id='word_1_804' title='bbox 2491 4920 2655 4977; x_wconf 86' lang='lat' dir='ltr'><strong>super</strong></span> <span class='ocrx_word' id='word_1_805' title='bbox 2682 4908 2983 4962; x_wconf 88' lang='lat' dir='ltr'><strong>metuentes</strong></span> <span class='ocrx_word' id='word_1_806' title='bbox 3012 4921 3159 4978; x_wconf 88' lang='lat' dir='ltr'><strong>cum,</strong></span> <span class='ocrx_word' id='word_1_807' title='bbox 3179 4909 3232 4963; x_wconf 84' lang='lat' dir='ltr'><strong>et</strong></span> <span class='ocrx_word' id='word_1_808' title='bbox 3260 4906 3318 4962; x_wconf 91' lang='lat' dir='ltr'><strong>in</strong></span> <span class='ocrx_word' id='word_1_809' title='bbox 3349 4907 3453 4973; x_wconf 89' lang='lat' dir='ltr'><strong>eis,</strong></span> <span class='ocrx_word' id='word_1_810' title='bbox 3477 4908 3576 4978; x_wconf 89' lang='lat' dir='ltr'><strong>qui</strong></span> <span class='ocrx_word' id='word_1_811' title='bbox 3602 4922 3723 4979; x_wconf 81' lang='lat' dir='ltr'><strong>spe-</strong></span> 
     </span>
    </p>
   </div>
   <div class='ocr_carea' id='block_1_107' title="bbox 2068 4994 3725 5068">
    <p class='ocr_par' dir='ltr' id='par_1_107' title="bbox 2068 4994 3725 5068">
     <span class='ocr_line' id='line_1_107' title="bbox 2068 4994 3725 5068; baseline -0.001 -15"><span class='ocrx_word' id='word_1_812' title='bbox 2068 5001 2194 5053; x_wconf 86' lang='lat' dir='ltr'><strong>rant</strong></span> <span class='ocrx_word' id='word_1_813' title='bbox 2222 5012 2383 5068; x_wconf 88' lang='lat' dir='ltr'><strong>super</strong></span> <span class='ocrx_word' id='word_1_814' title='bbox 2413 4995 2803 5051; x_wconf 82' lang='lat' dir='ltr'><strong>misericordia</strong></span> <span class='ocrx_word' id='word_1_815' title='bbox 2830 4994 2981 5066; x_wconf 83' lang='lat' dir='ltr'><strong>ejus;</strong></span> <span class='ocrx_word' id='word_1_816' title='bbox 3013 5004 3073 5050; x_wconf 91' lang='lat' dir='ltr'><strong>ut</strong></span> <span class='ocrx_word' id='word_1_817' title='bbox 3101 5000 3260 5052; x_wconf 87' lang='lat' dir='ltr'><strong>eruat</strong></span> <span class='ocrx_word' id='word_1_818' title='bbox 3307 5012 3345 5053; x_wconf 91' lang='lat' dir='ltr'><strong>a</strong></span> <span class='ocrx_word' id='word_1_819' title='bbox 3390 5005 3565 5054; x_wconf 86' lang='lat' dir='ltr'><strong>morte</strong></span> <span class='ocrx_word' id='word_1_820' title='bbox 3600 4997 3725 5059; x_wconf 82' lang='lat' dir='ltr'><strong>ani-</strong></span> 
     </span>
    </p>
   </div>
   <div class='ocr_carea' id='block_1_108' title="bbox 2068 5084 3783 5157">
    <p class='ocr_par' dir='ltr' id='par_1_108' title="bbox 2068 5084 3783 5157">
     <span class='ocr_line' id='line_1_108' title="bbox 2068 5084 3783 5157; baseline -0.001 -14"><span class='ocrx_word' id='word_1_821' title='bbox 2068 5102 2188 5143; x_wconf 87' lang='lat' dir='ltr'><strong>mas</strong></span> <span class='ocrx_word' id='word_1_822' title='bbox 2229 5101 2441 5152; x_wconf 86' lang='lat' dir='ltr'><strong>eorum,</strong></span> <span class='ocrx_word' id='word_1_823' title='bbox 2473 5091 2525 5139; x_wconf 89' lang='lat' dir='ltr'><strong>et</strong></span> <span class='ocrx_word' id='word_1_824' title='bbox 2554 5084 2668 5139; x_wconf 85' lang='lat' dir='ltr'><strong>alat</strong></span> <span class='ocrx_word' id='word_1_825' title='bbox 2714 5100 2802 5140; x_wconf 87' lang='lat' dir='ltr'><strong>eos</strong></span> <span class='ocrx_word' id='word_1_826' title='bbox 2841 5086 2901 5139; x_wconf 85' lang='lat' dir='ltr'><strong>in</strong></span> <span class='ocrx_word' id='word_1_827' title='bbox 2948 5086 3096 5154; x_wconf 85' lang='lat' dir='ltr'><strong>fame</strong></span> <span class='ocrx_word' id='word_1_828' title='bbox 3140 5084 3325 5157; x_wconf 86' lang='lat' dir='ltr'><strong>(Ibid.,</strong></span> <span class='ocrx_word' id='word_1_829' title='bbox 3358 5086 3424 5140; x_wconf 90' lang='grc'><strong>18</strong></span> <span class='ocrx_word' id='word_1_830' title='bbox 3456 5086 3566 5157; x_wconf 83' lang='grc'>19).</span> <span class='ocrx_word' id='word_1_831' title='bbox 3610 5087 3725 5140; x_wconf 83' lang='lat' dir='ltr'><strong>Im-</strong></span> <span class='ocrx_word' id='word_1_832' title='bbox 3770 5134 3783 5141; x_wconf 76' lang='lat'><strong>-</strong></span> 
     </span>
    </p>
   </div>
   <div class='ocr_carea' id='block_1_109' title="bbox 2070 5174 3729 5246">
    <p class='ocr_par' dir='ltr' id='par_1_109' title="bbox 2070 5174 3729 5246">
     <span class='ocr_line' id='line_1_109' title="bbox 2070 5174 3729 5246; baseline -0.001 -14"><span class='ocrx_word' id='word_1_833' title='bbox 2070 5176 2242 5232; x_wconf 85' lang='lat' dir='ltr'><strong>mittit</strong></span> <span class='ocrx_word' id='word_1_834' title='bbox 2270 5175 2498 5246; x_wconf 83' lang='lat' dir='ltr'><strong>angelus</strong></span> <span class='ocrx_word' id='word_1_835' title='bbox 2525 5174 2750 5230; x_wconf 89' lang='lat' dir='ltr'><strong>Domini</strong></span> <span class='ocrx_word' id='word_1_836' title='bbox 2778 5174 2838 5228; x_wconf 89' lang='lat' dir='ltr'><strong>in</strong></span> <span class='ocrx_word' id='word_1_837' title='bbox 2870 5174 3104 5230; x_wconf 86' lang='lat' dir='ltr'><strong>circuitu</strong></span> <span class='ocrx_word' id='word_1_838' title='bbox 3136 5175 3452 5230; x_wconf 85' lang='lat' dir='ltr'><strong>timentium</strong></span> <span class='ocrx_word' id='word_1_839' title='bbox 3492 5189 3637 5243; x_wconf 89' lang='lat' dir='ltr'><strong>eum,</strong></span> <span class='ocrx_word' id='word_1_840' title='bbox 3677 5181 3729 5230; x_wconf 85' lang='lat' dir='ltr'><strong>et</strong></span> 
     </span>
    </p>
   </div>
   <div class='ocr_carea' id='block_1_110' title="bbox 2073 5262 3732 5336">
    <p class='ocr_par' dir='ltr' id='par_1_110' title="bbox 2073 5262 3732 5336">
     <span class='ocr_line' id='line_1_110' title="bbox 2073 5262 3732 5336; baseline -0.001 -14"><span class='ocrx_word' id='word_1_841' title='bbox 2073 5267 2268 5336; x_wconf 61' lang='lat' dir='ltr'><strong>eripiet</strong></span> <span class='ocrx_word' id='word_1_842' title='bbox 2296 5281 2384 5321; x_wconf 81' lang='lat' dir='ltr'><strong>eos</strong></span> <span class='ocrx_word' id='word_1_843' title='bbox 2415 5264 2589 5335; x_wconf 85' lang='lat' dir='ltr'><strong>(Psal.</strong></span> <span class='ocrx_word' id='word_1_844' title='bbox 2622 5280 2823 5329; x_wconf 62' lang='lat' dir='ltr'><strong>xum,</strong></span> <span class='ocrx_word' id='word_1_845' title='bbox 2874 5264 2951 5334; x_wconf 90' lang='grc'>8).</span> <span class='ocrx_word' id='word_1_846' title='bbox 3001 5266 3170 5321; x_wconf 75' lang='lat' dir='ltr'><strong>Juxta</strong></span> <span class='ocrx_word' id='word_1_847' title='bbox 3211 5266 3291 5320; x_wconf 85' lang='lat' dir='ltr'><strong>est</strong></span> <span class='ocrx_word' id='word_1_848' title='bbox 3336 5265 3600 5320; x_wconf 89' lang='lat' dir='ltr'><strong>Dominus</strong></span> <span class='ocrx_word' id='word_1_849' title='bbox 3643 5262 3732 5321; x_wconf 78' lang='lat' dir='ltr'><strong>his</strong></span> 
     </span>
    </p>
   </div>
   <div class='ocr_carea' id='block_1_111' title="bbox 2075 5353 3734 5428">
    <p class='ocr_par' dir='ltr' id='par_1_111' title="bbox 2075 5353 3734 5428">
     <span class='ocr_line' id='line_1_111' title="bbox 2075 5353 3734 5428; baseline 0 -19"><span class='ocrx_word' id='word_1_850' title='bbox 2075 5372 2172 5428; x_wconf 81' lang='lat' dir='ltr'><strong>qui</strong></span> <span class='ocrx_word' id='word_1_851' title='bbox 2228 5354 2487 5410; x_wconf 85' lang='lat' dir='ltr'><strong>tribulato</strong></span> <span class='ocrx_word' id='word_1_852' title='bbox 2514 5362 2643 5410; x_wconf 89' lang='lat' dir='ltr'><strong>sunt</strong></span> <span class='ocrx_word' id='word_1_853' title='bbox 2670 5353 2852 5423; x_wconf 88' lang='lat' dir='ltr'><strong>corde,</strong></span> <span class='ocrx_word' id='word_1_854' title='bbox 2881 5361 2933 5410; x_wconf 89' lang='lat' dir='ltr'><strong>et</strong></span> <span class='ocrx_word' id='word_1_855' title='bbox 2958 5354 3194 5411; x_wconf 80' lang='lat' dir='ltr'><strong>humiles</strong></span> <span class='ocrx_word' id='word_1_856' title='bbox 3235 5355 3440 5426; x_wconf 89' lang='lat' dir='ltr'><strong>spiritu</strong></span> <span class='ocrx_word' id='word_1_857' title='bbox 3474 5353 3734 5413; x_wconf 86' lang='lat' dir='ltr'><strong>salvabit.</strong></span> 
     </span>
    </p>
   </div>
   <div class='ocr_carea' id='block_1_112' title="bbox 300 5443 3737 5517">
    <p class='ocr_par' dir='ltr' id='par_1_112' title="bbox 300 5443 3737 5517">
     <span class='ocr_line' id='line_1_112' title="bbox 300 5443 3737 5517; baseline 0.001 -21"><span class='ocrx_word' id='word_1_858' title='bbox 300 5455 452 5498; x_wconf 80' lang='lat' dir='ltr'><strong>cens</strong></span> <span class='ocrx_word' id='word_1_859' title='bbox 479 5459 494 5497; x_wconf 92' lang='lat'><strong>:</strong></span> <span class='ocrx_word' id='word_1_860' title='bbox 528 5445 642 5514; x_wconf 84' lang='lat' dir='ltr'><strong>Qui</strong></span> <span class='ocrx_word' id='word_1_861' title='bbox 661 5443 840 5500; x_wconf 84' lang='lat' dir='ltr'><strong>credit</strong></span> <span class='ocrx_word' id='word_1_862' title='bbox 868 5444 930 5498; x_wconf 91' lang='lat' dir='ltr'><strong>in</strong></span> <span class='ocrx_word' id='word_1_863' title='bbox 955 5458 1060 5511; x_wconf 88' lang='lat' dir='ltr'><strong>me,</strong></span> <span class='ocrx_word' id='word_1_864' title='bbox 1091 5444 1311 5499; x_wconf 87' lang='lat' dir='ltr'><strong>etiamsi</strong></span> <span class='ocrx_word' id='word_1_865' title='bbox 1336 5444 1802 5513; x_wconf 87' lang='lat' dir='ltr'><strong>mortuus,fuerit,</strong></span> <span class='ocrx_word' id='word_1_866' title='bbox 1826 5445 1972 5499; x_wconf 86' lang='lat' dir='ltr'><strong>vivet</strong></span> <span class='ocrx_word' id='word_1_867' title='bbox 2080 5445 2256 5501; x_wconf 65' lang='lat' dir='ltr'><strong>Multw</strong></span> <span class='ocrx_word' id='word_1_868' title='bbox 2286 5445 2666 5502; x_wconf 87' lang='lat' dir='ltr'><strong>tribulationes</strong></span> <span class='ocrx_word' id='word_1_869' title='bbox 2703 5446 3004 5517; x_wconf 87' lang='lat' dir='ltr'><strong>justorum,</strong></span> <span class='ocrx_word' id='word_1_870' title='bbox 3056 5448 3108 5499; x_wconf 89' lang='lat' dir='ltr'><strong>et</strong></span> <span class='ocrx_word' id='word_1_871' title='bbox 3146 5443 3229 5501; x_wconf 82' lang='lat' dir='ltr'><strong>de&#39;</strong></span> <span class='ocrx_word' id='word_1_872' title='bbox 3258 5446 3515 5501; x_wconf 86' lang='lat' dir='ltr'><strong>omnibus</strong></span> <span class='ocrx_word' id='word_1_873' title='bbox 3544 5445 3630 5500; x_wconf 82' lang='lat' dir='ltr'><strong>his</strong></span> <span class='ocrx_word' id='word_1_874' title='bbox 3658 5445 3737 5501; x_wconf 81' lang='lat' dir='ltr'><strong>li-</strong></span> 
     </span>
    </p>
   </div>
   <div class='ocr_carea' id='block_1_113' title="bbox 299 5526 3741 5606">
    <p class='ocr_par' dir='ltr' id='par_1_113' title="bbox 299 5526 3741 5606">
     <span class='ocr_line' id='line_1_113' title="bbox 299 5526 3741 5606; baseline 0.001 -19"><span class='ocrx_word' id='word_1_875' title='bbox 299 5529 572 5605; x_wconf 62' lang='lat' dir='ltr'><strong>(Jon.xr,</strong></span> <span class='ocrx_word' id='word_1_876' title='bbox 602 5533 719 5606; x_wconf 86' lang='lat'><strong>25).</strong></span> <span class='ocrx_word' id='word_1_877' title='bbox 770 5534 857 5589; x_wconf 83' lang='lat' dir='ltr'><strong>Ex</strong></span> <span class='ocrx_word' id='word_1_878' title='bbox 889 5526 1119 5605; x_wconf 84' lang='lat' dir='ltr'><strong>quibus</strong></span> <span class='ocrx_word' id='word_1_879' title='bbox 1165 5532 1441 5588; x_wconf 89' lang='lat' dir='ltr'><strong>omnibus</strong></span> <span class='ocrx_word' id='word_1_880' title='bbox 1491 5530 1789 5604; x_wconf 81' lang='lat' dir='ltr'><strong>colligitur</strong></span> <span class='ocrx_word' id='word_1_881' title='bbox 1834 5533 1974 5606; x_wconf 88' lang='lat' dir='ltr'><strong>quia</strong></span> <span class='ocrx_word' id='word_1_882' title='bbox 2084 5535 2289 5591; x_wconf 86' lang='lat' dir='ltr'><strong>berabit</strong></span> <span class='ocrx_word' id='word_1_883' title='bbox 2336 5549 2426 5589; x_wconf 88' lang='lat' dir='ltr'><strong>eos</strong></span> <span class='ocrx_word' id='word_1_884' title='bbox 2473 5535 2758 5591; x_wconf 87' lang='lat' dir='ltr'><strong>Dominus.</strong></span> <span class='ocrx_word' id='word_1_885' title='bbox 2793 5533 3033 5592; x_wconf 88' lang='lat' dir='ltr'><strong>Custodit</strong></span> <span class='ocrx_word' id='word_1_886' title='bbox 3078 5533 3355 5590; x_wconf 87' lang='lat' dir='ltr'><strong>Dominus</strong></span> <span class='ocrx_word' id='word_1_887' title='bbox 3383 5535 3572 5590; x_wconf 88' lang='lat' dir='ltr'><strong>omnia</strong></span> <span class='ocrx_word' id='word_1_888' title='bbox 3618 5548 3741 5597; x_wconf 79' lang='lat' dir='ltr'><strong>ossa</strong></span> 
     </span>
    </p>
   </div>
   <div class='ocr_carea' id='block_1_114' title="bbox 298 5620 3737 5700">
    <p class='ocr_par' dir='ltr' id='par_1_114' title="bbox 298 5620 3737 5700">
     <span class='ocr_line' id='line_1_114' title="bbox 298 5620 3737 5700; baseline -0.001 -20"><span class='ocrx_word' id='word_1_889' title='bbox 298 5620 1598 5699; x_wconf 80' lang='lat' dir='ltr'><strong>Psalmistaeosquivitiisadhucomnimodo</strong></span> <span class='ocrx_word' id='word_1_890' title='bbox 1618 5620 1972 5695; x_wconf 84' lang='lat' dir='ltr'><strong>deserviunt,</strong></span> <span class='ocrx_word' id='word_1_891' title='bbox 2084 5638 2291 5697; x_wconf 86' lang='lat' dir='ltr'><strong>eorum,</strong></span> <span class='ocrx_word' id='word_1_892' title='bbox 2322 5639 2497 5681; x_wconf 86' lang='lat' dir='ltr'><strong>unum</strong></span> <span class='ocrx_word' id='word_1_893' title='bbox 2544 5639 2616 5682; x_wconf 73' lang='lat' dir='ltr'><strong>ea:</strong></span> <span class='ocrx_word' id='word_1_894' title='bbox 2660 5623 2748 5681; x_wconf 86' lang='lat' dir='ltr'><strong>his</strong></span> <span class='ocrx_word' id='word_1_895' title='bbox 2794 5640 2904 5682; x_wconf 83' lang='lat' dir='ltr'><strong>non</strong></span> <span class='ocrx_word' id='word_1_896' title='bbox 2951 5626 3261 5687; x_wconf 79' lang='lat' dir='ltr'><strong>conteretur</strong></span> <span class='ocrx_word' id='word_1_897' title='bbox 3290 5623 3474 5700; x_wconf 82' lang='lat' dir='ltr'><strong>(lbid.,</strong></span> <span class='ocrx_word' id='word_1_898' title='bbox 3508 5623 3595 5694; x_wconf 84' lang='lat'><strong>19,</strong></span> <span class='ocrx_word' id='word_1_899' title='bbox 3623 5622 3737 5696; x_wconf 89' lang='grc'>21).</span> 
     </span>
    </p>
   </div>
  </div>
