4108 6188
435 351 548 408 1'75

1444 343 1787 405 OTHLONI
1833 342 2186 403 MONACHI
2235 345 2297 403 S.
2346 341 2835 404 EMMERAMMI

3725 339 3837 400 176
3911 373 3924 379 -

431 481 622 538 Melius
650 482 729 536 est
757 477 1028 535 modicum
1066 476 1218 548 justo
1264 492 1425 549 super
1469 476 1695 532 divitias
1730 483 2076 548 peccatorum
2105 478 2159 543 Α
2189 476 2375 532 dinem
2403 475 2616 531 dierum
2645 476 2818 548 (Psal.
2851 492 2985 542 XCII,
3025 476 3101 546 5).
3138 475 3256 528 Lua:
3302 475 3422 528 orta
3468 476 3547 528 est
3585 473 3734 544 justo
3783 477 3839 528 et

433 571 657 625 multas.
685 569 842 624 Novit
867 568 1131 623 Dominus
1158 567 1276 622 dies
1316 566 1816 632 immaculatorum,
1865 569 1918 621 et
1965 567 2079 620 h2-

361 707 368 710 .
437 657 642 714 reditas
685 673 873 712 eorum
920 657 982 711 in
1027 660 1295 712 aeternum
1323 658 1446 712 erit.
1480 656 1598 712 Non
1621 656 1986 726 confundetur
2017 656 2077 709 in

432 753 669 818 tempore
695 747 862 817 malo,
894 754 944 802 et
973 747 1032 802 in
1059 746 1250 802 diebus
1290 744 1460 817 famis
1494 746 1914 812 saturabuntur,
1948 747 2079 816 quia

429 843 732 906 peccatores
755 836 1034 908 peribunt.
1062 834 1218 908 Apud
1246 835 1536 890 Dominum
1578 851 1796 908 gressus
1841 835 2078 889 hominis

427 925 754 997 dirigentur,
786 933 842 980 et
867 926 1015 980 viam
1043 927 1160 996 eius
1190 925 1346 980 volet.
1381 925 1514 980 Cum
1541 924 1794 980 ceciderit
1821 940 1929 980 non
1959 922 2074 978 col-

427 1014 653 1084 lidetur,
685 1016 815 1087 quia
843 1015 1106 1071 Dominus
1133 1016 1391 1086 supponit
1432 1031 1659 1069 manum
1697 1031 1856 1069 suam
1904 1013 2073 1085 (Psal.

426 1120 617 1174 XXXVI,
655 1104 744 1173 16,
772 1104 884 1175 24).
910 1106 1104 1160 Beatus
1136 1105 1238 1170 vir,
1287 1105 1445 1174 cujus
1491 1109 1575 1158 est
1622 1119 1818 1159 nomen
1857 1104 2077 1158 Domini

425 1209 545 1265 spes
590 1194 728 1264 ejus,
779 1197 832 1249 et
874 1209 984 1248 non
1031 1195 1276 1265 respexit
1322 1195 1380 1248 in
1435 1193 1705 1248 vanitates
1735 1196 1787 1246 et
1824 1193 2076 1247 insanias

423 1281 599 1352 falsas
631 1281 801 1353 (Psal.
829 1298 1021 1350 XXXIX,
1051 1282 1124 1350 5).
1161 1283 1294 1347 Quae
1335 1281 1560 1337 scilicet
1607 1281 1898 1336 sententia
1941 1297 2073 1352 spe-

425 1369 650 1426 cialiter
676 1370 832 1425 dicta
861 1375 1065 1426 contra
1095 1386 1194 1426 eos
1225 1370 1346 1442 qui,
1367 1371 1539 1440 juxta
1568 1386 1790 1425 morem
1820 1368 2076 1426 ethnico-

425 1476 580 1533 rum,
613 1459 964 1531 auguriandi
994 1459 1079 1515 vel
1111 1459 1360 1531 turpiter
1396 1459 1633 1516 ludendi
1677 1464 1926 1515 utuntur
1973 1476 2074 1514 va-

424 1549 630 1615 nitate,
656 1553 1078 1604 commemorat
1107 1565 1242 1604 eum
1272 1548 1510 1604 beatum
1539 1565 1668 1605 esse
1717 1548 1815 1620 qui
1865 1549 2071 1618 hujus-

425 1637 584 1694 modi
615 1637 905 1693 vanitates
936 1637 1178 1709 respuit.

493 1727 761 1783 Dominus
791 1727 1059 1781 virtutum
1103 1726 1404 1795 nobiscum,
1459 1725 1712 1782 subaudi
1750 1735 1852 1793 est,
1899 1742 2074 1781 susce-

417 1823 545 1886 ptor
572 1819 757 1871 noster
783 1816 924 1872 Deus
953 1817 1114 1871 Jacob
1168 1816 1340 1886 (Psal.
1388 1833 1511 1882 XLV,
1564 1815 1675 1887 l2).
1731 1817 1945 1886 Beatus,
1975 1818 2076 1888 qui

425 1902 696 1972 intelligit
741 1920 906 1976 super
950 1920 1184 1970 egenum
1230 1914 1280 1960 et
1329 1920 1645 1977 pauperem,
1687 1905 1746 1959 in
1793 1905 1882 1960 die
1924 1905 2074 1961 mala

427 1993 683 2048 liberabit
725 2009 850 2049 eum
896 1993 1159 2048 Dominus
1201 1995 1376 2063 (Psal.
1427 2011 1518 2063 XL,
1564 1995 1640 2062 2).
1693 1993 1822 2049 Haec
1876 1999 2072 2050 autem

426 2081 716 2138 sententia
745 2081 1177 2154 particulariter
1205 2089 1294 2137 est
1324 2081 1700 2154 intelligenda
1731 2082 1889 2155 quia,
1921 2082 2074 2139 sicut

427 2187 543 2226 non
574 2187 779 2227 omnes
799 2171 965 2244 egeni
997 2175 1055 2227 et
1081 2187 1365 2244 pauperes
1391 2171 1540 2227 beati
1565 2173 1832 2242 sunt,sed
1853 2171 2073 2227 solum-

428 2260 600 2316 modo
631 2277 918 2334 pauperes
948 2259 1158 2332 spiritu
1192 2260 1343 2317 beati
1374 2259 1662 2328 existunt;
1713 2261 1794 2315 ita
1842 2276 2074 2332 quoque

425 2349 524 2406 ille
548 2350 649 2422 qui
683 2367 860 2422 super
888 2351 1122 2406 eosdem
1154 2351 1236 2406 ita
1265 2349 1532 2422 intelligi,
1568 2355 1628 2404 ut
1657 2349 1776 2405 illis
1794 2350 2074 2406 miserea-

425 2445 545 2508 tur,
573 2439 781 2495 beatus
812 2439 1182 2495 solummodo
1210 2439 1268 2493 in
1301 2439 1408 2494 hoc
1449 2440 1600 2494 facto
1631 2439 1916 2495 dicendus
1964 2444 2070 2494 est.

425 2529 668 2585 Laetetur
690 2543 845 2584 mons
876 2527 1028 2594 Sion,
1077 2532 1129 2583 et
1174 2528 1449 2583 exsultent
1493 2528 1632 2598 ﬁliae
1670 2528 1829 2584 Judee
1856 2537 2077 2600 propter

416 2615 636 2688 judicia
662 2619 779 2685 tua,
810 2616 1039 2672 Domine
1069 2617 1239 2689 (Psal.
1273 2634 1444 2687 XLVII,
1480 2617 1588 2689 12).
1621 2618 1800 2687 Cujus
1843 2622 2073 2673 senten-

427 2704 519 2760 tiae
551 2721 762 2762 sensus
793 2710 881 2762 est
908 2705 1018 2762 iste
1051 2721 1063 2760 :
1098 2705 1343 2777 gloriam
1376 2711 1561 2775 tuam,
1592 2706 2073 2778 Domine,specu-

427 2794 617 2852 lantes
647 2800 704 2852 et
734 2811 947 2854 nomen
992 2798 1162 2850 tuum
1211 2795 1554 2850 conﬁtentes
1602 2794 1866 2850 laetentur
1905 2796 1964 2850 in
1996 2800 2072 2850 te.

426 2885 774 2955 Sacriﬁcium
804 2890 912 2942 Deo
941 2886 1172 2956 spiritus
1199 2885 1622 2950 contribulatus,
1651 2901 1744 2941 cor
1779 2888 2076 2940 contritum

429 2978 480 3031 et
510 2975 886 3046 humiliatum,
919 2975 1077 3044 Deus,
1103 2990 1215 3030 non
1243 2974 1510 3044 despicies
1528 2975 1701 3045 (Psal.
1735 2975 1900 3046 L,19).
1933 2978 2074 3031 Bea-

430 3072 537 3132 tus,
561 3079 719 3135 quem
741 3065 966 3134 elegisti
994 3066 1042 3120 et
1072 3065 1435 3135 assumpsisti,
1462 3064 1706 3131 Domine,
1742 3065 2076 3121 inhabitabit

433 3154 495 3208 in
524 3153 685 3208 atriis
711 3153 822 3208 tuis
851 3153 1023 3224 (Psal.
1071 3169 1217 3220 LXIV,
1265 3153 1342 3223 5).
1380 3153 1638 3207 Dominus
1667 3153 1825 3209 dabit
1856 3156 2077 3210 verbum

2103 1858 2152 1923 B

2186 567 2354 621 rectis
2379 568 2535 621 corde
2565 566 2764 623 laetitia
2796 565 2970 632 (Psal.
3004 581 3152 634 XCVI,
3187 563 3296 635 11).
3319 563 3580 618 Dominus
3613 563 3673 617 in
3706 562 3838 618 Sion

2185 671 2419 724 magnus
2449 662 2499 710 et
2525 656 2768 710 excelsus
2792 670 2954 726 super
2982 669 3168 710 omnes
3190 653 3423 724 populos
3453 651 3624 722 (Psal.
3642 667 3834 723 XCVIII,

2186 744 2261 814 2).
2298 743 2674 801 Misericordia
2720 744 2941 798 Domini
2979 743 3045 797 ab
3075 750 3283 798 κίενηο
3311 749 3362 797 et
3393 756 3559 812 usque
3587 741 3646 795 in
3675 743 3834 796 mter-

2184 850 2320 887 num
2349 849 2517 904 super
2544 834 2792 888 timentes
2820 849 2964 902 eum,
3019 840 3074 886 et
3111 831 3336 902 justitia
3383 829 3539 884 illius
3583 831 3642 884 in
3687 829 3835 898 ﬁlios

2182 921 2435 992 ﬁliorum
2464 923 2548 978 his
2575 922 2672 992 qui
2695 925 2921 976 servunt
2951 923 3339 975 testamentum
3366 917 3502 990 ejus,
3534 926 3586 973 et
3623 933 3832 974 memo-

2183 1027 2269 1066 res
2301 1019 2429 1068 sunt
2455 1012 2847 1066 mandatorum
2886 1011 3060 1081 ipsius
3089 1009 3159 1064 ad
3185 1007 3501 1080 faciendum
3547 1023 3611 1062 ea
3658 1007 3810 1078 (Psal

2184 1100 2376 1171 CII,l7,
2405 1101 2515 1172 18).
2546 1103 2782 1155 Laetetur
2809 1115 2902 1154 cor
2930 1099 3295 1170 quzrrentium
3325 1096 3622 1153 Dominum
3653 1096 3829 1168 (Psal.

2185 1208 2291 1257 CIV,
2341 1191 2414 1262 3).
2463 1192 2634 1258 Beati,
2685 1191 2780 1262 qui
2823 1189 3136 1244 custodiunt
3175 1187 3474 1259 judicium,
3523 1190 3574 1242 et
3617 1188 3836 1256 faciunt

2175 1282 2454 1350 justitiam
2480 1283 2538 1335 in
2563 1282 2714 1337 omni
2741 1288 2975 1350 tempore
3004 1277 3175 1349 (Psal.
3206 1293 3295 1345 CV,
3323 1277 3399 1348 3).
3432 1277 3628 1345 Magna
3669 1291 3835 1348 Opera

2184 1371 2404 1424 Domini
2432 1371 2704 1440 exquisita
2733 1371 2792 1424 in
2820 1383 3004 1424 omnes
3031 1367 3336 1422 voluntates
3374 1365 3514 1436 ejus.
3547 1363 3835 1439 Confessio

2183 1468 2234 1515 et
2262 1461 2678 1530 magnificentia
2706 1474 2838 1530 opus
2869 1458 3006 1529 ejus,
3037 1464 3090 1512 et
3108 1456 3332 1526 justitia
3379 1455 3496 1525 ejus
3537 1463 3728 1510 manet
3776 1457 3837 1510 in

2182 1551 2450 1606 saeculum
2477 1549 2687 1604 seculi.
2721 1549 2924 1603 Memor
2969 1546 3075 1601 erit
3119 1547 3179 1600 in
3221 1544 3494 1602 saeculum
3523 1545 3839 1599 testamenti

2181 1641 2293 1708 sui,
2323 1640 2581 1694 virtutem
2600 1653 2821 1710 operum
2849 1652 3074 1692 suorum
3101 1633 3458 1690 annuntiabit
3483 1633 3683 1706 populo
3712 1649 3832 1703 suo,

2183 1737 2243 1784 ut
2271 1728 2356 1784 det
2384 1729 2501 1784 illis
2531 1726 2905 1784 heereditatem
2933 1726 3202 1794 gentium,
3235 1739 3398 1796 opera
3425 1739 3694 1778 manuum
3714 1723 3835 1791 eius

2182 1819 2380 1874 veritas
2431 1826 2483 1872 et
2535 1817 2832 1889 judicium.
2883 1815 3092 1871 Fidelia
3137 1815 3326 1870 omnia
3372 1811 3636 1868 mandata
3691 1813 3831 1884 ejus,

2182 1907 2513 1977 conﬁrmata
2544 1908 2604 1962 in
2632 1906 2898 1962 saeculum
2937 1904 3150 1971 saeculi,
3195 1906 3344 1975 facta
3395 1905 3455 1958 in
3503 1903 3731 1958 veritate
3779 1910 3831 1958 et

2180 1999 2444 2068 «:equitate
2471 1996 2639 2065 (Psal.
2673 2013 2762 2061 CX,
2791 1994 2932 2065 2-8).
2971 1994 3162 2049 Beatus
3204 1994 3291 2047 vir
3333 1993 3431 2064 qui
3457 1993 3614 2048 timet
3641 1992 3828 2047 Domi-

2181 2104 2337 2156 num,
2367 2088 2430 2140 in
2466 2085 2742 2141 mandatis
2787 2085 2904 2156 ejus
2949 2082 3088 2138 volet
3138 2083 3312 2137 nimis
3363 2081 3536 2154 (Psal.
3587 2097 3699 2149 CXI,
3753 2081 3828 2153 1).

2184 2176 2315 2231 Haec
2345 2174 2639 2230 sententia
2668 2171 3073 2229 universaliter
3101 2176 3191 2226 est
3231 2169 3636 2242 intelligenda,
3692 2169 3832 2241 quia

2184 2264 2376 2320 omnis
2405 2265 2491 2319 vir
2520 2264 2620 2335 qui
2651 2264 2820 2318 timet
2849 2261 3164 2316 Dominum
3195 2264 3253 2316 et
3283 2260 3341 2314 in
3375 2258 3670 2316 mandatis
3701 2259 3831 2330 ejus

2185 2354 2372 2410 Vivere
2401 2353 2560 2425 cupit
2592 2354 2796 2408 beatus
2829 2368 2930 2423 pro
2961 2354 3116 2406 certo
3148 2353 3256 2405 est.

2253 2445 2447 2498 Potens
2479 2443 2536 2496 in
2567 2451 2741 2507 terra,
2775 2439 3026 2495 subaudi
3055 2441 3322 2510 vivorum,
3345 2440 3454 2493 erit
3480 2454 3661 2494 semen
3691 2440 3829 2509 ejus,

2181 2534 2459 2604 generatio
2480 2535 2749 2587 rectorum
2773 2529 3199 2586 benediceturJn
3221 2529 3483 2583 memoria
3502 2533 3712 2584 aeterna
3724 2531 3838 2584 erit

2173 2623 2384 2693 justus,
2405 2622 2472 2676 ab
2493 2620 2774 2676 auditione
2791 2619 2940 2674 mala
2960 2635 3076 2672 non
3093 2617 3311 2674 timebit
3329 2616 3509 2685 (lbid.,
3530 2617 3673 2688 2-7).
3709 2622 3831 2672 Au-

2183 2710 2325 2766 ditio
2357 2709 2513 2765 mala
2543 2725 2718 2781 quam
2743 2709 2945 2779 justus
2967 2723 3082 2762 non
3107 2703 3337 2760 timebit
3357 2703 3647 2777 signiticet
3666 2703 3833 2760 illam

2187 2799 2501 2855 terribilem
2534 2797 2906 2863 sententiam,
2940 2812 3065 2868 quae
3099 2795 3155 2849 in
3179 2793 3405 2865 judicio
3435 2797 3692 2849 extremo
3741 2793 3834 2848 di-

2184 2889 2367 2944 cenda
2395 2893 2484 2944 est
2509 2887 2772 2960 reprobis
2802 2904 2837 2941 a
2867 2885 3112 2942 Domino
3145 2901 3157 2940 :
3192 2882 3466 2939 Discedite
3487 2900 3520 2938 a
3549 2885 3833 2950 me,male-

2183 2978 2336 3044 dicti,
2369 2979 2428 3032 in
2454 2978 2644 3049 ignem
2670 2984 2958 3042 wternum,
3011 2978 3121 3030 etc.
3172 2973 3377 3044 (Matth.
3412 2989 3540 3042 XXV,
3574 2973 3685 3043 41).
3727 2974 3836 3028 Ex-

2182 3068 2354 3123 celsus
2401 3082 2564 3138 super
2606 3082 2790 3121 omnes
2835 3067 3016 3134 gentes
3057 3063 3317 3118 Dominus
3363 3069 3414 3117 et
3458 3077 3622 3133 super
3666 3063 3832 3118 cados

2184 3158 2363 3228 gloria
2391 3157 2544 3223 eius;
2576 3157 2671 3225 qui
2702 3155 2758 3208 in
2789 3154 2916 3208 altis
2947 3151 3161 3207 habitat
3190 3155 3240 3207 et
3269 3150 3508 3206 humilia
3532 3152 3752 3223 respicit
3780 3154 3847 3207 in

428 3241 930 3313 euangelizantibus
955 3243 1157 3297 virtute
1185 3242 1359 3297 multa
1389 3241 1558 3314 (Psal.
1591 3259 1760 3309 XLVII,
1797 3244 1903 3314 12).
1937 3244 2077 3299 Deus
2109 3233 2151 3299 C
2187 3246 2320 3302 caelo
2350 3249 2401 3300 et
2430 3247 2491 3300 in
2519 3252 2680 3310 terro,
2710 3243 2979 3298 suscitans
3005 3258 3039 3296 α
3067 3245 3220 3296 terra
3247 3242 3464 3311 inopem
3493 3248 3544 3296 et
3581 3241 3649 3296 de
3694 3245 3845 3296 ster-

428 3332 629 3398 noster,
666 3334 832 3399 Deus,
864 3331 1119 3387 subaudi
1147 3336 1249 3396 est,
1280 3331 1463 3387 salvos
1489 3331 1753 3402 faciendi,
1777 3341 1831 3387 et
1859 3333 2078 3388 Domini

427 3420 649 3476 Domini
675 3422 857 3476 exitus
886 3421 1076 3476 mortis
1108 3420 1294 3491 (Ibid.,
1325 3421 1579 3492 21).Quze
1611 3421 2078 3493 sententia,quia

425 3510 678 3566 obscura
705 3509 952 3578 videtur,
985 3526 1132 3581 opus
1162 3515 1251 3565 est
1283 3515 1348 3565 ut
1378 3510 1740 3582 explanetur.
1775 3511 1870 3566 Sic
1917 3511 2074 3566 enim

424 3597 868 3670 intelligendam
902 3615 1032 3654 esse
1061 3598 1418 3654 arbitramur
1462 3615 1476 3654 :
1526 3603 1699 3670 Deus,
1743 3617 1916 3671 quem
1969 3617 2074 3656 nos

423 3686 739 3743 Christiani
769 3685 1039 3753 colimus,
1073 3685 1169 3742 ille
1199 3686 1360 3742 solus
1390 3691 1597 3758 potens
1629 3692 1716 3743 est
1746 3688 1938 3744 salvos
1989 3689 2069 3744 fa-

424 3792 573 3848 cere,
605 3781 662 3832 et
692 3777 751 3831 in
782 3792 891 3831 sua
920 3779 1206 3848 potestate
1229 3781 1319 3832 est
1347 3775 1670 3848 quemlibet
1695 3795 1728 3832 a
1749 3777 1953 3834 mortis
1976 3795 2071 3850 pe-

426 3865 610 3922 riculo
641 3865 906 3922 liberare.

493 3959 674 4025 Quam
702 3954 870 4010 bonus
898 3954 1067 4011 Israel
1096 3955 1241 4011 Deus
1286 3955 1371 4010 his
1420 3957 1516 4028 qui
1561 3961 1702 4013 recto
1748 3960 1879 4012 sunt
1913 3957 2072 4012 corde

421 4044 596 4115 (Psal.
629 4060 799 4110 LXXII,
835 4043 914 4113 1).
947 4045 1108 4100 Beati
1135 4047 1232 4116 qui
1268 4045 1520 4100 habitant
1547 4047 1609 4101 in
1638 4045 1798 4102 domo
1827 4055 1940 4117 tua,
1972 4047 2070 4104 Do-

418 4133 660 4200 mine,in
677 4133 880 4189 saecula
899 4133 1233 4190 saculorum
1255 4133 1559 4190 laudabunt
1579 4139 1628 4190 te
1657 4136 2065 4205 (Psal.I.XXXIII,

417 4223 496 4293 5).
528 4221 957 4278 Misericordiam
984 4226 1037 4278 et
1065 4224 1346 4279 veritatem
1391 4223 1575 4295 diligit
1620 4225 1794 4286 Deus;
1824 4226 2064 4294 gratiam

416 4318 470 4366 et
496 4311 734 4380 gloriam
761 4311 917 4367 dubit
960 4314 1246 4368 Dominus.
1309 4315 1434 4368 Non
1483 4313 1725 4384 privabis
1775 4315 1930 4369 bonis
1979 4331 2066 4370 eos

417 4401 515 4473 qui
541 4401 831 4458 ambulant
860 4403 920 4456 in
949 4403 1284 4458 innocentia.
1313 4403 1544 4458 Domine
1572 4403 1854 4470 virtutum,
1880 4404 2066 4460 beatus

415 4489 592 4558 homo,
624 4493 724 4564 qui
748 4495 937 4563 sperat
965 4494 1021 4546 in
1051 4496 1105 4547 te
1132 4491 1316 4564 (Ibid.,
1355 4494 1440 4563 l2,
1477 4492 1583 4563 13).
1618 4492 1774 4562 Deus,
1803 4495 1900 4565 qui
1943 4495 2062 4563 glo-

2183 3351 2306 3391 core
2355 3336 2570 3405 erigens
2623 3347 2950 3404 pauperem,
3020 3338 3080 3386 ut
3142 3331 3364 3386 collocet
3428 3345 3554 3386 eum
3613 3331 3837 3402 princi-

2181 3426 2343 3497 pibus
2370 3423 2558 3496 papuli
2581 3424 2671 3477 sui
2699 3422 2872 3492 (Psal.
2919 3437 3054 3489 CXII,
3108 3421 3159 3490 4,
3210 3419 3286 3492 8).
3336 3420 3584 3475 Pretiosa
3616 3421 3678 3474 in
3705 3435 3843 3476 con-

2181 3519 2367 3586 spectu
2390 3514 2610 3569 Domini
2638 3528 2784 3568 mors
2812 3514 3124 3567 sanctorum
3170 3509 3289 3581 ejus
3341 3509 3514 3580 (Psal.
3568 3525 3696 3577 CXV,
3753 3511 3838 3579 5).

2190 3605 2296 3659 Vox
2325 3603 2711 3658 exsultationis
2740 3605 2793 3656 et
2817 3601 3012 3655 salutis
3052 3601 3113 3654 in
3161 3598 3528 3654 tabernaculis
3547 3599 3840 3669 justorum

2181 3692 2357 3762 (Psal.
2385 3709 2556 3757 XCVII,
2593 3691 2700 3761 15).
2737 3689 2896 3745 Beati
2924 3689 3273 3744 immaculati
3315 3689 3373 3741 in
3423 3689 3536 3753 via,
3569 3689 3670 3758 qui
3715 3705 3844 3743 am-

2182 3781 2374 3836 bulant
2405 3783 2464 3835 in
2497 3781 2609 3851 lege
2638 3779 2876 3835 Domini.
2911 3779 3086 3844 Beati,
3118 3778 3215 3848 qui
3249 3780 3560 3832 scrutantur
3581 3779 3844 3832 testimo-

2178 3873 2278 3926 nia
2307 3871 2443 3942 ejus,
2473 3871 2533 3924 in
2560 3877 2663 3925 toto
2693 3867 2852 3924 corde
2889 3867 3189 3938 exquirunt
3237 3881 3365 3921 eum
3412 3865 3580 3936 (Psal.
3634 3882 3841 3935 CXVIII,

2181 3961 2231 4026 1,
2263 3960 2337 4031 2).
2372 3961 2494 4014 Pax
2520 3959 2697 4013 multa
2734 3955 3090 4027 diligentibus
3137 3955 3311 4025 legem
3356 3956 3530 4022 tuam,
3582 3954 3839 4022 Domine,

2175 4053 2227 4104 et
2256 4065 2364 4104 non
2391 4052 2469 4104 est
2498 4048 2614 4102 illis
2643 4045 2964 4102 scandalum
2995 4043 3179 4116 (Ibid.,
3213 4044 3360 4114 165).
3394 4044 3502 4111 Qui
3547 4043 3840 4113 conﬁdunt

2175 4139 2236 4193 in
2266 4139 2514 4204 Domino,
2561 4139 2708 4192 sicut
2755 4151 2908 4191 mons
2955 4134 3118 4202 Sion,-
3162 4149 3273 4190 non
3314 4133 3744 4189 commovebitur
3773 4135 3842 4189 in

2174 4236 2460 4295 aeternum,
2529 4229 2627 4298 qui
2685 4226 2897 4280 habitat
2943 4225 3002 4278 in
3050 4223 3374 4280 Jerusalem.
3424 4223 3679 4294 Benefac,
3726 4223 3839 4278 Do-

2172 4319 2342 4388 mine,
2397 4317 2553 4372 bonis
2599 4324 2650 4371 et
2697 4315 2862 4370 rectis
2911 4314 3086 4370 corde
3129 4313 3303 4382 (Psal.
3357 4329 3542 4380 CXXIV,
3596 4312 3673 4383 4).
3727 4313 3844 4381 Qui

2172 4408 2449 4462 seminant
2480 4406 2539 4460 in
2569 4406 2851 4476 lacrymis,
2886 4405 2944 4459 in
2975 4403 3342 4459 exsultatione
3371 4409 3595 4458 mete-nt.
3628 4402 3841 4459 Euntes

2171 4499 2344 4564 ibant,
2378 4500 2427 4552 et
2455 4495 2678 4566 flebant,
2709 4495 2987 4550 mittentes
3015 4494 3229 4548 semina
3258 4509 3379 4547 sua.
3412 4493 3694 4548 Venientes
3723 4508 3838 4547 au-
3903 4541 3912 4547 .

412 4580 672 4651 riﬁcatur
697 4581 757 4637 in
780 4582 1010 4638 consilio
1038 4588 1371 4649 sanctorum,
1416 4597 1651 4652 magnus
1698 4589 1752 4636 et
1798 4584 2062 4639 terribilis
2093 4602 2138 4666 ι)
2169 4593 2276 4645 tem
2301 4589 2517 4644 venient
2540 4602 2663 4640 cum
2688 4584 3328 4654 exaltationemormmes
3357 4581 3679 4650 manipulos
3707 4596 3841 4637 suos

408 4687 572 4742 super
599 4686 782 4727 omnes
811 4673 914 4743 qui
940 4672 998 4726 in
1024 4672 1260 4727 circuitu
1286 4671 1405 4742 ejus
1434 4678 1563 4726 sunt
1587 4671 1754 4738 (Psal.
1790 4688 2055 4744 LXXXVIII,

351 4754 353 4757 ’
411 4759 486 4832 8).
519 4763 650 4815 Ηωο
690 4761 980 4816 sententia
1032 4766 1151 4817 tam
1197 4762 1269 4816 ad
1319 4761 1548 4834 piorum
1600 4760 2056 4817 consolationem

411 4864 590 4920 quam
621 4850 693 4905 ad
725 4849 1038 4920 impiorum
1070 4854 1351 4906 terrorem
1394 4849 1638 4923 intelligi
1695 4854 1906 4922 potest.
1953 4852 2061 4920 Qui

407 4936 620 4993 habitat
653 4940 711 4993 in
739 4938 1022 5009 adjutorio
1051 4938 1330 4995 Altimissi
1359 4943 1418 4994 in
1447 4942 1781 5010 proiectione
1807 4941 1908 4995 Dei
1933 4942 2060 4996 certi

405 5027 1330 5098 commorobitur(Psal.xc,1).Quse
1357 5028 1650 5083 sententia
1671 5028 1754 5084 sic
1774 5034 1863 5084 est
1885 5028 2054 5085 intel-

405 5115 669 5189 ligenda:
691 5115 791 5189 qui
815 5116 872 5170 in
898 5116 1190 5187 adjutorio
1221 5116 1321 5172 Dei
1351 5117 1518 5188 quasi
1549 5117 2058 5192 habitansjugiter

403 5205 811 5274 conﬁdit,talis
827 5206 916 5261 Vir
933 5206 1117 5261 Deum
1139 5205 1534 5262 certissimum
1550 5211 1933 5278 protectorem
1957 5209 2056 5264 ha-

401 5293 580 5350 bebit.
613 5297 808 5351 Justus
847 5298 906 5349 ut
930 5295 1120 5366 palma
1165 5295 1400 5365 florebit,
1433 5297 1571 5351 sicut
1615 5295 1808 5351 cedrus
1857 5298 2058 5353 Libani

403 5382 882 5455 multiplicabilur
911 5384 1088 5455 (Psal.
1121 5401 1233 5452 XCI,
1270 5386 1375 5453 13).
1410 5386 1606 5440 Beatus
1627 5386 1976 5458 homo,quem
1995 5391 2054 5443 tu

399 5471 691 5544 erudieris,
723 5473 975 5546 Domine,
1007 5479 1057 5530 et
1083 5474 1148 5532 de
1177 5476 1292 5547 lege
1319 5483 1417 5531 tua
1441 5474 1689 5532 docueris
1727 5492 1849 5532 eum
1878 5477 2049 5548 (Psal.

399 5578 561 5628 XCIII,
591 5562 698 5635 12).
736 5564 1068 5621 Testimonia
1105 5573 1222 5633 tua,
1254 5566 1510 5633 Domine,
1559 5565 1856 5622 credibilia
1903 5570 2053 5640 facta

397 5660 530 5735 sunt
557 5653 757 5722 nimis;
785 5652 1007 5714 domum
1034 5657 1188 5715 luam
1216 5654 1363 5716 decet
1391 5655 1707 5715 sanctitudo
1728 5658 1787 5714 in
1810 5658 2052 5734 longitu-

2169 4679 2342 4748 (Psal.
2369 4693 2533 4742 CXXV,
2564 4676 2617 4737 5,
2651 4676 2728 4743 6).
2763 4675 2905 4730 Cum
2923 4673 3130 4727 dederit
3151 4672 3368 4727 dilectis
3397 4673 3515 4726 suis
3543 4687 3837 4737 somnum,

2165 4785 2282 4824 ecce
2307 4766 2602 4823 haereditas
2631 4765 2850 4818 Domini
2878 4763 3047 4834 (Psal.
3080 4778 3269 4829 CXXVI,
3311 4761 3388 4832 2).
3441 4760 3700 4816 Somnus
3734 4759 3839 4814 hic

2165 4861 2405 4914 vocatur
2434 4872 2592 4910 mors
2621 4857 2959 4909 sanctorum
2993 4851 3288 4923 quae,dum
3312 4849 3532 4906 venerit
3555 4865 3693 4904 mox
3714 4848 3839 4904 ba:-

2168 4947 2403 5014 reditas,
2439 4945 2494 5000 id
2526 4948 2615 5000 est
2645 4959 2866 5008 merces
2906 4958 3119 5014 magna
3150 4961 3183 4998 a
3218 4939 3460 4996 Domino
3504 4937 3834 5011 promissu,

2167 5035 2370 5093 aderit.

2237 5127 2391 5183 Beati
2441 5139 2624 5180 omnes
2673 5123 2770 5194 qui
2816 5124 3013 5178 timent
3061 5121 3379 5191 Dominum,
3408 5120 3504 5192 qui
3531 5117 3834 5174 ambulant

2164 5219 2225 5273 in
2253 5218 2354 5271 viis
2383 5215 2500 5286 ejus
2531 5213 2700 5284 (Psal.
2735 5228 2942 5277 CXXVII,
2980 5212 3051 5283 1).
3103 5210 3256 5282 Apud
3309 5211 3608 5264 Dominum
3653 5210 3834 5263 mise-

2163 5304 2404 5362 ricordia
2430 5311 2479 5359 et
2506 5303 2732 5374 copiosa
2759 5300 2903 5373 apud
2931 5317 3055 5356 cum
3087 5300 3409 5363 redemptio.
3440 5297 3630 5370 Speret
3652 5297 3837 5354 Israel

2162 5397 2222 5451 in
2251 5395 2477 5450 Domino
2502 5409 2570 5447 ea:
2599 5390 2699 5448 hoc
2726 5405 2877 5447 nunc
2905 5393 2958 5446 et.
2990 5406 3160 5461 usque
3207 5391 3268 5444 in
3314 5387 3588 5445 saeculum
3644 5386 3833 5457 (Psal.

2162 5499 2346 5552 CXXIX,
2378 5483 2432 5549 6,
2465 5481 2541 5552 7).
2575 5478 2720 5543 Quia
2752 5478 2931 5551 igitur
2964 5477 3136 5535 Israel
3169 5478 3254 5532 vir
3279 5476 3466 5532 videns
3500 5479 3698 5542 Deum,
3727 5474 3829 5530 in-

2161 5576 2532 5644 terpretatur,
2565 5569 2675 5624 hac
2708 5567 2999 5625 sententia
3032 5565 3218 5623 ﬁdelis
3247 5565 3514 5640 quilibet,
3549 5563 3652 5638 qui
3700 5563 3825 5621 Do-

2161 5660 2390 5720 minum
2442 5658 2647 5717 merito
2691 5657 2888 5715 Videre
2928 5657 3160 5732 dicitur,
3195 5656 3268 5715 ad
3298 5655 3407 5715 hoc
3437 5653 3722 5714 incitatur
3752 5659 3835 5719 ut
