4098 6172
329 342 451 407 ἶτἹ

1490 345 1634 408 LIB.
1682 346 1784 407 DE
1829 346 2084 410 CURSU
2128 346 2593 408 SPIBI'I‘UALI.

3632 345 3746 408 178

335 496 502 554 spem
535 496 706 536 suam
739 479 796 536 in
832 480 1076 537 Domino
1107 484 1318 554 ponat:
1356 482 1551 536 Beatus
1581 479 1675 551 qui
1707 480 1906 537 tenebit
1935 485 1985 536 et
2013 482 2068 549 Α
2099 481 2334 553 quando
2367 480 2681 537 Dominicae
2721 481 3164 554 incarnationis,
3200 481 3490 556 passionis
3544 500 3740 540 resur-

330 569 524 627 allidet
544 570 805 643 parvulos
824 586 952 625 suos
978 569 1049 625 ad
1078 578 1286 641 petram
1309 571 1478 642 (Psal.
1506 586 1727 640 cxxxvr,
1759 571 1835 640 9).
1869 570 1979 625 Cu-

318 661 429 734 jus
461 660 763 716 sententiae
791 675 1002 714 sensus
1023 664 1113 716 est
1141 660 1287 716 iste:
1322 661 1533 715 Beatus
1565 661 1664 731 qui
1687 660 1986 732 cogitatio-

329 767 438 806 nes
463 748 673 816 malas,
698 765 832 805 mox
861 765 995 804 cum
1018 749 1156 805 oriri
1177 750 1458 822 coeperint
1485 754 1544 807 et
1575 750 1766 806 adhuc
1795 767 1981 823 parvae

321 843 490 905 sunt,
515 839 824 894 conﬁtetur
839 838 1091 907 Christo,
1114 840 1216 911 qui
1241 844 1405 912 petra
1424 844 1514 896 est
1534 841 1746 909 dictus,
1769 857 1982 913 rogans

320 945 468 984 eum
495 934 561 983 ut
582 928 706 1001 ipse
728 945 826 984 eas
849 928 1014 1000 prius
1036 946 1068 984 a
1090 945 1151 985 se
1177 929 1428 1001 expellat
1447 946 1624 1001 quam
1647 931 1718 986 ad
1743 929 1982 1001 majoris

320 1017 607 1089 nequitia
638 1017 909 1073 effectum
942 1017 1303 1090 perveniant.
1337 1019 1530 1074 Suavis
1559 1020 1829 1076 Dominus
1858 1021 1982 1074 uni-

324 1110 508 1164 versis
554 1115 606 1163 et
653 1108 1037 1163 miserationes
1075 1111 1197 1179 ejus
1232 1124 1398 1180 super
1425 1110 1612 1164 omnia
1641 1125 1811 1182 opera
1839 1111 1976 1181 ejus.

320 1197 531 1253 Fidelis
560 1198 828 1253 Dominus
855 1198 916 1252 in
943 1198 1195 1253 omnibus
1225 1198 1405 1254 verbis
1434 1199 1572 1266 suis,
1593 1205 1643 1254 et
1671 1205 1885 1254 sanctus
1919 1200 1978 1254 in

319 1286 579 1344 omnibus
619 1287 873 1358 operibus
918 1288 1052 1341 suis.
1086 1285 1304 1342 Allevat
1333 1289 1594 1343 Dominus
1638 1303 1828 1344 omnes
1881 1289 1979 1360 qui

318 1383 606 1439 corruunt,
637 1382 692 1431 et
733 1376 896 1447 erigit
936 1391 1122 1431 omnes
1150 1376 1330 1442 elisos,
1365 1376 1618 1431 subaudi
1648 1377 1717 1432 ad
1747 1393 1801 1432 se
1847 1393 1974 1433 con-

329 1482 523 1523 versos.
558 1469 737 1534 Prope
763 1473 842 1521 est
868 1467 1137 1521 Dominus
1165 1466 1415 1522 omnibus
1441 1467 1817 1522 invocantibus
1847 1483 1975 1521 eum

319 1558 381 1610 in
413 1556 657 1611 veritate.
699 1555 1048 1612 Voluntatem
1078 1556 1394 1612 timentium
1421 1571 1477 1611 se
1502 1557 1687 1626 faciet,
1708 1564 1761 1611 et
1790 1556 1972 1629 depre-

307 1647 592 1702 cationem
620 1662 810 1702 eorum
839 1645 1098 1701 exaudiet
1144 1649 1195 1702 et
1243 1646 1428 1701 salvos
1470 1646 1634 1716 faciet
1681 1661 1767 1700 eos
1798 1645 1966 1715 (Psal.

306 1751 494 1802 cxuv,
529 1733 587 1802 9,
622 1736 730 1803 10).
765 1738 990 1801 Beatus,
1022 1737 1178 1803 cuius
1216 1740 1361 1791 Deus
1387 1735 1546 1790 Jacob
1585 1734 1802 1806 adjutor
1829 1735 1966 1807 ejus,

303 1840 425 1896 spes
471 1825 590 1896 ejus
638 1825 700 1879 in
744 1825 978 1880 Domino
1022 1825 1126 1880 Deo
1175 1824 1366 1895 ipsius,
1400 1825 1496 1894 qui
1533 1823 1887 1922 fecit-caelum-
1917 1827 1969 1880 et
1997 1857 2044 1922 B

300 1923 542 1980 terram,
566 1929 734 1969 mare
753 1921 806 1969 et
827 1915 1014 1969 omnia
1033 1929 1152 1984 qua
1177 1915 1236 1968 in
1257 1915 1334 1969 eis
1352 1916 1502 1968 sunt.
1528 1913 1790 1968 Dominus
1808 1913 1969 1968 solvit

299 2003 661 2074 compeditos,
696 2004 957 2058 Dominus
989 2001 1274 2058 illuminat
1303 2017 1485 2058 caecos.
1515 2003 1776 2057 Dominus
1805 2003 1969 2074 erigit

300 2090 476 2148 elisos
498 2093 674 2163 (Psal.
701 2108 859 2157 σχειν,
885 2093 938 2160 5,
964 2093 1040 2164 8),
1064 2091 1317 2147 subaudi
1340 2093 1391 2146 si
1413 2091 1484 2146 ad
1504 2108 1626 2146 eum
1644 2095 1966 2147 convertar:-

298 2187 416 2237 tur.
440 2183 864 2253 Beneplaeitum
884 2188 961 2237 est
980 2182 1210 2237 Domino
1231 2197 1398 2253 super
1418 2182 1666 2236 timentes
1684 2198 1812 2236 eum
1830 2185 1882 2237 et
1903 2184 1962 2237 in

298 2273 381 2326 eis
409 2270 512 2342 qui
539 2279 763 2340 sperant
789 2286 956 2342 super
982 2269 1365 2326 misericordia
1413 2270 1529 2340 ejus
1572 2269 1742 2340 (Psal.
1777 2286 1957 2336 cxnvr,

299 2361 412 2427 11).
447 2360 868 2432 Beneplacitum
894 2364 973 2414 est
1000 2361 1230 2415 Domino
1261 2360 1322 2413 in
1350 2360 1550 2430 populo
1579 2375 1696 2429 suo,
1730 2367 1780 2413 et
1809 2361 1959 2414 exal-

300 2450 443 2505 tabit
468 2457 788 2505 mansuetos
818 2451 879 2504 in
908 2449 1141 2504 salutem
1161 2448 1331 2520 (Psal.
1363 2465 1546 2517 CXLIX,
1579 2448 1654 2519 4).
1687 2448 1818 2504 Haec
1848 2448 1954 2520 igi-

295 2546 396 2594 tur
424 2537 627 2596 omnia
655 2538 786 2594 ideo
816 2537 1165 2610 disponente
1194 2543 1308 2593 Deo
1338 2537 1716 2610 pronuntiata
1745 2542 1883 2593 sunt
1921 2555 1954 2593 a

290 2627 636 2694 Psalmista,
667 2631 736 2683 ut
763 2643 967 2683 omnes
989 2625 1189 2683 ﬁdeles
1219 2626 1278 2681 in
1301 2625 1640 2698 hujusmodi
1665 2625 1833 2681 dictis
1854 2626 1953 2681 ba-

290 2717 498 2773 berent
526 2715 989 2773 consolationem
1032 2720 1232 2772 contra
1275 2716 1609 2772 universam
1642 2717 1947 2788 perturba-

285 2807 531 2862 tionem.

354 2896 591 2959 Quibus
623 2900 679 2952 et
709 2894 813 2950 illa
840 2911 1093 2968 congrue
1122 2897 1374 2966 possunt
1419 2893 1658 2966 adjungi
1710 2911 1836 2966 quan.
1884 2894 1942 2949 in

287 2985 747 3058 quadragesimo
766 2985 937 3040 tertio
959 2983 1186 3056 psalmo
1213 2983 1589 3056 proferuntur
1604 3000 1672 3039 ex
1693 2999 1945 3056 persona

289 3079 620 3148 martyrum
645 3077 704 3130 et
734 3073 998 3130 omnium
1022 3072 1122 3145 qui
1155 3073 1617 3145 persecutionem
1640 3072 1945 3144 patiuntur

282 3169 522 3237 propter
541 3163 866 3235 justitiam.
901 3164 1175 3232 Quoniam
1200 3168 1426 3234 propter
1464 3170 1514 3217 te
1541 3162 1942 3231 mortiﬁcamur

2093 570 2364 626 rectionis
2409 577 2465 626 et
2502 572 2863 628 ascensionis
2892 573 3021 644 ejus
3051 574 3330 647 mysteria
3361 574 3562 630 studet
3592 590 3737 645 pan-

2093 662 2266 728 dere;
2318 679 2474 717 nunc
2522 660 2852 717 divinorum
2875 663 3235 733 judiciorum
3267 662 3649 720 subtilitatem
3683 667 3741 720 et

2091 752 2396 808 veritatem
2447 753 2824 825 pronuntiat;
2874 752 3169 809 interdum
3214 755 3446 826 judices
3501 755 3739 828 iniquos

2092 842 2367 899 admonet
2405 845 2463 898 et
2483 842 2778 916 increpat;
2811 860 2969 899 nunc
2991 842 3196 899 divinaa
3227 845 3461 916 pietatis
3482 845 3738 901 suavita-

2090 937 2206 988 tem
2257 949 2460 988 omnes
2512 937 2749 1006 gustare
2801 932 3175 1000 exhortatur;
3228 950 3384 989 nunc
3432 933 3737 1006 sapientia

2090 1021 2297 1078 divina:
2320 1022 2756 1079 inmensitatem
2778 1023 3135 1091 admiratur;
3165 1023 3488 1095 saepissime
3510 1023 3580 1079 ad
3607 1023 3734 1080 lau-

2089 1111 2348 1167 dandum
2369 1113 2548 1168 Deum
2575 1110 2775 1168 ﬁdeles
2793 1127 2996 1168 omnes
3016 1111 3255 1178 invitat;
3281 1111 3576 1167 interdum
3597 1127 3732 1168 vero

2087 1200 2288 1272 quales
2320 1217 2448 1257 esse
2476 1202 2724 1257 debeant
2752 1200 3062 1257 laudantes
3095 1205 3274 1256 Deum
3306 1199 3528 1256 indicat
3555 1219 3568 1268 ;
3621 1199 3731 1256 ali-

2086 1291 2319 1362 quando
2351 1291 2526 1346 etiam
2557 1291 2666 1346 hoc
2697 1291 2903 1363 pandit
2933 1291 3089 1362 quod
3122 1290 3277 1346 Deus
3298 1289 3524 1363 jugiter
3551 1306 3730 1362 super

2086 1396 2192 1435 nos
2218 1379 2512 1452 respiciat,
2533 1382 2599 1434 ut
2619 1379 2810 1435 videat
2842 1379 2974 1452 quis
2995 1397 3063 1435 ex
3083 1379 3253 1436 nobis
3275 1393 3409 1435 eum
3437 1379 3731 1451 requirere

2083 1469 2352 1536 studeat;
2385 1485 2537 1541 saepe
2557 1485 2760 1524 omnes
2783 1469 2854 1524 ad
2879 1469 3063 1525 Deum
3096 1467 3498 1540 confugientes
3529 1484 3732 1525 conso-

2080 1557 2238 1614 latur
2257 1561 2376 1614 tam
2399 1557 2682 1630 separatis
2705 1574 2881 1630 quam
2904 1557 3188 1630 oppositis
3211 1557 3516 1614 sententiis
3543 1557 3726 1613 malo-

2081 1664 2212 1703 rum
2234 1651 2291 1703 et
2310 1648 2618 1714 bonorum,
2635 1664 2884 1720 quorum
2904 1646 3153 1703 alterum
3166 1647 3290 1717 jam
3313 1646 3528 1718 protuli
3551 1670 3564 1714 ;
3588 1646 3729 1704 alte-

2079 1754 2208 1792 rum
2240 1753 2372 1792 vero
2403 1736 2592 1792 adhuc
2623 1739 2918 1793 annuente
2946 1740 3061 1792 Deo
3091 1737 3402 1808 proferam.

2704 1825 2934 1881 CAPUT
2979 1825 3097 1880 XII.

2079 1917 2286 1985 Quibus
2333 1917 2673 1988 psalmorum
2715 1916 2997 1971 sententiis
3040 1917 3343 1986 peccatores
3391 1922 3722 1971 terreantur.

2147 2005 2288 2060 Cum
2321 2005 2502 2076 igitur
2529 2009 2651 2060 tam
2680 2003 2858 2061 variis
2891 2002 3081 2060 modis
3108 2003 3410 2060 roboraret
3431 2007 3606 2074 atque
3627 2005 3725 2060 do-

2074 2097 2229 2150 ceret
2253 2110 2456 2149 omnes
2480 2094 2538 2148 in
2569 2093 2683 2149 ﬁde
2704 2091 2965 2159 stabiles,
2989 2092 3330 2148 recordatus
3351 2096 3441 2148 est
3462 2091 3639 2148 etiam
3663 2092 3722 2147 in

2073 2182 2298 2253 psalmo
2323 2181 2759 2255 septuagesimo
2782 2182 3039 2238 secundo
3060 2196 3263 2237 eorum
3292 2181 3392 2253 qui
3416 2180 3607 2237 adhuc
3626 2197 3721 2237 ve-

2068 2270 2157 2326 lut
2185 2270 2405 2326 infirmi
2440 2270 2498 2326 in
2530 2271 2644 2326 ﬁde
2675 2269 3148 2326 scandalizentur
3177 2267 3344 2326 facile
3375 2270 3446 2324 de
3477 2269 3725 2339 judiciis

2069 2358 2304 2415 divinis.
2338 2359 2656 2431 Postquam
2688 2358 2843 2415 enim
2889 2358 3033 2414 dixit
3080 2373 3148 2414 ex
3196 2374 3445 2430 persona
3473 2358 3724 2415 firmiter

2065 2447 2429 2504 credentium
2465 2467 2477 2504 :
2537 2450 2719 2517 Quam
2763 2449 2930 2504 bonus
2958 2449 3128 2503 Israel
3158 2449 3296 2503 Deus
3325 2448 3410 2502 his
3440 2449 3539 2519 qui
3565 2456 3718 2504 recto

2061 2546 2192 2594 sunt
2222 2538 2425 2594 corde!
2457 2555 2589 2594 mox
2609 2554 2679 2592 ex
2699 2554 2900 2593 eorum
2933 2552 3182 2608 persona
3203 2535 3306 2608 qui
3332 2537 3523 2592 adhuc
3548 2536 3713 2592 infir-

2061 2632 2299 2684 mantur
2327 2628 2386 2683 in
2417 2627 2532 2682 ﬁde
2561 2625 2886 2699 subjungit,
2919 2625 3119 2682 dicens
3152 2643 3166 2680 :
3217 2625 3319 2680 Mei
3359 2629 3546 2681 autem
3573 2643 3712 2697 pene

2057 2719 2189 2774 moti
2215 2721 2344 2773 sunt
2366 2716 2547 2788 pedes,
2566 2732 2705 2788 pene
2724 2716 2886 2788 effusi
2909 2719 3034 2770 sunt
3061 2731 3274 2786 gressus
3301 2716 3434 2782 mei,
3465 2717 3596 2788 quia
3624 2732 3707 2771 ze-

2057 2810 2171 2864 lavi
2196 2823 2362 2880 super
2389 2809 2626 2879 iniquos,
2646 2823 2837 2877 pacem
2848 2809 3194 2878 peccatorum
3221 2805 3425 2874 videns,
3450 2808 3588 2873 etc.,
3611 2805 3705 2861 his

2055 2896 2274 2953 similia
2307 2913 2432 2969 quae
2467 2896 2525 2950 in
2557 2897 2758 2952 eodem
2795 2894 3022 2968 psalmo
3053 2893 3449 2950 inveniuntur.
3475 2893 3536 2949 Si
3565 2909 3700 2949 vero

2053 2986 2269 3057 aliquis
2301 2986 2615 3042 contendat
2636 2984 3010 3040 Psalmistam
3043 2983 3186 3039 talia
3213 2983 3389 3039 verba
3419 2982 3608 3055 magis
3633 2999 3702 3038 ex

2051 3074 2288 3146 propria
2317 3090 2494 3146 quam
2527 3091 2596 3130 ex
2626 3073 2875 3130 aliorum
2897 3072 3116 3129 dixisse
3147 3087 3417 3144 persona,
3441 3071 3706 3127 attendat

2055 3162 2304 3236 qualiter
2335 3163 2471 3220 alibi
2516 3179 3005 3235 unumquemque
3035 3162 3357 3218 admonens
3389 3176 3566 3233 super
3594 3160 3705 3216 hoc

287 3257 395 3310 tota
412 3255 524 3321 die,
539 3254 811 3312 aestimati
829 3269 1020 3308 sumus
1037 3254 1181 3308 sicut
1201 3233 1324 3308 oves
1339 3252 1642 3308 occisionis.
1677 3253 1937 3322 Exsurge,
1973 3233 2015 3299 Ο
2054 3233 2247 3307 errore
2279 3252 2470 3308 dicat:
2509 3252 2634 3307 Noli
2659 3233 2924 3308 wmulari
2954 3253 3014 3306 in
3042 3267 3102 3306 eo
3133 3251 3228 3321 qui
3250 3253 3616 3321 prosperatur
3646 3252 3705 3305 in

290 3359 456 3415 quare
484 3343 784 3410 obdormis,
821 3343 1067 3407 Domine,
1099 3358 1354 3410 exsurge,
1385 3344 1434 3397 et
1479 3358 1549 3396 ne
1599 3341 1832 3412 repellas
1883 3343 1943 3396 in

285 3433 475 3502 finem,
509 3436 568 3486 et
615 3434 823 3487 caetera
859 3430 954 3487 his
985 3431 1202 3487 similia
1231 3447 1357 3502 quae
1390 3429 1448 3484 in
1479 3430 1682 3486 eodem
1714 3427 1940 3501 psalmo

288 3522 689 3578 continentur.
724 3521 1002 3591 Ejusdem
1047 3537 1283 3593 quoque
1329 3535 1538 3575 sensus
1582 3519 1739 3574 dicta
1783 3519 1942 3574 inve-

295 3610 548 3665 niuntur
578 3610 631 3664 in
661 3609 890 3683 psalmo
921 3610 1352 3683 septuagesimo
1375 3625 1549 3679 nono,
1574 3607 1671 3662 ubi
1696 3606 1940 3662 dicitur:

293 3698 544 3753 Posuisti
567 3714 665 3754 nos
694 3700 754 3753 in
775 3697 1261 3754 contradictionem
1280 3697 1478 3753 vicinis
1503 3697 1725 3763 nostris,
1748 3701 1802 3750 et
1833 3695 1942 3751 ini-

289 3788 635 3844 micfnostri
661 3787 1141 3843 subsannaverunt
1171 3802 1284 3842 nos.
1319 3791 1488 3854 Deus,
1518 3789 1776 3842 converte
1825 3801 1942 3854 nos,

291 3883 395 3931 etc.
426 3876 681 3932 Noverat
711 3876 868 3932 enim
902 3875 1218 3931 Psalmista
1248 3874 1461 3931 electos
1491 3875 1591 3930 Dei
1633 3874 1716 3930 sic
1765 3873 1838 3929 ab
1879 3889 1946 3929 ea

289 3964 603 4033 consolari,
632 3969 698 4020 ut
728 3969 924 4022 tamen
955 3964 1271 4037 aliquando
1302 3963 1434 4020 illos
1463 3962 1825 4036 permitteret
1846 3966 1947 4018 aut

289 4054 547 4127 publicis
577 4054 1089 4126 persecutionibus
1121 4057 1222 4110 aut
1249 4052 1491 4109 occultis
1520 4051 1945 4108 tentationibus

290 4145 544 4217 fatigari.
578 4144 836 4215 Ideoque
879 4146 1197 4215 utrumque
1226 4141 1645 4214 pronuntiavit,
1680 4139 1942 4197 consola-

291 4232 482 4287 tiones
510 4230 737 4288 scilicet
761 4235 818 4287 et
839 4231 1304 4303 perturbationes
1333 4246 1558 4286 eorum.
1591 4234 1656 4283 In
1687 4229 1941 4301 quodam

299 4319 475 4374 etiam
493 4337 663 4376 versu
686 4325 1005 4390 utrumque
1025 4319 1485 4392 comprehendit,
1506 4319 1735 4374 dicens:
1760 4319 1946 4374 Multa:

293 4409 680 4466 tn‘bulationes
720 4411 1012 4481 justorum,
1043 4417 1096 4465 et
1144 4410 1210 4463 de
1255 4409 1508 4464 omnibus
1555 4407 1640 4462 his
1689 4407 1945 4463 liberabit

290 4515 379 4555 eos
408 4501 676 4555 Dominus
729 4499 900 4570 (Psal.
932 4515 1128 4566 xxxm,
1159 4499 1272 4569 2-0).
1305 4497 1348 4553 Ο
1399 4497 1558 4552 mira
1610 4495 1944 4552 sanctitatis

2052 3342 2143 3396 via
2165 3357 2285 3406 sua,
2306 3341 2369 3396 in
2390 3341 2609 3395 homine
2622 3342 2858 3409 faciente
2878 3340 3188 3408 iniustitias
3205 3337 3380 3408 (Psal.
3404 3354 3591 3404 xxxvr,
3613 3339 3670 3406 7)
3691 3356 3704 3406 ;

2053 3435 2110 3486 et
2145 3447 2156 3484 :
2212 3430 2318 3498 Qui
2363 3430 2750 3500 malignantur
2787 3428 3345 3488 exterminabuntur;
3375 3427 3707 3481 sustinentes

2051 3521 2238 3575 autem
2273 3520 2566 3573 Dominum
2595 3519 2706 3589 ipsi
2734 3516 3140 3574 haereditabunt
3168 3519 3372 3572 terram
3402 3514 3586 3586 (Ibid.,
3616 3515 3699 3585 9).

2052 3608 2235 3666 Multa
2248 3606 2586 3678 quoquebis
2604 3605 2894 3662 similiain
2912 3605 3156 3678 psalmis
3171 3602 3414 3660 inveniri
3431 3607 3702 3675 possunt.

2124 3697 2233 3752 Sed
2267 3703 2323 3751 et
2351 3696 2409 3750 in
2441 3695 2551 3751 hoc
2580 3695 2724 3752 satis
2753 3698 3065 3751 excusatur
3091 3695 3164 3750 ab
3184 3693 3528 3764 hujusmodi
3562 3692 3704 3748 insi-

2054 3783 2273 3857 pientia
2301 3784 2456 3856 quod
2487 3785 2544 3839 in
2579 3783 2704 3840 loco
2735 3783 2990 3856 quodam
3044 3799 3107 3837 se
3156 3781 3423 3853 perhibet
3452 3781 3706 3837 devitarc

2054 3874 2242 3930 otiosa
2269 3873 2464 3940 verba,
2497 3872 2696 3928 dicens
2727 3873 2796 3928 ad
2828 3871 3142 3928 Dominum
3169 3886 3182 3924 :
3215 3873 3346 3940 Igne
3373 3885 3462 3926 me
3487 3871 3702 3926 exami-

2053 3964 2219 4032 nasti,
2253 3971 2306 4018 et
2341 3978 2456 4018 non
2498 3967 2577 4017 est
2619 3963 2837 4017 inventa
2884 3963 2946 4015 in
2990 3975 3076 4015 me
3127 3960 3437 4031 iniquitas;
3486 3961 3546 4014 ut
3593 3974 3706 4015 non

2054 4053 2312 4123 loquatur
2356 4067 2417 4108 os
2460 4067 2646 4107 meum
2687 4067 2848 4122 opera
2878 4050 3161 4105 hominum
3190 4049 3365 4117 (Psal.
3397 4065 3508 4116 xvr,
3541 4049 3594 4116 3,
3628 4049 3704 4117 4),

2055 4140 2306 4198 subaudi
2330 4156 2630 4212 pravorum
2680 4155 2779 4195 seu
2822 4137 3189 4209 quorumlibet
3218 4136 3528 4206 hominum,
3559 4153 3706 4209 quo-

2055 4246 2185 4284 rum
2219 4244 2395 4301 opera
2424 4227 2630 4296 multa,
2661 4226 2797 4283 licet
2825 4225 2944 4282 sint
2975 4225 3325 4293 necessaria,
3361 4242 3475 4282 non
3505 4231 3703 4282 tamen

2055 4317 2322 4374 convenit
2352 4318 2422 4372 de
2452 4316 2537 4372 eis
2569 4315 2819 4388 turpiter
2846 4313 3028 4387 loqui,
3062 4330 3133 4368 ne
3164 4314 3312 4369 forte
3342 4312 3521 4385 aliqui
3554 4313 3706 4369 irra-

2053 4405 2360 4462 tionabilia
2406 4405 2584 4460 verba
2635 4404 2940 4459 audientes
2995 4401 3500 4467 scandalizentur;
3551 4402 3704 4474 quod

2055 4495 2210 4551 enim
2262 4500 2433 4566 turpe
2483 4497 2572 4550 est
2618 4493 2825 4561 tacere,
2858 4496 3029 4563 turpe
3077 4496 3164 4546 est
3193 4493 3252 4545 et
3280 4491 3494 4546 dicere.
3528 4490 3598 4544 Et
3644 4497 3713 4544 ut

288 4587 478 4644 virum
513 4591 572 4644 et
618 4588 848 4644 cunctis
881 4585 1150 4643 fidelibus
1179 4586 1600 4653 venerandum,
1634 4584 1730 4658 qui
1785 4588 1946 4640 tanta
1976 4605 2023 4668 D
2055 4584 2249 4641 adhuc
2280 4582 2438 4638 aliud
2470 4581 2876 4638 testimonium
2908 4579 3154 4634 inferam
3187 4579 3280 4668 ad,
3305 4576 3705 4668 excusandum

289 4691 660 4750 pranoscere
686 4680 743 4732 et
768 4676 1145 4749 pronuntiare
1171 4673 1413 4730 meruit!
1449 4677 1595 4729 Nam
1617 4673 1771 4744 quod
1804 4689 1946 4745 apo-

291 4767 481 4825 stolus
514 4765 739 4824 Paulus
768 4767 840 4822 de
869 4765 1184 4837 semetipso
1215 4763 1361 4820 dixit
1393 4780 1406 4817 :
1466 4763 1729 4820 Omnibus
1757 4763 1951 4818 omnia

294 4858 470 4926 factus
517 4872 669 4924 sum,
720 4864 779 4910 ut
827 4871 1009 4911 omnes
1061 4855 1442 4924 lucrifacerem
1489 4853 1538 4923 (I
1564 4854 1691 4909 Cor.
1727 4869 1802 4919 Ix,
1833 4850 1946 4922 22),

295 4946 365 5001 de
393 4946 511 5003 isto
546 4961 785 5019 quoque
819 4944 941 5000 viro
982 4947 1174 5015 potest
1219 4941 1524 5014 aptissime
1572 4940 1687 4997 dici
1738 4939 1839 5012 qui
1887 4942 1952 4994 ut

293 5037 576 5093 omnibus
609 5034 816 5090 divinae
850 5033 1080 5106 pietatis
1111 5031 1368 5100 divitias,
1393 5047 1538 5102 quas
1570 5030 1694 5102 ipse
1723 5028 1950 5101 experi-

294 5132 494 5182 mento
516 5123 750 5192 didicit,
774 5121 1196 5195 pronuntiaret,
1221 5138 1378 5176 nunc
1404 5120 1637 5192 quidem
1664 5120 1829 5175 docet
1853 5134 1951 5173 eos

295 5233 462 5272 orare
491 5218 619 5271 tam
652 5231 756 5286 pro
787 5228 850 5269 se
879 5229 1056 5284 quam
1089 5229 1192 5283 pro
1226 5209 1376 5278 aliis,
1411 5209 1712 5282 proferens
1741 5209 1812 5263 ad
1845 5208 1952 5263 hoc

294 5305 443 5361 talia
470 5304 655 5361 verba
693 5319 821 5375 quae
864 5300 1203 5373 peritissimi
1253 5299 1474 5372 quique
1523 5302 1772 5371 possunt
1819 5296 1952 5370 plus

297 5393 505 5448 mirari
533 5408 716 5465 quam
739 5390 899 5446 dictu
930 5389 1145 5445 imitari
1174 5407 1187 5457 ;
1221 5405 1378 5444 nunc
1401 5383 1728 5443 conﬁtendo
1749 5390 1807 5442 et
1834 5404 1954 5459 poe-

301 5481 549 5537 nitendo
580 5483 957 5553 peccatorum
987 5478 1212 5534 veniam
1243 5495 1277 5532 a
1307 5477 1420 5532 Deo
1451 5492 1706 5547 quaerere
1736 5500 1749 5542 ;
1802 5492 1956 5531 nunc

301 5588 418 5645 pro
449 5570 713 5643 qualibet
740 5569 954 5625 virtute
983 5566 1319 5637 obtinenda,
1354 5566 1648 5624 interdum
1679 5580 1811 5622 vero
1855 5583 1956 5639 pro

302 5661 682 5735 quibuslibet
721 5657 881 5714 vitiis
923 5656 1280 5732 depellendis
1308 5661 1491 5716 Deum
1519 5654 1819 5724 invocare;
1854 5654 1960 5713 ali-

2059 4671 2453 4743 Psalmistam,
2488 4670 2754 4744 legamus
2784 4668 3003 4740 scripta
3032 4665 3285 4738 Apostoli
3327 4665 3448 4738 qui,
3481 4664 3618 4721 licet
3648 4665 3708 4720 in

2059 4761 2220 4818 omni
2253 4759 2567 4816 sanctitate
2595 4756 2818 4824 vixerit,
2846 4772 2917 4812 ex
2944 4759 3317 4828 peccatorum
3345 4757 3546 4810 tamen
3577 4767 3708 4826 per-

2061 4866 2204 4906 sona
2235 4848 2382 4904 dixit
2413 4865 2425 4902 :
2480 4848 2682 4919 Infelix
2725 4862 2821 4916 ego
2871 4845 3047 4912 homo,
3081 4844 3202 4916 quis
3241 4859 3330 4899 me
3359 4843 3615 4900 liberabit
3646 4841 3711 4898 de

2058 4955 2279 5012 corpore
2306 4939 2497 4993 mortis
2529 4936 2693 5006 huius
2711 4939 2736 4989 ἱ)
2766 4935 2954 4990 Gratia
2974 4935 3071 4990 Dei
3095 4949 3194 5005 per
3220 4935 3404 4990 Iesum
3431 4932 3712 4988 Christum

2063 5030 2359 5086 Dominum
2399 5034 2647 5081 nostrum
2695 5027 2868 5095 (Rom.
2916 5041 3026 5091 vn,
3069 5024 3168 5089 24,
3199 5024 3313 5091 25).
3363 5023 3445 5077 Ex
3494 5021 3711 5093 quibus

2061 5117 2335 5175 omnibus
2367 5115 2662 5190 colligitur
2690 5112 2830 5186 quia
2851 5112 3159 5169 Psalmista
3189 5111 3354 5168 nullo
3385 5111 3558 5166 modo
3580 5126 3709 5165 cre-

2062 5208 2289 5264 dendus
2315 5210 2405 5262 est
2436 5225 2470 5261 a
2502 5205 2613 5260 ﬁde
2637 5204 2874 5270 moveri,
2897 5219 3030 5259 cum
3063 5201 3280 5273 impios
3302 5217 3368 5255 ac
3397 5197 3711 5255 sceleratos

2065 5313 2328 5370 quosque
2353 5295 2414 5360 in
2449 5294 2558 5350 hoc
2591 5292 2799 5349 saeculo
2836 5292 3080 5346 vidisset
3109 5287 3458 5361 prosperari.

2133 5386 2264 5441 Jam
2290 5385 2434 5440 satis
2455 5383 2674 5438 dictum
2699 5387 2787 5438 est
2810 5381 3101 5453 quomodo
3123 5378 3436 5434 Psalmista
3456 5376 3715 5434 console-

2064 5481 2160 5532 tur
2185 5490 2388 5529 omnes
2410 5472 2508 5544 qui
2533 5472 2801 5528 esuriunt
2819 5473 2875 5525 et
2897 5469 3107 5525 sitiunt
3124 5467 3424 5544 justitam,
3446 5466 3716 5524 dicamus

2067 5564 2242 5620 etiam
2260 5562 2510 5636 qualiter
2522 5563 3023 5617 deterreatomnes
3044 5557 3461 5630 iniquos,nunc
3474 5557 3714 5630 quidem

2068 5651 2498 5726 pronuntiando
2529 5653 2749 5722 quanta
2780 5647 2894 5704 sibi
2926 5646 3084 5703 mala
3112 5647 3312 5704 futura
3340 5646 3480 5712 sint,
3503 5645 3554 5701 si
3583 5659 3711 5715 per-
