4098 6172
292 308 396 367 εῖ9

1293 311 1626 371 ()ΤΗΙ.ΟΝΙ
1680 311 2027 371 ΜυΝΑαιιι
2079 311 2116 370 S
2194 309 2679 372 ΕῊΜΕΗΑΜΜΙ

3582 315 3599 368 -ι
3615 309 3695 371 80

289 449 563 498 maneant
598 443 651 495 in
689 441 975 513 peccatis;
1013 459 1162 496 nunc.
1191 450 1382 498 autem
1419 444 1770 517 increpando
1793 463 1926 513 eos;
1963 452 2013 514 Α
2047 448 2194 509 sunt,
2228 446 2348 515 quis
2378 454 2559 500 noster
2588 446 2853 500 Dominus
2881 447 2997 499 est?
3025 443 3207 515 (Ibid,
3241 442 3323 514 5.)
3353 443 3487 508 Qua:
3519 442 3694 501 verba

286 533 581 588 interdum
613 533 790 586 etiam
823 532 1039 586 orando
1073 537 1136 587 ut
1185 533 1269 588 vel
1321 535 1638 591 vindictam
1670 536 1924 591 debitam

286 622 585 694 recipiant,
603 621 690 675 vel
712 625 915 675 contra
932 621 1130 678 ﬁdeles
1151 623 1472 694 nequitiam
1496 642 1664 680 suam
1689 625 1929 697 implere

289 714 601 782 nequeant.
628 709 734 764 Sed
757 709 828 765 de
858 709 1197 782 iniquorum
1223 713 1486 768 omnium
1519 716 1728 786 capite,
1752 715 1809 770 id
1842 720 1933 771 est

286 798 641 855 Antichristo
665 799 957 870 imprimis
981 801 1270 872 dicamus,
1296 804 1393 875 qui
1418 804 1550 860 licet
1573 805 1628 859 in
1653 805 1930 876 tempori-

288 889 400 944 biIs
427 888 764 945 novissimis
788 893 1073 946 venturus
1099 891 1195 956 sit,
1223 892 1532 949 Psalmista
1553 899 1749 950 tamen
1775 911 1930 950 more

288 995 396 1034 suo
418 978 619 1033 futura
637 977 806 1049 quasi
828 980 1120 1050 praeterita
1142 993 1388 1037 narrans
1410 983 1481 1038 de
1503 982 1600 1038 illo
1623 983 1678 1037 in
1703 983 1933 1055 psalmo

288 1084 462 1134 nono,
485 1067 745 1138 loquitur
775 1068 942 1140 quasi
966 1069 1092 1139 jam
1122 1070 1394 1137 venisset,
1417 1071 1616 1127 dicens
1648 1073 1798 1127 inter
1827 1089 1933 1128 caa-

287 1160 458 1213 tera:
507 1158 628 1214 Non
673 1161 752 1212 est
800 1159 937 1213 Deus
984 1159 1039 1212 in
1099 1163 1386 1231 conspectu
1440 1162 1578 1233 ejus,
1630 1162 1937 1232 inquinata:

295 1250 424 1304 sunt
453 1248 558 1304 viae
589 1248 746 1303 illius
775 1249 836 1303 in
865 1250 1018 1304 omni
1060 1253 1314 1319 tempore.
1346 1252 1686 1321 Auferuntur
1721 1252 1939 1323 judicia

294 1344 418 1406 tua,
433 1337 679 1406 Domine,
698 1354 733 1390 a
752 1339 892 1408 facie
911 1339 1050 1408 eius,
1068 1340 1317 1394 omnium
1341 1341 1696 1397 inimicorum
1713 1358 1941 1396 suorum

295 1425 690 1482 dominabitur.
715 1427 870 1482 Dixit
895 1429 1045 1482 enim
1075 1429 1133 1480 in
1164 1429 1323 1484 corde
1348 1446 1463 1500 suo,
1490 1446 1602 1486 non
1631 1433 1880 1486 movebor
1909 1448 1943 1486 a

299 1516 660 1588 generatione
701 1517 761 1570 in
790 1518 1200 1584 generationem
1227 1519 1345 1574 sine
1373 1521 1536 1575 malo.
1573 1520 1741 1591 Cujus
1771 1521 1942 1575 male-

301 1603 540 1660 dictione
567 1619 623 1658 os
649 1605 873 1675 plenum
899 1613 978 1660 est
1005 1610 1056 1661 et
1073 1608 1450 1662 amaritudine
1479 1617 1528 1663 et
1547 1609 1688 1678 dolo,
1709 1610 1807 1664 sub
1829 1611 1944 1664 lin-

303 1708 412 1762 gua
467 1693 588 1763 ejus
645 1693 797 1748 labor
853 1702 904 1748 et
959 1695 1133 1749 dolor.
1190 1697 1332 1751 Item
1388 1697 1448 1750 in
1499 1713 1748 1767 persona
1789 1698 1948 1770 Doeg

2046 534 2332 605 superbiae
2355 550 2593 589 sensum
2627 533 2800 588 talem
2827 533 3098 588 videntur
3125 532 3340 590 habere
3367 551 3380 588 :
3414 534 3692 591 Peritiam

2041 628 2267 678 tantam
2305 639 2372 678 ex
2407 623 2604 679 labore
2628 628 2826 678 nostro
2857 623 3299 695 acquisivimus,
3324 626 3448 679 utet
3465 624 3557 680 dis
3579 642 3690 697 pu-

2039 712 2249 767 tationi
2271 712 2477 767 divinae
2500 711 2800 784 possimus
2822 713 3190 784 respondere.
3212 713 3476 770 Dicentes
3499 714 3654 770 enim
3677 733 3690 770 :

2042 802 2173 870 Quis
2217 805 2404 856 noster
2441 801 2704 856 Dominus
2751 810 2850 872 est,
2884 800 3204 857 ostendunt
3233 818 3296 858 se
3325 802 3595 859 dubitare
3624 804 3696 859 de

2042 890 2332 946 immensa
2354 890 2455 945 Dei
2486 889 2718 945 virtute.
2747 890 2910 946 Talia
2940 895 3134 946 autem
3169 893 3232 946 in
3259 891 3439 958 corde,
3462 902 3511 948 et
3539 893 3699 948 corde

2043 978 2383 1051 loquuntur,
2411 995 2526 1034 non
2549 980 2918 1035 attendentes
2944 980 3082 1051 quia
3113 985 3387 1036 scrutans
3412 987 3502 1038 est
3521 984 3698 1039 corda

2042 1073 2099 1125 et
2119 1085 2286 1124 renes
2310 1069 2466 1124 Deus
2489 1068 2658 1139 (Psal.
2683 1085 2780 1136 vu,
2807 1067 2917 1140 10).
2942 1070 3051 1124 Sed
3081 1069 3192 1125 viri
3213 1070 3386 1126 dolosi
3409 1087 3516 1127 non
3539 1071 3701 1127 dimi-

2043 1159 2272 1214 diabunt
2301 1159 2418 1213 dies
2448 1174 2574 1214 suos
2603 1158 2777 1229 (Psal.
2811 1157 2943 1228 Liv).
2977 1161 3041 1214 Et
3078 1161 3299 1230 sagittae
3341 1162 3700 1232 parvulorum

2044 1250 2209 1319 [astte
2227 1256 2353 1303 sunt
2372 1248 2547 1319 plaga
2570 1263 2762 1302 eorum
2782 1247 2962 1318 (Psal.
2991 1264 3151 1315 LXIII,
3173 1249 3262 1320 8);
3297 1249 3436 1320 quia
3456 1249 3514 1304 in
3538 1254 3704 1306 tanta

2048 1336 2383 1409 arrogantia
2411 1341 2468 1392 et
2498 1337 2774 1409 superbia
2806 1337 2979 1408 positi
3023 1352 3174 1409 saepe
3226 1343 3360 1394 ante
3410 1343 3702 1394 maturam

2050 1429 2278 1480 aetatem
2311 1426 2620 1481 subitanea
2653 1430 2840 1481 morte
2871 1425 3204 1497 rapiuntur,
3236 1431 3294 1482 et
3339 1432 3483 1483 tunc
3512 1429 3707 1484 omnis

2049 1531 2252 1570 eorum
2275 1513 2618 1587 disputatio,
2643 1504 2824 1586 quam
2850 1514 3249 1572 invincihilem
3274 1516 3606 1584 credebant,
3631 1518 3703 1573 ad

2052 1603 2306 1659 nihilum
2328 1603 2486 1658 velut
2506 1603 2820 1658 infantium
2840 1610 2940 1659 aut
2960 1605 3368 1676 insipientium
3393 1606 3706 1679 garrulitas

2053 1694 2286 1750 redacta
2338 1692 2396 1747 in
2451 1693 2890 1748 damnationem
2943 1709 3145 1748 eorum
3197 1695 3462 1762 vertitur,
3506 1695 3710 1767 sicque

304 1782 476 1852 (Psal.
511 1800 565 1846 x,
598 1782 652 1846 5,
682 1783 760 1850 7).
795 1782 1034 1857 Idumaei
1076 1785 1480 1855 persequentis
1529 1802 1590 1840 se
1631 1785 1948 1842 Psalmista
1984 1820 2024 1884 Β
2055 1781 2384 1880 completur
2411 1781 2469 1836 in
2498 1781 2583 1837 eis
2609 1782 2764 1884 quod
2791 1781 3107 1838 Psalmista
3127 1781 3265 1837 alibi
3290 1784 3362 1838 de
3381 1782 3599 1839 talibus
3623 1789 3706 1840 te-

303 1871 575 1925 eumdem
597 1869 1022 1926 Antichristum
1047 1873 1215 1942 quasi
1239 1880 1579 1944 praesentem
1601 1875 1944 1947 alloquitur,

302 1959 506 2014 dicens
533 1959 592 2012 in
628 1959 1114 2031 quinquagesimo
1144 1961 1334 2032 primo
1367 1962 1631 2035 psalmo:
1668 1965 1810 2032 Quid
1837 1966 1948 2033 glo-

301 2047 472 2104 riaris
503 2048 564 2102 in
583 2048 821 2118 malitia,
845 2050 942 2118 qui
967 2057 1153 2120 potens
1173 2067 1226 2106 es
1256 2053 1317 2106 in
1342 2053 1637 2122 iniquitate
1655 2057 1680 2107 .9
1714 2056 1838 2109 Tota
1861 2054 1950 2122 die

301 2138 640 2208 injustitiam
685 2138 945 2208 cogitavit
987 2139 1178 2210 lingua
1217 2145 1311 2195 tua
1342 2142 1510 2212 (Psal.
1547 2159 1618 2208 LI,
1650 2143 1703 2210 3,
1737 2143 1811 2212 4).
1846 2143 1947 2198 Hic

301 2224 482 2297 igitur
501 2225 558 2280 in
587 2229 867 2296 quantam
894 2226 1176 2283 malitiam
1201 2234 1259 2284 et
1281 2231 1615 2301 superbiam
1643 2230 1947 2303 prolapsu-

303 2331 404 2371 rus
437 2313 532 2382 sit,
555 2317 677 2369 tam
700 2330 769 2369 ex
799 2332 979 2387 supra
999 2316 1174 2372 dictis
1199 2318 1526 2374 Psalmista:
1561 2320 1748 2376 verbis
1773 2337 1948 2392 quam

304 2421 373 2460 ex
390 2402 553 2459 Pauli
578 2403 826 2474 apostoli
851 2405 1086 2475 scriptis
1109 2407 1348 2478 agnosci
1369 2407 1540 2476 valet,
1562 2409 1618 2463 in
1643 2410 1859 2480 quibus
1881 2411 1952 2464 de

304 2494 434 2565 ipso
467 2491 549 2546 ita
577 2491 792 2563 legitur
823 2509 835 2548 :
889 2495 994 2561 Qui
1023 2494 1346 2550 adversatur
1374 2507 1424 2552 et
1454 2499 1743 2553 extollitur
1786 2515 1953 2570 supra

306 2595 464 2636 omne
493 2579 637 2650 quod
663 2578 868 2634 dicitur
897 2582 1034 2636 Deus
1079 2591 1175 2637 aut
1219 2584 1363 2653 quod
1406 2585 1626 2652 colitur,
1662 2588 1741 2640 ita
1787 2594 1847 2640 ut
1895 2588 1955 2640 in

308 2669 508 2740 templo
556 2668 653 2722 Dei
698 2668 894 2732 sedeat,
938 2671 1216 2727 ostendens
1271 2689 1329 2728 se
1384 2677 1647 2745 tanquam
1694 2677 1766 2729 sit
1817 2677 1956 2730 Deus

315 2757 380 2829 (ιι
413 2756 584 2812 Thess.
618 2774 682 2822 ιι,
715 2757 788 2828 4).
822 2757 952 2813 Ηωο
981 2775 1117 2831 ergo
1148 2760 1268 2815 sint
1299 2761 1455 2817 dicta
1498 2763 1568 2817 de
1619 2763 1955 2834 iniquorum

314 2845 578 2901 omnium
604 2845 812 2917 capite,
836 2863 974 2915 non,
1001 2852 1066 2903 ut
1095 2848 1288 2919 ipsum
1313 2851 1620 2906 credamus
1643 2851 1760 2907 ullo
1783 2853 1956 2908 modo

313 2935 723 2990 deterrendum
755 2940 856 2990 aut
901 2937 961 2992 in
1007 2936 1219 2994 melius
1251 2941 1727 3008 convertendum,
1763 2943 1861 2997 sed
1896 2945 1961 2996 ut

313 3022 399 3078 illi
447 3023 548 3095 qui
596 3023 786 3079 adhuc
836 3025 894 3079 in
951 3025 1175 3082 malitia
1223 3044 1329 3083 sua
1367 3033 1801 3099 perseverantes
1832 3031 1960 3101 ejus

313 3113 576 3168 membra
598 3117 737 3168 sunt
757 3113 1157 3170 deterreantur
1178 3121 1254 3182 et,
1274 3134 1404 3172 cum
1432 3122 1664 3190 tempus
1687 3119 1764 3174 sit
1783 3118 1957 3175 mise-

312 3201 500 3272 rendi,
532 3201 602 3256 ad
637 3201 933 3257 Christum
965 3209 1393 3261 convertantur.

378 3291 506 3346 Jam
532 3290 787 3347 diximus
811 3292 884 3348 de
913 3292 1250 3364 iniquorum
1278 3297 1543 3350 omnium
1571 3297 1778 3369 capite,
1803 3290 1977 3353 dica-'

312 3397 446 3436 mus
475 3396 632 3435 nunc
681 3381 753 3436 de
803 3382 932 3452 ejus
976 3383 1278 3454 membris,
1311 3386 1603 3456 quomodo
1636 3386 1959 3442 Psalmista;

309 3473 639 3524 terreantur
668 3470 858 3525 verbis
893 3487 905 3524 :
959 3471 1077 3526 Non
1122 3479 1416 3544 resurgunt
1448 3477 1612 3546 impii
1641 3477 1700 3530 in
1732 3477 1960 3542 judicio.

311 3573 486 3628 neque
535 3567 837 3628 peccatores
889 3561 948 3614 in
996 3562 1228 3616 consilio
1277 3563 1542 3629 iustorum
1590 3563 1768 3634 (Psal.
1815 3583 1852 3632 ι,
1885 3565 1961 3635 5).

319 3647 458 3702 Filii
487 3647 795 3714 hominum,
822 3663 1101 3720 usquequo
1120 3650 1278 3717 gravi
1295 3651 1468 3719 corde,
1493 3656 1550 3706 ut
1574 3653 1705 3723 quid
1727 3654 1967 3724 diligitis

314 3737 614 3789 vanitatem
640 3739 690 3790 et
715 3738 966 3806 quwritis
994 3738 1342 3794 mendacium
1359 3739 1388 3794 ?
1414 3741 1584 3811 (Psal.
1615 3759 1690 3810 1v,
1723 3743 1797 3813 3).
1827 3742 1966 3796 Deus

309 3822 488 3895 judea:
529 3824 736 3894 justus,
768 3826 927 3894 fortis
956 3831 1008 3879 et
1037 3828 1276 3897 patiens,
1307 3830 1421 3883 nisi
1447 3832 1696 3885 conversi
1725 3832 1965 3900 fueritis,

316 3911 572 3982 gladium
599 3928 763 3966 suum
793 3913 1048 3980 vibravit,
1081 3931 1276 3970 arcum
1302 3933 1465 3972 suum
1494 3919 1739 3989 tetendit,
1774 3923 1823 3974 et
1859 3936 1968 3990 pa-

319 4002 465 4053 ravit
514 4000 674 4054 illum
723 4001 897 4066 (Psal.
928 4019 1030 4069 vn,
1062 4003 1146 4067 12,
1186 4005 1290 4076 13).
1329 4007 1511 4061 Virum
1554 4009 1893 4076 sanguinum
1919 4016 1970 4063 et

321 4088 568 4144 dolosam
599 4088 1014 4144 abominabitur
1044 4094 1315 4149 Dominus
1358 4095 1526 4165 (Psal.
1559 4113 1612 4164 ν,
1643 4097 1720 4166 7).
1751 4097 1969 4166 Disper-

322 4175 416 4230 dat
439 4177 702 4232 Dominus
722 4179 982 4233 universa
1011 4180 1160 4235 labia
1191 4182 1395 4253 dolosa,
1418 4185 1670 4252 linguam
1701 4185 1972 4253 magnilo-

324 4281 490 4336 quam
522 4264 699 4334 (Psal.
733 4283 810 4333 x1,
845 4269 921 4335 4).
959 4269 1072 4324 Viri
1097 4273 1434 4340 san-guinum
1462 4276 1512 4328 ct
1543 4273 1715 4328 dolosi
1740 4289 1850 4327 non
1884 4273 1970 4327 di-

323 4353 636 4410 midiabu-nt
680 4355 799 4411 dies
848 4373 972 4413 suos
1019 4360 1187 4430 (Psal.
1223 4379 1335 4429 Liv,
1365 4362 1476 4432 24).
1510 4363 1642 4416 Filii
1689 4361 1975 4417 hominum

329 4442 513 4498 dentes
530 4459 722 4498 eorum
743 4462 900 4501 arma
925 4451 976 4502 et
1005 4450 1224 4515 sagitta,
1250 4454 1303 4504 et
1331 4449 1524 4519 lingua
1543 4465 1731 4504 eorum
1759 4451 1977 4520 gladius

2057 1875 2267 1938 statur,
2299 1869 2498 1924 dicens
2533 1886 2544 1922 :
2603 1870 2859 1924 Gladium
2905 1873 3336 1940 evaginaverunt
3381 1875 3704 1944 peccatores,

2057 1959 2412 2015 intenderunt
2439 1975 2630 2014 arcum
2661 1975 2844 2024 suum,
2876 1969 2936 2015 ut
2980 1959 3261 2032 decipiant
3301 1977 3606 2034 pauperem
3656 1971 3711 2017 et

2058 2051 2295 2120 inopem,
2327 2053 2386 2103 ut
2417 2049 2691 2103 trucident
2730 2056 2902 2104 rectos
2929 2049 3105 2106 corde.
3141 2050 3371 2106 Gladius
3398 2065 3591 2108 eorum
3619 2053 3708 2106 in-

2059 2146 2160 2194 tret
2206 2139 2269 2192 in
2325 2138 2494 2193 corda
2546 2140 2817 2210 ipsorum,
2870 2155 3030 2194 arcus
3085 2155 3274 2195 eorum
3327 2141 3712 2211 confringatur

2060 2227 2231 2298 (Psal.
2266 2243 2454 2294 xxxvr,
2489 2228 2574 2296 14,
2610 2227 2718 2298 15).

2135 2320 2262 2370 Haec
2296 2315 2474 2387 igitur
2504 2316 2781 2386 quoniam
2817 2316 2973 2371 dicta
3012 2320 3152 2372 sunt
3197 2317 3268 2372 de
3314 2317 3428 2386 his,
3460 2333 3707 2389 quorum

2063 2403 2266 2476 lingua
2286 2408 2373 2459 est
2393 2403 2564 2474 quasi
2587 2403 2826 2476 gladius
2849 2409 3077 2471 acutus,
3096 2405 3315 2477 quique
3335 2405 3480 2462 alios
3496 2405 3715 2463 dolosis

2064 2493 2370 2547 verborum
2391 2492 2608 2563 jaculis
2636 2494 2992 2548 confundere
3021 2493 3228 2559 solent,
3253 2511 3386 2550 mox
3403 2494 3716 2551 Psalmista

2065 2581 2392 2653 subjungit,
2426 2580 2626 2636 dicens
2666 2598 2678 2635 :
2729 2582 2920 2636 Melius
2959 2585 3038 2638 est
3066 2583 3341 2640 modicum
3385 2586 3526 2653 justo
3553 2600 3717 2656 super

2065 2670 2288 2725 divitias
2318 2675 2665 2740 peccatorum
2694 2672 2903 2727 multas
2924 2672 3106 2742 (lbid.,
3133 2673 3221 2745 16)
3250 2690 3262 2727 :
3296 2690 3399 2745 per
3423 2673 3532 2730 hoc
3556 2672 3713 2728 vide-

2066 2759 2202 2814 licet
2215 2758 2524 2814 insinuans
2543 2753 2779 2831 parvam
2799 2759 3123 2832 spiritualis
3136 2761 3434 2832 sapientia
3449 2762 3713 2818 notitiam

2069 2847 2372 2903 meliorem
2428 2863 2560 2903 esse
2609 2865 2786 2919 quam
2833 2849 3218 2921 multiplicem
3251 2851 3548 2908 saecularis
3577 2866 3713 2923 pru-

2069 2936 2275 2993 dentiae
2297 2937 2640 3007 versutiam,
2655 2954 2783 3010 quis
2803 2954 2908 3010 pro
2927 2938 3144 3015 divitiis
3163 2940 3438 2995 maximis
3455 2939 3718 3012 diligitur

2070 3044 2103 3082 a
2125 3025 2414 3097 pluribus.
2439 3025 2571 3081 Ideo
2594 3031 2790 3082 autem
2814 3027 3153 3096 huiusmodi
3175 3028 3444 3085 homines
3464 3028 3720 3100 appellat

2069 3119 2423 3188 peccatores,
2456 3115 2616 3186 quia,
2645 3115 2895 3170 maxime
2938 3120 3177 3186 peccant
3209 3116 3308 3186 qui
3340 3115 3716 3188 prudentiam

2070 3203 2282 3269 carnis,
2315 3221 2444 3276 quae
2475 3205 2800 3260 secundum
2831 3203 3174 3275 Apostolum
3218 3221 3376 3260 more
3423 3210 3532 3275 est,
3583 3205 3719 3276 plus

2071 3309 2248 3365 quam
2281 3309 2517 3350 necesse
2563 3293 2637 3348 sit
2685 3297 2907 3348 amant.
2941 3297 3126 3348 Tanta
3155 3309 3411 3364 namque
3439 3293 3723 3364 superbia

2069 3383 2152 3439 eis
2175 3376 2382 3438 exinde
2402 3382 2609 3449 oritur,
2634 3387 2700 3437 ut
2729 3385 2941 3438 cuncta
2972 3381 3116 3454 legis
3137 3382 3347 3437 divinae
3375 3385 3598 3437 statuta
3619 3386 3722 3438 aut

2073 3471 2501 3543 blasphemare,
2521 3475 2622 3527 aut
2641 3488 2744 3543 pro
2771 3470 2954 3527 nihilo
2977 3476 3318 3543 computare
3341 3475 3719 3542 praesumant,

2073 3560 2240 3631 quasi
2290 3578 2405 3616 non
2457 3560 2576 3616 sint
2623 3565 2798 3616 tantae
2847 3559 3168 3632 sapientiae,
3201 3564 3494 3632 tantaeque
3533 3560 3720 3633 perfe-

2079 3648 2289 3705 ctionis
2321 3653 2384 3703 ut
2413 3648 2621 3704 merito
2646 3649 2896 3704 debeant
2925 3647 3240 3704 observari.
3266 3652 3370 3703 Pro
3401 3665 3516 3720 qua
3547 3648 3722 3703 nimi-

2078 3755 2208 3793 rum
2240 3736 2516 3808 superbia
2546 3737 2701 3792 idem
2735 3753 2885 3807 saepe
2911 3737 3146 3808 quidem
3175 3746 3513 3808 peccatores;
3541 3736 3722 3792 inter-

2077 3828 2218 3882 dum
2258 3842 2390 3880 vero
2436 3827 2552 3881 viri
2595 3827 2932 3896 sanguinum
2977 3834 3030 3880 et
3073 3825 3248 3881 dolosi
3297 3825 3661 3898 appellantur
3690 3842 3726 3882 a

2078 3913 2405 3971 Psalmista.
2441 3913 2752 3986 Apostolus
2795 3931 3030 3986 quoque
3080 3914 3299 3971 similia
3345 3916 3416 3970 de
3459 3915 3721 3986 ejusdem

2079 4005 2466 4077 prudentibus
2498 4005 2692 4071 retert,
2726 4004 2927 4060 dicens
2962 4022 2974 4058 :
3029 4005 3178 4073 Quia
3203 4020 3327 4058 cum
3355 4006 3727 4074 cognovissent

2079 4095 2266 4158 Deum,
2301 4109 2412 4148 non
2460 4095 2600 4147 sicut
2647 4094 2817 4148 Deum
2865 4093 3331 4162 gloriﬁcaverunt,
3365 4097 3462 4148 aut
3507 4096 3728 4164 gratias

2080 4191 2308 4254 egerunt
2336 4183 2508 4252 (Rom.
2544 4200 2581 4250 ι,
2607 4183 2717 4252 21).
2753 4185 2860 4237 etc.
2894 4185 2954 4237 In
2985 4183 3223 4237 circuitu
3251 4183 3413 4252 impii
3433 4184 3730 4242 ambulant

2082 4272 2252 4343 (Psal.
2284 4288 2363 4340 x1,
2395 4271 2469 4342 9).

2155 4361 2280 4424 Qua
2309 4359 2599 4415 sententia
2629 4364 2961 4431 arguuntur
2989 4376 3105 4414 non
3143 4358 3335 4414 solum
3378 4359 3439 4414 hi
3483 4359 3584 4431 qui
3631 4376 3734 4432 per

2086 4447 2212 4503 loca
2236 4448 2405 4520 plura
2424 4452 2699 4520 vagantes
2720 4448 2778 4502 in
2805 4447 3216 4520 temporalium
3238 4463 3434 4504 rerum
3456 4449 3732 4505 varietate

327 4535 520 4587 acutus
551 4534 725 4604 (Psal.
760 4552 868 4604 LVI,
901 4537 977 4608 5).
1013 4538 1234 4607 Sagitta
1274 4538 1633 4608 parvulorum
1660 4541 1824 4609 [artae
1850 4543 1977 4594 sunt
2010 4557 2056 4621 D
2089 4536 2347 4608 undique
2378 4541 2668 4608 quaerunt,
2701 4537 2994 4609 quomodo
3020 4536 3304 4608 voluptati
3347 4553 3464 4592 suae
3496 4535 3733 4592 satiata-

329 4621 512 4692 plagae
539 4638 730 4677 eorum
775 4627 824 4679 et
872 4625 1176 4694 inﬁrmata
1219 4631 1346 4680 sunt
1391 4630 1581 4681 contra
1628 4644 1716 4683 eos
1763 4629 1980 4696 linguae

335 4726 523 4766 eorum
547 4713 718 4783 (Psal.
747 4731 902 4779 LXIII,
921 4716 996 4785 8).
1021 4714 1243 4777 Quibus
1268 4715 1576 4771 sententiis
1597 4715 1728 4772 licet
1749 4733 1981 4789 genera-

335 4797 467 4855 liter
496 4817 702 4857 omnes
730 4802 934 4873 iniqua
960 4802 1262 4874 loquentes
1285 4803 1694 4877 corripiantur,
1717 4804 1980 4878 speciali-

337 4891 426 4944 ter
452 4892 649 4946 tamen
681 4890 729 4946 si
775 4891 874 4962 qui
904 4891 1052 4947 dolis
1082 4897 1326 4947 versutis
1360 4894 1603 4950 rationis
1632 4899 1879 4950 utuntur
1909 4897 1980 4950 ad

340 4977 714 5050 decipiendos
735 4978 1031 5050 simplices
1053 4996 1304 5051 quoque,
1329 4987 1392 5037 ut
1411 4982 1722 5051 dialectici,
1740 5000 1844 5040 nec
1866 5001 1981 5038 non

340 5069 664 5139 prudentiae
687 5066 983 5123 saecularis
1009 5069 1196 5140 gnari.
1224 5070 1464 5142 Utrique
1489 5073 1644 5127 enim
1669 5072 1726 5127 in
1752 5076 1984 5128 tantum

340 5174 493 5230 saepe
549 5158 832 5212 inﬂantur
889 5173 1114 5228 magna:
1180 5160 1544 5216 verbositatis
1611 5161 1853 5217 scientia
1921 5164 1987 5216 ut

340 5246 548 5300 divinae
569 5247 812 5302 rationis
834 5247 1144 5303 subtilitati
1171 5250 1406 5305 credant
1423 5268 1484 5306 se
1507 5267 1678 5322 posse
1700 5251 1985 5305 contradi-

339 5335 538 5389 cere.U
551 5337 659 5391 nde
675 5335 1168 5392 etiamPsalmista
1189 5343 1496 5409 postquam
1514 5340 1684 5394 dixit:
1700 5340 1988 5409 Disperdat

337 5423 604 5476 Dominus
629 5425 886 5479 universa
911 5425 1058 5480 labia
1083 5427 1286 5494 dolosa,
1312 5427 1557 5496 linguam
1579 5429 1986 5497 magniloquam

232 5499 237 5512 ’
338 5513 515 5581 (Psal.
540 5529 618 5580 x1,
639 5513 714 5584 4),
740 5514 935 5568 statim
961 5515 1286 5586 subjunxit,
1310 5515 1538 5570 dicens:
1564 5516 1670 5582 Qui
1693 5516 1986 5572 dixerunt:

337 5603 611 5671 Linguam
631 5611 875 5659 nostram
893 5619 1055 5675 magn
1065 5606 1389 5675 iﬁcabimus,
1405 5604 1557 5660 labia
1576 5608 1761 5661 nostra
1777 5623 1810 5662 (ι
1830 5607 2000 5680 nobis

2089 4627 2280 4693 ciant;
2318 4626 2422 4682 sed
2453 4627 2629 4682 etiam
2664 4626 2723 4680 hi
2745 4626 2847 4698 qui
2879 4627 2936 4680 in
2969 4643 3086 4682 uno
3113 4625 3237 4681 loco
3259 4625 3428 4681 otiosi
3454 4625 3730 4694 exi-stunt,

2091 4714 2352 4786 nihilque
2375 4713 2532 4770 aliud
2566 4715 2677 4770 nisi
2709 4714 2952 4770 circuire
2982 4718 3039 4768 et
3064 4713 3249 4769 visere
3277 4711 3527 4769 aliorum
3557 4721 3736 4780 opera

2092 4804 2350 4858 student.
2385 4803 2703 4859 Inveniatur
2751 4819 2949 4856 manus
2995 4811 3119 4867 tua,
3168 4799 3432 4869 Domine,
3482 4802 3736 4858 omnibus

2091 4893 2340 4947 inimicis
2369 4895 2497 4948 tuis.
2529 4895 2765 4948 Dextera
2795 4896 2899 4946 tua
2927 4892 3170 4945 inveniat
3200 4905 3382 4944 omnes
3409 4891 3507 4960 qui
3535 4894 3585 4946 te
3611 4890 3736 4947 ode-

2093 4983 2222 5035 runt
2243 4982 2414 5052 (Psal.
2443 4999 2534 5051 xx,
2555 4981 2632 5049 9).
2660 4979 3079 5050 Confundantur
3097 4994 3280 5034 omnes
3301 4979 3497 5051 iniqua
3512 4986 3738 5051 agentes

2091 5086 2415 5141 supervacue
2443 5070 2611 5140 (Psal.
2644 5085 2798 5138 xxxv,
2826 5070 2904 5139 3).
2936 5069 3048 5137 Qui
3072 5068 3372 5139 loquuntur
3397 5073 3590 5141 pacem
3613 5086 3738 5126 cum

2091 5160 2341 5230 proximo
2363 5174 2483 5222 suo,
2508 5159 2658 5213 mala
2683 5162 2865 5214 autem
2894 5159 2951 5212 in
2975 5157 3226 5212 cordibus
3247 5173 3438 5214 eorum
3453 5176 3474 5222 ;
3505 5159 3575 5215 da
3601 5160 3736 5228 illis,

2096 5248 2356 5316 Domine,
2389 5247 2683 5302 secundum
2716 5263 2882 5318 opera
2913 5249 3176 5318 ipsorum,
3208 5251 3258 5302 et
3301 5248 3600 5303 secundum
3641 5264 3734 5303 ne-

2093 5338 2326 5408 quitiam
2356 5337 2818 5392 adinventionum
2840 5338 3089 5405 ipsorum
3109 5337 3275 5406 (Psal.
3300 5353 3472 5402 xxvn,
3495 5337 3573 5406 3.)
3601 5339 3738 5391 Eru-

2096 5426 2310 5480 bescant
2342 5427 2524 5496 impii,
2553 5435 2604 5480 et
2634 5425 2974 5481 deducantur
3003 5427 3061 5478 in
3095 5426 3392 5494 infernum,
3416 5428 3572 5480 muta
3600 5426 3742 5496 ﬁant

2095 5515 2245 5571 labia
2290 5515 2493 5582 dolosa,
2527 5530 2652 5587 quae
2679 5516 2975 5587 loquuntur
3004 5512 3260 5569 adversus
3290 5515 3496 5580 iustum
3523 5515 3738 5586 iniqui-

2097 5609 2262 5661 tatem
2313 5606 2374 5659 in
2417 5606 2680 5676 superbia
2723 5609 2775 5660 et
2823 5606 2886 5659 in
2932 5603 3193 5659 abusione
3239 5603 3413 5673 (Psal.
3462 5611 3591 5675 nx,
3626 5604 3734 5676 18).
