4108 6188
275 382 386 444 181

1429 379 1578 441 LIB.
1626 378 1730 440 DE
1774 372 2034 438 CUMSU
2080 373 2546 436 SPIHITUALI.

3579 374 3691 434 182

272 513 420 573 Ecce
437 527 615 586 quam
637 525 791 585 sape
819 508 1084 585 loquitur
1105 510 1416 569 Psalmista
1435 516 1639 568 contra
1668 509 1922 577 dolosos,
1956 512 2009 577 Α
2037 508 2424 580 properiorum
2457 514 2696 574 tuorum,
2728 522 2919 563 corum
2949 522 3074 580 quae
3122 508 3190 566 ab
3238 508 3540 581 insipiente
3570 524 3673 565 sun

276 619 434 661 nunc
460 601 832 666 deterrendo,
866 617 1021 657 nunc
1051 602 1288 657 orando.
1321 602 1461 659 Orat
1488 602 1664 658 etiam
1697 617 1768 655 ne
1800 600 1924 671 ipse
2030 601 2141 653 tota
2177 596 2284 652 die.
2316 598 2393 652 Ne
2441 596 2784 652 obliviscaris
2836 612 2985 654 voces
3031 599 3389 654 inimicorum
3432 603 3673 666 tuorum,

275 697 452 750 tantis
485 690 763 763 nequitias
793 690 1023 763 laqueis
1051 692 1508 765 constringatur,
1540 690 1740 745 dicens
1767 704 1780 744 :
1815 692 1923 744 Do-

2032 687 2290 758 superbia
2318 702 2504 741 eorum
2534 687 2632 757 qui
2655 693 2705 741 te
2736 686 2983 754 oderunt,
3015 687 3255 742 ascendit
3276 703 3491 757 semper
3509 688 3681 757 (Psal.

274 783 448 848 mine,
479 781 654 837 libera
682 782 933 836 animum
959 790 1139 836 meum
1167 798 1203 836 a
1230 782 1393 837 labiis
1431 781 1639 852 iniquis
1668 782 1719 835 et
1746 795 1781 833 a
1809 778 1927 833 lin~
2035 792 2228 843 LXXIII,
2253 776 2344 844 22,
2365 775 2479 848 23).
2500 776 2722 832 Inimici
2748 776 2972 831 Domini
2998 778 3219 831 mentiti
3245 779 3373 833 sunt
3401 779 3472 845 ei,
3499 781 3550 833 et
3581 779 3690 834 erit

273 888 384 945 qua
413 870 601 927 dolosa
620 870 790 941 (Psal.
813 886 962 941 CIIIX,
982 870 1072 942 2);
1101 874 1159 926 et
1180 887 1193 925 :
1216 871 1336 927 Non
1357 870 1594 927 declines
1610 884 1717 941 cor
1742 882 1931 923 meum

272 948 335 1017 in
360 961 531 1017 verba
558 960 790 1016 malitiae
817 960 990 1031 (Psal.
1028 976 1147 1030 CXL,
1175 960 1249 1031 4).
1273 959 1457 1029 Unde,
1481 976 1697 1031 quasso,
1722 957 1932 1013 fratres

272 1045 633 1118 charissimi,
654 1048 946 1104 abstinete
966 1049 1039 1104 ab
1068 1047 1413 1119 bujusmodi
1444 1046 1768 1120 pravitate:
1793 1063 1932 1102 nam

272 1156 420 1197 mors
449 1146 503 1195 et
533 1140 654 1194 vita
692 1139 752 1194 in
795 1137 1053 1193 manibus
1083 1138 1300 1207 linguae
1328 1138 1511 1209 (Prov.
1536 1154 1699 1208 XVIII,
1720 1137 1833 1208 21).
1868 1136 1937 1192 Et

274 1228 322 1289 si
353 1230 414 1284 in
443 1227 611 1284 vobis
639 1226 719 1283 sit
760 1225 978 1299 aliquis
1008 1226 1070 1282 in
1100 1225 1411 1282 dialectica
1458 1226 1702 1298 peritus,
1735 1228 1937 1281 utatur

276 1335 345 1379 ea
360 1317 516 1374 sicut
531 1314 749 1372 milites
769 1314 908 1372 boni
927 1314 1142 1389 gladiis
1159 1314 1351 1372 solent
1368 1314 1758 1380 uti.Quamvis
1778 1313 1936 1369 enim

275 1422 486 1464 secum
507 1404 726 1479 jugiter
756 1408 993 1477 portent
1010 1402 1300 1476 gladium,
1327 1408 1550 1460 norunt
1574 1409 1771 1459 tamen
1802 1418 1936 1458 eum

280 1513 400 1553 non
430 1494 540 1551 nisi
566 1498 775 1550 contra
805 1493 1003 1550 hostes
1035 1493 1492 1549 extendendum.
1516 1492 1607 1549 Sic
1631 1497 1689 1548 et
1718 1490 1936 1547 dialec-

281 1584 375 1641 tiei
404 1584 464 1640 in
495 1581 699 1640 subtili
734 1586 795 1638 et
822 1587 1243 1656 argumentosa
1265 1582 1496 1638 ratione
1516 1582 1704 1638 facere
1728 1580 1942 1636 debent

278 1672 509 1730 nullum
539 1670 954 1740 domesticum,
985 1671 1045 1727 id
1091 1674 1188 1727 est
1230 1669 1466 1728 ﬁdelem
1497 1674 1556 1727 et
1585 1668 1938 1742 simplicem,

277 1763 377 1827 sed
405 1778 591 1818 saera
632 1759 768 1817 ﬁdei
818 1760 1043 1828 hostes,
1075 1760 1187 1816 hoc
1220 1766 1331 1827 est,
1363 1758 1666 1817 haereticos
1718 1758 1939 1815 solum-

2037 874 2242 937 tempus
2271 881 2457 922 eorum
2488 867 2550 920 in
2576 865 2776 921 saecula
2806 866 2975 937 (Psal.
3001 882 3161 930 Lxxx,
3189 867 3299 937 16).
3334 866 3559 923 Inimici
3583 866 3696 923 Do-

2038 955 2185 1013 mini
2216 956 2493 1010 dicuntur
2521 954 2622 1027 qui
2651 954 2710 1010 in
2733 954 3025 1027 baptismo
3056 955 3538 1013 abrenuntiantes
3568 955 3694 1014 dia-

2040 1045 2174 1102 bolo
2203 1049 2261 1101 et
2290 1044 2522 1116 pompis
2551 1045 2679 1116 ejus
2723 1049 2928 1117 postea
2957 1043 3343 1113 mentiuntur,
3375 1048 3433 1101 et
3462 1043 3687 1103 nullam

2041 1150 2146 1207 pro
2177 1133 2286 1189 hoc
2316 1132 2718 1206 pcenitentiam
2740 1137 2973 1206 gerunt,
2992 1148 3244 1205 quorum
3265 1141 3472 1206 tempus
3490 1136 3597 1190 erit
3628 1134 3689 1189 in

2041 1222 2264 1289 saecula,
2288 1221 2427 1293 quia
2447 1221 2662 1277 dicitur
2682 1225 2768 1278 eis
2788 1221 2848 1277 in
2865 1221 3107 1293 judicio.
3126 1224 3205 1278 Ite
3233 1224 3295 1279 in
3321 1224 3506 1294 ignem
3533 1226 3693 1282 teter-

2044 1328 2179 1367 num
2211 1311 2443 1382 (Matth.
2492 1328 2620 1378 xxv,
2663 1311 2773 1381 41).
2810 1311 3005 1367 Omnes
3046 1312 3324 1384 principes
3351 1328 3566 1380 eorum,
3596 1313 3695 1384 qui

2044 1401 2307 1457 sinterunt
2337 1420 2355 1455 :
2384 1399 2715 1457 Heereditate
2761 1401 3134 1471 possideamus
3178 1402 3560 1458 sanctuarium
3591 1402 3697 1458 Dei

2047 1490 2227 1562 (Psal.
2262 1506 2470 1557 Lxxxu,
2503 1488 2612 1560 13),
2645 1488 2703 1543 id
2734 1492 2825 1543 est
2849 1488 3224 1546 destruamus
3251 1489 3340 1546 vel
3371 1506 3694 1561 persequa-

2049 1595 2184 1636 mur
2210 1577 2480 1634 homines
2511 1582 2765 1644 sanctos,
2789 1576 2891 1649 qui
2922 1581 3062 1632 sunt
3088 1578 3375 1651 templum
3406 1577 3527 1634 Dei.
3550 1583 3697 1635 Deus

2049 1684 2222 1733 meus,
2249 1682 2393 1739 pone
2420 1667 2546 1723 illos
2575 1675 2636 1722 ut
2664 1671 2861 1735 rotam,
2894 1666 3004 1723 hoc
3050 1671 3142 1724 est
3170 1667 3442 1739 permitte
3469 1666 3602 1724 illos
3632 1666 3693 1722 in

2050 1755 2278 1812 malitia
2320 1758 2378 1811 et
2415 1754 2475 1810 in
2508 1754 2889 1811 instabilitate
2934 1773 3043 1812 sua
3088 1756 3424 1828 perdurare,
3455 1764 3509 1813 et
3550 1757 3696 1812 sicut

279 1852 450 1910 modo
498 1849 716 1924 gladiis
742 1850 1056 1947 verborum
1106 1848 1418 1906 subtilium
1466 1852 1754 1921 petentes,
1786 1847 1942 1907 sicut
1966 1882 2016 1947 B
2048 1846 2310 1945 stipulam
2336 1850 2468 1900 ante
2721 1845 2874 1944 venti
2901 1844 3085 1917 (Ibid.,
3118 1845 3232 1918 14);
3256 1850 3334 1947 ‘ut
3361 1844 3585 1902 scilicet
3609 1843 3694 1903 le-

282 1940 467 1999 sancti
500 1940 702 1996 Patres
732 1938 939 1996 fecisse
970 1938 1269 2013 leguntur.

351 2030 623 2086 Dominus
649 2029 887 2100 dissipat
904 2029 1140 2085 consilia
1169 2029 1451 2098 gentium;
1473 2028 1728 2098 reprobat
1754 2031 1939 2083 autem

281 2120 639 2191 cogitaturus
655 2118 986 2191 populorum
997 2159 1012 2185 ,
1032 2124 1086 2174 et
1103 2118 1357 2189 reprobat
1375 2118 1608 2174 consilia
1624 2118 1940 2188 principum

278 2209 453 2278 (Psal.
484 2224 665 2275 XXXII,
700 2207 807 2279 10).
836 2208 1158 2280 Gonsiperat
1184 2215 1438 2278 peccator
1457 2210 1691 2280 justum,
1713 2214 1765 2262 et
1786 2221 1943 2278 quee-

279 2299 351 2352 rit
377 2298 723 2368 mortiﬁcare
750 2312 902 2353 eum.
936 2298 1206 2353 Dominus
1238 2304 1423 2353 autem
1462 2312 1573 2353 non
1601 2295 1945 2379 derelinquat

277 2403 403 2443 mm
431 2389 495 2442 in
519 2387 781 2443 manibus
810 2389 958 2457 ejus,
984 2402 1081 2442 nec
1110 2386 1400 2442 damnabit
1428 2401 1556 2442 eum
1576 2402 1700 2441 cum
1717 2385 1939 2457 judica-

282 2475 438 2532 bitur
453 2475 541 2531 illi
554 2475 728 2547 (Psal.
743 2492 933 2546 XXXVI,
946 2474 1336 2547 32).Universa
1353 2475 1568 2531 vanitas
1587 2476 1770 2531 omnis
1786 2474 1941 2530 homo

280 2566 472 2622 vivens
500 2566 672 2636 (Psal.
703 2581 941 2630 XXXVIII,
961 2565 1045 2636 6),
1079 2562 1456 2637 subintellige
1500 2564 1727 2619 mundo.
1763 2567 1941 2620 Homo

280 2670 404 2715 cum
431 2655 494 2709 in
542 2654 747 2710 honore
795 2660 952 2721 esset,
982 2669 1099 2710 non
1141 2653 1439 2721 intellexit,
1470 2655 1819 2725 comparatus
1862 2656 1943 2708 est

278 2742 542 2806 timentis
572 2741 983 2813 insipientibus,
1007 2744 1059 2797 et
1086 2741 1293 2797 similis
1319 2742 1502 2812 factus
1532 2746 1609 2795 est
1634 2740 1750 2795 illis
1770 2739 1937 2810 (Psal.

281 2847 478 2897 XLVIII,
509 2831 600 2900 13,
632 2830 745 2901 14).
779 2833 906 2888 Haec
936 2831 1035 2885 via
1083 2829 1331 2900 illorum,
1376 2828 1435 2884 id
1486 2832 1574 2885 est
1622 2828 1746 2884 haec
1793 2828 1942 2884 actio

278 2918 679 2993 illorum,qua
694 2917 1016 2993 comparati
1038 2922 1178 2975 sunt
1188 2917 1480 2990 jumentis
1501 2917 1940 2990 insipientibus,

281 3009 628 3076 scandalum,
668 3008 727 3063 id
758 3013 872 3076 est,
900 3007 1075 3064 ruina
1120 3011 1181 3063 et
1226 3005 1526 3063 damnatio
1573 3010 1662 3062 est
1708 3007 1865 3079 ipsis,
1895 3013 1945 3062 et

2043 1933 2223 1990 vitate
2242 1951 2351 1990 sua
2371 1933 2514 1989 moti
2543 1932 2712 1989 facile
2739 1932 3043 2006 rapiantur
3062 1934 3132 1989 ad
3156 1933 3401 1992 malum.
3424 1936 3555 1993 Ecce
3581 1935 3694 1990 ini-

2046 2024 2181 2080 mici
2217 2025 2320 2095 tui,
2352 2024 2600 2088 Domine,
2628 2023 2915 2094 peribunt,
2959 2031 3013 2080 et
3053 2023 3443 2097 dispergentur
3487 2038 3693 2093 omnes,

2048 2112 2146 2184 qui
2172 2119 2468 2184 operantur
2496 2112 2848 2183 iniquitatem
2877 2112 3050 2184 (Psal.
3082 2130 3192 2180 XCI,
3227 2114 3336 2184 10).

2124 2203 2403 2274 Usquequo
2424 2204 2748 2272 peccatores,
2789 2202 3039 2269 Domine,
3070 2219 3344 2274 usquequo
3386 2207 3697 2276 peceatores

2049 2291 2474 2362 gloriabuntur?
2520 2289 2693 2363 (Psal.
2744 2306 2902 2357 XCIII,
2951 2290 3027 2362 3).
3076 2292 3344 2362 Deficiant
3382 2297 3696 2363 peccatores

2050 2383 2101 2436 et
2127 2380 2327 2452 iniqui,
2360 2381 2440 2435 ita
2469 2382 2531 2435 ut
2558 2362 2673 2435 non‘
2697 2379 3010 2451 sint_(Psal.
3033 2397 3154 2449 CIII,
3186 2381 3298 2454 35).
3330 2362 3697 2455 confundan-

2051 2473 2143 2524 tur
2170 2484 2375 2538 omnes,
2409 2470 2507 2539 qui
2553 2468 2791 2524 adorant
2835 2468 3135 2540 sculptilis,
3159 2470 3256 2540 qui
3298 2470 3612 2540 gloriantur
3638 2472 3702 2527 in

2047 2558 2365 2615 simulacris
2408 2559 2527 2612 suis
2554 2557 2723 2625 (Psal.
2756 2573 2908 2623 GXVI,
2938 2558 3016 2628 7).
3050 2561 3308 2614 Peccator
3350 2559 3556 2616 videbit
3596 2577 3696 2616 su-

2050 2646 2230 2704 baudi
2257 2661 2429 2702 cornu
2449 2647 2592 2717 justi
2617 2646 2879 2711 exaltari,
2906 2649 2973 2701 ut
3002 2645 3061 2701 in
3093 2645 3379 2719 superiori
3407 2664 3579 2705 versu
3610 2648 3698 2705 di-

2050 2736 2223 2806 citur,
2254 2742 2305 2790 et
2334 2736 2634 2796 irascetur;
2681 2734 2936 2790 dentibus
2964 2736 3081 2790 suis
3106 2738 3304 2811 fremet
3346 2744 3399 2793 et
3445 2738 3695 2806 tabescet,

2051 2822 2425 2896 subintellige
2450 2838 2571 2896 prae
2599 2823 2783 2881 dolore
2809 2825 3062 2896 perenni,
3085 2824 3183 2880 ubi
3210 2833 3288 2882 est
3310 2824 3475 2898 ﬂetus
3499 2833 3552 2884 et
3575 2829 3701 2883 stri-

2049 2914 2153 2970 dor
2194 2914 2460 2980 dentium,
2511 2913 2845 2970 desiderium
2890 2917 3232 2985 peccatorum
3273 2916 3479 2984 peribit
3523 2917 3697 2987 (Psal.

2051 3019 2166 3070 CXI,
2200 3003 2319 3074 10);
2351 3002 2488 3075 quia
2518 3002 2743 3058 malum
2789 3003 2944 3075 quod
2994 3019 3228 3076 semper
3272 3004 3708 3073 desiderabant,

274 3107 465 3174 postea
494 3100 560 3155 in
587 3114 682 3154 ore
705 3113 804 3154 suo
831 3096 1245 3169 complacebunt
1276 3095 1467 3168 (Ibid.,
1502 3096 1611 3165 14),
1644 3096 1703 3151 id
1734 3098 1823 3151 est
1852 3094 1943 3150 in-
2052 3091 2142 3148 vel
2164 3096 2367 3148 contra
2395 3092 2583 3148 bonos
2612 3091 3228 3162 certando,vel;semet
3251 3092 3623 3161 maculando,
3648 3095 3709 3150 in

276 3188 518 3248 tardum
546 3203 648 3244 ore
677 3202 788 3244 suo
818 3186 1198 3251 benedicunt,
1223 3185 1325 3242 sed
1356 3184 1529 3241 corde
1558 3189 1672 3241 Deo
1704 3182 1944 3240 maledi-
2054 3196 2258 3238 eorum
2292 3197 2522 3253 pcenam
2544 3184 2824 3237 vertetur.
2851 3183 3029 3252 Longe
3057 3199 3092 3238 a
3114 3183 3492 3253 peccatoribus
3521 3185 3709 3246 salus;

278 3282 442 3333 cunt.
471 3276 628 3333 Sicut
650 3291 774 3333 oves
805 3278 866 3331 in
892 3276 1116 3346 inferno
1151 3275 1321 3346 positi
1346 3282 1497 3342 sunt,
1524 3290 1671 3329 mors
1699 3274 1948 3345 deposcet
1978 3253 2021 3320 (ἶ
2060 3272 2193 3341 quia
2201 3270 2629 3341 justiﬁcatzones
2648 3274 2771 3324 tuas
2790 3284 2901 3325 non
2919 3270 3496 3342 exquisieruntU’sal.
3514 3289 3707 3342 CXVIII,

275 3382 385 3426 ϐω.
421 3370 494 3423 Et
514 3365 952 3422 dominabuntur
981 3380 1177 3420 eorum
1195 3364 1341 3436 justi
1369 3364 1430 3417 in
1461 3364 1736 3419 matutino
1765 3362 1951 3433 (Ibid.,
2067 3358 2213 3429 155).
2253 3360 2519 3414 Dominus
2558 3359 2742 3430 justus
2787 3358 3031 3413 concidet
3072 3359 3303 3413 cervices
3342 3361 3710 3431 peccatorum,

277 3456 397 3526 15),
429 3455 496 3511 id
527 3454 705 3510 estin
737 3458 1000 3509 extrema
1026 3452 1332 3526 praesentis
1366 3450 1496 3506 vitae
1524 3451 1638 3517 die,
1677 3467 1811 3506 cum
1839 3467 1955 3526 cce:-
2063 3446 2478 3518 confundantur
2522 3455 2575 3501 et
2612 3448 2998 3501 convertantur
3042 3453 3346 3501 retrorsum
3385 3461 3573 3502 omnes
3619 3449 3717 3518 qui

271 3523 444 3617 perit
474 3542 787 3599 clarescere
813 3523 1070 3614 qualitas
1117 3542 1407 3597 bonorum
1437 3544 1495 3596 et
1524 3523 1953 3606 ms.lorum,ve1
2065 3536 2299 3591 oderunt
2357 3535 2489 3591 Sion
2536 3534 2718 3605 (Psal.
2763 3550 2993 3596 cxxvm.
3026 3534 3103 3604 4).
3140 3533 3231 3590 Vir
3276 3533 3559 3603 linguosus
3604 3551 3717 3590 non

276 3649 425 3691 cum
458 3630 869 3687 illuminantur
899 3630 1245 3688 abscondita
1264 3645 1465 3685 rerum
1490 3634 1549 3686 et
1575 3628 1956 3685 manifestan-
2064 3626 2340 3694 dirigetur
2367 3623 2429 3679 in
2474 3628 2645 3689 terra,
2675 3623 2861 3677 virum
2906 3622 3187 3693 injustam
3214 3623 3368 3679 mala
3408 3625 3628 3694 capient
3652 3625 3715 3680 in

279 3728 379 3779 tur
407 3719 671 3778 consilia
697 3721 994 3790 cordium;
1026 3724 1168 3776 tunc
1189 3720 1343 3792 justi
1364 3718 1837 3775 dominabuntur
1864 3735 1959 3774 su-
2065 3715 2291 3770 interitu
2319 3713 2491 3783 (Psal.
2524 3729 2750 3780 CXXXIX,
2777 3711 2884 3783 12).
2918 3713 3084 3768 Homo
3108 3712 3341 3768 vanitati
3365 3713 3569 3769 similis
3595 3716 3711 3785 fac-

282 3827 386 3883 psr
414 3811 704 3883 injustas,
720 3814 824 3865 aut
836 3809 1174 3881 judicantes
1198 3825 1321 3875 eos,
1338 3812 1440 3864 aut
1455 3804 1780 3881 gaudentes
1802 3807 1958 3879 quod

285 3916 490 3974 pinnas
532 3914 742 3955 eorum
773 3901 1088 3955 evaserunt
1128 3916 1140 3954 :
1175 3899 1242 3953 Et
1272 3897 1560 3954 auxilium
1590 3912 1787 3952 eorum
1814 3898 1957 3952 vete-

285 3993 461 4048 rascet
507 3989 576 4044 in
620 3989 840 4059 inferno
869 4004 905 4043 a
933 3988 1114 4058 gloria
1143 4001 1336 4043 eorum
1361 3984 1573 4058 (Ibid).
1606 3986 1769 4047 Deus~
1788 3984 1956 4041 dissi-

280 4080 434 4150 pavit
456 4093 585 4161 ossa
612 4092 807 4134 eorum
825 4077 925 4149 qui
953 4075 1279 4132 hominibus
1305 4075 1543 4147 placent,
1564 4074 1782 4145 confusi
1797 4080 1954 4131 sunt.

283 4169 551 4239 quoniam
580 4168 719 4223 Deus
748 4166 955 4238 sprevit
985 4181 1076 4222 eos
1105 4164 1279 4237 (Psal.
1313 4181 1410 4233 LII,
1442 4165 1518 4235 6).
1551 4163 1802 4219 Alienati
1825 4167 1956 4218 sunt

283 4263 601 4326 peccatores
627 4272 666 4310 a
691 4255 877 4321 vulva,
922 4256 1253 4309 erraverunt
1301 4256 1370 4308 ab
1420 4256 1579 4308 utero
1627 4252 1798 4308 locuti
1825 4250 1956 4306 sunt

294 4344 451 4416 [also
473 4344 642 4415 (Psal.
676 4361 813 4413 LVII,
844 4343 920 4411 II).
957 4343 1208 4399 Alienati
1234 4345 1366 4398 sunt
1394 4358 1430 4397 a
1454 4342 1636 4407 vulva,
1669 4345 1728 4395 et
1759 4357 1772 4395 :
1803 4355 1956 4395 erra-

286 4436 491 4489 verunt
529 4433 597 4489 ab
640 4436 823 4501 utero,
858 4448 1046 4488 unum
1074 4430 1350 4503 idemque
1380 4433 1490 4496 est,
1540 4430 1642 4513 sed
1701 4428 1952 4499 duplici-

285 4526 376 4580 ter
402 4521 657 4595 intelligi
687 4524 885 4596 potest
909 4538 922 4577 :
955 4536 1198 4592 peccare
1226 4519 1385 4577 enim
1413 4521 1610 4591 potest
1636 4517 1956 4589 unusquis-

2065 3811 2152 3860 tus
2178 3807 2275 3873 est,
2297 3802 2412 3858 dies
2441 3803 2560 3873 ejus
2579 3803 2723 3857 sicut
2742 3803 2940 3857 umbra
2966 3804 3294 3872 prxtereunt
3315 3802 3489 3871 (Psal.
3515 3817 3712 3873 CXLIII,
3744 3844 3759 3857 .

2066 3893 2143 3964 4).
2168 3890 2335 3948 Talia
2377 3890 2558 3964 igitur
2586 3891 2764 3946 verba
2790 3889 3054 3957 terroris,
3077 3905 3204 3961 qua:
3235 3890 3309 3946 ad
3338 3890 3713 3948 deterrendos

2067 3980 2297 4053 aliquos
2319 3980 2446 4052 jam
2476 3977 2713 4052 protuli,
2745 3978 2874 4034 ideo
2905 3994 2940 4033 a
2968 3977 3285 4035 Psalmista
3304 3980 3474 4036 credo
3496 3996 3602 4053 per
3629 3980 3713 4037 di-

2064 4070 2211 4126 vinas
2244 4068 2479 4142 pietatis
2515 4066 3015 4140 dispensationem
3060 4082 3190 4124 esse
3220 4068 3614 4141 pronuntiata,
3644 4074 3712 4127 ut

2065 4158 2321 4233 perversi
2377 4157 2625 4231 quilibet
2679 4159 3138 4224 contemnentes,
3176 4160 3243 4212 ut
3296 4155 3508 4224 solent,
3554 4158 3711 4216 dicta

2064 4248 2473 4315 consolatoria,
2515 4264 2641 4319 quin
2690 4245 2963 4318 superius
3008 4245 3146 4314 dixi,
3181 4246 3390 4303 saltem
3438 4264 3544 4321 per
3588 4248 3711 4305 hac

2062 4337 2346 4396 terribilia
2365 4337 2540 4393 verba
2557 4336 2629 4392 ad
2650 4335 3016 4392 salutiferam
3033 4336 3543 4408 compunctionem
3567 4337 3711 4395 moti

2063 4428 2135 4483 ad
2166 4425 2463 4482 Christum
2493 4426 2923 4481 convertantur.

2675 4528 2907 4587 CAPUT
2942 4528 3087 4585 XIII.

288 4628 403 4685 que
428 4613 505 4670 ab
537 4616 705 4668 utero
734 4609 946 4666 matris
976 4626 1119 4675 sum,
1150 4609 1209 4664 id
1236 4612 1326 4665 est
1354 4608 1428 4664 ab
1453 4606 1621 4663 initio
1640 4606 1769 4663 vitae
1799 4623 1946 4673 suae;
1978 4623 2025 4687 D
2056 4624 2259 4680 υίυίηα
2297 4622 2521 4692 justiin
2549 4628 2599 4676 ει
2637 4620 2941 4692 dementia,
2974 4614 3045 4674 ex“
3090 4621 3460 4692 oppositam",
3502 4623 3708 4679 natura

286 4717 538 4774 peccare
565 4699 956 4756 nihilominus
984 4701 1179 4771 potest
1207 4698 1280 4754 ab
1308 4700 1476 4753 utero
1505 4698 1721 4752 sanctas
1751 4695 1944 4752 Eccle-

288 4790 412 4861 sia,
448 4790 508 4846 id
541 4794 636 4846 est
663 4789 834 4845 ab-eo
882 4791 1144 4860 tempore
1190 4803 1306 4859 quo
1352 4784 1528 4858 ccepit
1574 4784 1827 4854 credere,
1855 4783 1945 4840 vel

289 4880 546 4937 errando
575 4896 612 4935 a
641 4879 778 4944 ﬁde,
805 4876 895 4933 vel
925 4876 1244 4934 deserendo
1286 4891 1463 4948 opera
1491 4890 1617 4946 qua;
1646 4873 1947 4945 professus

283 4974 375 5027 est
401 4969 469 5027 in
497 4967 876 5042 baptismate.
1386 5014 1389 5019 .

357 5061 549 5115 Furor
574 5058 693 5112 illis
718 5056 1017 5113 secundum
1042 5054 1469 5110 similitudinem
1496 5054 1782 5124 serpentis,
1810 5054 1951 5109 sicut

283 5148 505 5221 aspidis
532 5146 716 5205 surda:
746 5150 800 5202 et
820 5146 1143 5202 obdurantis
1171 5159 1333 5200 aures
1361 5158 1512 5199 suas.
1545 5143 1685 5198 Deus
1710 5145 1951 5198 conteret

283 5237 481 5299 danais
500 5252 698 5296 eorum
717 5237 779 5292 in
799 5250 900 5292 ore
920 5236 1190 5307 ipsorum,
1206 5233 1381 5289 molas
1403 5233 1620 5289 leonum
1638 5231 1951 5302 confringet

282 5329 564 5387 Dominus
596 5325 804 5397 (Ibid).
832 5329 1111 5396 Exsurgat
1154 5324 1297 5379 Deus
1336 5330 1398 5379 et
1444 5322 1788 5393 dissipentur
1840 5319 1950 5376 ini—

291 5418 602 5489 mieiejus,
629 5423 681 5472 et
706 5415 927 5486 fugiant
973 5414 1071 5485 qui
1115 5412 1344 5469 oderunt
1372 5427 1499 5467 eum
1545 5428 1580 5466 a
1623 5410 1766 5480 [acie
1813 5410 1948 5481 ejus,

291 5509 445 5566 sicut
479 5507 674 5578 deﬁcit
718 5507 909 5577 fumus
956 5503 1237 5575 deﬁciant,
1268 5502 1411 5557 sicut
1439 5501 1565 5571 ﬂuit
1593 5515 1720 5555 cera
1746 5515 1780 5553 α
1806 5498 1954 5571 facie

490 5598 578 5655 sic
594 5596 823 5668 pereant
837 5596 1142 5666 peccatores
1161 5609 1195 5648 a
1214 5592 1358 5663 faeie
1374 5591 1476 5646 Dei
1489 5589 1661 5661 (Psal.
1685 5604 1855 5653 van,
1874 5588 1948 5659 2).

292 5689 573 5764 merge,
601 5689 769 5755 Deus,
790 5683 985 5757 judico
1019 5696 1245 5740 causam
1280 5688 1454 5753 tuam,
1480 5694 1687 5741 memor
1715 5685 1822 5735 esto
1852 5678 1953 5733 im-

2127 4690 2454 4758 ostenditur,
2481 4698 2534 4748 et
2563 4691 2783 4748 selectis
2821 4690 3169 4761 psalmorum
3199 4693 3485 4748 sententiis
3513 4693 3705 4750 eadem

2122 4768 2375 4823 doctrina
2400 4764 2776 4833 conﬁrmatur.
3078 4764 3095 4769 “

2125 4872 2344 4929 Deinde
2373 4874 2506 4926 vero
2531 4867 2804 4941 colligere
2834 4867 3006 4941 cupio
3032 4867 3373 4941 sententias,
3391 4869 3451 4925 in
3483 4869 3702 4943 quibus

2054 4979 2157 5036 per
2181 4959 2609 5033 oppositionem
2630 4956 3047 5014 consolationis
3076 4960 3134 5013 et
3150 4959 3390 5015 terroris
3411 4958 3572 5016 dicta
3595 4975 3696 5032 pa-

2055 5052 2196 5108 riter
2215 5048 2616 5115 continentur;
2640 5050 2702 5102 ut
2718 5063 2821 5118 per
2837 5046 2949 5103 hoc
2968 5046 3309 5119 disputandi
3330 5049 3699 5122 genus,quod

2057 5139 2531 5198 efﬁcacissimum
2554 5139 2800 5204 constat,
2818 5136 2962 5193 adeo
2991 5140 3057 5192 ut
3077 5137 3247 5209 quasi
3276 5138 3332 5193 in
3362 5138 3555 5194 medio
3582 5137 3702 5195 vita

2057 5234 2117 5288 et
2148 5232 2332 5285 morte
2368 5227 2559 5301 posita
2588 5226 2845 5299 legentes
2866 5230 2923 5281 et
2943 5226 3247 5283 audientes
3268 5226 3701 5299 quodammodo

2059 5317 2372 5391 compellat
2398 5317 2600 5386 vitam,
2633 5316 2742 5373 hoc
2788 5319 2878 5372 est
2925 5315 3184 5383 meliora,
3223 5314 3436 5387 eligere
3469 5332 3483 5372 :
3516 5314 3701 5389 aliqui

2058 5408 2425 5465 attendentes
2461 5404 2831 5462 clementiam
2864 5404 3350 5476 severitatemque
3391 5404 3492 5460 Dei
3521 5404 3701 5461 simul

2060 5496 2346 5571 prolatam
2367 5494 2587 5568 eligant
2606 5494 2798 5567 potius
2820 5493 3131 5550 clementia
3148 5493 3252 5550 Dei
3274 5492 3507 5562 salvari,
3521 5511 3700 5567 quam

2061 5586 2365 5644 severitate
2376 5586 2505 5656 ejus
2518 5582 2936 5657 puniri.Tantze
2948 5582 3104 5639 enim
3118 5583 3437 5640 clementiae
3451 5587 3541 5641 est
3550 5588 3701 5640 Deus

2061 5680 2127 5735 ut
2155 5691 2389 5734 omnem
2422 5673 2791 5733 severitatem
2829 5688 3022 5742 suam,
3044 5690 3173 5747 quae
3220 5673 3514 5732 interdum
3544 5688 3705 5730 more
