4108 6188
357 327 464 386 183

1343 331 1680 391 (l'l‘HLONI
1732 329 2086 391 MONAtlel
2137 336 2199 390 S.
2248 329 2734 392 EMMEHAMMI

3650 329 3764 389 184

353 460 569 534 eloquii
601 462 776 518 nostri
803 461 1018 517 ira.Dei
1043 462 1256 517 dicitur
1284 463 1411 519 ideo
1434 470 1634 520 contra
1656 465 1997 537 delinquen-
2032 467 2083 530 Α
2117 463 2324 519 demus
2357 465 2434 519 ita
2465 480 2622 531 esse;
2655 465 2754 519 sed
2785 462 2924 535 quia
2956 461 3104 518 alius
3136 459 3248 517 alio
3277 458 3464 534 magis
3493 461 3762 520 minusve

354 556 441 607 tes
471 551 529 606 in
565 550 671 606 hoc
705 550 915 605 saeculo
938 556 1220 619 exerceat,
1240 558 1531 623 quatenus
1553 554 1636 608 eis
1657 572 1691 608 a
1720 554 2000 625 pravitate

351 657 459 696 sua
488 638 762 695 correctis
821 639 878 694 in
937 640 1135 696 futuro
1191 641 1452 697 misereri
1514 642 1717 698 valeat.
1753 643 1914 698 Unde
1945 648 2002 698 et

351 728 661 785 Psalmista
691 729 831 784 dicit
857 746 869 783 :
893 730 1149 803 Nunquid
1180 731 1532 787 obliviscetur
1559 734 1816 788 misereri
1844 735 1999 804 Deus,

348 823 444 874 aut
472 819 772 874 continebit
800 821 857 874 in
892 821 980 875 ira
1025 837 1125 875 sua
1172 822 1576 877 misericordias
1623 827 1799 878 suas?
1829 824 1999 895 (Psal.

349 925 535 975 LXXVI,
564 909 671 977 10).
711 909 897 972 Quam
947 908 1227 964 nimirum
1281 913 1629 967 sententiam
1681 929 1795 968 non
1845 913 2002 968 affir-

354 998 592 1063 mando,
625 998 725 1053 sed
777 999 1118 1070 denegando
1149 999 1415 1072 protulit,
1450 1001 1588 1072 quia
1637 1018 1750 1057 non
1800 1001 2000 1058 oblivi-

355 1091 554 1142 scetur
583 1087 846 1143 misereri
896 1088 1072 1155 Deus,
1111 1105 1298 1160 neque
1329 1089 1647 1144 continebit
1677 1090 1735 1144 in
1767 1091 1854 1146 ira
1902 1107 2008 1146 sua

358 1175 845 1246 misericordiam,
879 1177 934 1230 id
986 1182 1096 1244 est,
1120 1195 1235 1233 non
1281 1178 1495 1233 deserit
1543 1179 2006 1234 misericordiam

354 1269 590 1338 propter
610 1265 778 1331 iram,
796 1265 895 1320 sed
915 1265 1106 1335 potius
1130 1266 1279 1321 inter
1296 1267 1660 1322 severitatem
1683 1285 2006 1339 suam,qua3

357 1355 596 1411 abusive
632 1355 717 1410 ira
749 1356 875 1426 ejus
907 1354 1471 1423 dicitur,miseretur
1499 1357 1593 1411 his
1623 1357 1723 1428 qui
1753 1360 2010 1413 invocant

360 1460 484 1498 eum
538 1445 599 1498 in
645 1445 877 1499 veritate
908 1444 1077 1515 (Psal.
1112 1460 1292 1514 cxuv,
1321 1446 1428 1515 18).
1455 1445 1525 1501 Ut
1555 1451 1749 1502 autem
1802 1447 2009 1518 dispu-

357 1533 520 1588 tandi
551 1549 736 1604 genus
759 1549 862 1604 per
882 1533 1181 1604 oppositas
1204 1533 1524 1590 sententias
1557 1535 1771 1590 factum
1801 1553 2009 1608 appro-

361 1621 590 1688 bemus,
624 1623 962 1677 intueamur
1008 1621 1263 1693 qualiter
1292 1624 1663 1695 omnipotens
1711 1629 1865 1680 Deus
1894 1643 2009 1680 non

363 1710 556 1766 solum
591 1711 860 1766 homines
891 1715 1066 1782 atque
1108 1711 1407 1782 animalia,
1441 1713 1542 1767 sed
1594 1713 1767 1768 etiam
1815 1713 2010 1786 ipsum

360 1800 567 1856 mundi
601 1804 819 1856 statum
853 1816 956 1871 per
986 1801 1215 1872 aliquas
1247 1802 1542 1872 oppositas
1573 1803 1796 1874 species
1829 1805 2012 1874 quoti-

360 1888 451 1944 die
483 1888 779 1960 disponat.

436 1977 505 2031 Et
526 1976 785 2049 primum
805 1977 1042 2049 quidem
1061 1978 1130 2032 de
1154 1978 1492 2034 hominibus
1509 1981 1794 2037 dicamus.
1811 1982 2013 2036 Nonne

365 2081 502 2137 ergo
534 2064 778 2136 spiritus
811 2069 866 2121 et
895 2082 1048 2136 caro,
1072 2067 1225 2122 unde
1251 2067 1520 2123 subsistit
1549 2070 1746 2140 homo,
1769 2069 1828 2124 in
1851 2073 2015 2124 tanta

367 2154 734 2227 oppositione
785 2154 897 2209 sibi
946 2155 1190 2210 invicem
1222 2157 1595 2213 adversantes
1643 2157 1911 2214 laborant
1951 2163 2016 2213 ut

367 2260 480 2298 non
510 2242 620 2298 nisi
651 2243 998 2298 difficillima
1020 2244 1240 2300 ratione
1262 2246 1566 2302 convenire
1589 2247 1854 2303 valeant?
1877 2247 2015 2303 Caro

362 2333 532 2402 enim,
561 2337 627 2388 ut
648 2333 728 2388 ait
749 2332 1087 2404 Apostolus,
1109 2337 1442 2405 concupiscit
1463 2337 1720 2391 adversus
1736 2339 2014 2407 spiritum,

362 2430 413 2477 et
459 2423 689 2493 spiritus
737 2422 991 2477 adversus
1020 2439 1244 2478 carnem
1273 2423 1412 2494 (Gal.
1437 2442 1492 2479 ν.
1519 2426 1626 2492 17).
1653 2426 1763 2480 Sed
1811 2425 2016 2498 hujus-

366 2510 524 2565 modi
558 2510 846 2583 oppositio
880 2527 994 2565 non
1019 2512 1086 2566 ad
1124 2512 1430 2580 damnum,
1454 2514 1553 2569 sed
1586 2515 1656 2569 ad
1689 2515 2016 2585 profectum

371 2601 639 2654 nostrum
662 2598 889 2670 judicio
913 2599 1108 2654 divino
1131 2601 1362 2655 decreta
1391 2606 1584 2667 estut,
1609 2619 1741 2657 cum
1763 2620 1831 2658 ex
1854 2604 2021 2658 nobis

374 2704 739 2760 nequeamus
760 2687 1097 2757 coadunari,
1123 2705 1458 2760 quaeramus
1481 2690 1762 2745 auxilium
1789 2691 2020 2746 Domini

371 2777 572 2849 sicque
597 2775 898 2833 discamus
921 2777 1060 2848 quia
1080 2777 1221 2831 nihil
1247 2777 1381 2834 boni
1405 2779 1530 2834 sine
1558 2778 1655 2834 illo
1679 2780 1865 2835 facere
1887 2797 2020 2851 pos-

372 2883 602 2923 sumus.
622 2867 732 2923 Sed
755 2871 811 2922 et
831 2867 918 2921 vir
939 2872 994 2922 et
1024 2866 1235 2922 mulier
1265 2867 1312 2922 si
1344 2867 1426 2923 ita
1444 2868 1662 2922 fuerint
1685 2868 1936 2940 oppositi
1961 2873 2026 2923 ut

380 2956 714 3011 attendatur
735 2955 875 3028 quia
895 2955 1050 3011 Deus
1071 2971 1443 3027 nequaquam
1472 2958 1690 3013 frustra
1721 2957 2024 3012 mulierem

378 3045 501 3100 viro
531 3044 914 3100 infirmiorem
956 3045 1168 3100 creavit
1185 3044 1423 3117 viroque
1445 3046 1742 3102 subditam
1773 3063 1900 3103 esse
1930 3047 2027 3102 de-

384 3132 585 3200 crevit,
605 3134 704 3189 sed
729 3137 795 3188 ut
815 3134 1085 3205 probaret
1107 3138 1423 3206 utrumque
1445 3135 1502 3188 in
1527 3135 1670 3202 alio;
1696 3136 1882 3190 virum
1906 3136 2032 3206 qui-

2112 559 2330 624 peccat,
2356 554 2412 607 in
2449 557 2732 625 potestate
2766 552 2865 608 Dei
2899 557 2989 608 est
3020 568 3193 623 quem
3223 550 3362 607 velit
3391 552 3605 623 magis,
3627 552 3768 608 velit

2111 641 2312 697 minus
2346 659 2448 714 pro
2482 641 2732 714 peccatis
2764 643 2888 697 suis
2922 641 3155 713 punire;
3191 657 3366 712 quem
3394 639 3532 695 velit
3564 641 3761 696 humi-

2122 731 2266 786 liare
2294 731 2383 786 vel
2415 731 2700 798 exaltare;
2725 746 2898 802 quem
2917 730 3052 785 velit
3073 729 3285 803 eligere
3312 728 3400 784 vel
3432 731 3763 801 reprobare.

2115 823 2242 892 Ipse
2265 820 2422 876 enim
2447 820 2586 876 dicit
2614 837 2626 874 :
2657 820 2952 875 Miserebor
2974 821 3068 874 cui
3092 818 3318 875 votuero
3340 819 3530 890 (Exod.
3563 837 3768 887 xxxm,

2116 910 2225 980 19).
2259 911 2329 965 Et
2353 909 2671 980 Apostolus
2705 925 2716 962 :
2751 911 2867 964 Non
2916 913 3012 979 est,
3042 907 3256 980 inquit,
3282 912 3540 980 potestas,
3584 911 3701 964 nisi
3730 926 3769 965 a

2114 999 2250 1059 Deo:
2281 1015 2398 1070 qua:
2442 1006 2625 1053 autem
2672 1004 2800 1053 sunt
2850 1015 2882 1052 a
2929 999 3034 1052 Deo
3066 997 3335 1052 ordinatae
3382 1000 3506 1052 sunt
3535 1015 3553 1052 :
3583 1001 3772 1069 itaque

2113 1089 2213 1159 qui
2237 1089 2440 1143 resistit
2457 1089 2721 1158 potestati
2743 1089 2839 1142 Dei
2858 1087 3202 1143 ordinationi
3221 1089 3432 1142 resistit
3452 1088 3627 1158 (Rom.
3643 1105 3771 1156 xm,

2118 1177 2258 1247 1,2).
2279 1181 2540 1248 Cumque
2565 1175 2684 1230 haec
2705 1175 2903 1231 omnia
2927 1176 3006 1230 ita
3029 1191 3155 1230 esse
3172 1175 3605 1250 perpenderint,
3622 1176 3773 1231 nihil

2119 1266 2175 1320 in
2203 1265 2587 1338 dispositione
2619 1265 2815 1320 divina
2846 1264 3295 1336 reprehendant,
3321 1265 3420 1320 sed
3451 1282 3584 1320 cum
3611 1265 3773 1322 Psal-

2119 1353 2294 1410 mista
2325 1355 2562 1409 dicant:
2588 1357 2869 1425 Quoniam
2898 1363 3074 1409 rectus
3103 1355 3372 1409 Dominus
3401 1355 3539 1410 Deus
3563 1360 3770 1422 noster,

2118 1447 2170 1498 et
2199 1460 2309 1499 non
2336 1451 2416 1499 est
2457 1446 2725 1514 iniquitas
2755 1446 2812 1499 in
2845 1459 2903 1498 eo
2937 1443 3108 1515 (Psal.
3142 1444 3392 1514 xc1,16);
3419 1448 3477 1498 et
3508 1443 3719 1499 iterum
3757 1461 3769 1499 :

2118 1535 2301 1588 Justus
2332 1549 2407 1598 es,
2441 1534 2685 1597 Domine,
2733 1541 2783 1588 et
2828 1535 3033 1587 rectum
3073 1531 3350 1602 judicium
3399 1541 3556 1587 tuum
3594 1534 3768 1604 (Psal.

2120 1639 2314 1689 cxvm,
2337 1622 2481 1688 137).
2500 1622 2638 1676 Ecce
2662 1637 2834 1692 quam
2868 1619 3193 1675 necessaria
3222 1620 3609 1692 oppositionis
3640 1639 3771 1693 spe-

2122 1710 2237 1764 cies
2269 1714 2376 1774 est,
2411 1708 2468 1763 in
2521 1726 2637 1781 qua
2685 1708 3055 1780 aliquatenus
3087 1725 3402 1781 agnoscere
3451 1726 3773 1780 possumus

2113 1799 2338 1870 judicia
2365 1798 2596 1853 Domini
2641 1814 2770 1852 esse
2808 1802 3034 1867 vera,et
3078 1797 3214 1868 quia
3242 1814 3352 1853 non
3369 1799 3776 1869 justi/imbitur

2123 1890 2186 1943 in
2215 1895 2499 1956 conspectu
2530 1891 2650 1958 ejus
2683 1889 2858 1942 omnis
2887 1888 3073 1942 vivens
3103 1888 3273 1954 (Psal.
3309 1903 3476 1955 cxm,
3508 1888 3582 1958 2).

2193 1977 2300 2032 Per
2329 1977 2593 2048 ejusdem
2620 1993 2854 2048 quoque
2879 1975 3263 2048 oppositionis
3290 1975 3543 2048 speciem
3571 1994 3780 2034 omnes

2123 2068 2376 2122 virtutes
2399 2065 2749 2130 clarescunt,
2772 2066 2818 2119 si
2851 2067 3067 2120 fuerint
3085 2065 3241 2120 vitiis
3274 2067 3583 2122 contrariis
3604 2083 3780 2138 oppo-

2127 2156 2271 2210 sitae.
2299 2155 2447 2221 Quid
2481 2155 2706 2210 multa?
2727 2154 2897 2210 Nulla
2929 2172 3169 2227 prorsus
3192 2156 3344 2211 bona
3372 2156 3515 2211 satis
3539 2157 3777 2229 agnosci

2127 2249 2393 2315 possunt,
2428 2243 2540 2299 nisi
2573 2261 2673 2316 per
2703 2244 2971 2316 opposita
3021 2249 3077 2299 et
3123 2244 3409 2301 contraria
3440 2245 3551 2301 sibi
3583 2245 3772 2311 mala;

2129 2335 2397 2388 autenim
2412 2333 2831 2402 vilescunt,aut
2847 2350 2949 2404 pro
2970 2333 3151 2388 nihilo
3165 2338 3579 2406 computantur
3599 2335 3773 2400 bona,

2130 2422 2240 2476 nisi
2263 2426 2633 2494 opponantur
2649 2421 2822 2477 mala.
2843 2422 2936 2476 Sic
2961 2422 3133 2477 etiam
3162 2423 3347 2494 pietas
3370 2422 3466 2478 Dei
3500 2423 3558 2478 in
3583 2423 3776 2495 equis,

2131 2511 2189 2566 in
2223 2511 2431 2579 bobus,
2467 2511 2524 2565 in
2558 2511 2783 2578 ovibus,
2815 2515 2873 2566 et
2905 2511 2961 2564 in
2995 2512 3240 2567 canibus
3283 2512 3616 2583 czeterisque
3646 2513 3784 2567 ani-

2133 2599 2389 2655 malibus
2422 2600 2766 2656 necessariis
2797 2600 3219 2666 consideratur,
3253 2600 3301 2655 si
3333 2600 3587 2668 leonum,
3621 2599 3790 2672 lupo-

2134 2705 2265 2743 rum
2294 2687 2661 2760 aliarumque
2691 2688 3014 2744 bestiarum
3051 2689 3316 2744 ferocitas
3344 2689 3405 2743 in
3435 2706 3540 2744 nos
3563 2689 3788 2762 jugiter

2137 2783 2374 2849 propter
2403 2783 2638 2849 peccata
2669 2783 2870 2833 nostra
2891 2779 3208 2834 desaeviens
3239 2782 3587 2850 opponatur.
3615 2778 3791 2834 Simi-

2135 2864 2268 2920 liter
2298 2865 2397 2920 lux
2436 2883 2538 2937 per
2566 2866 2942 2921 tenebrarum
2977 2866 3404 2938 oppositionem
3445 2884 3559 2922 non
3593 2867 3788 2922 solum

2139 2952 2370 3021 clarior,
2394 2954 2494 3008 sed
2535 2959 2591 3008 et
2631 2954 2850 3026 gratior
2877 2955 3126 3010 videtur.
3161 2955 3255 3010 Sic
3285 2960 3550 3027 tempora
3577 2955 3793 3012 diurna

2141 3059 2244 3114 per
2265 3048 2570 3110 nocturna,
2592 3043 2676 3098 sic
2699 3043 2896 3098 aestiva
2917 3059 3020 3114 per
3049 3043 3347 3111 hiemalia,
3371 3045 3454 3100 sic
3477 3044 3666 3100 calida
3689 3061 3796 3117 per

2143 3131 2354 3204 frigida
2379 3135 2699 3203 temperata
2729 3131 3064 3187 efﬁciuntur
3093 3137 3276 3204 grata.
3306 3133 3398 3188 Sic
3430 3150 3642 3188 aurum
3672 3150 3794 3189 om-

387 3223 540 3290 dem,
570 3222 620 3277 si
644 3223 752 3277 rite
775 3239 1056 3294 praeesse;
1084 3222 1388 3278 mulierem
1411 3225 1628 3292 vero,si
1653 3224 1759 3280 rite
1789 3225 2031 3281 subesse
2063 3215 2105 3277 C
2142 3237 2330 3291 neque
2358 3221 2682 3291 pretiosum
2716 3220 3018 3276 metallum
3049 3238 3149 3292 per
3168 3222 3390 3277 vilioris
3413 3221 3633 3277 metalli
3664 3238 3793 3294 spe-

389 3310 586 3379 vellet;
605 3310 693 3366 vel
724 3310 773 3366 si
804 3312 893 3366 vir
914 3314 1107 3384 grates
1128 3311 1279 3367 ullas
1301 3311 1415 3368 Deo
1441 3329 1545 3384 pro
1578 3313 1834 3384 prioratu
1868 3319 2029 3370 tanto

387 3416 576 3473 agere,
603 3399 686 3455 vel
719 3398 931 3456 mulier
962 3417 1064 3472 pro
1085 3400 1258 3472 culpa
1288 3401 1682 3474 suggestionis
1717 3402 1894 3474 illius,
1916 3421 2032 3475 qua

383 3489 572 3544 virum
603 3489 850 3560 decepit,
868 3487 1040 3544 vellet
1070 3506 1131 3543 se
1154 3488 1484 3559 humiliare,
1511 3489 1584 3556 si,
1606 3489 1870 3562 inquam,
1897 3491 2030 3546 talis

380 3576 671 3650 oppositio
700 3577 853 3632 inter
881 3577 1069 3632 virum
1101 3582 1158 3632 et
1184 3576 1489 3633 mulierem
1517 3594 1549 3631 a
1577 3577 1692 3633 Deo
1725 3579 1874 3634 facta
1905 3597 2032 3651 pro-

377 3665 634 3721 bationis
666 3681 843 3720 causa
889 3664 1162 3730 creditur,
1200 3682 1452 3737 magnus
1485 3664 1686 3737 utique
1736 3669 2028 3738 profectus

378 3753 586 3810 exinde
614 3753 819 3808 oritur.
853 3753 1131 3823 Ejusdem
1173 3753 1558 3825 oppositionis
1601 3755 1792 3824 specie
1823 3772 2028 3812 omnes

376 3841 600 3915 praelati
630 3845 687 3898 et
724 3841 966 3912 subditi,
997 3858 1199 3897 omnes
1247 3841 1468 3897 domini
1518 3847 1573 3898 et
1621 3843 1789 3913 servi,
1825 3861 2027 3902 omnes

377 3930 504 3988 sani
535 3936 592 3986 et
620 3930 858 4000 infirmi,
891 3947 1096 3985 omnes
1125 3929 1332 3984 divites
1366 3939 1423 3985 et
1455 3947 1737 4002 pauperes
1769 3933 2027 4004 quotidie

379 4020 733 4092 probantur;
759 4018 854 4073 isti
880 4017 1102 4074 scilicet
1123 4019 1374 4091 qualiter
1400 4020 1639 4090 praesint
1659 4026 2026 4094 quantasque

380 4112 576 4180 grates
596 4111 710 4162 Deo
734 4107 986 4162 referant
1007 4124 1109 4179 pro
1133 4107 1383 4163 sanitate
1404 4109 1488 4164 vel
1512 4110 1876 4166 abundantia
1897 4129 2028 4166 con-

380 4213 565 4266 cessa,
587 4199 678 4251 ast
699 4194 792 4250 alii
815 4195 1060 4267 qualiter
1083 4195 1202 4252 sint
1223 4197 1440 4253 subditi
1460 4203 1515 4254 et
1536 4199 1585 4253 si
1611 4199 1748 4270 quid
1777 4201 2027 4270 peccatis

380 4285 507 4342 suis
538 4285 938 4341 infirmitatem
964 4285 1049 4341 vel
1072 4290 1473 4358 paupertatem
1505 4286 1906 4344 imminentem
1927 4290 2026 4344 de-

379 4378 606 4448 putent.
631 4377 847 4430 Omnes
880 4391 1134 4445 namque
1172 4375 1297 4445 jam
1333 4376 1763 4447 praenominati,
1795 4377 1842 4431 si
1877 4377 2026 4431 invi—

377 4480 503 4520 cem
536 4463 645 4520 rite
670 4469 1061 4536 opponantur,
1086 4463 1182 4518 alii
1206 4464 1442 4535 quidem
1463 4463 1589 4530 viri,
1620 4463 1716 4518 alii
1746 4481 1877 4520 vero
1897 4482 2024 4520 mu-

2141 3309 2288 3365 ciem
2323 3308 2494 3381 quale
2527 3309 2604 3365 sit
2633 3309 2979 3364 declaratur.
3014 3310 3114 3366 Est
3145 3310 3318 3365 etiam
3347 3312 3406 3365 in
3435 3311 3546 3366 hoc
3577 3311 3791 3366 inaesti-

2142 3398 2376 3454 mabilis
2420 3397 2607 3471 gratia
2635 3398 2734 3454 Dei
2777 3399 3218 3465 consideranda,
3244 3401 3397 3472 quod
3449 3401 3791 3472 supradicta

2141 3488 2407 3559 quaedam
2423 3487 2706 3560 oppositis
2720 3487 2941 3543 variata
2964 3488 3234 3560 utrinque
3255 3490 3588 3544 efﬁciantur
3607 3490 3792 3546 delec-

2139 3575 2427 3631 tabiliora.
2450 3576 2612 3632 Unde
2633 3575 2932 3648 Scriptura
2957 3577 3098 3632 dicit
3123 3594 3135 3631 :
3159 3579 3401 3633 Alternis
3433 3580 3514 3633 uti
3551 3578 3784 3635 delecta-

2141 3666 2248 3720 bile
2275 3669 2356 3720 est
2386 3665 2457 3736 (II
2485 3666 2656 3720 Illach.
2678 3682 2769 3732 xv,
2804 3666 2912 3737 40).
2945 3669 3086 3721 Cum
3120 3683 3255 3739 ergo
3286 3683 3354 3722 ex
3387 3667 3478 3722 his
3509 3666 3790 3723 omnibus

2139 3771 2265 3826 quae
2297 3755 2423 3824 jam
2471 3753 2655 3821 vobis,
2691 3755 2896 3810 fratres
2927 3754 3282 3824 charissimi,
3314 3757 3588 3827 diximus,
3637 3755 3790 3811 satis

2138 3847 2332 3914 pateat
2378 3859 2651 3915 magnam
2689 3842 2801 3897 vim
2853 3843 3065 3898 habere
3097 3845 3524 3916 oppositionem
3567 3861 3789 3915 rerum,

2138 3932 2526 4000 attendentes,
2553 3947 2772 4002 quaeso,
2794 3931 2934 4003 quia
2963 3933 3164 3988 eadem
3199 3933 3287 3988 vis
3319 3937 3408 3989 est
3455 3933 3511 3988 in
3552 3933 3795 4005 opposi-

2136 4019 2292 4075 tione
2323 4020 2878 4086 verborum,audite
2931 4017 3256 4074 Psalmistae
3290 4021 3463 4076 verba
3511 4038 3639 4092 qua:
3689 4022 3795 4077 Sa-

2137 4107 2356 4179 pientia
2389 4107 2624 4163 miscuit
2651 4107 2865 4176 divina,
2887 4109 3035 4163 dans
3057 4125 3124 4163 ex
3157 4126 3271 4163 una
3301 4113 3462 4179 parte
3497 4111 3665 4180 quasi
3697 4126 3796 4165 ca-

2139 4197 2278 4262 lida,
2304 4213 2372 4251 ex
2415 4195 2600 4251 altera
2628 4213 2760 4252 vero
2793 4197 2960 4268 quasi
3014 4197 3243 4269 frigida,
3271 4203 3334 4252 ut
3367 4197 3458 4252 cui
3506 4215 3621 4253 non
3654 4216 3796 4254 con-

2137 4285 2292 4358 gruit
2322 4302 2548 4340 merum
2573 4286 2794 4350 vinum,
2814 4287 2954 4357 quia
2975 4286 3129 4342 calix
3149 4288 3209 4340 in
3230 4303 3396 4342 manu
3420 4289 3648 4343 Domini
3674 4291 3799 4344 vini

2136 4376 2280 4429 meri
2304 4375 2502 4446 plenus
2535 4376 2694 4430 misto
2726 4376 2897 4443 (Psal.
2924 4392 3071 4444 Lx1v,
3094 4375 3172 4446 9),
3195 4373 3252 4429 id
3286 4379 3376 4430 est
3417 4375 3517 4446 qui
3547 4377 3798 4449 negligit

2137 4463 2332 4518 bibere
2363 4464 2433 4517 de
2463 4463 2864 4518 sincerissima
2905 4463 3004 4518 Dei
3035 4463 3224 4536 gratia
3253 4463 3561 4536 utriusque
3593 4466 3800 4522 Testa-

374 4552 534 4610 lieris
582 4569 892 4627 personam
925 4557 1151 4626 gestare
1183 4553 1474 4608 videntur.
1500 4555 1570 4608 Et
1620 4553 1771 4609 sicut
1819 4553 2028 4610 mulier
2061 4569 2108 4633 D
2142 4553 2318 4608 menti
2340 4552 2623 4607 doctrinis
2647 4551 2841 4620 mista,
2870 4551 3031 4607 bibat
3052 4553 3226 4620 feces,
3252 4552 3309 4607 id
3332 4557 3441 4621 est,
3467 4553 3536 4609 de
3559 4554 3645 4609 ira
3665 4554 3793 4621 Dei,

374 4643 566 4699 virum
601 4645 887 4700 seducens
921 4643 1132 4698 meruit
1162 4642 1357 4711 subdi,
1391 4641 1471 4697 ita
1499 4658 1702 4698 omnes
1734 4643 1834 4714 qui
1865 4643 2027 4698 infir-

381 4732 593 4789 miores
640 4733 723 4789 vel
773 4733 1150 4804 pauperiores
1197 4731 1328 4787 aliis
1358 4731 1418 4786 in
1451 4730 1710 4787 Ecclesia
1757 4731 2031 4801 existunt,

379 4822 652 4877 credendi
685 4827 825 4878 sunt
850 4822 954 4876 hoc
978 4821 1265 4877 meruisse
1283 4825 1348 4876 ut
1373 4822 1596 4877 caeteris
1619 4822 2031 4885 subderentur,

384 4909 474 4966 vel
500 4910 840 4965 inﬁrmitate
871 4909 958 4965 vel
990 4913 1332 4982 paupertate
1363 4915 1762 4982 gravarentur.

458 5000 567 5055 Sed
600 4999 648 5054 si
679 4999 826 5053 forte
855 4997 1151 5069 aliquibus
1186 4998 1304 5053 haec
1333 4999 1640 5055 videantur
1668 4999 2036 5056 incredibilia

389 5093 446 5146 et
474 5089 674 5162 inepta
695 5105 799 5161 pro
820 5105 885 5142 eo
906 5087 1174 5143 videlicet
1196 5088 1349 5160 quod
1372 5088 1600 5160 mulier,
1625 5089 1778 5145 sicut
1800 5089 2032 5162 legitur,

389 5197 492 5251 pro
511 5178 886 5251 suggestione
903 5177 1108 5248 iniqua
1124 5179 1399 5233 meruerit
1418 5179 1536 5235 viro
1555 5179 1782 5248 subjici,
1803 5179 1882 5233 illi
1902 5196 2034 5233 vero

389 5269 531 5324 nihil
557 5268 667 5324 tale
688 5266 1108 5334 commiserint,
1126 5268 1822 5339 attendant,quzeso,quia
1843 5268 1900 5322 in
1927 5268 2035 5323 hoc

386 5356 607 5412 similia
657 5359 1016 5426 meruerunt,
1043 5357 1193 5428 quod
1248 5356 1652 5426 unusquisque
1698 5373 1799 5427 per
1841 5358 2032 5413 carnis

385 5463 504 5501 sua:
537 5445 1067 5516 concupiscentiam
1116 5445 1431 5516 aliquando
1477 5445 1708 5499 seduxit
1737 5445 2030 5517 spiritum,

385 5536 538 5591 sicut
557 5533 768 5590 mulier
788 5535 998 5590 virum.
1015 5534 1176 5598 Quod
1201 5535 1248 5589 si
1273 5534 1408 5588 huic
1432 5532 1509 5588 rei
1538 5533 1810 5603 objicitur
1829 5551 2033 5590 omnes

389 5623 663 5683 mortales
697 5625 751 5681 in
781 5625 984 5681 eodem
1015 5623 1259 5680 crimine
1292 5621 1596 5696 prolapsos
1625 5640 1772 5695 esse,
1797 5641 2033 5696 respon-

2141 4641 2294 4697 unde
2317 4642 2502 4697 bibent
2523 4658 2706 4698 omnes
2731 4649 3033 4712 peccatores
3062 4641 3460 4713 terraz(1bid.).
3487 4643 3649 4699 Fecis
3682 4661 3795 4699 au-

2145 4736 2261 4786 tem
2294 4732 2528 4788 nomine
2553 4747 2922 4804 nequaquam
2949 4731 3180 4803 proprie
3201 4730 3530 4804 appellatur
3558 4731 3644 4788 ira
3664 4733 3794 4801 Dei,

2144 4821 2243 4876 sed
2278 4821 2540 4889 abusive,
2561 4838 2627 4877 eo
2650 4821 2802 4892 quod
2832 4819 3108 4875 omnibus
3139 4819 3406 4875 videatur
3435 4837 3651 4877 amara.
3679 4823 3792 4878 Sed

2143 4911 2213 4964 de
2243 4911 2641 4981 oppositurum
2668 4909 2948 4981 qualitate
2969 4908 3113 4964 satis
3135 4909 3355 4964 dictum
3383 4914 3499 4978 est;
3525 4910 3798 4968 dicamus

2144 5016 2301 5054 nunc
2335 5000 2489 5069 ipsas
2521 4998 2840 5054 sententias
2871 5014 2974 5068 per
3003 4996 3430 5070 oppositionem
3464 4999 3746 5070 prolatas.

2214 5091 2379 5143 Novit
2430 5089 2690 5143 Dominus
2729 5088 2875 5142 viam
2912 5087 3207 5155 justorum,
3240 5091 3290 5142 el
3339 5088 3448 5143 iter
3494 5089 3799 5160 impiorum

2139 5178 2341 5249 peribit
2372 5179 2543 5243 (Psal.
2569 5194 2608 5245 ι,
2643 5176 2721 5245 6),
2763 5174 3013 5231 subaudi
3063 5177 3174 5230 nisi
3212 5181 3621 5234 convertantur.
3654 5178 3797 5242 Quae

2144 5266 2424 5320 nimirum
2444 5263 2781 5321 subanditio
2799 5264 3065 5319 addenda
3085 5264 3250 5319 estin
3271 5267 3546 5323 omnibus
3565 5272 3800 5323 senten-

2142 5355 2261 5425 tiis,
2295 5355 2352 5409 in
2386 5355 2600 5426 quibus
2633 5355 2703 5410 de
2745 5358 3112 5426 peccatorum
3165 5355 3399 5410 interitu
3433 5356 3798 5428 disputatur,

2145 5448 2207 5498 ut
2242 5463 2254 5499 2
2289 5445 2497 5510 animo,
2547 5460 2670 5516 qua?
2718 5445 3040 5516 peccaverit,
3092 5443 3214 5514 ipsa
3261 5445 3526 5500 morietur
3565 5446 3794 5517 (Ezech.

2142 5551 2298 5600 xvm,
2331 5534 2442 5604 20),
2477 5533 2728 5589 subaudi
2776 5534 2892 5588 nisi
2937 5548 3034 5603 per
3077 5533 3456 5602 pwnitentiam
3506 5539 3796 5591 converta-

2141 5627 2252 5677 tur.
2286 5622 2354 5678 Et
2385 5624 2431 5678 si
2466 5624 2598 5693 quis
2639 5623 2785 5678 forte
2832 5621 2954 5678 haec
3003 5621 3289 5694 denegare
3337 5621 3602 5697 voluerit,
3635 5623 3798 5697 legat
