4108 6188
439 364 553 426 187

1441 368 1781 431 (ιτΗιοΝι
1832 367 2179 431 MONACHI
2230 373 2294 429 S.
2344 367 2834 433 EMMEHAMMI

3737 369 3850 432 188

445 499 640 556 Revela
672 499 894 555 Domino
923 499 1066 556 viam
1097 507 1265 568 tuam,
1300 509 1350 557 et
1377 518 1536 573 spera
1579 504 1638 557 in
1691 519 1837 565 eum.
1869 506 1920 557 et
1973 503 2088 574 ipse
2113 501 2169 566 Α
2198 518 2373 574 meus,
2397 504 2571 572 legem
2598 520 2796 559 meam.
2819 505 3087 560 Inclinate
3105 518 3298 559 aurem
3317 511 3562 559 vestram
3592 502 3649 558 in
3683 502 3846 560 verba

437 591 622 662 faciet.
656 587 786 645 Noli
811 589 1077 645 aemulari
1096 592 1152 645 in
1178 607 1236 646 eo
1263 593 1360 663 qui
1377 601 1732 664 prosperatur
1751 595 1810 646 in
1843 594 1933 647 via
1959 607 2078 661 sua,

439 682 499 735 in
528 679 748 734 homine
775 680 1013 750 faciente
1042 681 1375 752 injustitias.
1412 683 1601 737 Desine
1629 682 1700 736 ab
1730 683 1820 736 ira
1848 685 1900 736 et
1928 680 2081 736 dere-

437 769 628 840 linque
651 770 922 840 furorem.
946 770 1071 826 Noli
1099 772 1379 842 mmulari,
1402 776 1461 826 ut
1490 771 1833 840 maligneris.
1858 771 2083 826 Declina

437 875 470 912 a
499 857 671 928 malo,
691 860 739 912 et
768 861 859 929 fac
888 859 1108 928 bonum,
1132 865 1183 915 et
1213 860 1464 916 inhabita
1495 863 1549 916 in
1573 863 1838 918 saeculum
1865 861 2077 918 excuti.

435 947 698 1018 Exspecta
727 949 1022 1003 Dominum
1049 959 1100 1005 et
1129 950 1342 1006 custodi
1367 952 1516 1006 viam
1557 952 1694 1020 ejus,
1726 953 1777 1006 et
1817 949 2083 1004 exaltabit

437 1039 507 1105 te,
540 1041 599 1091 ut
629 1037 950 1094 haereditate
976 1040 1162 1109 capias
1191 1047 1395 1094 terram
1425 1058 1442 1092 :
1489 1055 1617 1096 cum
1658 1042 1928 1112 perierint
1950 1055 2080 1112 pec-

435 1134 639 1182 catores
659 1126 883 1182 videbis.
901 1127 1121 1183 Custodi
1138 1131 1509 1185 innocentiam
1525 1133 1577 1184 et
1598 1129 1717 1186 vide
1743 1131 2078 1200 a’quitatem,

435 1217 702 1288 quoniam
735 1224 861 1272 sunt
907 1218 1158 1288 reliquiae
1185 1219 1402 1275 homini
1425 1221 1651 1291 paciﬁco
1682 1219 1854 1290 (Psal.
1886 1235 2077 1283 xxxvi,

437 1304 616 1377 3-37).
651 1305 812 1372 Audi,
845 1307 985 1377 ﬁlia,
1015 1316 1066 1363 et
1095 1308 1238 1374 vide,
1278 1315 1331 1364 et
1360 1309 1571 1363 inclina
1599 1325 1791 1363 aurem
1823 1315 1996 1374 tuam,
2029 1314 2082 1360 et

438 1393 752 1456 obliviscere
777 1396 1040 1467 populum
1069 1401 1226 1452 tuum
1255 1399 1305 1452 et
1332 1398 1559 1453 domum
1587 1399 1766 1469 patris
1797 1399 1880 1451 tui
1910 1396 2078 1467 (Psal.

438 1500 588 1548 κων,
625 1484 731 1555 11).
758 1488 889 1539 Haec
917 1486 1205 1541 sententia
1233 1487 1306 1541 ad
1339 1501 1818 1558 unamquamque
1849 1484 2080 1540 ﬁdelem

438 1572 696 1630 animam
723 1573 936 1629 dicitur
957 1575 1343 1644 admonendo,
1368 1580 1433 1630 ut
1465 1575 1755 1631 inclinans
1783 1591 1955 1630 aures
1978 1591 2080 1629 au-

437 1662 633 1716 diendi
690 1663 758 1718 ad
811 1663 907 1718 Dei
956 1663 1176 1719 summi
1226 1664 1413 1719 Patris
1457 1664 1680 1719 monita
1706 1663 2083 1720 obliviscatur

438 1750 746 1823 pristinam
768 1753 1267 1809 conversationem
1299 1758 1356 1809 et
1386 1770 1632 1825 pompas
1652 1753 1869 1810 diaboli
1899 1750 2086 1826 patris

437 1840 702 1898 omnium
737 1839 1085 1896 inﬁdelium.
1883 1860 1890 1868 '

2189 594 2302 649 oris
2330 594 2444 648 mei
2473 593 2654 664 (Psal.
2689 611 2893 660 LXXVII,
2929 595 2999 665 1).
3034 595 3314 650 Exsultate
3342 594 3447 649 Deo
3474 592 3714 664 adjutori
3742 609 3842 648 no-

2190 684 2322 753 stro,
2361 682 2603 754 jubilate
2652 684 2753 739 Deo
2800 683 2983 739 Iacob.
3036 682 3216 755 (Psal.
3267 699 3426 747 Lxxx,
3466 682 3544 751 2).
3593 681 3844 738 Judicate

2190 787 2354 842 egeno
2375 775 2426 826 et
2443 773 2677 844 pupillo,
2701 772 2976 828 humilem
2996 778 3048 828 et
3065 787 3362 844 pauperem
3371 771 3697 842 justiﬁcate.
3721 773 3842 827 Eri-

2186 862 2307 933 pite
2331 877 2650 932 pauperem,
2683 870 2736 918 et
2772 878 2999 933 egenum
3043 861 3110 918 de
3154 877 3328 917 manu
3371 863 3672 933 peccatoris
3701 861 3840 916 libe-

2190 958 2310 1005 rate
2354 949 2532 1021 (Psal.
2587 967 2776 1018 LXXXI,
2818 952 2873 1020 3,
2919 952 2994 1022 4).
3042 949 3360 1023 Intelligite,
3413 951 3730 1022 insipientes
3778 951 3842 1004 in

2184 1041 2409 1110 populo,
2439 1043 2492 1095 et
2535 1041 2714 1109 stulti,
2762 1040 3063 1112 aliquando
3110 1041 3286 1110 sapite
3331 1039 3503 1111 (Psal.
3553 1057 3712 1105 xcm,
3759 1041 3840 1108 8).

2191 1129 2395 1198 Venite,
2426 1129 2759 1186 exsultemus
2805 1132 3059 1196 Domino,
3105 1129 3408 1200 jubilemus
3454 1129 3558 1185 Deo
3599 1129 3847 1184 salutari

2186 1227 2387 1286 nostra,
2416 1234 2857 1292 praeoccupemus
2883 1221 3082 1291 faciem
3128 1219 3249 1290 ejus
3297 1220 3358 1272 in
3401 1220 3763 1288 confessione,
3794 1221 3849 1274 et

2192 1309 2252 1361 in
2298 1307 2524 1376 psalmis
2566 1309 2871 1379 jubilemus
2919 1310 2969 1364 ei
3013 1307 3184 1380 (Psal.
3219 1325 3372 1379 χειν,
3406 1309 3458 1377 1,
3488 1308 3567 1378 2).
3620 1311 3854 1363 Gantate

2194 1397 2431 1451 Domino
2461 1399 2734 1452 canticum
2764 1415 2990 1463 novum,
3019 1402 3236 1452 cantate
3263 1398 3501 1453 Domino
3530 1399 3710 1454 omnis
3740 1405 3852 1453 ter-

2192 1500 2282 1540 ra.
2319 1484 2542 1542 Cantate
2573 1487 2821 1554 Domino,
2855 1495 2911 1541 et
2959 1485 3256 1542 benedicite
3300 1487 3517 1541 nomini
3545 1488 3708 1558 ejus,-
3738 1503 3852 1541 an-

2190 1575 2447 1629 nuntiate
2499 1574 2563 1630 de
2613 1575 2701 1630 die
2747 1577 2810 1629 in
2857 1575 3004 1630 diem
3051 1575 3304 1630 salutare
3347 1576 3468 1644 ejus
3513 1575 3682 1646 (Psal.
3713 1592 3846 1645 xcv,

2194 1663 2246 1728 1,
2277 1663 2353 1734 2).
2389 1666 2505 1736 Qui
2550 1664 2786 1735 diligitis
2830 1665 3129 1720 Dominum
3167 1663 3310 1720 adite
3337 1665 3569 1731 malum,
3599 1665 3851 1720 custodit

2193 1754 2456 1808 Dominus
2485 1756 2703 1809 animas
2740 1761 3054 1809 sanctorum
3080 1769 3329 1821 suorum,
3361 1752 3429 1808 de
3452 1769 3628 1808 manu
3650 1768 3846 1824 pecca-

2110 1873 2160 1938 Β
2191 1845 2374 1898 torum
2420 1843 2676 1899 liberabit
2723 1859 2830 1899 eos.
2882 1843 3176 1899 Letamini
3211 1844 3358 1914 justi
3402 1843 3466 1897 in
3512 1843 3760 1909 Domino,
3791 1850 3846 1898 et

520 1929 710 1982 Venite
737 1936 788 1984 et
815 1929 991 1985 videte
1017 1946 1181 2001 opera
1209 1933 1449 2000 Domini,
1475 1948 1600 2005 quae
1621 1935 1800 2005 posuit
1828 1933 2083 2005 prodigia
2113 1929 2155 1938 ”
2191 1932 2530 2002 conﬁtemini
2559 1934 2835 1987 memoriae
2855 1933 3313 2004 sanctificationis
3336 1933 3452 2004 ejus
3481 1931 3654 2004 (Psal.
3687 1948 3843 1997 cxvr,

438 2032 604 2088 super
653 2025 878 2085 terram,
927 2021 1184 2089 auferens
1233 2022 1397 2089 bella,
1430 2022 1683 2078 subaudi
1715 2023 2082 2093 inﬁdelitatis,

442 2121 557 2175 qua
570 2105 838 2162 diabolus
853 2108 1187 2164 universum
1202 2109 2088 2186 impugnabatmundum,usque

440 2195 511 2250 ad
540 2195 674 2264 fines
701 2199 861 2253 terrae
892 2199 1063 2269 (Psal.
1095 2216 1222 2266 XLV,
1255 2200 1332 2268 9).
1367 2202 1560 2257 Omnes
1605 2205 1808 2273 gentes,
1838 2203 2089 2274 plaudite

440 2285 714 2355 manibus,
757 2287 995 2358 jubilate
1040 2289 1144 2346 Deo
1192 2291 1252 2343 in
1308 2306 1431 2346 voce
1475 2292 1865 2349 exsultationis
1916 2293 2084 2363 (Psal.

440 2391 591 2442 XLVI,
614 2375 690 2446 2).
717 2375 848 2432 Haec
869 2393 976 2432 vox
999 2381 1089 2433 est
1109 2377 1469 2435 exhortantis
1490 2397 1696 2438 omnes
1717 2385 1940 2453 gentes,
1961 2399 2088 2454 quae

435 2462 561 2535 jam
585 2464 958 2520 crediderunt
975 2464 1061 2521 vel
1086 2467 1386 2523 crediturae
1408 2473 1568 2532 sunt,
1583 2475 1649 2525 ut
1670 2469 1953 2542 plaudunt
1973 2487 2091 2527 ma-

443 2549 617 2607 nibus
660 2557 717 2607 et
756 2552 1017 2623 jubilent
1046 2555 1162 2611 Deo
1193 2555 1250 2610 in
1282 2573 1420 2612 voce
1451 2558 1880 2629 exsultationis,
1912 2560 1970 2614 id
2003 2565 2092 2616 est

443 2640 799 2696 concordent
837 2642 1112 2713 operibus
1165 2647 1222 2699 et
1270 2644 1473 2717 lingua
1523 2645 1583 2702 in
1632 2647 1844 2704 Christi
1894 2647 2087 2706 laude.

441 2728 636 2784 Audite
655 2730 794 2800 haec,
811 2745 1000 2786 omnes
1018 2740 1221 2803 gentes,
1243 2735 1470 2791 auribus
1488 2738 1773 2808 percipile,
1792 2753 1976 2794 omnes
1995 2738 2093 2809 qui

441 2817 709 2874 habitatis
739 2820 921 2876 orbem
951 2822 1123 2892 (Psal.
1147 2839 1341 2890 XLVIII,
1372 2825 1449 2892 2).
1473 2824 1603 2880 Haec
1633 2842 1741 2881 vox
1765 2831 1854 2882 est
1882 2827 2087 2883 exhor-

442 2907 626 2967 tantis
656 2924 861 2964 omnes
912 2911 1010 2981 qui
1059 2910 1328 2968 habitant
1365 2913 1426 2969 in
1457 2917 1632 2980 terra,
1665 2920 1751 2980 ut,
1787 2909 2110 2972 audientes

445 3013 573 3070 qua:
601 2997 657 3052 in
683 2997 792 3052 hoc
815 2996 1041 3070 psalmo
1063 2999 1340 3056 dicuntur
1363 3001 1433 3058 de
1455 3003 1736 3059 divitibus
1766 3009 1822 3059 et
1852 3004 2090 3060 rectori-

444 3086 556 3141 bus
584 3085 824 3158 iniquis,
850 3089 1144 3159 quomodo
1167 3089 1390 3146 scilicet
1413 3096 1650 3164 propter
1673 3092 1951 3149 honorem
1979 3093 2091 3149 sibi

445 3174 735 3230 tributum
758 3180 816 3231 et
837 3193 998 3232 vanae
1021 3177 1217 3250 gloria
1243 3180 1566 3252 appetitum
1600 3182 1920 3254 comparati
1953 3186 2091 3238 sunt

436 3263 727 3335 jumentis
757 3263 1198 3336 insipientibus,
1224 3273 1464 3324 caveant
1493 3286 1566 3326 ne
1594 3268 1712 3326 illis
1733 3271 1936 3326 eadem
1959 3287 2090 3327 con-

443 3352 696 3424 tingant.
719 3355 973 3409 Immolet
1025 3357 1125 3410 Deo
1155 3358 1492 3428 sacriﬁcium
1523 3359 1710 3416 laudis
1740 3367 1792 3416 et
1817 3360 1981 3417 redde
2004 3361 2092 3417 Al-

441 3443 649 3503 tissimo
679 3449 804 3500 vota
839 3451 933 3499 tua
963 3445 1140 3516 (Psal.
1173 3463 1324 3513 XLxx,
1357 3448 1466 3518 14),
1499 3447 1558 3503 id
1589 3453 1678 3505 est
1707 3449 1949 3506 immola
1979 3454 2091 3506 Deo

444 3531 799 3588 sacriﬁcium
823 3534 978 3605 quod
1009 3534 1124 3589 sibi
1153 3540 1241 3591 est
1261 3536 1686 3607 gratissimum,
1708 3543 1840 3596 vota
1868 3539 2095 3596 scilicet

445 3624 569 3684 tua,
603 3624 668 3675 ut
716 3621 1015 3692 abnegans
1054 3623 1431 3695 temetipsum
1468 3627 1736 3697 sequaris
1768 3627 2090 3684 Christum.

448 3708 592 3763 Hinc
622 3712 680 3764 et
708 3707 769 3764 in
801 3709 912 3764 alio
943 3710 1170 3781 psalmo
1201 3712 1417 3767 dicitur
1451 3730 1463 3769 :
1518 3716 1581 3770 In
1617 3731 1705 3770 me
1743 3721 1890 3787 sunt,
1930 3719 2091 3787 Deus,

445 3805 567 3853 vota
597 3800 714 3863 tua,
741 3815 860 3870 quae
890 3799 1121 3855 reddam
1151 3801 1494 3857 laudationes
1523 3804 1629 3858 tibi
1657 3805 1830 3863 (Psal.
1864 3822 1950 3871 LV,
1984 3806 2092 3877 12),

449 3885 620 3958 quasi
667 3885 1003 3945 diceretur:
1059 3888 1219 3945 Licet
1267 3891 1630 3948 extrinsecus
1677 3909 1794 3949 non
1848 3893 2094 3952 habeam

451 3975 806 4048 sacriﬁcium
837 3976 965 4046 tibi,
995 3977 1260 4045 Domine,
1282 3978 1664 4049 offerendum,
1688 3982 1747 4037 in
1779 3999 1873 4039 me
1901 3989 2095 4040 tamen

451 4062 636 4120 habeo
668 4065 821 4136 quod
854 4064 958 4120 tibi
991 4082 1093 4136 pro
1124 4066 1319 4123 laudis
1349 4069 1632 4125 sacriﬁcio
1659 4072 1863 4128 offerre
1893 4072 2055 4128 valeo
2080 4091 2093 4128 :

450 4154 647 4208 lnvoca
675 4169 763 4208 me
805 4154 865 4207 in
901 4154 988 4209 die
1015 4155 1416 4227 tribulationis,
1446 4163 1498 4214 et
1526 4175 1720 4215 eruam
1745 4163 1815 4228 te,
1845 4166 1901 4217 et
1931 4162 2097 4218 hone-

451 4241 693 4311 riﬁcabis
740 4258 827 4297 me
872 4243 1041 4314 (Psal.
1075 4261 1226 4313 XLIX,
1261 4247 1370 4314 15).
1400 4247 1561 4304 Jacta.
1599 4266 1760 4322 super
1797 4235 2100 4307 Dominum

451 4347 644 4386 curam
661 4335 816 4386 tuam
833 4335 885 4386 et
912 4333 1027 4404 ipse
1056 4337 1110 4388 te
1132 4337 1370 4392 enutriet
1383 4355 1408 4402 ;
1436 4353 1546 4392 non
1565 4338 1716 4394 dabit
1746 4356 1805 4394 in
1824 4343 2102 4397 aeternum

455 4421 871 4490 ﬂuctuationem
890 4423 1038 4493 justo
1070 4423 1240 4494 (Psal.
1274 4442 1383 4494 LIV,
1417 4427 1529 4498 23).

526 4511 594 4565 Si
622 4525 747 4565 vere
772 4512 962 4582 utique
1000 4512 1285 4583 justitiam
1313 4516 1628 4587 loquimini,
1663 4522 1803 4574 recte
1838 4519 2098 4592 judicate,

2195 2021 2282 2089 10,
2309 2021 2418 2092 12).
2444 2022 2670 2077 Cantate
2700 2023 2929 2078 Domino
2959 2023 3235 2078 canticum
3263 2037 3478 2092 novum,
3503 2022 3636 2092 quia
3660 2021 3842 2076 mira-

2197 2111 2335 2167 bilia
2375 2112 2507 2182 fecit
2534 2112 2708 2183 (Psal.
2742 2128 2914 2182 xcvu,
2951 2111 3022 2184 1).
3056 2111 3185 2166 Ηωο
3229 2127 3338 2165 vox
3383 2114 3473 2167 est
3519 2109 3848 2166 Psalmistaa

2197 2200 2564 2256 adhortantis
2586 2216 2791 2256 omnes
2817 2199 3020 2257 ﬁdeles
3053 2200 3124 2256 ad
3156 2199 3389 2256 laudem
3417 2199 3513 2255 Dei
3539 2217 3552 2262 ;
3585 2203 3644 2254 et
3673 2198 3850 2270 quasi

2198 2290 2415 2362 aliquis
2445 2288 2822 2345 Psalmistam
2855 2289 3238 2361 interrogaret
3268 2306 3396 2361 quae
3428 2287 3725 2358 mirabilia
3745 2287 3852 2344 Dei

2197 2378 2578 2451 signiﬁcaret,
2610 2394 2746 2434 mox
2777 2379 2961 2450 add-it,
2989 2378 3187 2434 dicens
3214 2396 3227 2433 :
3257 2378 3508 2434 Salvabit
3533 2377 3642 2435 sibi
3669 2377 3854 2433 dexte-

2198 2485 2320 2525 ram
2377 2469 2495 2527 eius
2540 2472 2593 2524 et
2641 2467 2927 2524 brachium
2971 2476 3224 2525 sanctum
3281 2468 3419 2540 ejus.
3467 2468 3666 2524 Notum
3718 2468 3864 2538 fecit

2200 2559 2462 2614 Dominus
2483 2558 2730 2613 salutare
2747 2574 2948 2625 suum;
2977 2558 3040 2612 in
3057 2565 3349 2628 conspectu
3369 2558 3616 2626 gentium
3638 2555 3862 2611 revela-
3901 2575 3906 2580 ·

2199 2651 2278 2703 vit
2287 2649 2570 2721 justitiam
2588 2664 2750 2703 suam
2772 2647 2959 2718 (Ibid.,
2977 2647 3055 2718 2).
3075 2651 3186 2702 Per
3203 2647 3496 2702 dexteram
3517 2643 3864 2700 brachium-

2201 2754 2313 2812 que
2334 2737 2436 2794 Dei
2461 2737 2634 2794 Jesus
2657 2735 2928 2793 Christus
2952 2735 3320 2808 intelligitur,
3345 2751 3519 2807 quem
3545 2735 3710 2790 Pater
3729 2748 3855 2789 om-

2200 2827 2472 2900 nipotens
2488 2830 2629 2882 tunc
2647 2825 2912 2892 salvavit,
2925 2841 3058 2881 cum
3073 2841 3208 2881 eum
3224 2824 3285 2879 in
3303 2823 3591 2880 mundum
3611 2821 3858 2878 mittens

2204 2933 2239 2971 a
2268 2915 2495 2971 cunctis
2523 2913 2842 2970 mundanis
2868 2913 3144 2986 periculis
3165 2911 3402 2986 eripuit,
3425 2917 3482 2968 et
3502 2911 3654 2984 quod
3678 2911 3860 2967 mira-

2201 3004 2380 3067 bilius
2409 3007 2517 3075 est,
2545 3003 2741 3060 solum
2772 3003 2928 3058 inter
2955 3002 3223 3058 homines
3244 3001 3372 3058 sine
3402 3005 3638 3073 peccato
3657 2999 3857 3056 vivere

2197 3094 2358 3150 fecit.
2379 3095 2510 3165 Ipse
2529 3093 2702 3148 etiam
2727 3091 2984 3148 salutare
3004 3091 3298 3164 Dei,quod
3320 3095 3528 3146 notum
3551 3089 3706 3154 fecit,
3725 3089 3858 3161 ipse

2194 3182 2450 3254 justitia,
2478 3198 2658 3253 quam
2685 3181 2745 3236 in
2769 3183 3083 3252 conspectu
3106 3180 3372 3253 gentium
3394 3178 3688 3249 revelavit,
3708 3177 3858 3234 dici-

2200 3275 2316 3327 tur.
2344 3270 2406 3326 ln
2430 3269 2788 3341 quibusdam
2811 3267 2978 3325 libris
3002 3268 3252 3325 habetur
3276 3286 3289 3324 :
3312 3269 3563 3324 Salvavit
3583 3283 3708 3324 eum
3726 3267 3861 3323 dea:-

2200 3363 2323 3415 tera
2363 3359 2482 3429 ejus
2512 3374 2531 3411 :
2583 3356 2736 3428 quod
2772 3355 2995 3412 scilicet
3025 3356 3075 3410 si
3105 3356 3262 3428 apud
3293 3373 3400 3412 nos
3431 3355 3724 3412 diceretur
3751 3355 3858 3424 ita,

2202 3464 2308 3521 ego
2356 3462 2592 3519 quoque
2641 3445 2846 3501 eadem
2897 3460 3173 3517 sequerer
3209 3445 3423 3513 verba;
3455 3445 3581 3513 sed,
3614 3447 3681 3499 ut
3709 3441 3858 3500 mihi

2201 3537 2453 3603 videtur,
2485 3534 2790 3608 quodlibet
2815 3533 3026 3590 horum
3058 3535 3286 3590 dicatur
3315 3550 3430 3590 non
3459 3538 3710 3590 erratur.

2274 3624 2539 3681 Exaltate
2579 3625 2874 3680 Dominum
2918 3625 3094 3680 Deum
3120 3631 3389 3688 nostrum,
3419 3628 3474 3678 et
3525 3622 3748 3678 adorate
3796 3625 3862 3676 in

2204 3722 2386 3770 monte
2426 3718 2620 3769 sancto
2667 3713 2802 3784 ejus,
2835 3713 3096 3784 quoniam
3140 3715 3362 3767 sanctus
3410 3712 3666 3768 Dominus
3712 3711 3862 3766 Deus

2203 3806 2386 3876 noster
2437 3802 2609 3874 (Psal.
2670 3818 2874 3872 XCVIII,
2933 3800 3012 3872 9).
3069 3801 3316 3856 Jubilate
3372 3801 3616 3863 Domino,
3673 3801 3862 3856 omnis

2205 3900 2352 3948 terra
2369 3907 2390 3953 ;
2418 3891 2612 3946 servile
2631 3891 2862 3946 Domino
2893 3891 2952 3945 in
2983 3890 3178 3945 latitia
3207 3889 3374 3960 (Psal.
3401 3905 3550 3956 xcrx,
3574 3887 3650 3960 1).
3679 3889 3860 3944 Bene-

2206 3982 2371 4038 dicite
2399 3981 2650 4045 Domino,
2673 3995 2859 4035 omnes
2887 3980 3116 4034 virtutes
3145 3978 3285 4051 ejus,
3314 3979 3569 4035 ministri
3595 3978 3735 4050 ejus,
3760 3979 3866 4049 qui

2204 4072 2392 4144 facitis
2441 4071 2784 4126 voluntatem
2827 4069 2943 4140 ejus
2990 4067 3164 4139 (Psal.
3211 4083 3310 4139 cu,
3339 4067 3454 4139 20).
3506 4067 3867 4138 Conﬁtemini

2209 4161 2442 4218 Domino
2487 4166 2540 4214 et
2590 4160 2838 4214 invocato
2888 4173 3084 4212 nomen
3132 4158 3249 4228 ejus
3271 4173 3294 4218 ;
3343 4157 3671 4213 annuntiate
3715 4157 3870 4212 inter

2209 4253 2390 4320 gentes
2419 4263 2581 4319 opera
2612 4248 2749 4319 ejus.
2781 4248 3022 4302 Cantate
3051 4247 3126 4315 ei,
3147 4253 3202 4302 et
3226 4246 3472 4317 psallite,
3492 4252 3716 4301 narrate
3743 4261 3866 4302 om-

2207 4340 2307 4394 nia
2335 4336 2678 4392 mirabibilia
2707 4336 2843 4404 eius.
2873 4336 3118 4403 Quaerite
3144 4335 3458 4402 Dominum,
3489 4343 3541 4390 et
3568 4336 3863 4407 conﬁrma-

2207 4428 2372 4494 mini,
2417 4427 2644 4498 querite
2691 4427 2895 4496 faciem
2939 4425 3055 4494 eius
3104 4439 3320 4496 semper
3365 4424 3539 4495 (Psal.
3567 4441 3682 4495 σιν,
3713 4425 3865 4496 1-4).

2214 4515 2572 4588 Conﬁtemini
2599 4515 2829 4570 Domino
2862 4514 3126 4585 quoniam
3157 4515 3347 4583 bonus,
3373 4514 3648 4586 quoniam
3670 4515 3734 4569 in
3764 4527 3870 4572 sae-

456 4599 565 4669 ﬁlii
591 4600 879 4656 hominum
897 4601 1070 4672 (Psal.
1099 4620 1231 4670 LVII,
1253 4604 1330 4675 2),
1355 4605 1464 4660 hoc
1492 4610 1601 4673 est,
1625 4607 1673 4663 si
1704 4623 1900 4664 veram
1922 4607 2103 4679 justi-
2131 4611 2181 4677 D
2210 4607 2338 4664 cula
2380 4605 2770 4660 misericordia
2813 4604 2929 4672 ejus
2972 4602 3146 4673 (Psal.
3181 4620 3271 4672 cv,
3306 4604 3381 4672 1).
3411 4602 3677 4669 Laudato,
3699 4603 3871 4674 pueri

457 4687 601 4745 tiam
624 4690 790 4746 scitis
821 4694 878 4746 et
905 4689 1239 4763 loquimini,
1265 4693 1432 4750 facite
1456 4694 1633 4751 etiam
1655 4695 1948 4768 judicium
1979 4714 2106 4753 rec-

457 4781 584 4833 tum
613 4795 627 4847 ;
656 4779 802 4835 bene
822 4779 979 4836 enim
1010 4779 1170 4852 loqui
1201 4785 1258 4838 et
1281 4782 1431 4840 male
1452 4784 1640 4841 facere
1670 4785 1813 4841 nihil
1835 4790 1926 4842 est
1943 4785 2102 4843 aliud

461 4867 575 4923 nisi
599 4883 662 4924 se
681 4867 878 4940 ipsum
899 4869 1198 4926 damnare.
1220 4873 1397 4930 Nolite
1415 4890 1637 4946 sperare
1657 4877 1719 4931 in
1745 4877 2036 4948 iniquitate
2056 4883 2108 4932 et

462 4958 687 5027 rapinas
709 4958 880 5012 nolite
899 4962 1320 5032 concupiscere;
1350 4963 1562 5022 divitiae
1591 4967 1644 5022 si
1662 4967 1920 5037 afﬂuant,
1941 4966 2110 5022 nolite

459 5061 554 5101 cor
599 5062 866 5117 apponere
913 5049 1095 5117 (Psal.
1150 5069 1259 5122 LXI,
1312 5053 1418 5123 11).
1468 5053 1706 5110 Jubilate
1749 5057 1878 5124 Deo,
1930 5057 2108 5111 omnis

458 5140 632 5204 terra,
655 5136 937 5207 psalmum
954 5137 1117 5194 dicite
1147 5141 1360 5197 nomini
1386 5143 1525 5213 ejus,
1547 5144 1670 5199 date
1689 5146 1925 5216 gloriam
1956 5143 2110 5200 laudi

459 5225 576 5296 ejus
615 5227 798 5296 (Psal.
831 5244 956 5295 va,
995 5229 1042 5299 1,
1073 5230 1152 5300 2).
1184 5231 1509 5299 Benedicite,
1549 5237 1752 5303 gentes,
1785 5239 1962 5291 Deum
2007 5249 2110 5290 no-

460 5320 642 5371 strum
669 5325 720 5371 et
750 5316 1000 5394 auditam
1023 5317 1199 5392 facile
1226 5336 1406 5376 vocem
1436 5322 1613 5377 laudis
1649 5323 1771 5389 ejus
1803 5323 1987 5394 (Ibid.,
2030 5323 2106 5394 8).

468 5405 694 5460 Cantale
722 5407 853 5473 Deo,
881 5408 1161 5478 psalmum
1191 5408 1358 5464 dicite
1386 5411 1606 5466 nomini
1633 5412 1769 5482 ejus,
1804 5414 1909 5466 iter
1947 5412 2112 5483 facile

463 5496 517 5551 ei
545 5496 641 5565 qui
665 5496 919 5551 ascendit
945 5513 1108 5569 super
1135 5514 1383 5555 occasum
1412 5500 1581 5571 (Psal.
1616 5517 1784 5566 van,
1813 5501 1890 5570 5).
1929 5503 2113 5558 Vovete

467 5595 519 5643 et
546 5584 755 5641 reddite
785 5586 1013 5642 Domino
1042 5590 1215 5644 vestro
1244 5605 1428 5645 omnes
1472 5592 1568 5662 qui
1605 5591 1666 5645 in
1712 5592 1952 5647 circuitu
1992 5591 2110 5664 ejus

466 5672 687 5753 apertis
730 5689 962 5730 munera
1008 5675 1179 5747 (Psal.
1213 5695 1378 5750 Lxxv,
1411 5680 1520 5752 12).
1571 5679 1859 5750 Attendite,
1906 5678 2113 5753 popule

2215 4696 2527 4761 Dominum,
2579 4692 2800 4749 laudate
2843 4707 3045 4748 nomen
3093 4692 3318 4748 Domini
3368 4691 3540 4763 (Psal.
3595 4707 3727 4756 exn,
3787 4695 3867 4762 1).

2211 4784 2449 4842 Laudate
2477 4798 2622 4851 eum,
2656 4797 2840 4838 omnes
2866 4789 3070 4852 gentes,
3103 4779 3323 4837 laudate
3349 4796 3498 4850 eum,
3527 4795 3713 4838 omnes
3755 4797 3870 4852 po-

2209 4875 2356 4948 puli,
2388 4875 2650 4945 quoniam
2675 4873 3000 4943 conﬁrmata
3027 4874 3104 4928 est
3130 4886 3295 4943 super
3337 4885 3438 4927 nos
3481 4870 3872 4927 misericordia

2214 4966 2352 5038 ejus,
2396 4971 2448 5019 et
2497 4962 2692 5018 veritas
2740 4961 2960 5018 Domini
3003 4968 3191 5016 manet
3237 4961 3298 5016 in
3353 4968 3634 5020 (aeternum
3683 4960 3873 5032 (Psal.

2216 5070 2365 5120 cxvx,
2397 5053 2470 5124 1).
2495 5053 2697 5122 Rogate
2725 5065 2845 5122 qua:
2890 5051 2965 5106 ad
2989 5066 3183 5122 pacem
3207 5059 3343 5106 sunt
3369 5049 3694 5120 Jerusalem,
3720 5049 3875 5106 sub-

2218 5143 2355 5200 audi
2377 5142 2626 5207 cazlestis,
2648 5154 2775 5212 qua:
2792 5138 3109 5210 aedificatur
3135 5149 3198 5196 ut
3217 5141 3414 5196 civitas
3440 5143 3672 5197 terrena
3688 5138 3880 5198 variis

2219 5231 2557 5304 sumptibus
2604 5230 2776 5300 (Psal.
2831 5245 2980 5302 cxxr,
3025 5231 3080 5298 3,
3123 5229 3200 5298 6).
3250 5229 3497 5286 Laudate
3549 5229 3880 5300 Dominum,

2218 5323 2488 5393 quoniam
2516 5320 2688 5376 bonus
2719 5319 2980 5376 Dominus
2999 5335 3020 5381 ;
3068 5319 3288 5390 psallite
3317 5320 3535 5376 nomini
3560 5319 3698 5391 ejus,
3727 5334 3884 5391 quo-

2217 5412 2374 5467 niam
2401 5426 2565 5466 suave
2588 5409 2759 5478 (Psal.
2787 5425 3012 5477 cxxxxv,
3036 5409 3114 5482 3).
3141 5409 3323 5466 Nolite
3341 5409 3610 5481 conﬁdere
3627 5409 3692 5464 in
3710 5411 3886 5481 prin-

2215 5500 2454 5572 cipibus,
2485 5499 2546 5554 in
2593 5499 2728 5568 ﬁliis
2777 5498 3078 5570 hominum,
3109 5499 3173 5553 in
3219 5498 3418 5571 quibus
3462 5514 3574 5556 non
3603 5501 3685 5556 est
3709 5499 3880 5555 salu:

2219 5590 2388 5662 (Psal.
2437 5605 2598 5657 cxnv,
2655 5589 2709 5655 3,
2760 5589 2834 5660 4).
2889 5586 3098 5656 Lauda,
3157 5587 3486 5658 Jerusalem,
3539 5588 3875 5662 Dominum,

2209 5678 2395 5752 lauda
2420 5680 2595 5736 Deum
2623 5682 2800 5748 tuum,
2833 5677 2963 5736 Sion
2990 5677 3165 5750 (Psal.
3195 5693 3404 5751 cum,
3434 5678 3510 5751 1).
3538 5679 3775 5740 Iuvenes
3811 5682 3883 5743 ut
