4108 6188
181 375 280 436 189

177 601 294 672 quia
325 601 634 654 exaltatum
664 609 743 655 est
771 615 972 654 nomen
1002 603 1119 672 ejus
1145 603 1314 657 solius
1357 604 1531 670 (Psal.
1583 621 1813 672 CXLVIII,

182 691 254 755 l2,
295 689 398 759 13).
431 689 542 744 Sed
577 691 634 743 et
663 691 841 745 omnis
869 692 1102 762 spiritus
1131 692 1319 748 laudet
1349 694 1813 763 Dominum(Psal.

181 795 257 845 CL,
279 778 360 848 6).

241 868 372 933 Quas
403 867 477 922 de
505 867 701 923 tribus
722 869 914 924 modis
934 869 1247 928 locutionis
1273 871 1498 941 divinas,
1525 872 1582 928 id
1607 876 1715 939 est,
1747 873 1820 928 de

184 957 750 1031 pronuntiatione,de
774 959 1189 1026 admonitione,
1207 961 1276 1017 de
1304 961 1696 1034 increpatione
1723 979 1818 1018 ex.

185 1046 409 1120 planare
455 1046 721 1118 promisi,
759 1047 887 1118 jam
919 1049 1086 1115 satis,
1122 1055 1186 1105 ut
1216 1067 1363 1121 reor,
1397 1051 1653 1123 implevi,
1689 1051 1822 1108 licet

185 1151 356 1208 pauca
375 1135 446 1190 de
470 1134 865 1207 increpatione
884 1136 1128 1210 ipsaque
1155 1139 1592 1210 juxtaordinem
1619 1157 1821 1213 propo-

187 1225 351 1282 situm
385 1224 630 1280 minime
655 1225 814 1281 dicta
843 1225 981 1282 sint.
1015 1228 1132 1283 Hoc
1180 1234 1375 1284 autem
1425 1230 1554 1286 ideo
1602 1231 1819 1286 factum

186 1320 280 1379 est,
311 1314 451 1386 quia
478 1330 612 1369 cum
645 1315 800 1370 idem
834 1317 1046 1372 modus
1074 1317 1405 1373 inveniatur
1425 1319 1614 1374 rarius
1641 1336 1818 1391 quam

184 1403 419 1474 ceteris,
450 1403 761 1458 locutionis
789 1405 1051 1474 ejusdem
1087 1407 1350 1462 ordinem
1383 1407 1691 1463 observare
1720 1423 1820 1463 ne-

185 1492 374 1564 quivi;
408 1493 504 1547 sed
535 1493 742 1564 quovis
790 1493 1013 1565 ordine,
1063 1495 1386 1552 dummodo
1435 1497 1578 1552 satis
1628 1501 1823 1568 aperte

185 1582 294 1637 sint
324 1581 496 1648 dicta,
529 1598 754 1654 precor,
790 1583 996 1640 fratres
1027 1584 1381 1652 charissimi,
1416 1591 1481 1641 ut
1509 1585 1824 1642 attendatis

187 1671 312 1742 quid
329 1669 644 1743 pereadem
657 1672 813 1727 dicta
824 1673 1111 1730 Dominus
1126 1675 1294 1730 nobis
1309 1675 1823 1748 innuat.Magnum

189 1761 390 1833 quippe
417 1765 513 1815 est
543 1761 697 1833 quod
728 1765 852 1818 tam
880 1762 1058 1818 variis
1088 1764 1280 1820 modis
1302 1765 1822 1833 insinuatur,quod

189 1864 300 1921 ego,
333 1853 622 1920 quantum
653 1848 838 1921 valeo,
869 1851 1035 1908 vobis
1065 1853 1270 1910 retere.
1288 1853 1432 1908 Cum
1465 1853 1644 1925 igitur
1673 1859 1825 1909 Deus
1855 1887 1902 1951 Β

191 1955 281 2010 per
307 1954 534 1993 sacram
565 1939 924 2010 Scripturam
959 1940 1128 1997 nobis
1160 1942 1436 2013 quaelibet
1462 1942 1821 2015 pronuntiat,

191 2027 298 2082 sive
329 2026 709 2096 consolando,
743 2029 864 2084 sive
894 2030 1257 2098 deterrendo,
1292 2049 1428 2087 nam
1461 2049 1563 2104 per
1590 2032 1697 2088 bas
1727 2048 1823 2104 ge-

190 2117 370 2172 minas
399 2116 629 2188 species
658 2118 850 2174 omnis
895 2118 1094 2176 divina
1138 2121 1533 2192 pronuntiatio
1582 2122 1776 2193 agitur
1809 2138 1822 2176 :

188 2206 330 2261 unde
361 2205 420 2260 in
450 2205 767 2278 Evangelia
813 2207 1118 2275 Dominus,
1171 2213 1483 2281 utramque
1527 2211 1826 2282 proferens

185 2295 314 2349 dicit
346 2311 360 2347 ε
390 2296 500 2364 Qui
526 2295 818 2352 crediderit
845 2300 898 2352 et
925 2298 1234 2369 baptizatus
1254 2301 1450 2370 fuerit,
1481 2301 1664 2355 salvus
1684 2302 1824 2361 erit;

186 2386 271 2454 qui
295 2400 422 2440 vero
448 2401 560 2440 non
586 2384 882 2441 crediderit
907 2387 1356 2443 condemnabitur
1386 2388 1784 2461 (Marc.xvr,16)
1811 2405 1824 2445 :

189 2473 374 2528 aufert
404 2479 448 2527 a‘
469 2472 633 2528 nobis
662 2489 898 2530 omnem
931 2475 1272 2549 ignorantia;
1294 2477 1829 2545 excusationem,ne

186 2561 312 2632 quis
343 2566 614 2617 nostrum
647 2564 858 2619 merito
889 2565 1075 2636 possit
1105 2565 1315 2636 dicere,
1355 2569 1487 2638 quia
1528 2583 1686 2624 nemo
1732 2583 1830 2623 nos

185 2651 447 2707 conduxit
493 2651 702 2721 (Matth.
734 2667 830 2717 xx,
858 2654 938 2722 7).
971 2656 1116 2709 Cum
1165 2659 1360 2710 autem
1405 2671 1512 2710 nos
1562 2672 1665 2728 pro
1714 2655 1827 2724 his,

190 2755 307 2810 qua:
330 2742 460 2813 jam
491 2742 871 2812 pronuntiata
899 2743 1672 2816 sunt,admonet,paternum
1699 2745 1831 2800 affe-

193 2832 342 2884 ctum
389 2829 670 2897 ostendit,
702 2829 892 2886 sciens
931 2830 1070 2903 quia
1101 2831 1428 2888 humanum
1460 2838 1548 2890 est
1575 2834 1830 2889 etmaxi-

192 2933 348 2973 mum
407 2919 685 2974 accidens
742 2919 1178 2993 negligentibus
1217 2921 1500 2978 oblivisci.
1541 2923 1833 2978 Admonet

187 3006 352 3062 etiam
383 3011 698 3080 propterea
729 3013 788 3063 ut
820 3013 878 3064 et
907 3025 1014 3066 nos
1047 3009 1337 3082 illis,quos
1358 3011 1447 3066 vel
1480 3017 1686 3084 sponte
1707 3029 1837 3067 sus-

186 3095 558 3168 cepimus,vel
581 3097 654 3153 ab
676 3096 809 3153 aliis
822 3098 1123 3155 commissi
1145 3103 1284 3154 sunt
1302 3101 1372 3154 ad
1397 3100 1831 3168 instruendum,

188 3184 453 3240 similiter
474 3185 765 3242 faciamus
777 3186 1160 3242 admonentes
1173 3203 1271 3242 eos
1285 3188 1496 3260 saepius
1521 3193 1585 3244 ut
1605 3188 1834 3243 intima-

1311 379 1458 439 ιω.
1507 379 1607 438 m:
1654 378 1911 441 (TURSU
1957 377 2424 454 SPIRITUAIJ.

177 507 580 581 virgines,senes
609 524 735 563 cum
756 509 1078 581 junioribus
1109 511 1332 568 laudent
1351 529 1546 568 nomen
1568 513 1808 584 Domini,
1839 515 1894 581 Α

3460 378 3574 439 190

2562 512 2795 570 CAPUT
2834 512 2946 569 XV.

1929 604 2058 672 Quae
2083 605 2156 658 sit
2181 602 2452 676 confessio
2478 604 2833 676 paenitentiae,
2865 617 2990 676 qua:
3020 602 3239 676 laudis?
3271 603 3569 676 Documen-

1999 675 2337 800 ta.mortalia
2380 693 2452 731 ea:
2480 675 2655 732 ’tibris
2697 675 3024 745 Salomonis,
3054 675 3175 743 Job,
3207 675 3571 752 Isaiaetlere-

1999 762 2146 802 mue.
2179 762 2207 800 e
2239 763 2288 801 c.

2121 762 2146 818 τ,
2179 762 2288 801 etc.

2002 871 2147 927 Illud
2179 887 2332 939 vero,
2370 873 2523 944 quod
2559 873 2808 928 necdum
2842 889 2934 929 me
2963 873 3180 930 dixisse
3211 873 3417 945 recolo,
3441 874 3569 945 jam

1930 962 2180 1034 profero;
2209 961 2348 1032 quia
2370 962 2657 1017 confessio
2680 962 2736 1016 in
2761 962 3062 1033 Scriptura
3083 979 3250 1018 sacra
3269 964 3415 1017 duas
3440 979 3570 1034 spe-

1931 1050 2046 1106 cies
2077 1050 2292 1106 habere
2315 1050 2797 1122 perhibeturzuna
2818 1052 3056 1122 quidem
3081 1057 3171 1106 est
3199 1051 3571 1122 pmnitentiae,

1930 1156 2107 1212 quam
2129 1141 2458 1195 confitendo
2477 1145 2712 1213 peccata
2730 1146 2930 1196 nostra
2947 1156 3140 1196 coram
3159 1145 3270 1196 Deo
3291 1140 3571 1212 gerimus;

1929 1228 2112 1284 altera
2139 1245 2271 1284 vero
2301 1228 2635 1285 laudis.Sed
2669 1235 2916 1302 utraque
2946 1230 3161 1302 saepius
3191 1229 3486 1284 invenitur
3513 1228 3572 1283 in

1932 1317 2368 1390 psalmis.Unde
2389 1322 2478 1374 est
2499 1317 2599 1373 illa
2623 1319 2912 1373 sententia
2933 1319 3003 1374 ad
3028 1318 3428 1390 paenitentiam
3452 1334 3576 1389 per-

1931 1406 2172 1463 tinens:
2219 1408 2488 1478 Confessio
2535 1414 2589 1462 et
2631 1406 2978 1478 pulchritudo
3025 1409 3085 1462 in
3131 1414 3412 1478 conspectu
3459 1407 3576 1462 eius

1933 1497 2102 1568 (Psal.
2136 1513 2262 1563 xcv,
2294 1497 2380 1566 6);
2410 1501 2474 1551 ut
2523 1495 2884 1568 intelligatur
2941 1496 3080 1568 quia
3136 1513 3251 1551 non
3310 1495 3420 1551 nisi
3475 1512 3577 1566 per

1933 1585 2358 1642 confessionem
2410 1590 2467 1640 et
2523 1585 2922 1658 paenitentiam
2976 1586 3237 1640 obtinere
3279 1585 3577 1640 valeamus

1934 1674 2428 1747 pulchritudinem
2461 1674 2575 1729 Deo
2607 1675 2908 1748 placitam;
2943 1680 2999 1731 et
3030 1691 3042 1729 :
3079 1676 3432 1744 Conﬁtemini
3473 1675 3576 1728 Do-

1934 1767 2104 1831 mino,
2133 1766 2394 1835 quoniam
2424 1765 2626 1826 bonus;
2658 1766 2918 1836 quoniam
2946 1766 3006 1818 in
3042 1765 3307 1821 saeculum
3354 1765 3578 1819 miseri-

1933 1853 2119 1910 cordia
2147 1855 2267 1924 ejus
2297 1853 2473 1924 (Psal.
2497 1854 2756 1924 cxvn,1).
2792 1854 2873 1909 De
2903 1852 3264 1909 confessione
3293 1868 3426 1908 vero
3448 1851 3579 1908 lau-

1933 1941 2024 1998 dis
2055 1942 2268 1998 dicitur
2299 1961 2312 1999 :
2349 1941 2656 2014 Conﬁtebor
2682 1945 2804 2008 tibi,
2828 1944 3074 2011 Domine,
3106 1945 3168 1998 in
3197 1942 3435 1997 Ecclesia
3463 1957 3580 1996 ma-

1931 2049 2061 2101 gna,
2087 2034 2146 2087 in
2168 2033 2371 2104 populo
2401 2034 2567 2105 gravi
2598 2031 2828 2088 laudabo
2858 2040 2907 2088 te
2936 2033 3108 2103 (Psal.
3131 2048 3321 2096 xxxw,
3347 2031 3467 2101 18);
3492 2034 3574 2085 et:

1905 2121 2344 2196 .Conﬁtebuntur
2402 2121 2526 2176 σανιί
2586 2122 2881 2177 mirabilia
2938 2125 3053 2190 tua,
3112 2122 3340 2176 Domine
3403 2119 3576 2189 (Psal.

1935 2227 2202 2277 Lxxxvm,
2232 2212 2310 2282 6).

2006 2299 2108 2355 His
2124 2299 2301 2372 igitur
2319 2300 2593 2356 omnibus
2618 2299 2856 2372 prolatis
2874 2299 3065 2354 adhuc
3086 2299 3368 2371 quiddam
3389 2297 3581 2353 dicere

1936 2388 2128 2461 cupio,
2161 2389 2316 2460 quod
2365 2388 2499 2444 licet
2548 2388 2720 2444 alicui
2768 2388 3224 2459 reprehensibile
3255 2387 3524 2443 videatur
3564 2403 3576 2440 :

1938 2493 2110 2549 spero
2126 2481 2320 2532 tamen
2339 2477 2476 2548 quia
2495 2476 2765 2549 plurimis
2783 2477 3402 2548 placeat.Perpendens
3423 2491 3583 2530 nam-

1937 2582 2053 2638 que
2079 2583 2256 2638 quam
2289 2565 2593 2638 multiplex
2625 2566 2888 2622 doctrina
2918 2565 3126 2621 divinas
3157 2565 3348 2620 laudis
3398 2569 3456 2619 et
3494 2568 3587 2619 to-

1942 2655 2061 2710 tius
2092 2654 2363 2710 utilitatis
2387 2655 2619 2711 essetin
2644 2654 2909 2728 psalmis;
2935 2653 3188 2710 intellexi
3211 2657 3268 2709 et
3296 2652 3398 2710 illa
3414 2653 3588 2709 verba

1939 2744 2154 2810 inesse,
2185 2745 2403 2816 quibus
2433 2743 2884 2800 saluberrimum
2917 2748 3006 2800 est
3035 2743 3120 2799 uti
3164 2743 3224 2798 in
3275 2741 3590 2815 cujuslibet

1941 2833 2123 2888 studii
2152 2832 2241 2888 vel
2275 2833 2467 2905 operis
2499 2832 2640 2888 liciti
2671 2832 2920 2901 initio,et
2939 2833 3156 2904 quibus
3187 2833 3474 2889 utendum
3498 2837 3590 2886 est

1943 2922 2014 2977 ad
2063 2922 2385 2977 orationem
2436 2921 2705 2977 intimam
2755 2923 2810 2978 in
2862 2921 3310 2995 congregatione
3357 2920 3585 2992 positis,

1945 3026 2190 3082 quisque
2219 3010 2568 3066 conveniant
2597 3011 2786 3067 dicere
2809 3012 2879 3067 ad
2905 3011 3369 3067 benedicendum
3391 3025 3594 3082 quem-

1944 3099 2212 3171 piam.Ad
2231 3099 2466 3155 initium
2481 3099 2696 3172 quippe
2708 3099 3226 3172 cujuslibetoperis
3244 3099 3416 3155 bonis
3438 3097 3592 3154 salu-

1944 3187 2270 3242 berrimum
2301 3191 2390 3243 est
2414 3187 2602 3244 dicere
2626 3206 2638 3244 :
2664 3189 3012 3259 Adjutorium
3038 3196 3303 3257 nostrum,
3337 3188 3594 3244 subaudi

184 3277 296 3328 tam
325 3273 443 3329 sibi
466 3274 799 3330 doctrinam
837 3276 1161 3332 attendant.
1194 3251 1410 3332 Deinde
1429 3293 1560 3332 vero
1584 3293 1719 3332 cum
1749 3277 1832 3332 vi-
1865 3251 1908 3318 (ἶ
1945 3278 2036 3341 sit,
2071 3278 2133 3330 in
2180 3278 2404 3332 nomine
2451 3279 2690 3341 Domini,
2736 3251 2834 3348 qui
2877 3279 3005 3346 fecit
3051 3278 3246 3332 caelum
3287 3251 3345 3331 iet
3387 3281 3593 3330 terram

186 3361 326 3418 derit
359 3380 473 3419 nos
506 3380 715 3436 parum
747 3365 1064 3428 profecisse
1091 3381 1161 3421 ex
1193 3365 1434 3421 assidua
1471 3365 1706 3436 lenique
1735 3366 1836 3420 ad-

186 3453 536 3523 monitione,
561 3469 680 3508 non
706 3452 922 3510 idcirco
955 3470 1062 3510 nos
1093 3454 1341 3521 deserit;
1376 3455 1474 3510 sed
1508 3453 1700 3510 adhuc
1732 3471 1839 3510 nos

187 3542 497 3597 sustinens
515 3541 686 3610 quasi
701 3547 862 3612 pater
887 3544 1022 3616 pius
1045 3543 1207 3599 addit
1230 3543 1840 3615 increpationes,nunc

185 3631 396 3701 verbis,
436 3634 508 3685 ut
536 3635 626 3685 est
649 3628 789 3686 illud
823 3649 836 3687 :
873 3634 936 3690 Ut
975 3632 1108 3704 quid
1155 3631 1396 3705 diligitis
1433 3634 1754 3701 vanitatem,
1787 3638 1842 3688 et

187 3722 438 3789 quaeritis
464 3719 817 3776 mendacium
847 3723 1020 3792 (Psal.
1055 3739 1132 3788 IV,
1172 3723 1260 3794 3);
1292 3721 1608 3793 aliquando
1641 3720 1837 3794 ﬂagel-

189 3806 278 3875 lis,
297 3809 474 3879 juxta
503 3809 663 3881 quod
693 3810 820 3882 ipse
849 3811 994 3866 dicit
1025 3827 1038 3867 :
1074 3813 1200 3883 Ego,
1233 3826 1364 3883 quos
1401 3827 1545 3878 amo,
1574 3825 1748 3882 arguo
1791 3816 1844 3866 et

187 3899 392 3966 castigo
424 3899 613 3969 (Apoc.
647 3915 733 3967 ιιι,
769 3900 879 3972 19).

257 3987 386 4043 Haec
418 3987 604 4060 igitur
632 3987 748 4043 tria
777 3988 1149 4060 omnipotens
1173 3993 1324 4044 Deus
1345 3988 1573 4044 cunctis
1596 3987 1846 4044 homini-

189 4076 297 4130 bus
327 4094 448 4133 non
479 4075 673 4133 solum
706 4076 779 4132 ad
809 4077 1141 4150 exemplum
1163 4077 1488 4143 exhibet,ut
1504 4093 1675 4133 nemo
1697 4076 1845 4133 alios

189 4164 299 4221 aito
320 4165 671 4233 deserat,vel
693 4166 1108 4239 despiciat,seu
1133 4167 1509 4234 condemnet;
1543 4167 1642 4222 sed
1667 4165 1843 4222 etiam

186 4254 260 4308 ad
293 4255 707 4310 testimonium
740 4255 983 4311 extremi
1015 4255 1319 4327 iudicii,ut
1349 4255 1450 4326 qui
1481 4255 1576 4311 hic
1603 4271 1706 4327 per
1724 4260 1844 4310 tam

185 4341 424 4399 variam
460 4343 884 4401 institutionem
907 4343 1244 4401 nullatenus
1265 4345 1553 4417 corrigere
1576 4349 1634 4400 et
1653 4361 1846 4400 emen-

184 4432 329 4488 dare
362 4447 431 4488 se
459 4431 677 4505 volunt,
702 4433 824 4488 illic
854 4433 1062 4490 merito
1089 4451 1152 4489 se
1176 4433 1545 4490 damnandos
1565 4433 1849 4489 sciant.Et

188 4537 259 4576 ne
289 4522 434 4594 quis
461 4538 531 4578 ex
560 4524 900 4594 conjectura
919 4522 1151 4596 propria
1171 4522 1294 4578 hinc
1317 4539 1410 4578 me
1431 4521 1648 4578 dixisse
1691 4521 1845 4578 arbi-

1948 3366 2120 3438 (Psat.
2153 3381 2380 3432 cxxvm,
2412 3368 2488 3434 8).
2522 3366 2684 3432 Quod
2718 3364 2940 3420 scilicet
2964 3369 3022 3420 et
3049 3363 3364 3435 Apostolus
3393 3364 3595 3418 obser-

1948 3454 2203 3509 vandum
2230 3452 2570 3526 praecipiens
2599 3451 2741 3507 dicit
2772 3471 2784 3507 :
2835 3453 3004 3508 Omne
3032 3451 3386 3523 quodcunque
3411 3451 3597 3522 facitis

1949 3545 2010 3598 in
2036 3542 2195 3599 verbo
2223 3551 2320 3598 aut
2347 3545 2407 3598 in
2437 3558 2614 3614 apere,
2646 3543 2834 3597 omnia
2864 3543 2924 3596 in
2952 3543 3175 3596 nomine
3204 3541 3423 3596 Domini
3459 3543 3596 3597 Iesu

1949 3633 2161 3704 gratias
2183 3640 2403 3702 agentes
2427 3633 2532 3688 Deo
2563 3633 2719 3687 Patri
2744 3647 2844 3703 per
2875 3633 3060 3702 ipsum
3108 3631 3328 3702 (Cotoss.
3363 3645 3445 3697 III,
3482 3630 3592 3697 17).

2021 3721 2166 3777 Cum
2190 3719 2402 3775 verobi
2431 3719 2528 3790 qui
2561 3719 2619 3773 in
2653 3717 3104 3790 congregatione
3132 3716 3303 3788 positi
3327 3720 3597 3787 sunt,pro

1954 3809 2411 3866 necessitatibus
2441 3808 2566 3863 suis
2589 3821 2793 3879 preces
2818 3805 3057 3862 intimas
3087 3821 3257 3878 agere
3284 3804 3595 3869 voluerint,

1953 3915 2273 3971 nusquam,
2305 3902 2370 3953 ut
2400 3913 2548 3966 reor,
2579 3896 2755 3951 verba
2783 3895 2854 3950 ad
2886 3895 2995 3951 hoc
3021 3894 3246 3967 aptiora
3270 3893 3595 3960 inveniunt,

1954 4005 2134 4060 quam
2160 3988 2218 4043 hi
2252 3985 2461 4059 psalmi
2493 3989 2632 4041 sunt
2662 4001 2675 4039 :
2713 3987 2851 4040 Deus
2876 3984 3211 4039 misereatur
3226 3983 3595 4054 nostri(Psal.

1955 4095 2065 4148 LXI,
2107 4079 2172 4146 ι).
2214 4077 2293 4131 Ad
2338 4084 2387 4131 te
2438 4076 2622 4131 levavi
2661 4075 2841 4130 oculos
2889 4089 3034 4130 meos
3081 4074 3245 4144 (Psal.
3295 4089 3470 4137 cxxu,
3522 4072 3595 4141 1).

1954 4166 2087 4220 Ecce
2110 4181 2276 4236 quam
2307 4163 2510 4218 bonum
2529 4171 2578 4218 et
2597 4178 2763 4233 quam
2775 4161 3266 4234 jucundum(Psal.
3293 4176 3499 4230 cxxvn,
3524 4160 3596 4228 1).

1955 4258 2099 4310 Cum
2132 4252 2403 4325 precibus
2437 4251 2561 4307 istis
2599 4268 2610 4306 :
2644 4253 2926 4322 Propitius
2971 4255 3082 4306 esto
3129 4251 3366 4322 peccatis
3399 4249 3602 4306 nostris

1957 4344 2127 4413 (Psal.
2162 4359 2393 4411 Lxxvm,
2423 4342 2504 4410 9).
2535 4341 2792 4396 Memento
2819 4342 3013 4411 nostri,
3047 4341 3295 4406 Domine,
3346 4341 3404 4393 in
3449 4338 3605 4392 bene-

1951 4433 2155 4503 plaeito
2181 4432 2374 4503 populi
2403 4433 2484 4485 tui
2513 4429 2680 4501 (Psal.
2715 4445 2800 4510 cy,
2842 4430 2918 4500 4).
2965 4431 3087 4484 Esto
3132 4429 3309 4495 nobis,
3345 4427 3601 4492 Domine,

1957 4522 2126 4576 turris
2171 4519 2518 4590 fortitudinis
2560 4519 2737 4588 (Psal.
2772 4533 2861 4584 Lx,
2894 4518 2970 4588 4).
3004 4518 3084 4572 Da
3130 4517 3304 4582 nobis,
3351 4515 3603 4580 Domine,

189 4611 616 4680 untur,audiat
631 4611 772 4684 quid
796 4612 922 4684 ipse
949 4612 1230 4668 Dominus
1251 4611 1309 4666 in
1327 4610 1640 4684 Evangelio
1662 4610 1846 4666 dicat:
1879 4621 1929 4685 D
1959 4610 2235 4665 auxilium
2266 4607 2330 4662 de
2358 4605 2901 4677 tribulatione(Psal.
2936 4623 3046 4673 Lix,
3080 4606 3190 4675 13).
3225 4603 3603 4674 Exsurge,Do-

192 4700 295 4767 ριε
312 4703 543 4774 spei-xit
572 4718 684 4768 me,
712 4706 768 4758 et
794 4717 904 4757 non
933 4703 1134 4772 accipit
1161 4701 1326 4757 verba
1380 4716 1522 4766 mea,
1553 4699 1712 4755 habet
1759 4701 1854 4770 qui

421 4807 583 4859 eum;
614 4806 793 4847 sermo
821 4807 981 4864 quem
1010 4791 1220 4847 locutus
1263 4805 1394 4846 sum
1441 4790 1540 4845 ille
1575 4788 1851 4860 judicabit

188 4894 313 4935 Μ
340 4882 404 4936 in
439 4881 742 4937 novissimo
768 4880 856 4937 die
882 4881 1064 4952 (1m.
1098 4897 1199 4948 xu,
1222 4879 1473 4950 8).Talia
1503 4894 1640 4951 ergo
1669 4882 1853 4935 atten-

190 4969 400 5028 dentes
423 4971 675 5044 jugiter,
707 4971 1234 5044 quasso,vobiscum
1264 4974 1539 5036 tractato;
1574 4969 1714 5041 quia
1739 4987 1853 5024 nu-

189 5056 242 5113 la
267 5061 608 5128 excusatio,
638 5060 987 5132 nullumque
1016 5062 1196 5116 restat
1231 5059 1525 5132 refugium
1572 5057 1852 5114 evadendi

179 5149 485 5218 judicium
516 5149 783 5205 divinum
827 5149 922 5205 his
969 5148 1072 5221 qui
1120 5147 1294 5204 modo
1339 5151 1723 5203 contemnunt
1759 5147 1852 5219 ip-

188 5251 342 5294 sum.
377 5239 526 5295 Hac
547 5239 748 5311 itaque
777 5239 906 5295 ideo
941 5237 1084 5306 dixi,
1132 5242 1198 5293 ut
1242 5238 1448 5293 modos
1495 5251 1854 5308 causamque

183 5328 402 5383 divine
433 5327 751 5384 locutionis
780 5344 847 5382 eo
879 5327 1090 5399 magis,
1121 5343 1238 5398 quo
1268 5326 1482 5397 sepius
1511 5325 1676 5382 vobis
1704 5325 1853 5381 insi-

185 5431 471 5473 nuarem.
493 5418 679 5490 Spero
711 5417 886 5473 etiam
921 5433 1012 5472 me
1043 5417 1191 5473 satis
1219 5415 1435 5471 dixisse
1465 5417 1535 5470 de
1564 5414 1682 5470 illis
1713 5415 1854 5469 duo-

181 5505 299 5562 bus
343 5507 568 5575 modis,
600 5506 819 5578 quibus
865 5523 974 5561 nos
1023 5506 1094 5561 ad
1143 5505 1328 5561 Deum
1378 5503 1696 5575 loquimur,
1745 5502 1854 5558 hoc

183 5600 290 5666 est,
325 5597 410 5652 de
440 5596 707 5653 oratione
737 5600 797 5652 et
824 5593 1209 5667 confessione,
1259 5609 1406 5666 quos
1453 5609 1588 5648 cum
1629 5591 1857 5648 ceteris

183 5685 595 5760 explanandi.
622 5685 897 5760 superius
925 5685 1236 5758 explanare
1266 5681 1529 5757 promisi.

1959 4701 2129 4765 mine,
2161 4698 2361 4768 adjuva
2392 4713 2490 4752 nos
2518 4696 2690 4765 (Psal.
2725 4711 2883 4764 xnm,
2914 4696 3025 4760 26).
3057 4695 3192 4757 Quae
3223 4707 3359 4763 ergo
3398 4707 3604 4762 supra-
3687 4763 3692 4768 _

1961 4787 2132 4842 dictis
2165 4785 2410 4857 psalmis
2439 4790 2496 4840 et
2527 4783 2798 4856 precibus
2828 4783 3002 4837 verba
3053 4782 3276 4853 aptiora
3322 4781 3394 4836 ad
3444 4781 3605 4836 invo-

1961 4876 2215 4932 candum
2245 4879 2426 4930 Deum
2452 4875 2703 4945 possunt
2725 4870 2970 4927 inveniri
2993 4871 3085 4926 his
3111 4872 3396 4928 duntaxat
3424 4870 3524 4942 qui
3546 4869 3605 4924 in

1961 4964 2086 5020 loco
2109 4979 2226 5019 uno
2259 4962 2427 5034 positi
2460 4959 2770 5017 unanimes
2799 4959 2859 5015 in
2892 4959 2993 5016 Dei
3024 4960 3258 5016 servitio
3289 4959 3607 5016 consistere

1962 5053 2202 5110 student
2216 5053 2244 5107 ?
2259 5052 2345 5107 0h
2366 5051 2474 5106 hoc
2488 5050 2662 5106 etiam
2687 5049 2979 5120 psalmum
2993 5049 3238 5122 apposui
3259 5049 3497 5104 tertium
3509 5089 3522 5114 ,
3545 5048 3603 5102 in

1961 5160 2079 5215 quo
2112 5141 2423 5197 Psalmista
2469 5140 2676 5212 fratres
2725 5139 3034 5194 unanimes
3082 5137 3303 5208 laudat,
3357 5138 3602 5192 dicens:

1961 5235 2092 5288 Ecce
2121 5246 2290 5303 quam
2315 5232 2538 5299 bonum,
2565 5233 2615 5284 et
2644 5245 2812 5300 quam
2841 5227 3152 5300 jucundum
3199 5227 3448 5282 habitare
3487 5227 3606 5296 fra-

1963 5327 2070 5377 tres
2101 5324 2161 5376 in
2187 5337 2361 5375 unum
2389 5318 2566 5390 (Psal.
2600 5335 2812 5384 cxxxn,
2846 5318 2917 5387 1).
2953 5317 3024 5370 Ut
3053 5334 3120 5371 ex
3151 5316 3259 5371 hoc
3301 5318 3606 5370 cantantes

1963 5410 2184 5481 aliquid
2207 5409 2490 5465 admoniti
2515 5405 3020 5464 studeantimitari
3044 5404 3416 5460 ambulantes
3439 5403 3607 5458 indo-

1962 5516 2059 5555 mo
2082 5498 2180 5554 Dei
2204 5514 2339 5554 cum
2359 5513 2671 5566 consensu,
2689 5512 2762 5551 ne
2783 5496 2926 5550 forte
2949 5511 3050 5566 pro
3073 5493 3376 5549 discordiis
3395 5494 3602 5565 nequi-

1961 5590 2062 5659 tia,
2081 5588 2131 5643 si
2155 5587 2232 5644 sit
2250 5588 2310 5642 in
2343 5586 2534 5644 medio
2557 5602 2781 5652 eorum,
2812 5586 2990 5640 veniat
3021 5599 3166 5638 mors
3191 5600 3356 5655 super
3383 5584 3525 5650 illos,
3552 5590 3604 5638 et

1961 5676 2285 5736 descendant
2339 5677 2404 5732 in
2451 5677 2733 5746 infernum
2796 5675 3037 5730 m’ventes
3093 5673 3266 5743 (Psal.
3323 5689 3431 5737 LIV,
3490 5671 3598 5739 16),
