4108 6188
520 367 626 426 191

1525 366 1868 429 OTHLONI
1914 364 2264 426 MONACHI
2313 367 2373 424 S.
2425 359 2912 422 EMMERAMMI

3811 363 3927 424 192

512 502 762 557 subaudi
788 504 1048 573 peccatis.
1083 510 1373 574 antequam
1401 503 1593 575 aliqua
1621 503 1938 573 pwnitentia
1963 503 2154 559 morti.
2186 498 2239 564 Α
2270 495 2347 550 ibi
2382 493 2637 567 parvulis
2667 493 2859 549 adhuc
2889 492 3141 549 infirmis
3172 491 3259 548 lac
3294 510 3394 565 per
3423 491 3716 565 simplicia
3761 494 3922 553 dicta

505 589 743 661 ﬁcentur
770 610 788 644 :
820 590 901 644 illi
935 592 1092 646 enim
1125 594 1293 663 quasi
1324 593 1579 649 viventes
1628 593 1685 647 in
1736 593 2029 647 infernum
2064 593 2159 647 de-

506 682 791 736 scendunt
824 681 924 752 qui
955 681 1291 738 nullatenus
1321 684 1414 739 hic
1439 701 1540 755 per
1570 683 1971 754 paenitentiam
2007 700 2156 737 mor-

501 770 802 824 tificantur
831 776 1149 843 antequam
1186 772 1527 828 moriantur.

576 860 654 915 Ad
687 860 1151 917 benedicendum
1200 866 1395 918 autem
1449 863 1772 934 quemlibet
1812 864 2156 935 aptissimus

502 948 798 1005 invenitur
845 950 938 1005 hic
988 951 1252 1022 psalmus
1304 971 1316 1007 :
1371 954 1566 1009 Levavi
1592 954 1778 1009 oculos
1822 970 1986 1019 meos,
2020 970 2153 1008 cum

506 1038 777 1109 precibus
835 1039 984 1105 istis,
1037 1058 1163 1111 quae
1211 1048 1459 1112 sumptae
1510 1047 1650 1097 sunt
1704 1060 1773 1097 ex
1832 1042 2076 1114 psalmis
2137 1058 2149 1095 :

505 1129 731 1183 Salvum
758 1131 846 1199 fac
874 1146 1093 1184 servum
1121 1135 1297 1198 tuum,
1328 1133 1553 1187 Domine
1600 1132 1773 1202 (Psal.
1826 1148 2021 1198 Lxxxv,
2072 1133 2149 1198 '2).

503 1220 659 1273 Nihil
688 1220 938 1289 pro/iciat
977 1220 1232 1274 inimicus
1285 1222 1343 1274 in
1394 1237 1452 1275 eo
1500 1222 1671 1292 (Psal.
1724 1237 1988 1285 Lxxxvm,
2038 1221 2148 1291 23).

504 1308 776 1363 Exaudiat
802 1312 849 1364 te
880 1310 1139 1363 Dominus
1170 1311 1226 1363 ir
1263 1309 1351 1364 die
1377 1310 1769 1377 tribulationis,
1819 1312 2005 1365 mittat
2051 1310 2155 1364 tibi

501 1398 779 1452 auxilium
826 1398 890 1453 de
935 1407 1119 1454 sancto
1145 1400 1320 1465 (Psat.
1352 1416 1471 1465 xxx,
1510 1402 1582 1467 1).
1619 1399 1909 1454 Benedicat
1953 1407 2003 1454 te
2045 1400 2150 1453 Do-

498 1488 686 1541 minus
715 1504 783 1542 ex
812 1489 1070 1558 Sion,qui
1093 1490 1221 1559 fecit
1249 1490 1446 1542 coelum
1472 1497 1522 1543 et
1552 1497 1791 1543 (errram
1812 1490 2147 1558 (Psal.xcm,

501 1576 723 1645 3).Quis
752 1576 931 1647 igitur
959 1576 1079 1631 haec
1111 1577 1446 1647 supradicta
1469 1578 1748 1633 orationis
1771 1577 1856 1631 vel
1881 1577 2149 1632 benedic-

505 1664 681 1719 tionis
694 1666 892 1731 verba,
924 1670 1098 1737 atque
1115 1666 1207 1721 his
1226 1666 1442 1721 similia
1462 1683 1589 1738 quas
1610 1665 1865 1737 plurima
1900 1667 1958 1720 in
2002 1666 2153 1738 psal-

416 1768 423 1775 ·
504 1753 616 1809 mis
648 1754 1045 1821 inveniuntur,
1068 1771 1265 1810 secum
1285 1756 1507 1826 jugiter
1538 1756 1845 1811 ruminans
1875 1759 1933 1811 et
1961 1760 2148 1811 atten-

502 1844 647 1897 dens
678 1844 747 1897 ad
776 1843 1218 1899 mdiﬁcationem
1242 1860 1356 1899 non
1379 1844 1672 1898 trahitur?
1705 1844 1844 1907 Quis
1867 1848 2061 1899 autem
2084 1861 2151 1899 ea

501 1924 834 2001 intelligens
858 1931 1082 2003 jugiter
1113 1936 1310 1986 cantat
1337 1931 1423 1987 vel
1456 1933 1639 1999 audit,
1666 1938 1723 1987 et
1754 1949 1868 1988 non
1901 1933 2149 1988 attendit

502 2024 567 2073 ut
587 2019 1042 2086 zediﬁcetur,nisi
1066 2021 1165 2091 qui
1190 2020 1498 2092 perditioni
1522 2025 1744 2075 aeternae
1762 2022 1881 2091 jam
1901 2022 2145 2094 deputa-

498 2112 594 2162 tus
626 2108 748 2162 est?
779 2109 902 2163 Non
935 2115 1131 2163 autem
1156 2110 1283 2165 ideo
1306 2110 1445 2165 illuc
1471 2110 1784 2182 quisquam
1810 2111 2143 2183 deputatur,

498 2198 636 2269 quia
665 2198 713 2253 ei
749 2200 919 2253 modo
945 2199 1201 2270 pulsanti
1229 2218 1341 2255 non
1366 2200 1696 2272 aperiatur:
1721 2202 1817 2256 sed
1851 2202 2003 2257 sicut
2027 2218 2148 2258 om-

497 2287 589 2342 nis
622 2288 721 2358 qui
752 2288 895 2358 petit
923 2288 1152 2360 accipit,
1187 2294 1244 2343 et
1275 2290 1375 2360 qui
1406 2290 1611 2361 qumrit
1640 2289 1876 2357 invenit,
1912 2296 1969 2346 et
2012 2290 2145 2362 pul-

497 2378 650 2432 santi
678 2376 998 2447 aperietur;
1033 2377 1115 2432 ita
1148 2378 1344 2433 nullus
1376 2380 1476 2450 qui
1508 2396 1622 2434 non
1656 2381 1818 2450 petit,
1852 2397 1965 2435 non
1993 2379 2141 2435 acci-

498 2465 609 2536 pit;
637 2465 735 2536 qui
759 2483 870 2520 non
895 2466 1100 2537 quaerit
1122 2484 1235 2522 non
1264 2468 1569 2534 invenit,et
1599 2486 1716 2524 non
1750 2468 2005 2540 pulsanti
2029 2486 2142 2525 non

497 2555 807 2625 aperietur,
841 2555 1091 2625 exceptis
1114 2555 1206 2611 his
1229 2556 1325 2627 qui
1350 2558 1599 2612 necdum
1623 2558 1693 2612 ad
1717 2557 2144 2630 intelligibilem

496 2647 725 2697 aetatem
758 2644 1181 2714 pervenientes,
1215 2662 1318 2700 nec
1352 2650 1567 2717 petere,
1604 2662 1709 2702 nec
1741 2663 2020 2717 quaerere,
2042 2664 2143 2702 nec

494 2730 729 2804 pulsare
762 2738 1067 2787 noverunt.
1104 2733 1284 2801 Unde,
1302 2734 1509 2791 fratres
1537 2735 1893 2802 charissimi,
1926 2736 2143 2809 quibus

498 2820 706 2876 notitia
738 2820 1062 2877 litterarum
1095 2840 1372 2879 concessa
1401 2828 1509 2890 est,
1525 2828 1828 2880 cantantes
1860 2824 2139 2897 psalmos,

499 2926 721 2981 precor,
756 2911 1036 2966 attendite
1066 2912 1207 2983 quid
1240 2913 1512 2978 cantetis,
1544 2930 1721 2985 quam
1754 2912 2144 2969 consolatorie

500 2997 587 3053 vel
621 3000 905 3055 terribilia
929 3003 1048 3055 sint
1078 3002 1342 3072 quaedam
1376 3001 1736 3073 psalmorum
1769 3002 1962 3057 verba.

570 3088 861 3143 Attendite
891 3090 1065 3145 etiam
1098 3094 1317 3161 quanta
1348 3091 1579 3162 pietatis
1611 3091 1816 3147 divinae
1848 3091 2143 3162 dispensa-

498 3176 578 3233 tio
610 3177 686 3232 sit
716 3177 775 3232 in
808 3178 915 3234 hoc
946 3180 1100 3249 quod
1134 3196 1235 3250 per
1263 3179 1429 3235 illum
1462 3180 1759 3236 hominem
1803 3181 1941 3237 talia
1986 3182 2142 3237 dicta

2269 584 2602 650 exhibetur;
2636 583 2714 638 ibi
2749 584 3038 638 mansueti
3078 588 3251 655 atque
3274 582 3549 651 humiles,
3583 584 3831 641 studiosi
3863 592 3921 642 et

2266 675 2449 729 Deum
2470 672 2853 739 timentes,ita
2873 673 3267 729 laudanturut
3284 689 3383 728 eos
3404 674 3591 744 possit
3613 690 3800 748 magis
3822 676 3927 732 de-

2265 762 2466 819 lectari
2488 762 2709 832 optima
2731 778 2975 834 quasque
2998 763 3225 819 sectari.
3252 762 3501 818 Econtra’
3518 779 3652 819 vero
3675 765 3919 837 superbi

2265 858 2321 909 et
2352 853 2889 925 arrogantes,otiosi
2918 857 2973 909 et
2994 852 3358 925 negligentes
3381 852 3600 909 talibus
3622 855 3813 910 verbis
3838 854 3921 910 ibi

2264 944 2659 1015 increpantur,
2714 948 2778 998 ut
2824 944 3000 999 etiam
3051 944 3225 998 corda
3271 959 3472 998 eorum
3524 942 3831 999 stimulare
3862 948 3926 1001 et

2265 1032 2558 1106 ﬂagellare
2589 1032 2913 1089 videantur.
2947 1033 3209 1104 Cumque
3238 1049 3306 1087 ex
3336 1032 3420 1087 eis
3454 1031 3626 1088 ﬂores
3678 1037 3920 1089 senten-

2265 1123 2481 1178 tiarum
2505 1122 2734 1195 aliquos
2782 1123 3086 1194 decerpere
3107 1120 3402 1177 interdum
3423 1120 3631 1177 vellem
3654 1122 3918 1179 circum-

2263 1212 2667 1284 spiceremque
2716 1212 2815 1267 ubi
2866 1212 3243 1282 potissimum
3269 1211 3379 1267 hoc
3430 1212 3618 1267 facere
3655 1228 3917 1283 possem,

2264 1318 2397 1357 mox
2420 1318 2533 1372 prae
2556 1300 2935 1356 multitudine
2956 1318 3157 1356 eorum
3181 1299 3391 1373 aequali
3434 1300 3637 1357 decore
3661 1300 3913 1357 rutilan-

2262 1390 2409 1446 tium
2438 1389 3103 1463 impediebar,nesciens
3129 1407 3254 1461 quae
3280 1389 3469 1463 magis
3490 1380 3797 1458 carpendae
3828 1393 3914 1448 fo-

2262 1484 2409 1535 rent.
2430 1480 2588 1535 Unde
2607 1497 2730 1547 vos,
2762 1480 2968 1535 fratres
2991 1479 3344 1549 charissimi,
3380 1479 3480 1551 qui
3501 1478 3726 1535 litteras
3758 1482 3910 1552 opti-

2264 1586 2355 1625 me
2386 1570 2861 1639 scitis,admoneo
2893 1575 2959 1625 ut
2986 1570 3220 1626 eosdem
3248 1569 3578 1625 Salomonis
3598 1568 3915 1637 libros,nec

2262 1676 2378 1714 non
2408 1660 2549 1716 Jesu
2585 1659 2687 1714 filii
2721 1659 2921 1715 Sirach
2956 1659 3171 1714 librum
3200 1658 3485 1731 sapientia
3514 1658 3775 1731 plenum,
3809 1678 3918 1715 saa-

2262 1750 2397 1822 pius
2430 1749 2690 1821 legentes
2721 1749 2928 1804 exinde
2987 1746 3218 1820 eligatis
3268 1765 3393 1820 quaa
3442 1748 3607 1804 vobis
3660 1749 3916 1805 maxime

2262 1838 2594 1895 necessaria
2625 1838 2932 1910 magisque
2962 1837 3375 1894 desiderabilia
3408 1836 3740 1893 videantur.

2328 1928 2461 1983 Jam
2493 1944 2626 1982 vero
2657 1928 2727 1983 ad
2761 1927 2947 1982 sancti
2969 1927 3079 1982 Job
3102 1926 3319 1982 librum
3342 1943 3575 1983 currere
3594 1926 3912 1999 cupio,non

2258 2020 2325 2071 ut
2354 2033 2422 2071 ex
2451 2017 2560 2071 hoc
2586 2016 2906 2072 sententias
2938 2015 3188 2088 aliquas,
3222 2014 3375 2071 sicut
3404 2016 3477 2071 de
3514 2015 3756 2088 psalmis
3806 2018 3910 2072 de-

2258 2105 2830 2178 cerpsi,capiam,sed
2852 2109 2916 2160 ut
2934 2105 3042 2160 hoc
3058 2104 3428 2161 solummodo
3451 2121 3912 2161 commemorem

2259 2195 2508 2267 qualiter
2535 2196 2665 2266 ejus
2697 2193 2981 2250 mirabilis
3016 2194 3296 2266 patientia
3334 2195 3562 2250 cunctis
3609 2195 3907 2263 ﬁdelibus,

2259 2284 2631 2356 maximeque
2661 2283 2995 2340 dolentibus
3023 2289 3079 2339 et
3107 2283 3342 2339 afflictis
3364 2284 3589 2357 jugiter
3619 2286 3695 2340 sit
3725 2290 3911 2340 atten-

2259 2374 2750 2446 denda,quodque
2772 2389 3006 2429 necesse
3032 2374 3109 2429 sit
3131 2378 3194 2428 ut
3217 2373 3584 2430 attendentes
3596 2374 3735 2445 quia
3754 2391 3915 2431 eam-

2257 2464 2390 2519 dem
2413 2462 2729 2518 versutiam
2752 2464 3137 2535 eamdemque
3168 2462 3489 2535 nequitiam
3505 2480 3679 2535 quam
3709 2464 3917 2520 diabo-

2258 2551 2350 2607 lus
2381 2551 2441 2607 in
2472 2551 2640 2608 illum
2674 2551 2951 2620 exercuit,
3004 2551 3065 2607 in
3115 2569 3222 2608 nos
3263 2567 3492 2625 quoque
3522 2556 3579 2607 et
3605 2552 3664 2606 in
3696 2569 3914 2609 omnes

2257 2641 2527 2697 homines
2569 2656 2831 2697 exercere
2882 2641 3115 2696 studeat
3145 2641 3195 2696 si
3228 2645 3457 2697 tantum
3506 2640 3913 2713 permittatur,

2256 2729 2675 2802 praeveniamus
2707 2730 2834 2799 ejus
2865 2728 3028 2785 dolos
3058 2734 3177 2785 tam
3221 2746 3388 2785 sacra
3433 2729 3679 2786 lectione
3726 2747 3913 2801 quam

2255 2820 2533 2876 continua
2562 2819 2855 2891 profectus
2887 2818 3071 2875 nostri
3122 2819 3517 2875 meditatione.
3549 2819 3711 2875 Sicut
3742 2820 3910 2876 enim

2254 2907 2421 2963 illum
2472 2924 2627 2963 nunc
2671 2923 2772 2979 per
2818 2907 3210 2963 substantiam
3260 2907 3573 2979 perditam,
3604 2924 3760 2963 nunc
3800 2924 3914 2980 per

2253 2996 2403 3053 ﬁlios
2452 2996 2852 3068 interemptos,
2894 2996 3187 3052 interdum
3234 3011 3368 3051 vero
3424 3011 3527 3068 per
3574 2996 3906 3053 amicorum

2253 3086 2565 3158 uxorisque
2588 3085 2896 3142 consilium
2924 3102 3265 3158 perversum
3288 3087 3563 3155 tentavit;
3596 3086 3680 3142 ita
3698 3103 3913 3144 omnes

2254 3175 2542 3246 homines,
2576 3180 2861 3247 quantum
2894 3193 2927 3231 a
2974 3176 3090 3231 Deo
3122 3175 3502 3248 permittitur,
3555 3192 3658 3249 per
3706 3192 3911 3232 rerum

496 3267 752 3338 profecta
782 3268 984 3333 voluit,
1018 3269 1116 3339 qui
1150 3273 1366 3339 quanto
1401 3270 1626 3340 majora
1655 3270 1904 3326 crimina
1938 3287 2140 3343 perpe-
2172 3244 2214 3310 θ
2255 3267 2492 3334 damna,
2527 3282 2629 3337 per
2659 3282 2836 3337 prava
2866 3266 3189 3321 amicorum
3221 3266 3471 3323 consilia
3519 3269 3741 3322 tentare
3789 3284 3913 3322 non

492 3355 857 3421 travit,tanto
881 3356 1068 3429 magis
1090 3357 1322 3413 divitias
1345 3375 1609 3429 superna:
1630 3359 1829 3431 gratias
1852 3364 1983 3431 post
2004 3377 2139 3415 con-

487 3445 811 3500 versionem
844 3446 1088 3517 experiri
1124 3448 1502 3519 potuit,juxta
1532 3448 1675 3504 illud
1707 3448 1967 3519 Apostoli
1997 3466 2009 3504 :
2049 3451 2147 3505 Ubi

492 3535 797 3590 abundavit
844 3536 1124 3607 iniquitas,
1177 3538 1579 3607 superabundet
1627 3540 1813 3607 gratia
1860 3540 2035 3609 (Rom.
2091 3556 2143 3606 ν,

491 3625 604 3689 20),
638 3629 701 3677 ut
734 3623 896 3677 nulla
925 3625 1219 3679 excusatio
1250 3626 1439 3695 possit
1470 3641 1599 3680 esse
1632 3626 1723 3681 his
1751 3628 1849 3696 qui
1884 3645 1997 3682 non
2022 3643 2141 3682 cre-

497 3712 645 3765 dunt
672 3715 845 3765 tanta}
879 3712 1100 3783 pietati.
1135 3714 1361 3776 Quanto
1393 3713 1546 3767 enim
1580 3713 1711 3785 quis
1746 3716 1969 3785 majora
1990 3716 2144 3787 peri-

496 3798 629 3853 cula
659 3799 746 3853 vel
776 3799 1058 3855 beneficia
1088 3800 1144 3854 in
1173 3818 1235 3856 se
1265 3806 1537 3873 expertus
1587 3802 1783 3868 fuerit,
1815 3806 1975 3859 tanto
2024 3821 2144 3859 cer-

495 3888 615 3943 tius
646 3889 717 3944 de
747 3888 1014 3960 utrisque
1044 3888 1174 3945 aliis
1205 3906 1474 3946 enarrare
1503 3891 1714 3962 poterit
1743 3908 1922 3962 quam
1960 3893 2147 3949 dulcis

496 3976 803 4043 Dominus,
838 3978 937 4049 qui
970 3983 1091 4033 tam
1122 3979 1281 4034 varia
1312 3979 1536 4036 ratione
1564 3980 1941 4037 Psalmistam
1975 3999 2146 4037 sanc-

498 4071 623 4118 tum
657 4065 981 4121 decreverat
1014 4067 1424 4136 erudiendum,
1473 4072 1535 4123 ut
1583 4070 1799 4140 pariter
1828 4071 2022 4125 cuncti
2052 4088 2144 4126 va-

501 4152 662 4207 leant
691 4152 896 4209 exinde
926 4155 1138 4210 doceri.
1166 4157 1481 4229 Hucusque
1510 4174 1613 4229 per
1641 4175 1871 4215 amcena
1916 4160 2149 4231 lataque

506 4240 871 4297 Psalmorum
904 4248 1070 4314 prata
1098 4247 1351 4314 cucurri,
1384 4250 1503 4302 tam
1536 4248 1881 4303 admirando
1912 4249 2149 4304 investi-

506 4330 757 4403 gabilem
784 4333 1080 4404 sapientia:
1113 4334 1317 4390 divinae
1349 4335 1873 4408 latitudinem,qua3
1922 4338 1983 4392 in
2035 4339 2149 4393 eis-

504 4420 637 4475 dem
670 4419 916 4491 psalmis
947 4422 1298 4491 continetur,
1334 4442 1509 4497 quam
1542 4426 1902 4497 decerpendo
1945 4427 2151 4482 exinde

502 4510 671 4565 ﬂores
702 4510 988 4580 quosdam
1021 4512 1302 4568 studiosis
1334 4514 1597 4569 moribus
1629 4513 1913 4582 utiles,ita
1936 4520 1999 4570 ut
2020 4516 2149 4570 nul-

2255 3359 2540 3412 cessat.Et
2562 3355 2713 3410 sicut
2730 3354 2827 3409 ille
2852 3353 2911 3409 in
2934 3355 3255 3411 tentatione
3283 3358 3450 3411 tanta
3480 3355 3723 3411 minime
3742 3372 3920 3428 supe-

2255 3450 2418 3501 ratus
2452 3462 2485 3500 a
2513 3445 2629 3499 Deo
2656 3443 2918 3499 coronari
2950 3442 3164 3499 meruit
3184 3443 3243 3498 in
3265 3444 3375 3499 hac
3396 3444 3514 3500 vita
3542 3461 3647 3516 per
3666 3444 3915 3517 duplam

2256 3534 2520 3590 omnium
2553 3550 2747 3589 rerum
2780 3550 3044 3601 suarum,
3080 3550 3226 3605 quas
3257 3533 3475 3605 amisit,
3500 3549 3923 3606 recompensa-

2254 3624 2506 3693 tionem;
2543 3623 2623 3679 ita
2653 3640 2856 3679 omnes
2879 3623 2976 3694 qui
3005 3622 3233 3678 fortiter
3263 3623 3691 3680 tentationibus
3713 3623 3922 3680 diabo-

2257 3712 2385 3768 licis
2417 3712 2719 3779 resistunt,
2753 3711 3044 3784 duplicem
3074 3728 3347 3769 coronam
3380 3712 3470 3768 vel
3510 3712 3569 3768 in
3619 3712 3824 3768 anima
3857 3718 3921 3769 et

2256 3818 2516 3873 corpore,
2548 3801 2636 3856 vel
2669 3801 2729 3856 in
2762 3800 2870 3856 hac
2900 3801 3017 3856 vita
3049 3806 3107 3856 et
3146 3801 3344 3857 futura
3392 3800 3689 3873 recipient.
3747 3802 3921 3858 Hanc

2258 3906 2394 3962 ergo
2428 3889 2887 3946 admonitionem
2917 3890 3054 3946 licet
3082 3890 3334 3947 breviter
3363 3891 3433 3947 de
3464 3889 3649 3946 sancti
3679 3889 3795 3946 Joh
3842 3889 3921 3946 li-

2258 3980 2362 4035 bro
2396 3980 2607 4035 factam
2641 3979 2974 4051 dignanter.
3009 3996 3226 4053 quaaso,
3259 3979 3562 4052 suscipite.

2330 4068 2549 4123 Deinde
2579 4085 2712 4123 vero
2744 4069 2814 4123 ad
2848 4068 3266 4140 prophetarum
3298 4068 3479 4125 libros
3510 4084 3774 4137 currens,
3801 4068 3923 4125 hoc

2258 4157 2316 4212 in
2340 4157 2424 4213 eis
2456 4173 2633 4228 quam
2668 4157 2917 4213 maxime
2942 4158 3433 4213 considerandum
3461 4156 3732 4213 existimo
3754 4158 3923 4229 quod

2258 4246 2456 4302 omnia
2486 4246 2680 4315 verba,
2713 4264 2838 4318 quae
2868 4246 2956 4302 vel
2989 4247 3059 4302 ad
3092 4246 3244 4302 ﬁlios
3275 4246 3469 4313 Israel,
3502 4245 3591 4302 vel
3622 4247 3693 4302 ad
3739 4246 3922 4303 Chal-

2259 4336 2432 4405 daeos,
2464 4334 2553 4390 vel
2587 4336 2657 4391 ad
2690 4335 2982 4407 quaslibet
3004 4340 3206 4408 gentes
3232 4335 3657 4408 prophetando,
3681 4352 3785 4391 seu
3812 4336 3922 4392 ad-

2261 4424 2552 4480 monendo
2584 4424 2877 4493 dixerunt,
2903 4425 2974 4481 ad
3006 4442 3112 4482 nos
3143 4425 3320 4482 simul
3350 4429 3407 4481 et
3436 4425 3507 4482 ad
3540 4440 3745 4481 omnes
3779 4425 3927 4481 ϐᾶθι

2258 4514 2343 4570 les
2375 4514 2595 4569 eisdem
2626 4514 2780 4570 vitiis
2811 4514 3039 4571 deditos
3069 4515 3225 4571 dicta
3253 4532 3401 4582 esse,
3436 4514 3725 4571 credenda
3746 4520 3923 4570 sunt.

496 4598 621 4654 lum
653 4616 721 4655 ex
751 4605 985 4655 centum
1009 4601 1440 4674 quinquaginta
1463 4603 1705 4675 psalmis
1733 4603 2146 4675 relinquerem,
2177 4611 2223 4677 Ι)
2257 4604 2327 4660 Et
2356 4607 2421 4658 ut
2448 4602 2569 4659 haec
2602 4602 2683 4659 ita
2712 4620 2839 4659 esse
2871 4604 3116 4660 firmiter
3144 4604 3366 4672 sciatis,
3395 4604 3592 4661 audite
3619 4604 3925 4676 quasdam

499 4689 568 4743 de
598 4705 711 4759 quo
742 4706 857 4744 non
889 4688 1117 4761 aliquos
1148 4690 1422 4746 ﬂosculos
1467 4692 1679 4748 rationi
1728 4691 1899 4748 illatae
1938 4710 2181 4751 conve--

501 4776 727 4833 nientes
757 4779 1144 4850 decerperem.

574 4867 701 4919 Jam
731 4882 864 4921 vero
896 4884 1133 4923 cursum
1180 4869 1319 4925 libet
1368 4871 1607 4927 tendere
1655 4869 1925 4939 aliorum,
1959 4872 2030 4928 ad
2076 4871 2144 4927 li-

505 4953 642 5006 bros
672 4953 938 5009 videlicet
968 4957 1318 5028 Salomonis,
1351 4960 1411 5013 in
1444 4961 1681 5030 quibus,
1708 4962 1846 5032 quia
1874 4965 2033 5017 tanta
2063 4966 2151 5017 est

508 5039 823 5097 multitudo
854 5045 1289 5113 proverbiorum
1322 5047 1688 5117 quibuslibet
1717 5051 1982 5121 personis
2012 5067 2148 5107 con-

504 5130 865 5202 gruentium,
900 5136 965 5186 ut
995 5133 1053 5187 in
1085 5133 1178 5188 his
1207 5151 1353 5205 pene
1382 5138 1664 5213 tanquam
1696 5138 1752 5193 in
1787 5138 2030 5210 psalmis
2063 5158 2148 5195 re-

503 5219 685 5275 creari
720 5222 949 5292 possint
978 5238 1183 5277 omnes
1215 5223 1537 5280 esurientes
1585 5230 1643 5280 et
1673 5227 1937 5284 sitientes
1972 5230 2149 5300 justi-

502 5310 669 5375 tiam,
702 5310 1046 5381 praetermisi
1095 5310 1290 5383 aliqua
1339 5313 1665 5386 decerpere.
1715 5317 1798 5372 Ibi
1845 5318 2002 5374 enim
2032 5319 2147 5375 elo-

505 5398 875 5467 quentissimi
910 5398 1128 5471 quique
1158 5402 1311 5457 unde
1342 5402 1698 5461 sufﬁcienter
1726 5406 2036 5472 satiantur,
2068 5407 2146 5462 ibi

506 5491 563 5540 ct
595 5485 890 5558 simplices
929 5488 1079 5543 unde
1110 5491 1353 5547 recreari
1411 5493 1659 5564 possint,
1706 5494 2037 5563 inveniunt;
2072 5496 2150 5552 ibi

506 5574 961 5646 sapientissimis
994 5595 1095 5650 per
1112 5586 1486 5653 argumentos
1511 5600 1544 5638 a
1563 5585 1738 5640 verba
1756 5586 1923 5656 quasi
1947 5602 2151 5643 mensa

508 5665 814 5736 exquisitis
841 5666 1248 5742 deliciosisque
1277 5670 1527 5743 dapibus
1570 5672 1741 5746 plena
1769 5679 2147 5747 praeparatur,

2257 4693 2673 4765 prophetarum
2702 4693 3042 4750 sententias.
3077 4694 3259 4750 Isaias
3288 4710 3540 4766 namque
3570 4693 3711 4749 dicit
3740 4709 3755 4748 :
3792 4695 3927 4749 Au-

2255 4783 2384 4851 dite,
2418 4784 2560 4851 cwti,
2592 4791 2643 4839 et
2673 4783 2903 4839 auribus
2928 4786 3165 4856 percipe,
3216 4793 3388 4854 terra,
3414 4783 3676 4856 quoniam
3721 4784 3927 4839 Domi-

2255 4888 2362 4927 nus
2407 4873 2618 4927 locutus
2647 4880 2724 4928 est
2751 4873 2899 4945 (Isai.
2938 4890 2974 4942 ι,
3005 4872 3060 4945 2)
3110 4873 3363 4930 subaudi
3409 4884 3530 4945 qua
3575 4890 3670 4945 ego
3719 4874 3934 4946 loquor

2256 4963 2426 5018 vobis.
2460 4961 2605 5017 Cum
2636 4978 2771 5035 ergo
2802 4962 2946 5019 dicit
2977 4979 2991 5018 :
3020 4962 3242 5031 Audite,
3272 4965 3413 5031 ccetz,
3445 4972 3497 5021 et
3519 4963 3749 5019 auribus
3784 4979 3933 5035 per-

2256 5053 2396 5123 cipe,
2431 5060 2597 5120 terra,
2632 5069 2748 5108 non
2778 5051 3108 5123 specialiter
3155 5052 3448 5125 quoslibet
3495 5050 3767 5126 populos,
3814 5053 3935 5108 sed

2259 5158 2362 5214 per
2410 5140 2585 5197 caelos
2614 5139 2998 5213 spiritualiter
3026 5142 3303 5213 viventes,
3354 5158 3458 5216 per
3510 5145 3729 5198 terram
3779 5158 3940 5198 vero

2259 5228 2570 5285 carnaliter
2616 5233 3026 5286 conversantes
3076 5229 3415 5302 significans
3466 5232 3748 5303 utrosque
3810 5234 3931 5291 ad-

2260 5321 2483 5386 monet;
2516 5317 2648 5374 illos
2671 5318 2930 5391 quidem,
2946 5323 3010 5375 ut
3030 5319 3089 5375 in
3113 5319 3333 5377 coalesti
3353 5320 3469 5377 vita
3489 5326 3935 5393 permaneant;

2259 5407 2403 5463 istos
2440 5424 2594 5475 vero,
2650 5412 2714 5464 ut
2760 5426 2794 5464 a
2836 5408 3052 5465 carnali
3110 5410 3550 5467 conversatione
3606 5412 3937 5469 recedant.

2258 5498 2571 5569 Lavamini,
2605 5499 2796 5554 mundi
2822 5507 3000 5570 estote,
3034 5501 3248 5571 auferte
3273 5500 3481 5556 malum
3517 5500 3950 5571 cogitationum

2259 5592 2563 5645 vestrarum
2606 5590 2678 5645 ab
2725 5590 2896 5646 oculis
2939 5592 3093 5656 meis,
3130 5592 3389 5662 quiescite
3426 5606 3589 5663 agere
3625 5605 3941 5663 perverse,

2259 5677 2451 5734 discite
2496 5677 2834 5752 bene/acere,
2866 5680 3095 5751 quanto
3130 5679 3430 5752 Judicium,
3475 5680 3761 5738 subvenite
3808 5695 3933 5755 0p-
