4098 6172
200 318 321 379 193
1356 318 1509 381 LIB.
1554 320 1656 381 DE
1700 319 1960 385 GURSU
2004 321 2473 388 SPIRITUALI.
3507 337 3621 397 194

190 465 418 523 presso,
466 446 719 520 judicate
761 434 993 520 pupillo;
1025 448 1299 522 defendite
1316 451 1562 518 viduam,
1595 456 1649 509 et
1677 455 1861 509 venite
1891 462 1945 529 Α
1965 456 2149 527 justus
2177 474 2211 512 α
2231 457 2455 529 justitia
2482 474 2602 524 sua,
2634 466 2685 516 et
2712 459 2907 533 fecerit
2932 462 3295 535 iniquitatem
3316 469 3619 525 secundum

194 548 249 596 et
275 539 495 611 arguite
521 554 633 630 me,
659 537 796 630 dicit
825 539 1099 630 Dominus,
1121 540 1273 608 (Isai.
1308 558 1347 609 1,
1378 542 1575 615 16-18).
1614 547 1731 611 Vss,
1762 545 1860 614 qui
1965 545 2419 613 abominationes,
2451 564 2584 619 quas
2611 552 2836 621 operari
2870 553 3005 608 solet
3060 556 3284 627 impius,
3353 560 3622 630 nunquim

193 632 475 701 sapientes
492 629 623 684 estis
644 629 707 683 in
734 626 910 683 oculis
930 629 1147 700 vestris,
1180 631 1428 686 étcoram
1460 633 1859 704 vobismetipszs
1967 635 2149 690 vivet?
2205 635 2397 691 Omnes
2453 638 2680 706 iustitia:
2716 640 2854 710 ejus,
2881 658 3018 711 quas
3044 626 3273 713 fecerat,
3300 662 3412 702 non
3438 626 3620 704 recor-

192 718 542 792 prudentes!
570 717 722 789 (Isai.
753 733 809 784 ν,
838 716 952 788 21.)
992 719 1201 791 Vae,qui
1226 719 1465 775 condunt
1480 721 1618 792 leges
1631 722 1861 793 iniquas
1970 723 2257 779 dabuntur
2284 726 2499 794 (Ezech.
2532 728 2644 795 24).
2673 727 3077 786 Convertimini
3105 742 3158 788 et
3187 737 3337 803 agite
3356 739 3622 807 paeniten-

197 817 251 864 et
277 808 583 863 scribentes
635 806 976 878 injustitiam
1001 809 1360 880 scripserunt,
1392 815 1451 865 ut
1494 813 1865 882 opprimerent
1971 813 2108 867 tiam
2138 813 2206 867 ab
2235 816 2489 869 omnibus
2500 818 2737 886 peccatis
2762 820 2973 887 vestris,
3005 824 3186 876 etnon
3220 825 3325 879 erit
3355 806 3505 881 vobis
3560 828 3620 882 in

204 914 263 953 in
286 896 510 970 judicio
563 900 868 969 pauperes!
899 896 1050 968 Quid
1088 898 1302 967 facietis
1330 899 1392 953 in
1418 899 1505 955 die
1531 901 1864 956 visitationis

200 995 252 1043 et
307 985 654 1041 calamitatis
689 983 755 1040 de
811 984 971 1056 longe
1020 986 1340 1042 venientis?
1396 989 1545 1060 (Isai.
1594 1006 1649 1055 x,
1712 988 1864 1060 1,3,)

209 1077 347 1131 Ecce
393 1074 513 1130 dies
561 1073 780 1130 Domini
807 1075 959 1130 venit
978 1075 1216 1132 crudelis
1242 1085 1296 1132 et
1320 1076 1723 1149 indignationis
1749 1078 1865 1150 pte-

202 1182 309 1220 nus
327 1164 401 1219 ad
422 1163 741 1236 ponendum
773 1167 979 1219 terram
1018 1166 1079 1219 in
1107 1163 1473 1222 solitudinem
1493 1170 1546 1222 et
1561 1175 1866 1238 peccatores

202 1257 326 1327 ejus
345 1252 711 1309 conterendos
737 1254 805 1309 de
825 1269 892 1309 ea
911 1252 1048 1325 (Isai
1064 1270 1188 1322 xm,
1215 1255 1294 1326 9).
1324 1255 1413 1312 ναξ
1467 1256 1563 1328 qui
1606 1255 1870 1328 pro/undi

202 1346 337 1400 estis
366 1342 568 1411 corde;
590 1350 654 1398 ut
681 1359 714 1398 a
745 1342 974 1399 Domino
1002 1342 1349 1400 abscondatis
1385 1346 1698 1412 consilium,
1738 1362 1869 1418 quo-

201 1450 336 1489 rum
362 1434 490 1487 sunt
517 1433 580 1487 in
606 1431 845 1487 tenebris
872 1430 1082 1503 opera!
1111 1432 1260 1504 (Isai.
1293 1449 1448 1501 xxxx,
1482 1434 1594 1506 15,)
1631 1438 1748 1503 γε,
1778 1436 1875 1506 qui

199 1522 520 1596 prcedaris!
564 1536 749 1578 nonne
800 1524 854 1577 et
876 1522 991 1592 ipse
1012 1522 1355 1593 prmdaberis
1374 1522 1402 1577 ?
1428 1531 1479 1578 et
1509 1524 1608 1595 qui
1635 1526 1871 1595 spernis,

203 1626 389 1667 nonne
448 1612 569 1684 ipse
620 1610 949 1681 sperneris?
978 1610 1144 1681 (Isai.
1186 1628 1386 1682 χχχιιι,
1426 1614 1500 1679 1.)
1563 1611 1874 1683 Confortate

204 1717 405 1756 manus
456 1699 749 1756 dissolutas
805 1702 861 1754 et
915 1715 1098 1771 genua
1152 1699 1360 1756 debilia
1392 1700 1669 1757 roborate.
1701 1701 1875 1757 Dicite

1974 904 2201 957 ruinam
2222 904 2509 974 iniquitas.
2544 906 2862 977 Projicitea
2891 908 3039 963 vobis
3060 926 3244 966 omnes
3297 919 3624 983 prtevarica-

1975 992 2149 1046 tiones
2208 996 2432 1060 vestras,
2486 995 2545 1049 in
2602 995 2799 1065 quibus
2837 999 3197 1067 pravaricati
3219 1004 3367 1074 estis,
3391 1013 3441 1058 et
3458 1008 3622 1075 facite

1978 1079 2131 1135 vobis
2183 1096 2277 1136 cor
2330 1098 2531 1136 novum
2560 1091 2611 1138 et
2656 1085 2916 1153 spiritum
2943 1101 3145 1141 novum
3180 1088 3360 1158 (Ibid,
3394 1107 3523 1161 xxx,
3545 1093 3627 1163 5).

1976 1167 2141 1223 Talia
2161 1169 2341 1241 igitur
2369 1172 2561 1239 verba,
2594 1188 2720 1243 quae
2748 1173 2816 1227 de
2832 1175 3021 1229 tribus
3043 1177 3480 1245 praenominatis
3502 1196 3631 1250 pro-

1978 1256 2312 1328 phetisjam
2332 1260 2569 1331 protuli,
2588 1260 2870 1316 exmultis
2889 1262 3231 1320 difﬁcilibus
3254 1282 3357 1337 pro
3396 1273 3629 1323 cuncto—

1979 1362 2111 1401 rum
2145 1347 2540 1403 admonitione
2563 1348 2825 1404 ﬁdelium
2845 1351 3153 1423 decerpere
3185 1355 3405 1424 studui,
3431 1356 3628 1412 existi-

1981 1451 2152 1490 mans
2175 1436 2376 1507 paucis
2399 1437 2697 1509 prodesse,
2727 1439 2773 1494 si
2807 1456 2924 1510 qua
2955 1440 3218 1498 difﬁcilia
3237 1459 3306 1499 ex
3324 1444 3408 1500 eis
3426 1433 3627 1501 stude-

1983 1539 2105 1580 rem
2138 1526 2413 1597 proferre.
3517 1583 3520 1586 .

2054 1612 2164 1668 Sed
2224 1618 2281 1669 et
2336 1630 2439 1686 per
2493 1615 2824 1687 historiam,
2885 1634 3011 1689 quae
3071 1620 3129 1675 in
3183 1621 3332 1678 libro
3374 1624 3627 1681 Danielis

1983 1702 2277 1776 prophetas
2331 1704 2547 1776 scripta
2623 1710 2730 1774 est,
2783 1723 2987 1764 omnes
3074 1710 3277 1767 ﬁdelos
3324 1713 3630 1770 admoneri

199 1789 591 1896 pusillanimif
615 1805 629 1843 :
654 1787 1084 1896 'Conforthmini,
1111 1787 1284 1843 nolite
1312 1788 1543 1896 timeri;
1572 1788 1712 1843 Deus
1754 1788 1874 1857 ipse
1902 1831 1951 1896 B
1983 1795 2248 1863 possunt,
2281 1793 2331 1847 si
2361 1794 2658 1849 attendere
2688 1796 2963 1852 studeant
2993 1798 3131 1870 quia
3152 1800 3304 1855 sicut
3331 1801 3463 1858 illos
3513 1811 3630 1861 tres

201 1880 384 1957 veniet
413 1881 470 1933 et
486 1876 725 1934 satvabit
753 1892 843 1932 vos
872 1876 1025 1949 (Isai.
1072 1893 1240 1944 xxxv,
1278 1878 1333 1945 5,
1368 1877 1440 1945 4).
1476 1876 1873 1933 Convertimini

205 1967 283 2024 ad
336 1983 447 2039 me,
494 1966 633 2023 dicit
685 1966 971 2037 Dominus,
1029 1968 1080 2022 et
1136 1965 1280 2021 salvi
1308 1966 1485 2036 eritis,
1515 1981 1700 2023 omnes
1736 1967 1873 2038 ﬁnes

204 2066 370 2114 teme
396 2056 557 2128 (Isai.
591 2072 716 2126 χιχ,
748 2054 862 2127 22).
885 2055 1080 2111 Audite
1106 2070 1192 2111 me
1210 2053 1348 2111 duro
1368 2056 1551 2125 corde,
1579 2058 1677 2128 qui
1713 2056 1872 2128 longe

202 2150 336 2203 estis
386 2163 425 2201 α
461 2143 686 2219 justitia
722 2145 873 2217 (Isai.
929 2160 1079 2201 XLVI.
1143 2144 1251 2209 12).
1311 2144 1550 2213 Quaerite
1582 2145 1871 2201 Dominum

203 2236 342 2291 dum
389 2234 638 2290 inveniri
682 2236 876 2306 potest,
908 2234 1158 2290 invocate
1212 2249 1339 2289 eum
1374 2232 1504 2289 dum
1557 2249 1728 2307 prope
1769 2236 1865 2289 est.

204 2325 567 2396 Derelinquat
595 2324 801 2396 impius
821 2324 968 2379 viam
994 2338 1173 2394 suam,
1205 2326 1256 2378 et
1284 2324 1372 2378 vir
1399 2325 1625 2394 iniquus
1662 2324 1869 2392 cogita-

199 2417 379 2471 tiones
406 2429 564 2484 suas,
594 2417 645 2469 et
668 2415 988 2469 revertatur
1015 2412 1086 2468 ad
1117 2412 1432 2481 Dominum,
1452 2418 1504 2468 et
1522 2412 1872 2469 miserebitur

199 2506 341 2576 ejus,
404 2512 462 2559 et
506 2502 581 2558 ad
639 2503 812 2558 Deum
869 2511 1115 2559 nostrum
1170 2502 1432 2575 quoniam
1460 2502 1669 2558 multus
1697 2506 1774 2559 est
1801 2501 1871 2558 ad

204 2591 601 2663 ignoscendum
630 2592 783 2663 (Isai.
815 2592 869 2663 6,
894 2591 971 2664 7).
1003 2595 1137 2647 Haec
1168 2591 1368 2664 itaque
1390 2591 1549 2648 Isaiae
1574 2592 1868 2664 prophetae

202 2685 399 2747 verba,
433 2680 709 2753 nunquid
739 2679 1069 2753 specialiter
1098 2680 1254 2736 dicta
1281 2684 1422 2736 sunt
1475 2679 1563 2736 vel
1612 2681 1683 2736 ad
1717 2680 1867 2736 ﬁlios

1981 1897 2214 1953 pueros,
2264 1881 2398 1937 licet
2446 1882 2505 1938 in
2566 1884 2897 1956 captivitate
2949 1893 3005 1941 et
3062 1888 3121 1943 in
3166 1892 3631 1963 peregrinatione

1979 1974 2192 2039 essent,
2254 1970 2592 2028 nullatenus
2651 1978 2845 2029 tamen
2898 1975 2986 2031 vel
3045 1993 3147 2048 per
3190 1980 3380 2035 minas
3410 1982 3497 2036 vel
3529 1999 3632 2054 per

1979 2059 2267 2131 supplicia
2296 2077 2395 2115 rex
2419 2060 2959 2119 Nabuchodonosor
3006 2081 3270 2122 amovere
3313 2070 3540 2139 poterat
3594 2089 3628 2128 a

1979 2147 2140 2203 cultu
2172 2147 2272 2203 Dei
2301 2166 2315 2216 ;
2348 2146 2429 2205 ita
2461 2150 2636 2206 etiam
2667 2151 2780 2222 ipsi
2830 2152 3043 2208 debent
3097 2154 3259 2211 nulla
3314 2174 3624 2228 pravorum

1978 2236 2288 2293 hominum
2304 2239 2578 2294 suasione
2600 2256 2634 2294 a
2658 2239 2781 2312 lege
2804 2241 3001 2296 divina
3016 2246 3291 2301 amoveri.
3321 2247 3442 2301 Non
3466 2249 3622 2304 enim

1979 2324 2104 2382 sine
2131 2342 2309 2382 causa
2340 2327 2623 2383 Dominus
2654 2328 2791 2383 olim
2826 2330 2946 2385 ﬁeri
2979 2332 3245 2403 permisit
3266 2333 3533 2403 talia,sed
3563 2342 3628 2393 ut

1978 2415 2282 2487 praesentis
2312 2416 2592 2488 temporis
2626 2417 2892 2473 homines
2921 2419 2980 2473 in
3009 2421 3225 2492 quibus
3255 2423 3435 2491 fraus,
3472 2425 3630 2482 falla-

1978 2503 2067 2559 cia
2122 2508 2179 2559 et
2232 2509 2603 2578 contemptus
2661 2506 2786 2574 Dei,
2837 2523 2939 2563 nec
2971 2525 3087 2564 non
3117 2511 3311 2567 omnis
3341 2513 3628 2585 iniquitas

1977 2598 2184 2665 regnat
2243 2593 2375 2666 plus
2435 2612 2611 2666 quam
2670 2597 2729 2651 in
2788 2600 3121 2669 temporum
3173 2603 3629 2672 praecedentium

1977 2683 2339 2749 hominibus,
2362 2684 2533 2755 juxta
2560 2684 2903 2757 Apostolum
2934 2687 3223 2745 dicentem
3256 2691 3353 2747 :In
3404 2698 3633 2751 novissi-

204 2770 403 2837 Israel,
437 2772 529 2828 vel
556 2771 630 2826 ad
661 2769 809 2826 alios
828 2769 1121 2842 quoslibet
1138 2768 1382 2843 populos
1399 2769 1429 2824 ‘I
1448 2769 1650 2825 Nonne
1678 2768 1868 2842 magis
1974 2773 2084 2827 mis
2112 2772 2303 2828 diebus
2329 2781 2491 2828 erunt
2516 2775 2821 2845 periculosa
2851 2782 3116 2848 tempora,
3140 2788 3191 2834 et
3206 2783 3629 2840 erunthomines

210 2860 367 2916 dicta
388 2865 536 2917 sunt
566 2859 638 2915 ad
662 2875 870 2916 omnes
891 2859 1191 2928 ﬁdeles,ut
1218 2859 1426 2915 exinde
1439 2859 1723 2915 admoniti
1747 2860 1869 2915 efﬁ-

212 2950 447 3007 ciantur
476 2947 755 3006 meliores
774 2948 803 3003 ‘t

281 3039 573 3096 Jeremias
603 3053 837 3110 quoque
863 3037 1144 3111 propheta
1173 3038 1452 3094 admonet
1482 3054 1587 3094 nos
1628 3038 1827 3095 dicens
1852 3056 1865 3095 :

212 3132 330 3187 Hac
356 3129 493 3185 dicit
515 3130 827 3196 Dominus;
859 3128 976 3184 Non
1002 3127 1275 3198 glorietur
1301 3130 1518 3200 sapiens
1547 3130 1608 3183 in
1648 3129 1869 3201 sapien-

1973 2862 2286 2933 semetipsos
2339 2868 2587 2919 amantes
2634 2864 2707 2936 (II
2725 2865 2857 2920 Tim.
2903 2883 2987 2921 ιιι.
3039 2868 3111 2938 1),

3195 2869 3532 2928 admoneret
3570 2880 3635 2928 ut

1982 2950 2363 3022 ﬁdem,quam
2395 2952 2580 3008 sancti
2604 2958 2889 3026 martyres
2919 2959 3039 3010 tam
3062 2956 3120 3010 in
3158 2957 3341 3014 Veteri
3366 2976 3541 3033 quam
3568 2963 3624 3017 in

1978 3039 2132 3095 Novo
2186 3040 2559 3096 Testamento
2613 3042 2787 3113 positi
2828 3042 2984 3099 inter
3012 3045 3299 3118 supplicia
3339 3048 3629 3107 horrenda

1979 3133 2314 3184 constanter
2370 3131 2719 3197 retinebant,
2780 3131 2893 3203 ipsi
2940 3134 3031 3188 vel
3074 3135 3133 3190 in
3191 3153 3330 3208 pace
3416 3147 3630 3197 sancta

211 3224 291 3275 tia
317 3236 444 3287 sua,
473 3222 529 3275 et
576 3234 689 3274 non
731 3218 1000 3289 glorietur
1033 3219 1199 3290 fortis
1227 3217 1288 3273 in
1320 3216 1644 3289 fortitudine
1671 3234 1790 3285 sua,
1822 3222 1877 3274 et
1905 3203 1947 3270 C
1984 3216 2251 3273 Ecclesiae
2272 3218 2548 3275 studeant
2576 3220 2844 3275 retinere.
2876 3222 3009 3285 Quae
3042 3203 3263 3281 scilicet
3311 3228 3631 3286 admonitio

209 3325 325 3365 non
355 3310 625 3379 glorietur
650 3307 802 3363 dives
821 3309 881 3363 in
908 3307 1117 3364 divitiis
1145 3308 1264 3363 suis
1284 3325 1307 3373 δ
1325 3307 1421 3363 sed
1449 3308 1511 3362 in
1546 3308 1643 3363 hoc
1669 3307 1873 3380 glorie-

207 3409 337 3475 tur,
349 3400 453 3471 qui
477 3399 756 3469 gloriatur
783 3398 922 3453 scire
947 3404 999 3452 et
1018 3412 1176 3453 nosse
1208 3411 1308 3464 me,
1343 3397 1475 3468 quia
1497 3411 1594 3465 ego
1620 3412 1743 3451 sum
1759 3396 1869 3450 Do-

204 3490 422 3558 minus,
453 3489 555 3559 qui
582 3489 720 3558 facio
746 3486 1182 3544 misericordiam
1208 3494 1261 3559 et
1288 3485 1579 3557 iudicium,
1610 3494 1663 3541 et
1697 3485 1872 3556 justi-

205 3582 355 3635 tiam
382 3579 451 3632 in
480 3580 650 3645 terra,
679 3577 795 3633 Ιιωε
819 3576 971 3634 enim
993 3576 1222 3648 placent
1260 3574 1429 3642 mihi,
1488 3578 1568 3631 ait
1609 3575 1872 3630 Dominus

208 3669 349 3737 (Jer.
386 3682 467 3738 rx,
503 3665 595 3733 25,
613 3665 723 3735 24),
756 3665 1073 3721 Maledictus
1100 3666 1207 3736 vir,
1240 3665 1338 3735 qui
1381 3663 1607 3734 conﬁdit
1658 3666 1718 3719 in
1776 3663 1871 3719 ho-

210 3758 381 3823 mine,
413 3763 474 3812 et
487 3757 649 3828 ponit
676 3771 900 3812 carnem
928 3754 1211 3811 brachium
1239 3770 1423 3822 suum,
1464 3761 1516 3810 et
1560 3770 1594 3809 a
1639 3754 1872 3810 Domino

212 3847 415 3902 recedit
436 3833 541 3902 cor
566 3845 707 3916 ejus.
735 3844 1061 3902 Benedictus
1088 3846 1199 3911 vir,
1230 3844 1327 3917 qui
1366 3842 1595 3913 conﬁdit
1649 3845 1712 3898 in
1768 3844 1872 3899 Do-

217 3936 382 4004 mino,
406 3944 465 3991 et
484 3936 597 3990 erit
625 3935 888 3991 Dominus
911 3934 1115 4006 ﬁducia
1142 3934 1263 4005 ejus
1300 3934 1432 4002 (Jer.
1483 3949 1621 4017 xvn,
1680 3934 1734 4004 5,
1790 3934 1870 4005 7).

219 4028 341 4081 Hec
358 4025 504 4081 dicit
531 4024 836 4081 Dominus:
874 4025 1113 4093 Repente
1149 4024 1353 4095 loquar
1399 4021 1689 4077 adversum
1740 4037 1872 4093 gen-

220 4121 322 4169 tem
344 4122 397 4170 et
444 4112 708 4169 adversus
763 4127 1032 4185 regnum:
1059 4119 1120 4167 ut
1172 4111 1454 4167 destruam
1478 4118 1534 4166 et
1561 4111 1875 4183 disperdam

222 4203 394 4259 illud.
456 4203 522 4258 Si
568 4204 953 4275 pamitentiam
993 4202 1169 4272 egerit
1212 4215 1343 4272 gens
1389 4199 1498 4256 illa
1522 4217 1557 4256 a
1582 4201 1728 4256 malo
1756 4216 1874 4272 suo,

223 4291 369 4363 quod
392 4292 600 4348 locutus
628 4309 754 4348 sum
779 4290 1039 4372 adversus
1059 4307 1202 4358 eam,
1232 4307 1395 4361 agam
1441 4292 1491 4346 et
1549 4306 1644 4361 ego
1693 4291 1876 4362 paeni-

216 4383 453 4437 tentiam
510 4398 674 4454 super
725 4381 872 4437 malo
901 4379 1043 4452 quod
1074 4380 1332 4449 cogitavi,
1363 4386 1424 4434 ut
1449 4380 1683 4450 facerem
1711 4380 1781 4435 ei.
1815 4381 1883 4434 Et

217 4471 399 4527 subito
430 4471 629 4543 loquar
655 4470 721 4526 de
743 4474 904 4540 gente
924 4477 975 4525 et
1002 4486 1189 4541 regno,
1221 4475 1283 4525 ut
1308 4468 1569 4540 aediﬁcem
1609 4478 1662 4524 et
1713 4468 1878 4540 plan-

1979 3323 2093 3362 non
2125 3305 2316 3362 solum
2373 3308 2433 3361 in
2473 3306 2620 3362 libro
2650 3307 2926 3377 Danielis,
2959 3312 3059 3365 sed
3092 3314 3267 3367 etiam
3299 3315 3359 3370 in
3406 3319 3631 3373 cunctis

1979 3399 2315 3451 sanctorum
2342 3399 2664 3466 martyrum
2695 3397 3070 3466 passionibus
3111 3399 3358 3456 inveniri
3414 3409 3626 3475 potest.

2054 3490 2128 3539 De
2185 3481 2315 3539 aliis
2374 3499 2605 3555 quoque
2655 3484 3069 3555 prophetarum
3109 3487 3275 3544 libris
3306 3493 3626 3549 sententias

1979 3572 2210 3644 aliquas
2240 3571 2403 3628 vobis
2430 3573 2770 3644 proferrem,
2805 3574 2918 3629 nisi
2957 3577 3113 3644 quod
3148 3576 3327 3634 nimis
3357 3579 3628 3638 difﬁciles

1980 3667 2121 3718 sunt
2147 3666 2267 3717 tam
2300 3662 2370 3716 ad
2391 3660 2834 3733 intelligendum
2870 3680 3048 3735 quam
3066 3666 3135 3721 ad
3187 3668 3630 3738 proferendum:

1981 3752 2136 3823 quod
2196 3749 2350 3805 enim
2412 3767 2608 3806 coram
2668 3751 2870 3807 multis
2902 3754 3152 3809 refertur
3180 3756 3349 3812 debet
3376 3774 3505 3814 esse
3537 3764 3639 3815 aut

1980 3839 2221 3912 planum
2254 3842 2355 3895 aut
2386 3839 2535 3895 facili
2565 3839 2785 3897 ratione
2828 3841 3280 3914 explanandum.
3330 3846 3638 3904 Verumta-

1983 3946 2115 3986 men
2148 3945 2334 4002 pauca
2361 3929 2537 3984 verba
2566 3929 2857 3998 proferam
2894 3932 2965 3986 de
2995 3933 3278 4005 propheta
3319 3935 3634 4007 Sophonia,

1984 4035 2111 4091 qua:
2142 4023 2198 4073 et
2212 4018 2357 4074 satis
2380 4017 2554 4090 plana
2574 4022 2631 4073 et
2649 4024 2995 4076 cunctorum
3015 4022 3233 4078 notitia:
3264 4029 3403 4079 sunt
3431 4041 3636 4082 neces-

1984 4107 2159 4163 saria.
2186 4107 2331 4162 Nam
2355 4106 2581 4163 cunctis
2604 4112 2693 4163 est
2721 4110 3115 4165 necessarium
3151 4116 3216 4166 ut
3252 4114 3487 4168 credant
3519 4120 3638 4171 tre-

1986 4197 2264 4252 mendum
2292 4195 3119 4269 ultimumqueDeijudicium,
3139 4206 3196 4256 et
3227 4207 3290 4256 ut
3310 4219 3371 4258 se
3415 4221 3636 4277 praepa-

1985 4290 2115 4341 rent
2133 4286 2204 4341 ad
2221 4284 2526 4357 ipsum.De
2539 4286 2927 4356 quodjudicio
2942 4288 3268 4360 Sophonias
3286 4291 3366 4346 ita
3401 4293 3631 4363 scribit;

1991 4375 2100 4430 Vox
2127 4375 2245 4429 diei
2272 4376 2491 4430 Domini
2519 4390 2735 4444 amara,
2763 4376 3126 4432 tribulabitur
3153 4380 3234 4434 ibi
3273 4380 3461 4447 fortis.
3512 4384 3639 4438 Dies

1986 4465 2105 4518 έναι.
2138 4462 2252 4519 dies
2292 4464 2415 4533 illa,
2454 4462 2569 4519 dies
2623 4464 3010 4520 tribulationis
3067 4471 3121 4521 et
3175 4472 3467 4539 augustiw,
3524 4471 3639 4526 dies

218 4564 326 4616 tem
356 4560 522 4616 illud.
555 4560 620 4617 Si
644 4561 840 4632 fecerit
862 4560 1077 4615 malum
1106 4560 1166 4615 in
1195 4558 1371 4615 oculis
1425 4559 1605 4626 meis;
1659 4561 1722 4613 ut
1770 4574 1881 4613 non
1910 4577 1956 4642 υ
1986 4552 2331 4642 calamitatis
2381 4560 2432 4607 et
2469 4553 2716 4642 miseria:
2770 4553 2954 4624 (Soph.
3010 4571 3048 4622 Ι,
3109 4556 3193 4610 14.
3259 4558 3369 4628 15).
3422 4559 3487 4612 Et
3505 4562 3640 4629 post

220 4649 412 4706 audiat
442 4665 629 4706 vocem
654 4665 856 4718 meam,
887 4649 1271 4722 pmzitentiam
1301 4664 1460 4719 agam
1501 4662 1664 4718 super
1720 4648 1875 4714 bono,

218 4740 359 4809 quod
387 4740 606 4796 laetatus
634 4756 779 4810 sum,
808 4748 868 4796 ut
912 4742 1152 4812 facerem
1199 4738 1255 4794 ei
1310 4738 1443 4810 (Jer.
1494 4753 1652 4803 xvm,
1680 4737 1715 4791 6
1769 4736 1877 4809 10).

219 4827 356 4892 Quis
385 4845 532 4903 rogo
562 4845 669 4902 per
697 4828 820 4885 haec
848 4830 1024 4885 verba
1056 4828 1158 4884 Dei
1208 4843 1324 4884 non
1353 4825 1724 4882 deterretur?
1747 4825 1881 4898 quis

215 4917 392 4974 etiam
449 4935 573 4974 non
631 4917 990 4986 consolatur,
1051 4916 1101 4974 si
1132 4920 1328 4973 tamen
1362 4914 1545 4972 credit
1577 4915 1648 4970 ad
1677 4930 1883 4971 omnes

217 5004 421 5063 ﬁdeles
452 5022 589 5064 esse
620 5006 823 5063 dicta?

288 5096 511 5153 Audite
541 5112 777 5169 quoque
792 5095 932 5168 quid
952 5110 1054 5167 per
1065 5091 1419 5150 Ezechielem
1445 5092 1790 5165 prophetam
1808 5092 1881 5148 ad

223 5200 329 5242 nos
387 5185 547 5242 dicat
584 5184 908 5242 Dominus:
977 5183 1202 5254 Anima,
1262 5198 1380 5253 quoe
1408 5183 1730 5254 peccaverit,
1763 5182 1885 5252 ipsa

222 5273 515 5328 morietur.
573 5273 803 5329 Iustitia
825 5272 967 5344 justi
1019 5286 1184 5342 super
1230 5284 1356 5325 eum
1384 5271 1511 5338 erit,
1557 5272 1607 5325 et
1629 5270 1885 5342 impietas

220 5361 389 5433 impii
412 5378 580 5434 super
607 5378 736 5418 eum
753 5362 879 5417 erit.
912 5359 973 5415 Si
997 5366 1182 5415 autem
1212 5358 1414 5430 impius
1441 5366 1611 5430 egerit
1624 5359 1885 5431 perniten-

218 5449 370 5504 tiam
402 5451 464 5506 ab
526 5450 788 5508 omnibus
846 5448 1075 5521 peccatis
1102 5449 1238 5519 suis,
1285 5464 1405 5519 quae
1435 5454 1687 5519 operatus
1716 5450 1811 5516 est,
1835 5451 1886 5503 et

220 5539 546 5597 custodierit
604 5541 872 5596 universa
915 5541 1194 5611 praecepta
1246 5553 1389 5609 mea,
1412 5538 1526 5592 vita
1545 5537 1687 5592 vivet
1706 5544 1888 5593 etnon

225 5630 500 5703 morietur
528 5630 754 5712 (Ezech.
777 5644 937 5702 xvm,
969 5628 1060 5702 20,
1077 5627 1191 5710 21).
1248 5626 1309 5686 Si
1337 5628 1524 5685 autem
1554 5627 1816 5686 averterit
1829 5643 1888 5689 se

1991 4656 2174 4712 pauca
2203 4639 2528 4712 subjungit,
2557 4640 2755 4696 dicens
2781 4658 2794 4696 :
2828 4642 3140 4712 Antequam
3168 4646 3639 4716 venient,quazrite

1988 4731 2302 4797 Domi-num,
2334 4745 2515 4785 omnes
2545 4731 2816 4785 mansueti
2846 4738 3030 4800 terra,
3063 4732 3160 4802 qui
3187 4731 3469 4801 judicium
3523 4734 3638 4804 ejus

1997 4822 2129 4877 estis
2156 4821 2388 4891 operati.
2421 4822 2665 4888 Quaerite
2709 4820 2926 4891 justum
2973 4822 3024 4874 si
3051 4820 3313 4891 quomodo
3343 4821 3638 4879 absconda-

1991 4911 2133 4967 mini
2185 4911 2245 4965 in
2301 4908 2390 4965 die
2415 4910 2624 4981 furoris
2658 4910 2884 4964 Domini
2911 4909 3094 4981 (Soph.
3120 4926 3182 4981 η,
3209 4913 3264 4981 2,
3296 4912 3372 4983 5).
3407 4911 3536 4967 Haec
3567 4914 3637 4968 de

1993 4999 2291 5073 prophetis
2322 4998 2571 5055 breviter
2600 4999 3073 5069 commemoravi,
3107 5015 3178 5054 ne
3208 5003 3379 5055 tanta:
3421 5002 3639 5057 sancti-

1992 5088 2131 5145 tatis
2160 5087 2344 5144 libros
2373 5088 2432 5144 in
2465 5088 2773 5161 Scriptura:
2805 5104 2982 5143 sacrae
3025 5104 3200 5144 cursu
3228 5089 3462 5161 penitus
3494 5107 3640 5163 prte-

1992 5177 2200 5234 terisse
2226 5178 2444 5234 videar.

2655 5284 2885 5341 CAPUT
2915 5285 3056 5342 XVI.

1995 5377 2323 5432 Documenta
2352 5376 2611 5441 moralia,
2642 5373 2713 5429 ad
2739 5378 2879 5429 recte
2934 5375 3277 5432 currendum
3332 5364 3638 5435 necessaria

2065 5463 2148 5522 ere
2190 5447 2347 5522 dictis
2399 5455 2448 5502 et
2500 5448 2662 5517 gestis
2719 5447 2928 5522 Christi
2974 5448 3033 5501 in
3065 5458 3300 5518 quatuor
3330 5450 3641 5522 Evangeliis

2067 5520 2279 5584 relatis,
2312 5525 2563 5589 excerpta
2593 5525 2644 5573 et
2673 5519 2970 5590 explicata.

2067 5625 2234 5683 Nunc
2281 5623 2460 5697 igitur
2509 5622 2645 5682 licet
2700 5640 2906 5701 gressu
2964 5624 3328 5686 claudicante
3359 5628 3429 5685 ad
3460 5628 3642 5692 totius
