4098 6172
463 294 577 352 195

1460 286 1801 348 OTHLONI
1846 283 2204 347 MONACHI
2251 285 2315 345 S.
2363 282 2861 345 EMMERAMMI

3749 287 3867 346 196

460 426 770 497 Scripturaa
819 438 995 478 sacras
1025 435 1240 487 arcem,
1262 419 1319 475 id
1355 423 1443 475 est
1462 418 1837 492 Evangelium
1872 432 2103 473 currere
2132 418 2187 484 Α
2215 417 2394 471 deret.
2428 415 2650 471 Similis
2683 414 2949 472 doctrina
2977 415 3035 469 in
3064 404 3373 488 Evangelio
3394 415 3599 471 eodem
3639 415 3863 473 inveni-

461 515 626 584 libet,
661 513 814 585 quod
848 512 986 582 quia
1012 511 1199 565 instar
1233 508 1449 565 montis
1481 509 1856 564 exeelsiinter
1881 512 2105 562 caatera-

461 621 591 659 rum
609 600 1032 657 sublimitatem
1053 598 1476 670 scripturarum
1510 598 1589 654 ita
1609 597 2025 669 supereminet,
2044 602 2106 650 ut

459 694 529 749 ad
548 689 950 747 summitatem
976 688 1103 759 ejus
1118 686 1412 759 pervenire
1425 690 1859 758 nequeam,tam
1880 683 2105 740 meritis

458 797 635 853 quam
669 775 1682 850 scientiaquasiutroquepede,proh
1725 773 1920 829 dolorl
1948 773 2103 829 clau-

452 873 582 937 dus,
619 884 898 939 magnum
939 866 1080 920 mihi
1143 865 1388 935 videtur,
1423 864 1473 919 si
1529 863 1738 919 saltem
1770 865 1842 918 ad
1880 862 2104 918 radices

451 958 715 1031 ejusdem
732 956 947 1011 montis
958 954 1321 1028 perveniens,
1343 953 1571 1024 aliquos
1592 952 1673 1007 ibi
1696 950 1968 1007 ﬂosculos
2007 967 2103 1007 ea-

452 1063 588 1120 pere
611 1050 829 1118 potero.

518 1140 639 1191 Hoc
696 1139 891 1190 autem
948 1131 1241 1204 imprimis
1284 1131 1418 1185 inde
1448 1131 1805 1203 carpendum
1852 1130 2101 1189 videtur.

453 1226 606 1297 quod
640 1223 923 1279 Dominus
953 1226 1009 1276 et
1038 1220 1299 1277 Salvator
1329 1224 1544 1286 noster,
1570 1220 1739 1290 cujus
1761 1219 1840 1273 ibi
1870 1223 2102 1291 gestast

455 1314 740 1372 miracula
767 1312 1094 1367 veneranda
1127 1308 1421 1382 leguntur,
1458 1314 1606 1363 Deus
1639 1313 1696 1363 et
1724 1309 1898 1364 homo
1928 1326 2098 1365 verus

455 1421 584 1461 esse
640 1402 965 1458 credendus
995 1403 1101 1455 est.
1142 1399 1302 1462 Quod
1330 1397 1487 1452 enim
1525 1399 1671 1453 Deus
1703 1402 1809 1465 est,
1843 1396 1942 1451 illa
1964 1413 2097 1453 san-

453 1493 715 1549 ctissima
742 1489 987 1546 Joannis
1019 1488 1191 1543 verba
1220 1486 1553 1541 declarant:
1588 1489 1649 1541 In
1676 1487 1954 1557 principio
1983 1494 2101 1542 erat

460 1582 706 1651 Verbum,
764 1589 815 1635 et
881 1578 1107 1635 Verbum
1160 1580 1285 1632 erat
1322 1575 1469 1646 apud
1498 1577 1687 1642 Deum,
1720 1579 1772 1630 et
1803 1580 1949 1630 Deus
1977 1583 2100 1631 erat

458 1672 686 1727 Verbum
716 1670 903 1742 (Joan.
945 1685 983 1734 1,
1020 1666 1090 1737 1).
1125 1666 1286 1729 Quod
1321 1670 1515 1720 autem
1548 1664 1736 1720 factus
1783 1668 1871 1718 est
1921 1664 2096 1719 homo

2216 510 2332 572 tur,
2382 505 2479 561 ubi
2531 505 2774 561 Domino
2804 504 3081 577 loquente
3106 505 3175 559 ad
3208 505 3433 574 turbas,
3466 504 3611 560 dixit
3637 506 3691 561 ei
3740 506 3867 577 qui~

2214 595 2351 651 dam
2376 610 2388 649 :
2422 596 2553 649 Ecce
2580 603 2760 650 mater
2788 602 2899 659 tua,
2930 598 2985 649 et
3013 596 3215 665 fratres
3245 595 3329 649 tui
3353 596 3490 664 foris
3533 598 3679 650 stant
3718 611 3869 666 qua:-

2214 688 2391 739 rentes
2420 688 2471 739 te
2499 683 2711 755 (Matth.
2743 700 2842 750 xu,
2878 684 2985 751 47).
3018 682 3124 737 Cui
3188 682 3465 738 Dominus
3523 684 3864 755 respondit:

2215 774 2342 840 Qum
2395 781 2473 828 est
2524 781 2701 827 mater
2755 784 2903 837 mea,
2960 776 3009 826 et
3067 773 3162 843 qui
3215 775 3344 826 sunt
3383 773 3585 841 fratres
3624 775 3769 828 mei!
3792 776 3869 830 Et

2213 862 2484 918 emend-ens
2508 878 2737 916 manum
2767 863 2825 915 in
2858 861 3152 931 discipulos
3188 864 3308 916 suat
3336 859 3515 916 dixit:
3563 866 3692 918 Ecce
3746 880 3867 918 ma-

2211 959 2292 1007 ter
2318 968 2440 1007 mea
2470 959 2519 1006 et
2548 952 2749 1021 fratre:
2780 953 2909 1017 mei,
2945 952 3256 1023 quicunque
3282 952 3433 1006 enim
3459 952 3651 1021 fecerit
3676 953 3869 1008 volun.

2212 1044 2377 1097 tatem
2428 1042 2618 1097 Patris
2644 1040 2777 1110 mei,
2811 1040 2905 1111 qui
2933 1042 2993 1094 in
3023 1040 3175 1095 caelis
3203 1044 3300 1105 est,
3330 1040 3448 1110 ipse
3474 1055 3629 1096 meus
3666 1043 3864 1112 frater,

2208 1139 2261 1186 et
2316 1146 2487 1201 soror,
2540 1134 2591 1186 et
2646 1138 2824 1186 mater
2879 1134 2955 1185 est
3013 1128 3203 1201 (lbid.,
3253 1130 3458 1199 48-50).
3517 1131 3560 1187 O
3598 1130 3869 1203 piissime

2208 1219 2567 1291 dispensatio
2626 1218 2855 1275 Domini
2903 1219 3087 1275 nostri
3126 1218 3264 1275 Jesu
3322 1218 3559 1287 Christi,
3608 1220 3709 1292 qui
3736 1220 3868 1277 ideo

2207 1309 2389 1364 voluit
2419 1327 2452 1365 a
2477 1314 2659 1365 matre
2688 1309 3067 1381 cognatisque
3097 1308 3432 1364 carnalibus
3462 1314 3603 1367 tunc
3662 1312 3864 1383 quaeri,

2209 1402 2275 1454 ut
2301 1414 2554 1471 congrue
2583 1415 2689 1455 nos
2718 1398 2978 1454 instucre
3021 1402 3219 1469 posset
3260 1402 3481 1470 quanta
3538 1398 3870 1457 differentia

2201 1488 2280 1544 sit
2321 1487 2471 1541 inter
2528 1486 2788 1544 carnales
2827 1490 2883 1543 et
2940 1487 3270 1557 spirituales
3304 1487 3529 1554 fratres,
3581 1489 3861 1562 quodque

2202 1592 2405 1632 omnes
2439 1576 2796 1632 voluntatem
2828 1576 2927 1631 Dei
2956 1576 3233 1632 facientes
3260 1576 3375 1632 dici
3405 1577 3861 1649 possintfratres

2205 1670 2262 1721 et
2293 1670 2535 1733 matres,
2568 1670 2743 1737 atque
2778 1682 3010 1721 sorores
3041 1667 3191 1736 ejus.

452 1760 556 1815 illa
601 1758 985 1814 nihilominus
1034 1755 1192 1809 dicta
1249 1754 1536 1855 probant:
1709 1752 2094 1858 t’erbuin'car'o
2131 1792 2180 1858 Β
2282 1754 2866 1858 Ej‘usdemodoc‘tr'i‘naz
2889 1755 3373 1858 causainvenitur
3402 1754 3612 1858 ibi,nubi
3642 1755 3867 1858 Scribis

452 1852 667 1921 factum
713 1852 808 1911 est,
860 1852 910 1900 et
968 1844 1239 1898 habitauit
1290 1844 1349 1896 in
1396 1841 1552 1897 nobis
1590 1841 1777 1910 (lbid.,
1814 1842 1922 1909 14).
1958 1842 2101 1897 Item

453 1942 773 2007 utrumque
803 1938 1041 1990 sanctus
1074 1931 1381 1988 Matthaeus
1409 1934 1675 1997 testatur,
1730 1947 1976 1985 narrans
2032 1931 2104 1986 de

454 2026 723 2089 Domino,
757 2022 894 2095 quia
925 2020 1171 2077 esuriret
1201 2025 1258 2075 et
1287 2023 1547 2075 tentatus
1578 2023 1734 2075 esset
1781 2036 1816 2073 a
1872 2018 2102 2076 diabolo

454 2120 520 2171 ut
545 2115 741 2183 homo,
774 2111 1047 2184 quodque
1076 2109 1128 2164 ei
1160 2108 1349 2181 angeli
1383 2107 1785 2163 ministrarent
1843 2112 1908 2163 ut
1964 2108 2099 2165 Deo.

451 2203 633 2259 Multa
657 2203 833 2259 etiam
864 2200 957 2256 his
991 2198 1209 2255 similia
1238 2203 1358 2253 tarn
1380 2197 1572 2252 verbis
1601 2214 1778 2269 quam
1830 2197 2102 2269 operibus

358 2278 367 2285 '1
454 2293 745 2350 declarata
770 2288 1179 2347 testimoniain
1200 2285 1917 2358 Evangeliisinveniuntur
1938 2306 1950 2356 ;
1975 2304 2100 2359 quas

452 2382 580 2438 ideo
634 2380 904 2452 inprimis
952 2395 1019 2433 ex
1051 2376 1298 2432 historia
1328 2376 1661 2447 evangelica
1691 2375 1928 2446 protuli,
1964 2378 2102 2448 quia

453 2471 525 2525 ad
561 2470 732 2524 ﬁdem
766 2482 993 2522 sacram
1011 2465 1459 2536 pertinent,quae
1485 2464 1664 2518 totius
1695 2463 1993 2535 religionis
2013 2465 2099 2520 di-

458 2560 601 2612 vinae
634 2557 1081 2613 fundamentum
1098 2553 1414 2608 constat.lu
1438 2568 1790 2623 quocunque
1819 2552 1974 2608 enim
1998 2553 2098 2608 ho-

452 2647 609 2703 mine
639 2643 980 2715 hujusmodi
1012 2643 1154 2697 ﬁdes
1183 2646 1240 2697 et
1269 2642 1512 2696 scientia
1541 2640 1845 2707 solidatur,
1870 2642 2098 2698 facilius

448 2735 646 2791 omnia
676 2731 948 2803 inteliigit
976 2747 1103 2803 qua
1134 2731 1425 2802 scriptura
1453 2730 1679 2786 Veteris
1709 2735 1768 2785 et
1790 2731 1920 2786 novi
1951 2731 2093 2788 Tes-

456 2822 700 2880 tamenti
731 2823 801 2877 de
832 2820 1060 2876 Christo
1090 2819 1451 2875 testatur.Ad
1484 2819 1602 2874 haec
1633 2819 1809 2874 etiam
1853 2838 2097 2891 pensan-

450 2914 593 2968 dum
625 2916 713 2967 est
742 2912 799 2966 in
822 2909 1168 2981 Evangeliis,
1201 2908 1339 2980 quia
1362 2926 1395 2963 a
1423 2908 1967 2979 quibuscunquevel
1992 2912 2093 2967 bo-

451 3004 542 3058 nis
571 3001 658 3057 vel
716 2999 887 3055 malis
945 2998 1211 3055 Christus
1273 2998 1761 3068 interrogabatur,
1795 3001 2093 3055 communi

451 3091 659 3147 salutis
690 3089 959 3144 humana:
990 3104 1167 3142 causa
1196 3087 1413 3143 factum
1473 3093 1564 3142 est
1602 3092 1665 3141 ut
1713 3088 2092 3160 dispositione

2211 1846 2268 1899 et
2296 1842 2605 1898 Pharisaeis
2638 1843 2710 1898 ad
2742 1842 3058 1899 Dominum
3088 1842 3453 1900 dicentibus:
3490 1845 3670 1913 Quare
3696 1845 3865 1902 disci-

2209 1933 2332 2003 puli
2384 1932 2470 1988 lui
2523 1933 3017 2001 transgrediuntur
3074 1932 3395 1989 traditiones
3424 1936 3723 2001 seniorum,
3754 1952 3866 1991 non

2211 2022 2362 2076 enim
2420 2022 2605 2076 lavant
2657 2038 2855 2076 manus
2903 2037 3054 2089 suas,
3110 2038 3234 2077 cum
3287 2038 3487 2094 panem
3522 2025 3868 2081 manducent

2214 2110 2431 2179 (Matth.
2464 2128 2554 2178 xv,
2584 2110 2659 2181 2).
2693 2111 2823 2183 Ipse
2854 2112 3211 2183 respondens
3243 2112 3347 2179 eis,
3381 2114 3440 2167 in
3496 2112 3702 2185 primis
3734 2114 3866 2185 qui-

2211 2201 2344 2254 dem
2376 2199 2656 2271 exemplis
2684 2199 3160 2255 convenientibus
3188 2199 3508 2273 increpavit
3537 2217 3739 2257 eorum
3758 2202 3868 2275 hy-

2212 2289 2519 2361 pocrysin;
2553 2293 2753 2361 postea
2773 2306 2904 2345 vero
2938 2288 3242 2361 discipulis
3274 2290 3711 2362 inquirentibus
3764 2308 3867 2347 ex-

2211 2377 2487 2449 planavit,
2521 2379 2813 2450 quomodo
2843 2377 3028 2451 magis
3060 2378 3396 2450 coinquinet
3418 2378 3715 2437 hominem
3745 2397 3865 2436 sor-

2210 2464 2348 2521 dida
2394 2466 2609 2520 mentis
2667 2466 3044 2535 conscientia,
3102 2466 3393 2539 verbaque
3466 2484 3643 2539 prava
3680 2485 3863 2540 quam

2210 2570 2419 2609 manus
2468 2553 2665 2621 illata,
2722 2555 2960 2611 dicens:
3023 2556 3344 2623 Homicidia,
3387 2556 3680 2626 adulteria,
3712 2560 3865 2629 falsa

2206 2644 2537 2710 testimonia,
2598 2644 2965 2714 blasphemia,
3000 2645 3117 2701 haec
3167 2654 3314 2717 sunt,
3347 2662 3467 2716 qua:
3495 2649 3865 2719 coinquinant

2205 2732 2517 2795 hominem;
2539 2749 2649 2787 non
2679 2734 2803 2787 lotis
2827 2736 3010 2789 autem
3039 2735 3301 2791 manibus
3334 2736 3683 2805 manducare,
3742 2753 3861 2793 non

2203 2825 2521 2893 comquinat
2576 2822 2853 2878 hominem
2904 2823 3093 2893 (lbid.,
3142 2823 3342 2893 19-20).
3380 2824 3675 2897 Disposuit
3721 2826 3860 2898 pius

2203 2910 2485 2966 Dominus
2515 2913 2570 2964 et
2601 2926 2863 2976 causam,
2894 2912 3048 2967 unde
3066 2913 3296 2968 doceret
3316 2930 3493 2985 quam
3526 2916 3859 2971 necessaria

2201 2999 2462 3068 sitﬁdes,
2487 3000 2930 3072 constantiaque
2959 3002 3161 3057 orandi
3222 3001 3280 3056 in
3340 3002 3665 3058 Chananeus.
3723 3019 3855 3058 mu-

2201 3088 2340 3143 liere
2373 3105 2519 3159 quas,
2554 3088 2686 3143 licet
2717 3089 2788 3144 ab
2820 3107 2885 3146 eo
2917 3094 3034 3145 tam
3048 3089 3278 3146 silentio
3300 3106 3476 3161 quam
3498 3091 3689 3146 verbis
3719 3108 3853 3147 con-

450 3177 1133 3251 taliprodereturveritas
1154 3176 1427 3232 doctrinae
1444 3193 1836 3250 perresponsa
1855 3178 2088 3234 Christi.
2125 3162 2166 3229 C
2206 3177 2533 3233 tumeliosis
2565 3181 2894 3249 contempta
2918 3183 2974 3233 et
2998 3178 3239 3249 indigna
3285 3180 3413 3248 ejus
3475 3179 3854 3235 miseratione

450 3269 573 3324 Nisi
606 3268 761 3323 enim
796 3268 1187 3339 praecederent
1208 3266 1683 3338 interrogationes
1743 3267 2096 3339 aliquorum,

449 3375 564 3415 non
596 3362 821 3431 poterat
850 3357 1124 3412 omnibus
1157 3356 1514 3427 responderi,
1549 3373 1662 3411 non
1698 3360 1923 3428 poterat
1949 3375 2098 3429 quo-

450 3448 719 3502 rumdam
753 3445 975 3502 malitia
1027 3450 1157 3517 apte
1199 3445 1513 3517 increpari,
1548 3462 1663 3501 non
1696 3451 1922 3517 poterat
1954 3463 2096 3518 quo-

448 3536 719 3591 rumdam
735 3535 1329 3607 iguorantiacongrue
1343 3534 1588 3589 edoceri.
1606 3535 1715 3589 Sed
1740 3540 1804 3588 ut
1826 3536 1945 3589 haec
1967 3553 2094 3607 quas

449 3624 699 3679 dicimus
722 3625 981 3694 apertius
1014 3624 1400 3692 innotescunt,
1423 3622 1688 3693 exempla
1710 3625 2091 3694 proferemus.

448 3715 513 3767 In
547 3711 848 3784 Evangelio
866 3727 1118 3782 namque
1134 3711 1382 3765 Matthaei
1403 3710 1614 3781 legitur
1642 3727 1652 3764 :
1679 3710 2093 3772 Quiadiscum-

448 3802 619 3857 bente
648 3802 789 3857 Jesu
820 3801 880 3856 in
915 3800 1177 3871 ejusdem
1209 3798 1461 3854 Matthtei
1483 3800 1655 3854 domo
1678 3815 1811 3854 cum
1833 3799 2091 3871 publica-

448 3892 540 3947 nis
599 3894 655 3946 et
700 3890 1125 3962 peccatoribus,
1189 3888 1459 3943 Pharisaei
1531 3889 1603 3943 de
1659 3893 1821 3944 tanta
1880 3890 2093 3961 pietate

448 3978 825 4034 scandalizati
881 3978 1154 4033 dicebant
1211 3976 1281 4031 ad
1334 3976 1651 4049 discipulos
1708 3978 1871 4047 ejus:
1918 3979 2094 4046 Quare

446 4084 571 4121 cum
596 4068 907 4137 publicanis
944 4070 994 4121 et
1050 4066 1421 4137 peccatoribus
1477 4066 1772 4121 mandarat
1828 4071 2095 4137 Magister

446 4160 618 4211 vester
644 4155 671 4210 ‘I
722 4156 943 4227 (Matth.
1015 4173 1092 4223 1x,
1152 4157 1264 4226 11')
1295 4155 1423 4209 Haec
1472 4155 1643 4210 Jesus
1673 4156 1939 4225 audiens,
1973 4158 2090 4214 ait:

444 4245 562 4300 Non
617 4248 697 4300 est
742 4261 875 4316 opus
904 4246 1212 4300 valentibus
1241 4244 1483 4299 medicus
1503 4262 1524 4305 ,ο
1552 4244 1642 4299 sed
1669 4246 1819 4300 male
1847 4245 2093 4302 habenti-

448 4334 582 4389 bus:
638 4349 750 4387 non
799 4336 949 4388 enim
1002 4335 1127 4388 veni
1182 4348 1372 4389 vocare
1417 4334 1614 4402 justas,
1675 4334 1764 4387 sed
1782 4340 2095 4405 peccatores

447 4423 628 4495 (Ibid.,
654 4424 762 4496 12).
792 4423 993 4478 Nonne
1024 4424 1323 4478 attendere
1355 4422 1579 4478 valetis:
1608 4422 1933 4494 quiatantaa
1964 4426 2095 4481 doc-

2206 3266 2517 3333 videretur,
2552 3283 2666 3322 non
2689 3271 2882 3322 tamen
2902 3266 3123 3322 destitit
3143 3284 3176 3321 a
3204 3266 3491 3337 precibus,
3516 3268 3701 3324 donec
3725 3268 3856 3340 ipse

2208 3353 2548 3410 collaudans
2573 3356 2700 3425 ejus
2733 3356 3439 3425 ﬁdem,constantiamque
3460 3356 3665 3412 orandi
3693 3356 3854 3413 dice-

2208 3447 2331 3498 ret:
2390 3444 2586 3514 Magna
2642 3450 2719 3499 est
2774 3444 2908 3515 ﬁdes
2958 3452 3071 3511 tua,
3129 3445 3225 3514 ﬁat
3254 3444 3354 3500 tibi
3380 3446 3526 3501 sicus
3558 3447 3637 3501 vis
3668 3445 3858 3516 (Ibid.,

2204 3532 2316 3602 28).
2350 3531 2535 3602 Hujus
2565 3532 2743 3603 igitur
2776 3532 3037 3588 mulieris
3068 3533 3181 3588 ﬁde
3211 3536 3267 3589 et
3296 3534 3623 3591 constantia
3651 3551 3862 3591 omnes

2208 3620 2407 3677 ﬁdeles
2437 3620 2832 3692 instruuntur,
2868 3626 2932 3676 ut
2963 3622 3018 3676 in
3034 3622 3307 3692 precibus
3329 3622 3454 3679 suis
3476 3622 3594 3678 sint
3615 3623 3863 3680 stabiles

2205 3714 2262 3764 et
2316 3709 2375 3763 in
2430 3709 2623 3764 divina
2666 3711 2889 3780 pietate
2936 3712 3331 3768 confidentes:
3366 3712 3567 3768 eadem
3599 3728 3860 3785 namque

2209 3797 2436 3853 Domini
2467 3797 2649 3867 pietas
2696 3797 2756 3853 in
2803 3814 3005 3854 omnes
3032 3800 3103 3855 ad
3145 3816 3205 3857 se
3235 3801 3556 3857 clamantes
3602 3804 3858 3867 constat,

2275 3886 2533 3941 Providit
2559 3887 2734 3943 etiam
2766 3888 3047 3944 Dominus
3078 3905 3316 3945 causam
3349 3906 3467 3961 qua
3508 3891 3857 3947 doceremur

2206 3982 2356 4032 recte
2389 3976 2446 4030 in
2478 3993 2612 4032 eum
2645 3978 3138 4049 credere,quaque
3161 3979 3496 4050 pastoribus
3526 3983 3740 4036 sanctae
3757 3980 3859 4036 Ec~

2205 4064 2390 4121 clesiaa
2450 4070 2705 4138 potestas
2754 4066 2973 4139 ligandi
3017 4072 3193 4139 atque
3249 4067 3509 4124 solvendi
3594 4070 3851 4125 daretur.

2205 4155 2349 4209 Nam
2382 4171 2512 4209 cum
2546 4155 2605 4210 in
2637 4155 2762 4211 loco
2793 4156 3047 4226 quodam
3080 4156 3499 4230 interrogasset
3533 4157 3856 4230 discipulos

2204 4260 2365 4314 suos,
2396 4259 2571 4313 quem
2600 4242 2688 4299 vel
2719 4243 2986 4301 homines
3016 4247 3226 4313 caeteri,
3258 4244 3345 4302 vel
3377 4246 3490 4318 ipsi
3518 4264 3653 4305 eum
3693 4248 3858 4304 dice-

2205 4336 2351 4398 rent,
2386 4334 2744 4404 respondens
2775 4334 2979 4390 Petrus
3008 4351 3112 4406 pro
3143 4334 3416 4390 omnibus
3447 4336 3631 4392 dixit:
3684 4337 3753 4392 Tu
3796 4352 3856 4392 es

2204 4419 2449 4476 Christus
2504 4422 2657 4490 ﬁlius
2687 4423 2785 4477 Dei
2829 4424 2941 4478 vivi
2993 4423 3200 4494 (Matth.
3256 4441 3370 4491 xvr,
3404 4425 3513 4495 16),
3549 4424 3656 4490 Qui
3715 4441 3855 4483 mox

446 4513 610 4568 trinae
639 4517 811 4568 tantae
846 4512 1074 4583 pietatis
1096 4512 1397 4584 responsio
1427 4529 1461 4566 a
1482 4511 1708 4567 Christo
1732 4513 1954 4584 prolata
1975 4533 2091 4571 non
2124 4529 2170 4592 D
2203 4526 2306 4580 pro
2335 4514 2506 4566 tanta?
2539 4511 2674 4566 ﬁdei
2706 4512 3069 4568 confessione
3088 4513 3277 4569 beatus
3296 4531 3329 4569 a
3352 4514 3595 4570 Domino
3618 4530 3860 4586 respon-

445 4609 619 4673 esset,
652 4602 764 4657 nisi
798 4602 1172 4674 interrogatio
1204 4602 1338 4657 licet
1372 4601 1630 4674 maligna
1664 4602 2090 4660 Pharisaeorum

446 4691 841 4764 praecederet?
871 4692 1147 4763 Ejusdem
1169 4708 1401 4763 quoque
1422 4690 1695 4747 doctrinae
1709 4708 1886 4746 causa
1917 4692 2094 4749 inter-

447 4785 684 4853 rogatus
716 4781 888 4836 Jesus
920 4798 952 4836 a
982 4780 1287 4851 discipulis
1312 4780 1553 4835 Joannis
1580 4799 1598 4835 :
1621 4796 1798 4851 quare
1819 4780 2093 4853 discipuli

448 4869 575 4938 ejus
607 4885 722 4924 non
740 4886 871 4923 cum
897 4869 1387 4939 aliisjejunarent,
1414 4870 1715 4941 respondit
1744 4869 1915 4925 Jesus
1942 4887 1953 4925 :
1977 4873 2091 4928 Non

442 4962 671 5027 possunt
727 4957 836 5027 ﬁlii
889 4959 1077 5027 sponsi
1132 4958 1337 5026 lugere,
1396 4959 1642 5028 quandiu
1698 4976 1823 5014 cum
1870 4959 1986 5015 illis
2016 4969 2094 5016 est

446 5061 671 5117 sponsus
703 5044 887 5115 (Ibid.,
924 5044 1034 5115 15):
1060 5043 1281 5109 Quibus
1309 5046 1499 5101 verbis
1533 5048 2092 5118 magnasanctaeEc-

448 5135 637 5191 etesiae
668 5133 986 5189 consolatio
1016 5132 1267 5189 traditur
1297 5134 1355 5188 in
1378 5151 1443 5190 eo
1475 5137 1629 5207 quod
1651 5140 1707 5191 et
1723 5154 1783 5192 se
1808 5153 2091 5207 sponsum

449 5225 751 5293 Dominus,
775 5228 831 5279 et
860 5221 1180 5295 discipulos
1238 5240 1376 5279 suos
1438 5224 1586 5281 ﬁlios
1641 5227 1840 5296 sponsi
1888 5243 2091 5284 vocare

447 5314 725 5385 dignatus
755 5316 861 5380 est,
888 5313 1245 5369 concerdans
1276 5314 1684 5370 videlicetaliis
1717 5317 1817 5386 qui
1840 5333 1976 5371 oum
2001 5334 2091 5372 eo-

448 5402 577 5458 dem
606 5401 840 5456 nomine
873 5399 1161 5472 appellare
1174 5401 1458 5457 solebant.
1476 5402 1889 5460 Verumtamen
1918 5410 2090 5460 tantae

447 5490 861 5546 consolationis
894 5490 1069 5545 verba
1098 5490 1380 5547 Dominus
1397 5493 1802 5564 respondendo
1818 5510 1932 5549 non
1959 5510 2092 5566 pro-

448 5580 641 5655 terret,
670 5579 782 5636 nisi
814 5579 1189 5653 interrogatio
1212 5582 1341 5653 jam
1371 5586 1828 5641 commemorata
1876 5600 2058 5656 praeco
2077 5615 2092 5628 -

2206 4598 2377 4654 dente
2406 4599 2623 4669 dictus,
2653 4600 2843 4656 claves
2873 4601 3037 4673 regui
3068 4600 3345 4659 caelorum
3378 4608 3434 4658 et
3473 4607 3854 4675 postestatem
3926 4664 3933 4673 ,

2205 4686 2426 4759 ligandi
2449 4694 2624 4759 atque
2656 4689 2913 4745 solvendi
2944 4696 3065 4746 tam
3096 4691 3156 4746 in
3188 4692 3348 4747 caelis
3383 4709 3559 4762 quam
3591 4692 3650 4748 in
3674 4692 3851 4749 terris

2208 4776 2464 4849 accipere
2496 4779 2729 4834 meruit.
2764 4778 2927 4834 Unde
2958 4785 3015 4834 et
3044 4780 3268 4835 cunctis
3314 4784 3525 4836 sancta
3585 4780 3857 4837 Ecclesiae

2206 4866 2541 4937 pastoribus
2598 4867 2798 4923 eadem
2858 4872 3109 4939 potestas
3146 4867 3363 4940 ligandi
3386 4872 3561 4939 atque
3592 4868 3859 4925 solvendi

2205 4956 2419 5011 tradita
2450 4956 2725 5011 creditur.
2751 4956 3079 5012 Notandum
3114 4973 3344 5029 quoque
3376 4958 3515 5029 quia
3548 4974 3679 5013 cum
3711 4959 3858 5016 alia-

2207 5061 2339 5099 rum
2366 5061 2560 5100 rerum
2576 5044 2782 5100 notitia
2795 5062 2898 5117 per
2916 5045 3398 5118 interrogationes
3423 5052 3543 5105 tam
3570 5047 3860 5104 malorum

2206 5149 2383 5204 quam
2415 5133 2701 5188 bonorum
2729 5150 2763 5188 a
2793 5134 3036 5190 Domino
3069 5135 3355 5203 tradatur,
3389 5136 3679 5209 praecipua
3718 5137 3864 5195 ﬁdei

2205 5226 2416 5277 sanctas
2460 5222 2750 5278 confessio
2811 5240 2912 5296 per
2957 5224 3143 5281 solam
3182 5225 3496 5283 Dominicis
3529 5227 3859 5299 interroga-

2204 5311 2383 5366 tionis
2412 5327 2651 5368 causam
2685 5314 2981 5385 panditur.
3033 5315 3137 5371 Cui
3198 5316 3279 5372 rei
3333 5332 3480 5388 pene
3536 5315 3727 5372 simile
3758 5322 3855 5385 est

2204 5402 2359 5473 quod
2392 5401 2515 5474 ipse
2543 5402 2828 5461 Dominus
2850 5421 3159 5462 assumens
3188 5406 3474 5477 quosdam
3510 5404 3858 5478 discipulos,

2203 5491 2494 5549 duxit‘eos
2530 5493 2586 5549 in
2620 5499 2879 5551 montem
2911 5494 3224 5563 excelsum,
3257 5496 3355 5550 ubi
3385 5511 3493 5550 vox
3524 5496 3724 5551 audita
3751 5501 3857 5553 est.

2204 5582 2275 5638 de
2336 5584 2506 5655 nube,
2564 5585 2795 5644 dicens:
2838 5588 2952 5645 Hic
2998 5594 3085 5643 est
3113 5584 3286 5643 Filius
3313 5600 3466 5643 meus
3494 5584 3731 5645 dilectus
3779 5600 3845 5645 tu
