4108 6188
225 319 334 379 19¹ῗ

1299 333 1308 348 ’
1370 317 1520 377 LIB.
1567 317 1669 378 DE
1712 319 1972 383 CURSU
2019 323 2492 391 SPlRl'l‘UALl.

3530 339 3644 400 198

221 465 324 522 quo
379 446 517 537 mihi
562 447 891 519 comptae-ui,
942 449 1123 520 ipsum
1164 448 1358 504 audite
1387 449 1592 521 (Matth.
1625 468 1760 523 xvn,
1792 453 1870 523 5).
1904 455 1952 520 Α
1988 470 2091 509 nec
2121 455 2291 512 nobis
2323 457 2517 517 debita
2549 464 2770 530 nostra,
2799 463 2854 518 id
2898 468 2986 519 est
3033 469 3290 537 peccata,
3328 484 3361 523 a
3390 467 3637 525 Domino

223 540 358 604 Qua:
391 536 613 593 scilicet
641 538 841 606 verba,
864 537 1004 608 quia
1030 537 1359 609 specialiter
1380 539 1742 596 divinitatem
1775 541 1881 596 Do-

223 626 368 682 mini
411 625 595 682 nostri
645 630 959 693 testantur,
988 643 1104 698 qua
1152 627 1298 682 nihil
1343 628 1722 684 excellentius
1769 633 1876 695 est,

223 731 546 788 congruum
573 714 685 769 fuit
705 719 787 782 ut,
805 714 960 770 sicut
978 715 1249 788 superius
1271 721 1483 772 sanctae
1503 716 1635 772 fldei
1659 717 1880 773 confes-

222 804 305 861 sio
339 821 373 860 a
403 805 576 860 beato
602 805 773 860 Petro
796 804 1060 876 apostolo
1095 806 1319 876 prolata
1349 810 1438 861 est
1469 822 1535 861 ex
1569 807 1877 862 Dominicze

220 891 700 966 interrogationis
732 909 928 962 causa,
952 893 1035 948 ita
1064 894 1243 950 etiam
1273 895 1583 950 verborum
1616 895 1876 964 illorum,

221 999 343 1055 qua:
378 984 451 1038 de
481 981 755 1055 supernis
785 981 1149 1038 divinitatem
1184 983 1416 1039 Domini
1465 983 1650 1039 nostri
1697 988 1877 1040 testa-

221 1072 452 1139 bantur,
475 1069 640 1126 nulla
659 1071 978 1127 efﬁcientia
998 1071 1113 1127 alia
1134 1077 1290 1129 esset
1311 1074 1424 1128 nisi
1449 1073 1573 1146 ipse
1593 1073 1878 1129 Dominus

221 1162 437 1216 ducens
491 1158 634 1215 illuc
691 1159 1020 1232 discipulos
1066 1177 1182 1232 quo
1233 1161 1434 1217 audita
1486 1166 1626 1218 sunt
1673 1164 1877 1218 eadem

222 1250 412 1304 verba.
473 1249 680 1304 Merito
738 1249 895 1304 enim
957 1265 1044 1317 ea,
1088 1266 1216 1321 quae
1276 1250 1550 1306 inferiora
1602 1257 1759 1320 sunt,
1812 1268 1880 1306 ex

222 1337 598 1395 inferioribus
628 1338 856 1405 causis;
885 1355 1012 1410 quae
1052 1343 1246 1394 autem
1289 1339 1590 1410 superiora
1621 1345 1778 1405 sunt,
1811 1355 1879 1396 ex

225 1427 624 1500 superioribus
665 1442 900 1498 quoque
951 1428 1146 1483 causis
1176 1428 1534 1484 efﬁciuntur.
1561 1431 1691 1484 Haec
1742 1445 1878 1502 ergo

227 1515 462 1572 subtilis
487 1517 784 1571 adnotatio
802 1517 1138 1584 verborum,
1163 1516 1343 1571 simul
1375 1521 1430 1572 et
1450 1523 1750 1590 gestorum
1775 1524 1879 1574 Do-

229 1606 370 1660 mini
398 1604 565 1671 nulli,
592 1620 790 1676 quaeso
811 1603 1077 1660 videatur
1107 1605 1322 1678 inepta.
1350 1607 1586 1662 Justum
1621 1624 1877 1678 namque

227 1701 308 1750 est
336 1699 403 1749 ut
425 1695 602 1765 juxta
627 1694 782 1749 vires
824 1700 1056 1749 nostras
1101 1711 1418 1765 pensemus
1449 1701 1507 1751 et
1533 1712 1880 1752 veneremur

225 1782 416 1839 omnia
434 1782 758 1838 Salvatoris
789 1783 972 1838 nostri
1006 1788 1186 1855 gesta.
1205 1786 1338 1850 Quae
1365 1785 1682 1854 nescimus,
1705 1802 1876 1841 vene-

222 1889 446 1939 remur;
465 1889 593 1944 quaa
614 1876 809 1927 autem
835 1871 1060 1944 aliquid
1084 1872 1493 1947 intelligimus,
1512 1892 1645 1930 cum
1668 1875 1879 1931 timore

224 1966 277 2017 et
321 1977 522 2017 amore
574 1961 963 2036 proferamus.
996 1960 1145 2016 Nam
1181 1962 1325 2034 quid
1376 1962 1475 2018 alii
1521 1964 1764 2019 credant
1792 1971 1883 2026 vel

224 2050 473 2105 sentiant
503 2050 577 2106 de
606 2049 961 2122 evangelicis
991 2049 1166 2105 dictis
1219 2051 1455 2124 ignoro;
1490 2068 1595 2124 ego
1645 2053 1884 2123 quidem

225 2140 391 2194 credo
422 2140 564 2211 quia
593 2137 757 2194 nulla
787 2138 943 2194 dicta
973 2138 1060 2194 vel
1093 2144 1260 2212 gesta
1301 2141 1363 2196 in
1412 2141 1497 2198 eis
1544 2142 1764 2214 scripta
1795 2158 1887 2197 ca-

228 2235 390 2284 reant
422 2227 720 2302 mysteriis
753 2228 1006 2284 maxime
1047 2228 1342 2298 utilitatis,
1375 2233 1518 2288 adeo
1550 2237 1614 2288 ut
1643 2239 1885 2288 cuncto-

232 2332 361 2372 rum
393 2317 852 2390 cogitationibus
883 2318 941 2372 in
968 2319 1052 2374 eis
1084 2320 1527 2391 respondeatur.

302 2406 370 2462 Et
399 2411 467 2461 ut
494 2406 614 2461 haec
658 2407 741 2462 ita
783 2421 912 2463 esse
959 2407 1296 2479 probemus,
1330 2409 1596 2466 dicamus
1631 2410 1886 2483 aliquem

237 2496 496 2568 cogitare
537 2496 678 2568 quid
710 2496 897 2551 facere
945 2496 1154 2552 debeat
1183 2498 1252 2552 de
1284 2498 1624 2570 parentibus
1655 2500 1741 2556 vel
1775 2501 1887 2556 fra-

233 2585 444 2650 tribus,
469 2601 570 2640 seu
593 2584 960 2656 quibuslibet
981 2585 1187 2642 amicis
1205 2587 1492 2658 perversis
1517 2607 1529 2644 :
1556 2595 1752 2644 utrum
1778 2590 1887 2645 sci-

235 2673 364 2730 licet
393 2691 530 2729 cum
568 2675 653 2730 eis
683 2682 920 2730 maneat
949 2691 1021 2730 an
1070 2674 1203 2730 illos
1246 2677 1491 2746 deserat,
1516 2695 1665 2750 quos
1683 2679 1771 2734 ita
1799 2680 1888 2734 in-

237 2763 598 2836 corrigibiles
630 2780 758 2819 esse
791 2764 972 2820 sentit
1003 2768 1067 2819 ut
1110 2763 1447 2838 nullatenus
1479 2783 1576 2822 eos
1607 2767 1892 2824 aediﬁcare

231 2851 460 2925 possit?
492 2851 770 2925 Quisquis
801 2852 984 2925 igitur
1011 2852 1110 2908 ille
1140 2858 1230 2908 est
1253 2854 1354 2926 qui
1385 2855 1525 2910 talia
1553 2857 1805 2929 cogitat;
1841 2873 1894 2926 si

230 2943 453 2998 litteras
486 2941 620 3009 scit,
654 2943 711 2996 in
759 2942 980 2997 eisdem
1031 2941 1242 2998 litteris
1291 2943 1601 2999 consilium
1635 2962 1895 3016 quaerere

231 3031 398 3087 debet
427 3048 462 3085 a
495 3029 761 3086 Domino.
787 3029 886 3086 Ille
917 3047 1048 3086 vero
1093 3031 1414 3104 inquisitus
1445 3050 1548 3105 pro
1582 3051 1760 3090 causa
1791 3034 1897 3106 tali

230 3119 546 3192 respondet
577 3118 636 3174 in
666 3119 998 3192 Evangelia,
1033 3120 1233 3176 dicens
1266 3138 1278 3176 :
1313 3123 1378 3176 Si
1419 3139 1618 3178 manus
1651 3127 1767 3191 tua,
1803 3125 1892 3179 vel

1909 1829 1955 1893 Β

1989 544 2229 600 dimitti.

2060 634 2202 688 Item
2236 635 2284 690 si
2318 635 2448 707 quis
2479 640 3026 711 rectorum,quibus
3066 660 3204 698 cura
3245 645 3640 703 ecclesiastica

1989 724 2305 779 commissa
2337 729 2444 791 est,
2467 730 2531 780 ut
2561 727 2899 798 provideant
2929 729 3090 786 licita
3122 734 3527 806 matrimonia;
3552 736 3641 792 vel

1990 810 2036 865 si
2061 812 2193 883 quis
2212 813 2447 868 illorum
2470 815 2686 885 quibus
2711 834 2920 873 uxores
2943 819 3202 891 accipere
3219 824 3506 895 congruit,
3523 831 3638 880 tra-

1988 904 2144 954 ctare
2189 900 2435 956 voluerit
2483 903 2687 974 optimi
2720 905 2978 977 conjugii
3031 924 3290 974 causam,
3324 911 3640 985 interroget

1989 1004 2090 1059 per
2120 988 2350 1060 aliquos
2394 990 2618 1046 litteras
2650 992 2922 1060 scientes,
2958 995 3006 1048 si
3052 995 3178 1067 ipse
3211 999 3416 1065 nescit,
3441 1001 3641 1056 Domi-

1988 1078 2259 1148 num,qui
2284 1080 2602 1149 postverba
2618 1082 2886 1152 quaedam
2899 1083 2969 1136 de
2987 1086 3115 1153 conj
3127 1086 3244 1157 ugii
3267 1087 3639 1144 institutione

1986 1163 2212 1236 prolata
2258 1165 2317 1220 in
2351 1167 2660 1239 Evangelio
2693 1170 2778 1224 sic
2809 1171 3100 1226 conclusit
3141 1175 3493 1230 sententiam
3548 1177 3644 1231 di-

1987 1270 2124 1308 cens
2159 1271 2172 1308 :
2209 1255 2357 1323 Quod
2381 1257 2515 1311 Deus
2543 1258 2830 1329 conjunxit
2862 1260 3018 1315 homo
3052 1277 3162 1316 non
3193 1267 3403 1333 separet
3424 1264 3640 1336 (Matth.

1985 1360 2102 1410 xu,
2133 1345 2198 1411 6;
2236 1343 2400 1399 Marc.
2433 1363 2487 1415 x,
2521 1347 2576 1417 9)
2608 1364 2619 1400 :
2655 1364 2782 1418 quas
2827 1347 3090 1404 videlicet
3141 1353 3429 1407 sententia
3475 1354 3639 1410 vide-

1987 1437 2084 1486 tur
2115 1433 2367 1504 pandere
2397 1451 2635 1490 causam
2677 1438 2970 1506 quomodo
3002 1438 3088 1495 vel
3138 1446 3286 1495 recte
3335 1441 3640 1498 retinenda

1985 1520 2072 1575 vel
2106 1527 2258 1577 recte
2289 1521 2640 1579 dimittenda
2669 1525 2746 1578 sit
2777 1542 2939 1580 uxor.
2975 1526 3034 1582 Si
3075 1527 3229 1582 enim
3272 1531 3630 1601 conjugium,

1986 1610 2140 1679 quod
2173 1609 2325 1665 Deus
2358 1611 2682 1682 conjunxit,
2707 1629 2822 1667 non
2855 1617 2944 1668 est
2982 1615 3054 1668 ab
3092 1615 3328 1672 homine
3359 1634 3636 1690 separan-

1986 1697 2148 1764 dum,
2182 1703 2341 1769 patet
2385 1700 2642 1770 profecto
2690 1702 2828 1772 quia
2876 1703 3030 1773 quod
3083 1704 3207 1774 ipse
3261 1722 3634 1777 nequaquam

1986 1787 2292 1858 conjungit
2313 1789 2572 1859 separari
2595 1788 2784 1844 liceat.
2804 1790 3039 1845 Nullum
3059 1792 3272 1864 quippe
3294 1795 3635 1866 conjugium

1997 1874 2125 1930 ideo
2147 1877 2347 1948 jungit
2368 1884 2431 1932 ut
2452 1876 2611 1932 illius
2635 1883 2764 1932 vota
2787 1884 2959 1950 atque
2985 1889 3269 1952 praecepta
3295 1890 3644 1954 postponen-

1992 1971 2110 2030 tur,
2125 1965 2277 2020 sicut
2293 1966 2449 2020 verbi
2470 1967 2657 2038 gratia
2675 1967 2770 2022 ille
2788 1969 3087 2040 postponit
3104 1971 3200 2040 qui
3219 1973 3642 2029 continentiam

1995 2057 2107 2108 Deo
2128 2071 2338 2109 vovens
2374 2060 2574 2125 postea
2601 2055 2973 2113 matrimonio
2996 2063 3052 2114 et
3080 2059 3326 2132 negotiis
3349 2061 3643 2117 saeculari-

1995 2143 2107 2197 bus
2137 2159 2198 2197 se
2229 2143 2549 2213 conjungit.
2584 2143 2702 2199 Hoc
2733 2146 2929 2218 itaque
2974 2148 3336 2220 conjugium,
3365 2151 3643 2221 quoniam

1998 2235 2146 2286 Deus
2179 2248 2291 2286 non
2323 2232 2644 2301 conjunxit,
2679 2233 2854 2289 homo
2887 2242 3133 2307 separet.
3160 2239 3507 2310 Conjugium
3540 2257 3643 2295 au-

1995 2325 2135 2387 tem,
2159 2320 2314 2390 quod
2346 2319 2500 2375 Deus
2545 2323 2768 2389 statuit,
2794 2324 3065 2396 arbitror,
3087 2324 3193 2380 hoc
3225 2332 3314 2381 est
3343 2331 3408 2381 ut
3438 2344 3542 2398 pro
3577 2329 3642 2382 {i-

1997 2409 2209 2464 liorum
2242 2409 2641 2480 procreatione
2663 2415 2718 2464 et
2747 2427 2850 2482 pro
2873 2413 3180 2484 utriusque
3201 2415 3306 2469 viri
3339 2416 3558 2472 scilicet
3589 2423 3646 2473 et

1999 2496 2264 2553 mulieris
2303 2497 2594 2568 adjutorio
2640 2515 2785 2553 uxor
2831 2501 3078 2556 ducatur
3109 2503 3180 2557 ab
3215 2503 3313 2558 illo
3361 2505 3647 2562 duntaxat

2001 2587 2099 2658 qui
2131 2603 2235 2642 nec
2265 2602 2328 2641 se
2357 2587 2553 2658 ipsum
2574 2587 2749 2655 vovit,
2775 2605 2879 2643 nec
2912 2606 2945 2643 a
2971 2592 3312 2661 parentibus
3343 2592 3487 2656 suis,
3510 2611 3645 2651 cum

2000 2681 2154 2732 esset
2185 2674 2482 2748 parvulus,
2502 2676 2572 2730 ad
2601 2676 2926 2748 spiritualis
2945 2678 3074 2732 vitae
3096 2680 3522 2736 observantiam
3551 2684 3646 2739 da-

2000 2769 2096 2820 tus
2127 2769 2233 2820 est.
2268 2763 2548 2819 Similiter
2590 2763 3036 2838 intelligendum
3077 2784 3204 2824 esse
3233 2768 3462 2825 videtur
3491 2772 3646 2842 quod

2002 2852 2176 2926 paulo
2208 2857 2340 2924 post
2369 2853 2655 2908 Dominus
2685 2855 3012 2927 subjungit,
3045 2856 3246 2913 dicens
3279 2875 3291 2913 :
3325 2861 3650 2932 Quicunque

2002 2943 2272 2997 dimiserit
2290 2957 2519 2997 uxorem
2534 2959 2712 3012 suam,
2733 2945 2848 2998 nisi
2864 2944 2928 2998 ob
2945 2945 3387 3014 fornicationem,
3405 2957 3456 3003 et
3475 2950 3649 3004 aliam

2004 3032 2244 3098 duxerit,
2287 3035 2592 3087 maechatur
2635 3032 2850 3103 (Matth.
2899 3051 3016 3101 xm,
3047 3035 3137 3105 9);
3188 3036 3404 3108 quibus
3454 3038 3648 3095 verbis

2006 3119 2300 3192 colligitur
2336 3120 2474 3192 quia
2504 3121 2551 3175 si
2584 3119 2799 3193 aliquis
2829 3122 3131 3178 dimittens
3179 3140 3246 3180 ex
3296 3142 3650 3199 quacunque

229 3223 318 3280 pes
343 3212 477 3262 tuus
505 3207 847 3263 scandalizet
873 3212 946 3275 te,
975 3208 1190 3264 abscide
1219 3227 1347 3264 eum
1373 3214 1424 3266 et
1447 3213 1655 3283 projice
1679 3213 1774 3267 abs
1801 3217 1884 3274 te;
1917 3195 1957 3261 C
1999 3225 2175 3264 causa
2226 3225 2487 3274 uxorem,
2537 3209 2649 3264 nisi
2702 3211 2774 3265 ob
2824 3211 3265 3268 fornicationem
3300 3195 3645 3287 mmchatur,

235 3298 434 3352 bonum
465 3297 570 3352 tibi
593 3306 672 3353 est
698 3296 769 3352 ad
800 3298 969 3352 vitam
990 3298 1209 3367 ingredi
1230 3298 1462 3356 debilem
1496 3300 1580 3356 vel
1603 3301 1886 3367 claudum,

233 3403 397 3458 quam
428 3386 570 3441 duas
597 3403 815 3451 manus,
851 3387 932 3442 vel
979 3386 1110 3442 duos
1147 3388 1308 3459 pedes
1337 3388 1624 3444 habentem
1652 3391 1801 3446 mitti
1827 3391 1885 3444 in

233 3478 428 3544 ignem
458 3478 730 3531 aeternum
759 3474 968 3545 (Matth.
999 3492 1158 3546 xvm,
1181 3477 1256 3546 8).
1283 3476 1422 3532 Ecce
1455 3479 1748 3549 quomodo
1780 3483 1889 3533 Do-

233 3567 448 3618 minus
500 3579 603 3634 per
657 3563 825 3618 verba
861 3563 1193 3636 evangelica
1250 3567 1562 3635 respondet
1615 3567 1892 3622 omnibus

235 3669 422 3725 super
453 3668 516 3706 re
557 3651 684 3722 jam
712 3669 889 3724 supra
916 3653 1071 3708 dicta
1123 3655 1618 3726 interrogantibus
1643 3673 1655 3710 :
1683 3656 1892 3712 Manus

239 3743 387 3797 enim
418 3739 515 3797 vel
552 3757 655 3812 pes
703 3746 900 3796 noster
938 3741 1340 3799 scandalizans
1388 3760 1493 3799 nos
1544 3748 1634 3800 est
1679 3744 1893 3816 aliquis

242 3832 466 3886 amicus
495 3829 602 3902 qui
635 3830 914 3902 pravitate
944 3848 1050 3886 sua
1084 3848 1189 3887 nos
1221 3849 1254 3887 a
1281 3833 1373 3887 via
1410 3833 1510 3888 Dei
1542 3834 1702 3905 cupit
1733 3850 1890 3890 aver-

244 3924 378 3983 tere,
403 3936 587 3992 quem
635 3918 902 3974 videlicet
942 3921 1241 3976 abscidere
1270 3925 1326 3976 et
1360 3923 1662 3993 projicere,
1692 3923 1749 3978 id
1784 3929 1893 3995 est,

243 4025 512 4080 separare
546 4026 581 4063 a
612 4009 784 4064 nobis
817 4008 1204 4081 praecipimur,
1231 4025 1302 4064 ne
1331 4009 1474 4066 forte
1504 4016 1738 4084 propter
1766 4013 1894 4084 ejus

245 4097 702 4165 amicitiam,vel
753 4097 985 4169 aliquod
1033 4098 1352 4170 temporale
1402 4100 1734 4156 subsidium
1784 4101 1895 4157 sibi

243 4188 604 4243 coherentes
644 4186 702 4241 in
735 4187 1174 4243 damnationem
1226 4193 1566 4260 perpetuam
1600 4189 1777 4246 simul
1808 4207 1896 4246 ve-

245 4275 506 4331 niamus.
526 4275 732 4332 Nonne
759 4275 1102 4346 hujusmodi
1125 4293 1475 4348 responsum
1505 4278 1562 4332 in
1586 4279 1896 4352 Evangelio

248 4361 584 4416 continetur
609 4362 988 4434 aptissimum
1002 4363 1030 4416 ?

320 4449 552 4505 Similia
582 4467 816 4523 quoque
846 4467 1126 4524 responsa
1158 4451 1277 4507 illic
1307 4453 1683 4510 inveniuntur
1710 4457 1780 4511 de
1811 4473 1898 4512 re-

1997 3301 2238 3370 apparet
2262 3298 2462 3368 utique
2485 3298 2624 3368 quia
2653 3297 2752 3368 qui
2777 3297 3145 3354 solummodo
3176 3317 3278 3370 pro
3314 3302 3647 3359 fornicatio-

1999 3386 2090 3440 nis
2135 3401 2312 3439 causa
2360 3401 2598 3440 uxorem
2630 3385 2942 3452 dimiserit,
2976 3385 3129 3440 sicut
3165 3388 3436 3443 videlicet
3464 3390 3514 3444 is
3546 3391 3648 3460 qui

1999 3490 2176 3529 uxore
2207 3477 2440 3544 accepta
2471 3473 2848 3544 postmodum
2891 3473 2950 3527 in
2998 3473 3290 3544 adulterii,
3322 3475 3647 3546 homicidii,

2000 3561 2282 3618 latrocinii
2303 3567 2358 3617 et
2381 3561 2438 3616 in
2461 3561 2576 3616 alia
2599 3561 2689 3616 bis
2706 3561 2921 3617 similia
2943 3562 3161 3619 scelera
3178 3564 3416 3634 cadit,et
3437 3564 3648 3621 deinde

2002 3669 2102 3724 pro
2136 3651 2619 3706 fornicationibus
2662 3651 2844 3706 tantis
2875 3668 3193 3724 congruam
3247 3654 3648 3725 paenitentiam

2004 3757 2171 3812 agere
2185 3757 2251 3794 cu
2264 3741 2631 3811 piens,uxore
2645 3741 3039 3812 omnibusque
3058 3742 3458 3798 mundialibus
3480 3760 3652 3817 nego-

2003 3826 2364 3898 tiis‘relictis,
2383 3831 2457 3884 ad
2489 3829 2906 3885 monasterium
2931 3831 3225 3903 confugit;
3252 3833 3352 3904 qui
3383 3849 3518 3904 ergo
3547 3850 3649 3905 pro

2003 3919 2344 3990 hujusmodi
2376 3917 2756 3974 fornicatione
2777 3935 3012 3974 uxorem
3043 3920 3352 3989 dimiserit,
3378 3939 3492 3977 non
3518 3939 3654 3977 mue-

2003 4008 2228 4062 chatur.
2264 4007 2532 4077 Alioquin
2579 4007 2627 4062 si
2668 4008 2849 4063 semel
2882 4014 3155 4081 suscepta
3202 4009 3260 4064 in
3311 4011 3651 4083 conjugium

2007 4095 2216 4152 mulier
2244 4095 2516 4166 quaelibet
2557 4102 2760 4167 postea
2801 4095 3136 4153 nullatenus
3167 4099 3385 4154 dimitti
3429 4099 3650 4169 liceret,

2006 4185 2299 4259 quomodo
2318 4184 2416 4239 illa
2429 4184 2657 4240 Domini
2673 4187 2964 4241 sententia
2982 4187 3359 4260 intelligenda
3370 4194 3656 4261 esset,per

2008 4291 2182 4347 quam
2203 4272 2376 4329 etiam
2395 4274 2528 4329 vitae
2543 4280 2768 4330 aeterna;
2788 4277 3025 4347 praemia
3043 4277 3394 4348 relinquenti
3413 4293 3651 4333 uxorem

2008 4362 2377 4434 repromittit,
2402 4363 2602 4417 dicens
2628 4379 2639 4416 :
2667 4364 2854 4419 Omnis
2883 4367 2979 4435 qui
3007 4367 3278 4438 relinquit
3308 4367 3548 4436 domum,
3569 4367 3652 4421 vel

2005 4453 2230 4523 fratres,
2252 4460 2352 4507 aut
2373 4467 2603 4520 sorores,
2627 4461 2723 4508 aut
2740 4461 2976 4524 patrem,
3001 4459 3098 4509 aut
3127 4459 3379 4522 matrem,
3403 4463 3502 4510 aut
3523 4471 3656 4511 uxo-

244 4539 358 4596 bus
389 4539 545 4596 aliis.
578 4540 724 4597 Nam
757 4541 805 4596 si
850 4546 907 4597 et
954 4541 1062 4597 hoc
1094 4541 1413 4613 quaerimus
1446 4544 1583 4614 quid
1635 4543 1818 4599 facere
1847 4544 1899 4600 ei
1929 4564 1976 4629 D
2008 4557 2144 4605 rem,
2175 4543 2273 4595 aut
2300 4540 2464 4611 ﬁlios,
2497 4545 2592 4595 aut
2623 4558 2784 4609 agros
2821 4547 3043 4613 propter
3069 4559 3263 4598 nomen
3298 4559 3496 4612 meum,
3528 4559 3656 4596 cen-

243 4629 597 4695 debeamus,
631 4630 732 4703 qui
771 4631 929 4686 mala
957 4631 1126 4688 nobis
1161 4631 1344 4687 multa
1392 4633 1654 4689 faciendo
1703 4638 1900 4690 noster

243 4720 690 4790 quodammodo
719 4720 947 4776 debitor
976 4725 1084 4789 est,
1109 4725 1174 4776 ut
1221 4738 1323 4793 pro
1353 4720 1446 4777 his
1477 4723 1776 4795 puniatur,
1799 4724 1902 4779 sed

241 4809 482 4864 veniam
514 4810 678 4864 omni
720 4809 892 4866 modo
935 4809 1212 4882 postulat,
1237 4811 1583 4882 promittens
1614 4829 1675 4866 se
1705 4828 1900 4868 emen-

244 4897 404 4966 dare,
439 4914 549 4954 nec
581 4898 827 4954 ulterius
859 4903 1060 4954 contra
1096 4915 1202 4953 nos
1227 4898 1366 4954 talia
1394 4902 1764 4972 perpetrare?
1794 4902 1901 4957 Re-

241 4988 503 5058 spondet
524 4989 807 5044 Dominus
825 4987 880 5043 in
903 4987 1212 5060 Evangelio
1236 5004 1338 5060 per
1355 4989 1690 5060 parabolam
1709 4989 1900 5046 illam:

241 5074 448 5134 Simile
473 5083 554 5132 est
585 5094 813 5149 regnum
858 5079 1119 5134 caelorum
1171 5077 1383 5133 homini
1425 5079 1570 5151 regi,
1601 5081 1700 5150 qui
1737 5080 1908 5135 voluit

239 5169 527 5221 rationem
555 5181 754 5237 ponere
797 5183 920 5221 cum
965 5167 1134 5222 servis
1180 5168 1315 5236 suis,
1364 5169 1469 5221 etc.
1503 5166 1711 5236 (Matth.
1745 5185 1904 5239 xvm,

239 5253 354 5325 23).
390 5257 458 5310 In
492 5273 610 5327 qua
650 5255 930 5310 nimirum
977 5253 1253 5326 parabole
1294 5255 1511 5326 pariter
1558 5256 1910 5312 intimantur

240 5349 298 5397 et
327 5360 692 5415 responsum
723 5345 986 5400 divinum
1017 5344 1156 5417 quid
1205 5360 1380 5415 super
1409 5343 1647 5401 inimico
1677 5346 1907 5402 veniam

243 5438 488 5503 petente
519 5434 736 5490 facere‘
759 5433 1097 5502 debeamus,
1129 5438 1186 5489 et
1223 5449 1412 5506 poena,
1445 5433 1497 5488 si
1525 5434 1635 5490 hoc
1667 5435 1910 5491 minime

241 5521 592 5578 fecerimus.
633 5522 856 5579 Dicitur
893 5522 1049 5579 enim
1099 5522 1238 5595 quia
1285 5521 1335 5577 si
1385 5537 1491 5578 nos
1547 5523 1911 5580 debitoribus

239 5611 474 5670 nostris
511 5612 750 5671 veniam
801 5612 1134 5687 petentibus
1183 5610 1477 5670 dimittere
1523 5611 1909 5687 uoluerimus,

2009 4631 2220 4702 tuplum
2250 4631 2500 4700 accipiet,
2523 4639 2574 4685 et
2601 4631 2771 4686 vitam
2801 4638 3067 4686 uernam
3097 4631 3428 4701 possidebit?
3447 4631 3654 4700 (Matth.

2013 4735 2128 4788 xxx,
2150 4719 2260 4790 29).
2282 4718 2360 4772 Ex
2381 4717 2488 4773 hac
2520 4719 2698 4790 igitur
2718 4719 3006 4773 sententia
3025 4718 3318 4790 colligitur
3339 4719 3476 4790 quia
3496 4717 3654 4784 huic,

2012 4808 2112 4880 qui
2135 4824 2238 4879 pro
2260 4806 2359 4862 Dei
2381 4807 2749 4862 solummodo
2770 4823 2964 4862 amore
2987 4811 3043 4862 et
3064 4824 3178 4862 non
3201 4812 3437 4879 propter
3455 4806 3655 4862 odium

2013 4896 2246 4967 aliquod
2282 4895 2677 4950 irrationabile
2700 4911 2935 4950 uxorem
2959 4895 3280 4968 reliquerit,
3304 4896 3438 4951 licet
3458 4900 3660 4951 contra

2017 4986 2104 5041 fas
2128 5002 2253 5041 eam
2282 4983 2626 5055 susceperit,
2650 4985 2780 5039 vita:
2814 4985 3086 5056 perennis
3108 5001 3327 5040 merces
3352 4983 3657 5057 repromit-

2015 5075 2180 5130 titur.
2208 5072 2531 5129 Fornicatio
2563 5089 2794 5146 quoque
2824 5090 3077 5146 congrue
3103 5073 3215 5128 dici
3249 5078 3437 5145 potest
3467 5073 3659 5128 omnis

2017 5163 2200 5218 illiciti
2235 5162 2489 5234 conjugii
2540 5179 2887 5235 causa,qum
2933 5163 2992 5218 in
3041 5164 3362 5218 canonibus
3413 5161 3660 5233 aliisque

2017 5252 2182 5307 libris
2213 5252 2429 5323 scripta
2469 5251 2816 5307 continetur.
2852 5252 3092 5308 Talibus
3123 5253 3321 5324 itaque
3347 5251 3539 5306 verbis
3569 5264 3661 5306 re-

2019 5339 2292 5414 sponderi
2319 5344 2509 5411 potest
2554 5346 2610 5396 et
2652 5340 2738 5395 illi
2771 5342 2872 5412 qui
2903 5358 3006 5413 pro
3031 5341 3369 5412 justissima
3407 5337 3662 5412 conjugii

2021 5447 2199 5487 causa
2221 5429 2427 5500 quarit
2450 5446 2684 5485 uxorem
2710 5430 2921 5486 ducere
2941 5434 2998 5485 et
3019 5430 3118 5502 qui
3141 5429 3305 5501 cupit
3331 5445 3459 5484 eam
3493 5427 3666 5484 licen-

2019 5526 2109 5576 ter
2157 5517 2504 5590 relinquere.
2537 5519 2597 5574 Si
2643 5524 2840 5576 autem
2888 5523 3052 5574 tanta
3099 5535 3240 5574 cura
3290 5519 3515 5592 agenda
3553 5521 3660 5584 est,

2021 5608 2312 5683 quomodo
2360 5624 2504 5666 uxor
2551 5607 2638 5668 vel
2682 5608 2942 5682 legitime
2981 5609 3233 5667 ducatur
3277 5607 3366 5667 vel
3422 5607 3665 5674 licenter
