4108 6188
389 283 541 345 ’199
640 277 646 283 ’

1433 267 1777 332 OTHLONI
1822 264 2178 330 MONACHI
2210 267 2289 326 ‘S.
2335 260 2827 327 EMMERAMMI

3710 256 3837 317 200

354 458 363 462 η
424 414 812 485 relinquatur,
844 408 986 481 quid
1018 406 1094 463 sit
1131 407 1201 461 de
1239 404 1359 461 illis
1391 404 1513 476 qui,
1547 419 1609 458 se
1638 400 1980 458 concubinis
2009 402 2066 454 et
2097 400 2150 466 Α
2179 397 2357 470 gitur,
2383 396 2622 467 indigne
2654 394 2916 485 ferebant
2944 391 3218 485 gentibus
3250 388 3550 485 pradicari
3580 389 3828 485 verbum

426 502 837 560 meretricibus
884 495 1154 569 plurimis
1195 494 1415 567 jugiter
1460 492 1810 565 polluentes,
1853 489 1933 546 nil
1978 506 2074 545 cu-

427 596 563 649 rant
591 589 841 661 qualiter
870 586 1112 642 honeste
1142 585 1359 649 vivant,
1387 583 1488 639 sed
1528 586 1757 637 tantum
1792 595 1951 636 more
1982 596 2074 650 pe-

427 682 642 738 cudum
674 674 1165 732 irrationabilium
1190 688 1361 729 omne
1382 676 1618 743 tempus
1645 670 1773 724 vita:
1805 686 1921 724 suae
1943 685 2071 740 per-

427 767 648 842 agunt?
666 770 782 821 Has
801 781 938 836 ergo
957 764 1278 820 sententias
1296 762 1366 817 de
1383 759 1691 832 Evangelio
1711 757 2072 829 decerpsisse

425 874 518 914 me
548 855 718 921 nulli,
760 870 981 925 quaeso,
1003 851 1328 924 displiceat,
1351 850 1452 906 sed
1484 849 1745 904 attendat
1772 848 1911 919 quia
1942 863 2070 917 quae

425 945 708 1003 Dominus
738 943 1014 1016 dignatus
1042 946 1131 997 est
1167 939 1330 1012 loqui
1360 943 1418 995 et
1446 939 1650 994 docere
1692 936 1862 993 nobis
1892 936 2069 991 etiam

421 1036 557 1092 licet
584 1034 859 1108 proferre.

1018 1119 1251 1175 CAPUT
1300 1116 1470 1174 XVII.

488 1215 620 1270 Alia
646 1212 893 1282 eiusdem
927 1210 1150 1283 generis
1187 1209 1512 1283 documenta
1540 1223 1611 1261 ea:
1638 1205 1998 1261 sacrosanctis

1079 1279 1411 1351 Evangeliis.

490 1396 635 1447 Item
666 1391 714 1448 si
745 1390 960 1462 aliquis
981 1389 1039 1443 in
1063 1388 1233 1444 corde
1257 1403 1362 1442 suo
1384 1385 1597 1440 tacitus
1621 1387 1843 1455 quaerat
1868 1386 2067 1437 utrum

418 1480 689 1537 homines
708 1484 824 1534 tam
849 1480 919 1534 ab
942 1477 1111 1532 initio
1130 1475 1335 1531 mundi
1356 1491 1531 1547 quam
1553 1491 1585 1528 a
1601 1472 1850 1545 pueritia
1867 1488 1974 1527 sua
1996 1471 2069 1525 ad

421 1569 521 1625 Dei
551 1568 775 1624 cultum
798 1566 1036 1623 veniant
1065 1569 1274 1636 sponte
1304 1568 1361 1619 et
1386 1563 1510 1619 suis
1542 1562 1787 1629 meritis,
1811 1578 1885 1619 an
1908 1576 2070 1615 voca-

419 1658 575 1714 tione
596 1658 719 1713 Dei.
745 1657 921 1729 Legat
943 1655 1103 1710 illam
1127 1652 1461 1726 parabolam
1486 1669 1517 1706 a
1541 1650 1783 1706 Domino
1810 1649 2026 1704 dictam
2049 1665 2062 1703 :

417 1748 612 1803 Simile
638 1755 717 1802 est
744 1762 974 1816 regnum
996 1744 1256 1798 caelorum
1286 1741 1498 1795 homini
1521 1737 1947 1811 patrifamilias.
1972 1738 2068 1809 qui
2095 1773 2143 1837 Β

416 1839 556 1893 exiit
571 1838 754 1907 primo
774 1848 937 1889 mane
956 1836 1255 1888 conducere
1277 1829 1562 1901 operarios
1586 1829 1650 1883 in
1669 1828 1888 1883 vineam
1909 1842 2069 1881 suam

417 1925 642 1994 (Matth.
663 1941 757 1992 xx,
784 1924 857 1990 1).
885 1921 1047 1987 Quod
1079 1919 1235 1975 enim
1268 1917 1411 1973 dicit
1443 1914 1927 1989 patremfamilias
1948 1914 2066 1987 pri-

418 2031 515 2072 mo
539 2029 709 2069 mane
733 2011 940 2078 exisse,
966 2013 1033 2065 ut
1054 2008 1406 2064 conduceret
1426 2009 1723 2078 operartos
1753 2004 1810 2058 in
1834 2003 2065 2059 vineam

418 2118 611 2168 suam,
647 2099 939 2173 signiﬁcat
967 2098 1107 2170 quia
1153 2095 1437 2152 Dominus
1466 2098 1522 2149 et
1552 2095 1609 2149 in
1641 2093 1810 2148 initio
1861 2092 2065 2147 mundi

418 2195 473 2246 et
498 2190 557 2245 in
589 2190 780 2262 prima
808 2187 1122 2259 cujuslibet
1170 2184 1427 2240 hominis
1464 2188 1632 2239 aetate
1661 2199 1809 2254 quos
1839 2180 1963 2236 vult
1994 2180 2062 2236 ad

417 2280 618 2353 gratiae
638 2296 755 2335 suae
779 2277 1046 2333 notitiam
1079 2275 1258 2348 eligit.
1285 2274 1447 2340 Quod
1469 2276 1664 2328 autem
1686 2271 1839 2327 circa
1860 2270 2064 2327 horam

418 2368 652 2425 tertiam
669 2367 808 2424 exiit
830 2366 1122 2439 signiﬁcat
1142 2364 1281 2436 quia
1303 2363 1362 2417 in
1382 2363 1550 2418 tertia
1572 2361 1800 2427 mundi,
1822 2376 1926 2415 nec
1949 2377 2064 2415 non

415 2459 472 2513 in
508 2457 682 2513 tertia
710 2454 969 2511 hominis
1000 2458 1170 2508 mtate
1200 2452 1483 2524 quosdam
1508 2451 1580 2505 ad
1612 2466 1675 2505 se
1695 2448 1906 2521 eligere
1928 2448 2063 2504 niti-

414 2552 530 2602 tur.
550 2544 751 2600 Simile
785 2543 1129 2615 mysterium
1160 2546 1322 2597 sexta
1342 2545 1399 2595 et
1428 2556 1581 2595 nona
1608 2538 1755 2593 hora
1786 2537 2061 2593 continet.

416 2633 577 2698 Quod
610 2648 741 2687 vero
774 2631 929 2685 circa
960 2629 1330 2685 undecimam
1363 2626 1579 2682 dicitur
1599 2627 1789 2681 exisse
1811 2629 1868 2681 et
1889 2642 2064 2696 quos-

418 2722 578 2790 dam,
602 2735 748 2791 quos
768 2718 986 2774 otiosos
1016 2715 1256 2786 invenit,
1284 2715 1436 2771 sicut
1455 2719 1512 2770 et
1534 2715 1717 2786 prius,
1740 2713 1799 2768 in
1833 2713 2061 2769 vineam

419 2825 589 2865 suam
617 2806 896 2863 conduxit
921 2805 1213 2879 signiﬁcat
1233 2804 1371 2876 quia
1392 2809 1542 2859 Deus
1563 2807 1620 2858 et
1639 2803 1699 2857 in
1723 2804 1836 2859 line
1857 2803 2061 2857 mundi

415 2902 473 2953 et
495 2897 553 2952 in
577 2900 873 2953 senectute
894 2911 1002 2950 sua
1022 2893 1292 2949 homines
1310 2892 1526 2948 multos
1547 2909 1580 2946 a
1600 2892 1751 2947 bono
1769 2907 1941 2963 opere
1963 2890 2061 2945 diu

416 2990 691 3042 vacantes
721 2986 793 3040 ad
820 2983 1028 3040 salutis
1059 2987 1284 3038 mternaa
1325 2981 1573 3053 gratiam
1607 2984 1917 3035 vocaturus
1950 2982 2059 3035 est.

414 3076 576 3141 Quod
608 3078 868 3146 tempore
897 3070 1225 3143 vespertino
1271 3070 1614 3125 adveniente
1646 3067 2061 3139 paterfamilias

2180 488 2280 543 Dei
2302 486 2466 559 prius
2488 502 2663 557 quam
2687 480 2962 556 ipsis,qui
2982 481 3154 553 longe
3176 483 3346 535 antea
3366 479 3424 534 in
3445 476 3575 551 lege
3599 478 3830 549 Domini

2170 568 2612 640 conversantes,
2645 572 2813 645 quasi
2859 572 2917 626 in
2948 571 3116 626 vinea
3164 569 3527 639 laborabant.
3553 568 3746 624 Potest
3775 572 3838 625 et

2180 665 2289 721 hoc
2309 665 2380 719 ad
2404 662 2888 719 murmurationis
2907 660 3083 715 verba
3104 657 3303 714 referri
3319 658 3476 729 quod
3500 656 3743 729 plurimi
3768 656 3834 711 in

2180 754 2453 810 cordibus
2486 753 2610 809 suis
2656 750 2868 822 saepius
2900 749 3258 805 admirantes
3280 744 3572 817 judicium
3613 744 3709 801 Dei
3740 745 3834 801 di—

2179 846 2319 898 cunt
2342 859 2354 897 :
2375 845 2488 897 Cur
2502 842 2657 896 Deus
2680 839 2967 911 quosdam
2991 836 3214 892 noviter
3235 842 3542 891 conVersos
3573 834 3740 907 prius
3763 849 3837 889 ex

2178 931 2287 987 hac
2315 932 2435 986 vita
2463 931 2794 986 subtractos
2832 928 2905 982 ad
2945 925 3201 981 coelestia
3235 940 3415 996 regna
3443 924 3619 979 ducat
3647 939 3836 995 quam

2175 1018 2310 1075 illos
2329 1018 2429 1091 qui
2452 1036 2486 1075 a
2506 1018 2756 1091 pueritia
2774 1032 2963 1087 usque
2985 1012 3434 1071 ad’senectutem
3457 1028 3838 1085 summopere

2178 1112 2542 1165 certaverunt
2570 1107 2681 1163 sibi
2704 1104 2959 1162 servire?
2984 1104 3085 1159 Cui
3110 1103 3286 1159 etiam
3316 1101 3709 1158 numerationi
3734 1118 3835 1159 sa-

2175 1198 2254 1253 tis
2285 1197 2554 1254 convenit
2582 1197 2738 1268 quoi
2770 1191 3192 1267 paterfamilias
3228 1192 3299 1247 ad
3331 1191 3645 1263 quemdam
3677 1201 3840 1247 mur-

2177 1286 2537 1343 murantium
2581 1285 2726 1340 dixit
2758 1302 2770 1340 :
2812 1285 2894 1339 An
2936 1283 3124 1338 oculus
3171 1285 3296 1337 tuus
3325 1296 3563 1352 nequam
3591 1285 3672 1336 est
3701 1282 3842 1351 quia

2176 1393 2273 1447 ego
2300 1377 2468 1432 bonus
2495 1378 2655 1431 sum?
2693 1373 2902 1446 (Matth.
2925 1390 3018 1439 xx,
3045 1371 3157 1444 15.)
3179 1368 3356 1437 Quasi
3386 1370 3604 1425 diceret
3629 1386 3643 1425 :
3669 1369 3835 1424 Nun-

2178 1465 2319 1538 quid
2351 1464 2594 1521 intentio
2627 1468 2728 1519 tua
2756 1462 2885 1517 ideo
2916 1476 3186 1534 perversa
3208 1463 3297 1514 est
3318 1459 3456 1530 quia
3483 1474 3588 1531 ego
3622 1457 3755 1530 pius
3774 1461 3840 1513 et

2180 1554 2509 1611 misericors
2531 1555 2757 1619 sum,et
2778 1551 2994 1623 quibus
3016 1549 3143 1604 volo
3167 1548 3332 1621 prius
3356 1564 3535 1620 quam
3557 1546 3660 1602 tibi
3691 1563 3841 1619 pra:-

2178 1643 2303 1699 mia-
2325 1648 2541 1699 aeterna
2572 1640 2758 1697 dabo?
2788 1640 2889 1695 His
2920 1639 3100 1712 igitur
3126 1636 3318 1693 verbis
3349 1640 3601 1709 possunt
3627 1652 3838 1693 omnes

2176 1731 2578 1803 edoceri,quia
2608 1747 2799 1797 nemo,
2823 1729 2937 1784 nisi
2970 1727 3160 1800 gratia
3186 1726 3284 1782 Dei
3316 1726 3550 1793 ductus,
3576 1725 3634 1781 in
3668 1723 3837 1780 cultu

2178 1822 2285 1893 piae.
2315 1821 2561 1876 actionis
2590 1819 2847 1886 laborat;
2893 1817 2995 1873 sed
3027 1822 3132 1872 nec
3163 1814 3362 1870 nullus
3405 1814 3696 1886 judicium
3730 1813 3838 1869 Dei

2178 1909 2599 1981 reprehendere
2630 1908 2802 1964 debet
2849 1923 2950 1962 cur
2982 1904 3162 1961 alium
3212 1920 3361 1971 sero,
3396 1903 3577 1959 alium
3630 1906 3830 1958 autem

2177 1998 2351 2054 citius
2382 1996 2653 2070 perennis
2677 1995 2806 2051 vita:
2837 1994 3091 2068 praemiis
3121 1997 3474 2049 remuneret.

2247 2087 2484 2142 Cunctis
2517 2087 2693 2141 etiam
2738 2084 3070 2157 pastoribus
3102 2081 3393 2150 Ecclesiae,
3419 2082 3517 2157 qui
3564 2086 3832 2139 tantum-

2177 2176 2350 2232 modo
2379 2175 2648 2231 laborant
2677 2177 2863 2230 semet
2891 2173 3157 2245 praeferre
3179 2171 3310 2228 aliis
3334 2171 3488 2227 fastu
3515 2172 3831 2244 superbiae,

2176 2283 2289 2321 non
2324 2266 2475 2320 bona
2502 2264 2750 2329 actione,
2773 2263 2833 2318 in
2856 2261 3164 2335 Evangelio
3190 2261 3607 2335 pronuntiatur
3635 2261 3830 2334 quali-

2175 2359 2262 2410 ter
2291 2370 2352 2410 se
2385 2355 2651 2426 praferre
2680 2352 2949 2417 debeant,
2983 2353 3063 2407 ita
3112 2350 3359 2407 Domino
3392 2350 3657 2406 dicente:
3693 2351 3831 2420 Qui-

2174 2460 2389 2514 cunque
2416 2444 2649 2499 voluerit
2676 2444 2820 2497 inter
2846 2456 2936 2497 vos
2970 2440 3150 2513 major
3176 2441 3321 2511 ﬁeri,
3352 2441 3424 2495 sit
3452 2448 3627 2495 vester
3656 2442 3832 2495 mini-

2172 2537 2302 2604 ster,
2335 2537 2390 2588 et
2417 2535 2516 2604 qui
2542 2532 2774 2587 voluerit
2818 2533 2962 2586 inter
2989 2546 3080 2586 vos
3106 2532 3320 2602 primus
3348 2545 3482 2599 esse,
3513 2532 3620 2586 erit
3650 2538 3832 2586 vester

2172 2638 2356 2677 servus
2377 2639 2396 2676 :
2425 2623 2568 2695 sicut
2596 2619 2752 2691 ﬁlius
2782 2621 3022 2675 hominis
3053 2635 3166 2675 non
3196 2620 3347 2674 venit
3374 2620 3708 2686 ministrari,
3734 2618 3832 2674 sed

2171 2712 2494 2765 ministrare
2521 2709 2732 2782 (Matth.
2765 2726 2861 2775 xx,
2892 2710 2983 2778 26,
3014 2707 3129 2780 27).
3163 2707 3379 2763 Omnes
3419 2723 3699 2779 namque,
3722 2708 3831 2779 qui

2173 2816 2206 2854 a
2235 2798 2481 2855 Domino
2528 2798 2801 2870 cupimus
2833 2797 3122 2864 coronari,
3152 2796 3434 2852 debemus
3483 2796 3645 2869 prius
3695 2797 3831 2867 ejus

2173 2888 2448 2942 mandata
2478 2891 2655 2958 atque
2684 2885 2948 2958 exempla
2986 2884 3225 2953 imitari,
3258 2885 3535 2957 quoniam
3566 2888 3623 2940 et
3650 2900 3759 2940 nos
3792 2901 3830 2940 a

2170 2977 2386 3033 nostris
2419 2976 2623 3032 amicis
2655 2980 2831 3048 atque
2872 2974 3127 3031 subditis
3176 2974 3287 3030 hoc
3330 2973 3616 3047 exigimus
3647 2980 3733 3041 ut,
3771 2975 3827 3030 si

2170 3065 2367 3137 aliqua
2397 3084 2430 3122 a
2460 3065 2628 3122 nobis
2668 3064 2907 3137 prmmia
2934 3063 3022 3119 vel
3063 3064 3371 3120 commoda
3401 3063 3691 3119 voluerint
3719 3064 3824 3119 ob-

413 3162 774 3237 procuratori
788 3160 1087 3230 suojussit
1102 3159 1460 3231 utOperariis
1479 3138 1799 3213 mercedem
1815 3158 2059 3226 tribuat,
2090 3138 2132 3205 C
2172 3155 2378 3225 tinere,
2402 3154 2513 3227 ipsi
2545 3155 2709 3226 prius
2734 3153 3088 3209 voluntatem
3111 3156 3370 3209 nostram
3404 3153 3677 3209 studeant
3708 3152 3824 3207 im-

418 3253 706 3325 incipiens
736 3268 770 3307 a
799 3249 1136 3306 novissimis
1169 3265 1356 3319 usque
1392 3248 1464 3303 ad
1496 3248 1738 3318 primos,
1772 3246 2063 3319 significat

417 3341 558 3414 quia
589 3339 873 3396 Dominus
912 3339 971 3393 in
1016 3337 1332 3409 cujuslibet
1362 3337 1476 3391 fine
1506 3336 1765 3392 hominis
1807 3335 1867 3391 in
1897 3335 2064 3391 vinea

419 3428 673 3495 Domini,
695 3427 753 3481 id
777 3430 866 3481 est
884 3426 942 3480 in
966 3425 1220 3481 Ecclesia
1242 3429 1447 3479 sancta
1465 3423 1804 3493 laborantis,
1827 3423 2063 3496 angelos

418 3533 557 3573 suos
579 3516 758 3572 mittit
777 3515 849 3571 ad
871 3514 1310 3586 suscipiendam
1332 3513 1490 3568 illius
1512 3513 1795 3579 animam,
1814 3513 2065 3569 maxime

413 3611 613 3662 tamen
635 3620 836 3661 eorum
859 3604 1088 3658 animas
1110 3602 1210 3673 qui
1232 3602 1343 3657 sub
1367 3601 1466 3656 illo
1487 3605 1747 3670 tempore
1768 3617 1883 3672 quo
1905 3602 2065 3657 Chri-

415 3700 545 3749 stus
576 3695 635 3748 in
664 3693 823 3747 hunc
862 3692 1148 3746 mundum
1181 3690 1357 3760 venit,
1392 3690 1501 3745 hoc
1545 3695 1635 3745 est
1681 3689 1738 3743 in
1788 3690 1903 3745 fine
1953 3707 2063 3746 sze-

414 3782 710 3851 culorum,
772 3780 1006 3837 credere
1074 3782 1393 3851 coeperunt.
1468 3778 1833 3849 Receperunt
1906 3778 2063 3833 enim

413 3871 846 3944 quodammodo
880 3868 1207 3924 mercedem
1248 3867 1403 3921 circa
1435 3866 1808 3921 undecimam
1856 3865 2061 3921 horam

410 3960 707 4017 venientes
765 3958 929 4031 prius
987 3973 1185 4033 quam.
1222 3960 1395 4011 antea
1450 3955 1767 4023 venientes,
1829 3956 2063 4028 quando

415 4048 699 4122 apostoli,
758 4052 1071 4119 martyres,
1126 4046 1518 4115 confessores,
1577 4045 1832 4116 virgines
1889 4050 2064 4116 atque

415 4154 619 4193 omnes
649 4135 836 4193 sancti
885 4139 1017 4207 post
1057 4135 1375 4190 adventum
1409 4133 1619 4189 Christi
1650 4133 1835 4189 eli‘ecti
1876 4135 2064 4207 magis

414 4227 475 4281 in
506 4225 765 4281 Ecclesia
794 4228 996 4279 sancta
1015 4223 1277 4279 venerari
1311 4227 1611 4295 coeperunt
1636 4240 1815 4294 quam
1846 4222 1930 4277 illi
1965 4224 2063 4294 qui

415 4316 486 4370 ab
508 4314 673 4370 initio
695 4313 900 4369 mundi
925 4328 1111 4385 usque
1134 4313 1203 4368 ad
1228 4311 1444 4368 Christi
1466 4312 1780 4367 adventum
1802 4312 2063 4368 sanctiﬁ-

413 4403 525 4460 cati
557 4408 715 4460 sunt.
739 4404 842 4459 Est
888 4406 944 4457 et
993 4402 1155 4457 aliud
1188 4400 1640 4473 quo,novissimi
1688 4402 1854 4472 prius
1885 4418 2063 4473 quam

411 4493 587 4565 primi
622 4493 948 4548 mercedem
981 4490 1277 4563 accepisse
1300 4489 1456 4546 credi
1488 4495 1754 4561 possunt,
1779 4491 1918 4561 quia
1948 4507 2063 4546 non
2097 4509 2142 4576 Ι)

413 4581 602 4640 solum
637 4578 938 4653 apostolis,
954 4581 1052 4635 sed
1077 4579 1252 4635 etiam
1286 4580 1516 4634 cunctis
1541 4579 1929 4635 Ecclesiarum
1962 4597 2063 4652 pa-

411 4673 667 4728 storibus
696 4671 832 4726 data
861 4673 951 4725 est
982 4686 1012 4724 a
1048 4669 1292 4725 Domino
1325 4672 1523 4723 nostro
1555 4672 1813 4739 potestas
1842 4668 2064 4740 ligandi

414 4766 586 4831 atque
607 4759 1031 4816 solvendi.H:ec
1054 4764 1248 4815 autem
1283 4762 1540 4829 potestas
1570 4756 1689 4812 illis
1722 4757 1941 4814 sanctis
1962 4759 2063 4830 qui

414 4853 547 4903 ante
569 4850 885 4903 adventum
909 4847 1123 4903 Christi
1161 4848 1395 4903 fuerant
1418 4846 1661 4903 minime
1688 4845 1903 4920 legitur
1931 4864 2067 4903 con-

415 4952 601 4992 cessa.
625 4936 787 5001 Quod
816 4951 950 4990 vero
1000 4935 1277 4990 dicuntur
1310 4936 1367 4989 hi
1403 4936 1503 5008 qui
1537 4936 1700 5008 prius
1748 4936 1807 4989 in
1837 4936 2067 4993 vineam

415 5023 956 5080 Dominivenientes
973 5022 1317 5078 laborabant
1335 5028 1392 5078 et
1410 5029 1540 5095 post
1557 5024 1911 5080 novissimos
1925 5041 2070 5080 mer-

413 5115 612 5170 cedem
643 5114 987 5184 acceperant
1024 5111 1341 5165 adversum
1388 5112 1874 5183 patremfamilias
1905 5131 2066 5168 mur-

412 5201 889 5271 murasse,juxta
930 5198 1189 5254 litteram
1238 5199 1443 5271 nequit
1490 5201 1673 5272 accipi
1722 5202 1860 5274 quia
1908 5202 2070 5259 nulla

417 5289 805 5347 murmuratio
828 5287 980 5343 inter
1002 5286 1297 5358 quoslibet
1326 5286 1539 5343 electos
1561 5293 1783 5344 aeternae
1813 5291 2067 5345 beatitu-

419 5379 572 5436 dinis
595 5378 922 5433 mercedem
942 5378 1184 5448 adeptos
1203 5376 1539 5443 accidit,sed
1564 5383 1804 5451 mystice
1821 5384 2069 5451 possunt

419 5466 668 5539 intelligi
705 5482 1106 5523 murmurasse
1133 5465 1216 5533 hi,
1241 5466 1337 5538 qui
1361 5482 1430 5520 ex
1455 5466 1671 5522 Judmis
1694 5468 2067 5526 credentibus

418 5559 479 5623 in
500 5553 795 5633 primitiva
816 5554 1094 5627 Ecclesia,
1111 5557 1176 5613 ut
1204 5556 1263 5612 in
1285 5553 1527 5612 Actibus
1554 5555 1950 5629 apostolorum
1983 5558 2066 5615 le-

2171 3243 2349 3316 plere.

2243 3324 2311 3388 Et
2342 3350 2413 3389 ne
2451 3334 2586 3404 quis
2634 3338 2871 3405 propter
2902 3331 3101 3404 aliqua
3143 3347 3319 3404 opera
3349 3332 3501 3387 bona
3548 3331 3825 3388 humanae

2172 3421 2365 3477 laudis
2394 3421 2653 3493 appetitu
2686 3420 2980 3493 impulsus
3012 3424 3342 3493 superetur,
3369 3421 3631 3477 attendat
3662 3421 3826 3477 illam

2174 3510 2510 3583 parabolam
2548 3528 2560 3565 :
2607 3510 2799 3566 Simile
2845 3515 2922 3566 est
2974 3526 3210 3583 regnum
3249 3511 3515 3565 caelorum
3564 3511 3829 3567 thesauro

2173 3601 2491 3656 abscondito
2540 3601 2600 3654 in
2649 3616 2801 3670 agro,
2834 3604 2942 3655 etc.
2966 3600 3173 3672 (Matth.
3198 3614 3321 3671 xm,
3347 3599 3460 3670 44).
3495 3599 3619 3656 Nisi
3666 3600 3826 3655 enim

2175 3690 2322 3745 actio
2354 3690 2506 3745 bona
2537 3688 2834 3744 interdum
2868 3690 2940 3744 ab
2970 3688 3310 3744 hominibus
3340 3688 3755 3754 abscondatur,
3794 3705 3831 3744 a

2174 3777 2449 3849 malignis
2478 3777 2787 3849 spiritibus
2812 3778 2969 3833 velut
2989 3795 3022 3833 a
3044 3778 3370 3834 latronibus
3392 3776 3635 3851 pecunia
3665 3776 3831 3834 male

2174 3866 2402 3938 prodita
2434 3866 2715 3921 aufertur.

2245 3955 2347 4010 His
2373 3953 2553 4009 simul
2586 3954 2686 4027 qui
2720 3956 2932 4027 saepius
2954 3960 3063 4011 Deo
3089 3956 3440 4027 promittunt
3459 3956 3826 4023 benefacere,

2173 4044 2273 4099 sed
2306 4060 2421 4098 non
2452 4043 2695 4107 faciunt.
2719 4044 3102 4116 respondetur
3131 4044 3191 4099 in
3223 4044 3532 4118 Evangelio
3560 4043 3695 4118 quia
3726 4060 3832 4100 ne-

2174 4133 2409 4204 quiores
2439 4137 2580 4188 sunt
2608 4132 2724 4188 illis
2769 4134 2869 4205 qui
2902 4150 3017 4188 non
3061 4134 3439 4205 promittunt,
3472 4135 3574 4191 sed
3623 4138 3829 4189 tamen

2175 4220 2491 4293 aliquando
2522 4222 2675 4278 bona
2706 4222 2930 4277 faciunt
2959 4239 3084 4294 quae
3115 4240 3230 4279 non
3261 4223 3678 4297 promiserunt.
3704 4226 3830 4278 Hoc

2175 4327 2427 4382 namque
2444 4312 2723 4366 Dominus
2740 4310 2960 4367 indicat
2977 4327 3079 4383 per
3096 4311 3259 4368 illam
3280 4311 3831 4384 parabolam,quam

2174 4401 2245 4454 ad
2270 4399 2594 4456 Pharisaaos
2624 4400 2770 4456 dixit
2794 4418 2806 4456 :
2840 4402 3008 4457 Homo
3035 4401 3261 4474 quidam
3291 4402 3481 4457 habuit
3501 4401 3634 4458 duos
3658 4402 3832 4472 ﬁlios,

2173 4491 2226 4543 et
2255 4488 2511 4544 accedens
2540 4488 2612 4543 ad
2642 4492 2890 4559 primum
2938 4489 3083 4545 dixit
3112 4510 3131 4545 :
3162 4492 3290 4559 Fili,
3324 4490 3463 4547 vade
3510 4490 3675 4546 hodie
3701 4505 3836 4562 ope—

2172 4593 2299 4633 rare
2326 4579 2384 4632 in
2416 4579 2579 4634 vinea
2605 4594 2758 4641 mea;
2788 4580 2887 4633 ille
2915 4588 3104 4634 autem
3144 4580 3475 4652 respondens
3505 4582 3595 4636 ait
3623 4596 3642 4634 :
3672 4580 3834 4648 Nolo,

2173 4669 2371 4722 Postea
2397 4674 2580 4722 autem
2598 4670 2925 4740 paenitentia
2944 4676 3126 4724 motus
3153 4671 3322 4725 abiit.
3346 4669 3426 4725 Ad
3444 4669 3683 4725 alterum
3701 4683 3834 4725 vero

2176 4757 2440 4812 similiter
2484 4756 2659 4819 dixit;
2706 4759 2802 4828 qui
2850 4759 3183 4829 respondens
3221 4760 3302 4814 ait
3331 4777 3349 4813 :
3383 4760 3478 4827 Eo,
3508 4758 3747 4827 domine,
3780 4762 3840 4814 et

2176 4861 2286 4901 non
2316 4846 2435 4901 ivit.
2471 4847 2603 4914 Quis
2632 4863 2701 4901 ea:
2728 4846 2934 4902 duobus
2960 4849 3093 4916 fecit
3123 4849 3465 4904 voluntatem
3488 4849 3710 4919 patris?
3741 4848 3841 4902 Di-

2176 4943 2303 4990 cunt
2332 4936 2424 4991 illi
2453 4953 2472 4991 :
2504 4936 2741 4991 Primus.
2774 4937 2921 4993 Dicit
2951 4938 3064 4993 illis
3090 4941 3246 4994 Iesus
3265 4955 3283 4993 :
3307 4939 3476 4994 Amen
3508 4937 3625 4993 dico
3655 4937 3834 5005 vobis,

2177 5026 2306 5095 quia
2329 5025 2619 5096 publicani
2646 5033 2697 5080 et
2714 5028 3024 5082 meretrices
3046 5027 3364 5097 praecedunt
3384 5043 3475 5083 vos
3507 5029 3567 5081 in
3597 5041 3837 5097 regnum

2177 5115 2275 5169 Dei
2294 5113 2500 5182 (Matth.
2516 5115 2851 5186 xx1,28-31).
2880 5116 2994 5171 Hac
3021 5116 3202 5188 igitur
3221 5114 3497 5190 parabole
3516 5116 3844 5173 admonen-

2177 5207 2273 5257 tur
2301 5220 2418 5257 non
2448 5201 2641 5258 solum
2680 5203 2887 5275 Judaei,
2923 5204 3021 5277 qui
3063 5206 3471 5279 promittentes
3520 5210 3635 5260 Deo
3683 5203 3844 5277 legis

2177 5296 2465 5365 prmoepta
2494 5309 2724 5348 servare
2770 5309 2887 5348 non
2937 5292 3347 5367 impleverunt,
3372 5298 3575 5368 gentes
3604 5296 3840 5363 autem,

2176 5399 2305 5454 quae
2348 5399 2463 5438 non
2496 5382 2911 5454 promiserunt,
2936 5383 3198 5439 conversi
3230 5385 3301 5440 ad
3325 5384 3646 5454 Christum,
3669 5382 3843 5454 ejus-

2176 5474 2307 5527 dem
2340 5471 2485 5546 legis
2517 5475 2805 5545 praecepta
2834 5471 3241 5546 impleverunt,
3272 5474 3373 5530 sed
3405 5472 3583 5530 etiam
3616 5488 3841 5528 mona—

2178 5560 2334 5617 sticae
2356 5560 2736 5635 professionis
2766 5560 3056 5634 homines,
3079 5561 3180 5637 qui
3201 5562 3414 5637 saepius
3434 5561 3549 5621 Deo
3578 5560 3843 5636 promit-
