4098 6172
256 225 374 286 201

1369 224 1601 285 LIBER
1647 223 1748 284 DE
1793 193 2053 285 suasu
2099 222 2566 286 SPlRlTUALl.

3554 227 3672 286 202

259 353 781 428 tuntspiritualem
803 353 981 411 vitam
1000 355 1548 424 sectari,saecularia
1564 356 1913 428 relinquere;
1944 357 1998 426 Î‘
2029 359 2236 411 neutra
2267 359 2428 426 parte
2476 354 2682 412 fuisset
2725 355 2814 412 vel
2851 358 3065 412 tactus.
3100 355 3251 412 Dixit
3277 355 3434 412 enim
3464 360 3522 413 et
3551 358 3670 414 Cie.

261 446 390 512 sed,
405 444 548 518 proh
571 444 738 500 dolor
757 444 769 499 l
796 443 1036 517 plurimi
1057 462 1170 501 non
1189 446 1432 502 faciunt.
1446 445 1767 502 Saeculares
1781 462 1915 502 vero

262 535 396 605 viri,
419 534 552 590 licet
585 532 734 588 nihil
766 533 881 589 tale
901 533 1017 590 Deo
1038 535 1456 606 promiserunt,
1482 540 1800 608 operantur
1827 539 1915 591 ta-

263 640 400 678 men
423 622 642 694 saepius
664 638 734 677 ea
753 637 879 693 quae
903 623 970 677 ad
1001 623 1368 695 spiritualem
1389 625 1569 680 vitam
1596 624 1912 697 pertinent,

259 713 536 784 ideoque,
568 710 723 767 sicut
749 709 982 767 Judaeos
1027 711 1327 784 publicani
1357 718 1414 769 et
1443 713 1796 781 meretrices,
1829 712 1916 769 sic

258 800 587 856 monachos
609 797 971 872 negligentes
993 803 1326 872 praecedunt
1348 803 1407 858 in
1430 818 1607 874 regno
1620 801 1720 874 Dei
1741 818 1917 858 sescu-

255 890 420 944 lares
450 889 582 944 viri.

330 977 673 1033 Notandum
705 992 941 1050 quoque
970 983 1190 1050 quanta
1219 980 1296 1035 sit
1325 980 1556 1052 pietatis
1589 979 1798 1036 divinae
1827 979 1915 1035 di-

259 1067 566 1140 spensatio
585 1066 645 1121 in
668 1082 734 1121 eo
757 1067 912 1138 quod
930 1068 1280 1125 documenta
1299 1069 1510 1125 salutis
1535 1073 1743 1126 nostrae
1765 1085 1918 1140 quae-

264 1155 426 1222 dam,
447 1170 596 1226 quae,
620 1151 805 1208 nullis
826 1154 1229 1212 accidentibus
1252 1157 1465 1226 causis,
1485 1174 1587 1230 per
1605 1158 1919 1227 interroga-

262 1242 456 1299 tiones
473 1242 810 1315 aliquorum
827 1242 916 1299 vel
933 1259 1034 1316 per
1054 1250 1221 1318 gesta
1237 1245 1654 1303 miraculorum
1673 1262 1916 1303 suorum

262 1331 613 1404 proferenda
632 1347 760 1387 esse
781 1332 1063 1404 praavidit,
1087 1349 1192 1405 per
1215 1334 1523 1406 parabolas
1553 1339 1609 1391 et
1639 1334 1916 1392 similitu-

267 1420 438 1475 dines
469 1437 503 1475 a
531 1436 594 1475 se
625 1420 982 1493 excogitatas
1013 1421 1274 1492 protulit.
1300 1424 1356 1477 Si
1384 1424 1517 1495 quis
1542 1440 1677 1480 vero
1700 1422 1916 1478 dubius

268 1524 443 1564 nosse
472 1509 672 1581 cupiat
715 1508 766 1565 si
799 1510 940 1581 quid
973 1509 1233 1567 humana
1261 1512 1517 1568 versutia
1545 1517 1602 1568 et
1631 1511 1919 1585 sapientia

265 1597 452 1653 valeat
475 1601 683 1653 contra
703 1597 985 1664 divinam,
1007 1599 1164 1672 legat
1193 1599 1302 1656 hoc
1327 1602 1482 1671 quod
1514 1601 1799 1673 scriptum
1830 1604 1919 1656 est

259 1687 320 1742 in
352 1686 691 1759 Evangelio,
724 1686 864 1759 quia
891 1686 1114 1743 scilicet
1151 1689 1410 1744 abeuntes
1438 1691 1708 1746 Pharisaei
1734 1690 1917 1746 consi-

261 1777 404 1830 lium
433 1777 686 1831 inierunt
713 1781 775 1831 ut
801 1782 1060 1848 caperent
1087 1781 1280 1834 Jesum
1317 1781 1378 1833 in
1423 1794 1671 1834 sermone
1699 1777 1916 1850 (Matth.

261 1882 400 1932 xin,
429 1865 541 1937 15).
568 1865 675 1931 Qui
705 1864 842 1921 licet
866 1882 1000 1920 eum
1028 1867 1246 1922 dolosis
1267 1867 1458 1924 verbis
1487 1867 1762 1940 primitus
1791 1867 1917 1922 lau-

266 1955 475 2009 dantes
496 1953 863 2022 extollerent,
889 1954 1233 2026 cunctisque
1254 1955 1594 2012 hominibus
1615 1955 1919 2028 perfectio-

266 2058 392 2098 rem
422 2042 707 2112 dicerent,
741 2047 799 2098 et
849 2043 932 2099 sic
979 2044 1218 2100 demum
1266 2049 1400 2116 post
1426 2049 1652 2101 tantam
1685 2044 1919 2100 laudem

267 2135 567 2188 tentantes
589 2132 1033 2204 interrogarent,
1048 2133 1408 2191 aestimantes
1425 2151 1582 2206 eum,
1598 2138 1662 2190 ut
1685 2139 1921 2190 caeteros

266 2219 561 2287 homines,
580 2220 889 2277 laudatum
911 2221 1142 2279 facilius
1164 2241 1334 2296 posse
1357 2225 1566 2296 decipi,
1581 2223 1677 2280 ille
1697 2227 1918 2294 tamen,

263 2310 621 2382 priusquam
652 2309 878 2383 aliquid
912 2313 984 2368 ad
1015 2311 1370 2386 interrogata
1402 2314 1798 2385 responderet,
1821 2329 1921 2369 eo-

259 2416 395 2454 rum
420 2399 752 2471 nequitiam
777 2404 1042 2472 potenter
1060 2401 1402 2474 increpavit,
1418 2403 1652 2459 dicens:
1680 2402 1820 2470 Quid
1838 2418 1924 2458 me

266 2491 512 2555 tentatis,
543 2488 887 2561 hypocrita?
906 2490 1295 2563 (Ibid.,18).ln
1322 2491 1538 2562 quibus
1558 2491 1749 2547 verbis
1779 2507 1921 2564 pan-

264 2594 391 2634 sare
421 2595 749 2650 possumus
781 2578 939 2650 quia,
972 2580 1088 2635 nisi
1119 2580 1274 2636 Deus
1303 2585 1475 2648 esset,
1503 2584 1627 2637 tam
1659 2581 1773 2636 cito
1805 2597 1924 2636 ver-

261 2667 480 2722 sutiam
514 2671 744 2723 tantam
777 2684 948 2724 nosse
987 2669 1274 2740 nequiret.
1307 2670 1414 2742 sed
1470 2674 1528 2725 et
1574 2669 1682 2725 hoc
1733 2673 1925 2741 potest

265 2757 460 2811 omnis
478 2755 818 2828 intelligens
830 2760 886 2812 et
902 2757 1208 2829 requirens
1221 2762 1401 2814 Deum
1419 2758 1478 2813 in
1493 2758 1714 2815 eisdem
1731 2757 1922 2814 verbis

262 2845 631 2917 perpendere
655 2845 796 2916 quia
820 2860 990 2901 nemo
1015 2844 1217 2913 alium,
1237 2863 1352 2902 non
1379 2846 1568 2920 solum
1591 2846 1797 2918 Deum,
1821 2847 1923 2903 sed

267 2949 367 2989 nec
397 2933 706 3002 homines,
737 2937 963 2989 tentare
1000 2938 1059 2989 et
1101 2935 1374 2992 invadere
1402 2936 1574 2991 debet
1623 2953 1725 3008 per
1751 2936 1925 2992 verba

269 3021 488 3077 dolosa.
507 3022 834 3093 Postquam
854 3025 1050 3078 autem
1072 3022 1356 3079 Dominus
1378 3023 1805 3080 Pharismorum
1829 3040 1925 3080 ne-

2025 445 2143 499 sari
2177 461 2304 516 quae
2338 461 2445 500 sua
2475 444 2684 513 forent,
2709 448 2764 501 et
2795 462 2922 518 qua
2943 446 3044 503 Dei
3074 446 3263 502 forent
3287 446 3404 504 Deo
3425 446 3674 504 redden-

2026 535 2118 589 da.
2153 533 2214 588 In
2248 534 2462 604 quibus
2490 534 2680 590 verbis
2711 535 2825 591 duo
2858 537 3158 608 pensanda
3187 539 3327 593 sunt
3360 553 3373 592 :
3421 553 3674 610 quorum

2026 639 2211 678 unum
2230 624 2357 694 jam
2380 622 2657 692 diximus,
2682 623 2822 695 quia
2841 625 3208 682 obstructum
3229 630 3319 683 est
3337 642 3402 683 os
3422 625 3674 700 loquen-

2023 710 2173 766 tium
2206 715 2408 768 contra
2437 711 2751 767 Dominum
2779 737 2793 780 ;
2825 713 3074 768 alterum
3102 730 3236 770 vero
3265 719 3376 783 est,
3404 716 3546 788 quia
3572 713 3674 773 ille

2025 800 2126 872 qui
2158 816 2334 872 super
2363 815 2588 869 omnes,
2619 804 2676 856 et
2703 817 2809 872 per
2838 801 3055 870 omnia,
3088 805 3146 858 et
3172 803 3232 858 in
3263 805 3538 861 omnibus
3567 804 3674 861 do-

2025 888 2286 945 minatur
2311 889 2588 962 dignatus
2607 894 2695 946 est
2715 891 3024 946 decernere
3042 893 3273 948 terreno
3303 893 3553 966 principi
3583 892 3673 950 vel

2025 977 2146 1034 ulla
2168 981 2475 1035 commoda
2495 979 2640 1036 dari.
2664 979 2870 1035 Merito
2892 979 3091 1052 itaque
3112 981 3459 1053 sapientiam
3490 981 3672 1039 simul

2025 1073 2084 1123 et
2111 1068 2482 1124 clementiam
2517 1068 2744 1126 Domini
2774 1069 2991 1141 iugiter
3016 1085 3386 1140 veneramur,
3415 1070 3673 1128 dicentes

2025 1173 2162 1213 cum
2193 1157 2507 1214 Psalmista
2542 1174 2555 1213 :
2601 1163 2833 1230 Magnus
2863 1159 3132 1215 Dominus
3158 1162 3364 1228 noster,
3390 1167 3446 1216 et
3469 1176 3676 1233 magna

2024 1247 2204 1302 virtus
2233 1249 2368 1316 ejus,
2403 1251 2452 1303 et
2493 1249 2782 1320 sapientia
2814 1248 2928 1319 ejus
2956 1264 3067 1304 non
3095 1252 3174 1304 est
3201 1265 3464 1306 numerus
3495 1249 3672 1324 (Psal.

2027 1351 2207 1402 cxnvr,
2237 1337 2317 1407 5),
2351 1336 2418 1391 Et
2445 1338 2658 1392 iterum
2693 1354 2706 1392 :
2765 1338 3039 1394 Universae
3070 1339 3180 1395 via
3205 1339 3431 1395 Domini
3456 1339 3676 1396 miseri-

2025 1424 2220 1480 cordia
2270 1429 2320 1479 et
2371 1427 2592 1493 veritas,
2625 1426 3032 1498 requirentibus
3061 1428 3451 1484 testamentum
3479 1429 3596 1500 ejus
3624 1426 3685 1484 et

2027 1513 2343 1568 testimonia
2382 1513 2498 1584 ejus
2547 1513 2716 1584 (Psal.
2749 1530 2902 1584 xxxv,
2937 1515 3046 1584 10).
3100 1513 3230 1572 Haec
3277 1515 3457 1587 igitur
3498 1515 3678 1572 verba

2028 1600 2329 1673 sapientiae
2360 1606 2416 1656 et
2444 1601 2679 1672 pietatis
2710 1602 2938 1671 divine,
2963 1619 3090 1674 quae
3121 1604 3192 1659 de
3221 1602 3563 1677 evangelicae
3591 1602 3676 1660 le-

2027 1688 2236 1744 ctionis
2266 1689 2642 1761 expositione,
2677 1707 2782 1746 nec
2811 1708 2926 1746 non
2960 1692 3030 1746 de
3059 1691 3306 1763 psalmis
3336 1693 3674 1765 nuperrime

2029 1777 2267 1849 protuli,
2293 1778 2524 1834 dolosos
2552 1794 2814 1851 quosque
2835 1795 3038 1851 precor
3068 1781 3387 1850 attendere,
3411 1797 3484 1838 ne
3505 1782 3672 1851 forte,

2028 1866 2298 1923 obcaecati
2322 1884 2424 1939 pro
2446 1868 2772 1924 temeritate
2798 1868 2910 1939 sui,
2935 1867 3160 1924 similes
3180 1869 3510 1926 efï¬ciantur
3529 1870 3678 1927 Pha-

2029 1955 2236 2025 risazis,
2268 1956 2368 2027 qui
2417 1956 2558 2012 lâ€˜oris
2593 1956 2830 2028 quidem
2860 1956 3186 2030 hypocrisis
3217 1957 3482 2015 moribus
3512 1957 3674 2016 deal-

2029 2044 2171 2112 bati,
2200 2044 2360 2100 intus
2390 2050 2586 2100 autem
2618 2049 2784 2101 erant
2811 2045 2968 2118 pleni
3001 2045 3282 2118 spurcitia
3309 2046 3492 2103 omni.

2620 2161 2850 2217 CAPUT
2886 2161 3077 2219 XVIII.

2028 2252 2095 2303 In
2126 2249 2322 2324 quibus
2342 2249 2766 2324 Evangeliorum
2796 2251 2930 2306 locis
2953 2260 3220 2324 perpetuo
3249 2251 3504 2320 vigilare,
3524 2253 3681 2324 [rau-

2102 2320 2335 2394 dulentis
2377 2322 2801 2394 cogitationibus
2845 2320 3123 2394 resistere,
3153 2337 3368 2394 semper
3413 2320 3681 2394 proï¬cere

2091 2391 2409 2460 jubeamur,
2443 2400 2496 2447 et
2537 2393 2671 2464 quid
2711 2395 2884 2464 prosit
2933 2392 3221 2464 baptizatis
3265 2391 3679 2466 parvulis/ida

2101 2463 2479 2534 o/ferentium.

2101 2479 2479 2519 onerentium.

2102 2579 2172 2632 Et
2201 2582 2267 2634 ut
2295 2577 2514 2650 aliquid
2543 2576 2864 2634 studiosius
2893 2577 3137 2652 vigilant
3162 2578 3236 2634 ad
3263 2578 3521 2636 melioris
3547 2579 3678 2636 vita

2033 2667 2553 2734 conversationem,
2572 2669 2814 2723 audiant
2835 2667 2973 2739 quid
2993 2667 3276 2724 Dominus
3291 2668 3350 2723 in
3369 2667 3680 2742 Evangelia

2035 2754 2327 2827 quoslibet
2358 2756 2725 2812 admonendo
2757 2757 2911 2812 dicat
2941 2773 2955 2811 :
3013 2756 3260 2828 Vigilate,
3291 2759 3424 2828 quia
3453 2758 3681 2814 nescitis

2033 2862 2141 2917 qua
2171 2846 2307 2900 hora
2337 2847 2601 2902 Dominus
2649 2853 2825 2902 vester
2867 2843 3131 2902 venturus
3173 2848 3245 2901 sit
3288 2846 3494 2917 (Matth.
3526 2864 3678 2918 xx1v,

2032 2935 2142 3005 42).
2179 2934 2461 2991 Dominus
2490 2935 2706 3007 quippe
2736 2935 2808 2990 ad
2841 2950 3325 3007 unumquemque
3355 2935 3513 2991 venit
3541 2952 3679 2992 cum

2032 3023 2225 3078 obitus
2257 3023 2350 3079 sui
2379 3023 2524 3079 hora
2545 3023 3136 3096 appropinquaverit;
3171 3025 3244 3080 ad
3266 3025 3436 3096 cujus
3464 3025 3678 3082 adven-

269 3110 519 3182 qnitiam
553 3109 900 3182 increpavit,
923 3111 1110 3181 jussit
1139 3128 1237 3167 eos
1268 3113 1573 3168 ostendere
1602 3112 1714 3168 sibi
1743 3114 1920 3169 dena-
1952 3096 1994 3163 C
2031 3115 2158 3166 tum
2188 3111 2394 3184 vigilat
2423 3113 2522 3183 qui
2554 3127 2617 3168 se
2646 3113 2815 3168 bonis
2845 3112 3122 3184 operibus
3141 3114 3212 3169 ad
3243 3113 3469 3171 obitum
3501 3130 3678 3171 suum

269 3199 443 3270 rium,
480 3203 548 3253 ut
595 3214 702 3269 per
748 3199 973 3253 denarii
1013 3199 1410 3256 ostensionem
1443 3217 1696 3275 congrue
1726 3204 1926 3274 posset
2033 3204 2353 3272 praeparat;
2387 3201 2558 3271 cujus
2586 3200 2761 3256 etiam
2784 3201 3056 3256 adventui
3077 3201 3526 3258 similitudinem
3548 3203 3678 3259 bre-

267 3287 624 3358 respondere
654 3287 728 3342 ad
758 3285 1153 3360 interrogata;
1186 3288 1625 3362 interrogabant
1660 3291 1841 3357 enim,
1874 3290 1924 3345 si
2030 3305 2162 3344 vem
2193 3291 2250 3344 et
2279 3288 2652 3344 notissimam
2684 3289 2971 3361 adjungit,
2996 3291 3062 3343 ut
3081 3289 3492 3362 unusquisque
3519 3306 3582 3346 se
3612 3305 3678 3346 eo

270 3391 517 3431 censum
549 3375 690 3431 dare
722 3375 931 3432 Caesari
962 3375 1118 3433 licet.
1152 3377 1414 3450 Cumque
1460 3377 1767 3433 denarium
1817 3379 1924 3433 ob-

265 3462 572 3534 tulissent,
595 3463 986 3537 interrogavit
1001 3470 1056 3520 et
1081 3465 1206 3538 ipse
1226 3466 1512 3523 Dominus
1536 3468 1770 3522 eosdem
1786 3466 1926 3522 Pha-

276 3553 495 3609 risaeos
541 3552 612 3606 de
648 3553 868 3609 denarii
924 3554 1325 3626 inscriptione,
1358 3571 1534 3627 quam
1586 3555 1922 3627 aspiciebat.

270 3640 403 3697 Illis
429 3656 566 3696 vero
595 3643 1084 3714 respondentibus
1107 3644 1246 3716 quia
1265 3644 1526 3700 Caesariis
1549 3649 1704 3700 esset
1733 3644 1928 3716 imago

272 3730 584 3803 inscripta,
609 3735 749 3787 tunc
768 3733 1007 3788 tandem
1029 3731 1272 3804 protulit
1292 3733 1661 3802 sententiam,
1686 3750 1791 3804 pro
1813 3749 1929 3805 qua

271 3819 676 3893 interrogatus
714 3825 855 3889 erat,
890 3820 1088 3876 dicens
1123 3837 1136 3875 :
1186 3821 1406 3876 Reddite
1451 3837 1577 3892 ergo
1626 3836 1752 3893 quae
1799 3824 1930 3876 sunt

278 3907 521 3966 Cesaris
555 3909 779 3980 Emori,
809 3918 862 3965 et
905 3924 1032 3981 quae
1069 3913 1200 3965 sunt
1238 3912 1354 3979 Dei,
1384 3911 1490 3966 Deo
1522 3910 1709 3982 (lbid.,
1739 3910 1851 3982 21).
1885 3909 1928 3965 0

273 4014 456 4070 quam
505 4001 722 4069 frustra
755 3999 966 4069 jacitur
1005 4002 1118 4054 rete
1153 4003 1282 4055 ante
1312 3997 1498 4054 oculos
1521 4003 1930 4070 pennatorum!

272 4088 459 4155 (Prov.
501 4103 544 4152 1,
579 4087 686 4158 17).
722 4085 766 4140 ÎŸ
797 4103 977 4159 quam
1005 4087 1224 4142 frustra
1247 4087 1362 4143 Deo
1383 4091 1762 4159 opponuntur
1791 4086 1930 4142 sub-

271 4174 476 4231 tilium
499 4174 706 4246 jacula
728 4177 1037 4232 verborum
1058 4177 1070 4231 l
1102 4177 1256 4232 sicut
1278 4176 1434 4232 enim
1451 4175 1740 4247 put-verem
1761 4177 1934 4248 proji-

276 4266 361 4319 cit
377 4273 566 4320 ventus
585 4282 621 4319 a
638 4267 783 4336 facie
806 4269 973 4323 terra:
988 4267 1160 4338 (Psat.
1185 4283 1222 4336 Î¹,
1243 4266 1318 4336 4),
1337 4265 1491 4321 sicut
1505 4264 1932 4321 Pharisaeorum

275 4352 547 4409 versutia
573 4354 854 4425 projects,
886 4357 943 4409 et
972 4354 1206 4409 redacta
1234 4358 1324 4409 est
1354 4353 1424 4408 ad
1455 4352 1708 4408 nihilum
1753 4370 1787 4407 a
1822 4353 1935 4408 Do-

2033 3377 2222 3449 magis
2252 3375 2392 3431 illuc
2423 3380 2725 3448 praeparet,
2753 3393 2869 3447 quo
2900 3375 3110 3432 certior
3139 3377 3330 3432 factus
3355 3383 3445 3433 est
3473 3377 3680 3434 exinde

2033 3482 2168 3522 cum
2199 3465 2476 3536 adjuncta
2505 3463 2913 3520 similitudine.
2947 3463 3078 3519 Haec
3117 3468 3206 3520 est
3234 3468 3432 3520 autem
3463 3464 3680 3521 simili-

2032 3555 2176 3610 tudo
2199 3569 2374 3626 quam
2398 3552 2684 3609 Dominus
2706 3551 3038 3625 subjungit,
3057 3553 3257 3608 dicens
3282 3569 3295 3610 :
3328 3553 3480 3610 Illud
3497 3561 3684 3610 autem

2035 3646 2243 3711 scitote,
2278 3644 2560 3716 quoniam,
2593 3643 2644 3698 si
2671 3643 2832 3698 sciret
2857 3643 3266 3714 paterfamilias
3289 3659 3398 3714 qua
3427 3644 3563 3701 hora
3588 3645 3687 3716 fur

2035 3733 2264 3801 veniret,
2284 3731 2550 3802 vigilaret
2572 3733 2765 3803 utique
2793 3735 2847 3786 et
2874 3746 2983 3786 non
3014 3734 3218 3787 sineret
3234 3731 3449 3803 perfodi
3466 3733 3687 3789 domum

2037 3836 2194 3876 suam
2210 3821 2392 3891 (Ibid.,
2413 3820 2523 3892 43).
2542 3820 2666 3883 Qua
2686 3818 3074 3876 similitudine
3094 3835 3300 3876 omnes
3315 3823 3477 3876 tanto
3495 3820 3688 3894 magis

2038 3908 2336 3965 admoneri
2358 3913 2624 3981 possunt,
2639 3912 2862 3980 quanto
2880 3907 2993 3964 sibi
3011 3912 3242 3964 constat
3257 3907 3509 3965 maxime
3525 3913 3685 3966 nota.

2039 3998 2098 4053 Si
2151 3996 2307 4053 enim
2359 3997 2575 4053 scirent
2622 4014 2740 4069 qua
2781 3997 2926 4053 hora
2974 3997 3069 4052 fur
3105 3996 3347 4069 veniret,
3377 3996 3689 4070 vigilarent

2040 4085 2245 4157 utique
2273 4089 2330 4142 et
2360 4102 2474 4140 non
2507 4085 2764 4140 sinerent
2801 4085 3025 4158 perfodi
3057 4086 3299 4141 domum
3332 4102 3502 4142 suam
3539 4103 3552 4142 :
3602 4086 3688 4142 sic

2040 4174 2217 4230 etiam
2250 4173 2300 4228 si
2333 4173 2536 4228 mortis
2561 4159 2677 4229 suae
2708 4173 2935 4241 horam,
2959 4191 3086 4247 quae
3117 4190 3220 4246 per
3240 4174 3428 4230 furem
3460 4173 3692 4248 signiï¬-

2043 4266 2228 4334 catur,
2260 4262 2616 4335 praescirent,
2647 4263 2816 4318 bonis
2846 4263 3049 4333 utique
3080 4263 3380 4334 operibus,
3410 4263 3520 4319 etsi
3571 4279 3690 4320 non

2045 4355 2237 4418 antea,
2270 4351 2330 4406 in
2363 4349 2624 4422 proximo
2654 4353 2850 4405 tamen
2882 4366 2944 4406 se
2974 4351 3046 4406 ad
3091 4349 3243 4406 hanc
3275 4355 3692 4424 prapararent.

275 4440 432 4496 mini
454 4441 772 4498 sententia.
801 4442 916 4514 Ipsi
942 4441 1191 4514 denique
1212 4441 1561 4498 insidiantes
1585 4440 1690 4508 illi,
1716 4456 1934 4514 ponen-
1969 4461 2016 4526 D
2046 4440 2156 4496 Sed
2198 4439 2246 4494 si
2284 4437 2655 4511 omnipotens
2694 4437 2873 4506 Deus,
2913 4439 3015 4509 qui
3047 4439 3248 4494 omnia
3292 4438 3353 4494 in
3404 4438 3693 4511 sapientia

271 4534 492 4602 tesque
543 4531 655 4586 sub
707 4547 822 4586 una
871 4531 1165 4586 sententia
1215 4531 1329 4586 duo
1379 4530 1545 4598 retia,
1577 4529 1637 4585 in
1690 4545 1939 4600 quorum
2049 4529 2202 4596 fecit,
2236 4532 2292 4583 et
2339 4527 2508 4598 cujus
2555 4527 2956 4583 misericordia
2993 4527 3168 4600 plena
3197 4532 3286 4584 est
3313 4532 3488 4600 terra,
3521 4528 3698 4584 sciret

271 4619 571 4676 alterutro
595 4635 712 4674 non
746 4619 1096 4675 dubitabant
1119 4635 1254 4674 eum
1287 4618 1434 4690 capi,
1458 4618 1764 4674 dixerunt:
1795 4619 1943 4674 Licet
2052 4617 2326 4674 omnibus
2357 4616 2500 4671 utile
2530 4631 2658 4671 esse
2689 4615 2896 4671 mortis
2927 4632 3046 4671 suae
3076 4615 3282 4671 horam
3313 4632 3697 4687 prmuoscere,

272 4725 513 4765 censum
542 4707 679 4764 dare
701 4707 933 4776 Caesari,
957 4724 1037 4765 an
1065 4724 1176 4764 non
1198 4711 1223 4761 .9
1251 4707 1466 4779 (Matth.
1487 4724 1623 4776 xxn,
1651 4708 1760 4778 17).
1793 4706 1866 4763 Ut
1892 4707 1942 4763 si
2053 4710 2252 4762 notam
2302 4702 2503 4776 procul
2551 4703 2726 4758 dubio
2777 4703 2989 4757 faceret
3034 4702 3173 4760 illis.
3213 4704 3499 4760 Fortassis
3537 4703 3698 4761 enim

273 4797 382 4854 ille
401 4799 748 4854 decerneret
765 4814 1004 4854 censum
1027 4796 1237 4853 Caesari
1254 4796 1946 4869 tribuendum,caperent
2053 4793 2291 4867 plurimi
2346 4807 2415 4846 ex
2462 4791 2571 4846 hac
2614 4789 2822 4846 notitia
2860 4807 3032 4847 omne
3061 4795 3297 4864 tempus
3324 4791 3453 4848 vitae
3485 4809 3604 4849 sua
3637 4793 3700 4848 in

276 4903 426 4943 eum
477 4888 540 4942 in
590 4886 704 4943 hoc
753 4887 906 4958 quod
939 4891 1142 4942 contra
1169 4885 1313 4955 legis
1345 4889 1633 4958 praecepta
1663 4888 1947 4942 statueret
2055 4881 2288 4953 flagitiis
2318 4883 2661 4954 peragerent
2690 4895 2878 4950 usque
2907 4880 2979 4935 ad
3011 4881 3339 4953 proximam
3370 4881 3565 4939 obitus
3603 4881 3700 4939 sui

269 4975 530 5033 Judeos
578 4974 766 5031 cultui
813 4975 1008 5031 divino
1039 4974 1266 5030 deditos
1294 4973 1380 5030 vel
1413 4975 1690 5046 cuiquam
1720 4973 1946 5030 homini
2056 4968 2459 5027 horam.Unde
2482 4967 2779 5040 colligitur
2798 4967 2982 5025 multo
3005 4969 3219 5027 melius
3238 4986 3367 5028 esse
3388 4975 3472 5039 ut,
3491 4970 3702 5028 incerti

275 5081 538 5123 censum
580 5065 740 5120 dare.
773 5064 832 5119 Si
870 5079 1004 5120 vero
1036 5062 1254 5119 diceret
1282 5079 1396 5119 non
1429 5079 1556 5119 esse
1586 5063 1673 5119 fas
1705 5078 1946 5119 censum
2057 5061 2128 5116 de
2178 5059 2372 5115 obitus
2421 5056 2607 5114 nostri
2654 5061 2936 5130 tempore,
2969 5074 3201 5131 semper
3229 5059 3463 5116 solliciti
3495 5059 3706 5129 simus,

275 5154 508 5212 Caesari
540 5154 945 5222 tribuendum,
970 5169 1103 5209 mox
1123 5168 1257 5208 cum
1287 5153 1442 5224 apud
1464 5152 1749 5209 Caesarem
1773 5168 1948 5209 accu-
2061 5164 2294 5220 semper
2312 5147 2371 5202 in
2393 5146 2565 5202 bonis
2586 5145 2862 5218 operibus
2881 5146 3210 5219 vigilemus.
3229 5148 3513 5220 Adjungit
3531 5147 3708 5204 etiam

272 5247 495 5301 sar-ent
514 5258 620 5315 pro
654 5258 721 5298 eo
743 5244 898 5315 quod
929 5242 1041 5298 sibi
1064 5241 1328 5298 debitum
1355 5242 1641 5298 tributum
1665 5243 1950 5314 denegas-
2063 5236 2348 5292 Dominus
2381 5236 2648 5307 quaedam
2677 5235 2872 5308 verba,
2903 5237 3336 5308 pronuntiando
3368 5240 3592 5308 quanta
3634 5236 3714 5292 sit

272 5337 382 5389 set
413 5331 822 5388 tribuendum.
849 5331 979 5386 Haec
1009 5330 1188 5404 igitur
1209 5329 1636 5386 Pharisaeorum
1668 5336 1837 5386 erant
1866 5346 1953 5386 re-
2063 5342 2290 5382 merces
2322 5324 2480 5380 illius
2513 5323 2614 5396 qui
2661 5325 2807 5380 bene
2834 5324 3058 5398 vigilat,
3091 5325 3292 5382 dicens
3325 5343 3338 5382 :
3389 5331 3587 5383 Beatus
3615 5325 3715 5383 ille

275 5423 403 5486 tia,
427 5419 485 5476 in
514 5422 737 5494 quibus
768 5436 882 5476 non
912 5419 1263 5476 dubitabant
1295 5420 1604 5476 Dominum
1636 5418 1950 5491 implicari.
2063 5432 2253 5471 servus
2300 5429 2479 5486 quem,
2511 5429 2636 5469 cum
2685 5413 2894 5469 venerit
2939 5412 3199 5471 dominus
3249 5415 3388 5488 ejus,
3435 5415 3716 5474 invenerit

271 5509 413 5590 Sed
450 5509 541 5578 ille
571 5523 679 5588 per
708 5509 974 5567 medium
1003 5525 1206 5566 eorum
1236 5509 1319 5569 ita
1347 5509 1590 5569 secessit
1619 5507 1864 5581 illaesos,
1888 5512 1955 5570 ut
2061 5504 2388 5580 vigilantem
2411 5502 2596 5581 (Ibid.,
2618 5502 2730 5578 46).
2752 5504 2887 5572 Qum
2915 5502 2994 5562 sit
3021 5507 3216 5572 autem
3241 5505 3548 5566 retributio
3570 5506 3722 5570 bene

627 5639 905 5731 Îµá¼°Ï‚-Î¹Ï‰..
951 5636 1164 5706 XLVI.

3353 5634 3394 5720 â€™Î¶
