4098 6172
421 262 539 323 203

1430 259 1773 321 DTHLONI
1820 257 2168 321 MONACHI
2213 258 2276 318 S.
2326 257 2817 320 EMMERAMMI

3706 259 3825 318 204

419 392 719 468 vigilantis
751 391 918 460 servi,
944 407 1079 447 cum
1111 390 1395 447 Dominus
1425 392 1793 464 omnipotens
1826 392 1897 446 ad
1929 407 2063 445 eum
2094 392 2148 459 Α
2179 390 2514 446 avertimus.
2550 395 2756 446 Semen
2811 389 3121 462 germinat,
3161 393 3218 444 et
3271 389 3498 455 crescit,
3531 406 3665 445 cum
3716 407 3823 446 nos

419 484 663 551 venerit,
681 483 738 538 in
757 481 1025 554 plurimis
1042 480 1349 536 intimatur
1364 480 1551 549 libris,
1570 499 1637 536 ex
1656 481 1871 553 quibus
1890 497 2066 535 unam

419 571 683 646 Apostoli
712 570 939 643 profero
974 570 1346 637 sententiam,
1380 570 1629 627 dicentis
1663 589 1675 626 :
1727 572 1930 628 Oculus
1959 587 2069 625 non

421 662 581 730 vidit,
610 675 709 716 nec
735 660 888 715 auris
916 660 1148 727 audivit,
1181 675 1279 715 nec
1320 662 1379 714 in
1416 677 1507 717 cor
1537 660 1773 717 hominis
1800 660 2065 731 ascendit,

420 764 546 823 qua?
567 750 909 822 praeparavit
940 751 1079 806 Deus
1105 749 1462 820 diligentibus
1491 766 1547 805 se
1586 751 1637 822 (I
1668 750 1790 806 Cor.
1825 768 1887 821 η,
1917 750 1995 820 9).

491 839 780 904 Quoniam
810 838 1009 895 multa:
1042 844 1181 895 sunt
1211 838 1520 895 hominum
1552 840 1929 912 cogitationes
1958 839 2069 894 hoc

421 928 791 1005 solummodo
823 929 1188 985 attendentes
1231 929 1482 1001 qualiter
1531 946 1591 984 se
1640 933 1917 985 excusent
1965 945 2067 1000 pro

426 1017 691 1091 quolibet
711 1017 850 1076 vitio
882 1018 1038 1090 quod
1068 1017 1154 1075 vel
1186 1021 1389 1074 contra
1407 1017 1719 1073 Dominum
1750 1017 1838 1074 vel
1870 1020 2070 1073 contra

421 1106 754 1182 proXimum
777 1107 1171 1179 committunt,
1196 1107 1498 1173 Dominus,
1520 1106 1860 1178 hujusmodi
1883 1104 2072 1161 stulti-

426 1198 569 1254 tiam
616 1196 959 1271 praavidens,
1011 1196 1115 1253 scit
1166 1198 1312 1252 enim
1371 1197 1726 1265 cogitationes
1784 1195 2071 1251 hominum

424 1286 688 1361 quoniam
702 1302 863 1345 vanae
880 1294 1009 1343 sunt
1023 1287 1195 1357 (Psal.
1210 1302 1371 1355 xcm,
1386 1287 1495 1358 11),
1516 1285 1855 1341 omnimoda
1875 1285 2071 1342 admo-

428 1376 650 1434 nitione
681 1376 953 1446 occurrit,
986 1374 1053 1432 nt
1082 1392 1181 1432 eos
1240 1394 1273 1431 a
1303 1374 1751 1447 cogitationibus
1781 1373 2070 1447 perversis

430 1464 702 1539 corrigat.
736 1464 901 1522 Unde
950 1466 1009 1521 in
1058 1465 1368 1538 Evangelia
1400 1465 1692 1537 quoslibet
1723 1466 2067 1534 admonens,

423 1553 607 1611 dicit:
666 1555 729 1610 In
775 1571 885 1627 qua
932 1570 1197 1611 mensura
1247 1556 1426 1609 mensi
1470 1556 1711 1626 fueritis,
1752 1555 2072 1608 remetietur

422 1643 570 1700 vobis
600 1643 811 1717 (Matth.
835 1661 934 1715 vn,
956 1644 1010 1715 2)
1038 1669 1052 1712 ;
1086 1643 1254 1715 quasi
1283 1644 1501 1698 diceret
1527 1660 1539 1697 :
1579 1665 1599 1691 α
1637 1641 1823 1699 Nolite
1856 1642 2073 1697 frustra

424 1732 688 1790 laborare
717 1733 826 1789 hoc
858 1733 1165 1804 cogitando
1191 1733 1345 1803 quod
1378 1731 1465 1787 vel
1498 1730 1722 1786 occulta
1752 1731 1838 1785 vel
1872 1735 2072 1803 aperta

424 1823 673 1879 crimina
698 1826 892 1878 vestra
920 1821 1106 1877 Deum
1144 1820 1386 1885 lateant,
1418 1823 1482 1875 ut
1528 1820 1734 1875 exinde
1778 1820 2069 1891 judicium

424 1911 550 1982 ejus
580 1911 819 1967 evadere
848 1910 1121 1982 possitis;
1158 1910 1267 1965 scit
1296 1909 1452 1965 enim
1494 1914 1551 1965 et
1586 1909 1644 1963 id
1690 1909 1883 1982 ipsum
1915 1911 2071 1980 quod

427 1999 718 2072 cogitatis,
744 1997 995 2071 qualiter
1018 1998 1485 2070 unumquodque
1506 1998 1712 2054 vitium
1743 2016 1858 2054 non
1891 1998 2071 2070 poeni-

431 2087 606 2143 tendo
655 2088 755 2144 sed
806 2088 1137 2144 excusando
1168 2087 1408 2159 possitis
1438 2104 1631 2143 coram
1663 2105 1727 2144 eo
1760 2088 2073 2143 occultare.

433 2177 545 2234 Sed
601 2177 740 2248 quia
786 2177 896 2232 hoc
935 2194 1050 2233 non
1081 2176 1271 2233 solum
1304 2175 1450 2230 nihil
1481 2178 1735 2248 prodest,
1769 2178 1868 2232 sed
1902 2178 2075 2231 etiam

431 2265 689 2323 multum
719 2270 907 2334 nocet,
931 2270 1155 2322 mentes
1184 2270 1406 2323 vestras
1448 2266 1716 2338 corrigite
1746 2266 2077 2336 paenitendo

432 2356 490 2409 et
520 2355 850 2411 confitendo
881 2359 1118 2427 peccata
1144 2360 1360 2423 vestra,
1390 2354 1653 2410 faciendo
1685 2370 1917 2426 quoque
1949 2353 2079 2410 aliis

433 2457 560 2513 qua
586 2442 765 2499 vultis
797 2443 927 2498 illos
962 2445 1148 2499 facere
1178 2443 1363 2498 vobis.
1398 2443 1457 2498 Si
1500 2444 1593 2498 cui
1635 2442 1831 2514 aliqua
1862 2442 2080 2499 fecistis

432 2531 669 2599 damna,
695 2531 1031 2587 omnimodo
1063 2531 1323 2589 laborata
1353 2535 1419 2585 ut
1448 2532 1834 2587 restituantur
1866 2531 2077 2599 ablata,

431 2622 553 2690 aut,
583 2619 633 2676 si
661 2620 771 2676 hoc
801 2623 1116 2693 paupertas
1143 2619 1411 2691 impedit,
1432 2623 1556 2675 tam
1588 2637 1621 2675 a
1649 2619 1765 2675 Deo
1799 2636 1973 2691 quam
2008 2620 2079 2674 ab

431 2706 532 2762 illo
579 2708 673 2764 cui
716 2708 933 2764 damna
968 2711 1109 2765 sunt
1140 2708 1295 2764 facta
1323 2706 1595 2780 precibus
1628 2708 1852 2764 intimis
1882 2707 2082 2764 indul-

433 2796 628 2869 gentia
657 2801 908 2870 petatur.
941 2797 1002 2854 Si
1030 2813 1166 2870 ergo
1196 2797 1255 2853 in
1288 2798 1398 2853 hac
1430 2814 1707 2853 mensura
1738 2798 1926 2854 mensi
1957 2799 2080 2853 fue-

435 2885 566 2942 ritis
586 2886 739 2957 aliis,
757 2887 1099 2943 remetietur
1118 2888 1375 2959 profecto
1395 2887 1557 2943 vobis
1579 2888 1781 2944 eadem
1806 2903 2084 2944 mensura

436 2991 470 3031 a
516 2975 783 3031 Domino.
818 2997 847 3025 ››
901 2975 1181 3032 Eamdem
1225 2992 1458 3048 quoque
1489 2977 1839 3033 sententiam
1870 2978 2083 3032 confir-

435 3079 608 3120 mans
635 3063 921 3121 Dominus
952 3064 1276 3137 subjungit,
1310 3065 1508 3122 dicens
1538 3082 1550 3120 ε
1588 3068 1694 3133 Qui
1720 3068 1869 3122 enim
1899 3066 2079 3134 habet,

435 3152 669 3209 dabitur
695 3154 827 3217 illi;
874 3163 924 3209 et
967 3156 1064 3225 qui
1106 3171 1224 3209 non
1270 3155 1445 3223 habet,
1478 3157 1646 3210 etiam
1685 3155 1824 3226 quod
1868 3155 2082 3211 videtur
2110 3138 2153 3205 C

436 3242 633 3299 habere
660 3244 943 3314 auferetur
979 3243 1046 3298 ab
1088 3259 1147 3299 eo
1178 3242 1385 3319 (Matth.
1418 3261 1549 3312 xxv,
1582 3244 1694 3315 29).
1727 3245 1860 3307 Qua
1904 3245 2078 3299 nimi-

436 3348 568 3387 rum
590 3332 787 3399 verba,
811 3335 877 3387 ut
906 3331 1220 3401 credimus,
1244 3333 1326 3388 ita
1357 3337 1495 3388 sunt
1523 3332 1938 3405 intelligenda:
1973 3333 2081 3398 Qui

434 3420 611 3477 habet
631 3436 831 3477 curam
852 3420 1005 3477 hanc
1035 3424 1102 3477 ut
1130 3422 1283 3476 dona
1304 3423 1429 3492 jam
1452 3426 1688 3494 accepta
1716 3422 1861 3477 bene
1882 3421 2079 3477 distri-

436 3508 595 3577 buat,
628 3509 864 3565 dabitur
902 3508 986 3563 illi
1038 3516 1104 3564 ut
1154 3510 1299 3565 alias
1330 3512 1506 3566 etiam
1535 3511 1781 3566 virtutes
1814 3510 2077 3583 accipiat.

435 3597 545 3663 Qui
571 3600 767 3653 autem
793 3614 994 3653 curam
1017 3596 1359 3666 hujusmodi
1389 3615 1503 3654 non
1535 3598 1729 3668 habet,
1753 3598 1879 3669 ipse
1904 3599 2079 3653 etiam

438 3683 690 3757 cOgnitio
720 3684 931 3741 salutis
960 3689 1203 3754 eternas,
1240 3702 1417 3755 quam
1449 3704 1483 3741 a
1522 3688 1711 3758 gratia
1740 3686 1838 3741 Dei
1882 3688 2080 3743 datam

434 3772 662 3845 habuit,
682 3773 978 3830 auferetur
998 3773 1069 3828 ab
1092 3789 1178 3837 eo,
1198 3773 1282 3827 ita
1309 3772 1469 3843 ut,in
1493 3775 1805 3844 reprobum
1840 3791 2079 3832 sensum

438 3862 675 3933 cadens,
705 3862 882 3919 faciat
910 3877 977 3918 ea
1006 3878 1131 3933 qua
1164 3878 1279 3917 non
1315 3861 1685 3917 conveniunt.

504 3950 727 4007 Deinde
755 3966 890 4006 vero
911 3950 1079 4022 quasi
1101 3948 1315 4022 aliquis
1346 3954 1629 4022 quaereret
1658 3952 1751 4007 cui
1780 3952 1863 4008 rei
1889 3954 2080 4023 quod-

435 4036 580 4096 libet
610 4056 758 4112 opus
786 4040 1010 4095 bonum
1040 4039 1100 4094 in
1146 4039 1332 4108 initio,
1364 4044 1419 4095 et
1448 4041 1508 4095 in
1541 4042 1787 4114 longiori
1818 4044 2077 4115 profectu

437 4130 495 4184 et
526 4126 598 4183 'in
647 4128 998 4200 perfectione
1027 4127 1207 4184 simul
1239 4129 1406 4195 foret,
1439 4128 1601 4185 addit
1629 4131 2075 4187 similitudinem

430 4217 590 4273 unde
621 4218 863 4289 questio
891 4217 1027 4274 talis
1058 4217 1278 4274 absolvi
1306 4218 1511 4289 possit,
1537 4219 1735 4275 dicens
1760 4238 1770 4275 :
1815 4240 1835 4268 α
1868 4220 1960 4275 Sic
1990 4226 2079 4276 est

429 4322 678 4379 regnum
691 4306 813 4376 Dei,
829 4308 1327 4378 quemadmodum
1348 4308 1399 4363 si
1415 4307 1589 4364 homo
1608 4310 1782 4379 iaciat
1800 4327 1996 4366 semen
2016 4309 2075 4365 in

429 4390 606 4464 terra,
629 4400 686 4452 et
709 4396 981 4467 dormiat,
1005 4401 1061 4453 et
1082 4401 1355 4469 exsurgat
1378 4402 1546 4453 nocte
1570 4413 1635 4453 ac
1657 4399 1771 4465 die,
1793 4404 1850 4454 et
1874 4414 2074 4455 semen

2178 479 2498 547 nescimus,
2534 479 2672 551 quia
2703 479 2881 535 semel
2912 483 3189 550 concepta
3226 480 3409 534 virtus
3442 496 3545 550 per
3572 481 3819 551 gratiam

2184 568 2276 624 Dei
2310 569 2462 622 intra
2486 586 2590 623 nos
2613 568 2833 641 jugiter
2855 574 3101 641 augetur
3124 572 3179 623 et
3202 569 3273 623 ad
3300 572 3635 639 provectum
3659 569 3822 624 duci-

2177 662 2291 713 tur.
2319 657 2476 713 Ultro
2510 664 2665 713 terra
2692 659 3007 713 fructificat
3036 658 3293 728 primum
3326 658 3586 727 herbam,
3613 658 3824 716 deinde

2179 748 2419 820 Spicam,
2451 748 2660 803 deinde
2696 748 2933 820 plenum
2966 748 3327 803 frumentum
3358 746 3417 802 in
3451 748 3630 818 spica,
3663 764 3821 815 cum,

2178 837 2561 907 praeveniente
2591 854 2697 891 nos
2731 837 2917 908 gratia
2944 837 3061 903 Dei,
3088 853 3253 892 mens
3284 842 3483 892 nostra
3513 843 3719 907 sponte
3750 837 3824 893 ad

2178 927 2433 981 fructum
2456 926 2592 981 boni
2615 926 2808 997 operis
2830 926 3123 997 assurgit;
3154 926 3411 998 primum
3434 925 3671 996 quidem
3692 943 3824 998 pro-

2179 1016 2397 1071 duccns
2430 1031 2605 1087 opera
2635 1019 2811 1081 recta,
2846 1015 2943 1069 sed
2979 1015 3367 1071 teneritudine
3405 1016 3658 1086 quadam
3707 1018 3823 1071 cir-

2178 1106 2453 1160 cumdata
2509 1108 2564 1159 et
2622 1104 2813 1159 adhuc
2871 1108 3073 1159 contra
3126 1103 3440 1175 cujuslibet
3485 1104 3827 1161 temtationis

2182 1194 2436 1266 impetus
2487 1194 2761 1261 inﬁrma;
2811 1192 3021 1249 deinde
3064 1209 3195 1248 vero
3233 1193 3505 1249 virtutem
3537 1195 3826 1265 cujusque

2180 1283 2372 1354 operis
2417 1283 2553 1338 boni
2602 1286 2848 1350 tantam,
2883 1286 2948 1337 ut
2968 1283 3043 1337 sit
3088 1281 3280 1337 valida
3329 1286 3531 1338 contra
3579 1299 3827 1355 quaeque

2178 1376 2560 1428 tentamenta.
2594 1372 2837 1427 Plenum
2879 1374 3075 1427 autem
3108 1372 3469 1427 frumentum
3502 1374 3641 1426 tunc
3670 1377 3830 1428 terra

2182 1461 2514 1527 fructificat,
2531 1479 2662 1517 cum
2687 1462 2744 1515 in
2770 1461 2927 1516 omni
2951 1478 3123 1533 Opere
3144 1462 3295 1516 bono
3315 1461 3653 1532 proﬁcimus
3675 1466 3732 1516 et
3753 1463 3827 1517 ad

2180 1550 2553 1622 perfectionis
2607 1550 3004 1606 maturitatem
3057 1550 3397 1605 solidamur.
3444 1553 3706 1622 Cumque
3760 1567 3827 1606 eo

2182 1641 2420 1695 modum
2456 1657 2516 1695 se
2547 1639 2882 1711 produxerit
2908 1639 3154 1702 fructus,
3180 1638 3508 1710 messisque
3531 1639 3829 1695 advenerit

2180 1734 2434 1801 tempus,
2492 1730 2691 1784 statim
2746 1730 2919 1784 homo
2976 1728 3157 1783 mittit
3214 1727 3422 1784 falcem
3480 1733 3538 1784 et
3594 1729 3829 1786 desecat

2183 1835 2433 1874 messem
2458 1835 2470 1884 ;
2496 1818 2635 1890 quia
2656 1818 3024 1889 omnipotens
3041 1818 3216 1889 Deus,
3232 1835 3362 1873 cum
3383 1834 3829 1891 unumquemqe

2183 1909 2254 1963 ad
2313 1925 2487 1979 Opera
2544 1908 2795 1978 perfecta
2852 1908 3203 1979 perduxerit,
3254 1908 3381 1977 ejus
3440 1908 3824 1980 temporalem

2180 1997 2361 2051 vitam
2396 2013 2499 2067 per
2527 1997 2805 2051 emissam
2839 1996 3186 2051 sententiam
3222 1995 3449 2063 incidit,
3482 2001 3547 2051 ut
3574 2012 3826 2069 granum

2185 2102 2359 2141 suum
2410 2086 2482 2141 ad
2532 2084 2789 2140 coelestia
2831 2085 3041 2140 horrea
3090 2085 3389 2155 perducat.
3433 2084 3562 2140 Haec
3611 2085 3833 2157 itaque,

2186 2175 2394 2229 fratres
2427 2174 2779 2241 charissimi,
2818 2175 3203 2243 attendentes,
3239 2173 3562 2247 suppliCate
3593 2174 3710 2230 Deo
3742 2180 3832 2245 ut,

2187 2264 2237 2319 si
2267 2263 2326 2318 in
2357 2264 2539 2319 herba
2570 2262 2796 2335 pusillae
2826 2263 2980 2334 ﬁdei,
3012 2262 3101 2318 vel
3134 2266 3341 2319 tenerae
3388 2263 3712 2320 devotionis
3762 2265 3835 2321 ad

2189 2353 2453 2409 studium
2484 2354 2645 2408 bona:
2680 2352 2922 2408 actionis
2968 2352 3157 2408 adhuc
3187 2354 3347 2421 estis,
3382 2352 3476 2407 ille
3504 2353 3669 2410 vobis
3699 2370 3837 2411 con-

2190 2444 2391 2499 cedere
2418 2442 2691 2514 dignetur
2718 2442 2833 2497 tale
2862 2441 3310 2514 incrementum,
3342 2441 3631 2513 talemque
3662 2442 3839 2514 spiri-

2188 2538 2286 2586 tus
2335 2532 2757 2598 maturitatem,
2808 2535 3097 2601 quatenus
3154 2532 3225 2586 ad
3286 2530 3529 2602 plenum
3580 2532 3838 2587 fructum

2190 2620 2463 2693 perennis
2492 2620 2618 2674 vitae
2651 2619 2991 2675 mereamini
3023 2620 3340 2690 pervenire.

2262 2709 2412 2763 Sunt
2449 2709 2622 2764 etiam
2672 2708 2843 2764 multi
2886 2708 2986 2779 qui
3037 2708 3395 2764 arbitrantur
3439 2726 3506 2765 ex
3553 2708 3840 2765 diabolica

2192 2799 2313 2854 fieri
2333 2802 2620 2870 potestate
2634 2814 2997 2870 quaecunque
3020 2798 3189 2869 noxia
3206 2802 3263 2854 et
3278 2798 3521 2855 adversa
3537 2798 3595 2853 in
3616 2797 3839 2853 mundo

2192 2887 2539 2959 contingunt
2571 2905 2582 2942 :
2636 2888 2852 2958 quibus
2895 2887 3278 2960 respondetur
3306 2886 3365 2941 in
3400 2886 3704 2960 Evangelia
3737 2902 3844 2958 per

2190 2976 2359 3031 illum
2382 2992 2556 3047 quem
2570 2976 2855 3032 Dominus
2877 2976 3123 3046 curavit,
3138 2975 3430 3048 expellens
3452 2977 3523 3032 ab
3542 2992 3607 3031 eo
3633 2976 3846 3032 daemo-

2168 3052 2298 3121 vnes
2321 3067 2549 3137 legionis
2570 3082 2782 3121 nomen
2809 3066 3111 3125 habentes.
3136 3066 3317 3121 Iidem
3346 3082 3603 3137 namque
3626 3067 3842 3121 damo-

2193 3172 2314 3222 nes,
2331 3170 2464 3209 cum
2485 3171 2545 3211 se
2563 3153 2931 3226 expellendos
2948 3170 3075 3210 esse
3092 3155 3162 3210 ab
3177 3153 3413 3209 homine
3432 3159 3844 3227 agnoscerent,

2190 3245 2417 3300 nisibus
2466 3245 2603 3299 totis
2655 3244 3115 3315 deprecabantur
3162 3242 3477 3296 Dominum
3530 3243 3793 3299 dicentes
3825 3258 3845 3299 :

2189 3334 2339 3388 Mitte
2383 3349 2477 3388 nos
2510 3335 2566 3387 in
2594 3349 2805 3404 porcos,
2836 3340 2898 3386 ut
2938 3334 2999 3387 in
3043 3347 3130 3386 eos
3159 3332 3499 3387 introeamus
3531 3332 3752 3403 (Matth.
3784 3347 3843 3401 ν,

2196 3423 2300 3493 12),
2354 3424 2670 3493 statimque
2713 3440 2747 3478 a
2792 3422 2932 3477 Jesu
2980 3424 3215 3491 accepta
3260 3419 3501 3476 licentia
3560 3426 3841 3477 exeuntes

2190 3512 2539 3566 introierunt
2559 3510 2619 3565 in
2646 3527 2873 3582 porcos,
2897 3514 2953 3565 et
2976 3526 3187 3582 magno
3213 3508 3437 3580 impetu
3465 3526 3606 3582 grex
3636 3526 3843 3583 porco-

2191 3616 2321 3653 rum
2350 3599 2746 3671 praecipitatus
2768 3604 2856 3654 est
2877 3600 2935 3653 in
2960 3614 3139 3654 mare.
3157 3598 3219 3653 In
3243 3614 3357 3668 quo
3383 3598 3662 3654 nimirum
3687 3600 3843 3655 facto

2191 3706 2392 3744 omnes
2416 3692 2664 3759 possunt
2711 3688 2936 3743 edoceri
2965 3688 3123 3759 quia,
3148 3687 3198 3742 si
3256 3687 3521 3742 diabolus
3570 3704 3684 3743 non
3733 3688 3846 3743 ha-

2190 3778 2320 3832 buit
2349 3781 2696 3848 potestatem
2750 3777 2957 3831 laedere
2998 3793 3223 3848 porcos,
3258 3777 3357 3847 qui
3387 3780 3525 3831 sunt
3554 3775 3847 3833 animalia

2187 3865 2494 3932 vilissima,
2520 3865 2630 3921 nisi
2666 3866 3010 3936 permissus,
3039 3864 3426 3920 multominus
3453 3863 3658 3920 laedere
3687 3881 3843 3936 prae-

2186 3954 2339 4009 valet
2369 3971 2725 4025 quemquam
2758 3953 3078 4021 hominem,
3103 3954 3457 4009 animalibus
3489 3953 3713 4009 cunctis
3735 3970 3843 4009 ex-

2188 4042 2601 4112 cellentiorem,
2636 4042 2748 4098 nisi
2791 4061 2823 4098 a
2867 4048 2981 4098 Deo
3014 4043 3258 4114 accipiat
3288 4046 3653 4114 potestatem.
3685 4042 3842 4099 Cum

2187 4133 2341 4187 enim
2365 4132 2632 4186 homines
2656 4131 2844 4201 magis
2867 4131 3099 4187 diabolo
3124 4147 3299 4202 quam
3322 4136 3435 4187 Deo
3460 4131 3673 4187 servire
3702 4137 3846 4187 stu-

2187 4222 2436 4288 duerint,
2462 4225 2598 4275 tunc
2632 4221 2866 4275 dabitur
2895 4221 2946 4275 ei
2978 4224 3235 4292 potestas
3268 4237 3301 4274 a
3324 4220 3590 4288 Domino,
3617 4225 3682 4275 ut
3706 4237 3847 4277 eos-

2185 4311 2340 4375 dem,
2362 4310 2457 4381 qui
2481 4309 2589 4364 sibi
2614 4310 2827 4365 servire
2848 4310 3105 4378 student,
3122 4309 3410 4381 afﬂigens,
3427 4308 3601 4364 faciat
3620 4311 3849 4366 sentire

2185 4398 2375 4470 qualis
2398 4399 2474 4454 sit
2495 4399 2768 4454 dominus
2789 4398 2885 4455 ille
2907 4399 2997 4453 cui
3022 4400 3403 4454 decreverunt
3428 4398 3664 4469 servire,
3687 4414 3845 4470 qua-

431 4486 739 4558 germinet,
772 4490 829 4542 et
858 4490 1082 4542 crescat
1110 4487 1253 4541 dum
1287 4486 1469 4541 nescit
1513 4485 1612 4541 ille
1649 4504 1660 4541 :
1720 4486 1869 4541 ultro
1916 4487 2071 4542 enim
2104 4505 2151 4569 D
2182 4493 2355 4544 tenus
2384 4488 2471 4543 vel
2506 4488 2704 4542 afﬂicti
2727 4492 3010 4559 cogantur
3030 4488 3276 4543 Domino
3306 4504 3441 4543 vero
3470 4487 3758 4543 submitti.

428 4578 586 4631 terra
613 4575 948 4642 fructificat,
982 4574 1239 4647 primum
1270 4574 1533 4641 herbam,
1568 4576 1777 4631 deinde
1825 4576 2070 4647 spicam,

429 4664 640 4720 deinde
661 4663 899 4737 plenum
924 4664 1282 4719 frumentum
1306 4662 1365 4717 in
1387 4662 1549 4733 spica
1574 4680 1586 4729 ;
1619 4668 1675 4717 et
1697 4680 1830 4717 cum
1853 4681 1913 4719 se
1939 4681 2071 4735 pro-

428 4752 655 4808 duxerit
677 4753 923 4822 fructus,
939 4752 1136 4807 statim
1160 4750 1342 4805 mittit
1362 4750 1883 4822 falcem,quoniam
1908 4754 2072 4809 adest

430 4840 661 4897 messis.
689 4862 717 4889 ››
748 4840 927 4911 Cujus
950 4838 1219 4894 videlicet
1246 4837 1535 4910 parabolae
1563 4855 1772 4894 sensus
1803 4844 1888 4895 est
1920 4842 2028 4896 iste
2054 4858 2066 4895 :

426 4932 690 5001 Regnum
717 4928 818 4984 Dei
841 4932 929 4983 est
956 4926 1259 4997 quodlibet
1278 4943 1424 4998 Opus
1448 4927 1686 4996 bonum,
1710 4928 1858 4997 quod
1893 4929 2068 4983 nimi-

427 5034 561 5073 rum
609 5033 757 5089 opus
811 5015 977 5087 quasi
1026 5030 1226 5071 semen
1276 5016 1334 5069 in
1383 5019 1537 5071 terra
1581 5017 1899 5088 jactamus,
1934 5034 2065 5073 cum

422 5105 808 5163 intentionem
836 5105 1050 5160 bonam
1082 5104 1240 5159 cordi
1269 5108 1469 5161 nostro
1500 5104 1833 5161 inserimus.
1859 5108 2064 5163 Semen

424 5195 579 5251 enim
599 5195 659 5249 in
684 5200 838 5249 terra
861 5193 1111 5259 mittere,
1135 5197 1225 5248 est
1246 5193 1537 5248 desideria
1564 5194 1715 5249 bona
1743 5195 2061 5267 concipere.

422 5283 736 5355 Postquam
757 5298 890 5338 vero
914 5297 1114 5337 semen
1136 5282 1196 5337 in
1217 5286 1372 5337 terra
1389 5282 1827 5353 jactaverimus,
1852 5284 2065 5340 dormi-

425 5384 578 5443 mus,
612 5372 750 5443 quia
788 5372 915 5442 jam
964 5371 1025 5425 in
1074 5387 1175 5444 spe
1222 5371 1356 5427 boni
1398 5372 1587 5443 Operis
1618 5372 2059 5443 requiescimus.

421 5458 599 5516 Nocte
630 5476 695 5515 ac
726 5459 819 5515 die
850 5461 1073 5517 interea
1103 5461 1425 5533 surgimus,
1452 5462 1499 5517 si
1530 5477 1635 5517 nec
1665 5477 1769 5533 per
1797 5448 2061 5530 adversa,

418 5562 524 5608 nec
568 5563 671 5623 per
719 5565 994 5624 prospera
1040 5567 1074 5609 a
1118 5551 1327 5608 timore
1356 5554 1412 5607 et
1440 5565 1637 5607 amore
1665 5550 1765 5607 Dei
1796 5552 2059 5609 animum

2254 4578 2625 4632 Pensandum
2658 4576 3045 4633 nihilominus
3073 4580 3161 4632 est
3191 4578 3345 4647 quod
3378 4577 3429 4632 ei
3453 4576 3554 4647 qui
3586 4580 3845 4634 sanatus

2181 4666 2391 4730 fuerat,
2426 4682 2459 4719 a
2490 4664 2734 4719 Domino
2766 4665 3100 4735 praecipitur
3149 4669 3234 4730 ut,
3270 4665 3325 4716 in
3374 4664 3616 4719 domum
3658 4680 3841 4720 suam

2179 4755 2420 4819 vadens,
2436 4752 2742 4808 annuntiat
2762 4752 2966 4807 vicinis
2988 4753 3113 4807 suis
3135 4755 3413 4822 quantam
3440 4750 3550 4804 sibi
3578 4752 3840 4822 gratiam

2178 4841 2462 4896 Dominus
2494 4840 2709 4911 fecerit,
2741 4845 2795 4896 et
2826 4842 3117 4911 quomodo
3150 4840 3240 4894 sui
3274 4839 3550 4893 misertus
3600 4840 3779 4894 fuerit
3816 4856 3836 4896 :

2179 4932 2332 5001 quod
2356 4929 2577 4984 scilicet
2597 4928 2891 4999 geminam
2910 4928 3123 4982 habere
3141 4930 3330 4998 potest
3351 4925 3804 4999 intelligentiam
3819 4970 3840 4985 .

2176 5018 2303 5074 Una
2332 5018 2545 5089 quippe
2575 5018 2743 5071 docet
2771 5033 2877 5071 nos
2917 5015 3298 5087 spiritualiter
3347 5020 3431 5086 ut,
3465 5014 3535 5070 ad
3584 5017 3842 5072 domum

2176 5107 2543 5162 conscientia
2576 5110 2786 5160 nostrae
2821 5105 3055 5175 reversi,
3088 5105 3471 5160 emendemus
3512 5105 3571 5158 in
3618 5104 3845 5161 melius

2175 5197 2327 5266 quod
2365 5197 2702 5266 ignoranter
2746 5194 3133 5266 peccavimus,
3167 5194 3367 5265 sicque
3416 5210 3518 5265 per
3567 5192 3842 5251 melioris

2171 5284 2297 5339 vitae
2319 5285 2818 5340 conversationem
2842 5284 3263 5339 annuntiemus
3297 5284 3567 5338 virtutem
3594 5282 3834 5338 Domini

2171 5374 2229 5429 in
2251 5374 2418 5429 nobis
2442 5374 2672 5429 factam.
2690 5373 2817 5429 Alia
2838 5390 2969 5429 vero
2993 5372 3395 5445 intelligentia,
3414 5371 3551 5426 licet
3571 5369 3839 5429 carnalis

2172 5464 2265 5531 sit,
2300 5468 2493 5535 potest
2520 5468 2719 5519 tamen
2751 5464 3041 5519 aedificare
3073 5461 3321 5532 aliquos,
3346 5460 3559 5515 docens
3590 5464 3655 5513 ut
3685 5474 3828 5530 gra-

2170 5553 2314 5610 tiam
2345 5553 2467 5625 Dei,
2503 5569 2629 5626 quae
2661 5570 2767 5611 nos
2798 5553 2935 5611 fecit
2966 5549 3342 5624 corporaliter
3367 5565 3562 5622 sanos,
3595 5564 3835 5610 annun-
