4098 6172
213 333 334 393 205

1326 332 1560 394 LIBER
1605 334 1707 394 DE
1751 331 2008 394 CURSU
2055 331 2519 396 SPIRITUALI.

3509 340 3628 401 206

215 466 436 521 tiemus
465 463 673 519 vicinis
696 463 1008 534 nostris,ut
1028 465 1334 520 nobiscum
1356 465 1663 521 laudantes
1689 467 1866 520 Deum
1899 465 1951 531 Α
1983 466 2081 534 qui
2117 466 2500 536 paralyticum
2533 467 2866 540 oﬁerebant,
2900 469 3044 524 dixit
3069 471 3141 526 ad
3171 471 3442 526 eumdem
3464 487 3628 543 para-

219 555 450 610 discant
479 568 717 624 sperare
747 552 807 608 in
839 552 1240 608 misericordia
1268 555 1414 625 ejus.

291 641 697 715 Respondetur
728 657 959 713 quoque
981 643 1039 696 in
1063 641 1372 715 Evangelio
1404 642 1496 697 his
1527 643 1628 714 qui
1658 647 1870 716 putant

216 749 435 805 magna
465 730 711 786 divitum
747 747 993 786 numera
1022 736 1137 786 Deo
1181 731 1450 788 chariora
1506 748 1634 788 esse
1693 748 1868 803 quam

214 838 395 894 parva
426 836 753 892 pauperum
789 819 1162 876 munuscula.
1219 825 1334 876 Hoc
1389 824 1582 876 autem
1639 821 1870 876 Marcus

212 909 579 983 evangelista
591 926 836 965 narrans
867 909 1070 964 scribit
1101 910 1182 965 ita
1213 927 1226 965 :
1260 909 1458 965 Sedens
1486 912 1638 966 Jesus
1680 915 1872 966 contra

210 999 695 1072 gazophylacium.
752 999 1047 1070 aspiciebat
1099 999 1362 1070 quomodo
1420 1000 1580 1054 turba
1620 1003 1872 1071 jactaret

211 1106 282 1144 (es
329 1090 396 1143 in
440 1087 933 1159 gazophylacium.
996 1089 1061 1142 Et
1109 1088 1274 1142 multi
1321 1087 1517 1143 divites
1581 1088 1872 1159 jactabant

209 1178 416 1234 multa.
444 1178 579 1232 Cum
608 1178 845 1232 venisset
875 1180 1054 1231 autem
1084 1193 1197 1230 una
1219 1175 1387 1231 vidua
1425 1193 1656 1248 pauper,
1715 1178 1872 1232 misit

209 1268 330 1323 duo
367 1265 754 1338 minata,quod
784 1269 862 1321 est
883 1264 1180 1337 quadrans.
1241 1267 1306 1320 Et
1353 1282 1657 1322 convocans
1699 1267 1869 1322 disci-

202 1358 367 1428 pulos
387 1373 517 1411 suos
546 1355 626 1410 ait
657 1355 810 1410 illis:
842 1359 1014 1410 Amen
1042 1355 1160 1410 dico
1190 1354 1364 1422 vobis,
1395 1357 1656 1425 quoniam
1705 1356 1872 1411 vidua

207 1448 330 1504 hac
375 1461 584 1517 pauper
632 1444 763 1516 plus
817 1443 1067 1499 omnibus
1122 1443 1294 1510 misit,
1342 1444 1438 1513 qui
1492 1446 1764 1500 miserunt
1812 1447 1871 1499 in

205 1534 672 1606 gazophylacium
695 1550 712 1587 :
733 1549 915 1589 omnes
949 1534 1098 1587 enim
1145 1547 1216 1587 ea:
1260 1548 1322 1588 eo
1372 1532 1512 1602 quod
1558 1533 1873 1589 abundabat

209 1626 353 1692 illis,
383 1627 656 1679 miserunt
684 1621 829 1677 :haec
859 1638 982 1678 vero
1014 1622 1078 1676 de
1103 1623 1340 1692 penuria
1370 1637 1490 1689 sua,
1523 1623 1709 1676 omnia
1751 1639 1870 1692 qua:

208 1714 425 1783 habuit,
457 1714 616 1767 misit
639 1714 812 1767 totum
831 1713 1032 1767 victum
1052 1727 1214 1766 suum
1245 1711 1441 1781 (Marc.
1485 1727 1590 1778 xu,
1651 1711 1867 1783 41-45).

208 1803 345 1858 Ecce
364 1799 624 1857 audistis
637 1798 886 1871 qualiter
905 1799 1107 1855 eadem
1124 1799 1303 1854 vidua
1317 1798 1504 1870 magis
1517 1798 1872 1855 laudabatur

208 1909 237 1946 a
258 1890 512 1946 Domino
534 1905 644 1961 pro
665 1887 955 1944 oblatione
976 1886 1537 1960 parvissima,quam
1553 1886 1636 1942 illi
1660 1887 1870 1944 divites

208 1997 306 2052 pro
333 1976 691 2035 muneribus
723 1976 974 2050 magnis.
1006 1979 1132 2042 Qua
1153 1977 1224 2031 de
1254 1992 1316 2031 re
1347 1977 1572 2031 cunctis
1597 1975 1871 2033 ﬁdelibus

216 2069 360 2124 scire
391 2069 572 2124 datur
610 2083 787 2139 quam
848 2066 1140 2122 discretus
1191 2065 1270 2120 sit
1315 2065 1499 2136 judex
1555 2081 1869 2137 supernus,

211 2175 388 2231 quam
417 2156 634 2230 piusin
666 2154 1070 2221 retributione,
1104 2171 1282 2226 quam
1317 2152 1554 2209 subtilis
1586 2155 1644 2209 in
1675 2155 1870 2210 consi-

211 2248 532 2304 deratione.
567 2245 733 2300 Hunc
764 2259 900 2316 ergo
919 2244 1083 2299 decet
1112 2243 1319 2299 timere
1340 2247 1397 2299 et
1431 2244 1716 2312 venerari,
1769 2244 1871 2316 qui

208 2342 322 2392 tam
356 2334 616 2391 subtiler
645 2336 856 2388 cuncta
884 2335 1076 2404 potest
1103 2331 1405 2387 intinueri.

269 2423 470 2481 Multae
503 2426 645 2478 sunt
676 2421 1054 2494 cogitationes
1075 2420 1540 2492 hominum,quae
1563 2421 1614 2476 si
1645 2421 1870 2492 puraﬁ-

207 2514 273 2569 de
287 2517 574 2584 rectaque
593 2510 914 2567 intentione
934 2527 1128 2566 rerum
1151 2510 1549 2582 spiritualium
1566 2510 1869 2565 veritatem

211 2605 888 2674 quaruntmequaquam
917 2599 1342 2671 permittuntur
1373 2598 1475 2655 diu
1506 2615 1720 2655 errare.
1753 2600 1870 2654 Aut

209 2691 360 2747 enim
395 2695 603 2763 aperte
633 2688 718 2744 eis
749 2688 903 2760 quod
935 2686 1244 2760 requirunt
1276 2686 1869 2758 manifestatur,sicut

208 2798 380 2853 supra
411 2778 920 2848 ostendimus,aut
950 2776 1194 2848 mystice
1214 2793 1318 2848 per
1360 2775 1612 2847 alicujus
1674 2776 1866 2848 operis

208 2870 456 2942 ﬁguram
491 2867 854 2932 insinuatur,
887 2868 952 2920 ut
973 2865 1146 2921 modo
1187 2864 1460 2921 volumus
1516 2866 1741 2937 aperire
1799 2881 1868 2921 ex

209 2957 553 3031 Evangelica
574 2953 1039 3020 1ectione.Quaeri
1060 2955 1260 3025 itaque
1283 2953 1620 3025 potestquid
1642 2954 1868 3025 prosint

208 3047 462 3119 parvulis
487 3044 640 3100 nihil
663 3043 983 3099 scientibus
1005 3042 1312 3098 oﬁ'erenles
1330 3058 1428 3098 eos
1451 3043 1522 3097 ad
1549 3043 1864 3114 baptisma,

205 3152 302 3207 pro
330 3152 398 3190 eo
432 3133 662 3190 scilicet
683 3132 858 3205 quod,
893 3131 972 3187 ibi
993 3131 1093 3186 ubi
1125 3130 1400 3204 discipuli
1432 3132 1722 3203 jubentur
1759 3133 1862 3187 ba-

1979 553 2220 626 lyticum
2247 573 2258 611 :
2294 557 2477 620 Homo,
2512 559 2879 613 remittuntur
2909 559 3012 614 tibi
3033 567 3256 631 peccata
3283 560 3540 632 tua(Luc.
3571 578 3626 629 v,

1978 643 2068 711 20)
2104 661 2116 710 ;
2148 643 2228 698 ita
2257 647 2425 700 credo
2447 646 2539 717 agi
2572 662 2673 718 per
2694 661 2791 702 eos
2823 648 3216 720 quijparvulos
3238 649 3310 705 ad
3331 649 3628 722 baptisma

1981 732 2248 787 oli‘erunt.
2291 734 2581 806 Inspicere
2640 751 2893 807 namque
2949 738 3118 793 credo
3177 738 3491 796 Dominum
3549 741 3624 797 ad

1979 820 2345 876 oﬁ‘erentium
2376 822 2634 892 ﬁdem,et
2664 824 2854 880 dicere
2886 842 2898 880 :
2933 847 2961 875 «
2992 826 3038 880 Ο
3059 826 3625 898 parvuli,remittun-

1978 913 2076 963 tur
2104 909 2267 965 vobis
2292 916 2528 982 peccata
2556 916 2768 968 vestra.
2807 936 2834 962 »

2052 998 2177 1055 Non
2211 998 2402 1056 solum
2434 1005 2631 1057 autem
2662 1001 2721 1058 in
2751 1001 2860 1058 hoc
2888 1002 3216 1076 Evangelio,
3251 1005 3352 1060 sed
3385 1008 3442 1060 et
3485 1005 3626 1062 alibi

1981 1086 2195 1159 legitur
2224 1093 2509 1160 quantum
2532 1089 2723 1147 valeat
2752 1091 2898 1147 ﬁdes
2921 1108 3026 1164 pro
3049 1091 3181 1148 aliis
3229 1091 3625 1152 laborantium

1981 1175 2156 1232 Orare
2187 1177 2401 1250 quippe
2424 1195 2526 1250 pro
2555 1178 2687 1236 aliis
2715 1185 2804 1237 est
2841 1181 3010 1252 quasi
3068 1181 3184 1238 Deo
3243 1181 3450 1238 offerre
3505 1198 3625 1257 eos,

1980 1264 2134 1321 sicut
2160 1267 2371 1323 mulier
2397 1267 2723 1325 Chananaea
2752 1287 2856 1342 pro
2886 1269 3026 1341 ﬁlia,
3079 1271 3234 1326 sicut
3286 1270 3479 1348 Jairus
3531 1288 3627 1328 ar-

1980 1354 2410 1428 chisynagogus
2435 1374 2538 1428 pro
2585 1357 2726 1426 ﬁlia,
2781 1359 2933 1415 sicut
2992 1360 3254 1416 centurio
3308 1377 3414 1433 pro
3462 1377 3628 1418 servo

1981 1447 2540 1516 rogantes,exaudiri
2571 1453 2912 1504 meruerunt
2939 1449 2997 1504 in
3023 1448 3117 1505 his
3175 1465 3323 1521 quos
3383 1449 3628 1507 Domino

1981 1534 2239 1589 curando
2262 1534 2772 1591 obtulerunt.ltem
2806 1537 3091 1608 scriptum
3114 1541 3205 1595 est
3229 1537 3289 1592 in
3302 1537 3628 1612 Evan'geliis

1979 1621 2255 1686 Matthzei,
2285 1621 2462 1678 Marci
2508 1628 2565 1678 et
2615 1625 2804 1691 Lucae,
2837 1625 2978 1695 quia
3006 1624 3246 1697 quidam
3307 1626 3628 1683 offerebant

1977 1706 2116 1764 Jesu
2149 1709 2420 1782 parvulos
2442 1715 2507 1766 ut
2526 1714 2792 1784 tangeret
2837 1711 2990 1768 illos.
3030 1714 3296 1786 Cumque
3353 1714 3628 1790 discipuli

1977 1797 2117 1853 talia
2148 1799 2455 1870 prohibere
2483 1799 2714 1866 vellent,
2744 1799 3063 1873 increpavit
3091 1817 3189 1858 eos
3218 1802 3488 1872 Jesus,et
3515 1801 3625 1862 ait:

1979 1887 2156 1943 Sinite
2173 1889 2431 1959 parvulos
2453 1891 2636 1944 venire
2665 1890 2738 1944 ad
2766 1905 2852 1944 me
2885 1907 2897 1944 :
2955 1890 3152 1945 talium
3198 1891 3347 1946 enim
3394 1880 3630 1962 regnum

1977 1977 2237 2032 cazlorum
2260 1978 2468 2048 (Matth.
2499 1995 2555 2046 x,
2589 1979 2698 2049 14).
2731 1979 2811 2034 Ex
2857 1977 3074 2051 quibus
3131 1979 3407 2036 omnibus
3465 1980 3630 2036 colli-

1979 2065 2137 2136 gitur
2167 2065 2619 2138 quia,quamvis,
2654 2066 2714 2122 in
2744 2067 3054 2140 Evangelio
3077 2065 3177 2124 illo
3209 2085 3325 2140 quo
3356 2068 3629 2142 discipuli

1981 2153 2270 2226 baptizare
2291 2155 2890 2225 jubentur,memoria
2910 2155 3075 2212 nulla
3105 2157 3472 2214 offerentium
3494 2175 3630 2232 par-

1977 2241 2144 2298 vulos
2175 2243 2481 2311 habeatur,
2515 2245 2870 2300 credendum
2900 2249 2990 2300 est
3037 2248 3236 2301 tamen
3293 2249 3352 2302 et
3407 2247 3628 2303 suban-

1981 2329 2259 2386 diendum
2320 2331 2524 2388 adesse
2573 2333 2801 2400 debere,
2834 2332 3134 2405 simulque
3169 2349 3373 2390 eorum
3448 2335 3627 2392 ﬁdem

1978 2419 2347 2490 baptizandis
2381 2420 2634 2476 multum
2657 2422 2953 2492 prodesse.
2988 2422 3341 2493 Hujusmodi
3369 2437 3628 2497 namque

1980 2509 2316 2565 subauditio
2338 2509 2398 2565 in
2423 2509 2624 2566 multis
2645 2526 2822 2566 sacra:
2844 2509 3628 2583 Scripturalocisinferenda

1977 2601 2085 2666 est,
2119 2597 2378 2670 alioquin
2409 2614 2476 2653 ea
2508 2615 2636 2670 quas
2667 2599 2887 2671 scripta
2911 2605 3052 2654 sunt
3103 2616 3280 2656 sacras
3310 2601 3448 2656 ﬁdei
3495 2601 3624 2674 ple-

1977 2703 2225 2758 rumque
2255 2691 2554 2759 nequeunt
2582 2687 2790 2760 aptari.
2823 2687 2953 2743 Haec
2983 2687 3163 2762 igitur
3193 2692 3429 2763 propter
3448 2706 3626 2763 quos-

1978 2775 2114 2830 dam
2146 2774 2442 2848 simplices
2464 2780 2519 2832 et
2547 2775 2754 2832 litterae
2777 2776 2984 2848 solius,
3015 2794 3133 2834 non
3160 2782 3354 2835 autem
3415 2778 3627 2836 intelli-

1975 2864 2182 2935 gentiae
2205 2863 2554 2936 spiritualis,
2585 2865 2805 2921 amicos
2839 2866 2982 2938 dixi,
3014 2870 3081 2922 ut
3135 2867 3292 2923 hunc
3348 2867 3626 2940 loquendi

1977 2969 2197 3009 morem
2230 2970 2405 3026 quem
2436 2954 2549 3026 ipsi
2580 2953 2638 3010 in
2672 2971 2941 3011 sermone
2997 2960 3267 3012 exercent
3323 2957 3625 3013 communi

1974 3043 2149 3114 (smpe
2179 3044 2337 3098 enim
2368 3044 2450 3099 ita
2479 3043 2761 3115 loquntur
2789 3049 2874 3113 ut,
2911 3045 3023 3101 nisi
3055 3045 3252 3118 aliqua
3278 3047 3453 3103 verba
3479 3047 3626 3103 sub-

1975 3131 2313 3198 audiantur,
2337 3131 2813 3189 irrationabiliter
2842 3133 3002 3207 loqui
3031 3135 3378 3208 videantur),
3411 3151 3628 3210 agnos-

205 3203 418 3295 ptizare
448 3222 656 3280 ﬁdeles
689 3203 1126 3294 quoslibetmon
1140 3203 1332 3275 solum
1366 3220 1511 3275 nihil
1535 3222 1605 3276 de
1636 3237 1865 3278 eorum-
1895 3203 1939 3272 C
1978 3222 2110 3275 cant
2140 3217 2315 3274 etiam
2345 3219 2700 3275 litteratoria
2731 3203 3021 3276 insertum
3049 3203 3416 3293 eloquentius.

205 3313 335 3368 dem
357 3312 730 3368 oﬁ'erentium
753 3308 1136 3376 utilitate,sed
1160 3325 1266 3365 nec
1291 3310 1361 3366 de
1383 3325 1586 3365 eorum
1609 3311 1862 3368 adventu

205 3403 534 3474 quidquam
583 3402 1102 3466 commemoratur,
1161 3399 1328 3470 quasi
1371 3400 1729 3454 credendum
1789 3400 1866 3456 sit

206 3490 348 3546 nihil
382 3490 669 3563 prodesse
701 3487 959 3562 parvulis
989 3487 1361 3544 offerentium
1392 3486 1576 3543 labor.
1603 3487 1739 3556 Sed,
1799 3493 1863 3544 ut

202 3579 352 3634 mihi
374 3579 634 3645 videtur,
665 3577 914 3633 multum
944 3576 1180 3648 prodest
1204 3575 1463 3648 parvulis
1494 3577 1862 3648 baptizandis

203 3665 588 3724 oﬁ‘erentium
609 3665 796 3733 ﬁdes;
846 3681 1096 3738 moxque
1153 3665 1450 3738 subjungo
1504 3667 1659 3721 unde
1715 3666 1859 3722 illud

204 3755 442 3828 probari
471 3755 666 3812 credo.
696 3755 844 3811 Nam
893 3754 953 3808 in
1022 3754 1278 3826 quodam
1336 3755 1502 3810 Lucae
1552 3755 1861 3828 Evangelio

208 3847 416 3918 legitur
446 3845 592 3917 quia
623 3844 730 3899 viri
762 3843 1024 3916 quidam,
1058 3847 1355 3916 portantes
1403 3843 1700 3900 hominem
1760 3843 1861 3914 qui

216 3941 336 3990 erat
363 3933 756 4007 paralyticus,
789 3933 1129 4004 quaerebant
1157 3949 1290 3988 eum
1323 3932 1534 3988 inferre
1563 3937 1618 3988 et
1645 3947 1860 4004 ponere
1897 3953 1904 3958 ·

207 4029 333 4080 ante
354 4025 592 4088 Jesum,
629 4026 685 4077 et
725 4038 841 4078 non
889 4021 1251 4077 invenientes
1301 4037 1417 4093 qua
1472 4025 1634 4093 parte
1691 4021 1858 4076 illum

205 4113 635 4184 inferrent,praa
666 4111 862 4176 turba,
900 4110 1291 4165 ascenderunt
1322 4126 1502 4182 supra
1531 4115 1772 4178 tectum,
1806 4114 1862 4166 et

204 4201 546 4273 pertegulas
571 4197 1164 4254 submiseruntillum
1186 4215 1321 4254 cum
1345 4197 1492 4254 lecto
1516 4199 1575 4254 in
1598 4199 1860 4255 medium

204 4295 340 4345 ante
366 4289 592 4344 Jesum.
628 4290 889 4354 Quorum
920 4287 1093 4343 ﬁdem
1126 4291 1190 4342 ut
1218 4285 1382 4355 vidit,
1417 4287 1561 4342 dixit
1589 4303 1604 4345 :
1653 4288 1856 4356 Homo,

202 4365 592 4432 remittuntur
615 4376 724 4432 tibi
757 4380 995 4448 peccata
1024 4380 1126 4430 tua
1182 4375 1400 4447 (Matth.
1454 4392 1530 4448 1x,
1577 4377 1655 4446 2).
1715 4377 1855 4432 Ecce

205 4483 352 4538 opus
399 4471 673 4540 apertum
715 4470 774 4521 et
803 4464 1121 4538 corporale,
1153 4481 1256 4536 per
1313 4464 1470 4536 quod
1526 4463 1862 4522 insinuatur

2596 3325 2824 3381 CAPUT
2857 3327 2999 3382 XIX.

1973 3414 2298 3470 Exhortatio
2326 3413 2395 3468 ad
2425 3413 2639 3484 divites,
2673 3430 2860 3470 rerum
2880 3415 3202 3471 divinarum
3225 3417 3485 3485 incurias,
3511 3419 3620 3473 im-

2039 3486 2330 3560 prudentes
2361 3485 2731 3560 Ecelesiarum
2756 3489 3021 3557 pastores,
3082 3488 3514 3560 intemperantes
3565 3497 3622 3545 et

2041 3557 2244 3612 divinae
2272 3558 2576 3613 vocationis
2605 3561 3019 3628 contemptores.

2044 3663 2210 3719 Libet
2227 3663 2402 3718 etiam
2415 3661 2516 3718 illa
2526 3661 2881 3736 Evangelicze
2901 3662 3166 3720 lectionis
3178 3663 3354 3721 verba
3364 3665 3623 3737 proferre

1969 3753 2029 3808 in
2057 3751 2272 3825 quibus
2298 3751 2629 3824 specialiter
2650 3752 3039 3809 admoneniur
3059 3753 3119 3808 bi
3141 3753 3242 3826 qui
3273 3769 3437 3825 spem
3451 3770 3624 3812 suam

1970 3845 2198 3913 ponunt
2218 3841 2277 3895 in
2311 3839 2529 3896 divitiis
2561 3845 2617 3896 et
2660 3839 3056 3914 voluptatibus
3106 3842 3234 3897 vitm
3293 3842 3625 3914 praesentis,

1971 3930 2191 4002 quique
2219 3931 2392 3984 verbo
2428 3929 2524 3984 Dei
2557 3929 2625 3984 ad
2655 3933 2866 4002 tempus
2897 3930 3148 3997 credunt,
3169 3929 3262 3986 sed
3288 3933 3348 3986 in
3390 3939 3629 4004 tempore

1970 4020 2287 4074 tcntationis
2325 4017 2583 4073 recedunt
2611 4022 2766 4088 (Luc.
2799 4037 2924 4074 VIII.
2986 4021 3095 4090 13),
3129 4023 3214 4086 ut,
3265 4020 3635 4078 attendentes

1971 4108 2126 4179 quod
2162 4106 2480 4162 Psalmista
2509 4107 2650 4162 dicit
2679 4123 2692 4162 :
2725 4107 2907 4165 Nolite
2929 4124 3149 4181 sperare
3167 4110 3228 4163 in
3257 4111 3642 4182 iniquitate,et

1970 4199 2198 4269 rapinas
2228 4196 2397 4251 nolite
2423 4198 2840 4268 concupiscere;
2869 4197 3083 4254 divitia?
3110 4213 3157 4253 si
3177 4199 3439 4269 afﬂuant,
3466 4199 3640 4254 nolite

1970 4301 2062 4341 cor
2089 4301 2364 4356 apponere
2393 4285 2566 4355 (Psal.
2601 4286 3036 4358 vr,ll),discant
3065 4287 3254 4359 magis
3286 4287 3346 4342 in
3377 4287 3628 4343 Domino

1971 4391 2150 4446 quam
2184 4373 2243 4428 in
2269 4373 2489 4428 divitiis
2516 4373 2828 4429 conﬁdere.
2855 4373 3027 4430 Tales
3059 4390 3196 4447 ergo
3227 4374 3638 4447 Dominusper

1970 4462 2308 4536 parabolam
2327 4461 2996 4530 admonens,dicit:E.riit
3006 4465 3102 4534 qui
3111 4465 3633 4520 seminatseminare

205 4555 506 4628 spirituale
528 4555 661 4610 lSed
690 4554 856 4627 prius
887 4553 1230 4626 mysterium
1249 4553 1445 4609 lectuli
1475 4553 1535 4608 in
1569 4571 1682 4626 quo
1705 4555 1864 4610 inﬁr-
1895 4573 1941 4638 Ι)
1973 4568 2153 4607 semen
2183 4568 2378 4612 suum;
2397 4559 2468 4623 et,
2489 4552 2620 4606 dum
2639 4554 2894 4620 seminat,
2926 4551 3081 4608 aliud
3101 4551 3291 4608 cecidit
3309 4568 3462 4608 secus
3480 4554 3629 4607 viam

207 4660 331 4700 mus
349 4646 724 4718 portabatur,
762 4643 972 4699 deinde
1002 4648 1209 4698 caetera
1239 4643 1698 4698 consideremus.
1728 4649 1862 4701 Lec-

207 4733 354 4790 tulus
385 4750 657 4805 namque
689 4733 761 4788 ad
794 4732 1150 4804 portandum
1183 4730 1505 4802 quemlibet
1526 4735 1866 4804 aptus,qua-

206 4829 333 4878 tuor
361 4821 745 4879 columnellis
776 4820 1136 4894 compositus
1159 4820 1450 4875 subsistit.
1485 4820 1580 4875 Sic
1609 4826 1664 4876 et
1721 4821 1865 4877 ﬁdes

205 4911 512 4981 catholica,
547 4929 680 4983 qua)
717 4916 899 4966 Deum
933 4909 1390 4982 omnipotentem
1417 4909 1475 4962 in
1503 4909 1782 4966 Trinitate
1813 4915 1870 4966 et

212 4999 436 5057 L'ntiate
465 5001 876 5057 venerandum
899 4999 1086 5066 docet,
1114 4999 1173 5052 in
1205 5003 1460 5069 quatuor
1519 4999 1865 5071 Evangeliis,

207 5090 368 5158 γε]βὶ
401 5091 517 5146 hoc
551 5089 746 5163 magis
761 5089 1036 5161 placet,in
1062 5088 1250 5142 tribus
1282 5086 1550 5159 personis
1571 5092 1626 5142 et
1647 5089 1870 5145 unitate

209 5186 418 5236 sancta
452 5179 772 5235 Trinitatis
802 5178 1046 5233 existere
1096 5177 1394 5249 probatur.
1447 5177 1632 5239 Quam
1693 5178 1869 5233 ﬁdem

208 5267 479 5342 quisquis
511 5268 611 5324 alii
642 5266 1066 5335 tradit,docens
1095 5281 1230 5321 eum
1264 5265 1419 5336 quod
1453 5265 1580 5320 sine
1605 5265 1734 5338 ipsa
1752 5265 1868 5321 sal-

207 5359 318 5412 vari
351 5357 744 5430 nequeat,hic
774 5355 938 5412 illum
965 5355 1131 5427 quasi
1161 5354 1220 5409 in
1254 5353 1402 5409 lecto
1432 5354 1689 5426 positum
1739 5359 1871 5410 ante

205 5446 414 5502 Jesum
449 5451 662 5518 portat.
699 5446 830 5500 Haec
857 5441 1058 5516 itaque
1089 5442 1242 5499 dicta
1273 5443 1394 5497 sint
1421 5442 1492 5497 de
1524 5443 1654 5498 lecti
1714 5459 1870 5515 mys-

203 5535 376 5590 terio.
409 5535 580 5592 Nunc
621 5551 779 5606 vero,
834 5538 901 5588 ut
959 5531 1361 5604 promisimus,
1417 5534 1622 5586 czetera
1680 5531 1870 5587 consi-

203 5625 507 5686 deremus.
534 5626 706 5686 Sicut
733 5623 916 5699 igitur
943 5621 1458 5692 Dominus,videns
1480 5636 1682 5679 eorum
1697 5621 1873 5682 ﬁdem

1975 4645 2025 4696 et
2055 4641 2425 4696 conculiatum
2461 4645 2617 4713 est,et
2642 4642 2885 4697 volucres
2904 4643 3025 4696 caeli
3064 4639 3417 4696 comederunt
3461 4639 3626 4696 illud.

1976 4732 2038 4786 Et
2067 4729 2222 4785 aliud
2244 4730 2437 4785 cecidit
2474 4747 2645 4801 supra
2681 4739 2915 4802 petram,
2959 4737 3010 4784 et
3042 4732 3237 4784 natum
3263 4729 3437 4796 aruit,
3496 4730 3629 4800 quia

1976 4836 2085 4874 non
2116 4819 2348 4874 habebat
2375 4820 2677 4875 humorem.
2701 4823 2770 4874 Et
2817 4817 2974 4873 aliud
2994 4817 3187 4874 cecidit
3225 4821 3376 4875 inter
3416 4819 3625 4891 spinas,

1977 4912 2028 4963 et
2048 4909 2215 4963 simul
2235 4916 2439 4964 exortae
2468 4910 2647 4979 spina:
2699 4909 3103 4980 suﬂocaveruut
3146 4909 3305 4964 illud.
3365 4909 3429 4964 Et
3473 4906 3630 4965 aliud

1977 4997 2168 5052 cecidit
2200 4999 2259 5051 in
2291 5006 2498 5052 terram
2531 4997 2803 5065 bonum,et
2825 5006 3000 5053 ortum
3027 5000 3155 5069 fecit
3173 5000 3415 5069 fructum
3440 5000 3632 5054 centu-

1974 5088 2152 5158 plum.
2187 5087 2310 5141 Haec
2352 5087 2536 5142 dicens
2564 5087 2876 5143 clamabat:
2925 5089 3032 5156 Qui
3083 5087 3246 5143 habet
3310 5102 3476 5144 aures
3523 5102 3634 5142 au—

1982 5175 2170 5230 diendi
2198 5175 2391 5234 audiat
2406 5177 2552 5244 (Luc.
2588 5193 2708 5247 vui,
2730 5178 2786 5243 5,
2815 5177 2892 5248 8).
2926 5176 3087 5242 Quod
3109 5176 3291 5248 igitur
3318 5175 3378 5232 in
3411 5175 3636 5231 semine

1983 5263 2300 5334 cujuslibet
2328 5264 2495 5336 grani
2525 5264 2832 5322 visibiliter
2861 5265 3205 5339 contingant
3241 5263 3462 5332 omnia,
3485 5263 3639 5320 sicut

1983 5352 2268 5408 Dominus
2301 5352 2580 5409 disseruit
2603 5354 2661 5408 in
2693 5353 3204 5426 parabola,notum
3234 5357 3326 5420 est
3355 5352 3634 5410 omnibus

1982 5441 2229 5513 ideoque
2254 5458 2321 5497 ex
2350 5441 2444 5498 bis
2475 5459 2602 5515 quae
2630 5444 2898 5500 novimus
2922 5444 3204 5500 debemus
3251 5458 3499 5515 pensare
3553 5442 3641 5499 in-

1983 5529 2301 5603 coguita,id
2333 5536 2422 5586 est
2442 5532 2928 5605 spiritualia,quae
2947 5531 3355 5605 signiﬁcantur
3373 5549 3477 5606 per
3495 5536 3636 5590 nota

1982 5625 2040 5678 et
2067 5619 2340 5679 visibilis.
2365 5619 2528 5678 Unde
2559 5626 2616 5679 et
2636 5624 3262 5698 Dominus,postquam
3293 5619 3630 5705 parabolam
