4108 6188
273 408 392 474 209

1390 410 1621 474 LIBER
1663 409 1766 473 DE
1810 409 2070 476 GURSU
2114 409 2581 478 SPlRITUALI.

3576 411 3698 479 210

276 537 535 617 quotidie
552 555 671 597 non
690 536 884 598 solum
903 539 976 598 ob
993 540 1238 600 nimiam
1257 541 1530 600 villarum
1555 547 1729 616 atque
1750 544 1928 600 boum
1961 545 2012 612 Α
2045 545 2244 601 omnia
2263 549 2577 618 antequam
2595 548 2921 606 ﬁant.Inter
2940 546 3173 606 eosdem
3195 563 3431 623 quoque
3450 543 3680 607 haereti-

271 631 460 707 pretio
527 629 776 702 condigo
845 632 1336 704 acquirendorum
1409 632 1786 689 ambitionem
1871 638 1928 689 et

270 726 512 795 propter
553 719 1008 790 intemperatum
1039 722 1234 777 uxoris
1281 739 1561 794 amorem,
1593 723 1693 778 sed
1725 722 1922 790 etiam,

269 809 430 886 quod
461 808 651 866 multo
681 808 932 880 nequius
959 813 1069 878 est,
1101 811 1174 865 ob
1205 827 1304 866 eos
1335 827 1506 884 agros
1537 828 1684 883 quos
1723 811 1927 867 fraude

271 899 478 972 aliqua
508 899 807 971 acquirere
829 896 917 953 vel
941 898 1167 955 auferre
1188 901 1428 956 student
1445 901 1516 956 de
1543 900 1686 956 locis
1708 899 1925 956 sanctis

271 1006 375 1047 seu
409 987 859 1061 pauperibus,et
878 992 1117 1060 propter
1146 989 1469 1045 meretricis
1501 989 1922 1059 inductionem,

270 1094 332 1137 se
367 1081 657 1134 conantur
677 1091 954 1132 excusare
983 1093 1017 1131 a
1044 1077 1346 1133 vocatione
1376 1077 1658 1134 divina.Si
1679 1077 1835 1134 enim
1858 1078 1918 1134 hi

271 1167 372 1242 qui
404 1167 582 1223 rebus
605 1166 770 1236 juste
800 1165 1106 1238 acquisitis
1145 1170 1202 1222 et
1242 1171 1358 1222 Dec
1387 1167 1682 1223 concessis
1711 1167 1925 1222 intem-

268 1260 548 1330 peranter
576 1259 886 1321 utuntur,a
915 1270 1092 1328 regno
1117 1255 1336 1312 ccelesti
1367 1255 1925 1328 excluduntur,quid

268 1345 628 1403 credendum
661 1349 751 1400 est
780 1344 850 1399 de
882 1342 1000 1400 illis
1033 1343 1132 1416 qui
1164 1361 1266 1417 per
1294 1344 1410 1400 vim
1443 1350 1500 1402 et
1528 1346 1794 1401 fraudem
1827 1345 1927 1401 ali-

271 1450 456 1508 quam
489 1433 681 1490 aliena
711 1433 1027 1504 rapientes,
1062 1439 1120 1489 et
1150 1433 1557 1491 meretricibus
1580 1435 1920 1505 semetjun-

270 1529 498 1598 gentes,
534 1525 594 1579 in
624 1522 721 1580 his
756 1539 944 1594 usque
990 1523 1063 1579 ad
1106 1521 1283 1579 finem
1334 1523 1462 1579 vitae
1513 1523 1925 1596 perseverant?

266 1612 396 1670 Haec
424 1611 626 1682 itaque
647 1611 818 1682 juxta
847 1610 1103 1667 litteram
1135 1611 1295 1668 dicta
1325 1611 1464 1668 sint.

333 1699 581 1765 Deinde,
605 1701 775 1772 juxta
795 1698 1159 1772 spiritualem
1178 1699 1920 1772 intelligentiam,ccnside-

263 1806 393 1847 rare
420 1789 570 1846 libet
601 1788 702 1861 qui
733 1787 1139 1860 signiﬁcentur
1158 1804 1260 1861 per
1281 1788 1414 1845 illos
1434 1792 1552 1845 tres
1573 1791 1922 1845 excusantes

263 1897 325 1936 se
354 1897 390 1936 a
420 1895 592 1936 cmna
621 1878 693 1934 ad
724 1894 902 1949 quam
933 1878 1160 1934 invitati
1189 1883 1377 1934 erant.
1403 1877 1634 1936 Primus
1665 1894 1920 1950 namque
1950 1918 1999 1985 B

266 1968 414 2025 dixit
445 1986 461 2026 :
495 1968 697 2024 Villam
720 1969 852 2036 emi,
883 1971 936 2023 et
962 1983 1178 2024 necesse
1226 1967 1394 2024 habeo
1440 1969 1595 2024 exire
1642 1975 1694 2024 et
1737 1967 1922 2023 videre

265 2057 459 2127 illam;
487 2072 617 2129 rogo
646 2061 718 2128 te,
751 2057 890 2114 habe
917 2073 1005 2114 me
1022 2062 1365 2113 excusatum.
1397 2057 1549 2113 Alter
1575 2056 1720 2114 dixit
1741 2075 1759 2113 :
1779 2058 1922 2127 Juga

268 2149 467 2220 bonum
484 2149 600 2203 emi
618 2149 936 2220 quinque,et
951 2163 1012 2203 eo
1026 2146 1272 2219 probare
1291 2147 1395 2202 illa
1410 2164 1432 2210 ί
1449 2162 1576 2218 rogo
1597 2146 1817 2218 te,habe
1834 2163 1922 2202 me

265 2245 610 2294 excusatum.
648 2237 853 2292 Tertius
873 2235 1056 2293 eodem
1084 2236 1244 2292 modo
1277 2237 1557 2292 excusavit
1597 2252 1654 2293 se
1683 2236 1868 2292 dicens
1901 2255 1916 2292 :

267 2329 504 2388 Uxorem
535 2326 694 2390 duxi,
727 2330 778 2381 et
807 2326 926 2381 ideo
972 2313 1082 2381 non
1123 2341 1350 2398 possum
1393 2327 1584 2382 venire
1633 2325 1821 2397 (lbid.)
1854 2325 1917 2381 In

261 2416 393 2473 istis
424 2432 564 2487 ergo
593 2415 783 2471 tribus
810 2431 872 2470 se
902 2415 1319 2472 excusantibus
1371 2414 1638 2470 existimo
1668 2413 1916 2487 intelligi

260 2521 440 2581 posse
471 2505 584 2560 tria
612 2520 826 2577 genera
854 2504 1183 2573 hominum,
1216 2503 1525 2578 gentilium
1546 2503 1835 2571 videlicet,
1862 2507 1919 2559 et

261 2595 600 2655 Judzeorum
633 2598 810 2666 atque
839 2593 1267 2650 haereticorum.
1293 2598 1371 2649 Ex
1401 2594 1617 2666 quibus
1647 2593 1914 2665 gentiles,

263 2683 837 2758 quia,amplissimas
868 2683 1270 2755 possessiones
1301 2683 1360 2738 in
1391 2683 1500 2738 hoc
1537 2683 1760 2738 mundo
1786 2682 1919 2738 reti-

261 2779 470 2844 nentes
491 2771 575 2828 nil
607 2773 943 2846 cogitabant
973 2771 1224 2845 qualiter
1243 2772 1371 2828 vitae
1394 2771 1666 2843 perennis
1688 2771 1918 2844 partici-

263 2879 366 2936 pes
389 2861 1040 2934 ﬁerent,signi{icantur
1060 2878 1163 2933 per
1182 2861 1480 2935 illum,qui
1503 2861 1649 2917 dixit
1673 2877 1685 2914 :
1719 2861 1916 2917 Villam

263 2955 392 3016 emi,
423 2959 477 3007 et
505 2967 718 3007 necesse
747 2951 914 3007 habeo
944 2953 1099 3007 exire
1127 2956 1178 3007 et
1207 2953 1394 3008 videre
1423 2952 1601 3017 illam,
1632 2954 1764 3020 etc.,
1786 2966 1914 3022 qua:

264 3040 485 3098 scilicet
497 3044 556 3096 et
567 3040 959 3096 excusationis
975 3041 1335 3098 verbatoties
1347 3041 1407 3097 in
1420 3041 1592 3096 corde
1613 3056 1720 3095 suo
1737 3055 1916 3094 unus-

261 3130 516 3203 quisque
538 3129 680 3184 dicit
705 3128 934 3201 quoties
964 3130 1308 3202 temporalia
1338 3131 1493 3186 bona
1523 3128 1760 3184 aeternis
1777 3144 1915 3199 gau-

259 3218 377 3275 diis
407 3218 716 3290 praeponit.
750 3221 892 3273 Cum
915 3218 1073 3273 enim
1102 3218 1236 3290 quis
1265 3218 1483 3290 aliquid
1513 3233 1703 3274 emere
1733 3216 1912 3288 cupit,

254 3324 448 3364 unum
479 3324 582 3378 pro
614 3306 800 3363 altero
832 3307 1040 3363 reddit.
1069 3308 1159 3363 Ita
1187 3316 1243 3363 et
1263 3308 1361 3364 ille
1384 3308 1504 3380 agit
1535 3307 1634 3379 qui
1654 3306 1909 3362 liberum
1943 3291 1986 3360 C

248 3395 568 3453 arbitrium
589 3395 813 3452 habens
836 3400 899 3452 ut
921 3396 1096 3452 faciat
1115 3397 1268 3452 bona
1287 3397 1376 3453 vel
1401 3394 1912 3468 mala,spiritualia

240 3484 337 3542 vel
370 3483 658 3553 carnalia,
691 3484 1016 3557 spiritualia
1041 3487 1210 3557 quasi
1240 3486 1500 3542 vendens
1530 3503 1564 3541 a
1593 3500 1656 3541 se
1686 3483 1907 3556 abjicit,

239 3583 304 3632 et.
341 3571 613 3628 carnalia
641 3574 878 3629 emendo
908 3574 1132 3646 recipit.
1164 3574 1264 3630 Ille
1315 3578 1514 3630 autem
1565 3590 1767 3629 servus
1811 3573 1909 3643 qui

239 3662 544 3720 invitabat
574 3678 775 3720 omnes
804 3662 1052 3737 intelligi
1083 3667 1275 3736 potest
1302 3663 1392 3719 vel
1432 3662 1698 3719 naturale
1740 3663 1907 3734 inge-

244 3752 414 3808 nium
444 3749 534 3807 vel
567 3768 933 3825 quaecunque
977 3753 1221 3809 scientia
1266 3752 1405 3808 boni
1455 3756 1514 3808 et
1559 3751 1700 3808 mali
1731 3769 1766 3808 a
1796 3753 1907 3806 Deo

243 3841 487 3906 tributa,
521 3845 587 3896 ut
619 3841 772 3896 sciat
815 3842 1229 3914 unusquisque
1281 3841 1573 3899 declinare
1605 3859 1637 3896 a
1668 3840 1822 3896 malo
1852 3845 1910 3897 et

246 3929 436 3986 facere
465 3930 833 3986 bonum.Sed
867 3931 1211 4002 hujusmodi
1243 3947 1446 3987 servus
1475 3930 1767 3986 nuntiavit
1785 3929 1907 3986 haec

236 4018 488 4084 domino
521 4036 654 4090 suo,
687 4019 826 4091 quia
851 4019 1323 4092 uniuscujusque
1354 4020 1712 4076 conscientia
1733 4023 1790 4074 et
1813 4036 1906 4074 co-

247 4107 454 4182 gitatio
486 4112 647 4180 patet
685 4113 820 4164 Deo.
872 4109 980 4165 Per
1028 4127 1162 4165 eum
1211 4127 1344 4166 vero
1393 4110 1491 4182 qui
1540 4109 1686 4165 dixit
1719 4125 1732 4166 :
1762 4112 1908 4180 Juga

249 4197 415 4253 boum
441 4199 553 4253 emi
581 4199 987 4270 quinqne,etc.,
1018 4199 1252 4254 Judaeos
1282 4199 1342 4253 in
1375 4199 1618 4270 perﬁdia
1649 4215 1757 4254 sua
1777 4215 1903 4270 per-

248 4291 560 4342 manentes
578 4285 1149 4359 intelligo,qui,dum
1169 4287 1227 4342 in
1253 4287 1515 4360 quinque
1534 4287 1702 4342 libris
1724 4287 1908 4359 Moysi

247 4373 535 4429 ﬁduciam
565 4376 881 4431 maximam
914 4375 1220 4444 habentes,
1247 4376 1328 4431 nil
1359 4380 1564 4432 curant
1590 4376 1662 4431 de
1684 4376 1906 4431 caeteris

247 4463 568 4536 Scriptores
598 4481 778 4520 sacrm
811 4463 998 4536 libris,
1050 4482 1300 4538 quorum
1351 4465 1615 4521 doctrina
1662 4464 1909 4537 pleniter

249 4553 466 4625 corrigi
494 4554 934 4626 possent,quasi
966 4559 1309 4610 excusantes
1339 4554 1739 4626 dicentesque:
1759 4558 1908 4624 Juga

249 4642 412 4699 boum
442 4645 563 4698 emi
589 4645 855 4716 quinque,
889 4643 949 4698 in
976 4644 1147 4700 corde
1200 4661 1306 4699 suo
1335 4644 1692 4716 respondent
1723 4643 1773 4699 ei
1805 4643 1907 4715 qui

249 4747 314 4788 se
343 4733 578 4804 invitat,
610 4732 867 4788 naturali
895 4732 1152 4805 ingenio,
1185 4732 1425 4788 cuilibet
1452 4733 1707 4788 scientiae
1740 4749 1773 4788 a
1793 4737 1906 4789 Deo

251 4820 364 4878 sibi
395 4821 650 4878 tradita.
684 4821 792 4877 Per
819 4823 1064 4898 tertium,
1089 4825 1284 4879 autem
1315 4822 1415 4892 qui
1446 4821 1591 4877 dixit
1622 4838 1634 4876 :
1674 4823 1906 4880 Uxorem

248 4908 412 4978 duxi,
445 4917 494 4966 et
520 4910 642 4966 ideo
673 4926 784 4966 non
806 4926 1030 4984 possum
1079 4913 1290 4979 venire,
1315 4910 1618 4967 haereticos
1651 4909 1904 4982 intelligi

247 5014 431 5072 posse
456 4999 807 5056 credo.Nam
838 5000 982 5055 dum
1012 5003 1267 5056 tractant
1295 4999 1547 5072 qualiter
1591 4999 1652 5054 in
1700 4999 1906 5055 haeresi

246 5093 530 5160 suscepta
559 5093 965 5161 permaneant,
983 5104 1229 5161 eamque
1260 5089 1448 5162 magis
1479 5105 1656 5160 quam
1679 5103 1907 5145 sacram

246 5182 310 5235 et
340 5177 741 5234 universalem
784 5178 960 5234 fidem
1009 5178 1278 5252 diligant,
1327 5177 1496 5250 quasi
1543 5178 1802 5235 dicentes
1849 5177 1908 5232 in

245 5268 425 5326 corde
457 5285 568 5324 suo
599 5285 614 5323 :
653 5269 887 5326 Uxorem
914 5269 1072 5336 duxi,
1105 5271 1156 5324 et
1187 5267 1302 5325 ideo
1332 5283 1442 5324 non
1461 5284 1681 5340 possum
1703 5268 1910 5338 venire,

244 5359 620 5430 respondent
649 5357 722 5428 ei,
743 5356 844 5430 qui
875 5373 938 5413 se
963 5357 1186 5424 invitat,
1220 5357 1440 5415 summi
1471 5356 1915 5430 patrisfamilias

244 5462 444 5516 servo,
477 5449 553 5504 de
581 5464 699 5521 quo
729 5462 912 5519 supra
940 5445 1162 5503 dictum
1204 5450 1312 5504 est.
1347 5449 1716 5518 Quaecunque
1757 5447 1916 5502 enim

243 5535 521 5594 carnalia
536 5535 630 5594 vel
661 5535 1031 5592 delectabilia
1051 5535 1226 5592 homo
1250 5541 1364 5592 Deo
1381 5535 1656 5608 praeferre
1678 5535 1916 5607 satagit,

244 5642 363 5699 pro
394 5626 490 5682 his
519 5625 931 5684 excusationes
963 5624 1318 5698 multiplices
1340 5625 1401 5682 iu
1424 5625 1597 5680 corde
1619 5641 1726 5680 suo
1749 5623 1917 5697 gerit,

245 5732 445 5793 quam
465 5713 766 5777 excusatio
788 5713 987 5791 aliqua
1004 5715 1191 5776 Deum
1211 5714 1410 5775 fallere
1433 5713 1921 5790 possit,quiuovit

2036 649 2133 690 cos
2155 633 2438 690 falsorum
2460 635 2928 693 Christianorum
2950 638 3265 695 multitudo
3283 638 3691 697 convenienter

2034 726 2229 796 potest
2239 725 2980 798 connumerari,quia,dum
2993 727 3688 801 unusquisquevitiorum

2036 813 2221 868 amori
2252 812 2334 869 ita
2355 830 2416 870 se
2445 815 2749 888 conjungit
2777 821 2842 871 ut
2870 815 3052 872 divini
3083 817 3299 873 amoris
3332 818 3557 874 cultum
3585 819 3684 876 de-

2036 907 2212 971 serat,
2243 920 2480 960 uxorem
2513 905 2768 976 profecto
2799 904 2975 961 talem
3019 905 3184 962 duxit
3229 912 3464 980 propter
3505 925 3683 980 quam

2033 991 2228 1048 venire
2259 997 2512 1064 nequeat
2541 995 2612 1049 ad
2642 993 2773 1050 vita:
2803 994 3076 1067 perennis
3105 995 3520 1053 cmuam.Sicut
3537 1013 3674 1069 ergo

2035 1081 2340 1154 sapientia,
2374 1099 2576 1138 omnes
2597 1083 2841 1139 virtutes
2870 1101 3180 1156 generans,
3213 1084 3497 1158 sapientis
3537 1102 3685 1142 uxor

2033 1169 2123 1225 vel
2171 1171 2361 1227 amica
2405 1175 2666 1238 vocatur,
2717 1173 2798 1228 ita
2843 1172 3023 1228 etiam
3064 1171 3336 1243 stultitia,
3369 1189 3472 1246 per
3500 1189 3681 1247 quam

2035 1258 2234 1314 omnia
2263 1259 2608 1316 nutriuntur
2634 1260 2792 1330 vitia,
2818 1261 2981 1318 stulti
3012 1278 3157 1318 uxor
3185 1262 3379 1318 vocari
3412 1266 3624 1336 potest.

2105 1352 2243 1404 Post
2271 1348 2390 1404 hac
2417 1365 2550 1405 vero
2581 1349 2838 1406 mittitur
2866 1367 3071 1407 servus
3107 1350 3168 1406 in
3191 1350 3414 1424 plateas
3443 1355 3501 1408 et
3523 1351 3683 1411 vicos

2034 1437 2305 1506 civitatis,
2333 1441 2400 1494 ut
2424 1454 2710 1510 pauperes
2738 1454 2804 1495 ac
2825 1438 3069 1512 debiles,
3103 1456 3285 1497 caecos
3336 1443 3395 1498 et
3441 1439 3684 1498 claudos

2032 1525 2368 1582 introducat
2386 1527 2458 1583 ad
2475 1528 2865 1600 coenam,quia
2878 1529 3106 1600 inﬁrma
3122 1528 3322 1586 mundi
3334 1530 3500 1600 elegit
3517 1515 3681 1599 Deus,

2031 1623 2092 1670 ut
2137 1616 2437 1686 confundat
2484 1617 2660 1688 fortia
2706 1619 2756 1687 (Ι
2782 1617 2904 1674 Cor.
2938 1635 2978 1686 1,
3007 1618 3123 1690 27).
3177 1618 3468 1691 Pauperes
3514 1619 3676 1675 enim

2030 1703 2128 1759 isti
2158 1703 2413 1760 humiles
2443 1710 2692 1777 possunt
2722 1705 2991 1778 intelligi;
3023 1723 3127 1779 per
3155 1706 3374 1764 debiles
3403 1711 3600 1764 autem
3621 1711 3680 1765 et

2031 1808 2210 1848 caecos
2225 1796 2285 1848 et
2300 1792 2543 1849 claudos
2561 1793 2968 1866 significantur
2985 1794 3046 1850 hi
3068 1795 3356 1868 qui,varia
3382 1794 3678 1853 debilitate

2029 1897 2096 1938 ac
2112 1881 2368 1938 caecitate
2389 1882 2603 1938 mentis
2614 1883 3382 1956 Oppressi,claudicaverunt
3397 1901 3431 1940 a
3450 1884 3678 1943 semitis

2028 1970 2238 2026 divina:
2269 1969 2450 2044 legis;
2494 1971 2618 2039 sed,
2649 1975 2964 2044 postquam
3012 1977 3376 2046 agnoverunt
3421 1973 3675 2047 gratiam

2027 2058 2131 2116 Dei
2185 2063 2408 2115 tantam
2439 2075 2568 2117 esse
2596 2060 2750 2117 circa
2776 2064 3131 2132 peccatores,
3164 2060 3396 2119 nisibus
3422 2061 3564 2120 totis
3602 2063 3676 2120 ad

2030 2148 2342 2204 Dominum
2375 2152 2517 2205 sunt
2546 2150 2945 2208 conversi.Per
2971 2149 3104 2208 illos
3131 2167 3265 2208 vero
3295 2151 3398 2224 qui
3419 2151 3678 2226 compel-

2026 2237 2300 2294 lebantur
2327 2237 2546 2294 intrare
2592 2239 2665 2294 ad
2713 2255 2960 2308 omnem,
2994 2239 3322 2311 intelligere
3358 2256 3678 2313 possumus

2027 2325 2343 2384 sceleratos
2369 2326 2667 2399 quoslibet
2688 2327 2760 2384 ad
2785 2327 2972 2384 Deum
3003 2329 3463 2402 conversos,qui,
3481 2347 3584 2403 pro
3604 2348 3671 2388 eo

2028 2417 2182 2490 quod
2213 2416 2466 2489 peccatis
2487 2417 2688 2472 nimiis
2709 2417 2898 2488 pressi
2923 2417 3201 2475 ﬁduciam
3223 2418 3448 2476 nullam
3468 2419 3529 2476 in
3552 2419 3678 2478 suis

2026 2505 2254 2562 meritis
2284 2505 2598 2577 habebant,
2631 2506 2802 2577 quasi
2832 2506 3118 2579 compulsi
3154 2508 3224 2562 ad
3268 2507 3372 2564 Dei
3420 2508 3676 2581 gratiam

2027 2595 2666 2652 festinabant.Possunt
2685 2599 2743 2651 et
2762 2594 2822 2650 hi
2845 2595 2906 2651 in
2931 2597 3136 2652 eadem
3166 2613 3294 2652 com
3301 2595 3568 2668 pulsicne
3588 2597 3678 2655 in-

2023 2684 2207 2758 telligi
2228 2683 2330 2756 qui
2353 2684 2412 2740 in
2433 2688 2660 2740 tantam
2681 2683 2941 2757 corporis
2962 2683 3366 2742 infirmitatem
3393 2702 3496 2743 seu
3521 2687 3676 2759 peri-

2025 2773 2155 2830 cula
2182 2773 2445 2841 veniunt,
2471 2777 2535 2829 ut
2565 2790 2667 2846 pro
2697 2773 3065 2846 reparatione
3091 2773 3220 2831 vitae
3249 2775 3678 2848 compellantur

2024 2862 2464 2919 emendationes
2494 2879 2725 2919 morum
2758 2867 2870 2919 Dec
2901 2863 3260 2936 promittere.
3277 2864 3386 2921 Sed
3416 2863 3679 2922 terribile

2024 2956 2114 3010 est
2133 2952 2299 3008 valde
2320 2953 2478 3024 quod
2501 2957 2636 3024 post
2659 2951 3124 3024 compulsionem
3154 2951 3332 3010 talem
3363 2953 3671 3027 subjungi-

2021 3045 2119 3096 tur
2148 3057 2182 3096 a
2209 3041 2478 3108 Domino,
2510 3041 2737 3098 dicente
2769 3057 2782 3096 :
2814 3042 2944 3097 Dico
2973 3049 3156 3098 autem
3185 3043 3335 3099 vobis
3359 3041 3676 3115 quodnemo

2021 3132 2276 3186 virorum
2327 3131 2558 3186 illorum
2605 3131 2702 3202 qui
2746 3132 2924 3187 vocati
2984 3137 3114 3187 sunt
3166 3132 3413 3203 gustabit
3458 3148 3676 3188 ccenam

2022 3235 2205 3276 meam
2233 3220 2386 3292 (Luc.
2419 3236 2533 3290 xvx,
2559 3219 2673 3277 24).
2706 3219 2767 3274 Si
2798 3218 2980 3290 igitur
3017 3234 3190 3275 nemo
3237 3220 3495 3277 virorum
3543 3219 3677 3276 illc-

2021 3325 2154 3364 run:
2165 3309 2267 3379 qui
2285 3307 2472 3364 vocati
2495 3310 2636 3362 sunt
2655 3305 2920 3378 gustabit
2948 3321 3174 3362 omnem
3197 3306 3458 3378 Dei,quis
3479 3309 3673 3379 potest

2021 3397 2217 3454 salvus
2248 3396 2414 3452 ﬁeri?
2440 3396 2566 3450 Non
2591 3394 2748 3450 enim
2781 3397 2990 3465 praeter
3008 3393 3141 3450 illos
3163 3410 3310 3465 quos
3330 3395 3426 3466 ipe
3443 3394 3674 3450 vocabit

2020 3485 2235 3558 aliquis
2255 3488 2345 3541 est
2364 3483 2810 3554 salvandus,sed
2833 3480 2916 3536 illi
2940 3483 3349 3538 tantummodo
3371 3482 3677 3540 salvantur

2019 3576 2119 3650 qui
2153 3577 2224 3631 ab
2256 3591 2324 3630 eo
2352 3577 2654 3630 vocantur.
2686 3574 3028 3638 Quaeramus
3056 3587 3215 3644 ergo,
3256 3575 3314 3628 et
3343 3570 3669 3645 opitulante

2018 3670 2154 3737 Deo,
2205 3662 2537 3719 invenimus
2587 3660 2841 3732 qualiter
2885 3660 3008 3716 haec
3052 3659 3333 3717 terribilis
3382 3661 3674 3718 sententia

2017 3755 2237 3824 absque
2251 3749 2528 3808 scandalo
2543 3751 2678 3806 fidei
2697 3750 3023 3822 salutisque
3045 3753 3258 3806 nostra
3271 3749 3521 3823 intelligi
3542 3766 3673 3822 pos-

2018 3843 2267 3901 sit.Nam
2292 3841 2342 3898 si
2364 3840 2668 3913 superiora
2697 3840 2878 3911 hujus
2908 3838 3206 3912 Evangelii
3230 3839 3390 3896 dicta
3415 3837 3670 3896 attendi-

2017 3931 2280 4000 mus,ubi
2293 3930 2515 3987 scilicet
2525 3929 2740 4002 legitur
2751 3929 2891 4000 quia
2903 3929 3145 4002 quidam
3155 3928 3341 3986 vocati
3355 3928 3427 3985 ad
3441 3944 3668 3986 cmnam

2013 4020 2211 4078 venire
2238 4020 2570 4090 noluerunt,
2601 4023 2742 4074 tunc
2772 4019 2974 4091 utique
3020 4018 3289 4075 eamdem
3316 4017 3667 4076 sententiam

2017 4111 2088 4166 ad
2121 4109 2254 4166 illos
2285 4107 2616 4182 specialiter
2645 4107 2862 4164 dictam
2889 4125 3018 4165 esse
3047 4107 3446 4182 agnoscimus.
3479 4108 3570 4175 Et,
3603 4110 3670 4164 ut

2013 4198 2098 4254 ita
2117 4214 2245 4254 esse
2266 4196 2526 4270 apertius
2547 4194 3126 4264 clarescat,dicamus
3149 4195 3416 4267 ejusdem
3437 4198 3671 4252 senten-

2013 4287 2106 4342 tias
2154 4287 2330 4342 verba
2375 4287 2550 4342 :Dico
2596 4289 2784 4341 autem
2824 4285 2973 4341 vobis
3025 4284 3166 4358 quod
3212 4299 3373 4341 nemo
3420 4285 3669 4341 virorum

2014 4375 2250 4432 illorum
2277 4377 2372 4448 qui
2403 4377 2580 4432 vocati
2607 4378 2754 4443 sunt,
2787 4375 3032 4446 gustabit
3077 4390 3288 4430 ctenam
3325 4389 3524 4430 meam.
3556 4372 3667 4429 Ubi

2015 4482 2150 4522 cum
2182 4465 2397 4520 dicitur
2429 4482 2442 4520 :
2475 4465 2650 4522 Nemo
2667 4467 2915 4520 virorum
2943 4464 3172 4520 illorum
3200 4464 3300 4536 qui
3321 4464 3499 4519 vocati
3515 4468 3663 4530 sunt,

2015 4555 2161 4611 satis
2191 4557 2350 4626 patet
2377 4554 2518 4626 quia
2548 4553 2918 4610 solummodo
2949 4553 3022 4608 de
3051 4551 3169 4606 illis
3212 4549 3664 4624 intelligendum

1935 4665 1984 4731 D
2013 4648 2104 4701 est
2133 4643 2397 4716 proxime
2423 4645 2602 4700 vocati
2645 4649 2773 4698 sunt
2819 4640 2920 4731 qui
2970 4637 3666 4731 preptersuperbiam‘et

2017 4737 2421 4805 contemptum
2452 4731 2555 4788 Dei
2585 4731 2802 4788 ircnice
2821 4729 3100 4785 dicuntur
3118 4730 3248 4797 viri,
3273 4727 3425 4784 sicut
3441 4730 3498 4784 et
3518 4726 3664 4784 alias

2007 4823 2169 4897 justi,
2227 4821 2455 4877 dicente
2493 4818 2743 4876 Domino
2778 4834 2792 4874 :
2823 4817 2941 4874 Non
2971 4818 3099 4874 veni
3126 4833 3318 4874 vocare
3330 4819 3538 4890 justas,
3568 4815 3667 4873 sed

2008 4919 2316 4985 peceatores
2365 4909 2547 4982 (Marc.
2577 4925 2640 4977 11,
2675 4909 2785 4979 17),
2816 4907 2925 4964 hoc
2974 4910 3082 4976 est,
3134 4924 3250 4964 non
3297 4906 3430 4964 veni
3457 4921 3666 4964 vocare

2016 5017 2114 5059 eos
2145 5001 2260 5073 qui,
2291 5015 2450 5054 suam
2469 4998 2750 5070 justitiam
2775 4996 3012 5053 volentes
3063 4996 3408 5064 constituere,
3422 4995 3666 5069 justitiam?

2017 5092 2117 5148 Dei
2144 5106 2255 5145 non
2283 5091 2409 5144 sunt
2433 5088 2661 5160 subjecti
2689 5087 2863 5160 (Rom.
2895 5104 2952 5155 x,
2983 5087 3061 5160 3),
3093 5087 3195 5143 sed
3228 5085 3506 5153 humiles,
3561 5083 3665 5158 qui

2019 5179 2208 5253 gratia
2236 5178 2337 5234 Dei
2369 5178 2615 5233 credunt
2643 5193 2704 5233 se
2743 5175 2930 5248 magis
2977 5175 3190 5234 salvari
3241 5191 3415 5250 posse
3462 5190 3664 5248 quam,

2021 5286 2091 5327 ex
2119 5267 2346 5324 meritis
2376 5265 2649 5340 propriis.

2093 5359 2291 5414 Potest
2313 5357 2490 5414 etiam
2520 5356 2724 5412 eadem
2745 5355 3033 5412 sententia
3054 5355 3222 5412 aliter
3248 5352 3672 5428 intelligi.Quia

2025 5447 2182 5504 enim
2212 5461 2404 5503 vocare
2451 5445 2553 5501 Dei
2605 5449 2694 5502 est
2722 5445 3041 5517 unicuique
3071 5443 3340 5502 notitiam
3368 5447 3427 5502 et
3454 5442 3669 5502 intelli-

2025 5537 2283 5611 gentiam
2315 5535 2714 5592 benefaciendi
2743 5536 2901 5602 dare,
2945 5550 3116 5592 nemo
3144 5533 3405 5593 virorum
3433 5533 3671 5592 illorum

2029 5627 2129 5700 qui
2147 5625 2557 5682 tantummodo
2586 5625 2776 5682 vocati
2805 5627 3026 5694 sunt,et
3045 5641 3162 5682 non
3182 5623 3362 5683 simul
3391 5623 3560 5683 tracti
3588 5621 3674 5680 di-

2026 5716 2162 5778 vina
2187 5714 2571 5790 inspiratione
2615 5717 2682 5774 ut
2718 5712 2984 5774 esuriant
3022 5717 3081 5774 et
3129 5712 3334 5775 sitiant
3351 5710 3671 5790 justitiam,
