4098 6172
420 435 532 497 211

1431 426 1775 490 OTHLONI
1820 425 2180 488 MONACHI
2226 428 2291 488 S.
2340 424 2835 488 EMMERAMMI

3716 417 3831 480 212

414 567 505 625 vel
535 560 822 638 compulsi
855 560 1052 632 aliqua
1081 558 1423 616 inﬁrmitate
1455 577 1558 616 seu
1607 559 1953 616 adversitate
2000 565 2065 615 ut
2092 562 2148 627 Α
2177 560 2405 630 exultat,
2438 560 2863 620 humiliabitur;
2893 560 2943 614 et
2972 558 3072 629 qui
3098 572 3153 611 se
3181 550 3828 623 humiliat,exaltabitur-

414 658 685 714 timorem
718 664 1098 722 amoremque
1131 650 1231 705 Dei
1267 650 1617 722 concipiant,
1650 648 1913 721 gustabit
1962 666 2074 703 cce-

417 761 552 802 nam
584 741 707 798 Dei.
732 740 897 796 Unde
918 742 974 795 et
993 738 1131 795 alibi
1162 740 1448 795 Dominus
1470 739 1607 795 dicit
1654 756 1666 793 :
1702 744 1869 795 Nemo
1900 740 2075 809 potest

427 834 499 890 ad
522 848 608 888 me
636 830 840 897 venire,
873 830 987 885 nisi
1012 830 1174 885 Pater
1202 846 1374 897 meus,
1406 831 1504 901 qui
1526 831 1677 884 misit
1708 845 1810 898 me,
1842 830 2077 883 traxerit

427 940 552 981 eum
589 922 766 993 (JOan.
798 936 873 990 vr,
906 919 1017 991 44).
1052 918 1180 973 Haec
1227 918 1406 990 igitur
1453 918 1649 974 omnia
1687 917 1972 973 Dominus
2022 921 2078 971 et

427 1010 692 1069 Salvator
722 1014 923 1065 noster
952 1024 1339 1081 praenoscens,
1372 1012 1429 1063 et
1448 1007 1534 1061 vel
1559 1006 1789 1079 aliquos
1810 1008 1881 1062 dc
1910 1007 2075 1061 dam-

430 1099 641 1156 nandis
660 1098 884 1155 salvare
903 1096 1476 1169 volens,deterrendo
1494 1096 1711 1168 profert
1728 1096 2076 1151 sententiam

432 1189 632 1245 dicens
662 1205 675 1242 ε
710 1187 871 1243 Multi
898 1190 1027 1243 sunt
1056 1188 1262 1248 vocati;
1304 1187 1475 1257 pauci
1518 1200 1641 1241 vero
1671 1186 1828 1240 electi
1857 1184 2075 1253 (Matth.

430 1296 524 1345 xx,
560 1278 669 1350 16),
702 1293 768 1333 ac
797 1276 848 1333 si
877 1276 1129 1331 diceret:
1158 1273 1327 1330 multi
1362 1273 1823 1345 quidemfsciunt
1854 1273 2081 1327 benefa-

431 1382 577 1435 cere,
613 1367 715 1421 sed
745 1365 915 1438 pauci
948 1369 1085 1421 sunt
1132 1363 1232 1435 qui
1281 1366 1425 1419 bene
1471 1362 1705 1419 faciant.
1739 1362 2081 1433 Quicunque

430 1472 589 1530 ergo,
622 1454 773 1511 hanc
804 1452 1128 1510 terribilem
1180 1452 1531 1509 sententiam
1581 1453 1947 1507 attendentes
1973 1451 2082 1506 for-

430 1545 657 1601 midant
686 1559 759 1599 ne
789 1546 846 1598 et
872 1542 984 1615 ipsi
1015 1546 1252 1614 propter
1281 1540 1493 1596 delicta
1523 1557 1631 1596 sua
1669 1544 2083 1611 computentur

433 1633 493 1690 in
516 1648 761 1690 numero
784 1630 1104 1687 multorum
1129 1631 1793 1703 reproborum,moxque
1814 1646 1873 1684 se
1891 1645 2083 1684 emen-

435 1723 574 1779 dare
602 1722 942 1790 decernunt,
976 1720 1035 1775 hi
1067 1720 1344 1792 profecto,
1376 1721 1579 1774 eadem
1612 1719 1755 1774 hora
1785 1735 1902 1790 qua
1942 1716 2083 1772 talia

432 1811 493 1870 in
524 1811 696 1867 corde
724 1826 831 1865 suo
861 1809 1096 1881 penitus
1128 1808 1453 1864 deliberant
1482 1807 1865 1880 inspiratione
1885 1807 2083 1861 divina

432 1896 625 1968 tracti,
657 1897 715 1952 in
745 1911 986 1952 numero
1018 1912 1341 1967 paucorum
1374 1895 1691 1951 electorum
1724 1913 1757 1950 a
1786 1900 1897 1951 Deo
1922 1912 2080 1950 com-
2111 1934 2159 1999 B

435 1990 737 2059 putantur.

418 2086 423 2091 '
1064 2073 1299 2130 CAPUT
1338 2074 1457 2129 XX.

533 2164 800 2221 Adversus
827 2162 1139 2235 splendidas
1165 2178 1379 2218 mensas
1412 2172 1461 2219 et
1490 2170 1681 2234 vestes,
1715 2165 1994 2236 rapinam,

727 2236 1064 2306 superbiam,
1096 2236 1644 2304 pusillanimitatem,
1677 2239 1784 2291 etc.

502 2342 559 2398 Si
591 2342 725 2416 quis
753 2358 886 2398 vero
914 2341 1234 2398 arbitretur
1261 2346 1564 2414 peccatum
1596 2359 1711 2398 non
1743 2358 1872 2398 esse
1904 2341 2085 2397 nimio

431 2432 821 2505 pretiosarum
850 2430 1101 2487 vestium
1134 2436 1345 2486 ornatu
1378 2432 1484 2499 uti,
1519 2436 1575 2485 et
1605 2432 1750 2487 cibis
1793 2430 2085 2487 deliciosis

423 2520 646 2593 jugiler
674 2518 1193 2590 epulari,attendat
1226 2520 1325 2575 illa
1345 2520 1521 2575 verba
1549 2537 1673 2592 quae
1706 2520 1992 2575 Dominus
2016 2521 2085 2574 de

433 2608 609 2665 divite
636 2610 693 2663 et
721 2614 976 2679 paupere
1007 2606 1267 2679 protulit.
1296 2609 1505 2682 Narrat
1532 2625 1785 2680 namque
1817 2610 1887 2664 de
1910 2608 2085 2664 divite

435 2695 703 2769 quia,pro
734 2713 801 2753 eo
833 2697 989 2768 quod
1022 2696 1300 2753 inductus
1334 2701 1421 2752 est
1445 2714 1705 2769 purpura
1734 2702 1791 2753 et
1820 2698 2087 2770 bysso,et

435 2785 707 2858 epulatur
736 2785 994 2859 quotidie
1025 2784 1350 2858 splendide,
1384 2786 1656 2858 quodque
1698 2788 1768 2841 de
1812 2787 2085 2842 substan-

416 2875 520 2931 tia
550 2890 658 2931 sua
686 2891 792 2931 nec
822 2875 1005 2931 micas
1031 2874 1388 2931 mendicanti
1408 2876 1621 2930 Lazaro
1652 2876 1789 2930 dare
1820 2875 2086 2945 voluit,in

421 2961 667 3019 inferno
698 2961 966 3035 sepultus
1014 2962 1113 3018 sit.
1166 2964 1274 3017 Sed
1325 2966 1379 3017 et
1434 2962 1544 3018 hoc
1598 2963 1966 3033 pensandum
1998 2966 2087 3017 est

439 3051 666 3108 cunctis
696 3052 837 3122 quia
883 3051 1042 3107 dives
1071 3051 1249 3122 idem,
1306 3068 1422 3108 non
1475 3068 1579 3123 pro
1611 3068 1677 3107 eo
1709 3052 1861 3122 quod
1913 3050 2085 3106 alicui

439 3157 549 3197 sua
576 3140 849 3207 auferret,
883 3141 984 3196 sed
1015 3141 1171 3212 quod
1204 3140 1438 3212 propria
1468 3140 1598 3196 aliis
1648 3157 1763 3196 non
1803 3143 2086 3212 erogaret,

437 3230 508 3286 ad
533 3228 828 3286 infernum
860 3230 1072 3286 ductus
1124 3246 1252 3285 esse
1299 3229 1513 3301 legitur
1543 3231 1693 3301 (Luc.
1725 3247 1840 3300 xvr,
1874 3230 2083 3300 19-22).

2256 651 2502 715 Item,ne
2524 651 2594 705 de
2624 646 3112 721 promissionibus
3136 645 3259 702 suis
3280 659 3543 715 unquam
3567 643 3832 714 despere-

2187 738 2628 811 mus,cxemplis
2650 738 3001 809 quibusdam
3029 735 3226 791 docuit
3249 750 3357 788 nos
3382 731 3831 787 Dominus.Pro-

2186 827 2350 883 misit
2380 844 2634 899 namque
2664 826 2971 898 discipulis
3007 822 3452 894 suis,simulque
3475 820 3748 876 omnibus
3771 819 3832 875 in

2187 932 2249 971 se
2302 916 2693 987 credentibus,
2746 916 2945 970 dicens
2980 933 2991 971 :
3029 914 3131 970 Ubi
3160 916 3291 967 sunt
3318 912 3423 967 duo
3450 912 3537 966 vel
3564 914 3672 966 tres
3699 926 3833 966 con-

2186 1008 2402 1077 gregati
2449 1007 2507 1059 in
2558 1007 2781 1061 nomine
2825 1021 2962 1070 meo,
3014 1004 3091 1058 ibi
3142 1018 3265 1057 sum
3315 1003 3377 1055 in
3421 1000 3597 1056 medio
3645 1015 3834 1055 eorum

2187 1095 2395 1165 (Matth.
2428 1112 2587 1163 xvm,
2617 1095 2730 1164 ‘20).
2765 1094 2928 1157 Quod
2952 1092 3091 1164 quia
3115 1105 3346 1162 semper
3378 1088 3617 1160 impleat
3662 1088 3835 1159 spiri-

2187 1183 2764 1255 tualiter,aliquando
2794 1181 2975 1239 voluit
3005 1182 3407 1236 demonstrare
3437 1177 3833 1247 corporaliter.

2194 1273 2338 1328 Nam
2374 1271 2681 1345 discipulis
2713 1272 2837 1327 suis
2866 1271 2935 1327 ad
2968 1268 3273 1325 castellum
3324 1268 3619 1340 quoddam
3647 1266 3838 1322 eunti-

2190 1361 2321 1429 bus,
2356 1365 2412 1417 et
2442 1363 2513 1417 de
2543 1378 2604 1417 se
2634 1359 3121 1431 colloquentibus,
3156 1359 3282 1429 ipse
3326 1357 3501 1412 Jesus
3545 1356 3835 1423 Christus,

2192 1454 2425 1523 repente
2457 1466 2763 1522 apparens,
2814 1448 2939 1504 ibat
2985 1464 3120 1503 cum
3170 1446 3314 1513 illis;
3367 1445 3586 1516 sicque,
3635 1461 3838 1500 eorum

2192 1540 2489 1595 conviator
2518 1538 2777 1608 effectus,
2811 1537 2946 1593 licet
2975 1538 3046 1592 ab
3075 1536 3158 1591 eis
3189 1534 3598 1591 dubitantibus
3627 1533 3686 1588 in
3720 1534 3837 1606 pri-

2192 1629 2305 1683 mis
2356 1646 2471 1683 non
2529 1632 2684 1683 esset
2731 1628 2988 1699 agnitus,
3042 1625 3318 1681 omnibus
3359 1641 3486 1696 qua:
3518 1624 3587 1679 de
3617 1639 3677 1680 se
3708 1623 3838 1695 ipso

2191 1722 2355 1772 erant
2387 1717 2621 1789 prolata:
2652 1715 2927 1773 instruxit
2955 1714 3290 1786 Scripturis.

2266 1806 2502 1878 Legitur
2531 1807 2587 1861 in
2620 1804 2930 1877 Evangelio
2950 1803 3196 1859 Joannis
3232 1820 3243 1857 :
3281 1804 3424 1871 Quia
3443 1804 3653 1873 nuptiw
3681 1804 3841 1871 factae

2190 1898 2319 1951 sunt
2346 1897 2407 1951 in
2448 1895 2598 1950 Cana
2629 1894 2855 1950 Galiieae
2885 1894 3063 1964 (Joan.
3096 1911 3155 1961 ιι,
3192 1894 3268 1964 1),
3298 1892 3369 1948 ad
3411 1908 3556 1963 quas
3603 1895 3841 1946 vocatus

2192 1989 2281 2041 est
2308 1984 2613 2050 Dominus,
2646 1989 2702 2039 et
2734 1985 2919 2039 Mater
2949 1985 3006 2038 et
3035 1981 3309 2053 discipuli
3341 1982 3489 2052 ejus.
3516 1980 3631 2036 Hoc
3662 1978 3843 2051 igitur

2194 2075 2349 2145 quod
2382 2073 2652 2144 superius
2684 2072 2799 2128 dixi
2822 2073 2892 2127 de
2914 2070 3328 2142 Domino,quia
3358 2069 3577 2126 scilicet
3606 2069 3731 2141 ipse
3750 2068 3839 2124 di-

2193 2167 2464 2235 sponeret
2481 2179 2684 2219 omnes
2705 2178 2912 2217 causas
2935 2162 3090 2216 unde
3112 2159 3271 2215 illius
3294 2159 3557 2215 doctrina
3577 2162 3635 2213 et
3662 2157 3841 2213 mira-

2195 2251 2326 2307 cula
2356 2252 2758 2323 proderentur,
2792 2251 2852 2305 in
2882 2250 3062 2321 hujus
3094 2250 3273 2305 etiam
3305 2247 3599 2321 Evangelii
3648 2246 3839 2302 verbis

2195 2340 2429 2412 pensari
2461 2344 2673 2412 potest.
2708 2339 2779 2395 Ut
2808 2339 2964 2395 enim
2998 2339 3268 2410 probaret
3316 2338 3452 2409 quia
3504 2337 3666 2391 bonae
3700 2341 3840 2391 sunt

2196 2447 2311 2485 non
2343 2429 2535 2485 solum
2568 2428 2903 2501 spirituales
2935 2428 3174 2499 nuptiae,
3206 2426 3307 2481 ubi
3339 2429 3541 2482 sancta
3589 2424 3843 2481 Ecclesia

2196 2518 2308 2574 sibi
2338 2519 2654 2589 conjuncta
2684 2517 2883 2585 est,vel
2918 2533 3281 2589 unaquaeque
3310 2515 3499 2571 ﬁdelis
3531 2515 3728 2570 anima
3748 2530 3844 2569 co-

2196 2606 2435 2678 pulatur
2464 2607 2598 2672 sibi,
2652 2607 2752 2678 qui
2785 2624 2847 2662 se
2878 2622 3161 2678 sponsum
3192 2621 3394 2661 vocare
3424 2604 3701 2677 dignatus
3731 2607 3840 2669 est,

2195 2696 2397 2751 dicens
2437 2714 2448 2751 :
2482 2698 2599 2751 Non
2642 2698 2865 2767 possunt
2912 2696 3026 2764 ﬁlii
3070 2696 3257 2766 sponsi
3292 2696 3481 2764 lugere
3526 2692 3727 2764 (Matth.
3763 2708 3843 2757 1x,

2198 2786 2306 2857 15),
2356 2788 2413 2839 et
2460 2785 2531 2839 de
2582 2801 2697 2856 quo
2745 2785 3000 2840 Joannes
3053 2784 3243 2838 dixit:
3281 2786 3386 2853 Qui
3408 2783 3567 2838 habet
3593 2797 3849 2854 sponsam

2194 2890 2421 2945 sponsus
2450 2878 2527 2929 est
2553 2875 2730 2945 (Joan.
2765 2892 2851 2942 III,
2882 2873 2997 2944 29),
3044 2874 3145 2929 sed
3195 2873 3372 2929 etiam
3398 2871 3683 2939 carnales,
3717 2887 3846 2941 quae

2197 2963 2269 3017 ob
2296 2964 2703 3036 propagandos
2725 2962 2997 3017 humanae
3018 2967 3238 3017 naturae
3261 2962 3414 3016 ﬁlios
3435 2959 3597 3016 aDeo
3618 2962 3849 3015 statutae

2197 3056 2354 3119 sunt,
2388 3051 2512 3124 ipse
2542 3069 2656 3107 non
2691 3052 3039 3123 dedignatus
3072 3055 3159 3107 est
3188 3052 3257 3106 ad
3290 3051 3397 3105 has
3428 3049 3717 3117 venire,ut
3748 3065 3851 3103 eas

2196 3145 2254 3197 et
2280 3140 2497 3196 visibili
2529 3140 2918 3212 miraculo,et,
2954 3141 3107 3211 quod
3138 3138 3325 3194 multo
3356 3140 3551 3209 majus
3576 3137 3852 3207 est,invi-

2198 3230 2355 3285 sibili
2391 3230 2955 3286 sanctificaret.Nam
2989 3229 3142 3300 quod
3174 3244 3242 3281 ex
3272 3243 3425 3297 aqua
3453 3226 3653 3281 vinum
3689 3226 3848 3295 fecit,

434 3317 670 3389 Unde,si
704 3333 808 3390 pro
838 3318 1050 3373 minori
1082 3322 1314 3389 peccato
1345 3300 1470 3389 ipse
1503 3300 1745 3389 punitus
1774 3317 2084 3383 est,multo
2116 3300 2158 3367 C
2199 3319 2334 3374 licet
2363 3318 2439 3374 sit
2466 3335 2751 3390 magnum
2786 3317 3233 3387 mirandumque
3260 3314 3438 3369 nimis
3468 3312 3848 3378 miraculum,

435 3406 624 3480 magis
646 3406 1086 3480 puniendisunt
1109 3406 1207 3479 qui
1231 3411 1467 3479 peccata
1498 3408 1722 3479 majora
1753 3408 1995 3477 faciunt,
2029 3407 2087 3462 id

433 3500 522 3553 est
550 3496 648 3569 qui
681 3495 872 3552 aliena
902 3496 1352 3567 rapiunt.Nemo
1375 3496 1559 3568 igitur
1580 3496 1649 3552 de
1675 3496 1888 3567 rapinae
1912 3496 2087 3551 licen-

431 3586 515 3642 tia
546 3584 658 3641 sibi
685 3584 1043 3655 blandiatur,
1078 3585 1179 3640 sed
1212 3588 1557 3655 argumento
1607 3585 1850 3640 minoris
1882 3583 2086 3656 culpae,

435 3674 494 3728 id
527 3678 615 3730 est
643 3673 999 3741 tenacitatis,
1035 3674 1107 3727 ad
1140 3672 1626 3728 considerandam
1657 3674 2089 3744 rapinam,quae

440 3763 631 3833 major
659 3765 748 3817 est
779 3760 970 3833 culpa,
1005 3761 1349 3828 instruatur,
1385 3760 1576 3816 sciens
1611 3778 1713 3832 pro
1765 3766 1919 3819 certo
1952 3763 2092 3832 quia

442 3851 831 3924 argumentis,
862 3867 964 3922 per
994 3866 1122 3919 quae
1155 3849 1396 3904 meliora
1425 3848 1513 3905 vel
1562 3851 1787 3920 majora
1818 3850 2092 3921 quaelibet

446 3956 761 4013 agnoscere
789 3955 1128 4011 possumus,
1162 3954 1364 3993 omnes
1398 3955 1431 3993 a
1460 3938 1575 3994 Deo
1609 3939 1946 4011 probamur.

515 4027 725 4081 Adhuc
754 4026 1035 4097 quiddam
1069 4026 1140 4081 de
1170 4025 1390 4081 ratione
1414 4027 1665 4098 incoepta
1708 4027 1851 4083 libet
1880 4028 2088 4083 dicere.

444 4115 595 4172 Sunt
614 4115 830 4171 etenim
854 4114 1023 4170 multi
1038 4115 1121 4169 ita
1134 4115 1385 4186 peccatis
1408 4115 1774 4187 exigentibus
1796 4118 2089 4189 obcaecati,

445 4207 512 4259 ut
541 4220 646 4260 nec
678 4204 920 4259 credant
946 4219 1177 4275 poenam
1208 4220 1337 4259 esse
1366 4203 1730 4260 internalem.
1761 4208 1921 4271 Quod
1955 4207 2093 4277 quia

442 4292 1075 4363 Dominus,quiomnes
1098 4292 1366 4348 homines
1390 4292 1609 4349 salvare
1630 4294 2089 4367 vult,praescivit,

443 4381 573 4438 ideo
603 4381 849 4438 forsitan
882 4380 1020 4436 talia
1050 4380 1121 4437 de
1152 4380 1327 4437 divite
1358 4382 1429 4437 ad
1460 4381 1755 4438 infernum
1777 4384 2091 4450 ducto,ibi-

444 4486 559 4543 que
587 4474 707 4525 tam
739 4486 841 4543 pro
869 4487 930 4526 se
962 4486 1137 4542 quam
1169 4486 1271 4542 pro
1303 4469 1433 4525 aliis
1464 4476 1735 4541 poscente
1765 4477 1822 4527 ct
1850 4490 1963 4527 non
1987 4473 2093 4527 im-

444 4563 728 4632 petrante,
761 4559 1041 4615 disseruit
1072 4564 1136 4614 ut
1165 4575 1368 4615 omnes
1395 4559 1494 4629 qui
1525 4559 1611 4615 vel
1661 4561 1731 4615 de
1779 4562 1966 4633 poenis
1999 4562 2091 4616 in—

2197 3411 2395 3463 tamen
2427 3412 2713 3479 quantum
2745 3407 2923 3462 distat
2951 3408 3112 3461 ortus
3144 3405 3214 3459 ab
3248 3404 3565 3472 occidente,
3611 3406 3851 3457 tantum

2199 3497 2379 3553 distat
2407 3496 2560 3552 inter
2586 3494 2947 3567 spiritualem
2972 3493 3112 3553 Novi
3134 3492 3488 3549 Testamenti
3521 3490 3851 3564 intelligen-

2199 3586 2365 3653 tiam,
2418 3590 2474 3640 ct
2526 3586 2676 3640 inter
2722 3583 3015 3639 carnalem
3062 3582 3276 3638 Veteris
3309 3580 3635 3649 scientiam,
3667 3596 3849 3651 quam

2198 3673 2324 3745 ipse
2354 3674 2611 3746 potentia
2643 3690 2750 3727 sua
2775 3672 2933 3727 velut
2963 3688 3175 3743 aquam
3209 3671 3267 3726 in
3294 3670 3493 3725 vinum
3540 3670 3849 3736 convertit,

2200 3779 2335 3817 cum
2368 3779 2600 3816 omnem
2623 3766 2956 3815 creaturam
2979 3760 3363 3832 spiritualiter
3387 3757 3832 3829 intelligendam

2200 3865 2327 3904 esse
2352 3849 2571 3917 docuit,
2607 3853 2669 3903 ut
2700 3847 2785 3904 sol
2817 3852 2875 3903 et
2920 3848 3079 3919 luna,
3114 3848 3284 3920 panis
3316 3852 3374 3904 et
3404 3852 3567 3920 petra
3594 3845 3856 3920 intelligi

2201 3941 2466 4009 possunt.
2492 3936 2589 3992 Sol
2619 3936 2796 4007 enim,
2831 3954 3011 4010 super
3031 3954 3266 3992 omnem
3291 3942 3503 3993 terram
3527 3936 3855 4008 lucens,ip-

2201 4043 2331 4083 sum
2356 4026 2663 4081 Dominum
2686 4030 2955 4081 nostrum
2975 4027 3193 4098 ubique
3206 4027 3514 4097 majestate
3535 4025 3857 4081 sualucen-

2199 4121 2318 4171 tem
2352 4115 2660 4187 signiﬁcat;
2696 4114 2838 4171 luna
2858 4131 3174 4182 vero,nunc
3196 4115 3558 4172 incrementa
3578 4114 3668 4170 sui
3688 4131 3855 4169 nunc

2201 4209 2395 4259 autem
2420 4205 2770 4260 detrimenta
2795 4205 2885 4260 sui
2908 4205 3501 4272 sustinens,sanctam
3527 4203 3853 4260 Ecclesiam

2202 4311 2326 4366 qua:
2358 4310 2461 4364 per
2491 4294 2642 4350 ﬁlios
2676 4312 2814 4350 suos
2845 4294 3141 4350 interdum
3161 4294 3370 4350 crescit
3397 4294 3690 4349 interdum
3713 4309 3852 4349 vero

2201 4385 2501 4441 decrescit.
2538 4386 2729 4456 Panis,
2765 4385 2863 4457 qui
2896 4402 2992 4441 cor
3022 4383 3277 4440 hominis
3327 4384 3634 4440 confirmat
3661 4384 3850 4454 (Psal.

2200 4492 2333 4541 exn,
2355 4476 2463 4544 17),
2490 4475 2683 4545 ipsum
2709 4474 3023 4529 Dominum
3046 4474 3490 4529 confirmantem
3512 4488 3711 4528 omnes
3743 4473 3858 4543 qui

2202 4568 2439 4633 sperant
2468 4580 2644 4635 super
2674 4562 3077 4617 misericordia
3093 4562 3221 4631 ejus
3243 4578 3314 4617 ne
3337 4562 3490 4617 inter
3517 4562 3696 4632 hujus
3716 4561 3856 4616 vitae

445 4648 768 4705 fernalibus
801 4647 1188 4716 dubitant,vel
1217 4665 1354 4703 suos
1386 4649 1747 4720 propinquos
1766 4649 1976 4705 salvari
1999 4651 2092 4705 de-
2121 4669 2165 4733 Ι)
2200 4650 2457 4722 pericula
2486 4651 2760 4716 deficiant
2787 4668 2798 4715 ;
2861 4654 3023 4720 petra
3049 4649 3245 4714 etiam,
3280 4666 3407 4718 quae
3439 4648 3629 4705 solida
3657 4650 3745 4704 est
3777 4648 3858 4703 ad

443 4738 725 4805 siderant,
761 4754 859 4794 eos
889 4738 1085 4810 potius
1115 4737 1177 4792 in
1234 4737 1343 4793 hac
1391 4737 1507 4792 vita
1539 4754 1714 4809 quam
1746 4737 1805 4793 in
1861 4739 2086 4795 inferno

446 4826 667 4898 positos
694 4842 798 4897 pro
831 4826 1017 4881 salute
1050 4843 1159 4881 sua
1184 4830 1434 4883 tractare
1466 4827 1837 4882 admoneant.

518 4914 866 4985 Superbiam
890 4931 1274 4985 quoque,quae
1296 4932 1497 4972 omnes
1517 4918 1761 4972 virtutes
1793 4918 2091 4973 destruere

446 5001 679 5071 nititur,
726 5001 893 5056 docet
935 5018 1043 5056 nos
1096 5004 1376 5059 Dominus
1425 5005 1643 5076 fugere,
1678 5007 1974 5078 proferens
2032 5007 2089 5061 in

447 5087 753 5162 Evangelio
786 5088 1205 5145 similitudines
1236 5091 1402 5158 duas,
1424 5108 1674 5163 quarum
1698 5112 1815 5149 una
1847 5097 2090 5151 estzDuo

447 5178 698 5236 homines
746 5178 1107 5234 ascenderunt
1136 5180 1193 5233 in
1228 5181 1489 5250 templum
1538 5190 1594 5236 ut
1642 5188 1904 5243 orarent:
1950 5199 2090 5238 unus

446 5269 768 5326 Phariswus
798 5275 848 5324 et
877 5269 1021 5323 alter
1044 5268 1373 5339 publicanus
1406 5269 1552 5340 (Luc.
1603 5287 1763 5339 xvm,
1816 5274 1922 5340 10).
1963 5273 2091 5327 Alia

442 5372 577 5429 vero
607 5361 697 5413 est
729 5375 741 5414 :
777 5358 911 5413 Cum
940 5358 1207 5413 invitatus
1234 5359 1409 5428 fueris
1440 5358 1511 5412 ad
1538 5362 1760 5430 nuptias
1789 5379 1807 5415 :
1840 5362 2089 5417 recumbe

430 5446 508 5501 'in
556 5448 845 5503 novissimo
890 5448 1027 5504 loco.
1056 5448 1201 5517 (Luc.
1254 5463 1367 5514 xiv,
1418 5449 1492 5515 8).
1545 5448 1621 5502 Ex
1668 5452 1916 5521 utraque
1954 5467 2088 5523 ergo

445 5552 765 5610 possumus
794 5536 1018 5593 edoceri
1051 5542 1271 5609 quanta
1304 5536 1473 5592 ruina
1503 5541 1558 5591 et
1581 5538 1843 5595 conlusio
1887 5558 2087 5613 supcr-

428 5623 602 5695 biam
636 5623 818 5680 soleat
846 5624 1031 5696 sequi.
1084 5624 1339 5697 Utraque
1388 5626 1562 5681 etiam
1607 5644 1723 5682 una
1769 5631 2089 5702 eademque

444 5713 735 5773 sententia
782 5714 1132 5771 terminatur
1180 5732 1193 5772 :
1238 5716 1375 5786 quia
1420 5715 1641 5773 scilicet
1687 5722 1868 5775 omnis
1910 5722 2005 5791 qui
2035 5735 2091 5775 se

2199 4739 2817 4811 quodlibetmdificium
2834 4736 3519 4809 superponendum,item
3533 4736 3857 4791 Dominum

2203 4833 2469 4883 nostrum
2501 4829 2600 4900 qui
2633 4826 2852 4883 solidus
2883 4830 2971 4881 est
3000 4825 3273 4881 omnibus
3303 4840 3479 4895 super
3508 4839 3643 4878 eum
3665 4824 3859 4880 aedifi-

2202 4918 2470 4972 cantibus
2493 4916 2966 4988 signiﬁcat;sicut
2988 4920 3044 4969 et
3067 4915 3190 4985 ipse
3220 4916 3469 4968 testatur
3498 4914 3558 4967 in
3589 4914 3854 4985 quodam

2201 5006 2532 5077 Evangelio,
2564 5006 2766 5061 dicens
2800 5022 2811 5058 :
2852 5005 3039 5059 Omnis
3078 5004 3173 5074 qui
3202 5004 3350 5056 venit
3382 5003 3451 5056 ad
3481 5019 3567 5059 me
3608 5011 3660 5058 et
3689 5005 3856 5060 audit

2198 5110 2470 5150 sermones
2499 5111 2661 5164 meos,
2695 5097 2745 5148 et
2773 5095 2915 5162 facit
2944 5109 3058 5159 eos,
3090 5092 3369 5147 ostendam
3398 5092 3548 5148 vobis
3576 5094 3667 5147 cui
3692 5094 3856 5149 simi-

2201 5184 2269 5237 lis
2297 5186 2386 5238 sit.
2422 5184 2632 5237 Similis
2664 5186 2743 5237 est
2768 5181 2982 5237 homini
3010 5181 3309 5250 aediﬁcanti
3337 5181 3677 5253 domum,qui
3704 5182 3854 5252 fodit

2198 5274 2262 5328 in
2292 5274 2483 5341 altum,
2516 5276 2565 5327 et
2590 5274 2775 5343 posuit
2820 5272 3185 5342 fundamenta
3229 5288 3395 5343 supra
3438 5275 3653 5343 petram
3690 5272 3848 5332 (Luc.

2197 5362 2368 5431 v1,»i7,
2400 5361 2525 5433 48);
2558 5378 2661 5432 per
2691 5378 2868 5433 quam
2899 5360 3168 5417 videlicet
3201 5365 3422 5432 petram
3453 5379 3516 5417 se
3548 5362 3742 5434 ipsum
3766 5362 3849 5417 si-

2200 5450 2511 5524 gniﬁcavit.
2549 5451 2759 5506 Eodem
2792 5451 3136 5518 modo,cum
3169 5467 3283 5504 non
3314 5448 3505 5504 solum
3537 5451 3847 5523 parabolas

2200 5542 2269 5595 ab
2302 5540 2398 5594 illo
2428 5541 2483 5595 in
2518 5539 2825 5613 Evangelio
2857 5540 3097 5612 mystice
3141 5538 3385 5611 prolata,
3416 5554 3620 5596 verum
3666 5540 3846 5597 etiam

2199 5630 2395 5685 omnia
2418 5630 2685 5686 humana:
2708 5630 2837 5686 vitae
2862 5630 3055 5685 ofﬁcia
3076 5629 3144 5684 ad
3168 5627 3491 5699 spiritualis
3516 5628 3849 5703 intelligen-

2200 5719 2293 5774 tiae
2324 5736 2499 5776 usum
2530 5721 2716 5792 aptari
2746 5736 2919 5790 posse
2950 5717 3307 5786 tradidisset,
3341 5734 3553 5789 aquam
3584 5720 3841 5792 profecto
