4098 6172
290 396 407 459 213

290 619 444 687 facit,
470 618 701 690 quoties
724 635 1082 690 quemquam
1129 636 1162 674 a
1184 619 1402 675 carnali
1439 621 1550 675 vita
1573 622 1640 676 ad
1667 621 1939 693 spiritua-

286 710 401 766 lem
432 708 743 764 convertit.
776 707 1025 780 Ideoque
1069 715 1124 764 et
1175 727 1304 776 nos,
1357 710 1564 766 fratres
1604 710 1940 779 clarissimi,

285 798 602 855 Dominum
623 801 889 853 nostrum
910 799 1058 852 tanti
1083 798 1351 853 miraculi
1367 804 1729 871 operatorem
1744 801 1944 872 depre-

285 904 492 944 cemur
508 892 590 953 ut,
610 888 678 942 ad
695 904 799 942 nos
816 887 1075 956 veniens,
1095 888 1448 960 nuptiasque
1464 889 1520 943 in
1542 889 1709 944 nobis
1726 888 1940 944 faciens

282 976 430 1033 tales
460 993 564 1048 per
612 993 758 1048 quas
806 977 932 1048 ipse
989 976 1224 1048 quidem
1276 995 1552 1050 sponsus,
1585 978 1778 1034 anima
1806 994 1940 1034 vero

282 1071 486 1122 nostra
510 1066 798 1122 efﬁciatur
818 1083 1057 1138 sponsa,
1081 1084 1294 1139 aquam
1319 1068 1569 1124 carnalis
1589 1068 1737 1138 vitae,
1759 1085 1938 1139 quam

281 1156 362 1212 vel
395 1172 503 1228 pro
536 1155 885 1211 necessitate
930 1155 1198 1212 mortalis
1248 1161 1467 1212 natura:
1513 1157 1601 1212 vel
1655 1175 1756 1228 pro
1782 1157 1939 1213 mala

283 1245 704 1302 consuetudine
721 1244 1028 1316 hucusque
1044 1245 1327 1314 bibimus,
1355 1246 1412 1301 in
1435 1247 1636 1301 vinum
1660 1247 1934 1319 spiritua-

278 1336 350 1391 lis
382 1335 513 1389 vitae
545 1334 827 1406 dignetur
867 1339 1219 1390 convertere.

349 1424 556 1479 Docuit
584 1424 765 1479 etiam
796 1424 1078 1479 Dominus
1109 1423 1169 1478 in
1218 1423 1525 1497 Evangelio
1576 1425 1846 1497 praelatos
1877 1429 1935 1481 et

275 1513 500 1586 judice-3
534 1530 654 1570 non
690 1513 901 1569 debere
932 1513 1261 1586 praecipites
1290 1514 1495 1570 essein
1510 1515 1758 1586 judicio.
1785 1515 1932 1570 Nam

277 1619 402 1658 cum
429 1603 758 1675 quamdam
786 1602 1092 1662 mulierem
1118 1603 1176 1658 in
1200 1603 1484 1659 adulterio
1508 1603 1932 1676 deprehensam

271 1692 451 1748 Judaei
486 1696 624 1748 ante
656 1691 825 1747 illum
861 1696 1208 1761 statuerent,
1243 1697 1298 1748 et
1329 1710 1432 1766 pro
1464 1693 1805 1764 hujusmodi
1828 1693 1933 1748 cri-

270 1782 423 1839 mine
445 1782 751 1853 judicium
787 1782 975 1854 ipsius
1023 1782 1412 1854 exquirerent,
1447 1800 1562 1838 non
1593 1783 1792 1838 statim
1825 1801 1928 1855 pro

268 1871 565 1944 exquisito
597 1872 901 1944 respondit
936 1873 1182 1944 judicio,
1237 1873 1337 1928 sed
1387 1873 1674 1930 inclinans
1724 1890 1785 1929 se
1817 1873 1926 1928 ali-
1957 1907 2005 1972 Β

270 1960 526 2033 quandiu
559 1961 622 2016 in
657 1964 810 2016 terra
837 1961 1132 2018 scribebat
1155 1961 1336 2034 digito
1361 1980 1372 2029 ;
1417 1962 1740 2019 admonens
1764 1963 1921 2019 vide-

267 2049 392 2104 licet
413 2066 626 2105 omnes
648 2049 854 2106 ﬁdeles
875 2050 986 2105 hoc
1006 2051 1156 2106 facto
1180 2055 1265 2122 ut,
1286 2068 1419 2106 cum
1443 2051 1716 2122 quaelibet
1734 2053 1922 2126 proxi—

270 2155 490 2194 morum
516 2138 662 2194 vitia
679 2139 1050 2211 conspiciunt
1069 2139 1156 2195 vel
1193 2141 1462 2211 audiunt,
1509 2158 1622 2197 non
1647 2145 1779 2196 ante
1799 2142 1921 2197 haec

265 2229 958 2300 respondendojudicare
977 2229 1304 2301 [judicent],
1329 2247 1507 2301 quam
1531 2232 1602 2285 ad
1627 2231 1920 2286 conscien-

264 2317 399 2372 tiam
432 2318 740 2390 propriam
775 2319 991 2375 reversi
1025 2319 1397 2375 discretionis
1427 2319 1607 2392 digito
1635 2338 1760 2376 eam
1794 2321 1920 2375 dili-

262 2412 463 2480 genter
493 2407 798 2479 sculpant,
831 2414 906 2477 et,
954 2409 1012 2463 in
1062 2426 1149 2476 ea,
1191 2408 1333 2480 quid
1365 2409 1662 2464 Conditori
1695 2409 1919 2481 placeat

263 2496 470 2567 quidve
499 2496 814 2569 displiceat
853 2497 1053 2553 sedula
1102 2497 1529 2554 examinatione
1576 2499 1914 2554 discutiant.

261 2585 362 2642 Per
389 2585 836 2642 inclinationem
880 2587 1132 2660 denique
1163 2589 1302 2644 Jesu
1335 2587 1662 2654 humilitas,
1698 2605 1799 2660 per
1828 2589 1916 2643 di-

260 2675 444 2748 gitum
479 2676 854 2733 discretionis
884 2677 1206 2745 subtilitas,
1250 2695 1352 2751 per
1401 2683 1616 2734 terram
1657 2696 1788 2735 vero
1822 2697 1919 2735 cor

260 2764 613 2834 humanum,
647 2766 804 2836 quod
836 2767 923 2822 vel
953 2768 1242 2823 bonarum
1284 2769 1370 2823 vel
1421 2767 1706 2824 malarum
1739 2769 1916 2824 actio-

260 2871 391 2910 num
425 2853 584 2911 solet
613 2855 854 2911 reddere
886 2856 1134 2922 fructus,
1167 2856 1536 2929 exprimitur.

320 2945 478 3015 Saepe
497 2944 794 3016 contingit
815 2949 881 2999 ut
912 2945 1063 3001 inter
1102 2945 1321 3002 multos
1354 2947 1571 3018 peritos
1599 2947 1810 3018 aliquis
1841 2948 1918 3002 sit

263 3033 536 3088 tardioris
562 3033 813 3106 ingenii;
834 3035 988 3105 quod
1008 3033 1529 3091 scilicetDominus
1548 3051 1661 3091 non
1686 3041 1914 3092 tantum

257 3126 487 3194 propter
528 3123 661 3193 ejus
695 3123 1053 3193 imperitiam
1083 3123 1173 3179 vel
1207 3123 1597 3180 difﬁdentiam
1630 3125 1752 3180 ﬁeri
1785 3142 1912 3197 per-

257 3209 446 3277 mittit,
482 3211 591 3266 sed
627 3210 804 3266 etiam
839 3216 902 3266 ut
931 3211 1029 3267 alii
1061 3216 1181 3268 tam
1207 3213 1586 3286 futuriquam
1609 3213 1912 3286 praesentis

1395 399 1630 461 LIBER
1673 400 1775 460 DE
1820 398 2080 462 CURSU
2123 399 2592 465 SPIRITUALI.

293 528 571 587 convertit
598 527 657 583 in
688 527 914 584 vinum.
947 529 1064 585 Hoc
1116 546 1346 602 quoque
1389 531 1742 587 miraculum
1774 532 1950 610 toties
1970 532 2024 597 Α
2057 532 2188 598 ciet,
2219 533 2720 604 prosperabuntur
2748 533 2927 605 (Psal.
2964 552 3002 601 ι,
3047 533 3103 603 2,

3583 399 3704 461 214

3153 532 3228 606 3).
3279 532 3700 592 Verumtamen

2054 620 2331 694 quoniam
2357 626 2413 677 et
2440 621 2566 694 ipse
2597 621 3026 694 aliquantulum
3051 626 3322 696 expertus
3352 640 3508 691 sum,
3540 628 3597 681 et
3626 624 3700 681 ab

2053 710 2185 766 aliis
2216 711 2428 783 saepius
2461 710 2676 779 audivi,
2709 711 2768 767 in
2802 711 3063 784 quolibet
3091 713 3286 768 studio
3320 712 3549 770 nullum
3581 712 3695 770 cito

2052 817 2222 872 posse
2253 800 2376 856 fieri
2407 801 2750 873 perfectum,
2781 801 2883 856 sed
2915 818 2948 856 a
2977 801 3169 872 parvis
3191 803 3366 858 rebus
3384 802 3583 859 omnia
3599 802 3696 859 in-

2051 890 2261 960 cipere,
2296 890 2484 945 instar
2512 889 2832 961 cujuslibet
2861 889 3050 963 grani,
3082 891 3261 963 quod,
3294 895 3605 962 postquam
3627 909 3698 950 ex

2050 979 2272 1035 semine
2301 979 2360 1034 in
2401 985 2615 1034 terram
2659 980 2914 1052 projecto
2967 983 3162 1035 ortum
3213 979 3404 1050 fuerit,
3437 980 3696 1052 primum

2050 1069 2286 1141 quidem
2317 1069 2376 1125 in
2409 1068 2675 1136 herbam,
2710 1069 2920 1125 deinde
2949 1067 3009 1124 in
3049 1068 3296 1141 spicam,
3327 1073 3694 1142 postremum

2044 1174 2178 1214 vero
2211 1159 2270 1212 in
2302 1158 2537 1230 plenum
2563 1159 2922 1214 frumentum
2946 1158 3259 1214 crescendo
3279 1157 3545 1215 vertitur.
3569 1161 3692 1226 Quo

2042 1247 2312 1303 videlicet
2341 1247 2707 1320 signiﬁcatur
2735 1263 2938 1304 omnes
2990 1249 3063 1303 ad
3111 1246 3230 1304 alta
3256 1247 3560 1306 tendentes
3591 1263 3697 1322 per

2043 1337 2396 1393 tentationes
2428 1336 2645 1393 multas
2675 1337 3008 1410 probandos
3039 1353 3168 1394 esse
3214 1337 3378 1409 prius
3404 1355 3584 1411 quam
3613 1339 3686 1396 ad

2043 1425 2414 1498 perfectionis
2447 1426 2702 1483 fructum
2736 1426 3095 1500 perveniant.

2657 1533 2888 1590 CAPUT
2924 1533 3072 1590 XXI.

2038 1621 2244 1677 Narrat
2272 1631 2461 1680 auctor
2513 1640 2631 1694 quae
2688 1624 3009 1696 tentationes
3066 1633 3122 1680 et
3175 1627 3324 1696 facta
3376 1626 3439 1681 in
3465 1639 3689 1682 conver—

2109 1696 2286 1776 sionis
2328 1697 2378 1751 et
2428 1710 2620 1762 cursus
2667 1695 2755 1750 sui
2807 1696 3122 1767 spiritualis
3176 1695 3340 1754 initio
3389 1696 3501 1753 sibi
3527 1695 3686 1754 obve-

2110 1774 2314 1821 norint.

2111 1872 2274 1928 Libet
2294 1872 2390 1928 hic
2411 1873 2630 1945 scripta
2650 1873 2961 1945 cujusdam
2990 1872 3179 1929 ﬁdelis
3219 1872 3482 1948 mihique
3502 1874 3687 1934 notis-

2035 1961 2171 2017 simi
2196 1961 2388 2017 fratris
2409 1962 2683 2029 inserere,
2710 1963 2831 2035 qui,
2870 1962 2941 2017 ad
2964 1961 3403 2018 conversionem
3423 1963 3682 2033 veniens,

2032 2055 2088 2107 et
2110 2052 2469 2124 Scripturam
2492 2068 2718 2108 sacram
2743 2051 2990 2124 legendo
3011 2051 3393 2124 frequentans
3410 2052 3688 2124 (habebat

2032 2142 2188 2196 enim
2221 2157 2384 2214 spem
2420 2158 2694 2214 magnam
2725 2143 2783 2196 in
2814 2141 2924 2197 hac
2939 2140 3229 2212 lectione),
3250 2141 3436 2198 nimia
3451 2141 3681 2200 diutur-

2033 2247 2225 2302 naque
2253 2231 2442 2286 hostis
2471 2231 2698 2303 antiqui
2746 2229 3188 2302 impugnatione
3235 2230 3590 2305 fatigabatur
3619 2232 3680 2288 in

2031 2321 2233 2376 eadem
2265 2337 2432 2377 sacra
2459 2321 2779 2393 Scriptura.
2812 2320 3040 2384 Quanto
3071 2336 3325 2392 namque
3355 2321 3680 2379 studiosius

1997 2395 2128 2465 Mille
2149 2410 2396 2482 legebat,
2419 2414 2583 2466 tanto
2603 2408 2790 2482 magis
2806 2409 3146 2465 tentationis
3167 2409 3457 2479 molestia,
3481 2413 3548 2466 ut
3566 2409 3682 2468 sibi

2028 2499 2354 2568 videbatur,
2386 2500 2698 2554 crescebat.
2729 2499 2992 2570 Cumque
3023 2515 3126 2570 per
3157 2499 3254 2554 Dei
3277 2499 3525 2572 gratiam
3547 2505 3683 2575 post

2031 2588 2283 2644 multum
2314 2589 2596 2660 temporis
2627 2589 2700 2643 ab
2730 2588 2839 2644 hac
2870 2579 3315 2660 impugnatione
3336 2588 3677 2664 eriperetur,

2028 2677 2293 2750 cogitans
2323 2677 2594 2749 qualiter,
2629 2695 2732 2750 per
2761 2692 2829 2732 ea
2857 2693 2985 2750 quae
3007 2693 3220 2750 passus
3240 2681 3383 2749 erat,
3406 2682 3528 2734 tam
3550 2679 3677 2753 ipse

2028 2783 2203 2838 quam
2231 2766 2328 2821 alii
2354 2767 2625 2822 aediﬁcari
2649 2771 2910 2838 possent,
2944 2765 3182 2839 scripsit
3202 2782 3319 2822 non
3341 2766 3533 2823 solum
3556 2767 3681 2826 illa-

2026 2860 2114 2911 tas
2130 2855 2469 2912 tentationis
2493 2855 2812 2924 molestias,
2839 2855 2940 2911 sed
2961 2854 3138 2910 etiam
3161 2872 3338 2911 sacrae
3361 2855 3674 2929 Scriptura)

2027 2944 2220 3012 verba,
2251 2961 2355 3000 nec
2386 2961 2501 3000 non
2532 2960 2894 3016 quaecunque
2929 2959 3000 3000 ex
3048 2943 3246 3000 divina
3291 2943 3676 3016 inspiratione

2026 3033 2137 3089 sibi
2170 3039 2576 3105 provenerant,
2612 3034 2828 3106 quibus
2858 3033 3080 3090 interea
3107 3033 3512 3105 respondendo
3543 3038 3672 3092 ute-

2025 3123 2200 3178 batur
2229 3140 2330 3194 pro
2357 3123 2577 3197 clypeo,
2611 3128 2668 3180 et
2694 3123 2796 3194 qui
2818 3123 2930 3180 sibi
2958 3125 3122 3180 erant
3141 3121 3476 3180 charissimi
3493 3124 3672 3198 spiri-

2023 3211 2327 3282 tualesque
2359 3212 2554 3278 amici,
2587 3211 2864 3266 ostendit.
2894 3211 3026 3267 Hzeo
3052 3211 3250 3283 igitur,
3285 3212 3425 3284 quia
3445 3217 3504 3270 et
3523 3213 3672 3269 mihi

259 3301 534 3371 temporis
566 3300 843 3356 homines
873 3301 1080 3356 eadem
1113 3302 1408 3374 imperitia
1428 3285 1770 3358 laborantes
1791 3319 1912 3358 cor-
1941 3285 1984 3354 Ο
2023 3300 2285 3372 poscenti
2319 3302 2533 3372 sepius
2554 3299 2800 3372 legenda
2825 3299 3005 3368 dedit,
3029 3300 3286 3372 cogitare
3323 3300 3470 3373 ccepi
3491 3304 3557 3358 ut
3576 3301 3670 3358 his

256 3387 520 3460 rigantur
551 3394 610 3445 et
639 3390 1029 3446 instruantur.
1081 3390 1270 3447 Nimis
1319 3391 1477 3447 enim
1518 3392 1794 3464 providus
1825 3398 1914 3449 est

252 3477 566 3549 Dominus,
601 3483 656 3535 et
685 3479 831 3535 nulli
863 3480 950 3536 vel
973 3481 1118 3538 bene
1137 3481 1226 3537 vel
1249 3481 1400 3537 male
1423 3485 1759 3555 contingere
1782 3499 1910 3555 per-

255 3567 444 3623 mittit
475 3571 703 3639 propter
728 3586 792 3625 se
821 3571 1015 3625 solum
1043 3590 1054 3638 ;
1081 3572 1182 3627 sed
1207 3575 1271 3627 ut
1292 3571 1469 3627 simul
1494 3571 1591 3626 alii
1614 3573 1908 3644 corrigan-

251 3661 354 3711 tur
376 3661 484 3712 aut
514 3657 888 3714 consolentur
916 3677 1018 3732 per
1044 3660 1236 3716 illum.
1271 3661 1452 3731 Cujus
1475 3660 1753 3716 nimirum
1778 3679 1908 3734 pro-

251 3745 517 3802 videntia:
549 3763 732 3804 causa
761 3753 1033 3804 sanctum
1066 3750 1355 3805 Thomam
1398 3751 1725 3822 apostolum
1757 3751 1910 3807 inter

249 3835 386 3892 alios
415 3837 727 3908 apostolos
753 3840 1060 3895 credentes
1089 3841 1361 3911 permisit
1391 3841 1461 3895 ad
1488 3846 1723 3912 tempus
1744 3841 1908 3896 dubi-

245 3927 360 3980 tare
390 3926 466 3981 de
499 3927 935 3984 resurrectione
967 3945 1094 3996 sua,
1129 3933 1193 3984 ut
1235 3929 1430 3984 cuncti
1464 3929 1522 3983 in
1555 3946 1906 4002 quocunque

243 4012 357 4072 loco
393 4014 486 4072 vel
519 4021 791 4087 tempore
821 4017 997 4089 positi
1032 4033 1134 4089 per
1181 4018 1309 4088 ejus
1357 4017 1784 4074 dubitationem
1815 4018 1901 4072 in-

241 4109 623 4161 struerentur
651 4106 724 4160 ad
774 4105 969 4160 ﬁdem.
1004 4107 1084 4161 De
1133 4123 1249 4178 qua
1275 4107 1640 4163 dubitatione
1663 4111 1901 4162 sanctus

240 4191 554 4266 Gregorius
588 4193 647 4248 in
681 4194 925 4250 homilia
963 4197 1216 4267 quadam
1259 4195 1557 4251 disserens
1585 4196 1667 4250 ait
1700 4215 1711 4250 :
1747 4197 1898 4251 Nun-

250 4283 402 4353 quid,
434 4285 642 4352 fratres
671 4285 1008 4351 charissimi,
1041 4302 1171 4340 casu
1201 4293 1412 4356 gestum
1436 4285 1662 4341 creditis
1696 4288 1754 4341 ut
1791 4286 1899 4341 elc-

247 4379 368 4426 ctus
401 4370 706 4445 discipulus
754 4374 819 4429 de
863 4375 1255 4430 resurrectione
1301 4374 1595 4445 dubitaret,
1644 4375 1902 4430 dubita-ns

244 4461 520 4531 palparet,
547 4463 791 4535 palpans
818 4463 1106 4520 crederet?
1135 4465 1253 4519 Non
1283 4463 1381 4519 hoc
1409 4480 1557 4531 casu,
1591 4464 1679 4518 sed
1712 4464 1902 4518 divina.

242 4547 604 4620 dispositione
634 4555 845 4623 gestum
872 4557 971 4608 est.
1005 4554 1137 4623 Egit
1167 4570 1402 4625 namque
1452 4555 1596 4608 miro
1625 4553 1780 4608 modo
1810 4553 1900 4608 (li-

237 4641 364 4694 vina
393 4641 734 4698 clementia:
765 4651 825 4697 ut
852 4642 1156 4714 discipulus
1207 4643 1484 4712 dubitans,
1531 4643 1658 4697 dum
1692 4646 1749 4696 in
1781 4646 1899 4698 Ma-
1929 4663 1978 4729 D

238 4731 402 4794 gistro
430 4746 539 4786 suo
571 4733 802 4786 vulnera
829 4733 1081 4804 palparet
1121 4733 1324 4796 carnis,
1377 4733 1438 4787 in
1487 4732 1645 4787 nobis
1676 4733 1903 4787 vulnera

236 4824 454 4876 sanaret
486 4821 882 4891 inﬁdelitatis;
911 4822 1038 4892 plus
1065 4823 1216 4876 enim
1249 4823 1408 4877 nobis
1463 4823 1677 4876 Thoma:
1703 4821 1896 4889 iuﬁde-

237 4904 372 4962 litas
392 4909 477 4965 ad
504 4908 693 4979 ﬁdem,
739 4925 903 4980 quam
953 4909 1292 4965 credentium
1336 4907 1730 4980 discipulorum
1762 4906 1900 4978 ﬁdes

225 4999 460 5067 profuit.

296 5085 432 5143 Jam
471 5087 580 5143 diu
615 5101 721 5159 per
741 5103 971 5143 amoena
991 5089 1048 5142 et
1068 5086 1185 5142 lata
1202 5102 1377 5142 sacrae
1398 5085 1710 5158 Scripturae
1724 5087 1904 5157 prata

229 5178 543 5249 utcunque
573 5177 932 5248 digrediens,
965 5179 1022 5232 et
1052 5176 1224 5232 ﬂores
1272 5175 1371 5247 qui
1422 5175 1772 5230 videbantur
1796 5192 1897 5246 op-

224 5263 348 5321 timi
381 5267 608 5324 exinde
638 5267 981 5337 decerpens,
1031 5265 1115 5321 eis
1146 5265 1362 5337 quibus
1405 5283 1472 5321 ex
1505 5264 1746 5320 scientia
1777 5265 1901 5318 suf-

223 5352 449 5413 ficienti
483 5354 743 5412 facultas
793 5360 882 5411 est
934 5355 1187 5428 plurima
1234 5354 1453 5426 scripta
1503 5354 1672 5424 quasi
1705 5358 1901 5408 trans-

222 5441 450 5504 iliendo
486 5460 855 5521 percurrere,
881 5461 1033 5500 vnam
1059 5443 1448 5502 demonstravi
1473 5444 1529 5497 in
1555 5460 1669 5514 qua
1682 5443 1904 5514 jugiter

218 5536 606 5606 meditando,
641 5535 1040 5593 conservando
1071 5533 1459 5607 spiritualiter
1500 5548 1730 5587 currere
1764 5549 1902 5604 pos-

215 5622 363 5680 sint.
401 5627 482 5683 Et
518 5642 702 5696 quam
756 5624 944 5678 dulcis
985 5640 1194 5680 cursus
1246 5624 1372 5694 ejus
1416 5622 1516 5693 qui
1547 5621 1604 5676 in
1636 5620 1760 5693 lege
1790 5622 1901 5677 Do-

218 5714 371 5773 mini
409 5715 751 5775 meditatur
781 5713 877 5772 die
908 5730 974 5772 ac
1002 5723 1172 5772 nocte
1199 5713 1209 5770 ι
1234 5713 1381 5780 Quia
1427 5727 1790 5785 quaecunque
1822 5713 1902 5769 fa-

2021 3389 2122 3462 qui
2161 3389 2220 3444 in
2263 3389 2564 3460 Scriptura
2603 3403 2770 3445 sacra
2805 3404 2868 3444 se
2904 3403 3166 3443 exercere
3186 3389 3426 3444 student
3443 3389 3668 3462 aliquo-

2021 3479 2193 3534 modo
2215 3478 2531 3550 panderem
2556 3495 2569 3546 ;
2605 3480 2917 3549 quatenus,
2946 3493 3050 3548 per
3070 3476 3337 3532 eamdem
3357 3476 3668 3550 impugna-

2019 3567 2237 3622 tionem
2269 3583 2447 3638 quam
2479 3567 2604 3637 ipse
2635 3582 2846 3638 passus
2876 3570 3021 3636 erat,
3052 3563 3138 3620 illi
3161 3563 3449 3622 cautiores
3470 3565 3668 3623 fortio-

2018 3673 2228 3728 resque
2287 3659 2490 3712 contra
2546 3655 2848 3711 diabolum
2907 3655 3296 3710 efficerentur.
3326 3654 3420 3711 Sic
3449 3654 3670 3729 quippe

2017 3746 2224 3818 incipit
2254 3745 2507 3801 scribere
2547 3745 2616 3800 de
2665 3743 3057 3799 tentationum
3103 3760 3345 3800 suarum
3375 3743 3664 3801 molestia.

2089 3835 2429 3891 Delusiones
2460 3835 2688 3890 Satanae
2735 3833 2926 3889 varias
2974 3833 3222 3905 vigilans
3269 3849 3338 3888 ac
3366 3832 3666 3890 dormiens

2015 3923 2249 3996 pertuli,
2283 3941 2430 3996 quas
2452 3923 2588 3979 licet
2611 3922 2914 3978 universas
2949 3938 3204 3993 nequam
3239 3921 3664 3978 dinumerando

2014 4029 2301 4086 promere,
2349 4012 2581 4084 aliquas
2629 4015 2826 4067 tamen
2877 4011 3171 4067 memoriae
3217 4009 3450 4080 insitas,
3490 4014 3666 4084 prout

2013 4118 2278 4174 possum,
2312 4100 2439 4157 volo
2471 4101 2704 4157 referre.
2731 4105 2800 4155 Et
2830 4116 2959 4156 reor
2989 4101 3098 4156 hoc
3127 4099 3387 4172 primum
3409 4099 3662 4156 defrau-

2014 4192 2187 4247 dibus
2217 4191 2310 4247 his
2340 4190 2794 4263 perhibendum,
2839 4189 2996 4262 quod
3040 4193 3098 4245 et
3144 4193 3280 4246 ante
3311 4188 3665 4246 monachilis

2010 4282 2139 4336 vitae
2171 4280 2621 4352 professionem,
2653 4283 2709 4334 et
2739 4282 2940 4350 postea
2991 4279 3092 4334 diu
3139 4295 3458 4352 perpessus
3488 4294 3662 4348 sum;

2013 4371 2150 4442 quia
2172 4369 2391 4425 scilicet
2418 4369 2560 4425 satis
2579 4366 2792 4423 stolida
2811 4366 3260 4439 improvidaque
3277 4367 3424 4424 mihi
3446 4368 3667 4425 inesset

2010 4459 2296 4514 voluntas
2332 4456 2750 4524 conversionis,
2799 4472 2999 4527 quam,
3048 4461 3255 4512 contra
3301 4456 3665 4528 Scripturam

2011 4565 2260 4615 sacram,
2294 4564 2422 4619 qua}
2456 4545 2632 4602 dicit:
2669 4546 2869 4602 Omnia
2905 4544 3000 4619 [ac
3045 4561 3171 4600 cum
3217 4545 3445 4601 consilio
3474 4545 3663 4615 (Eccli.

2009 4655 2188 4708 xxxn,
2255 4638 2330 4707 4),
2384 4635 2509 4691 sine
2557 4633 2801 4690 consilio
2844 4637 3154 4705 parentum
3215 4637 3273 4688 et
3315 4632 3663 4701 amicorum,

2013 4743 2329 4799 quamque,
2348 4725 2406 4780 in
2425 4723 3018 4793 maximojuventutis
3032 4722 3250 4778 fervore
3265 4721 3666 4794 positus,subz

2008 4817 2088 4872 ito
2126 4815 2331 4871 vellem
2380 4813 2580 4882 adire;
2637 4810 2930 4882 nimisque
2977 4810 3128 4867 foret
3169 4810 3570 4867 inconsultum
3599 4813 3665 4866 ut

2009 4903 2351 4976 hujusmodi
2375 4903 2548 4958 homo
2572 4900 2888 4974 quisquam
2911 4903 3032 4956 tam
3057 4899 3452 4973 periculosum
3473 4899 3661 4956 susci-

2010 4999 2174 5068 peret
2195 4999 2391 5050 votum
2415 5011 2426 5049 :
2451 4991 2703 5062 ideoque
2724 4988 2910 5045 multo
2933 4987 3147 5046 melius
3169 5005 3299 5047 esse
3319 4992 3405 5056 ut,
3427 4992 3663 5063 prasto-

2010 5085 2141 5141 lans
2163 5100 2351 5155 usque
2372 5082 2443 5137 ad
2473 5080 2658 5136 aatatis
2680 5077 3018 5136 maturioris
3062 5078 3500 5151 perfectionem,
3521 5081 3662 5135 tunc

2010 5176 2270 5240 tandem,
2304 5188 2437 5228 cum
2465 5186 2526 5226 se
2555 5169 2741 5225 virtus
2763 5167 3074 5241 ingesserit
3093 5169 3286 5225 omnis
3305 5171 3533 5241 sponte,
3555 5183 3659 5240 pro

2011 5265 2337 5320 desiderata
2359 5265 2602 5316 tractem
2627 5257 3023 5315 conversione.
3057 5257 3188 5314 Haec
3220 5256 3458 5331 quidem
3481 5260 3540 5312 et
3565 5254 3660 5313 his

2014 5352 2230 5410 similia
2263 5353 2321 5406 in
2355 5349 2560 5423 primis
2583 5349 2728 5406 mihi
2752 5349 2922 5420 quasi
2944 5347 3350 5422 compatiendo
3375 5351 3435 5405 et
3457 5361 3665 5406 consu-

2012 5444 2183 5500 lendo
2203 5440 2402 5497 intulit
2415 5439 2612 5496 illusio
2629 5438 2944 5506 diabolica;
2965 5437 3174 5495 deinde
3191 5453 3346 5505 vero,
3365 5448 3501 5494 cum
3521 5435 3682 5514 talia,

2013 5534 2084 5591 ad
2109 5531 2346 5605 plenum
2369 5529 2687 5587 voluntatis
2708 5544 2824 5583 suae
2850 5529 3141 5594 effectum,
3167 5525 3270 5583 Dei
3299 5525 3488 5600 gratia
3514 5525 3660 5584 resi-

2014 5628 2346 5689 stente,non
2370 5620 2660 5692 potuisset
2674 5620 2926 5672 tentator
2943 5617 3343 5688 nequissimus
3359 5615 3419 5671 in
3444 5616 3659 5671 memet

2013 5713 2296 5783 obtinere,
2322 5711 2394 5769 ad
2419 5707 2660 5781 majoris
2679 5705 2964 5763 excitatus
2980 5709 3068 5764 est
3083 5720 3344 5779 pugnam
3361 5700 3656 5774 nequitia.
