4108 6188
380 417 497 481 218

1383 418 1726 484 OTHLONI
1772 405 2127 483 MONACHI
2177 408 2752 483 SEMMERAMMI

3677 414 3798 481 216

380 552 530 613 Nam
562 553 686 611 arte
718 552 908 619 solita,
952 552 1023 609 ad
1066 553 1501 626 deperationem
1557 572 1650 610 me
1698 554 2031 626 pertrahere
2058 556 2113 620 Α
2140 570 2303 622 xvm,
2334 554 2410 625 3).
2445 553 2745 625 Numquid
2778 557 2834 609 et
2862 551 2971 609 hoc
3000 555 3057 607 te
3089 554 3300 620 movet,
3344 551 3498 624 quod
3528 550 3796 609 Ezechiel

380 643 630 710 studuit,
651 642 947 715 inspirans
968 641 1235 699 videlicet
1250 642 1550 700 incassum
1573 660 1667 699 me
1687 643 1867 698 talem
1884 641 2029 698 velle

383 731 616 800 reverti,
649 732 751 804 qui
789 731 971 787 tantis
1019 731 1364 788 criminibus
1415 732 1527 787 sim
1574 731 1933 803 implicatus,
1966 736 2033 787 ut

391 837 508 878 non
522 819 713 877 solum
727 820 1091 893 principibus
1102 865 1114 888 ,
1128 822 1227 877 sed
1246 822 1421 877 etiam
1437 820 1799 877 multitudini
1820 824 2031 876 caeteris

384 909 648 983 ipsisque
669 908 845 966 simul
868 909 1209 982 parentibus
1226 915 1283 966 et
1305 910 1570 983 cognatis
1586 927 1796 966 exosus
1818 925 2029 965 essem.

381 1020 413 1050 «
426 1001 704 1066 Putasne,
719 998 934 1071 inquit,
949 1004 1015 1055 ut
1026 1004 1145 1055 tam
1164 999 1482 1056 sceleratus
1495 1000 1669 1055 homo
1683 1001 1835 1072 apud
1851 1001 2032 1055 Deum

375 1089 641 1161 judicem
673 1088 1177 1145 districtissimum
1207 1090 1436 1145 veniam
1467 1090 1654 1161 possit
1692 1089 2032 1161 promereri,

387 1177 892 1251 quandoquidem,
949 1178 1104 1235 sicut
1168 1178 1452 1250 scriptum
1511 1183 1635 1234 est:
1702 1180 1802 1233 Vix
1859 1178 2036 1245 justus

381 1266 689 1323 salvabitur
712 1270 737 1320 .9
765 1268 809 1340 (ι
839 1273 989 1332 Petr,
1022 1268 1216 1338 Iv,18.)
1242 1268 1324 1323 Ne
1354 1266 1558 1338 cupias
1588 1283 1724 1339 ergo
1756 1284 1885 1338 quae
1918 1282 2033 1321 non

387 1360 528 1413 sunt
550 1357 871 1429 cupienda;
900 1358 1000 1412 sed
1023 1357 1219 1429 potius
1237 1358 1307 1412 ad
1336 1373 1403 1412 ea
1422 1355 1641 1412 laboris
1664 1356 1748 1411 tui
1771 1356 2036 1411 studium

386 1449 656 1502 converte
688 1462 814 1517 quae
846 1446 1055 1502 amodo
1088 1446 1279 1517 possis
1329 1444 1610 1501 obtinere.
1659 1444 1716 1500 Si
1749 1445 1902 1500 enim
1935 1445 2035 1511 ita,

388 1537 457 1591 ut
481 1539 545 1590 tu
578 1533 961 1590 stolidissime
989 1534 1267 1602 aestimas,
1298 1535 1575 1591 omnibus
1596 1551 1874 1590 concessa
1894 1533 2041 1589 foret

388 1622 731 1694 hujusmodi
764 1621 1012 1679 facultas
1053 1627 1118 1679 ut
1170 1620 1392 1679 seilicet
1439 1624 1507 1680 ad
1559 1639 1738 1696 regna
1785 1623 2042 1679 coelestia

390 1716 513 1769 tam
538 1727 843 1784 perversus
868 1729 1045 1785 quam
1057 1713 1261 1783 justus
1282 1712 1456 1767 homo
1475 1712 1800 1784 pertingere
1821 1716 2038 1784 posset,

389 1817 766 1874 nequaquam
796 1801 1098 1874 apostolus
1128 1800 1225 1857 ille
1270 1801 1794 1857 excellentissimus
1826 1800 2042 1856 Paulus

2141 642 2425 715 propheta
2456 643 2868 710 comminatur;
2901 642 3135 698 dicens:
3170 643 3375 698 Anima
3404 658 3525 713 qua
3544 658 3799 714 peccave-

2138 732 2234 799 rit,
2268 732 2394 803 ipsa
2414 734 2682 800 morietur
2698 732 2726 786 ‘?
2747 732 2967 803 (Ezech.
2990 749 3150 799 xvm,
3172 731 3289 801 20.)
3312 731 3371 787 Si
3398 732 3555 786 enim
3577 734 3800 804 omnis,

2140 820 2240 892 qui
2270 825 2488 892 peccat,
2521 820 2695 876 morti
2730 819 3078 891 subjacebit,
3118 820 3373 891 profecto
3396 819 3597 877 nullus
3618 821 3799 878 homo

2140 908 2339 965 salvus
2362 910 2506 977 erit;
2532 909 2670 981 quia
2693 926 2861 964 nemo
2897 909 3117 981 absque
3158 913 3396 980 peccato
3418 909 3662 965 inveniri
3691 929 3797 983 po-

2140 1000 2273 1053 test.
2298 998 2501 1053 Nonne
2524 997 2797 1054 similiter
2810 1002 2867 1053 et
2886 996 3049 1053 illam
3068 996 3397 1054 mirabilem
3420 999 3795 1070 sententiam,

2098 1125 2105 1137 .
2145 1103 2321 1159 quam
2350 1086 2525 1160 paulo
2553 1090 2685 1159 post
2704 1086 2858 1142 idem
2881 1086 3168 1157 Propheta
3188 1085 3348 1158 dicit,
3376 1092 3480 1142 tua
3518 1104 3687 1143 mens
3708 1094 3798 1145 at-

2143 1177 2375 1232 tendit?
2405 1177 2485 1232 ait
2512 1193 2649 1248 ergo
2674 1194 2687 1232 :
2721 1177 2783 1233 Si
2811 1178 3069 1231 averterit
3093 1192 3151 1231 se
3174 1178 3358 1247 justus
3377 1193 3411 1231 a
3423 1178 3652 1249 justitia
3670 1194 3801 1244 sua,

2143 1270 2197 1320 et
2222 1266 2414 1336 fecerit
2444 1267 2818 1337 iniquitatem,
2863 1280 3045 1321 omnes
3083 1266 3321 1336 justitiw
3377 1270 3502 1338 ejus
3549 1270 3711 1322 erunt
3740 1269 3804 1322 in

2145 1355 2474 1411 oblivionem
2502 1355 2695 1427 (Ibid.,
2724 1356 2837 1424 24).
2869 1354 3016 1409 Hinc
3045 1358 3133 1410 est
3162 1355 3318 1426 quod
3352 1354 3450 1409 ille
3480 1355 3666 1412 Judas
3689 1360 3808 1412 tra-

2147 1444 2300 1499 ditor
2324 1444 2578 1512 Domini,
2606 1462 2739 1500 cum
2762 1444 2870 1500 hoc
2892 1460 3076 1499 unum
3100 1443 3434 1500 traditionis
3452 1444 3675 1501 crimen
3698 1446 3805 1501 ad-

2149 1533 2429 1605 misisset,
2467 1538 2599 1606 post
2624 1532 2976 1588 multimoda
2997 1533 3245 1603 justitiae
3276 1550 3453 1606 opera
3485 1534 3806 1591 damnatus

2149 1626 2255 1678 est.
2278 1624 2529 1679 Attende
2545 1623 2737 1678 adhuc
2754 1627 2812 1677 et
2830 1622 2943 1678 alia
2958 1622 3073 1677 duo
3094 1622 3348 1679 maxima
3364 1623 3541 1694 hujus
3560 1624 3805 1681 rationis

2149 1713 2437 1784 exempla,
2468 1713 2528 1767 in
2559 1712 2776 1784 quibus
2799 1712 3031 1783 probari
3054 1716 3111 1767 et
3142 1711 3371 1768 deﬁniri
3395 1716 3589 1784 potest
3610 1713 3806 1770 omnis

2152 1806 2351 1857 nostra
2378 1802 2685 1857 sententia.
2711 1802 2947 1873 Legitur
2968 1800 3123 1856 enim
3146 1800 3205 1856 in
3241 1801 3421 1856 Exodi
3456 1800 3629 1868 libro,
3665 1802 3807 1873 quia

391 1891 612 1947 diceret
638 1907 651 1946 :
682 1890 806 1946 Non
851 1892 1002 1947 enim
1030 1895 1108 1946 est
1152 1893 1400 1946 omnium
1445 1891 1580 1961 ﬁdes
1628 1890 1699 1961 (II
1747 1890 1921 1946 Thess.
1956 1908 2039 1958 III,
2072 1926 2120 1991 B
2152 1889 2361 1946 dixerit
2382 1891 2665 1947 Dominus
2689 1891 2758 1945 ad
2781 1891 3364 1963 MoysenzMiserebor
3381 1892 3477 1946 cui
3495 1891 3734 1961 voluero,
3754 1895 3806 1947 et

390 1982 469 2048 2).
503 1980 573 2035 Et
602 1980 815 2035 iterum
846 1979 999 2035 idem
1033 1978 1204 2035 dicit:
1238 1981 1354 2035 Non
1384 1995 1573 2035 omnes
1591 1980 2044 2036 obediuntEvan-

390 2068 537 2139 ρειίο
566 2068 740 2140 (Rom.
772 2087 826 2139 x,
866 2069 969 2139 16).
1008 2070 1249 2140 Ipseque
1273 2067 1535 2124 Salvator
1555 2072 1611 2124 et
1630 2068 2041 2125 veracissimus

393 2160 601 2214 auctor
628 2156 749 2212 haec
778 2157 1114 2212 rudimenta
1144 2158 1270 2212 suis
1302 2158 1641 2229 mundoque
1671 2158 1849 2212 simul
1883 2157 2045 2213 dedit

392 2246 591 2304 omni:
626 2248 732 2315 Qui
757 2250 927 2319 potest
955 2262 1175 2318 capere,
1210 2248 1387 2319 capiat
1433 2240 1642 2319 (Matth.
1674 2264 1789 2318 XIX,
1824 2248 1937 2319 12).
1980 2248 2044 2303 In

392 2352 511 2410 qua
538 2334 741 2409 procul
773 2336 951 2391 dubio
983 2336 1276 2391 sententia
1307 2336 1586 2408 praescius
1611 2337 1868 2391 innotuit
1888 2338 2044 2408 quod

393 2441 510 2481 non
524 2424 1099 2495 omnisbonapossit.
1118 2446 1146 2473 »
1160 2424 1303 2480 Cum
1323 2425 1504 2497 igitur
1517 2424 2048 2481 delusionibustor—

395 2528 608 2585 querer
625 2510 864 2577 talibus,
892 2512 1046 2583 quis,
1072 2517 1264 2584 putas,
1294 2513 1441 2568 mihi
1464 2518 1751 2593 tunclerat
1774 2514 2049 2569 animus?

397 2600 493 2659 Nil
523 2600 682 2656 aliud
714 2604 868 2656 certe
898 2604 1039 2655 tunc
1083 2601 1357 2673 praevalui
1408 2601 1519 2657 nisi
1574 2601 1732 2670 ﬂere,
1780 2607 1858 2673 et,
1882 2603 2050 2673 juxta

398 2686 802 2756 Psalmistam,
833 2688 1073 2744 fuerunt
1103 2689 1248 2745 mihi
1276 2689 1546 2761 lacryma
1578 2706 1718 2745 mea:
1748 2708 1928 2762 panes
1958 2691 2051 2746 die

405 2793 474 2835 ao
503 2781 671 2834 nocte
701 2777 873 2849 (Psal.
905 2795 1016 2847 xu,
1050 2778 1125 2849 4).
1161 2779 1365 2834 Fateor
1407 2779 1687 2835 nimirum
1729 2796 1798 2835 ex
1843 2779 2051 2836 intimo

406 2866 603 2933 corde,
636 2865 778 2938 quia
806 2865 1003 2923 nullus
1034 2866 1149 2923 nisi
1180 2883 1284 2939 per
1324 2868 1573 2940 gratiam
1607 2867 1835 2924 Domini
1867 2869 2051 2925 solam

404 2944 759 3035 taliapotest
777 2955 1029 3012 vincere.
1054 2956 1369 3028 Postquam
1393 2961 1588 3012 autem
1628 2957 1939 3013 insidiator
1958 2976 2051 3014 ca-

404 3043 735 3101 lidissimus
758 3060 851 3099 me
869 3044 940 3099 ad
958 3044 1383 3117 desperationis
1400 3045 1570 3101 illata:
1589 3063 1938 3102 consensum
1962 3063 2056 3103 ne-

406 3132 537 3206 quit
582 3132 939 3205 pertrahere,
993 3138 1237 3189 conatus
1287 3138 1375 3190 est
1417 3134 1592 3190 etiam
1642 3151 1744 3207 per
1790 3134 1906 3191 alia
1936 3154 2053 3193 suae

404 3220 629 3277 fraudis
658 3226 1007 3294 argumenta
1036 3224 1368 3294 adjustitiaa
1391 3224 1598 3279 divinae
1624 3224 2051 3297 blasphemiam

2151 1981 2385 2036 clemens
2406 1997 2496 2037 ero
2518 1982 2578 2035 in
2596 1997 2759 2053 quem
2778 1980 2921 2035 mihi
2935 1980 3209 2051 placuerit
3228 1980 3430 2051 (Exod.
3465 1997 3662 2048 xxxm,
3689 1980 3802 2052 19).

2155 2070 2530 2143 Rursumque
2561 2070 2621 2124 in
2651 2067 2959 2141 Evangelio
2991 2068 3279 2141 scriptum
3311 2074 3402 2125 est
3434 2069 3573 2141 quia
3601 2068 3805 2125 volens

2157 2158 2397 2230 quidam
2429 2157 2753 2230 discipulus
2784 2158 2915 2229 ejus
2945 2156 3091 2225 ﬁeri,
3128 2175 3194 2214 ac
3224 2157 3427 2214 dicens
3456 2175 3468 2213 :
3500 2160 3713 2231 Sequar
3732 2168 3806 2229 te,

2158 2262 2477 2318 quocunque
2506 2249 2637 2303 ieris
2697 2247 2904 2318 (Matth.
2959 2263 3077 2314 vm,
3140 2247 3250 2317 19),
3310 2247 3584 2319 repulsus
3615 2250 3704 2303 est
3734 2248 3808 2303 ab

2156 2336 2360 2391 eodem
2392 2335 2641 2391 Domino
2664 2335 2891 2391 dicente
2920 2353 2931 2390 :
2960 2336 3151 2405 Vulpes
3179 2335 3366 2408 foveas
3396 2335 3617 2404 habent,
3646 2343 3697 2391 et
3714 2352 3809 2391 vo-

2158 2425 2337 2480 lucres
2364 2424 2493 2479 σιειί
2532 2425 2732 2489 nidos;
2778 2425 2928 2493 ﬁlius
2975 2429 3167 2480 autem
3214 2424 3451 2480 hominis
3492 2440 3603 2480 non
3627 2424 3809 2491 habet,

2159 2513 2257 2567 ubi
2283 2517 2445 2583 caput
2473 2529 2637 2568 suum
2666 2513 2893 2569 reclinet
2918 2512 3101 2583 (lbid.,
3132 2513 3244 2584 20).
3278 2513 3321 2569 Ο
3364 2512 3680 2568 indiscreta
3711 2528 3816 2568 se-

2157 2601 2371 2657 veritas
2401 2602 2412 2656 l
2448 2602 2490 2656 Ο
2531 2602 2865 2657 miseranda
2912 2601 3181 2673 aequitas,
3228 2618 3352 2672 quae
3394 2602 3815 2658 tantummodo

2160 2690 2476 2746 voluntatis
2507 2708 2625 2746 suae
2656 2690 2967 2746 arbitrium
2999 2691 3284 2762 sequitur,
3326 2694 3383 2744 et
3412 2690 3483 2745 ad
3514 2706 3577 2747 se
3602 2689 3813 2745 confu-

2162 2779 2385 2852 gientes
2408 2779 2704 2852 suscipere
2728 2780 3079 2852 dedignatur
3106 2779 3118 2833 !
3145 2777 3533 2834 Intolerabilis
3554 2782 3707 2835 certe
3730 2783 3815 2834 ta-

2163 2867 2236 2924 lis
2266 2872 2353 2923 est
2379 2867 2707 2940 disciplina,
2741 2867 3004 2941 nullique
3034 2867 3240 2924 merito
3270 2866 3574 2940 placitura.
3609 2888 3635 2916 ››

2232 2958 2583 3028 Hujusmodi
2607 2974 2839 3029 quoque
2856 2957 3190 3013 delusiones
3206 2956 3306 3012 diu
3326 2957 3816 3029 perturbaverunt

2164 3044 2325 3102 meas
2365 3046 2767 3118 cogitationes,
2818 3046 2877 3100 in
2927 3046 3142 3118 quibus
3191 3046 3335 3102 satis
3382 3046 3613 3118 probari
3657 3045 3817 3102 valet

2164 3135 2401 3207 quantis
2427 3134 2702 3206 periculis
2733 3152 2903 3191 mens
2933 3152 3064 3191 mea
3101 3135 3450 3207 subjaceret.

2234 3225 2319 3279 Ad
2339 3224 2573 3280 easdem
2591 3223 2924 3280 delusiones
2944 3224 3172 3279 videtur
3192 3224 3485 3297 pertinere
3506 3225 3659 3297 quod
3682 3223 3823 3280 sub-

402 3324 497 3365 me
526 3289 850 3380 deﬂectere,
885 3327 1000 3366 non
1041 3289 1383 3367 deterrendo
1432 3311 1520 3368 vel
1575 3289 2048 3385 improperando,
2083 3289 2126 3357 Ο
2168 3318 2483 3386 sequenter
2504 3313 2632 3369 volo
2654 3314 2887 3369 referre.
2916 3314 3078 3385 Saepe
3096 3289 3278 3387 igitur
3297 3289 3542 3386 contigit
3562 3318 3646 3380 ut,
3679 3314 3824 3385 quia

401 3397 502 3455 sed
518 3396 1057 3470 quasicondolendo
1070 3402 1127 3455 et
1139 3401 1548 3473 compatiendo
1570 3401 1870 3459 afﬂictioni
1889 3420 2051 3471 meae,

401 3501 722 3560 suggerens
742 3486 1013 3543 videlicet
1043 3488 1202 3544 cordi
1234 3506 1362 3545 meo
1386 3489 1729 3561 hujusmodi
1751 3492 2053 3565 cogitatio-

401 3591 542 3632 nes:
573 3598 601 3627 ‹‹
636 3576 678 3630 0
712 3592 889 3646 quam
924 3576 1255 3633 miserande
1278 3578 1537 3648 juvenis,
1588 3581 1759 3649 cujus
1790 3581 2052 3637 dolorem

402 3663 606 3721 nullus
631 3663 939 3719 hominum
976 3665 1254 3737 dignatur
1297 3667 1633 3722 attendere!
1685 3668 1826 3733 Quis
1857 3676 2053 3726 autem

404 3750 713 3807 hominum
737 3750 827 3807 vel
848 3752 1175 3825 excogitare
1206 3758 1398 3825 potest
1421 3758 1580 3809 tanta
1606 3758 1657 3810 te
1673 3756 1799 3825 jam
1819 3759 2053 3830 depres-

406 3856 539 3896 sum
558 3840 907 3897 afflictione?
922 3840 1085 3896 Unde
1107 3858 1211 3896 nec
1229 3841 1349 3898 illis
1371 3843 1548 3899 debes
1570 3843 1891 3914 imputare;
1918 3848 2058 3918 quia

407 3930 564 4000 quod
588 3936 888 4002 nequeunt
908 3931 1077 3997 scire,
1102 3930 1161 3985 in
1182 3948 1248 3986 eo
1274 3949 1390 3987 non
1436 3938 1683 4004 possunt
1723 3936 2053 3993 subvenire.

409 4017 580 4074 Novit
607 4018 764 4073 enim
796 4019 1083 4075 Dominus
1104 4026 1161 4075 et
1182 4021 1664 4092 pravaletomnia
1692 4026 1878 4083 solus.
1896 4027 2056 4083 Ideo-

411 4120 524 4178 que
553 4104 640 4160 illi
670 4105 780 4162 soli
813 4111 1043 4163 constat
1072 4108 1485 4182 imputandum
1514 4114 1800 4187 quidquid
1831 4116 2059 4171 videtur

410 4194 674 4265 ineptum
708 4198 765 4251 et
790 4195 1211 4255 inordinatum.
1253 4203 1396 4256 Cum
1440 4217 1576 4274 ergo
1608 4204 1755 4259 sciat
1784 4208 1841 4260 et
1870 4206 2060 4278 possit

412 4283 629 4350 omnia,
654 4300 835 4356 quare
855 4301 970 4341 non
1004 4286 1243 4356 adjuvat
1265 4292 1320 4344 te
1338 4289 1398 4344 in
1420 4291 1793 4349 tribulatione
1814 4298 1932 4361 tua,
1956 4294 2058 4365 qui

412 4387 517 4445 pro
540 4372 673 4444 ejus
693 4390 889 4430 amore
910 4374 1199 4448 reliquisti
1220 4382 1277 4434 et
1299 4380 1462 4451 prius
1485 4381 1786 4450 saeculum,
1810 4388 1865 4439 et
1887 4384 2057 4439 modo

412 4460 637 4518 diutius
667 4462 1139 4521 inaestimabilem
1189 4467 1448 4523 sustines
1500 4470 1823 4527 cruciatum
1844 4472 1872 4527 ‘2
1900 4476 2055 4541 Quae,

411 4566 574 4624 rogo,
596 4551 711 4608 ista
730 4552 840 4608 erit
860 4552 1005 4609 ratio
1043 4553 1449 4628 districtionis,
1478 4575 1602 4629 quae
1643 4561 1717 4615 ad
1758 4577 1820 4616 se
1844 4561 2062 4633 jugiter

2167 3402 2480 3458 matutinis
2511 3402 2671 3458 horis
2703 3403 2776 3458 ad
2815 3402 3053 3474 signum
3103 3402 3384 3474 primum,
3439 3403 3587 3458 sicat
3615 3401 3825 3474 regula

2166 3496 2371 3548 sancta
2394 3493 2579 3559 docet,
2598 3490 2754 3547 volui
2774 3507 3105 3563 exsurgere,
3128 3491 3601 3562 phantasmatico
3623 3490 3825 3563 aliquo

2164 3580 2335 3651 longe
2359 3587 2493 3636 ante
2513 3584 2747 3652 tempus
2770 3580 3055 3652 surgendi
3079 3580 3365 3636 excitatus
3382 3580 3705 3636 oratiorum
3724 3595 3823 3636 ve-

2167 3668 2353 3725 nirem
2377 3668 2648 3724 festinus.
2684 3668 2801 3723 Hoc
2830 3669 3005 3724 etiam
3033 3668 3239 3724 tandiu
3270 3667 3488 3724 credidi
3508 3684 3655 3739 opus
3687 3683 3823 3723 esse

2167 3758 2454 3824 divinum,
2486 3774 2795 3829 quousque
2824 3773 2893 3812 ex
2941 3756 3273 3829 tempestivi
3318 3756 3542 3830 soporis
3572 3756 3828 3827 impedi-

2169 3850 2363 3902 mento
2405 3850 2673 3901 coactum
2726 3862 2819 3901 me
2870 3846 3149 3902 sentirem
3194 3847 3265 3901 ad
3316 3844 3823 3918 intempestivum.

2164 3935 2437 3991 Patiebar
2458 3940 2515 3991 et
2538 3935 2645 3992 hoc
2666 3951 2768 4005 per
2788 3933 3012 4005 aliquot
3032 3952 3217 3991 annos
3234 3935 3291 3989 in
3311 3934 3613 3991 nocturnis
3633 3933 3823 4003 horis,

2167 4023 2393 4095 ut,licet
2406 4024 2725 4081 admodum
2741 4039 2920 4079 sanus
2932 4023 2993 4079 in
3006 4022 3219 4079 lectulo
3235 4024 3824 4095 dormiensjacenem,

2167 4130 2300 4169 cum
2334 4115 2405 4169 ad
2439 4113 2761 4170 matutinas
2791 4110 2994 4168 laudes
3034 4129 3273 4186 surgere
3323 4114 3619 4181 deberem,
3652 4112 3829 4185 quasi

2168 4203 2444 4274 compede
2459 4204 2713 4273 quodam
2738 4203 3136 4258 membrorum
3169 4202 3437 4259 omnium
3458 4202 3828 4275 constringe-

2168 4308 2261 4347 rer
2284 4291 2602 4363 debilitate,
2628 4292 2831 4364 sicque
2853 4292 2924 4346 ad
2940 4291 3247 4348 ecclesiam
3268 4291 3502 4348 nutanti
3519 4296 3577 4348 et
3595 4290 3829 4347 difﬁcil-

2169 4380 2310 4437 limo
2333 4397 2538 4452 gressu
2557 4383 2939 4453 pervenirem.
2963 4380 3313 4438 Proferenda
3360 4385 3447 4437 est
3478 4380 3671 4437 adhuc
3695 4384 3831 4436 ten-

2169 4470 2311 4525 tatio
2342 4476 2398 4525 et
2428 4468 2654 4525 delusio
2680 4486 2817 4537 una,
2842 4486 3020 4541 quam
3046 4473 3204 4524 tanto
3226 4467 3526 4525 difﬁcilius
3550 4469 3832 4524 intimare

2170 4575 2339 4629 queo,
2366 4563 2584 4631 quanto
2606 4574 2908 4629 nunquam
2937 4557 3156 4630 aliquid
3188 4557 3533 4629 hujusmodi
3554 4557 3830 4631 legebam

409 4639 731 4698 clamantes
752 4642 1029 4700 omnibus
1050 4643 1273 4701 cruciat
1298 4647 1489 4704 modis
1512 4648 1539 4702 ?
1559 4649 1668 4704 Fac
1691 4650 1846 4720 quod
1872 4650 2060 4706 factu-
2092 4663 2138 4727 Ι)
2170 4647 2257 4703 vel
2277 4648 2586 4704 audiebam
2610 4647 2683 4703 ab
2713 4646 3180 4719 ullo.Postquam
3215 4647 3372 4704 enim
3397 4645 3827 4719 suprascriptis

411 4747 516 4787 rus
532 4730 647 4787 eris
671 4757 687 4799 ;
713 4731 936 4804 depone
962 4751 1354 4806 supervacuas
1377 4753 1577 4809 preces
1596 4742 1652 4793 et
1676 4738 1898 4805 luctus;
1925 4740 2064 4812 quia

412 4817 512 4875 ille
541 4820 600 4874 in
632 4820 741 4875 hac
797 4822 1100 4880 severitate
1148 4825 1207 4880 in
1240 4843 1358 4897 qua
1381 4827 1665 4883 hactenus
1691 4833 1833 4897 erat,
1856 4830 2064 4884 amodo

416 4909 595 4964 etiam
629 4918 994 4981 perseverat:
1031 4931 1168 4969 nam
1200 4917 1378 4971 nimis
1408 4916 1656 4973 stultum
1688 4922 1776 4973 est
1796 4934 1863 4973 ea
1883 4918 2067 4989 preci-

416 4997 531 5054 bus
569 5001 854 5055 attentare
882 5017 1009 5072 quae
1040 5007 1097 5057 te
1145 5003 1296 5060 scias
1354 5022 1468 5061 non
1523 5022 1694 5077 posse
1725 5006 2061 5078 impetrare.

416 5084 828 5143 Verumtamen
861 5086 979 5143 noli
1004 5088 1228 5157 timere,
1256 5091 1394 5163 quia
1416 5110 1742 5164 numquam
1761 5094 1937 5151 unius
1961 5112 2063 5168 po-

413 5176 1119 5247 tentisinjustitiaomnes
1131 5181 1487 5250 permittitur
1497 5184 2063 5253 perdere.Quomodo

412 5266 568 5323 enim
582 5268 1184 5339 possetﬁeriuthomo
1216 5269 1530 5343 quisquam
1566 5277 1885 5328 mereretur
1907 5291 2059 5330 sem-

406 5370 506 5428 per
535 5357 717 5429 alﬂigi
740 5356 873 5414 ?vel
904 5357 1036 5429 quis
1060 5358 1324 5415 mortalis
1352 5359 1478 5415 sine
1501 5365 1734 5432 peccato
1761 5362 1911 5419 valet
1934 5380 2062 5418 esse

400 5443 484 5501 ab
508 5442 676 5500 initio
705 5462 891 5518 usque
912 5447 984 5503 ad
1006 5448 1182 5504 finem
1215 5447 1338 5504 vitae
1355 5448 1382 5503 ?
1401 5451 1514 5505 Aut
1537 5450 1762 5521 parvuli
1784 5451 2028 5508 innocen
2044 5481 2059 5493 ο

406 5533 492 5590 tia
517 5534 768 5605 qualiter
789 5536 1009 5609 acquiri
1038 5542 1229 5610 potest
1248 5538 1305 5594 in
1331 5540 1605 5595 senecta?
1626 5541 1776 5597 sicut
1793 5541 2056 5598 Christus

407 5621 576 5679 docet
603 5641 618 5680 :
653 5623 772 5680 Nisi
810 5624 1102 5698 inquiens,
1135 5631 1383 5685 conversi
1398 5629 1638 5699 fueritis,
1666 5633 1717 5684 et
1734 5632 2059 5701 efﬁciamini

418 5714 561 5768 sicut
578 5712 947 5788 parvulimon
968 5718 1319 5778 intrabttisin
1332 5736 1558 5791 regnum
1570 5719 1824 5777 calorum
1842 5721 2052 5792 (Matth.

2172 4742 2228 4792 et
2256 4736 2385 4793 aliis
2418 4737 2621 4793 multis
2651 4736 3092 4803 tentationibus,
3126 4753 3376 4807 quarum
3409 4737 3695 4809 quasdam
3720 4733 3841 4790 mi-

2176 4825 2333 4880 nime
2353 4825 2412 4879 in
2435 4826 2719 4882 memoria
2739 4825 2945 4893 habeo,
2971 4826 3256 4898 quasdam
3300 4843 3455 4895 vero,
3481 4842 3553 4885 ne
3575 4824 3829 4897 legenti-

2174 4915 2285 4970 bus
2317 4913 2436 4969 sint
2463 4913 2655 4985 taedio,
2687 4914 2781 4970 hic
2827 4916 3084 4986 proferre
3135 4914 3288 4983 nolo,
3338 4931 3471 4971 sum
3503 4912 3828 4986 impulsus,

2173 5004 2295 5072 sed,
2347 5021 2449 5076 per
2488 5003 2589 5059 Dei
2630 5004 2899 5077 gratiam,
2934 5003 3101 5059 aﬁde
3118 5007 3179 5059 et
3200 5019 3299 5075 spe
3348 5003 3599 5060 ccelestis
3619 5000 3832 5059 auxilii

2174 5109 2547 5164 nequaquam
2562 5091 2830 5159 evulsus;
2863 5096 3004 5147 tunc
3017 5092 3461 5165 impugnatione
3472 5091 3575 5149 tali
3592 5090 3823 5148 diutius

2172 5181 2429 5253 torqueri
2458 5199 2549 5237 me
2592 5180 2941 5249 sentiebam,
2976 5198 3079 5253 per
3108 5198 3288 5253 quam
3320 5186 3378 5238 et
3406 5182 3476 5238 de
3503 5181 3831 5255 Scriptura;

2172 5276 2389 5326 sanctae
2411 5270 2656 5326 scientia
2679 5275 2734 5326 st
2762 5270 2950 5343 ipsius
2983 5269 3079 5327 Dei
3111 5271 3621 5343 essentiaprorsus
3654 5271 3835 5328 dubi-

2170 5364 2291 5416 tare
2304 5359 2789 5431 compellabar.ln
2806 5359 3055 5416 aliarum
3074 5359 3309 5431 quidem
3328 5360 3717 5417 tsntationum
3736 5360 3834 5416 di-

2168 5449 2445 5505 scrimine
2465 5448 2699 5523 aliquod
2723 5448 3415 5522 refrigeriiintervallum,
3432 5449 3669 5522 aliquod
3693 5452 3831 5523 spei

2168 5541 2553 5611 praestabatur
2584 5539 2907 5613 refugium;
2942 5540 3000 5595 in
3031 5537 3204 5595 istius
3233 5554 3365 5595 vero
3407 5538 3680 5611 passione
3709 5556 3825 5612 per

2167 5629 2339 5684 horas
2370 5630 2676 5685 continuas
2706 5628 2897 5686 omnis
2928 5628 3043 5685 fere
3073 5625 3264 5683 solatii
3313 5628 3586 5701 privabar
3611 5629 3820 5703 cogni-

2161 5718 2335 5775 tione.
2362 5723 2425 5775 In
2448 5719 2704 5791 aliis,per
2743 5735 2919 5777 sacrae
2955 5718 3308 5776 documenta
3340 5718 3663 5793 Scriptura
3692 5718 3831 5778 ali-'
