4108 6188
266 435 379 498 221
440 494 453 505 .

1386 439 1615 502 LIBER
1649 438 1751 501 DE
1795 438 2055 503 CURSU
2097 438 2565 506 SPIRITUALI.

272 569 457 629 ullum
484 567 549 626 in
578 574 762 627 Deum
793 568 975 627 habes
997 569 1175 643 juste
1207 572 1600 645 querimoniae
1629 589 1870 631 causam
1888 572 1917 627 ?
1943 574 1999 641 Α
2026 573 2273 647 ingerat,
2296 574 2549 648 iniustos
2568 579 2767 633 tamen
2786 575 2982 634 verbis
3003 592 3238 634 omnem
3261 575 3539 634 humanae
3565 576 3679 635 cle-

270 662 399 718 Scio
427 661 637 733 utique
683 664 742 716 te
789 676 855 715 eo
901 661 1186 732 majorem
1230 678 1333 734 pro
1363 663 1740 720 tribulatione
1768 680 1917 735 qua-

272 766 505 823 cunque
528 748 751 806 recenti
774 749 1203 821 querimoniam
1234 752 1466 825 habere,
1490 770 1605 826 quo
1636 753 1836 809 minus
1858 753 1917 808 in

268 844 535 913 tempore
562 839 913 912 praecedenti
940 840 1181 897 adversa
1201 841 1405 898 solitus
1427 859 1555 899 eras
1587 842 1708 899 ulla
1741 841 1919 899 susti-

270 943 431 984 nere.
466 928 719 1000 Ideoque
749 930 952 983 contra
981 928 1207 983 Domini
1240 929 1488 1003 ﬂagella,
1521 930 1771 1002 peccatis
1800 929 1919 986 tuis

271 1016 579 1074 abolendis
602 1016 780 1072 nimis
800 1018 1150 1085 necessaria,
1175 1022 1339 1074 tanto
1360 1018 1549 1092 magis
1571 1020 1742 1075 modo
1765 1035 1924 1075 mur-

272 1122 507 1162 murare
528 1104 706 1175 soles,
722 1110 944 1178 quanto
965 1107 1175 1177 majori
1198 1107 1504 1164 clementia
1523 1108 1921 1181 patientiaque

271 1194 365 1251 ille
390 1194 678 1250 hactenus
707 1194 1050 1266 iniquitates
1080 1200 1214 1252 tuas
1245 1197 1530 1253 sustinuit
1559 1214 1783 1254 omnes.
1809 1198 1920 1254 Sed

271 1285 391 1341 haec
418 1288 510 1340 est
546 1284 945 1356 injustissima
974 1285 1282 1341 hominum
1317 1288 1801 1359 recompensatio,
1834 1291 1919 1356 ut,

274 1390 409 1429 cum
430 1391 466 1429 a
483 1373 736 1447 pueritia
754 1390 943 1446 usque
964 1375 1036 1430 ad
1058 1378 1419 1431 senectutem
1442 1377 1773 1450 omnigenis
1794 1393 1923 1450 pec-

279 1467 536 1520 catorum
560 1462 840 1519 sordibus
864 1462 1110 1520 involuti
1132 1464 1281 1521 mira
1302 1465 1400 1521 Dei
1430 1467 1644 1538 pietate
1668 1466 1921 1523 sustine-

281 1556 469 1621 antur,
500 1554 558 1608 et
583 1554 811 1623 postea,
842 1568 916 1608 ne
947 1554 1177 1609 aeternis
1208 1554 1562 1627 deputentur
1590 1555 1922 1628 suppliciis,

278 1658 379 1716 pro
406 1641 751 1698 eorumdem
783 1645 1153 1715 peccatorum
1207 1642 1503 1700 ablatione
1554 1644 1923 1717 aliquatenus

276 1729 633 1803 afﬂigantur,
656 1729 853 1786 nullas
872 1731 923 1786 ei
945 1734 1141 1804 grates
1166 1733 1441 1789 studeant
1462 1733 1820 1805 impendere,
1836 1734 1923 1790 vel

276 1834 375 1891 pro
396 1818 661 1875 exhibita
677 1820 1102 1893 compassione,
1114 1820 1202 1876 vel
1223 1838 1328 1894 pro
1349 1822 1777 1897 emendatione.
1794 1822 1924 1881 Noli

277 1924 409 1981 ergo
441 1906 646 1964 mirari
678 1907 819 1980 quia
847 1908 993 1964 mihi
1023 1908 1215 1982 placet
1243 1926 1445 1967 omnes
1477 1911 1746 1968 homines
1791 1929 1924 1984 pro-
1956 1944 2004 2011 B

278 1997 398 2054 beri
432 2014 447 2052 :
494 2013 637 2053 nam
687 2013 793 2053 nec
822 1997 956 2069 sibi,
990 2014 1099 2055 nec
1128 1997 1260 2054 aliis
1293 1999 1436 2055 satis
1469 2000 1685 2073 cogniti
1716 2000 1923 2069 forent,

278 2087 387 2143 nisi
416 2103 519 2143 eos
547 2090 915 2143 tentamenta
942 2086 1140 2160 aliqua
1160 2092 1348 2145 certos
1380 2106 1446 2144 ac
1476 2090 1750 2162 probatos
1772 2090 1925 2146 face-

279 2181 426 2232 rent.
451 2176 596 2241 Quis
620 2176 781 2232 enim
801 2176 992 2245 miles,
1014 2176 1245 2233 nullum
1275 2177 1460 2250 praelii
1481 2178 1807 2251 periculum
1828 2186 1923 2236 ex-

277 2269 497 2338 pertus,
518 2264 824 2338 proeliandi
847 2266 1043 2322 socius
1064 2266 1173 2323 erit
1192 2271 1387 2323 certus
1406 2267 1434 2322 ?
1459 2268 1710 2340 Ideoque
1731 2267 1924 2339 multi,

277 2353 335 2409 in
374 2353 494 2410 otio
548 2359 607 2410 et
656 2354 714 2409 in
765 2370 907 2426 pace
950 2354 1144 2410 inutili
1194 2354 1417 2423 nutriti,
1450 2356 1720 2428 quamvis
1749 2357 1929 2413 fortes

278 2458 340 2497 se
368 2458 500 2498 esse
528 2442 791 2510 credant,
814 2459 948 2499 cum
977 2442 1241 2500 venerint
1270 2444 1341 2499 ad
1373 2443 1615 2515 bellum,
1648 2445 1927 2502 continuo

278 2531 433 2603 fuga:
462 2535 730 2603 quaerunt
759 2532 1121 2604 praesidium.
1153 2532 1248 2588 Sic
1277 2531 1455 2589 etiam
1493 2537 1557 2588 tu
1610 2534 1927 2591 arbitratus

279 2635 341 2675 es
360 2623 542 2676 temet
563 2623 697 2677 ante
716 2620 1060 2677 temtationis
1081 2625 1316 2694 tempus
1334 2621 1596 2678 validum
1618 2624 1688 2679 ad
1707 2624 1925 2692 omnia,

278 2713 335 2765 et
381 2724 516 2764 ecce
563 2725 742 2781 quam
790 2710 1064 2765 inﬁrmus
1109 2710 1191 2767 sis
1231 2728 1301 2767 ex
1336 2712 1659 2768 tentatione
1688 2715 1929 2785 apparet

276 2796 461 2854 illata.
481 2797 785 2870 Numquid
813 2798 1005 2854 adhuc
1036 2799 1228 2855 nescis
1250 2804 1538 2872 quantum
1571 2801 1649 2857 sit
1679 2816 1929 2857 noscens

276 2903 413 2949 ουω
442 2887 574 2943 srs?
604 2885 770 2944 Certe
801 2887 851 2944 si
880 2889 1135 2945 necdum
1164 2891 1407 2946 tentatio
1436 2890 1635 2962 aliqua
1659 2895 1715 2946 te
1737 2890 1929 2947 fortio-

277 2992 419 3044 rem,
451 2976 541 3032 tui
569 2980 770 3034 tamen
824 2981 881 3034 te
928 2978 1065 3034 fecit
1108 2978 1413 3035 certiorem
1441 2997 1455 3042 ;
1488 2980 1625 3050 quia
1655 2980 1818 3051 prius
1846 2983 1923 3048 te,

277 3066 432 3138 quod
453 3082 573 3123 non
594 3083 748 3135 eras,
775 3066 1076 3123 credidisti
1096 3066 1358 3123 validum
1382 3085 1395 3135 ;
1425 3085 1602 3138 nunc,
1626 3069 1927 3125 veritatem

273 3155 511 3229 proprie
538 3154 877 3228 fragilitatis
903 3160 1196 3228 expertus,
1226 3157 1497 3230 agnoscis
1524 3163 1582 3214 te
1600 3157 1926 3213 inﬁrmum.

272 3242 403 3301 Hec
431 3249 526 3302 est
568 3261 826 3317 namque
855 3244 1014 3301 illius
1046 3246 1266 3318 agnitio
1294 3246 1678 3314 inﬁrmitatis,
1711 3248 1782 3303 de
1812 3256 1930 3319 qu‘a

2029 663 2259 719 mentiae
2315 681 2491 721 usum
2541 665 2953 722 excedentibus
3005 664 3363 736 consolatur,
3423 664 3672 723 dicens:

2027 753 2210 808 Etiam
2269 756 2321 809 si
2383 754 2571 811 dixero
2628 757 2776 827 justo
2820 772 2838 807 :
2904 756 3029 811 Vita
3092 756 3267 823 vivat,
3327 758 3381 811 et
3435 756 3672 826 conﬁsus

2029 843 2090 896 in
2135 840 2360 913 justitia
2416 859 2518 899 sua
2571 845 2762 915 fecerit
2818 844 3201 915 iniquitatem,
3260 861 3443 901 omnes
3498 846 3669 918 justi-

2030 932 2121 987 tiw
2150 932 2264 1003 ejus
2291 932 2557 989 oblivioni
2581 933 2885 990 tradentur.
2919 932 2982 987 Si
3009 935 3191 988 autem
3219 933 3414 989 dixero
3453 935 3626 1006 impio
3655 952 3674 987 :

2032 1024 2203 1077 Morte
2230 1024 2504 1090 morieris,
2538 1031 2589 1078 et
2614 1024 2785 1094 egerit
2812 1022 3188 1093 paenitentiam
3233 1039 3268 1077 a
3310 1028 3524 1093 peccato
3551 1039 3670 1090 suo,

2028 1112 2323 1183 feceritque
2358 1111 2634 1183 judicium
2678 1119 2729 1167 et
2767 1112 3067 1183 justitiam,
3116 1110 3231 1166 vita
3278 1111 3439 1178 vivet,
3469 1114 3522 1166 et
3565 1126 3677 1166 non

2028 1201 2297 1254 morietur
2324 1200 2503 1271 (Ibid,
2536 1201 2621 1270 13,
2655 1200 2763 1272 14).
2798 1204 2864 1255 In
2897 1199 3027 1258 aliis
3057 1199 3232 1256 etiam
3266 1198 3564 1272 prophetis
3594 1199 3679 1255 in-

2028 1289 2264 1344 venitur
2287 1289 2572 1363 scriptum
2600 1293 2821 1361 quanta
2841 1289 2940 1346 Dei
2963 1289 3152 1363 gratia
3175 1289 3254 1345 sit
3275 1305 3452 1362 super
3470 1303 3679 1345 omnes

2033 1377 2132 1450 qui
2163 1377 2435 1435 invocant
2464 1378 2654 1434 illum.
2687 1378 2811 1434 Joel
2850 1394 3106 1451 namque
3152 1378 3438 1451 propheta
3484 1377 3628 1433 dicit
3658 1394 3671 1433 :

2034 1467 2431 1523 Convertimini
2457 1469 2526 1523 ab
2550 1469 2844 1524 Dominum
2872 1468 3042 1523 Deum
3073 1471 3329 1535 vestrum,
3362 1468 3496 1539 quia
3527 1466 3679 1522 beni-

2030 1572 2170 1626 gnus
2198 1560 2248 1612 et
2272 1559 2587 1613 misericors
2627 1566 2728 1626 est,
2759 1565 2814 1613 et
2859 1556 3199 1630 praestabilis
3248 1572 3413 1629 super
3451 1556 3679 1612 malitia

2033 1645 2185 1717 (Joel.
2234 1663 2296 1712 Π,
2348 1646 2457 1717 13).
2507 1646 2578 1701 Et
2632 1650 2811 1703 Amos
2864 1645 3149 1719 propheta
3201 1645 3389 1701 dicit:
3442 1644 3680 1715 Quaerite

2033 1734 2346 1803 Dominum,
2405 1744 2460 1791 et
2518 1737 2679 1791 vivite
2732 1735 2911 1807 (Amos
2956 1752 3014 1805 v,
3064 1734 3141 1805 5).
3204 1733 3331 1791 Non
3387 1732 3675 1788 minorem

2033 1839 2266 1895 quoque
2289 1823 2424 1879 ﬁdei
2446 1828 2619 1896 atque
2642 1824 2764 1897 spei
2789 1822 3114 1879 doctrinam
3136 1822 3198 1877 in
3218 1822 3368 1879 Jona
3396 1821 3682 1895 propheta

2033 1912 2318 1981 invenies,
2340 1912 2401 1967 in
2427 1929 2541 1985 quo
2563 1916 3057 1968 commemoratur
3083 1910 3416 1984 benignitas
3438 1910 3537 1966 Dei
3563 1909 3681 1965 im-

2034 2017 2241 2057 mensa
2269 2001 2423 2058 circa
2451 2001 2739 2060 Ninivitas
2776 2001 3202 2073 delinquentes.
3235 1999 3450 2056 Eadem
3480 1998 3680 2071 itaque

2034 2090 2369 2146 rudimenta
2398 2108 2464 2147 ac
2493 2090 2700 2149 solatia
2746 2091 2805 2145 in
2855 2089 3130 2146 omnibus
3160 2105 3336 2145 sacrae
3366 2087 3680 2161 Scriptura

2032 2178 2201 2251 libris
2235 2179 2625 2251 reperiuntur,
2657 2180 2813 2235 sicut
2858 2183 2915 2235 et
2946 2177 3262 2250 Apostolus
3291 2180 3561 2245 testatur,
3595 2175 3682 2233 di-

2034 2285 2172 2324 cens
2207 2285 2220 2323 :
2278 2269 2465 2325 Omnis
2513 2270 2788 2341 scriptura
2816 2267 3083 2323 divinitus
3111 2268 3384 2339 inspirata
3411 2266 3570 2321 utilis
3599 2270 3680 2322 est

1978 2432 1982 2435 V
2035 2357 2105 2413 ad
2124 2357 2441 2414 docendum.
2459 2359 2607 2413 Item
2629 2355 2867 2428 Paulus,
2882 2356 3035 2412 inter
3057 2356 3370 2411 innumera
3391 2354 3683 2427 Epistola-

2035 2462 2167 2501 rum
2190 2462 2433 2501 suarum
2457 2447 2828 2515 documenta,
2843 2443 3172 2517 specialiter
3192 2443 3353 2515 quali
3374 2442 3683 2500 clementia

2034 2535 2189 2591 Deus
2220 2535 2280 2590 in
2321 2534 2698 2591 tribulatione
2727 2533 2816 2590 vel
2844 2533 3164 2589 tentatione
3195 2531 3417 2605 positos
3445 2535 3684 2587 tueatur

2035 2623 2275 2697 profert,
2310 2623 2509 2679 dicens
2543 2641 2556 2679 :
2608 2623 2808 2680 Fidelis
2836 2624 2995 2691 Deus,
3030 2623 3125 2694 qui
3164 2636 3275 2677 non
3316 2622 3562 2691 patietur
3589 2635 3683 2676 vos

2034 2716 2240 2769 tentari
2267 2728 2439 2786 supra
2485 2712 2547 2769 id
2590 2713 2726 2785 quod
2751 2713 3012 2785 potestis;
3039 2711 3130 2767 sed
3156 2712 3323 2782 faciet
3349 2726 3472 2766 cum
3503 2712 3685 2766 tenta-

2034 2805 2209 2859 tione-
2229 2808 2574 2875 proventum,
2603 2805 2663 2857 ut
2707 2801 2926 2874 possitis
2970 2802 3258 2866 sustinere,
3286 2797 3432 2854 illud
3464 2797 3686 2855 scilicet

2036 2897 2382 2965 proventum
2418 2908 2651 2961 vocans,
2684 2892 2860 2963 quod,
2891 2889 3069 2947 variis
3096 2887 3518 2946 tentationibus
3549 2887 3680 2943 fati-

2036 2983 2282 3055 gati,sed
2298 2983 2367 3039 ad
2376 2982 2560 3038 Deum
2574 2980 2896 3037 clamantes
2907 2977 3449 3048 1iberati,discimus
3462 2985 3685 3048 quanta

2037 3071 2300 3142 nequitia
2321 3071 2399 3127 sit
2420 3069 2635 3126 diaboli
2657 3086 2763 3126 nos
2784 3067 3213 3143 impugnantis,
3228 3069 3564 3140 quantaque
3580 3062 3682 3120 Dei

2037 3157 2226 3231 gratia
2256 3175 2362 3214 nos
2392 3159 2596 3215 exinde
2626 3158 2951 3214 liberantis.

2114 3268 2141 3297 ‹‹
2172 3247 2284 3302 Sed
2317 3248 2366 3303 si
2389 3248 2459 3304 de
2489 3247 2582 3302 his
2606 3246 2883 3302 omnibus
2906 3245 3295 3315 documentis,
3319 3261 3446 3315 quae
3468 3242 3594 3312 jam
3615 3256 3685 3296 ex

270 3333 597 3407 Apostolus
650 3312 795 3390 dicit
840 3352 853 3390 :
914 3312 1113 3391 Virtus.
1146 3337 1213 3391 in
1268 3336 1592 3406 inﬁrmitate
1640 3312 1931 3409 perﬁcitur
1960 3312 2003 3381 (ἶ
2039 3336 2352 3408 Scripturis
2384 3336 2605 3392 sanctis
2654 3333 2883 3406 prolata
2912 3337 3068 3404 sunt,
3103 3312 3321 3404 aliquid
3335 3312 3678 3395 idifﬁderes,

270 3423 344 3494 (II
363 3422 495 3478 Cor.
516 3439 626 3493 x11,
645 3423 722 3493 9).
744 3423 929 3495 Igitur
943 3426 1057 3479 Deo
1078 3424 1298 3496 gratias
1321 3440 1459 3497 age;
1485 3424 1643 3497 quia,
1662 3425 1930 3498 quamvis

267 3510 563 3576 invitum,
588 3515 649 3565 te
667 3510 800 3566 fecit
817 3512 940 3583 jam
963 3511 1068 3568 tibi
1103 3516 1331 3585 notum,
1354 3517 1410 3568 et
1438 3513 1684 3586 propriae
1705 3512 1927 3586 fragili-

269 3599 426 3656 tatis
459 3599 780 3655 conscium.

344 3709 378 3739 ‹‹
400 3687 836 3761 Consideraque
851 3689 1051 3762 simul,
1068 3691 1206 3762 quia
1220 3694 1383 3747 tanto
1401 3691 1609 3762 majori
1627 3691 1930 3749 devotione

278 3792 347 3833 ac
373 3778 493 3833 ﬁde
525 3776 802 3849 regimini
835 3761 1029 3834 divino
1060 3761 1235 3835 debes
1266 3780 1476 3836 amodo
1506 3780 1929 3853 obtemperare,

278 3869 498 3938 quanto
533 3865 811 3938 pluribus
830 3869 1253 3940 experimentis
1288 3870 1415 3941 jam
1446 3869 1706 3941 probasti
1734 3871 1933 3926 omnia

279 3954 339 4010 in
350 3955 466 4013 Deo
486 3959 620 4012 tuta
634 3972 766 4013 esse
782 3974 797 4025 ;
818 3957 1089 4013 sufﬁcere
1105 3973 1357 4029 namque
1374 3957 1479 4014 tibi
1501 3975 1604 4030 pro
1622 3959 1736 4015 ﬁde
1756 3964 1931 4032 atque

275 4061 379 4116 spe
433 4046 745 4102 retinenda
793 4046 1051 4118 deberet,
1113 4063 1239 4119 quae
1298 4062 1449 4120 saepe
1501 4048 1562 4103 in
1622 4048 1933 4106 Psalmista

272 4132 421 4207 legis
451 4138 512 4192 et
542 4135 713 4192 audis
748 4152 763 4190 :
816 4136 1088 4204 Quomodo
1131 4138 1429 4192 miseretur
1468 4140 1627 4209 pater
1663 4138 1929 4210 ﬁliorum,

275 4224 543 4279 misertus
586 4229 674 4280 est
718 4226 987 4281 Dominus
1032 4227 1356 4282 timentibus
1403 4241 1479 4296 se,
1513 4228 1772 4298 quoniam
1819 4229 1935 4300 ipse

282 4313 530 4382 cognovit
567 4314 892 4386 ﬁgmentum
926 4318 1180 4370 nostrum
1210 4315 1380 4385 (Psal.
1413 4331 1512 4382 cn,
1545 4316 1672 4388 13);
1722 4320 1779 4371 et
1824 4317 1930 4372 ite-

280 4415 472 4457 rum:
518 4402 718 4459 Fidelis
764 4404 1029 4459 Dominus
1079 4406 1142 4458 in
1189 4405 1441 4459 omnibus
1484 4404 1663 4459 verbis
1714 4407 1847 4477 suis,
1883 4410 1933 4462 et

278 4493 504 4546 sanctus
554 4493 614 4547 in
661 4492 917 4549 omnibus
953 4492 1208 4566 operibus
1235 4494 1351 4549 suis
1381 4493 1551 4564 (Psal.
1586 4510 1769 4563 cxmv,
1803 4494 1929 4566 13);

276 4579 549 4652 itemque
591 4597 606 4636 :
668 4581 914 4638 Custodit
968 4584 1231 4638 Dominus
1289 4596 1481 4637 omnes
1536 4581 1823 4653 diligentes
1877 4600 1935 4640 se

2035 3424 2125 3480 vel
2151 3424 2291 3496 quia
2318 3440 2387 3480 ex
2414 3423 2563 3496 legis
2595 3423 2825 3489 umbra,
2849 3438 2950 3477 seu
2973 3421 3111 3491 quia
3140 3436 3209 3475 ex
3235 3418 3399 3491 puris
3430 3416 3681 3472 homini-

2036 3512 2148 3568 bus
2180 3516 2319 3569 sunt
2346 3511 2521 3580 dicta,
2547 3510 2756 3567 saltem
2786 3526 2854 3565 ea
2883 3506 3010 3581 quae
3032 3509 3190 3564 dicta
3218 3509 3359 3563 sunt
3378 3523 3412 3560 a
3434 3503 3681 3560 Domino

2034 3601 2176 3659 Jesu
2197 3600 2444 3667 Christo,
2469 3600 2570 3673 qui
2591 3600 2745 3655 Deus
2766 3602 2826 3654 et
2852 3598 3028 3654 homo
3050 3600 3157 3664 est,
3180 3594 3429 3651 ﬁrmiter
3446 3593 3681 3650 credere

2037 3689 2519 3748 debuisses.Dicit
2533 3688 2899 3758 enim,Matth
2909 3705 2989 3744 aeo
3006 3686 3363 3760 evangelista
3377 3687 3678 3741 narrante:

2036 3782 2155 3837 Non
2174 3781 2299 3835 veni
2326 3795 2519 3835 vocare
2536 3780 2738 3851 justas,
2763 3777 2856 3834 sed
2880 3786 3186 3850 peccatores
3215 3774 3425 3848 (Matth.
3458 3790 3536 3839 Ix,
3574 3772 3679 3845 13).

2038 3871 2206 3936 Item,
2230 3869 2433 3925 eodem
2457 3870 2731 3924 narrante
2759 3883 2772 3922 :
2814 3868 3011 3935 Venite,
3036 3865 3247 3939 inquit,
3272 3864 3343 3919 ad
3370 3878 3475 3931 me,
3500 3876 3687 3919 omnes

2037 3960 2131 4032 qui
2163 3959 2424 4014 laboratis
2453 3961 2505 4013 et
2532 3958 2746 4013 onerati
2768 3956 2916 4025 estis,
2937 3959 2987 4011 et
3017 3971 3113 4025 ego
3132 3954 3329 4026 faciem
3350 3952 3687 4024 requiescere

2037 4065 2128 4104 vos
2158 4048 2385 4119 (Matth.
2418 4064 2497 4113 x1,
2522 4048 2634 4118 28).
2658 4050 2815 4101 Luca
2834 4044 3011 4101 etiam
3042 4044 3404 4117 perhibente,
3427 4041 3685 4113 discipu-

2039 4137 2126 4193 los
2140 4152 2279 4193 suos
2296 4153 2399 4209 pro
2414 4135 2668 4208 quadam
2687 4134 2911 4190 ratione
2928 4133 3142 4190 immiti
3160 4129 3683 4204 increpat,dicens:

2037 4226 2261 4283 Nescitis
2329 4225 2482 4296 cujus
2547 4226 2769 4296 spiritus
2806 4228 2884 4280 est
2924 4226 3021 4287 is;
3060 4224 3234 4278 Filius
3274 4222 3511 4277 hominis
3576 4235 3687 4276 non

2038 4316 2185 4373 venit
2214 4316 2430 4370 animus
2457 4313 2704 4386 perdere,
2736 4313 2828 4370 sed
2855 4314 3076 4369 salvare
3104 4312 3253 4383 (Luc.
3287 4329 3364 4380 ιχ,
3389 4309 3503 4382 56).
3538 4308 3685 4364 Item

2039 4421 2144 4479 per
2164 4404 2435 4460 eumdem
2458 4402 2873 4476 evangelistam
2904 4401 3020 4456 ait:
3056 4400 3329 4456 Gaudium
3346 4400 3451 4455 erit
3474 4400 3532 4453 in
3558 4396 3687 4452 caelo

2038 4509 2203 4567 super
2228 4509 2339 4549 uno
2364 4497 2617 4565 pecatore
2650 4492 3031 4563 plenitentiam
3075 4493 3287 4560 agente,
3327 4502 3490 4559 quam
3519 4500 3689 4556 supra

2039 4584 2346 4655 nonaginta
2374 4597 2566 4637 novem
2592 4582 2779 4654 justis,
2814 4580 2909 4651 qui
2936 4594 3047 4634 non
3077 4577 3335 4645 indigent
3361 4574 3690 4646 paenitentia

273 4667 451 4739 (Psal.
484 4685 672 4740 (xm,
701 4671 814 4743 20).
848 4668 1149 4743 Multaque
1185 4669 1279 4726 his
1326 4670 1544 4727 similia
1589 4674 1646 4727 et
1695 4672 1754 4726 in
1804 4672 1933 4729 aliis
1963 4684 2012 4750 D
2043 4674 2191 4742 (Luc.
2244 4689 2336 4741 xv,
2392 4671 2503 4742 10).
2557 4671 2781 4726 Joanne
2838 4682 3070 4740 quoque
3126 4662 3487 4737 perhibente,
3545 4660 3690 4716 dixit

276 4759 585 4816 codicibus
614 4759 992 4817 inveniuntur
1017 4760 1258 4833 scripta,
1280 4765 1348 4817 ut
1376 4760 1437 4815 in
1460 4759 1610 4816 Isaia
1630 4761 1932 4834 propheta,

279 4849 379 4920 qui
433 4865 502 4906 ex
530 4849 769 4907 Domini
799 4865 1054 4923 persona
1080 4848 1222 4906 dicit
1253 4867 1266 4905 :
1312 4849 1707 4906 Convertimini
1733 4851 1804 4907 ad
1829 4867 1935 4923 me,

275 4941 330 4993 et
375 4939 524 4996 salvi
570 4940 730 4996 eritis
781 4955 967 4996 omnes
1012 4940 1147 5010 ﬁnes
1190 4947 1357 4997 terrae
1387 4940 1513 5011 (Isa.
1543 4956 1673 5009 XLV,
1701 4941 1833 5013 22);
1884 4943 1942 4997 et
1988 4938 1993 4941 ⁷

276 5027 498 5084 iterum
520 5029 682 5086 idem
702 5029 987 5102 propheta
1008 5027 1182 5086 dicit:
1202 5030 1555 5101 Derelinquat
1570 5031 1773 5102 impius
1793 5032 1941 5085 viam

272 5132 463 5190 suam,
486 5127 542 5176 et
559 5121 654 5176 vir
676 5121 901 5192 iniquus
918 5120 1278 5192 cogitationes
1297 5135 1447 5188 suas,
1471 5123 1522 5175 et
1540 5127 1848 5176 revertatur
1871 5120 1942 5176 ad

272 5208 597 5278 Dominum,
627 5213 682 5266 et
709 5209 1064 5267 miserebitur
1092 5225 1227 5283 ejus,
1258 5215 1311 5264 et
1358 5209 1429 5264 ad
1468 5210 1640 5266 Deum
1666 5212 1938 5281 nostrum,

271 5300 549 5371 quoniam
575 5299 791 5356 multas
830 5306 908 5356 est
949 5299 1021 5355 ad
1066 5298 1457 5369 ignoscendum
1487 5299 1613 5371 (Isa.
1647 5315 1735 5366 Lv,
1768 5299 1847 5371 7).
1878 5300 1939 5355 In

270 5385 584 5446 Ezechiele
619 5404 858 5461 quoque
887 5387 1169 5461 propheta
1198 5386 1458 5443 invenies
1482 5386 1701 5443 similia
1729 5388 1937 5455 verba;

273 5476 492 5535 scribit
517 5478 679 5536 enim
713 5496 727 5536 :
789 5479 916 5536 Vivo
962 5494 1075 5551 ego,
1106 5477 1239 5534 dicit
1277 5479 1554 5534 Dominus
1604 5480 1766 5545 Deus,
1814 5476 1942 5533 nolo

266 5552 516 5625 morem
562 5570 751 5644 impii,
782 5569 875 5626 sed
923 5571 987 5623 ut
1038 5571 1404 5636 convertatur,
1438 5574 1490 5622 et
1534 5566 1683 5622 vivat
1726 5565 1938 5637 (Ezech.

264 5674 483 5727 smn,
518 5659 610 5734 11)
637 5677 651 5732 ;
684 5663 744 5717 et
772 5657 952 5732 paulo
978 5663 1116 5732 post
1142 5658 1364 5732 profert
1394 5654 1765 5726 sententiam,
1789 5671 1938 5728 qua,

258 5747 420 5807 licet
437 5749 651 5824 justis,
685 5764 761 5808 ne
803 5750 877 5807 de
906 5764 969 5806 se
996 5748 1220 5821 aliquid
1252 5749 1632 5820 pmsumant,
1666 5760 1939 5818 pavorem

2044 4761 2348 4834 discipulis
2398 4760 2570 4817 suis:
2623 4760 2797 4814 Amen
2848 4772 3010 4812 amen
3060 4754 3181 4811 dico
3226 4753 3395 4818 vobis,
3429 4753 3560 4823 quia
3596 4752 3691 4821 qui

2047 4853 2271 4907 verbum
2296 4865 2479 4905 meum
2506 4847 2678 4916 audit,
2709 4855 2760 4902 et
2788 4844 2961 4900 credit
2997 4846 3050 4900 ei
3091 4844 3183 4915 qui
3210 4842 3363 4898 misit
3387 4857 3496 4908 me,
3529 4839 3692 4895 habet

2047 4942 2218 4997 vitam
2244 4947 2526 5005 mternam,
2560 4941 2611 4992 et
2639 4938 2699 4991 in
2726 4934 3003 5007 judicium
3031 4950 3142 4989 non
3170 4932 3342 4999 venit,
3374 4931 3465 4986 sed
3494 4929 3695 4985 transit

2048 5047 2083 5086 a
2109 5032 2281 5086 morte
2311 5030 2371 5084 in
2401 5026 2573 5082 vitam
2602 5027 2779 5099 (Joan.
2805 5042 2856 5092 v,
2879 5023 2991 5095 24).
3018 5022 3164 5087 Quia
3193 5037 3330 5094 ergo
3362 5019 3467 5075 tibi
3489 5019 3691 5074 datum

2048 5122 2138 5175 est
2166 5134 2339 5174 nosse
2382 5115 2627 5187 legendo
2674 5119 2727 5170 et
2776 5112 3113 5169 meditando
3145 5108 3484 5182 hujusmodi
3513 5107 3690 5162 docu-

2050 5211 2268 5274 menta,
2302 5223 2423 5275 cur,
2458 5221 2673 5277 quaeso,
2709 5221 2825 5260 non
2861 5201 3161 5258 sufﬁciunt
3191 5199 3297 5255 tibi
3333 5214 3435 5271 pro
3471 5196 3606 5251 ﬁdei
3637 5197 3696 5250 et

2049 5296 2176 5370 spei
2205 5295 2519 5353 salutiferae
2548 5292 2925 5351 constantia?
2968 5289 3247 5363 Nunquid
3299 5303 3403 5361 pro
3452 5298 3695 5341 munere

2050 5403 2244 5458 parvo,
2284 5383 2372 5440 vel
2404 5384 2531 5440 sine
2560 5398 2739 5439 causa
2768 5382 2961 5437 datam
2996 5378 3100 5434 tibi
3134 5378 3461 5433 litterarum
3504 5372 3693 5429 scien-

2048 5475 2192 5530 tiam
2224 5473 2572 5530 existimas?
2621 5472 2665 5528 O
2713 5469 2917 5543 quanti
2967 5467 3134 5540 pretii
3165 5466 3553 5539 pensarentur
3582 5462 3697 5517 ista
3798 5481 3801 5485 ·

2050 5564 2203 5637 apud
2236 5562 2473 5630 multos,
2507 5577 2631 5633 quae
2674 5565 2735 5616 tu
2781 5575 2884 5632 pro
2914 5556 3097 5613 nihilo
3129 5553 3412 5627 deputas!
3447 5551 3693 5607 Proinde

2046 5670 2203 5721 vero,
2235 5651 2377 5724 quia
2405 5668 2520 5711 non
2552 5650 2744 5706 solum
2776 5664 2957 5720 supra
2988 5648 3310 5701 memorata
3340 5641 3593 5700 scientiae
3622 5638 3691 5693 li-

2047 5741 2492 5817 beralisIgratia,
2516 5740 2618 5799 sed
2639 5738 2816 5797 etiam
2841 5754 2909 5795 ea
2928 5752 3055 5809 quae
3084 5752 3153 5793 ex
3178 5733 3413 5807 ingenio
3435 5725 3690 5788 naturali
