4108 6188
420 368 539 437 123

1432 369 1773 434 0THLONI
1815 368 2169 434 MONAGHI
2214 368 2279 432 S.
2323 366 2817 431 EMMERAMMI

3713 363 3830 427 224

420 508 670 582 ipsoque
691 523 802 564 usu
825 502 1156 563 communis
1180 504 1309 562 vita
1329 505 1489 562 velut
1514 504 1844 562 certissima
1865 506 1934 561 de
1950 509 2065 560 Deo
2096 505 2151 572 Α
2180 521 2235 571 ν,
2267 504 2321 571 8,
2351 503 2428 573 9).
2464 502 2571 569 Qui
2604 501 2795 557 adhuc
2846 496 3081 555 dubitas
3133 496 3204 554 de
3254 493 3536 553 ineffabili
3575 494 3677 553 Dei
3709 496 3830 554 cle-

426 598 591 671 prius
620 596 933 662 sentiebas,
966 612 1120 651 nunc
1152 595 1213 651 in
1244 596 1592 652 oblivionem
1626 602 1685 651 et
1725 596 1781 650 in
1815 611 2070 650 errorem

425 687 596 741 ducto
649 684 753 739 tibi
804 684 1048 739 minime
1096 690 1415 757 suppetunt
1455 702 1558 758 pro
1590 684 1893 741 retinenda
1923 684 2074 739 inter

425 773 766 829 tentationis
787 772 961 829 illata
984 773 1281 830 molestias
1302 773 1436 830 ﬁdei
1460 775 1701 847 speique
1720 773 2072 835 constantia.

426 862 569 919 libet
600 862 703 917 illa
734 879 1058 919 memorare
1094 864 1190 918 Dei
1221 863 1505 921 beneficia
1537 881 1662 935 qua
1708 868 1981 934 expertus
2012 879 2074 917 es

425 952 486 1007 in
511 952 762 1024 pueritia
787 970 799 1008 :
825 956 910 1016 ut,
939 953 1080 1007 dum
1100 952 1229 1023 hoc,
1256 954 1432 1025 quod,
1458 952 1629 1008 modo
1652 953 1783 1008 licet
1804 951 2074 1024 plurimis

429 1041 797 1096 documentis
847 1042 1170 1097 instructus
1202 1042 1425 1113 (utpote
1472 1042 1531 1096 in
1576 1045 1741 1097 atate
1774 1039 2074 1096 maturiori

430 1131 807 1201 constitutus)
839 1131 1095 1203 ignoras,
1127 1135 1183 1186 te
1213 1131 1351 1186 olim
1384 1131 1443 1185 in
1475 1136 1643 1186 atate
1673 1130 1880 1202 puerili
1932 1130 2077 1185 satis

429 1236 603 1274 nosse
634 1220 971 1291 probavero,
995 1219 1085 1275 vel
1120 1220 1204 1275 sic
1231 1220 1510 1275 confusus
1541 1219 1613 1273 ad
1646 1235 1744 1274 cor
1773 1219 1997 1284 redeas,
2022 1220 2079 1272 et

431 1308 534 1364 Dei
585 1307 997 1365 misericordia
1045 1309 1434 1379 potentiaque
1482 1323 1785 1379 nunquam
1820 1306 2077 1373 diffidas,

432 1396 694 1467 quolibet
719 1398 889 1453 modo
914 1397 1166 1453 afﬂictus
1190 1397 1459 1469 videaris,
1476 1396 1869 1468 qualicunque
1890 1398 2077 1450 tenta-

431 1484 589 1540 tione
611 1485 901 1541 diabolica
927 1486 1312 1557 impugneris.
1329 1485 1607 1541 Diabolus
1629 1484 1960 1556 enimjusto
1978 1483 2079 1539 Dei

422 1573 647 1643 judicio
672 1573 914 1646 fatigare
937 1578 989 1629 te
1022 1576 1093 1630 ad
1116 1579 1351 1647 tempus
1374 1574 1763 1647 permittitur;
1792 1574 1892 1629 sed
1916 1571 2079 1628 solli-

431 1661 630 1717 citudo
647 1666 749 1718 tua
765 1662 993 1719 nisibus
1010 1664 1367 1720 omnimodis
1386 1664 1495 1719 hoc
1510 1664 1681 1719 debet
1703 1663 2079 1735 perpendere,

433 1766 505 1807 ne
532 1740 963 1808 ille'delusione
994 1770 1101 1809 sua
1132 1756 1185 1809 te
1214 1752 1404 1809 valeat
1446 1753 1804 1809 subvertere.
1838 1774 1865 1802 »

1027 1859 1261 1914 CAPUT
1298 1859 1493 1915 ΧΧΙΙΙ.

433 1949 627 2021 Plures
683 1948 923 2021 caelestes
982 1948 1289 2021 doctrinae,
1345 1966 1375 2021 q

505 2018 576 2073 ad
631 2018 923 2074 vincendos
989 2018 1367 2077 tolerandasvé
1429 2020 1755 2076 tentationes
1821 2020 2085 2075 excitatus

506 2090 637 2161 fuit.

513 2217 541 2246 «
571 2196 710 2260 Quis
732 2196 915 2269 igitur
939 2196 1036 2253 ille
1057 2200 1180 2253 erat
1197 2214 1372 2269 quem
1394 2201 1457 2252 tu
1482 2198 1801 2268 quondam,
1821 2213 1953 2253 cum
1982 2212 2088 2251 nu-

438 2304 541 2361 per
561 2288 634 2343 ad
657 2286 919 2343 scholam
948 2304 1050 2360 pro
1076 2286 1288 2343 litteris
1315 2287 1607 2343 discendis
1628 2286 1881 2342 traditus
1902 2302 2085 2354 esses,

440 2380 497 2432 et
526 2392 698 2448 saepe,
731 2376 886 2432 inter
934 2376 1217 2433 coavulos
1267 2392 1332 2431 ac
1383 2376 1763 2432 scholasticos
1803 2374 2087 2440 residens,

440 2481 513 2519 ne
532 2464 873 2520 verberibus
894 2465 1037 2519 diris
1060 2464 1429 2536 castigareris
1452 2463 1776 2531 timuisses,
1794 2464 1963 2518 unice
1984 2479 2087 2534 pro

440 2552 703 2608 discendi
727 2551 1002 2608 facilitate
1028 2552 1331 2619 invocasti,
1356 2556 1413 2608 et
1432 2552 1724 2608 exaudivit
1752 2557 1809 2607 te
1826 2552 2086 2617 ?‘Quem,

440 2657 658 2714 quaso,
691 2644 831 2696 tunc
860 2641 1193 2697 credideras
1224 2645 1343 2697 tam
1376 2642 1540 2714 pium
1570 2646 1636 2696 ut
1681 2645 1737 2697 te
1780 2641 2088 2713 parvulum

442 2748 477 2785 a
518 2730 881 2802 virgularum
914 2731 1102 2803 plagis
1134 2731 1491 2800 defenderet,
1523 2735 1762 2804 tamque
1795 2733 2089 2811 potentem

388 2824 397 2827 ’
442 2822 508 2874 ut
536 2819 917 2891 capacitatem
951 2819 1129 2875 etiam
1170 2836 1381 2877 sensus
1429 2836 1535 2876 nec
1579 2836 1694 2875 non
1744 2819 2089 2892 ampliorem

443 2908 701 2965 scientia
734 2908 1071 2964 facultatem
1104 2910 1419 2965 concedere
1462 2909 1570 2965 tibi
1619 2910 1861 2981 posset?
1890 2909 2091 2963 Nonne

450 3002 629 3053 Deum
662 2997 874 3065 solum,
909 3002 1228 3054 creatorem
1278 3002 1336 3054 et
1387 2998 1748 3070 provisorem
1793 2996 2090 3052 universo-

447 3103 578 3142 rum
601 3086 629 3140 ?
675 3087 954 3159 Nunquid
1004 3104 1121 3144 non
1165 3088 1286 3144 tuis
1317 3092 1457 3143 tunc
1487 3087 1770 3144 satisfecit
1800 3086 2088 3159 precibus,

448 3174 719 3248 quamvis
738 3178 802 3230 tu
825 3176 1075 3231 necdum
1097 3177 1169 3231 ad
1192 3176 1568 3248 proferendas
1594 3176 1883 3232 orationes
1910 3176 2094 3231 since-

446 3280 542 3320 ras
594 3263 872 3319 existeres
920 3265 1189 3335 gnarus?
1242 3264 1427 3333 Certe,
1476 3266 1784 3335 temetipso
1841 3282 2090 3321 consen-
2122 3244 2165 3312 (ἶ

444 3348 643 3418 tiente,
679 3350 790 3407 nisi
822 3352 970 3407 forte
1000 3351 1311 3409 oblivionis
1342 3358 1443 3409 aut
1477 3353 1738 3410 maroris
1770 3370 1949 3409 causa
1978 3354 2093 3409 im-

446 3439 723 3513 pediaris,
754 3444 937 3496 testor
966 3441 1105 3512 quia
1148 3458 1264 3497 non
1314 3442 1505 3499 solum
1539 3446 2014 3515 pramonstratas
2063 3459 2097 3497 a

444 3530 699 3596 doctore,
733 3531 834 3586 sed
866 3532 1042 3586 etiam
1075 3532 1337 3587 nondum
1378 3537 1665 3588 reseratas
1709 3533 1987 3589 lectiones
2041 3534 2098 3586 et

445 3618 672 3675 cantica
721 3622 842 3673 tam
890 3620 1087 3691 capaci
1131 3620 1420 3691 celerique
1451 3621 1657 3676 effectu
1689 3621 1996 3688 didiceras,
2031 3624 2097 3675 ut

447 3722 565 3761 non
598 3722 840 3777 parvum
875 3706 1226 3764 miraculum
1259 3708 1480 3763 cateris
1511 3708 1690 3764 simul
1733 3710 2097 3765 discentibus

449 3794 773 3850 exhiberes.

521 3907 550 3934 «
582 3884 868 3950 Quoniam
900 3885 1099 3956 igitur,
1135 3886 1328 3941 adhuc
1359 3886 1638 3957 parvulus
1669 3891 1725 3943 et
1771 3886 1832 3942 in
1881 3886 2097 3943 scholis

451 3973 699 4045 positus,
728 3977 956 4029 tantam
1006 3974 1107 4031 Dei
1163 3974 1412 4047 gratiam
1465 3975 1903 4047 potentiamque
1946 3993 2097 4049 sape

451 4064 724 4131 expertus
754 4078 837 4129 es,
871 4078 976 4118 cur
1022 4063 1199 4118 etiam
1245 4065 1440 4136 modo,
1473 4082 1605 4121 cum
1660 4065 1857 4121 viriles
1912 4082 2097 4122 annos

451 4148 697 4205 retinere
727 4150 999 4218 videaris,
1028 4168 1161 4207 cum
1193 4168 1296 4224 per
1325 4154 1477 4209 dona
1507 4153 1764 4209 scientia
1795 4153 1965 4225 plura
1994 4171 2100 4212 nec

451 4254 566 4294 non
585 4239 1094 4312 perexperimenta
1110 4242 1298 4297 multa
1314 4242 1548 4314 pietatis
1560 4243 1764 4298 divina
1783 4244 1989 4303 notitia
2006 4260 2101 4316 po-

451 4326 638 4396 tiaris,
654 4328 969 4385 dissimilia
989 4330 1059 4386 de
1075 4329 1190 4386 Deo
1211 4331 1400 4387 credis
1419 4334 1442 4386 Ρ
1459 4332 1503 4387 0
1525 4331 1719 4403 qualis
1739 4332 1843 4401 vir,
1858 4333 1980 4404 qui,
1998 4333 2101 4389 ali-

450 4417 802 4489 quantulum
835 4419 1145 4491 proficiens
1175 4420 1235 4475 in
1266 4420 1497 4491 puerili,
1525 4422 1595 4477 ad
1630 4422 1883 4478 nihilum
1915 4423 2101 4478 tendit

449 4508 702 4581 fungens
724 4513 891 4565 atate
911 4509 1062 4565 virili
1080 4509 1093 4563 l
1118 4526 1253 4565 cum
1276 4510 1690 4583 congruentior
1709 4511 1951 4567 humani
1974 4529 2101 4584 pro-

2180 592 2419 659 mentis,
2436 596 2493 646 et
2514 593 2583 646 de
2606 591 2980 662 praecavenda
3001 587 3301 644 diabolica
3325 586 3551 642 fraudis
3573 587 3833 643 astutia?

2181 682 2374 739 Hostis
2407 699 2659 753 namque
2689 681 2836 736 tanti
2866 679 3114 734 insidias
3140 676 3473 732 nullatenus
3506 682 3670 749 potes
3699 693 3831 734 eva-

2182 773 2337 835 dere,
2362 772 2474 827 nisi
2498 770 2744 847 ﬁrmiter
2773 770 2975 825 credas
3007 768 3148 840 quia
3178 765 3324 822 nihil
3356 765 3721 838 impossibile
3743 771 3836 824 est

2182 862 2335 932 apud
2364 863 2565 929 Deum,
2590 864 2646 913 et
2675 858 2953 931 quoniam
2987 856 3171 913 salvat
3199 872 3403 911 omnes
3436 860 3740 927 sperantes
3772 856 3832 912 in

2184 965 2340 1005 eum.
2370 950 2510 1004 Huic
2540 966 2671 1003 vero
2706 948 2839 1003 fidei
2868 946 3006 1001 licet
3034 944 3414 1001 tenacissima
3435 944 3651 1001 diaboli
3684 945 3833 1001 invi-

2184 1039 2280 1094 dia
2310 1043 2365 1094 te
2395 1038 2677 1110 impediat
2702 1036 3002 1105 inharere,
3029 1051 3349 1107 suggerens
3378 1034 3648 1089 videlicet
3672 1034 3836 1090 cordi

2184 1133 2286 1185 tuo
2309 1129 2635 1183 obtinenda
2664 1126 3028 1182 remissionis
3054 1124 3141 1180 vel
3168 1123 3376 1179 salutis
3402 1123 3832 1193 difﬁcultatem,

2186 1234 2290 1274 nec
2313 1234 2429 1273 non
2444 1216 2653 1288 judicii
2677 1215 2853 1270 divini
2878 1214 3278 1271 austeritatem
3304 1232 3317 1281 ;
3349 1218 3414 1269 tu
3435 1218 3630 1269 tamen
3658 1230 3839 1285 supra

2190 1307 2346 1362 dicta
2366 1306 2678 1378 Scriptura
2700 1322 2877 1361 sacra
2907 1305 3259 1359 documenta
3281 1320 3346 1359 ac
3371 1302 3604 1376 pietatis
3630 1303 3838 1360 divina

2189 1396 2586 1467 experimenta
2617 1396 2725 1451 sub
2759 1394 2949 1450 tenaci
2981 1393 3266 1449 memoria
3291 1409 3527 1464 repone,
3549 1396 3607 1448 et
3637 1391 3840 1465 procul

2191 1484 2369 1541 dubio
2400 1484 2561 1540 omni
2592 1483 2881 1540 diabolica
2908 1483 3252 1539 liberaberis
3281 1481 3605 1538 delusione.
3628 1482 3842 1538 Diabo-

2190 1575 2284 1629 lus
2316 1573 2473 1629 enim
2506 1572 2667 1629 nullo
2700 1573 2872 1629 modo
2901 1571 3089 1644 magis
3114 1570 3493 1627 confunditur
3521 1574 3578 1626 et
3601 1571 3841 1626 convin-

2193 1663 2363 1729 citur,
2388 1678 2565 1734 quam
2587 1678 2720 1717 cum
2744 1661 2797 1717 ei
2824 1679 2858 1717 a
2882 1660 3155 1716 ﬁdelibus
3175 1660 3477 1732 Scriptura
3500 1675 3668 1716 sacra
3692 1658 3842 1731 obji-

2193 1750 2365 1807 citur.
2389 1751 2553 1815 Quod
2585 1750 2761 1807 etiam
2794 1767 2863 1806 ex
2881 1751 3021 1806 Jesu
3043 1748 3258 1805 Christi
3282 1749 3617 1806 testimonio
3648 1749 3838 1804 mani-

2112 1874 2162 1940 B
2193 1839 2509 1895 festissima
2530 1840 2829 1911 probatur.
2849 1839 3017 1906 Nam,
3037 1837 3306 1909 quamvis
3327 1837 3566 1894 sibimet
3586 1837 3843 1893 maxima

1380 1949 1543 2003 uibus
1598 1956 1788 2004 auctor
1842 1947 2083 2002 imbutus

2201 1927 2502 1985 verborum
2561 1926 2807 1983 scientia
2836 1928 3075 1997 inesset,
3107 1925 3379 1983 tentatori
3438 1930 3633 1983 tamen
3702 1943 3839 1983 cum

2193 2016 2374 2074 nullis
2405 2015 2553 2084 aliis,
2586 2016 2701 2072 nisi
2733 2032 2860 2088 qua
2904 2003 2975 2072 ex
3014 2032 3180 2072 sacra
3208 2015 3423 2087 pagina
3454 2015 3721 2088 protulit,
3752 2032 3842 2071 re-

2195 2107 2482 2178 spondere
2510 2105 2695 2161 voluit
2725 2105 2927 2162 dicens
2960 2123 2973 2161 :
3018 2104 3295 2177 Scriptum
3324 2112 3401 2161 est
3427 2123 3447 2161 :
3485 2107 3612 2160 Non
3641 2107 3704 2160 in
3730 2105 3845 2160 solo

2190 2213 2336 2268 pane
2365 2196 2502 2251 vivit
2530 2196 2707 2263 homo,
2738 2194 2830 2251 sed
2859 2196 2921 2251 in
2950 2195 3102 2250 omni
3128 2196 3312 2262 verbo,
3343 2194 3481 2266 quod
3509 2193 3753 2265 procedit
3782 2194 3846 2250 de

2196 2301 2290 2342 ore
2336 2286 2437 2340 Dei
2478 2285 2685 2356 (Matth.
2719 2302 2794 2353 1v,
2829 2286 2921 2352 4);
2973 2288 3030 2340 et
3081 2284 3294 2339 iterum
3327 2300 3340 2337 :
3395 2284 3675 2355 Scriptum
3710 2288 3797 2351 est
3829 2300 3849 2339 :

2195 2375 2313 2430 Non
2344 2373 2579 2430 tentabis
2608 2374 2906 2428 Dominum
2936 2374 3105 2428 Deum
3130 2375 3288 2427 tuum
3336 2372 3522 2443 (Ibid.,
3553 2373 3630 2440 7).

2271 2485 2299 2513 «
2336 2463 2491 2519 Inter
2520 2463 2645 2519 hac
2674 2478 2806 2519 vero
2838 2460 2986 2519 scire
3034 2466 3092 2517 te
3132 2461 3401 2517 convenit
3429 2461 3709 2533 quoniam
3742 2477 3847 2533 pro

2200 2552 2395 2608 causis
2422 2551 2602 2607 variis
2635 2550 2987 2608 tentationes
3020 2550 3235 2606 diaboli
3268 2551 3518 2623 perferre
3563 2550 3849 2622 proderit.

2199 2641 2413 2705 Primo,
2450 2644 2515 2696 ut
2560 2640 2719 2696 illius
2760 2639 3187 2695 inastimabilis
3218 2639 3441 2697 malitia
3490 2644 3547 2695 et
3590 2640 3855 2696 versutia

2199 2731 2541 2802 detegatur;
2575 2730 2805 2800 deinde,
2840 2734 2905 2785 ut
2935 2729 3401 2801 uniuscujusque
3432 2728 3690 2784 hominis
3720 2732 3848 2784 ten-

2198 2822 2305 2875 tati
2330 2818 2613 2891 fragilitas
2633 2818 2719 2874 vel
2742 2819 3072 2875 constantia
3094 2823 3478 2891 agnoscatur;
3509 2835 3572 2874 ac
3596 2835 3695 2890 per
3717 2819 3849 2889 hoc,

2202 2907 2425 2980 fragilis
2457 2908 2693 2980 quidem
2743 2912 2799 2964 et
2846 2908 3071 2980 lapsus,
3103 2924 3236 2964 cum
3287 2924 3602 2964 conversus
3645 2907 3848 2975 fuerit,

2200 2996 2332 3052 aliis
2375 2998 2434 3052 in
2465 2998 2785 3053 tentatione
2815 2997 2899 3053 vel
2936 2997 3247 3069 fragilitate
3279 3013 3625 3069 quacunque
3655 2997 3851 3052 adhuc

2201 3086 2410 3158 positis
2440 3085 2746 3142 condolere
2775 3087 3149 3159 compatique
3177 3086 3343 3153 sciat,
3377 3086 3531 3143 sicut
3576 3086 3645 3141 de
3675 3086 3851 3143 beato

2200 3179 2371 3229 Petro
2402 3174 2615 3247 legitur
2645 3176 2784 3246 quia
2821 3175 3039 3232 idcirco
3094 3175 3153 3230 in
3199 3180 3504 3248 peccatum
3536 3173 3855 3247 fragilitate

2205 3262 2437 3335 propria
2484 3269 2730 3336 urgente
2776 3264 3101 3335 cecidisset,
3160 3269 3226 3319 ut
3284 3264 3413 3320 aliis
3472 3264 3855 3337 peccantibus

2205 3352 2469 3409 misereri
2514 3353 2832 3410 didicisset.
2880 3357 3165 3410 Constans
3214 3357 3408 3409 autem
3458 3358 3516 3409 et
3563 3353 3858 3426 perfectus

2204 3441 2333 3497 ideo
2355 3442 2415 3497 in
2437 3443 2761 3498 tentatione
2783 3443 3081 3514 probatur,
3103 3448 3169 3498 ut
3189 3442 3409 3499 cateris
3431 3442 3625 3497 adhuc
3657 3441 3867 3498 stanti-

2205 3532 2316 3588 bus
2349 3531 2406 3585 in
2446 3531 2800 3604 exemplum,
2834 3535 2891 3588 et
2920 3532 3265 3588 cadentibus
3313 3531 3373 3587 in
3422 3531 3857 3588 venerationem

2206 3622 2752 3693 reparationemque
2774 3626 3133 3687 assumatur,
3160 3623 3311 3677 sicut
3332 3626 3389 3677 et
3413 3621 3564 3677 beati
3587 3621 3699 3677 Job
3726 3637 3865 3693 per-

2206 3710 2378 3767 fectio
2411 3715 2584 3781 atque
2628 3711 2958 3767 constantia
3004 3711 3229 3768 cunctis
3279 3712 3375 3767 est
3417 3711 3701 3765 imitanda
3755 3726 3867 3766 nec

2207 3816 2322 3855 non
2349 3801 2696 3857 veneranda.
2724 3800 2827 3856 Ille
2853 3802 3010 3857 enim
3032 3801 3113 3857 ita
3138 3818 3239 3873 pro
3261 3800 3504 3857 Domino
3529 3806 3584 3854 et
3608 3800 3870 3871 propria

2209 3888 2402 3944 carnis
2434 3889 2630 3945 ulcera
2659 3890 3028 3963 gravissima,
3052 3896 3109 3946 et
3142 3889 3397 3945 ﬁliorum
3429 3888 3676 3945 invisam
3700 3904 3869 3944 mor-

2208 3981 2349 4045 tem,
2366 3978 2767 4051 universaque
2786 3979 3129 4036 substantia
3149 3979 3533 4057 perditionem
3552 3978 3867 4045 sustinuit,

2209 4067 2408 4123 uxoris
2441 4085 2670 4139 quoque
2703 4068 2979 4139 convicia,
3007 4084 3112 4124 nec
3142 4085 3256 4124 non
3289 4060 3615 4123 amicorum
3649 4083 3871 4138 oppro-

2210 4157 2337 4211 bria
2358 4157 2829 4230 invectionesque
2848 4158 3133 4230 plurimas
3150 4157 3520 4229 contempsit,
3535 4162 3602 4212 ut
3622 4157 3680 4212 in
3700 4154 3870 4212 nullo

2208 4245 2395 4301 Deum
2427 4247 2760 4313 offenderet,
2794 4246 2947 4302 sicut
2972 4248 3043 4303 de
3072 4264 3138 4303 eo
3169 4247 3473 4319 Scriptura
3504 4261 3868 4302 commemo-

2210 4339 2319 4401 rat,
2352 4335 2552 4390 dicens
2588 4354 2601 4391 :
2654 4339 2716 4393 In
2745 4338 2997 4392 omnibus
3040 4336 3125 4392 his
3167 4353 3279 4392 non
3302 4338 3545 4408 peccavit
3572 4336 3668 4392 Job
3699 4335 3873 4390 labiis

2207 4426 2341 4491 suis,
2372 4442 2547 4496 neque
2574 4424 2810 4481 stultum
2842 4425 3056 4497 aliquid
3092 4430 3281 4481 contra
3310 4427 3481 4481 Deum
3528 4425 3741 4480 locutus
3790 4432 3879 4480 est

2209 4513 2350 4581 (Job.
2383 4531 2424 4581 ι,
2454 4513 2566 4585 22).
2599 4514 2801 4570 Nonne
2831 4529 2969 4586 ergo
3016 4514 3176 4570 utilis
3229 4514 3457 4570 exstitit
3504 4514 3652 4569 tanti
3707 4513 3873 4569 beati

449 4598 635 4654 fectus
653 4600 785 4654 ordo
802 4598 962 4655 sitde
974 4599 1184 4671 puerili
1203 4599 1502 4655 invirilem
1517 4599 1781 4655 animum
1798 4601 2097 4672 proficere,
2132 4619 2178 4684 D
2208 4603 2318 4658 Joh
2351 4603 2617 4669 tentatio,
2647 4603 2705 4658 in
2739 4620 2856 4675 qua
2884 4608 2940 4659 et
2970 4604 3159 4675 ipsius
3190 4605 3521 4660 constantia
3550 4608 3609 4658 et
3629 4602 3877 4660 diversa.

451 4688 521 4743 de
543 4688 741 4760 parvis
762 4689 835 4744 ad
860 4689 1082 4761 majora
1098 4688 1520 4756 conscendere;
1546 4688 1700 4753 sicut
1721 4688 2099 4760 etApostolus

449 4776 592 4831 dicit
624 4795 637 4833 :
693 4777 828 4833 Cum
875 4793 1041 4833 essem
1066 4778 1359 4851 parvulus,
1389 4780 1696 4850 cogitabam
1724 4781 1786 4833 ut
1811 4777 2095 4850 parvulus,

446 4866 727 4935 sapiebam
755 4870 814 4920 ut
842 4868 1107 4936 parvulus
1126 4885 1147 4929 ;
1180 4868 1396 4938 quando
1418 4875 1603 4923 autem
1627 4869 1809 4939 [actus
1836 4884 1959 4923 sum
1988 4870 2093 4932 vir,

448 4955 709 5009 evacuavi
739 4968 865 5025 quae
891 4954 1052 5009 erant
1080 4957 1300 5025 parvuli
1331 4956 1378 5027 (1
1407 4957 1527 5012 Cor.
1550 4974 1674 5025 xm,
1712 4958 1830 5029 11).ρ
1853 4958 2096 5013 Attende

448 5056 586 5114 ergo
613 5047 834 5114 quanta
854 5042 1089 5115 pietatis
1110 5042 1318 5099 divina
1340 5045 1733 5117 experimenta
1752 5050 2043 5113 teneas,et
2064 5063 2098 5103 a

446 5132 583 5188 fidei
606 5131 848 5205 speique
870 5132 1201 5187 constantia
1220 5132 1465 5189 deficere
1486 5133 1603 5189 noli
1627 5153 1639 5203 ;
1665 5136 1765 5191 sed
1793 5137 2096 5192 recordare

437 5222 663 5295 jugiter
687 5222 827 5293 quia
858 5221 1141 5294 scriptum
1168 5223 1258 5278 est
1287 5240 1298 5278 :
1329 5224 1515 5278 Justus
1538 5238 1607 5278 ex
1630 5225 1738 5293 ﬁde
1764 5227 1899 5281 vivit
1918 5227 2091 5297 (Rom.

447 5312 649 5382 1,17);
699 5316 803 5367 et:
856 5312 1048 5368 omnia
1093 5312 1385 5384 possibilia
1432 5316 1561 5369 sunt
1608 5314 1849 5370 credenti
1896 5316 2090 5387 (Marc.

447 5417 523 5471 1x,
556 5402 646 5471 22)
672 5418 684 5468 ;
719 5403 818 5457 sed
852 5407 908 5458 et
938 5401 1107 5472 illud,
1136 5402 1291 5473 quod
1325 5402 1533 5458 beatus
1556 5402 1759 5458 Petrus
1789 5406 2092 5476 apostolus

448 5489 743 5558 admonet,
778 5490 977 5547 dicens
1010 5508 1022 5545 :
1072 5492 1258 5549 Sobrii
1285 5494 1450 5548 estote
1477 5496 1529 5548 et
1556 5494 1797 5564 vigilate,
1829 5495 1958 5567 quia
1987 5495 2091 5551 ad-

445 5579 723 5633 versarius
753 5586 924 5634 vester
941 5578 1202 5636 diabolus
1234 5584 1500 5653 tanquam
1520 5581 1599 5637 leo
1622 5583 1855 5655 rugiens
1873 5585 2089 5653 circuit,

445 5683 691 5747 quarens
719 5684 881 5745 quem
921 5669 1153 5742 devoret,
1186 5674 1421 5730 resistite
1447 5675 1620 5748 fortes
1647 5672 1709 5729 in
1733 5672 1838 5745 ﬁde
1865 5675 1911 5747 (ι
1941 5680 2086 5733 Petr.

2208 4692 2432 4747 Satana
2458 4697 2711 4748 reserata
2728 4696 2817 4748 est
2834 4693 3061 4748 malitia
3076 4693 3104 4748 ‘?
3126 4693 3341 4749 Eadem
3364 4692 3637 4750 utilitatis
3658 4708 3870 4761 causa,

2208 4780 2411 4835 eadem
2443 4780 2676 4851 pietatis
2697 4798 2838 4837 cura
2858 4798 3092 4853 semper
3120 4781 3231 4837 fuit
3259 4786 3318 4838 et
3348 4797 3580 4854 semper
3607 4780 3718 4836 erit
3740 4780 3873 4837 Deo

2208 4886 2386 4941 super
2416 4886 2619 4926 omnes
2652 4888 2798 4944 quos
2828 4871 3040 4928 tentari
3071 4872 3379 4943 permittit,
3415 4870 3684 4943 quamvis
3731 4886 3871 4938 vos,

2207 4958 2497 5024 homines,
2528 4960 2814 5016 efficiente
2866 4960 3082 5017 diaboli
3133 4960 3372 5028 invidia,
3406 4958 3752 5016 infidelitate
3807 4964 3879 5016 et

2208 5048 2609 5120 desperatione
2640 5050 2912 5105 ohcacati
2944 5049 3177 5107 inutilia
3208 5056 3264 5106 et
3301 5051 3484 5123 impia
3515 5051 3585 5106 de
3612 5049 3734 5105 Deo
3766 5065 3874 5105 ar-

2206 5137 2521 5194 bitremini.
2575 5138 2857 5212 Relinque
2912 5139 3094 5212 igitur
3144 5139 3370 5195 varium
3426 5137 3720 5212 opinionis
3770 5154 3877 5194 er-

2204 5245 2416 5298 rorem,
2450 5231 2507 5283 et
2553 5228 2625 5283 ad
2674 5233 3008 5301 susceptam
3042 5229 3377 5285 monasticae
3409 5226 3711 5300 religionis
3744 5226 3881 5284 fide

2205 5317 2582 5390 moribusque
2603 5319 2879 5391 congruis
2907 5323 3089 5376 temet
3121 5336 3382 5393 praepara
3405 5318 3879 5392 professionem.

2275 5432 2302 5459 ‹‹
2334 5408 2654 5465 Arbitraris
2674 5426 2927 5481 namque
2945 5410 3240 5466 interdum
3258 5409 3527 5467 eamdem
3548 5406 3883 5481 professio-

2202 5513 2335 5553 nem
2368 5502 2424 5553 te
2446 5498 2660 5555 frustra
2688 5499 2944 5572 assequi,
2971 5516 3075 5573 pro
3102 5516 3168 5556 eo
3194 5498 3417 5555 scilicet
3446 5498 3585 5571 quia
3613 5496 3771 5552 hanc
3800 5499 3881 5555 et

2200 5587 2327 5643 sine
2342 5589 2581 5644 consilio
2595 5589 2856 5645 omnium
2871 5591 3138 5647 afﬁnium
3153 5593 3583 5661 parentumque
3596 5592 3879 5658 tuorum,

2200 5681 2259 5734 et
2288 5678 2508 5754 absque
2538 5679 2998 5741 consideratione
3027 5680 3252 5755 fragilis
3281 5697 3348 5740 ao
3391 5678 3629 5741 lubrica
3658 5676 3881 5739 atatis
