4108 6188
157 2097 168 2108 ι
273 2063 871 2133 consitium,etsuscipe
899 2061 1460 2134 disciplinam(Prov.
1511 2080 1624 2129 χιχ,
1655 2065 1919 2132 20).Cum

259 331 377 392 225
1372 329 1606 389 LIBER
1648 327 1750 390 DE
1795 328 2052 391 CURSU
2098 328 2565 392 SPIRITUALI.
3553 340 3676 403 226

259 464 711 532 immaturasque
728 460 798 515 ad
823 462 1052 514 tantum
1075 459 1339 516 studium
1355 477 1668 533 aggressus
1701 460 1909 529 fueris;
1941 463 1996 529 Α
2026 459 2274 534 longiori
2298 461 2578 534 patientia
2608 463 2890 521 hactenus
2939 483 2972 522 a
3027 482 3118 523 me
3176 484 3238 524 es
3270 474 3670 543 supportatus,

260 553 361 609 sed
396 567 572 623 quam
606 548 773 605 tacile
796 548 1218 605 dubitationem
1249 548 1424 605 talem
1455 551 1696 606 evadere
1717 550 1910 606 valeas
2024 555 2184 605 tanto
2205 550 2592 608 difﬁciliorem
2616 555 3011 612 conversionis
3024 557 3177 613 viam
3194 559 3673 617 sustineredebes

259 645 486 713 oportet
518 644 583 694 ut
611 638 900 694 attendas.
930 640 996 693 Et
1026 639 1214 710 primo
1247 640 1481 711 quidem
1515 640 1586 695 de
1642 639 1908 706 consilio,
2021 639 2150 694 Scio
2173 656 2429 712 namque
2451 642 2830 713 injuventute
2861 644 3268 703 difﬁcillimam
3282 665 3410 705 esse
3426 649 3672 722 cujuslio

259 731 427 787 debic
456 731 530 784 de
560 728 783 784 caeteris
823 727 1020 799 aliqua
1052 746 1316 800 promere
1365 730 1555 801 cupio.
1590 729 1910 785 Consilium
2022 729 2120 783 bet
2171 730 2631 786 conversionem.
2688 732 2798 787 Sed
2856 737 2913 787 et
2935 737 2990 788 te
3021 739 3289 792 convenit
3317 738 3466 794 scire
3497 755 3673 811 quam

260 833 518 889 namque
550 816 608 871 in
633 817 785 871 bono
811 821 866 871 et
898 815 957 870 in
991 817 1144 872 malo
1178 823 1366 888 potest
1397 818 1518 873 ﬁeri
1545 836 1558 882 ;
1587 819 1686 873 sed
1721 818 1820 872 ubi
1849 819 1914 874 ﬁt
2021 816 2276 888 difficile,
2311 835 2487 890 quam
2511 821 2866 876 laboriosum
2903 821 3047 876 mihi
3079 825 3511 894 quodammodo
3551 832 3676 884 erat.

258 906 315 962 in
340 907 520 976 bono,
553 905 662 960 hoc
690 911 780 959 est
808 909 1046 976 propter
1064 904 1374 961 utilitatem
1407 908 1616 962 animae
1649 925 1752 962 seu
1785 923 1913 962 cor-
2022 921 2127 977 per
2175 905 2408 962 illorum
2461 908 2740 964 scandala
2769 910 2868 980 qui
2923 926 3025 982 per
3070 917 3124 966 te
3165 913 3461 985 depravati
3494 922 3672 974 sunt:

259 995 610 1070 poris,omni
659 993 832 1048 modo
889 997 980 1048 est
1017 992 1483 1064 amplectendum
1510 1013 1523 1062 ;
1558 995 1657 1050 ubi
1687 1012 1820 1051 vero
1851 997 1912 1050 in
2023 995 2177 1064 quod
2194 995 2557 1067 tu,plurimis
2579 997 2637 1052 in
2664 1001 2908 1069 utroque
2929 999 3480 1060 hominelaureatus
3502 1006 3673 1063 bene-

261 1084 436 1151 malo,
468 1083 580 1139 hoc
610 1086 699 1138 est
719 1086 956 1154 prOpter
983 1081 1238 1138 carnalia
1263 1083 1630 1140 solummodo
1651 1089 1782 1140 vota
1810 1085 1916 1139 im-
2023 1082 2191 1155 ﬁciis,
2216 1101 2359 1156 pene
2388 1102 2560 1141 omne
2586 1091 2821 1158 tempus
2851 1089 3210 1160 praeteritum
3251 1095 3673 1167 consumpsisti

262 1170 1399 1247 pleudavelcommodahujusvitanoxia
1419 1174 1914 1246 acquirenda,non
2023 1172 2084 1227 in
2135 1173 2390 1246 ﬂagitiis.
2429 1175 2632 1231 Finitis
2691 1175 2870 1248 igitur
2923 1177 3316 1237 solutionibus
3361 1199 3530 1254 quas,
3568 1199 3673 1256 pro

267 1263 455 1320 solum
489 1261 859 1334 fugiendum,
879 1261 980 1316 sed
1000 1260 1177 1317 etiam
1200 1262 1612 1318 detestandum
1635 1263 1915 1319 est.Unde
2023 1261 2198 1317 rebus
2229 1263 2582 1334 quibusdam
2615 1265 2673 1319 in
2701 1265 2916 1336 quibus
2971 1268 3294 1326 dubitando
3344 1270 3676 1343 laborabas,

263 1350 576 1408 Psalmista
591 1349 900 1421 utriusque
917 1348 1914 1425 qualitateminsiuuans,postquam
2031 1349 2273 1422 protuli,
2295 1352 2560 1424 nunquid
2594 1353 2844 1424 adhuc,o
2858 1360 3084 1411 amator
3095 1357 3479 1415 dubitationis
3500 1361 3681 1418 totius

268 1441 414 1497 dixit
437 1441 736 1496 :Dominus
749 1438 1528 1512 dissipatconsiliagentium,
1545 1442 1805 1513 reprobat
1818 1459 1916 1497 au-
2026 1439 2248 1511 aliquid
2279 1445 2503 1496 certum
2561 1447 2618 1496 et
2647 1442 2955 1498 definitum
2995 1446 3334 1516 probatione
3365 1448 3487 1505 ulla
3517 1467 3679 1508 acce-

270 1534 379 1585 tem
408 1528 768 1599 cogitationes
786 1527 1138 1598 populorum,
1171 1531 1225 1582 et
1240 1529 1495 1598 reprobat
1509 1530 1745 1584 consilia
1760 1530 1915 1600 prin-
2025 1528 2160 1599 pisti
2185 1531 2213 1582 ‘t
2246 1534 2330 1584 An
2380 1531 2616 1602 ignoras
2648 1531 2925 1602 quoniam
2959 1533 3306 1599 documenta
3337 1541 3500 1593 tanta
3530 1556 3679 1612 qua-

269 1620 469 1690 cipum,
485 1617 690 1671 statim
707 1617 982 1686 subjunxi
995 1616 1241 1682 t,dicens
1266 1635 1276 1671 :
1298 1619 1600 1673 Comitium
1623 1624 1807 1674 autem
1821 1621 1917 1675 Do-
2027 1633 2251 1687 cunque
2268 1620 2491 1674 ratione
2505 1619 2590 1675 vel
2607 1620 2983 1678 meditatione
3001 1628 3678 1700 concepta,nequaquam

269 1709 405 1762 mini
435 1711 631 1760 manet
660 1707 718 1759 in
752 1713 1019 1760 aeternum
1043 1706 1214 1777 (Psal.
1237 1723 1410 1772 χχχιι,
1445 1708 1648 1778 10,11).
1684 1713 1826 1762 Item
1848 1709 1916 1763 de
2027 1706 2274 1778 adeptus
2292 1723 2353 1762 es
2377 1708 2632 1764 frustra?
2652 1708 2899 1781 ideoque
2929 1710 2987 1766 in
3009 1714 3344 1770 corumdem
3361 1715 3680 1773 documen-

268 1797 488 1853 bonoiu
505 1794 806 1851 Parabolis
825 1794 1154 1850 Salomonis
1173 1795 1459 1866 sapientia
1483 1796 1798 1868 faturzEgo
1821 1797 1915 1852 ha-
1946 1835 1992 1900 B
2024 1807 2218 1858 torum
2251 1796 2578 1868 cognitione
2607 1798 2878 1854 stabilem
2911 1800 3126 1856 mentis
3169 1803 3352 1859 retine
3407 1804 3682 1863 intentio-

271 1887 443 1942 bitoin
464 1885 902 1955 consilio(Prov.
925 1884 1426 1953 vm,12).Rursum
1449 1885 1506 1940 in
1539 1886 1742 1940 eodem
1759 1887 1918 1943 Salo-
1947 1884 1992 1900 "
2027 1901 2182 1940 nem.
2213 1890 2269 1940 et
2299 1902 2402 1956 per
2430 1885 2550 1941 haec
2580 1903 2844 1959 praepara
2872 1888 3137 1944 animum
3170 1895 3338 1947 tuum
3371 1894 3442 1948 ad
3493 1899 3694 1963 lentam

273 1976 458 2032 monis
489 1973 646 2029 libro
676 1974 748 2028 de
771 1972 996 2028 consilii
1025 1973 1163 2028 boui
1195 1972 1474 2045 qualitate
1495 1974 1744 2030 dicitur:
1779 1975 1921 2031 Audi
2028 1973 2270 2045 tionem,
2319 1974 2466 2029 Nam
2525 1980 2742 2046 quanto
2793 1977 2998 2048 majori
3034 1978 3438 2050 inspirationis
3473 1983 3685 2042 divinae

2029 2063 2214 2135 gratia
2263 2065 2389 2133 jam
2449 2064 2829 2136 praemonitus
2860 2065 3306 2140 instructusque
3336 2069 3472 2138 eris,
3517 2076 3683 2129 tanto

2029 2151 2368 2208 validiorem
2395 2153 2734 2210 tentationis
2767 2153 3096 2211 molestiam
3151 2158 3408 2229 patieris.
3464 2161 3681 2218 Iterum

2032 2246 2205 2312 atque
2263 2241 2474 2296 iterum
2527 2243 2732 2298 eadem
2790 2248 3059 2315 repetens
3091 2247 3400 2313 admoneo,
3435 2265 3506 2304 ne
3538 2252 3684 2306 forte

2031 2329 2184 2385 inter
2211 2346 2311 2386 eos
2338 2330 2636 2402 deputeris
2672 2331 2790 2403 qui,
2821 2335 2888 2386 ut
2917 2333 3203 2405 scriptum
3235 2339 3343 2402 est,
3373 2337 3444 2393 ad
3474 2342 3685 2411 tempus

2029 2418 2280 2485 credunt,
2313 2421 2362 2474 et
2393 2421 2453 2474 in
2483 2423 2721 2491 tempore
2750 2422 3069 2476 tentationis
3099 2425 3356 2480 recedunt
3386 2426 3538 2496 (Luc,
3561 2444 3683 2494 vm,

2035 2509 2144 2579 15).
2208 2507 2404 2563 Mirari
2460 2509 2657 2580 itaque
2689 2508 2806 2563 noli
2846 2510 2894 2564 si
2929 2509 3069 2580 quid
3101 2528 3386 2583 passurus
3418 2515 3499 2570 sis
3529 2515 3683 2588 novi,

2033 2601 2436 2652 verumtamen
2455 2597 2696 2669 praescia
2722 2601 2942 2668 quanta
2963 2599 3306 2656 inﬁrmitate
3317 2606 3373 2657 et
3393 2603 3686 2676 ambigui-

2035 2689 2153 2740 tate
2209 2686 2358 2740 inter
2415 2703 2592 2742 novas
2621 2686 2962 2743 temtationis
2992 2687 3291 2745 molestias
3323 2691 3685 2760 dissolvaris,

277 2155 427 2209 enim
457 2151 870 2226 prtemittitur:
904 2150 1039 2206 audi
1066 2151 1376 2218 consilium,
1411 2168 1477 2207 ac
1507 2169 1642 2207 mox
1672 2153 1920 2224 subjun-

274 2243 481 2316 gitur:
545 2242 762 2312 suscipe
812 2241 1188 2312 disciplinam,
1249 2245 1407 2312 patet
1474 2242 1730 2313 profecto
1785 2242 1924 2315 quia

272 2331 378 2388 hoc
405 2334 497 2386 est
530 2345 732 2386 verum
761 2334 1104 2401 rectumque
1133 2330 1444 2385 consilium
1474 2331 1922 2402 susciperedisci-

271 2421 504 2493 plinam.
534 2418 643 2475 Sed
673 2423 740 2474 ut
766 2418 990 2491 vulgari
1020 2419 1195 2474 etiam
1229 2435 1389 2475 more
1416 2419 1488 2475 de
1519 2421 1747 2476 consilii
1780 2437 1924 2492 qua-

278 2510 442 2566 litate
471 2509 864 2582 disputemus,
906 2508 1173 2580 nunquid
1217 2513 1282 2564 tu
1328 2524 1560 2580 semper
1601 2509 1924 2565 amicorum

276 2599 360 2656 vel
382 2604 693 2671 parentum
720 2595 966 2653 consilia
983 2597 1565 2668 quaesivisti,quaudo
1595 2597 1794 2670 aliqua
1823 2599 1924 2655 fla-

277 2688 423 2763 gitia
477 2691 808 2760 perpetrare
860 2684 1144 2742 voluisti?
1193 2685 1503 2742 Veritusne
1529 2702 1664 2759 ergo
1696 2702 1757 2742 es
1786 2691 1927 2743 tunc

276 2779 407 2835 ideo
469 2783 651 2832 Deum
684 2775 996 2842 offendere,
1031 2773 1169 2846 quia
1197 2775 1340 2830 talia
1361 2776 1490 2830 sine
1510 2775 1753 2832 consilio
1786 2776 1930 2832 sole-
2036 2774 2353 2829 arbitratus
2384 2774 2603 2831 scilicet
2633 2792 2726 2830 me
2754 2774 2973 2848 ipsum,
2995 2777 3178 2832 Deum
3201 2779 3683 2853 omnipotentem,

278 2869 383 2925 bas
416 2867 600 2923 facere
621 2865 813 2921 ?Ecce
839 2865 970 2920 vide
999 2880 1177 2936 quam
1209 2865 1574 2936 superﬂuum
1608 2867 1685 2920 sit
1742 2871 1798 2921 te
1827 2883 1928 2922 ex-
2037 2861 2276 2918 omnino
2307 2879 2421 2919 non
2453 2879 2603 2929 esse,
2635 2867 2693 2918 et
2722 2863 2843 2918 haec
2873 2864 3093 2934 omnia,
3126 2881 3253 2936 quae
3283 2867 3353 2922 de
3378 2884 3471 2923 me
3489 2885 3685 2939 perce-

278 2958 384 3014 hoc
438 2954 712 3012 arbitrari
762 2953 947 3009 Deum
1006 2953 1320 3009 otl‘endisse
1351 2954 1506 3024 quod
1528 2953 1655 3010 sine
1685 2953 1928 3010 consilio
2038 2952 2196 3023 pisti,
2227 2952 2379 3023 apud
2411 2954 2465 3006 te
2499 2951 2668 3023 quasi
2701 2952 2931 3008 somnia
2985 2953 3191 3008 videri.
3252 2955 3478 3012 Recede
3525 2973 3685 3029 ergo,

281 3045 605 3102 amicorum
637 3041 950 3098 utilitatem
982 3045 1265 3098 tractares
1296 3041 1528 3111 animae,
1563 3042 1930 3115 quandoqui-
2039 3041 2263 3107 recede,
2297 3039 2494 3106 miser,
2521 3041 2592 3096 ab
2626 3040 2734 3096 hac
2764 3041 3080 3112 dementia,
3104 3043 3261 3116 quia,
3295 3044 3447 3101 sicut
3489 3045 3688 3118 saepis-

279 3137 411 3192 dem
472 3151 577 3206 pro
622 3131 906 3204 explenda
951 3131 1144 3187 carnis
1176 3131 1508 3202 nugacitate
1539 3131 1768 3187 nullum
1799 3149 1932 3188 con-
1973 3203 1991 3206 _
2041 3129 2188 3185 sime
2219 3129 2322 3184 tibi
2355 3129 2710 3201 patefactum
2740 3135 2848 3201 est,
2879 3131 3184 3187 delusione
3229 3132 3691 3190 circumvallaris

277 3203 491 3280 silium-
512 3203 818 3294 requirens
849 3219 1046 3275 minus
1073 3220 1361 3275 offendere
1391 3220 1632 3290 putasti.
1959 3203 2003 3272 (ἶ
2040 3217 2346 3274 diabolica.
2379 3218 2649 3285 Attende,
2682 3235 2714 3272 o
2740 3219 2984 3289 captive,
3017 3237 3087 3276 ne
3116 3225 3178 3276 tu
3210 3221 3292 3277 sis
3331 3223 3451 3286 ille,
3484 3224 3555 3279 de
3575 3238 3691 3294 quo

350 3336 382 3364 ‹‹
418 3313 581 3378 Quod
614 3315 814 3367 autem
831 3314 1139 3382 propterea
1169 3309 1365 3364 animo
1387 3308 1601 3380 saepius
1628 3307 1935 3364 nutantiin
2045 3306 2186 3362 dicit
2216 3305 2531 3361 Psalmista
2555 3323 2567 3360 :
2593 3307 2746 3360 Dixit
2758 3308 3025 3376 insipiens
3038 3310 3098 3362 in
3127 3308 3288 3364 corde
3305 3325 3405 3364 suo
3431 3327 3444 3364 :
3479 3311 3595 3365 Non
3618 3317 3698 3366 est

283 3403 474 3469 cedis,
505 3401 666 3472 quia,
704 3401 925 3454 fervore
964 3396 1211 3469 juvenili
1264 3397 1698 3470 immaturaque
1746 3399 1937 3454 adhuc
2046 3398 2184 3452 Deus
2215 3395 2386 3465 (Psal.
2419 3412 2496 3457 x1,
2531 3397 2602 3461 1).
2638 3394 2913 3448 Diabolus
2943 3396 3179 3467 quippe,
3203 3397 3348 3452 satis
3369 3413 3696 3469 agnoscens

274 3496 456 3548 astate
487 3488 856 3560 positus,tam
888 3486 1187 3542 difficilem
1214 3486 1547 3542 mouasticm
1562 3488 1691 3541 vitae
1712 3485 1940 3558 religio-
2051 3484 2350 3540 universos
2397 3483 2798 3554 confugientes
2845 3483 2918 3537 ad
2951 3499 3044 3538 me
3101 3484 3333 3538 veniam
3378 3485 3696 3556 promereri

279 3596 431 3637 nem
465 3577 636 3650 quasi
667 3577 1089 3632 inconsiderata
1115 3575 1333 3631 laboris
1391 3575 1537 3630 tanti
1595 3574 1940 3630 difficultate
2049 3571 2586 3646 posse,omnigenis
2601 3570 3390 3630 delusionibusretrahiteos
3410 3573 3482 3628 ab
3512 3574 3698 3645 ipsius

283 3664 697 3739 assumpsisti,
728 3665 875 3721 scias
906 3663 1106 3737 procul
1137 3664 1316 3720 dubio
1349 3663 1430 3718 nil
1462 3663 1618 3720 aliud
1649 3679 1777 3719 esse
1825 3663 1940 3720 nisi
2051 3663 2214 3717 aditu
2272 3661 2469 3729 venia»,
2519 3659 2627 3716 hoc
2680 3666 2770 3715 est
2827 3677 2860 3715 a
2890 3661 3026 3728 fide,
3050 3662 3375 3719 immittens
3425 3661 3698 3719 videlicet

287 3771 532 3814 causam
567 3753 892 3810 delusionis
926 3752 1242 3810 diabolica.
1306 3753 1454 3820 Quia
1513 3753 1666 3808 sicut
1713 3752 1944 3824 expedit
2053 3751 2259 3807 fraude
2297 3749 2484 3805 solida
2513 3749 2855 3819 hujusmodi
2881 3749 3303 3822 cogitationes:
3337 3755 3402 3806 ut
3431 3755 3532 3807 aut
3555 3751 3703 3808 indi-

298 3847 578 3902 omnibus
610 3845 682 3900 ad
713 3859 807 3899 me
837 3842 1152 3911 conversis,
1176 3846 1326 3910 et,ut
1352 3847 1415 3897 tu
1447 3857 1680 3914 quoque
1702 3840 1940 3913 rogasti,
2052 3856 2234 3914 gnum
2258 3837 2441 3894 mibiv
2462 3839 2689 3893 ideatur
2718 3837 3028 3894 sceleratos
3051 3856 3314 3912 quosque
3334 3841 3700 3911 justificare;

290 3935 559 3991 diabolus
582 3935 748 4005 juste
776 3931 1134 4004 permittitur
1162 3936 1220 3987 te
1248 3931 1528 3986 tentando
1588 3930 1856 4003 fatigare,
1893 3929 1944 3985 si
2054 3947 2157 3986 seu
2189 3928 2587 3984 austeritatem
2618 3931 2843 3983 tantam
2875 3928 3018 3982 mihi
3045 3927 3238 3984 inesse
3293 3945 3468 4001 quam
3503 3928 3705 3985 nullus

288 4024 530 4096 quidem
563 4027 688 4078 tam
719 4021 780 4076 in
803 4020 1054 4092 juvenili
1086 4036 1260 4092 quam
1293 4019 1354 4074 in
1385 4019 1726 4091 provectiori
1779 4022 1946 4073 aetate
2054 4019 2229 4074 homo
2253 4016 2773 4090 peccator,etiamsi
2799 4033 2902 4087 pro
2924 4017 3266 4087 poenitentia
3287 4017 3706 4090 sempercasti-

289 4112 502 4168 debere
531 4119 587 4166 et
618 4127 789 4182 posse
819 4111 890 4165 ad
917 4110 1070 4164 viam
1103 4108 1405 4165 meliorem
1436 4107 1691 4163 converti
1721 4111 1946 4162 testau-
2055 4113 2244 4180 getur,
2274 4105 2463 4162 valeat
2494 4105 2786 4160 minorare
2810 4121 2822 4159 :
2849 4105 2968 4160 sive
2999 4110 3064 4160 ut
3093 4105 3164 4160 de
3184 4107 3486 4176 justorum
3537 4105 3705 4162 retri-

292 4205 388 4257 ιω-
435 4206 498 4256 et
525 4199 798 4271 exempla
827 4198 1149 4254 multorum
1190 4203 1250 4253 et
1283 4197 1566 4253 librorum
1599 4196 1823 4268 paginae
1854 4212 1944 4250 sa-
2057 4195 2296 4252 butione
2328 4199 2606 4267 perpetua
2635 4199 2692 4249 et
2719 4194 2791 4250 de
2821 4193 3137 4266 impiorum
3171 4195 3409 4267 perenni
3440 4196 3710 4251 dubitent

302 4305 549 4344 crorum.
607 4288 759 4345 Dicit
807 4287 963 4344 enim
992 4287 1404 4343 Ecclesiastes:
1440 4287 1708 4342 Memento
1731 4284 1947 4341 Creato-
2057 4301 2230 4357 penna
2253 4302 2264 4352 ;
2288 4283 2374 4339 vel
2399 4283 2574 4339 etiam
2589 4283 2817 4354 judicia
2841 4283 3250 4355 blasphemare
3270 4285 3526 4340 audeant
3548 4301 3708 4352 mea;

300 4379 384 4434 ris
410 4381 500 4433 tui
519 4381 575 4432 in
601 4378 794 4433 diebus
813 4378 1121 4449 juventutis
1163 4381 1272 4430 tuae
1297 4375 1489 4447 (Eccle.
1521 4391 1619 4439 xu,
1681 4374 1752 4445 1).
1804 4374 1948 4429 Item
2061 4391 2162 4430 seu
2198 4377 2260 4428 ut
2286 4371 2594 4444 Scriptura
2625 4388 2834 4427 sacrese
2857 4372 3014 4428 dicta
3036 4371 3357 4429 intentione
3374 4374 3716 4428 subvertant

298 4467 358 4524 in
390 4468 541 4524 libro
568 4468 710 4524 Jesu
744 4466 846 4521 filii
887 4466 1088 4522 Siracb
1120 4465 1371 4538 legitur:
1421 4464 1536 4518 Non
1584 4463 1766 4518 tardes
1823 4479 1950 4518 con-
2063 4462 2342 4529 sinistra;
2397 4461 2468 4515 ad
2521 4465 2845 4516 extremum
2885 4477 3040 4530 vero,
3074 4465 3158 4528 ut,
3189 4460 3341 4516 sicut
3388 4466 3451 4515 tu
3483 4474 3718 4531 quoque

300 4561 445 4613 verti
501 4557 569 4612 ad
597 4559 912 4624 Dominum,
935 4563 986 4612 et
1013 4571 1082 4611 ne
1110 4555 1331 4626 differas
1360 4553 1426 4608 de
1445 4554 1541 4608 die
1570 4554 1629 4607 in
1660 4554 1806 4608 diem
1836 4553 1952 4624 (Ec-
1983 4571 2032 4636 Ι)
2065 4552 2236 4607 modo
2278 4549 2520 4605 delusus
2563 4548 2831 4620 privaris,
2877 4549 2948 4604 de
2998 4549 3330 4637 certissima
3369 4546 3713 4603 substantia

296 4648 393 4714 cli,
424 4664 480 4718 γ,
511 4646 569 4718 8)
603 4664 617 4714 ;
647 4647 708 4700 in
737 4645 942 4701 eodem
971 4659 1202 4717 quoque
1221 4643 1369 4698 libro
1419 4642 1703 4713 scriptum
1734 4643 1956 4698 inveni-

295 4741 395 4792 tur
421 4753 436 4792 :
473 4736 610 4804 Quae
637 4737 698 4790 in
725 4735 1006 4801 iuventute
1029 4737 1125 4788 tua
1152 4749 1264 4788 non
1291 4731 1652 4801 congregasti,
1697 4730 1960 4802 quomodo

297 4829 551 4883 invenies
578 4843 644 4882 ea
674 4828 735 4880 in
763 4828 1036 4881 senectute
1065 4821 1205 4878 tua?
1237 4821 1425 4893 (Eccli.
1458 4837 1589 4888 xxx,
1621 4820 1699 4891 5.)
1731 4820 1875 4875 Hinc
1905 4824 1962 4876 et

300 4917 635 4989 Propheta:
668 4920 816 4970 Puer
839 4914 922 4969 vel
937 4921 1188 4984 peccator
1216 4916 1435 4966 centum
1464 4925 1741 4964 annorum
1783 4910 1955 4965 male-

300 5007 478 5062 dictus
535 5007 647 5060 erit
705 5005 832 5070 (Isa.
867 5020 990 5067 va,
1023 5003 1135 5072 20).
1171 5001 1253 5056 Ad
1300 5001 1419 5054 hac
1451 5001 1650 5067 etiam,
1685 5015 1844 5071 rogo,
1869 5000 1960 5054 cui

298 5096 555 5150 validior
584 5093 1070 5165 praestantiorque
1101 5095 1240 5144 aetas
1267 5089 1454 5160 magis
1513 5088 1784 5159 congruit
1841 5105 1962 5143 ser-

301 5186 570 5255 vire,Deo
585 5201 659 5238 an
685 5181 916 5237 diabolo
937 5182 964 5234 ‘t
989 5179 1284 5250 Nunquid,
1320 5177 1661 5249 priusquam
1701 5179 1848 5232 vires
1867 5179 1962 5232 de-

299 5273 551 5330 fecerint
583 5272 864 5343 corporis,
899 5269 1096 5325 nullus
1133 5271 1302 5322 homo
1326 5269 1474 5320 viam
1510 5271 1682 5322 debet
1708 5268 1965 5338 arripere

302 5362 687 5434 perfectionis
703 5362 730 5416 ‘I

379 5473 406 5498 α
439 5452 543 5507 Est
574 5456 632 5506 et
661 5451 780 5507 alia
810 5465 989 5506 causa
1007 5465 1186 5520 super
1218 5445 1488 5502 molestia
1506 5444 1827 5516 passionun
1847 5450 1969 5500 tua-

303 5557 441 5598 rum
500 5541 830 5610 tractanda,
890 5555 1068 5612 quam
1123 5538 1288 5594 decet
1319 5539 1385 5591 ut
1412 5539 1605 5590 mente
1644 5535 1970 5606 perpendes

2068 4657 2208 4696 meae
2234 4639 2534 4712 priventur
2562 4637 2877 4710 agnitione.
2913 4658 2941 4686 »

2689 4752 2924 4807 CAPUT
2951 4752 3144 4808 XXIV.

2075 4846 2182 4900 Cur
2237 4844 2377 4899 Deus
2411 4858 2624 4898 omnem
2654 4850 2967 4896 creaturam
2997 4841 3329 4896 rationalem
3362 4842 3719 4912 tentariper-

2141 4917 2374 4981 miserit,
2433 4925 2483 4969 et
2521 4914 2734 4984 quanta
2786 4920 2907 4968 tum
2956 4914 3184 4978 Veteris,
3235 4917 3354 4968 tum
3381 4912 3517 4968 Novi
3544 4911 3720 4968 Testa-

2144 4990 2315 5042 menti
2338 4991 2524 5057 patres
2551 4987 2902 5055 pertulerint,
2929 4991 3231 5056 antequam
3253 4987 3312 5040 in
3343 5000 3528 5040 arcem
3542 4985 3724 5055 perfe-

2143 5056 2350 5114 ctionis
2371 5056 2675 5112 evaderent.

2148 5198 2174 5223 ‹‹
2208 5174 2318 5230 Sed
2351 5171 2905 5244 quiainsipientiam
2937 5171 3118 5227 animi
3150 5170 3233 5226 tui
3256 5170 3370 5225 huc
3404 5185 3589 5238 usque
3611 5182 3726 5240 pra

2078 5261 2424 5319 mortalibus
2439 5259 2639 5314 multis
2657 5261 2912 5315 sustinui
2931 5260 3301 5316 admonendo
3315 5256 3726 5313 etinstruendo

2076 5372 2179 5410 cur
2207 5351 2381 5407 etiam
2403 5351 2541 5404 talia
2563 5350 2896 5420 permittam
2917 5346 3650 5419 contingere,aliquatenus
3670 5349 3728 5401 te

2076 5441 2204 5498 volo
2227 5441 2534 5495 instruere.
2568 5437 2847 5510 Nunquid
2871 5439 3105 5510 ignoras
3135 5434 3373 5508 angelos
3403 5439 3461 5490 et
3488 5435 3731 5491 archan-

2076 5530 2240 5604 gelos
2299 5543 2623 5600 omnesque
2681 5526 2994 5596 ccelicolas,
3028 5527 3128 5598 qui
3159 5525 3330 5598 longe
3355 5523 3730 5581 sublimiores

300 5630 700 5715 intimgﬁam
719 5610 939 5710 quanto
976 5628 1302 5710 majoribus
1331 5622 1633 5684 beneﬁciis
1665 5623 1972 5702 ditatus,et
2080 5624 2293 5680 natura
2321 5620 2594 5679 constant
2621 5616 2904 5690 humana,
2937 5615 2999 5678 in
3021 5632 3088 5678 eo
3103 5614 3424 5678 voluntatis
3441 5630 3559 5674 sua
3582 5610 3734 5684 arbic
