4108 6188
396 261 511 319 297

396 391 507 446 trio
529 388 783 453 relictos,
808 388 871 440 ut
900 386 1016 440 sive
1034 398 1285 448 mecum,
1312 381 1431 437 sive
1456 398 1590 437 eum
1629 380 1890 453 principe
1921 378 2042 434 dia-
2070 383 2123 448 Α

397 479 544 536 bolo.
560 476 793 543 vellent,
826 471 1280 545 permanerent?
1312 471 1406 526 Sic
1437 470 1651 543 quippe
1671 469 1926 542 oportuit
1943 486 2041 523 eos

400 567 654 641 probari,
684 570 749 620 ut
778 567 834 617 et
865 562 1005 632 quid
1034 561 1096 616 in
1129 578 1221 616 me
1250 565 1307 615 et
1336 560 1474 631 quid
1508 560 1567 614 in
1600 575 1659 614 se
1684 562 1883 614 essent
1908 574 2039 629 pos-

392 662 482 714 set
511 652 813 710 denudari.
846 650 1027 717 Unde,
1054 666 1189 705 cum
1221 649 1449 723 probati
1498 648 1737 719 quidam
1795 647 1919 703 sine
1949 663 2044 702 me

393 745 539 802 nihil
569 760 715 811 esse,
750 740 849 797 alii
878 756 1012 796 vero
1034 741 1093 794 in
1118 755 1179 794 se
1194 738 1415 809 aliquid
1438 754 1566 794 esse
1586 743 1641 793 et
1664 754 1832 809 posse
1850 737 2041 792 crede-

392 838 539 901 rent,
572 833 654 899 hi,
687 833 786 903 qui
819 831 876 884 in
907 847 1001 885 me
1031 845 1204 885 suum
1238 828 1645 883 tantummodo
1677 843 1805 882 esse
1844 827 2037 881 decer-

394 923 631 993 nebant,
664 921 941 977 electione
989 923 1047 974 et
1077 916 1347 973 felicitate
1376 921 1658 988 perpetua
1692 915 2041 970 videbantur

394 1012 556 1085 digni
583 1030 596 1079 ;
628 1010 713 1065 illi
744 1014 961 1076 autem,
994 1008 1095 1079 qui
1125 1024 1185 1061 se
1207 1006 1429 1060 viribus
1461 1002 1708 1077 propriis
1752 1019 2041 1059 commen-

393 1102 703 1157 dabant.ut
732 1098 1027 1171 pateﬁeret
1058 1095 1199 1167 quid
1227 1096 1352 1151 sine
1382 1111 1474 1149 me
1518 1097 1776 1165 possent,
1809 1092 2039 1147 irreme-

393 1189 595 1245 diabili
627 1188 841 1259 iudicio
873 1190 1012 1242 sunt
1040 1185 1251 1258 puniti,
1278 1185 1431 1239 sicut
1483 1182 1541 1236 in
1598 1181 1855 1252 Epistola
1883 1178 2039 1235 beati

396 1280 545 1333 Petri
569 1276 817 1350 apostoli
844 1275 1059 1347 legitur
1084 1293 1096 1330 :
1121 1280 1261 1330 Deus
1286 1272 1497 1344 inquit,
1558 1272 1763 1341 angelis
1813 1284 2039 1341 peccan-

396 1370 539 1423 tibus
587 1384 697 1422 non
730 1366 973 1436 pepercit
994 1364 1065 1435 (II
1121 1369 1267 1419 Petr.
1334 1380 1396 1426 Π,
1448 1360 1522 1431 lt),
1586 1362 1656 1414 Et
1687 1360 1746 1414 in
1781 1355 2039 1430 Epistola

392 1457 590 1511 Judae:
627 1455 851 1525 Angelos
881 1454 975 1524 qui
1003 1468 1113 1508 non
1142 1454 1493 1507 servaverunt
1544 1466 1702 1503 suum
1757 1449 2039 1519 principa-

392 1548 529 1609 tum,
559 1544 650 1600 sed
680 1544 1021 1614 reliquerunt
1048 1558 1211 1596 suum
1242 1540 1601 1606 domicilium,
1652 1540 1711 1592 in
1763 1536 2041 1607 judicium

390 1634 503 1689 diei
528 1635 719 1704 magni
758 1633 978 1689 aeternis
1008 1631 1240 1685 vinculis
1269 1628 1563 1684 reservabit
1587 1626 1734 1699 (Jud.
1770 1625 1871 1696 v1).

471 1723 654 1778 «Nota
671 1738 902 1793 quoque
918 1725 974 1775 et
1000 1719 1139 1773 illud
1152 1718 1387 1789 ,quia,si
1408 1716 1583 1771 iidem
1602 1714 1789 1787 angeli
1806 1715 1862 1769 in
1878 1730 2039 1769 exor-

394 1813 487 1867 dio
518 1810 826 1866 creationis
850 1825 966 1863 suae
988 1808 1070 1861 ita
1098 1806 1325 1877 probati
1358 1822 1474 1860 non
1505 1808 1719 1870 essent,
1762 1802 1895 1858 licet
1939 1820 2042 1857 na-

393 1905 529 1955 tura
558 1897 1005 1971 praeclarissima
1032 1894 1335 1967 pollerent,
1370 1910 1472 1965 per
1500 1909 1561 1947 se
1591 1896 1788 1947 tamen
1822 1890 2042 1962 aliquid

394 2005 569 2061 posse
590 1986 1177 2042 existimantes.tanto
1201 1982 1451 2053 nequius
1472 1981 1822 2052 quandoque
1846 1996 2045 2050 super-

397 2077 615 2132 biendo‘
633 2076 926 2141 caderent,
948 2077 1164 2144 quanto
1187 2073 1313 2142 jam
1346 2071 1546 2126 diutus
1577 2087 1637 2124 se
1664 2070 1890 2124 viribus
1913 2085 2043 2140 pro-

400 2165 543 2239 priis
576 2164 807 2220 stetisse
837 2164 1168 2229 crederent;
1198 2165 1254 2216 et
1281 2159 1341 2214 in
1372 2158 1713 2231 hujusmodi
1769 2156 2047 2213 dilatione

398 2272 514 2311 non
545 2257 774 2309 tantum
808 2251 1102 2324 angelicae,
1135 2250 1237 2306 sed
1295 2249 1470 2305 etiam
1519 2248 1790 2303 humanae
1831 2247 2047 2301 damna

396 2344 693 2399 evenirent
724 2339 1284 2405 naturce.Quia,cum
1302 2336 1586 2393 districtio
1609 2336 1805 2390 divina
1824 2334 2045 2407 angelis

397 2430 871 2504 superbientibus
902 2429 961 2483 in
988 2428 1152 2483 initio
1184 2427 1427 2481 minime
1446 2426 1758 2495 resisteret,
1787 2425 2048 2479 humana

395 2521 649 2593 profecto
673 2514 1343 2589 superbia,impunitatis
1360 2518 1536 2569 tantae
1558 2530 1734 2568 causa
1770 2512 1957 2583 magis
1981 2528 2045 2566 ac

400 2608 587 2679 magis
624 2608 803 2661 Deum
836 2608 1233 2673 contemnens,
1267 2602 1515 2674 graviori
1541 2603 1779 2656 demum
1820 2600 2043 2671 judicio

398 2694 820 2767 prosternenda
849 2693 1097 2748 caderet.
1130 2692 1517 2757 Quamobrem
1562 2690 1703 2761 quid
1733 2688 1818 2745 vel
1877 2705 2045 2759 ange-

400 2786 513 2841 lica
528 2784 614 2840 vel
640 2784 901 2839 humana
929 2786 1141 2838 natura
1168 2799 1270 2853 per
1300 2798 1361 2836 se
1382 2780 1565 2852 possit
1586 2796 1719 2836 mox
1740 2780 1797 2833 in
1822 2779 2040 2833 utrius-

399 2891 512 2946 que
544 2874 707 2929 initio
740 2888 1017 2944 apparere
1049 2871 1325 2943 oportuit,
1360 2874 1422 2925 ut
1455 2887 1656 2925 eorum
1707 2885 1878 2923 casus
1926 2884 2041 2922 non

400 2968 522 3019 tam
555 2962 667 3018 sibi
697 2960 1033 3032 czeterisque
1061 2960 1353 3015 videretur
1391 2958 1806 3014 detrimentum
1864 2973 2039 3027 quam

399 3038 675 3107 doctrinae
706 3049 1036 3120 exemplum
1062 3066 1073 3115 ;
1108 3057 1161 3103 et
1190 3064 1255 3103 eo
1279 3048 1486 3103 fortius
1511 3048 1884 3119 postmodum
1921 3050 2038 3100 sta-

1406 249 1748 311 O'I‘HLONI
1792 247 2147 309 MONACHI
2194 248 2259 308 S.
2304 244 2796 307 EMMERAMMI

3684 242 3807 305 228

2212 378 2389 432 «Cum
2408 377 2705 450 igiturhac
2724 376 3163 433 ratiocinatione
3177 392 3460 448 agnoscas
3474 392 3589 431 non
3609 377 3804 434 solum

2151 467 2422 522 eumdem
2474 467 2730 539 primum
2789 466 3090 522 hominem
3119 464 3403 537 singulari
3450 466 3804 523 conditionis

2149 556 2421 611 humanae
2440 557 2692 628 primatu
2715 556 3115 628 sapientiaque
3137 555 3593 623 laureatum,sed
3624 557 3805 613 etiam

2150 662 2352 701 omnes
2383 645 2946 716 ccelicolas,quorum
2972 644 3318 700 excellentia)
3350 649 3616 700 creatura
3640 645 3809 702 nulla

2152 740 2545 807 comparatur,
2584 735 2806 806 absque
2836 734 3175 805 probatione
3206 749 3464 806 congrua
3484 751 3599 790 non
3630 752 3806 806 posse

2154 824 2423 879 mihimet
2481 824 2729 879 ﬁrmiter
2784 823 3085 893 inhaerere,
3148 839 3252 879 nec
3300 840 3416 879 non
3448 823 3538 879 sui
3570 826 3804 897 meique

2150 913 2537 969 differentiam
2587 912 2917 985 pervidere:
2970 929 3142 984 quem
3175 912 3450 984 deinceps
3492 912 3805 969 hominum

2151 1000 3014 1073 caeterorum,aprimihominis
3045 1000 3549 1073 prudentiainsita
3578 1001 3804 1074 aliquid

2149 1092 2527 1158 distantium,
2548 1090 2850 1146 arbitraris
2871 1106 2998 1145 esse
3030 1094 3149 1145 tam
3179 1089 3522 1161 perfectum,
3563 1096 3647 1161 ut,
3676 1091 3805 1147 sine

2148 1180 2485 1248 tentatione,
2521 1196 2659 1236 mea:
2710 1178 3155 1251 magnificentiae
3188 1195 3425 1250 sumque
3470 1178 3804 1252 fragilitatis

2149 1274 2373 1326 certum
2406 1286 2607 1341 capere
2638 1269 2792 1341 posit
2820 1268 3283 1340 experimentum
3307 1268 3333 1323 '?

2227 1384 2247 1409 ιι
2283 1360 2445 1426 Quod
2479 1360 2525 1414 si
2554 1357 2895 1413 tentationis
2928 1356 3174 1413 insolitae
3220 1356 3520 1414 molestias
3544 1374 3722 1431 super
3749 1362 3807 1415 te

2148 1448 2393 1503 irruisse
2437 1448 2718 1513 causaris,
2767 1448 2998 1502 attende
3056 1463 3288 1519 quoque
3342 1447 3481 1517 quia
3531 1451 3597 1503 tu
3657 1464 3807 1520 pene

2147 1536 2382 1593 insolito
2417 1552 2574 1591 more
2596 1536 2845 1609 gratiam
2877 1552 3068 1591 meam
3086 1535 3391 1607 hucusque
3413 1537 3602 1609 magis
3623 1553 3805 1609 quam

2152 1626 2252 1680 alii
2273 1625 2469 1698 plures
2493 1626 2739 1697 adeptus
2763 1624 3075 1680 sis.Nonne
3096 1625 3201 1680 tibi
3231 1624 3536 1682 insolitum
3553 1626 3805 1698 videtur,

2151 1733 2185 1770 a
2204 1714 2455 1787 pueritia
2473 1730 2660 1785 usque
2682 1713 2741 1769 in
2764 1730 3017 1786 praesens
3038 1713 3393 1769 omnimodis
3414 1718 3471 1769 te
3484 1714 3804 1772 sceleribus

2154 1803 2539 1876 implicatum,
2570 1820 2685 1858 non
2707 1802 2898 1857 solum
2929 1819 3130 1874 pmnas
3178 1802 3499 1876 condignas
3548 1804 3805 1861 evasisse

2153 1894 2254 1949 sed
2276 1892 2647 1963 etiam,quasi
2673 1891 2793 1947 vice
2812 1891 3124 1959 versa,haec
3148 1909 3273 1963 quae
3297 1891 3499 1949 multis
3519 1894 3806 1966 denegata

2154 1986 2291 2038 sunt
2318 1981 2625 2054 religiosis,
2659 1985 2716 2036 et
2756 1980 2930 2052 (quod
2979 1997 3094 2036 non
3149 1981 3369 2052 absque
3416 1982 3805 2039 admiratione

2153 2087 2367 2143 magna
2397 2069 2627 2142 pensari
2651 2069 2962 2140 valet)cum
2986 2070 3182 2125 labore
3208 2086 3420 2142 magno
3444 2071 3805 2142 exquirenti-

2154 2160 2284 2227 bus,
2340 2177 2407 2214 ea
2438 2159 2571 2215 nisu
2604 2157 2877 2213 facillimo
2914 2159 3068 2213 dona
3098 2157 3331 2230 pietatis
3363 2175 3500 2215 meae
3530 2159 3805 2231 ingentia

2154 2247 2526 2320 percepisse?
2556 2247 2899 2315 Recordare,
2934 2264 3148 2319 quaeso,
3182 2246 3321 2319 quid
3355 2253 3419 2303 tu
3459 2248 3681 2320 absque
3712 2248 3803 2304 la-

2152 2339 2292 2392 bore
2351 2336 2519 2392 solito
2549 2336 2835 2391 hactenus
2881 2336 3321 2403 beneficiorum,
3355 2340 3413 2390 et
3442 2335 3583 2406 quid
3614 2337 3805 2393 cateri

2157 2426 2352 2498 plures
2380 2425 2494 2480 mei
2527 2423 2691 2480 electi
2725 2424 3126 2496 experirentur
3158 2424 3586 2497 angustiarum,
3618 2425 3807 2497 prius-

2155 2532 2333 2586 quam
2388 2531 2586 2586 pacem
2642 2513 2729 2568 vel
2788 2514 3053 2585 requiem
3084 2513 3265 2568 ullam
3295 2531 3409 2569 non
3442 2513 3569 2569 dico
3592 2514 3802 2572 futura

2153 2604 2253 2659 sed
2286 2602 2585 2675 praisentis
2613 2602 2741 2657 vita:
2774 2602 3396 2673 obtinerent,quamvis
3435 2602 3698 2660 nonnulli
3719 2604 3803 2661 in-

2154 2701 2237 2747 ter
2258 2691 2538 2748 beneﬁcia
2569 2692 2807 2746 demum
2831 2691 3067 2746 sibimet
3096 2690 3307 2747 collata
3338 2690 3677 2749 afﬂictiones
3700 2710 3800 2750 va-

2155 2781 2271 2837 rias
2303 2782 2643 2853 perferrent.

2227 2894 2249 2920 a
2284 2872 2353 2925 Et
2374 2874 2439 2925 ut
2460 2870 2579 2925 haec
2601 2869 2861 2941 apertius
2882 2872 2984 2925 tuo
3008 2870 3378 2925 innotescant
3399 2870 3801 2945 animo,quos—

2150 2960 2285 3014 dam
2319 2959 2417 3031 qui
2449 2958 2789 3029 hujusmodi
2819 2958 2997 3014 vitam
3028 2960 3338 3026 ducebant,
3371 2964 3494 3016 tam
3518 2961 3576 3015 in
3605 2960 3803 3018 Veteri

2147 3064 2325 3118 quam
2345 3047 2406 3101 in
2427 3048 2581 3103 Novo
2595 3048 3094 3119 Testamento,per
3115 3048 3353 3103 nomina
3374 3050 3617 3105 recitare
3630 3050 3804 3122 cupio

398 3144 527 3194 rent
547 3139 809 3210 mihique
832 3138 1095 3193 tenacius
1114 3136 1483 3201 inhaererent,
1510 3153 1624 3207 quo
1649 3135 1856 3207 majori
1877 3150 2045 3204 expe-
2075 3127 2120 3190 C
2159 3136 2359 3192 Scisne
2390 3142 2641 3208 quantos
2671 3135 2898 3191 labores
2927 3140 2983 3191 et
3012 3135 3419 3192 tribulationes
3474 3138 3648 3193 Jacob
3698 3155 3803 3210 pa-

395 3228 644 3283 rimento
676 3245 777 3299 per
807 3229 992 3282 semet
1020 3224 1101 3280 nil
1134 3240 1303 3297 posse
1332 3226 1721 3299 didiscissent‘
1757 3225 2039 3279 Caeterum

398 3317 457 3372 hi
489 3316 700 3388 angeli,
734 3316 855 3386 qui,
890 3314 1115 3371 arbitrii
1146 3314 1412 3369 libetrate
1433 3314 1568 3369 data
1598 3313 1883 3385 probati,a
1906 3328 2041 3366 con-

399 3406 574 3461 sortio
631 3404 1009 3475 subjectionis
1059 3420 1198 3459 meae
1231 3407 1437 3475 sponte
1471 3403 1888 3468 discesserunt,
1913 3401 2040 3455 ideo

393 3495 572 3550 venias
604 3492 925 3549 remedium
958 3510 1072 3548 non
1092 3494 1734 3562 meruerunt,quoniam
1758 3490 2042 3547 extrinse-

395 3600 499 3639 cus
514 3581 677 3638 nulla
689 3598 883 3636 rerum
900 3580 1434 3647 necessitate,nulla
1452 3580 1803 3634 intrinsecus
1820 3583 2041 3633 naturas

399 3689 517 3725 suae
546 3670 617 3725 ad
648 3671 757 3724 hoc
789 3668 971 3725 coacti
998 3673 1137 3723 sunt
1166 3666 1588 3734 imbecillitate,
1623 3667 1723 3721 sed
1754 3666 1892 3721 vitio
1914 3671 2042 3721 tan-

398 3757 702 3814 tummodo
734 3756 1017 3828 superbiae
1044 3772 1112 3811 ex
1143 3756 1273 3827 ipsa
1301 3755 1585 3810 libertatis
1642 3754 2045 3824 claritatisque

394 3864 512 3902 sure
542 3845 879 3903 excellentia
909 3843 1115 3913 inﬂati,
1148 3843 1416 3915 potentiae
1450 3858 1589 3897 mem
1613 3843 2045 3914 przesumebant

393 3935 874 3991 resistere.Homo
898 3939 1095 3988 autem
1123 3931 1516 4003 primus,licet
1537 3931 1826 4003 sapientia
1846 3931 2043 3985 multi-

397 4024 531 4093 plici
564 4026 621 4077 et
646 4022 976 4077 conditione
1007 4019 1296 4091 spirituali
1324 4020 1405 4075 ita
1434 4024 1587 4075 esset
1616 4020 1931 4075 adornatus
1982 4024 2047 4075 ut

401 4111 691 4166 diceretur
720 4109 791 4163 ad
818 4108 1133 4179 imaginem
1155 4113 1212 4163 et
1232 4108 1677 4164 similitudinem
1705 4108 1799 4163 Dei
1830 4109 2041 4179 factus,

397 4199 535 4270 quia
567 4202 763 4252 tamen
796 4196 1155 4268 compositus
1178 4202 1302 4252 erat
1328 4212 1395 4251 ex
1429 4214 1600 4252 carne
1630 4196 1805 4265 lutea,
1834 4203 1890 4252 et
1921 4198 2043 4252 dia-

392 4286 509 4342 boli
539 4290 866 4357 praeventus
898 4286 1235 4341 seductione
1267 4290 1440 4357 atque
1472 4286 2043 4358 astutia,proprzece-

396 4376 479 4448 pti
511 4375 624 4430 mei
655 4374 1123 4446 transgressione
1150 4374 1376 4430 veniam
1408 4374 1657 4430 meruit:
1721 4392 1789 4430 ea
1846 4380 2041 4431 tamen

396 4464 617 4520 ratione
644 4464 954 4534 ut,ejectus
977 4464 1046 4519 de
1071 4464 1342 4535 paradiso
1364 4464 2045 4535 voluptatis,operarctur
2072 4490 2117 4553 D

392 4555 608 4608 terram
640 4554 709 4607 de
740 4570 857 4623 qua
888 4558 1163 4622 sumptus
1194 4556 1366 4619 est,et
1394 4569 1451 4606 1n
1476 4553 1688 4607 sudore
1709 4558 2041 4609 vesceretur

393 4657 561 4711 pane.
585 4642 746 4704 Quod
779 4640 999 4695 scilicet
1028 4645 1085 4695 et
1105 4642 1277 4710 juxta
1306 4639 1560 4695 litteram
1614 4641 1683 4695 de
1732 4642 2036 4712 corporali,

392 4734 457 4785 ut
485 4746 552 4785 ea
580 4746 707 4800 quae
740 4730 797 4783 in
828 4729 935 4784 hoc
967 4728 1167 4784 exsilio
1201 4730 1429 4801 corpori
1462 4735 1657 4785 essent
1689 4732 2037 4800 necessaria,

396 4835 538 4872 cura
584 4817 867 4885 excoleret
917 4819 1111 4885 varia;
1159 4822 1215 4873 et
1246 4820 1315 4873 de
1337 4818 1627 4889 spirituali
1661 4835 1829 4890 pane,
1862 4820 1919 4873 id
1954 4824 2042 4875 est

393 4905 640 4975 Christo,
674 4906 1154 4978 potestintelligi,
1188 4912 1251 4961 ut
1272 4909 1365 4961 cui
1390 4908 1552 4979 prius
1575 4907 1853 4963 facillimo
1876 4908 2041 4963 liberi

392 4993 617 5048 arbitrii
650 4994 780 5049 nisu
811 4994 1177 5062 inhaerere,et
1208 4996 1265 5050 in
1299 5012 1413 5066 quo
1444 4998 1641 5052 omnia
1674 4998 1885 5053 habere
1910 5014 2040 5069 pos-

395 5081 580 5149 set,ad
603 5098 737 5136 eum
760 5083 1135 5153 postmodum
1158 5082 1361 5155 lapsus
1384 5101 1518 5139 cum
1543 5087 1756 5140 sudore
1788 5086 2041 5141 maximo

397 5172 747 5243 poenitentiae
781 5172 1012 5240 rediret,
1046 5177 1221 5243 atque
1250 5175 1515 5244 ejusdem
1544 5174 1769 5228 arbitrii
1800 5175 2040 5247 ingenii,

395 5277 508 5330 que
538 5264 710 5329 vires,
729 5278 876 5333 quas
891 5267 1025 5317 ante
1039 5262 1563 5333 transgressionem
1589 5264 1811 5335 absque
1832 5282 2041 5319 sensus

396 5352 626 5420 torpore
649 5351 720 5403 ad
751 5355 961 5406 cuncta
990 5352 1266 5406 bonitatis
1290 5352 1429 5421 jura
1454 5352 1794 5419 retinuerat,
1817 5358 2038 5425 postea,

393 5436 585 5492 carnis
610 5437 921 5509 fragilitate
952 5440 1361 5513 praepediente,
1395 5438 1738 5497 cumlabore
1758 5443 1915 5515 gravi
1939 5443 2040 5499 ob-

392 5525 620 5589 tineret.

2148 3226 2404 3281 triarcha
2450 3225 2769 3297 pertulerit,
2795 3224 3139 3296 priusquam
3167 3224 3348 3280 ullam
3382 3226 3805 3283 benedictionis

2151 3320 2432 3387 perceptae
2464 3331 2497 3369 a
2528 3318 2688 3385 patre
2720 3330 2825 3368 suo
2858 3314 3017 3368 Isaac
3048 3313 3296 3385 gratiam
3334 3316 3655 3387 promereri
3694 3334 3805 3389 po-

2150 3403 2371 3458 tuerit?
2393 3403 2631 3471 Nam,ut
2650 3401 2889 3457 Genesis
2916 3401 3061 3456 liber
3075 3404 3550 3468 testatur,oderat
3572 3421 3806 3477 semper

2153 3498 2302 3547 Esau
2349 3492 2528 3546 Jacob
2578 3507 2680 3561 pro
2712 3489 3114 3545 benedictione
3167 3507 3283 3562 qua
3316 3490 3692 3554 benedixerat
3752 3494 3805 3550 ei

2151 3585 2314 3652 pater
2342 3579 2607 3650 ideoque,
2643 3583 2828 3633 matre
2850 3579 3313 3650 suadente,idem
3343 3581 3519 3638 Jacob
3559 3586 3803 3656 propter

2153 3668 2347 3724 fratris
2387 3673 2608 3723 metum
2640 3668 2932 3739 profectus
2955 3671 3043 3723 est
3068 3668 3127 3721 in
3158 3666 3451 3740 exsilium,
3486 3670 3583 3725 ubi
3614 3688 3803 3728 avun-

2153 3756 2283 3812 culo
2315 3773 2420 3811 suo
2452 3756 2871 3827 quatuordecin
2903 3773 3087 3811 annos
3101 3756 3644 3830 serviensignobilis
3666 3776 3807 3831 per-

2155 3862 2310 3900 sona:
2342 3845 2582 3900 sortitus
2612 3848 2701 3900 est
2740 3847 3276 3917 negotium.Postea
3304 3862 3459 3915 vero,
3484 3864 3615 3902 cum
3646 3849 3804 3905 redi-

2165 3938 2251 3988 ret
2274 3934 2344 3988 ad
2369 3932 2707 4004 patriam,in
2724 3937 2956 3988 tantum
2979 3933 3171 3988 adhuc
3192 3935 3388 3989 fratris
3410 3936 3633 4008 expavit
3657 3936 3808 3995 iram

2153 4026 2237 4093 ut,
2271 4038 2374 4094 pro
2407 4022 2874 4078 reconciliatione
2906 4022 3144 4077 nuntios
3164 4023 3547 4095 praemittens,
3567 4042 3683 4082 non
3705 4044 3807 4083 so-

2154 4111 2274 4165 lum
2320 4112 2443 4180 jam
2474 4111 2734 4178 fratrem,
2769 4112 2870 4166 sed
2930 4115 2986 4165 et
3014 4112 3321 4166 dominum
3370 4113 3808 4185 appellaret,di-

2153 4216 2327 4255 cens:
2361 4200 2451 4254 Sic
2483 4200 2775 4272 loquimini
2819 4201 3037 4255 domino
3094 4216 3212 4256 meo
3268 4202 3428 4257 Esau.
3481 4204 3607 4259 Hmc
3662 4204 3807 4265 dicit

2151 4290 2323 4358 frater
2377 4298 2542 4344 tuus:
2603 4289 2752 4343 Mitto
2800 4305 2947 4343 nunc
3005 4291 3336 4360 legationem
3388 4290 3459 4344 ad
3512 4290 3809 4348 dominum

2151 4394 2354 4445 meum,
2388 4386 2448 4432 ut
2474 4379 2753 4432 inveniam
2780 4380 3025 4448 gratiam
3064 4377 3125 4432 in
3155 4382 3440 4450 conspectu
3496 4388 3586 4436 tuo
3645 4378 3805 4453 (Gen.

2153 4481 2329 4532 XXXII,
2364 4466 2437 4536 4).
2470 4468 2615 4521 Cum
2649 4470 2843 4521 autem
2876 4465 3281 4521 advenientem
3302 4468 3539 4523 fratrem
3599 4470 3807 4541 procul

2148 4554 2533 4626 vidisset,pree
2561 4554 2767 4609 timore
2799 4555 2855 4609 in
2887 4560 3104 4610 terram
3130 4556 3367 4624 cadens,
3417 4557 3630 4629 septies
3661 4560 3801 4615 ado-

2150 4643 2296 4697 ravit
2327 4643 2509 4698 donec
2541 4643 3051 4715 appropinquaret
3078 4642 3328 4700 Videsne
3361 4660 3497 4717 ergo
3547 4650 3803 4719 quantas

2151 4732 2491 4787 afﬂictiones
2530 4732 2627 4787 ille
2688 4736 2887 4788 tantus
2936 4731 3021 4786 vir
3064 4733 3429 4802 sustinuerit,
3482 4739 3805 4808 antequam

2151 4819 2364 4890 gaudia
2395 4818 2591 4891 aliqua
2619 4820 3043 4876 benedictionis
3075 4821 3375 4892 promissae
3434 4825 3758 4896 gustaverit
3778 4826 3807 4882 ?

2152 4911 2225 4962 Ac
2256 4908 2303 4963 si
2335 4908 2590 4980 gustavit
2620 4925 2870 4982 magnus
2900 4910 3076 4964 timor
3096 4909 3215 4965 hcec
3248 4913 3564 4985 superavit,
3585 4914 3807 4971 Eadem

2152 5014 2384 5069 quoque
2415 4999 2485 5052 de
2507 4998 2623 5052 filio
2653 5015 2758 5053 suo
2780 4998 2993 5070 Joseph
3020 4999 3263 5070 proferri
3290 5000 3443 5073 licet,
3469 5019 3643 5074 quem
3663 5019 3808 5060 cum

2150 5102 2253 5157 per
2277 5086 2506 5141 somnia
2521 5088 2808 5158 patefacta
2829 5088 3036 5142 fratres
3060 5088 3150 5142 sui
3177 5104 3459 5162 magnum
3481 5092 3809 5162 quemdam

2151 5174 2379 5245 sibique
2409 5175 2865 5245 praeponendum
2898 5175 3679 5250 arbitrarentur,mox,obliti
3712 5186 3809 5236 to-

2150 5264 2267 5317 tius
2300 5264 2699 5334 fraternitatis,
2722 5271 2923 5321 contra
2962 5282 3095 5322 eum
3136 5268 3473 5325 omnimodo
3533 5271 3811 5326 succensi

2151 5356 2292 5407 sunt
2315 5352 2550 5423 invidia,
2587 5353 2729 5408 adeo
2762 5355 2943 5421 ut,vix
2974 5358 3044 5411 ab
3068 5357 3227 5414 illius
3252 5357 3654 5413 interiectione
3676 5374 3813 5414 sese

2150 5442 2511 5510 cohibentes,
2546 5444 2953 5499 venundarent
2980 5462 3115 5503 eum
3147 5445 3490 5504 Ismaelitis:
3525 5465 3559 5503 a
3589 5448 3813 5518 quibus

2150 5530 2468 5591 translatus
2492 5533 2553 5591 in
2574 5533 3138 5611 Egyptum,tantam
3155 5536 3375 5595 ibidem
3388 5536 3809 5623 contritionem
