4098 6172
475 257 585 319 231

1480 248 1818 313 OTHLONI
1863 249 2217 312 MONACHI
2263 248 2328 309 S.
2377 246 2867 309 EMMERAMMI

3759 248 3870 309 232

478 389 843 464 pertulerunt
870 390 926 441 te
955 399 1196 457 passum
1227 397 1355 439 esse
1387 383 1632 439 noveris.
1693 381 1776 437 Tu
1810 382 1965 438 enim
2015 396 2117 453 pro
2146 381 2202 448 Α
2231 380 2519 435 ﬂammati
2552 384 2616 435 ut
2642 378 2867 435 labores
2898 376 3167 434 maximis
3188 392 3290 450 pro
3316 377 3727 449 consequenda
3745 379 3870 435 vitae

478 496 542 536 eo
573 479 727 552 quod
758 474 1190 547 aliquantulum
1222 471 1590 528 adversitatis
1612 477 1667 528 et
1697 471 2118 544 persecutionis

477 570 640 642 prius
669 567 729 621 in
761 563 971 621 seculo
1027 563 1378 618 constitutus
1430 561 1742 634 pertulisti,
1788 566 1845 616 et
1874 578 2028 616 nunc
2060 560 2118 614 in

477 654 827 714 monasterio
859 653 1082 723 positus
1109 652 1470 724 parvissimis
1493 652 1881 706 tentationum
1907 649 2116 705 stimu-

475 745 792 816 lis,quibus
817 743 991 798 etiam
1015 741 1379 797 Christianus
1399 741 1590 796 omnis
1622 739 1958 812 probandus
1989 738 2116 802 erit,

477 831 1090 906 fatigaris,majoribus
1114 846 1289 902 quam
1313 829 1411 884 alii
1438 829 1908 900 persecutionum
1932 831 2117 882 tenta-

474 924 820 993 tionumque
871 919 1144 993 periculis
1193 918 1473 975 afﬂictum
1508 923 1561 973 te
1607 919 1936 989 frequenter
1966 916 2118 971 arbi-

474 1013 668 1069 traris.
718 1012 825 1066 Sed
866 1010 987 1065 hac
1040 1010 1210 1080 longe
1255 1007 1422 1064 aliter
1466 1024 1640 1078 quam
1681 1007 1785 1062 tibi
1816 1006 2122 1061 videantur

476 1100 811 1171 invenies,si
841 1099 1141 1154 veritatem
1173 1095 1676 1152 consideres.Nam
1713 1095 1866 1166 quod
1900 1094 1957 1147 in
1990 1110 2119 1165 per-

477 1188 876 1246 secutionibus
921 1185 1196 1242 violentia
1248 1185 1506 1240 humana
1553 1183 1732 1239 illatis
1781 1182 1864 1238 nil
1929 1181 2120 1236 simile

478 1277 607 1333 aliis
638 1277 906 1350 pluribus
938 1273 1266 1347 pertuleris,
1294 1275 1419 1344 jam
1453 1275 1594 1328 satis
1652 1274 2118 1328 demonstratum

475 1372 566 1424 est
594 1364 897 1438 exemplis.

552 1479 573 1508 ι
609 1456 824 1511 Deinde
855 1471 989 1510 vero
1021 1457 1246 1525 oportet
1277 1452 1647 1507 considerare
1673 1454 1958 1522 quantum
1991 1448 2120 1504 aliis

475 1546 535 1600 in
579 1545 890 1600 afﬂictione
932 1543 1123 1598 carnis
1159 1547 1216 1598 et
1263 1542 1322 1595 in
1385 1541 1542 1596 omni
1596 1543 1931 1609 contemptu
1991 1538 2118 1591 vita:

474 1633 653 1705 hujus
675 1637 880 1704 sponte
910 1631 1314 1687 laborantibus
1337 1629 1706 1684 succumbas.
1732 1627 1979 1681 Attende
2011 1626 2120 1680 ita-

2229 469 2548 541 spiritualis
2573 470 2823 541 puritate
2855 468 3226 533 sustinerent,
3257 484 3358 522 cur
3385 466 3619 538 tibi,qui
3663 484 3871 539 parvus

2229 560 2420 615 adhuc
2451 561 2604 615 dona
2634 559 2877 630 adeptus
2907 575 2967 612 es
2991 556 3267 629 ingentia,
3299 556 3527 612 videtur
3555 572 3729 628 grave
3767 558 3870 612 tri-

2229 650 2586 704 bulationem
2612 648 2821 703 saltem
2840 647 3096 719 aliquam
3120 663 3222 718 pro
3237 645 3487 716 puritate
3513 646 3715 701 eadem
3733 646 3872 704 tole-

2230 738 2403 794 rare?
2436 739 2554 804 Dic,
2607 753 2768 808 rogo,
2803 737 2935 807 quis
2985 735 3090 791 tibi
3121 736 3334 790 videris
3366 739 3431 790 ut
3463 752 3568 791 nec
3599 753 3703 807 pro
3734 737 3873 793 sub-

2229 827 2395 882 sidiis
2426 826 2830 898 praesentibus,
2864 842 2968 880 nec
3000 841 3101 896 pro
3133 825 3331 879 futura
3360 828 3416 879 et
3444 825 3684 895 perenni
3718 843 3874 882 mer-

2229 917 2365 972 cede
2415 914 2743 971 molestiam
2795 913 2976 969 ullam
3025 914 3277 984 perferre
3325 913 3513 968 velis?
3543 913 3690 977 Quid
3737 931 3872 988 ergo

2229 1004 2388 1074 olim,
2439 1019 2573 1059 eum
2604 1004 2661 1057 in
2715 1002 2915 1059 schola
2944 1002 3171 1073 positus
3210 1018 3388 1068 esses,
3423 1018 3524 1072 pro
3557 1004 3874 1074 capacitate

2229 1109 2443 1165 magna
2469 1092 2729 1148 discendi
2752 1091 3028 1147 laborasti
3050 1091 3077 1144 ?
3107 1091 3268 1156 Quod
3292 1090 3586 1161 deinde,in
3611 1092 3873 1148 saeculari

2226 1182 2343 1238 vita
2374 1184 2617 1255 positus,
2653 1180 2910 1236 habuisti
2945 1180 3229 1250 studium,
3253 1184 3318 1234 ut
3347 1181 3475 1249 ejus
3504 1179 3738 1235 inanem
3771 1198 3872 1236 no-

2225 1272 2506 1342 xiumque
2527 1272 2798 1326 evaderes
2818 1272 3019 1324 luxum
3035 1267 3062 1321 ‘2
3084 1268 3230 1334 Quid
3250 1267 3426 1323 etiam
3451 1284 3628 1338 nunc,
3651 1285 3783 1324 cum
3806 1271 3874 1325 ad

2229 1360 2650 1416 monasterium
2681 1359 2925 1429 venires,
2937 1358 3284 1429 jejunando,
3310 1356 3871 1430 vigilando,orando,

2230 1465 2332 1504 seu
2367 1449 2423 1503 in
2460 1449 2850 1520 qualicunque
2883 1446 3191 1517 disciplina
3240 1446 3490 1518 regulari
3523 1447 3870 1516 insistendo,

2229 1539 2363 1610 plus
2396 1538 2525 1593 aliis
2557 1537 2807 1607 laboras,
2841 1540 2903 1592 ut
2949 1541 3004 1591 et
3035 1553 3135 1607 pro
3191 1536 3498 1606 prateritis
3529 1536 3875 1592 criminibus

2229 1629 2608 1699 consequaris
2623 1628 2935 1693 veniam,et
2965 1627 3033 1680 de
3065 1626 3276 1680 futuris
3307 1625 3524 1680 habeas
3555 1625 3875 1681 cautelam?

474 1738 588 1794 que
617 1722 676 1777 in
707 1723 853 1777 duos
883 1721 1245 1776 venerandos
1296 1719 1492 1773 Patres
1541 1722 1596 1771 et
1627 1715 1948 1788 spiritualis
1988 1716 2117 1770 vita:
2147 1753 2195 1817 B
2229 1717 2485 1787 Denique
2518 1716 2616 1787 qui
2640 1715 2925 1786 praeterita
2956 1715 3061 1769 rite
3084 1715 3396 1770 emendare
3421 1718 3478 1769 et
3497 1714 3689 1769 futura
3719 1714 3876 1770 mala

470 1812 755 1876 doctores,
789 1812 1059 1864 sanetum
1107 1807 1372 1862 videlicet
1412 1805 1728 1860 Antonium
1779 1821 1843 1859 ac
1874 1806 2110 1860 beatum

472 1899 1130 1967 Benedictum,quorum
1154 1899 1315 1949 tanto
1347 1894 1576 1949 facilius
1607 1897 1770 1964 potes
1801 1893 2114 1961 recordari,

472 1992 690 2059 quanto
723 1986 910 2058 magis
964 2002 1030 2040 ex
1067 1983 1312 2039 lectione
1360 1983 1597 2038 assidua
1639 1983 1745 2037 tibi
1786 1987 1927 2037 sunt
1972 1982 2113 2037 noti.

468 2076 709 2132 Illorum
738 2091 874 2148 ergo
921 2074 1113 2129 Vitam
1155 2073 1353 2145 legens
1399 2072 1511 2128 cito
1562 2076 1722 2143 potos
1773 2087 2117 2142 cognoscere

470 2169 751 2237 quantam
798 2169 1042 2234 uterque
1089 2161 1390 2235 pertulerit
1440 2161 1812 2217 afﬂictionem
1864 2177 1965 2231 pro
2014 2161 2114 2216 Dei

470 2271 695 2323 amore;
731 2269 906 2325 quam
932 2253 1131 2308 devote
1161 2251 1220 2305 in
1245 2251 1613 2323 primis,cum
1636 2249 2116 2319 adhucjuvenilis

468 2347 664 2398 essent
706 2343 911 2413 mtatis,
947 2342 1248 2396 mundana
1278 2338 1620 2411 reliquerint
1640 2339 2116 2408 omnia;quantas

469 2432 679 2486 deinde
709 2429 924 2485 diaboli
956 2429 1345 2484 sustinuerint
1367 2429 1614 2483 insidias
1646 2431 1701 2482 et
1731 2431 2112 2482 tentamenta.

469 2518 632 2574 Unus
661 2534 916 2589 namque
946 2534 1170 2583 eorum,
1194 2517 1252 2570 id
1275 2521 1364 2571 est
1391 2518 1597 2571 beatus
1629 2516 1978 2585 Antonius,a
1999 2532 2114 2586 quo

468 2608 644 2663 etiam
677 2607 868 2662 omnis
900 2606 1016 2661 fere
1045 2610 1241 2661 exorta
1288 2610 1377 2660 est
1426 2605 1801 2660 eremitarum
1835 2609 1892 2658 et
1922 2621 2114 2659 coeno-

467 2697 724 2751 bitarum
783 2694 1093 2760 institutio,
1117 2698 1283 2748 tanta
1312 2693 1765 2748 conversationis
1809 2692 2114 2747 sanctitate

470 2784 739 2856 pollicere
771 2785 940 2855 coepit
970 2788 1034 2838 ut
1073 2800 1139 2838 ex
1176 2783 1285 2836 hoc
1306 2783 1585 2852 antiquus
1636 2780 1845 2848 hostis,
1886 2781 2112 2834 invidias

469 2873 693 2929 facibus
724 2873 1075 2928 omnimodis
1104 2889 1404 2936 accensus,
1434 2889 1546 2925 non
1571 2870 1760 2926 solum
1792 2869 2110 2941 spirituali-

466 2963 578 3018 bus
608 2966 664 3017 et
684 2961 1074 3017 invisibilibus
1106 2977 1238 3016 eum
1260 2960 1632 3031 impugnaret
1653 2959 2107 3024 insidiis,verum

467 3051 642 3105 etiam
695 3049 1092 3121 corporalibus
1141 3052 1313 3119 atque
1361 3048 1578 3118 apertis
1610 3047 1865 3101 afficeret
1896 3046 2103 3118 plagis.

2226 1805 2385 1877 cupit
2415 1806 2685 1872 devitarc,
2722 1820 2961 1860 necesse
2993 1807 3080 1859 est
3101 1807 3165 1857 ut
3195 1803 3253 1858 in
3283 1802 3517 1875 vigiliis,
3547 1804 3789 1873 jejuniis
3821 1808 3876 1859 et

2226 1891 2718 1958 orationibus,nec
2747 1909 2861 1947 non
2894 1892 2953 1946 in
2985 1891 3115 1946 aliis
3147 1891 3314 1946 bonis
3338 1892 3612 1962 operibus
3638 1908 3875 1948 carnem

2224 1983 2457 2037 studeat
2484 1983 2775 2037 edomare.
2805 1982 2914 2036 Sed
2942 1984 3450 2051 tamen,quantum
3480 1982 3877 2037 conversionis

2228 2072 2450 2126 novitas
2481 2076 2539 2126 et
2570 2070 2786 2126 laboris
2828 2070 2913 2125 tui
2964 2069 3260 2142 permittet
3308 2069 3618 2141 exiguitas,
3671 2085 3876 2126 curam

2225 2161 2523 2215 assiduam
2554 2160 2661 2214 tibi
2693 2160 2883 2215 inesse
2911 2176 3013 2231 pro
3060 2158 3151 2214 his
3182 2159 3456 2214 omnibus
3489 2159 3875 2230 assequendis

2225 2267 2339 2304 non
2371 2249 2781 2321 denego.Unde
2813 2253 2869 2304 et
2893 2265 2997 2320 ego
3028 2249 3231 2303 eadem
3263 2247 3498 2318 pietatis
3531 2265 3669 2303 mea:
3701 2249 3875 2304 bene-

2225 2339 2507 2410 ficia,qua3
2541 2338 2826 2393 hactenus
2856 2338 3087 2392 tibimet
3116 2336 3588 2403 exhibui,amodo
3621 2355 3734 2393 non
3758 2356 3870 2394 au-

2225 2428 2404 2483 feram
2437 2445 2469 2481 a
2498 2432 2590 2493 te;
2624 2433 2686 2482 tu
2717 2431 2947 2482 tantum
2995 2427 3241 2481 viriliter
3279 2443 3406 2498 age,
3460 2435 3509 2482 et
3537 2430 3879 2498 con/orietur

2221 2533 2312 2572 cor
2343 2522 2516 2583 tuum,
2549 2525 2601 2571 et
2621 2519 2828 2571 sustine
2859 2518 3150 2570 Dominum
3179 2517 3348 2585 (Psal.
3381 2534 3494 2587 XVI,
3529 2517 3637 2587 14).

2292 2605 2557 2660 «Adhuc
2607 2609 2787 2660 restat
2847 2604 3086 2660 afﬂictio
3137 2609 3192 2660 et
3225 2605 3462 2660 tentatio
3508 2623 3643 2674 una,
3698 2606 3755 2661 id
3793 2611 3886 2663 est

2221 2695 2415 2765 passio
2474 2695 2955 2765 concupiscentiae
3015 2693 3267 2749 carnalis
3298 2694 3594 2761 diuturna,
3645 2695 3704 2748 in
3756 2713 3886 2768 qua

2222 2784 2359 2854 quia
2385 2788 2440 2838 te
2473 2783 2799 2854 specialiter
2818 2787 3088 2838 vexatum
3119 2800 3247 2838 esse
3279 2783 3489 2854 credis,
3523 2784 3771 2855 ideoque
3819 2785 3883 2839 in

2219 2872 2328 2928 hac
2349 2873 2702 2927 assumenda
2733 2876 2872 2927 sunt
2901 2871 3230 2943 aliquorum
3253 2876 3487 2927 Patrum
3519 2871 3889 2945 exempla,ut

2217 2961 2275 3015 in
2307 2962 2666 3016 czeterisSed
2685 2961 2791 3016 hoc
2816 2961 2872 3014 in
2904 2961 3108 3032 primis
3147 2962 3514 3032 pensandum
3546 2961 3805 3033 est,quia
3829 2962 3883 3017 is

2217 3052 2315 3120 qui
2340 3049 2854 3121 nunquam,et[ille
2876 3050 2974 3120 qui
2996 3050 3212 3121 saepius
3231 3050 3422 3104 carnis
3436 3051 3885 3120 corruptionem

468 3139 578 3193 Sed
602 3143 658 3194 et
678 3136 1233 3205 alter,nihilominus
1247 3137 1346 3191 Dei
1361 3135 1547 3208 gratia
1560 3135 1833 3206 repletus,
1860 3135 2114 3190 maxima
2143 3128 2185 3194 C
2224 3145 2494 3210 expertus
2521 3139 2798 3207 est,nulla
2827 3143 3074 3210 possunt
3093 3137 3517 3204 colluctatione,
3547 3140 3874 3210 coaequari,

467 3227 796 3282 sanctitatis
823 3243 940 3281 suae
972 3226 1335 3281 monimenta
1366 3229 1485 3280 tam
1520 3225 1752 3295 scriptis
1785 3241 1962 3295 quam
1995 3240 2111 3277 mo-

465 3316 630 3371 ribus
663 3315 916 3386 reliquit.
951 3315 1098 3378 Quid
1147 3315 1331 3369 multa
1350 3314 1378 3368 ‘I
1408 3314 1699 3384 Quidquid
1751 3312 2106 3378 afﬂictionis,

467 3405 752 3476 quidquid
784 3408 1011 3460 constat
1040 3403 1255 3458 laboris
1287 3404 1347 3457 in
1377 3403 1593 3474 vigiliis
1643 3408 1699 3457 et
1748 3402 1808 3456 in
1840 3401 2106 3472 jejuniis,

471 3493 560 3548 vel
575 3494 632 3548 in
649 3492 983 3548 solitudinis
1005 3493 1242 3548 horrore
1260 3492 1386 3546 etin
1407 3490 1742 3546 vestimenti
1762 3490 2108 3560 abjectione,

466 3598 566 3637 seu
637 3581 695 3636 in
763 3581 1116 3636 desiderium
1182 3579 1506 3634 carnalium
1562 3579 1916 3634 devincenda
1972 3597 2110 3650 pas-

473 3670 654 3739 sione,
687 3669 772 3724 vel
810 3669 866 3722 in
900 3668 1227 3739 omnigenis
1253 3668 1476 3722 insidias
1507 3667 1804 3722 diobolica:
1836 3667 1984 3721 dolis
2010 3685 2108 3722 su-

465 3757 758 3828 perandis,
790 3757 1022 3811 eosdem
1055 3755 1314 3811 invenies
1345 3755 1444 3808 diu
1462 3755 1763 3820 tolerasse,
1789 3760 2106 3827 antequam

465 3846 538 3900 ad
579 3862 767 3900 arcem
829 3844 1222 3915 perfectionis,
1283 3861 1399 3914 qua
1447 3843 1718 3915 plurimis
1768 3845 2106 3915 praeferendi

465 3938 650 4000 erant,
682 3933 1070 4004 pervenirent.
1106 3933 1234 3986 Haec
1293 3932 1490 4003 igitur,
1549 3949 1764 4003 quaeso,
1799 3933 2108 4005 diligenter

466 4022 879 4088 animadverte,
913 4025 969 4074 et
1023 4024 1216 4074 tantas
1267 4020 1498 4075 Patrum
1550 4022 2106 4092 przenominatorum

465 4109 808 4164 afﬂictiones
840 4109 911 4162 ad
950 4112 1105 4175 tuas,
1129 4125 1275 4178 quas
1307 4113 1368 4163 tu
1402 4110 1694 4164 interdum
1725 4110 1992 4166 insolitas
2025 4129 2110 4166 ar-

465 4198 720 4264 bitraris,
745 4198 942 4252 confer
972 4196 1412 4266 tribulationes;
1447 4202 1502 4252 et
1531 4202 1668 4253 tunc
1701 4200 1898 4268 procul
1930 4200 2107 4254 dubio

469 4301 783 4356 cognosces
815 4285 951 4356 quia
981 4285 1140 4356 parvi
1177 4286 1325 4340 ﬁunt
1355 4303 1498 4357 quos
1529 4288 1701 4342 modo
1733 4288 1820 4342 vel
1845 4305 2106 4360 unquam

461 4374 1296 4446 pertulistidolores,quamvis
1330 4375 1506 4429 iidem
1537 4379 1735 4431 Patres
1749 4376 2106 4443 nullatenus,

2220 3228 2493 3292 Quamvis
2515 3227 2671 3282 enim
2704 3227 2938 3298 utrique
2961 3227 3398 3298 impugnatione
3417 3227 3578 3298 gravi
3601 3227 3886 3298 afﬂigan-

2221 3316 2392 3382 tur,is
2412 3322 2607 3371 tamen
2631 3316 2727 3386 qui
2754 3315 3090 3386 hujusmodi
3111 3314 3589 3386 vitio,fragilitate
3605 3315 3887 3372 humana

2220 3406 2659 3476 devictus,sape
2690 3404 3184 3471 succubuit,tanto
3214 3402 3478 3475 longiora
3509 3407 3566 3459 et
3594 3405 3878 3475 graviora

2219 3495 2561 3565 passionum
2604 3493 2927 3549 carnalium
2974 3491 3293 3547 certamina
3335 3493 3469 3562 jure
3521 3494 3872 3560 sustinebit,

2219 3588 2436 3652 quanto
2457 3582 2822 3653 frequentius
2842 3582 3061 3636 eisdem
3092 3580 3466 3650 passionibus
3498 3582 3886 3638 consentiens

2218 3675 2401 3725 semet
2430 3671 2702 3740 subjecit.
2737 3670 2854 3724 Hac
2902 3669 3084 3740 igitur
3133 3685 3193 3724 re
3237 3670 3598 3725 considerata
3636 3670 3889 3742 aliquos

2209 3760 2334 3829 jam
2360 3759 2667 3830 utriusque
2689 3757 2987 3829 qualitatis
3005 3757 3273 3813 homines
3297 3774 3362 3812 ex
3381 3757 3681 3828 Scriptura
3697 3776 3889 3816 sacra

2217 3849 2489 3917 probatos
2520 3848 2590 3902 ad
2624 3846 2951 3917 exemplum
2985 3863 3240 3917 assume,
3274 3851 3357 3916 ut,
3391 3850 3691 3917 perspecta
3719 3846 3888 3903 alio-

2217 3952 2348 3989 rum
2376 3935 2694 3991 tentatione
2725 3939 2899 4006 atque
2929 3933 3380 4000 1abore,facilius
3403 3933 3888 4006 impugnationis

2217 4032 2270 4079 et
2301 4024 2517 4080 laboris
2565 4025 2651 4079 tui
2697 4023 3081 4094 quantitatem
3141 4039 3443 4095 agnoscas.
3491 4023 3559 4077 Et
3604 4023 3890 4094 primum

2218 4113 2454 4184 quidem
2482 4111 2564 4167 illi
2597 4112 2695 4183 qui
2728 4129 2830 4182 pro
2862 4111 3146 4166 castitatis
3170 4110 3389 4166 intimae
3410 4111 3889 4182 perseverantia,

2216 4203 2423 4258 deinde
2454 4219 2586 4258 vero
2627 4201 2687 4255 hi
2718 4201 2818 4273 qui
2877 4216 2980 4272 pro
3014 4199 3405 4270 corruptionis
3435 4199 3891 4271 luxuriosaeque

2165 4321 2172 4328 -
2216 4292 2346 4347 vitae
2375 4291 2716 4362 poenitentia
2769 4290 2994 4362 agenda
3043 4293 3408 4344 certaverunt
3440 4293 3892 4360 proponantur.

2217 4381 2381 4436 Sicut
2412 4398 2546 4452 ergo
2579 4381 2952 4451 Dialogorum
2979 4378 3125 4432 liber
3158 4381 3376 4444 narrat,
3419 4382 3652 4432 sanctus
3685 4377 3895 4448 Equi-

461 4461 613 4518 sicut
641 4468 834 4536 tu,pro
865 4464 1175 4519 criminum
1197 4463 1531 4535 capitalium
1561 4465 1901 4536 poenitentia
1924 4483 2106 4521 mere-
2135 4489 2183 4555 D
2213 4470 2492 4536 tius,cum
2517 4469 3052 4540 injuventutissuze
3067 4472 3327 4537 tempore
3343 4465 3521 4521 nimio
3539 4464 3900 4522 carnalium

463 4555 663 4608 rentur
693 4552 941 4625 afﬂigi.»

1061 4641 1296 4698 CAPUT
1335 4641 1502 4696 XXV.

465 4728 628 4787 Varia
657 4735 1014 4801 ten-tatarum,
1037 4733 1347 4801 praesertim
1373 4748 1406 4785 α
1425 4733 1625 4802 spiritu
1646 4733 1906 4802 luxuria,
1930 4748 2109 4788 exem-

545 4803 662 4874 pla.
698 4803 913 4868 Quanta
942 4804 1278 4858 humiliandi
1305 4819 1402 4857 nos
1429 4807 1774 4858 necessitatas
1802 4807 1889 4874 sit,
1925 4809 2033 4859 etc.

539 4925 560 4952 α
594 4911 876 4962 Praeterea
919 4907 1023 4961 tibi
1070 4908 1125 4961 in
1166 4913 1328 4963 atate
1371 4908 1644 4980 primaeva
1676 4910 1858 4965 multo
1887 4912 2106 4982 majora

462 5011 640 5065 quam
699 4993 814 5048 illis
861 4995 1102 5049 humani
1144 4996 1333 5051 solatii
1384 4998 1740 5068 adjumenta,
1800 4999 2105 5072 multoque

459 5083 631 5156 plura
660 5100 838 5155 quam
870 5083 985 5138 illis
1017 5084 1282 5155 impensa
1311 5090 1449 5140 sunt
1478 5104 1510 5141 a
1543 5101 1632 5142 me
1663 5089 1960 5144 exterioris
2000 5089 2102 5144 ho-

460 5173 639 5227 minis
670 5174 895 5239 solatia,
929 5173 1142 5244 quibus
1166 5175 1298 5244 jure
1330 5174 1625 5242 incitatus,
1662 5176 1772 5231 ﬂde
1804 5183 1978 5249 atque
2011 5179 2105 5234 de-

459 5261 690 5325 votione
718 5277 933 5333 magna
963 5277 1270 5333 properare
1301 5263 1605 5319 debuisses
1624 5265 1693 5318 ad
1727 5265 2101 5322 obtinendam

459 5349 718 5405 hominis
775 5350 1065 5405 interioris
1126 5351 1458 5424 puritatem,
1519 5370 1645 5424 quae
1704 5371 1817 5410 non
1857 5357 1968 5411 nisi
2001 5372 2104 5428 per

461 5453 734 5509 magnam
791 5439 981 5494 carnis
1031 5440 1350 5511 acquiritur
1391 5441 1782 5499 atﬂiclionem.
1833 5446 1889 5499 Si
1921 5445 2098 5514 enim,

458 5524 569 5601 illi,
602 5526 902 5598 beneﬁciis
931 5530 1126 5604 parvis
1167 5531 1444 5608 primitus
1474 5533 1682 5608 adjuti,
1714 5534 1796 5594 ita
1823 5539 1965 5595 sunt
2011 5535 2102 5592 in-

2215 4558 2636 4614 desideriorum
2668 4556 2984 4612 certamine
3006 4554 3215 4610 fuisset
3244 4553 3706 4627 fatigatus,ipsis
3750 4571 3900 4610 sua

2217 4647 2536 4702 tentatione
2565 4645 2852 4718 angustiis
2880 4645 2950 4699 ad
2985 4642 3265 4699 orationis
3307 4642 3566 4697 studium
3598 4640 3908 4699 solertior

2217 4740 2305 4792 est
2336 4737 2546 4791 factus.
2581 4735 2843 4805 Cumque
2875 4732 2983 4788 hac
3012 4733 3069 4786 in
3103 4747 3164 4786 re
3215 4732 3286 4785 ab
3318 4730 3714 4801 omnipotente
3756 4731 3902 4788 Deo

2216 4826 2539 4880 remedium
2571 4823 2864 4879 continuis
2893 4821 3163 4893 precibus
3185 4823 3484 4890 quaereret,
3518 4823 3687 4874 nocte
3717 4836 3902 4891 qua-

2215 4913 2350 4968 dam
2397 4912 2706 4968 assistente
2758 4909 2962 4982 angelo
3016 4906 3388 4963 eunuchizari
3421 4923 3481 4962 se
3520 4906 3683 4962 vidit.
3721 4907 3906 4966 Ecce

2215 5006 2498 5072 quantum
2532 5006 2768 5055 sanctus
2800 5001 2908 5054 iste
2933 4996 3238 5063 laboravit,
3288 4995 3389 5067 qui
3421 5000 3638 5067 quanto
3671 4998 3908 5070 magis

2215 5091 2858 5161 impugnabatur,tanto
2882 5084 3206 5142 studiosius
3221 5085 3404 5140 oravit
3417 5102 3488 5140 ne
3509 5084 3902 5144 vinceretur.

2284 5201 2312 5228 ‹‹
2347 5178 2408 5232 In
2439 5176 2846 5233 collationibus
2870 5191 3104 5248 quoque
3126 5178 3368 5229 Patrum
3389 5174 3459 5229 de
3483 5173 3734 5246 quodam
3777 5175 3910 5230 ab-

2210 5268 2344 5322 bate
2370 5267 2601 5334 eximio,
2635 5266 2869 5322 nomine
2901 5267 3135 5335 Sereno,
3170 5263 3381 5336 legitur
3399 5263 3554 5335 quia,
3590 5279 3722 5317 cum
3766 5280 3907 5335 pro

2211 5355 2444 5411 interna
2474 5354 2731 5426 corporis
2753 5359 2808 5410 et
2839 5355 3045 5408 animae
3074 5352 3338 5407 castitate
3373 5350 3675 5406 nocturnis
3704 5350 3908 5407 diur—

2213 5445 2423 5517 nisque
2453 5445 2743 5516 precibus,
2771 5442 3016 5516 jejuniis
3046 5442 3222 5498 etiam
3253 5457 3318 5494 ac
3353 5438 3566 5511 vigiliis
3596 5437 3912 5512 infatiga-

2211 5534 2402 5594 biliter
2450 5535 2769 5606 insisteret,
2802 5532 3114 5593 adveniens
3141 5529 3213 5589 ad
3243 5544 3378 5588 eum
3409 5528 3469 5586 in
3500 5527 3716 5588 visione
3757 5544 3912 5611 pq.
