4108 6188
250 315 378 374 233

246 553 405 602 rum,
435 534 757 607 quamdam
803 533 1052 606 ignita‘m
1100 535 1298 592 carnis
1328 540 1619 591 strumam
1652 537 1722 593 de
1770 538 1898 608 ejus

242 624 571 682 Visceribus
601 622 856 679 avellens
877 627 1052 695 atque
1072 623 1384 696 projiciens
1407 624 1652 697 suisque
1683 625 1897 692 omnia,

240 719 308 770 ut
338 715 589 781 fuerant,
623 711 769 768 locis
797 712 1080 768 intestina
1111 714 1425 770 restituens
1451 733 1463 770 ε
1489 715 1653 782 Ecce,
1686 714 1896 786 inquit,

240 804 536 860 incentiva
563 801 758 857 carnis
779 806 892 857 tuae
924 801 1191 858 abscissa
1219 808 1379 873 sunt,
1404 808 1459 859 et
1488 803 1812 860 obtinuisse
1843 808 1900 859 te

243 892 477 949 noveris
507 891 790 946 hodierna
804 890 899 946 die
915 896 1255 962 perpetuam
1278 892 1537 964 corporis
1559 892 1896 964 puritatem,

243 997 420 1054 quam
470 979 722 1035 ﬁdeliter
769 979 1108 1051 poposcisti.
1142 981 1284 1036 Ecce
1335 981 1493 1037 vides
1541 985 1791 1053 quantos
1823 981 1901 1037 sit

240 1086 456 1144 passus
486 1073 544 1125 et
572 1068 683 1124 iste
738 1067 988 1124 labores.
1021 1071 1386 1142 Quapropter
1429 1074 1494 1126 ut
1523 1087 1694 1126 nemo
1724 1087 1897 1126 excu-

245 1159 536 1216 sationem
588 1156 678 1214 vel
702 1157 1102 1214 ‘difﬁdentiam
1153 1159 1364 1215 habeat
1391 1176 1460 1216 ea
1493 1176 1620 1232 quae
1653 1159 1900 1217 fideliter

243 1248 435 1321 poscit
464 1247 779 1320 impetrare
809 1262 925 1302 non
954 1262 1146 1319 posse,
1173 1235 1328 1320 quod
1364 1247 1596 1321 utrique
1626 1254 1896 1305 constan-

245 1342 335 1393 ter
363 1336 660 1410 petierunt
687 1335 922 1407 assequi
964 1341 1325 1393 meruerunt.
1360 1338 1430 1392 Et
1461 1343 1526 1393 ut
1553 1337 1895 1409 hujusmodi

243 1425 513 1497 exempla
540 1441 658 1481 non
709 1423 902 1480 solum
930 1424 990 1480 in
1024 1425 1270 1498 fortiori,
1304 1427 1404 1482 sed
1453 1427 1632 1482 etiam
1663 1427 1722 1482 in
1756 1443 1896 1483 sexu

243 1514 466 1570 habeas
492 1512 776 1581 inferiori,
802 1513 862 1568 in
892 1514 1019 1568 Vita
1047 1518 1285 1570 Patrum
1318 1520 1592 1570 narratur
1619 1516 1896 1586 quoniam

242 1601 544 1660 abbatissa
573 1602 842 1674 quaedam
903 1610 1125 1668 sancta,
1161 1603 1397 1659 nomine
1427 1604 1591 1674 Sara,
1614 1603 1895 1660 tredecim

243 1690 414 1748 annis
466 1691 693 1746 fortiter
741 1707 774 1745 a
822 1690 1511 1748 fornicationisdaemone
1558 1693 1634 1749 sit
1663 1693 1895 1765 impug-

241 1784 402 1848 nata,
434 1784 491 1834 et
539 1795 842 1851 nunquam
893 1781 1183 1851 rogaverit
1235 1784 1299 1835 ut
1352 1781 1677 1836 discederet
1722 1782 1794 1836 ab
1826 1797 1894 1836 ea

241 1868 585 1940 bujusmodi
618 1883 838 1941 pugna,
869 1868 971 1924 sed
999 1868 1106 1924 hoc
1139 1868 1331 1924 solum
1363 1869 1569 1925 dixerit
1593 1887 1606 1926 :
1632 1871 1716 1925 Da
1745 1870 1890 1925 mihi

241 1957 667 2029 fortitudinem,
722 1958 891 2012 Deus.
925 1957 1066 2014 Ecce
1113 1958 1257 2013 fides
1288 1957 1480 2029 qualis
1526 1963 1583 2013 et
1634 1964 1892 2032 quantus

242 2063 408 2102 amor
434 2047 668 2118 pietatis
693 2047 705 2100 !
743 2047 882 2101 Ecce
911 2046 1051 2118 quid
1077 2052 1320 2118 uterque
1351 2063 1524 2103 sexus
1544 2046 1895 2104 laboraverit

244 2153 352 2208 pro
379 2136 587 2192 virtute
618 2136 906 2190 castitatis
933 2136 946 2190 l
986 2142 1058 2191 De
1090 2151 1344 2208 quorum
1377 2136 1640 2192 omnium
1674 2137 1894 2208 purita-

243 2225 327 2280 tis
357 2223 684 2280 constantia
708 2223 860 2278 sicut
893 2223 1093 2296 procul
1126 2241 1187 2279 es
1216 2224 1568 2291 eil‘ectus,ita
1602 2226 1901 2282 etiam‘eo~'

238 2329 373 2369 rum
406 2313 662 2368 laborem
695 2317 754 2368 et
798 2311 1302 2385 impugnationem
1357 2329 1659 2385 nunquam
1693 2315 1889 2370 fueras

236 2406 531 2475 expertus.
563 2401 979 2470 Quamobrem,
1003 2402 1140 2472 quia
1170 2404 1655 2474 pert‘ectorum,et
1686 2403 1745 2458 in
1769 2412 1893 2460 cas-

236 2481 410 2548 titate
438 2491 935 2564 perseverantium
959 2492 1117 2546 omni
1150 2492 1322 2546 modo
1346 2492 1642 2563 discrepas
1665 2493 1890 2548 meritis

240 2586 419 2652 atque
439 2579 644 2645 labori,
662 2579 966 2634 videamus
997 2580 1047 2634 si
1069 2578 1154 2634 vel
1174 2596 1398 2648 eorum,
1422 2594 1672 2652 quorum
1697 2580 1890 2652 impu-

240 2661 457 2725 dicitia:
490 2675 546 2724 et
572 2667 1024 2740 irreligiositatis
1059 2667 1255 2723 minus
1282 2668 1613 2740 discrepare
1655 2669 1888 2740 videris,

235 2757 603 2814 tribulationi
628 2773 863 2829 quoque
888 2760 944 2812 et
963 2757 1424 2829 'impugnationi,
1441 2773 1617 2829 quam
1651 2774 1754 2830 pro
1771 2775 1890 2830 poe-

235 2839 486 2904 nitentia
498 2847 727 2919 agenda
744 2844 1510 2918 pertulerunt,aliquatenus
1523 2845 1889 2902 assimileris.

308 2959 337 2986 ‹‹
372 2925 609 3008 Legitur
633 2935 852 3006 quippe
882 2933 940 2988 in
963 2951 1143 3006 supra
1163 2934 1317 2990 dicta
1338 2934 1469 2990 Vita
1491 2935 1731 2990 Patrum
1753 2935 1894 3005 quia

231 3017 412 3080 fuerit
441 3024 683 3096 quidam
716 3023 806 3077 vir
835 3022 1012 3078 vitam
1043 3023 1447 3096 turpissimam
1481 3040 1659 3095 super
1686 3037 1891 3079 omnes

230 3114 455 3170 vicinos
477 3131 619 3170 suos
637 3111 978 3181 ducens,ita
1009 3116 1072 3167 ut
1097 3113 1541 3184 opinatissimus
1570 3113 1627 3167 in
1653 3111 1889 3185 ﬂagitiis

1399 316 1549 375 LIB.
1597 316 1698 376 DE
1742 317 2000 380 CURSU
2043 318 2512 381 SPllllTUALi.

251 455 462 504 cturna
490 443 736 517 angelus
759 443 988 500 Domini
1017 445 1263 518 ejusque
1292 445 1449 502 velut
1480 448 1746 519 aperiens
1777 452 1901 504 ute-
1930 452 1982 515 Α

3543 312 3672 388 231‘

2086 473 2112 498 ‹‹
2147 449 2293 514 Quid
2323 465 2456 522 ergo
2479 450 2584 506 tibi
2603 451 2661 512 in
2679 451 3018 523 hujusmodi
3042 454 3483 529 impugna‘tibne
3501 457 3661 514 vide-

2010 543 2106 592 tur
2125 539 2152 592 ?
2183 539 2479 610 Nunquid,
2505 537 2642 611 quia
2659 545 2716 596 te
2747 558 2927 614 supra
2952 543 3170 600 multos
3196 544 3439 602 occultis
3460 563 3524 602 ac
3545 561 3661 603 ma-

2010 627 2238 683 nifestis
2254 627 2734 685 tribulationibus
2757 647 3098 702 oppressum
3125 623 3253 690 esse
3276 635 3664 706 saepius'aeSti4

2010 716 2233 782 mabas,
2258 715 2372 770 tale
2402 715 2625 788 aliquid
2657 734 2918 790 unquam
2937 729 3162 792 passus'
3182 739 3310 779 eras
3335 722 3364 778 ?
3385 723 3669 790 Quinimo’

2007 803 2178 876 longe
2208 804 2536 861 minoribus
2558 803 2904 878 subjacebas
2921 811 3362 868 tentationibus.
3379 798 3501 868 Sed
3524 813 3662 870 licet

2008 893 2269 965 exemplo
2299 894 2441 950 satis
2473 893 2582 950 hbe
2613 893 2694 951 sis
2727 891 2918 952 victus
2950 899 3022 954 ab
3053 909 3193 969 uno,
3226 906 3329 972 pro
3361 901 3664 959 eo'tam'en”

2009 983 2164 1054 quod
2189 983 2247 1038 in
2266 982 2509 1039 occultis
2532 989 2588 1040 et
2606 984 3014 1056 spiritualibus
3040 981 3663 1047 tentatioriibus'ma'ix'i4

2009 1087 2101 1126 me
2131 1076 2185 1127 te
2213 1076 2479 1128 vexatum
2513 1074 2840 1139 arbitraris,
2873 1074 3052 1144 aliud,
3088 1076 3146 1131 in
3190 1087 3306 1148 qlio
3334 1062 3658 1151 spiritiialis

2006 1162 2237 1214 tantum
2260 1160 2627 1232 impugnatio
2655 1161 3276 1236 declaratur,prolerre
3303 1164 3446 1221 libet
3465 1153 3657 1222 exeni-

2007 1246 2194 1318 plum.
2231 1249 2469 1321 Legitur
2499 1251 2850 1322 namquede'
2874 1249 3078 1308 sancta
3098 1247 3668 1328 Maria/Egyptiaba'

2008 1337 2284 1408 quoniam
2315 1337 2470 1394 inter
2499 1343 2726 1410 caetera,
2759 1357 2886 1413 qua:
2917 1342 3157 1398 Zosimaa
3202 1339 3400 1400 abbati
3426 1346 3498 1400 de
3526 1345 3664 1400 vitai

2007 1426 2517 1499 conversionisque
2574 1446 2692 1484 suae
2743 1427 3030 1501 qualitate
3063 1427 3370 1501 referebat,
3430 1423 3650 1491 dixit”:

2005 1513 2186 1570 Crede
2235 1516 2402 1582 mihi,
2436 1517 2604 1583 abba,
2638 1520 2836 1575 decem
2866 1524 2924 1575 et
2955 1515 3176 1592 septem
3228 1523 3398 1579 annis
3432 1513 3668 1580 feriset'

2003 1602 2510 1662 irrationabilibus
2539 1606 2804 1664 luctabar
2833 1605 3162 1667 desideriis:
3193 1611 3408 1683 Etpost‘
3436 1603 3649 1684 pauca:

2003 1692 2396 1764 Cogitationes
2427 1699 2645 1762 autem,
2680 1713 2808 1768 quae
2859 1698 2930 1753 ad
2965 1698 3407 1756 fornicationem
3437 1691 3663 1758 iterum'

2005 1779 2434 1853 compellebant
2463 1799 2576 1847 me,
2605 1783 2897 1854 quombdo
2920 1784 3024 1839 tibi
3054 1782 3340 1842 enarrare
3358 1788 3655 1859 possum"?

2002 1867 2161 1940 Ignis
2190 1869 2350 1925 intus
2381 1870 2581 1926 infelix
2609 1887 2821 1944 corpus
2855 1872 3064 1929 meum
3082 1868 3652 1933 nimius‘su‘ccende—

2001 1956 2120 2024 bat,
2153 1963 2214 2013 et
2250 1975 2340 2013 me
2373 1964 2476 2030 per
2522 1959 2720 2015 omnia
2766 1961 3045 2017 exurebat
3089 1966 3146 2017 et
3188 1963 3260 2018 ad
3293 1964 3658 2022 desiderium

2002 2045 2433 2103 commistionis
2464 2048 2750 2104 trahebat.
2785 2049 2935 2104 Dum
2984 2059 3128 2123 ergo
3151 2051 3287 2107 talis
3317 2046 3661 2110 ascenderet

2002 2135 2296 2206 cogitatio,
2333 2138 2774 2207 prasternebam
2808 2154 2899 2193 me
2931 2137 2990 2193 in
3021 2139 3258 2207 terram,
3291 2145 3350 2196 et
3378 2133 3652 2215 lacrimis

2000 2235 2138 2279 eam
2160 2223 2501 2303 infundens,
2523 2224 2710 2296 ipsam
2743 2226 2887 2282 mihi
2918 2227 3198 2284 veraciter
3229 2223 3651 2302 astare‘sperat

2000 2312 2158 2377 bam,
2184 2329 2312 2384 quae
2335 2329 2428 2368 me
2457 2313 2572 2369 fide
2593 2315 2874 2385 jusserat,
2895 2315 2954 2370 id
2973 2321 3058 2371 est
3085 2317 3522 2374 sanctissimam
3546 2313 3652 2376 Πθί

2001 2401 2373 2469 Genitricem,
2407 2407 2465 2458 et
2495 2402 2578 2458 sic
2626 2419 2729 2474 per
2757 2405 2956 2459 decem
2985 2405 3041 2460 et
3085 2404 3310 2478 septem
3360 2403 3666 2464 annOrum'

2002 2490 2359 2547 curriculum
2393 2490 2687 2562 periculis,
2721 2496 2786 2546 ut
2817 2493 2954 2559 dixi,
2987 2491 3271 2549 luctabar.
3303 2495 3448 2551 Ecce
3489 2495 3670 2552 vides

2002 2585 2288 2650 quantum
2323 2588 2435 2635 non
2458 2579 2653 2636 solum
2683 2580 2890 2648 virilis,
2910 2581 3009 2636 sed
3037 2581 3228 2637 etiam
3250 2581 3538 2640 femineus
3560 2581 3648 2640 se-

2000 2684 2109 2722 xus
2140 2667 2486 2723 laboraverit
2506 2671 2563 2723 et
2587 2685 2689 2739 pro
2718 2667 3073 2741 integritatis
3112 2669 3445 2728 constantia
3460 2678 3517 2728 et
3543 2688 3646 2745 pro

2002 2755 2397 2828 corruptionis
2447 2757 2806 2828 poenitentia.
2851 2758 3127 2830 Nunquid
3177 2775 3314 2832 ergo
3363 2760 3562 2817 decem
3595 2766 3654 2817 et

2002 2849 2224 2917 septem
2257 2846 2427 2901 annis
2449 2846 2575 2914 jam
2607 2845 2906 2914 laborasti,
2939 2864 3210 2920 pugnans
3263 2845 3466 2905 contra
3495 2850 3650 2922 cogi-

2001 2935 2249 2990 tationes
2280 2934 2709 2990 desideriorum
2763 2935 3085 2991 carnalium
3105 2937 3134 2991 ?
3162 2936 3308 3000 Quid
3341 2937 3535 2993 autem
3568 2943 3677 2993 tot

2002 3037 2185 3077 annos
2217 3021 2366 3092 dico,
2392 3021 2493 3093 qui
2523 3038 2627 3078 nec
2658 3032 2774 3079 uno
2798 3033 3010 3096 paesus
3041 3040 3102 3079 es
3136 3028 3297 3081 tanta
3323 3027 3477 3082 anno
3511 3027 3656 3082 inte-

2001 3126 2103 3181 gro
2123 3110 2152 3164 ?
2181 3110 2448 3166 Nondum
2490 3127 2627 3184 ergo
2657 3111 2874 3168 laboris
2920 3113 3077 3169 viam
3110 3113 3334 3186 coepisti
3365 3121 3422 3172 et
3452 3120 3652 3172 tamen

233 3193 569 3258 haberetur.
596 3201 702 3256 Hic
735 3187 1052 3272 aliquando
1067 3201 1168 3256 Dei
1201 3200 1575 3257 miseratione
1605 3218 1888 3274 compun-
1918 3185 1974 3253 C'
2004 3198 2165 3254 velut
2193 3216 2262 3254 ex
2285 3199 2481 3256 labore
2512 3200 2790 3272 fatigatus
2814 3203 2938 3270 jam
2972 3185 3254 3258 defecisti.

233 3293 370 3346 ctus
391 3290 463 3345 ad
485 3283 893 3362 paenitentiam
915 3291 1287 3357 convertitur,
1307 3295 1363 3345 et
1383 3290 1538 3344 intra
1559 3289 1893 3362 sepulcrum

235 3378 545 3453 quoddam
569 3394 632 3434 se
653 3377 1006 3434 concludens
1028 3378 1290 3450 priorum
1314 3378 1599 3434 scelerum
1623 3377 1896 3450 pollutio-

233 3485 345 3524 nes
376 3468 776 3540 lacrymarum
810 3466 1072 3522 fontibus
1112 3466 1392 3522 diluebat.
1425 3471 1686 3538 Cumque
1713 3467 1772 3521 in
1804 3467 1897 3522 his

234 3556 445 3630 posito
478 3554 532 3610 ei
574 3554 936 3612 hebdomade
982 3556 1311 3622 transisset,
1345 3560 1519 3611 noctu
1553 3555 1795 3610 veniunt
1825 3555 1896 3610 ad

237 3662 379 3701 eum
419 3645 718 3699 daemones
764 3645 817 3698 in
849 3643 1118 3716 sepulcro
1143 3643 1466 3700 clamantes
1497 3648 1553 3699 et
1595 3644 1853 3700 dicentes
1882 3661 1894 3698 :

239 3733 391 3798 Quid
415 3732 676 3806 estquod
695 3733 840 3806 agis,
857 3751 888 3788 o
907 3733 1308 3806 impurissime
1325 3739 1379 3789 et
1397 3732 1855 3806 ﬂagitiosissime
1872 3733 1899 3788 Ὺ

239 3813 562 3895 Postquam
596 3823 757 3878 omni
787 3823 1070 3895 spurcitia
1100 3822 1347 3879 satiatus
1380 3839 1462 3892 es,
1486 3838 1641 3878 nunc
1672 3840 1703 3878 a
1728 3822 1896 3878 nobis

243 3917 441 3966 castus
491 3916 550 3967 et
600 3909 912 3984 religiosus
963 3912 1215 3984 effugere
1261 3911 1473 3984 cupis?
1522 3911 1704 3979 Nolis,
1733 3911 1895 3980 velis,

245 4000 452 4056 amodo
480 4017 640 4056 unus
672 4017 740 4055 ex
762 3999 935 4056 nobis
965 4000 1099 4056 eris.
1127 4000 1255 4055 Haec
1285 4005 1342 4055 et
1372 4000 1712 4072 hujusmodi
1735 3999 1904 4072 plura

245 4089 738 4162 exprobrantibus
761 4089 867 4156 eis,
902 4087 1248 4160 illejacebat
1279 4088 1619 4160 immobilis,
1647 4105 1718 4144 ne
1737 4083 1902 4145 audi-

241 4173 371 4234 tum
400 4179 642 4250 quidem
663 4194 836 4233 suum
864 4184 1205 4234 convertens
1228 4179 1300 4233 ad
1331 4195 1449 4245 eos,
1474 4195 1577 4233 nec
1602 4177 1718 4234 ullo
1744 4177 1902 4250 peni-

245 4272 344 4321 tus
363 4283 635 4322 sermone
660 4267 1043 4340 respondens.
1067 4270 1327 4338 Cumque
1361 4265 1442 4322 illi
1475 4267 1679 4338 saepius
1702 4267 1900 4322 eadem

249 4361 578 4428 repeterent
601 4373 705 4412 nec
726 4355 824 4411 ille
863 4355 1101 4412 omnino
1129 4361 1476 4420 moveretur,
1500 4361 1640 4411 tunc
1664 4356 1722 4410 in
1748 4357 1902 4411 furo-

246 4461 372 4500 rem
409 4444 686 4501 commoti
719 4446 1015 4501 daemones
1036 4445 1376 4500 verberibus
1407 4461 1542 4500 eum
1574 4444 1905 4500 afflixerunt

2079 3310 2106 3338 ‹‹
2138 3289 2247 3344 Sed
2282 3288 2389 3344 etsi
2422 3305 2568 3360 quas
2597 3289 3040 3357 tentationis,'et
3069 3291 3437 3346 adversitatis
3470 3290 3650 3346 mole-

2006 3377 2150 3432 stias
2181 3377 2484 3449 perlerres,
2511 3378 2777 3448 nunQuid
2805 3379 3112 3449 propterea
3131 3379 3423 3449 patientiae
3447 3385 3504 3434 et
3523 3381 3650 3450 spei

2009 3465 2522 3538 solatia’deponere
2548 3466 2724 3521 debes
2745 3465 2772 3520 ?
2795 3466 2998 3521 Nonne
3018 3471 3076 3521 et
3100 3469 3169 3521 ex
3189 3483 3369 3538 supra
3389 3467 3656 3524 comma?

2009 3555 2251 3610 moratis
2267 3559 2600 3610 sanctorum
2627 3553 2859 3609 Patrum
2883 3553 3162 3627 exemplis
3185 3557 3320 3610 etex
3342 3555 3654 3628 Scriptura!

2009 3661 2185 3701 sacrae
2210 3643 2515 3699 sententiis
2537 3655 2850 3715 agnoscere
2873 3647 3036 3716 potes
3059 3643 3199 3699 utile
3218 3659 3346 3700 esse
3366 3661 3432 3700 ac
3453 3661 3652 3702 neces-

2010 3734 2229 3789 sarium
2252 3733 2502 3805 perferre
2522 3731 2910 3788 tentatlones?
2930 3733 3134 3788 Petrus
3153 3737 3405 3804 namque
3425 3737 3657 3807 aposto-

2011 3822 2104 3878 lus
2135 3823 2276 3877 dicit
2307 3838 2320 3877 :
2357 3820 2920 3891 Charissimi,'notite
2955 3824 3309 3893 peregrinari
3337 3824 3396 3877 in
3425 3822 3657 3895 fervore,

2011 3913 2106 3983 qui
2133 3911 2203 3966 ad
2235 3912 2589 3966 tentationem
2636 3912 2785 3966 vobis
2813 3912 2877 3980 ﬁt
2907 3913 3066 3982 quasi
3102 3911 3321 3982 aliquid
3351 3915 3481 3969 novi
3505 3913 3660 3969 vobis

2011 4003 2344 4071 contingat;
2397 3999 2488 4055 sed
2534 4001 2998 4056 communicantes
3045 4001 3262 4060 .Christi
3305 4000 3661 4073 passionibus

2011 4090 2239 4159 gaudete
2269 4089 2312 4160 (Ι
2342 4090 2486 4144 Petr.
2516 4105 2591 4155 IV,
2626 4089 2713 4154 12,
2739 4089 2846 4160 13).
2877 4088 3132 4145 Jacobus
3163 4090 3337 4145 etiam
3361 4091 3685 4162 apostolus

2013 4179 2179 4235 docet
2200 4178 2398 4234 dicens
2426 4195 2439 4234 :
2466 4178 2634 4232 Omne
2659 4177 2923 4246 gaudium
2942 4180 3272 4245 existimate,
3296 4179 3508 4253 fratres
3525 4181 3659 4245 mei,

2011 4284 2134 4322 cum
2168 4269 2230 4329 in
2278 4265 2601 4322 tentationes
2653 4267 2840 4320 varias
2891 4265 3220 4338 incideritis,
3250 4267 3686 4339 scientes'quod'

2010 4357 2259 4428 probatio
2290 4355 2420 4425 ﬁdei
2470 4363 2661 4410 vestra?
2687 4356 3014 4424 patientiam
3060 4365 3352 4426 operatur;
3387 4358 3665 4428 patientia

2012 4455 2194 4500 autem
2224 4460 2354 4516 opus
2381 4446 2688 4516 perfectum
2718 4444 2897 4512 habet,
2930 4449 2994 4498 ut
3036 4446 3491 4516 sitis'perfectiet
3521 4446 3660 4499 intea

246 4533 927 4620 multisque'cruciatuzn
952 4531 1262 4606 suppliciis
1285 4533 1628 4589 semivivum
1655 4533 1904 4605 relique-
1937 4557 1982 4620 D
2011 4537 2103 4605 gri
2134 4536 2191 4588 in
2222 4534 2377 4588 nullo
2408 4533 2719 4603 deﬁcientes
2749 4537 2898 4596 (Jac.
2934 4549 2972 4598 1,
3006 4533 3118 4602 23).
3156 4533 3296 4587 Item
3337 4534 3491 4588 idem
3523 4548 3666 4604 apo-

247 4626 410 4678 rant.
449 4611 549 4677 Ille
579 4619 774 4678 tamen
797 4627 882 4678 tot
904 4622 1258 4678 cruciatibus
1282 4639 1384 4677 nec
1416 4627 1631 4678 moveri
1663 4623 1849 4694 potuit
1870 4639 1905 4677 a

249 4709 400 4778 loco,
429 4711 488 4766 in
513 4728 629 4784 quo
651 4710 933 4768 orationis
963 4728 1139 4768 causa
1162 4711 1446 4782 jacuerat.
1473 4710 1748 4784 Sequenti
1772 4728 1904 4767 vero

251 4799 425 4855 nocte
456 4798 752 4856 daemones
784 4800 998 4855 iterum
1048 4799 1344 4855 venientes
1375 4798 1738 4872 gravioribus
1769 4815 1903 4854 eum

249 4888 591 4946 verberibus
609 4889 990 4958 cruciabant;
1019 4889 1120 4944 sed
1140 4873 1244 4944 nec
1269 4894 1407 4943 tunc
1437 4888 1670 4960 quidem
1693 4890 1908 4944 moveri

247 4977 504 5034 valuita
559 4979 703 5045 loco,
739 4978 950 5034 melius
1003 4995 1130 5034 esse
1161 4978 1362 5033 dicens
1414 4983 1659 5057 mortem
1713 4979 1909 5034 subire

250 5069 438 5136 quam
467 5063 620 5122 uitro
645 5057 1009 5123 daemonibus
1040 5067 1293 5122 obedire.
1320 5065 1716 5122 Nihilominus
1740 5072 1910 5123 tertia

251 5159 430 5210 necte
449 5151 767 5211 multitudo
791 5145 1122 5212 daemonum
1149 5155 1436 5222 convenit,
1469 5162 1526 5211 et
1548 5157 1770 5228 absque
1793 5155 1912 5211 ulla

253 5235 638 5299 miseratiOne
658 5244 719 5300 in
739 5243 874 5301 eum
896 5245 1183 5302 irruentes
1201 5245 1476 5300 omnibus
1490 5246 1676 5318 pmnis
1693 5237 1924 5300 crucia?

252 5333 538 5404 tﬂiusque
560 5331 842 5389 afficiunt.
860 5327 1122 5406 cumque
1139 5335 1265 5406 jam
1297 5350 1507 5406 corpus
1524 5334 1830 5391 defecisset
1852 5335 1910 5390 in

250 5419 593 5495 suppliciis,
625 5421 923 5479 extremus
952 5429 1145 5479 tamen
1178 5421 1423 5495 spiritus
1453 5423 1912 5479 obsistebatim-

249 5501 427 5584 perit)
455 5507 809 5569 daemonum.
846 5511 1007 5579 Quod
1040 5504 1155 5566 'ubi
1189 5511 1353 5583 impii
1401 5511 1696 5580 viderunt,
1726 5512 1915 5570 excla-

239 5593 502 5658 manus
524 5605 662 5659 vec'e
681 5599 910 5675 magna
941 5617 954 5658 ε
996 5591 1223 5669 Vicisti,
1256 5601 1553 5674 inquiunt,
1587 5600 1803 5658 vicisti.

581 5728 847 5795 Parnm"
891 5725 1148 5794 CXLVI.

2015 4623 2198 4680 stolus
2229 4622 2370 4678 dicit
2401 4641 2415 4678 ;
2450 4625 2645 4678 Beatus
2675 4624 2762 4676 vir
2789 4624 2886 4692 qui
2913 4623 3106 4692 su/l'ert
3135 4623 3507 4691 tentationem,
3530 4637 3668 4692 quo-

2012 4716 2168 4768 niam
2213 4729 2336 4768 cum
2373 4713 2632 4782 probatus
2674 4712 2864 4781 fuerit,
2924 4710 3152 4778 accipiet
3197 4725 3455 4765 coronam
3506 4711 3666 4778 vita,

2015 4818 2181 4874 quam
2211 4788 2521 4872 repromisit
2548 4801 2687 4854 Deus
2717 4799 3071 4868 diligentibus
3100 4798 3370 4869 se‘(lbid.,
3395 4799 3669 4870 12)‘.Hinc
3687 4802 3720 4860 '.

2016 4896 2073 4946 et
2090 4883 2307 4945 Paulus
2329 4887 2628 4960 apostolus
2642 4887 2723 4942 ait
2748 4903 2760 4942 :
2787 4886 3100 4942 Gloriamur
3114 4888 3172 4941 in
3194 4887 3676 4956 tribulationibus,

2015 4982 2244 5035 scientes
2264 4978 2404 5050 quod
2430 4978 2724 5033 tribulatio
2747 4977 3081 5049 patientiam
3098 4980 3376 5048 operatur,
3393 4977 3690 5049 patientia

2018 5078 2201 5124 autem
2231 5069 2624 5139 probationem,
2675 5067 2925 5137 probatio
2951 5070 3135 5137 spem,
3167 5082 3284 5138 spes
3325 5070 3522 5122 autem
3557 5067 3670 5123 non

2020 5157 2310 5231 confundit
2337 5158 2572 5228 (Romv,
2605 5155 3128 5231 3-5).gllujusmodi
3151 5173 3286 5228 ergo
3321 5156 3673 5211 documenta

2021 5252 2076 5303 et
2109 5249 2162 5300 in
2215 5251 2369 5301 Novo
2400 5250 2456 5300 et
2504 5246 2561 5300 in
2607 5245 2796 5300 Veteri
2845 5244 3673 5311 Testamento"inveniuntur,

2023 5335 2228 5403 multa,
2275 5335 2489 5407 quibus
2520 5335 2812 5406 si‘jugiter
2834 5333 3241 5400 intendis,non
3273 5332 3464 5388 solum
3489 5337 3674 5388 tentae

2024 5426 2210 5480 tiones
2231 5422 2522 5496 quaslibet
2545 5423 2912 5478 advenientes
2936 5421 3166 5477 facilius
3190 5421 3470 5491 devincis,
3495 5422 3597 5478 sed
3615 5424 3692 5477 'et'

2025 5513 2265 5583 majoris
2289 5511 2682 5585 intelligentia
2707 5512 2860 5567 dona
2891 5511 3285 5583 consequeris.
3315 5512 3418 5567 Via:
3446 5513 3594 5567 enim
3616 5512 3708 5567 in”

2023 5603 2234 5673 muttis,
2269 5605 2331 5658 ut
2362 5601 2645 5675 scriptum
2677 5605 2784 5670 est,
2810 5601 3065 5673 expertas
3093 5600 3352 5673 cog'itab'it
3380 5601 3602 5666 multa;
3626 5601 3685 5661 et

3317 5727 3358 5796 8
