4098 6172
411 292 524 349 235

1421 286 1763 346 0THLONI
1809 285 2162 346 MONACHI
2210 286 2272 345 S.
2322 281 2815 343 EMMERAMMI

3696 282 3811 340 236

412 423 508 493 qui
536 421 709 475 multa
755 418 946 473 didicit
992 418 1246 472 narrabit
1278 417 1613 473 intellectum
1644 417 1829 487 (Eccli.
1864 434 2052 487 xxx1v,
2084 418 2138 483 Α
2170 433 2273 488 per
2292 416 2509 488 gradus
2527 414 2811 486 quosdam
2831 413 2902 468 ad
2934 411 3139 467 altiora
3163 410 3445 483 paulatim
3466 412 3808 481 ascendens,

410 512 487 581 9).
518 511 694 581 Cujus
724 507 990 562 videlicet
1036 507 1117 560 rei
1151 506 1432 561 indicium
1474 507 1532 560 in
1582 508 1889 578 temetipso
1923 524 2053 578 pro-

420 601 553 654 bare
581 598 756 665 vales,
783 595 920 666 quia
952 595 1065 650 nisi
1097 595 1255 650 varia
1284 596 1673 651 tentationum
1703 596 1971 651 molestia
2002 599 2057 650 et

415 704 555 741 cura
584 686 933 741 exercitatus
964 701 1143 751 esses,
1180 701 1551 757 nequaquam
1604 690 1768 740 tanta
1797 684 2056 755 Scriptu-

418 792 613 830 rarum
648 777 998 829 documenta
1033 774 1123 829 vel
1155 774 1492 830 testimonia
1523 780 1769 830 tractare
1798 775 2056 829 studuis-

420 881 533 921 ses.
568 864 742 919 Plura
772 866 987 936 quippe
1027 864 1190 936 prius
1222 864 1518 937 incognita
1542 865 1666 935 jam
1699 861 2060 935 indagatioui

420 958 532 1009 tua:
562 958 835 1010 reserata.

494 1043 687 1099 «Illud
703 1060 932 1115 quoque
950 1060 1320 1115 summopere
1339 1045 1660 1099 notandum
1676 1043 1780 1098 tibi
1794 1047 1883 1099 est
1902 1042 2059 1113 quia,

425 1133 475 1190 si
506 1134 735 1205 absque
765 1134 1082 1189 tentatione
1112 1137 1167 1188 et
1211 1132 1585 1189 tribulatione
1615 1133 1813 1204 aliqua
1842 1132 2063 1186 diutius

422 1224 1016 1297 remaneres,gravius
1034 1222 1536 1295 periculosiusque
1556 1224 1625 1277 de
1646 1222 2063 1277 beneﬁciorum

426 1330 692 1369 meorum
724 1313 991 1385 largitate
1023 1312 1414 1384 superbiendo
1453 1313 1689 1367 caderes
1721 1327 1896 1381 quam
1931 1326 2063 1363 cum

424 1403 739 1459 sceleribus
752 1403 1107 1459 omnimodis
1121 1403 1413 1473 quondam
1436 1401 1667 1456 deditus
1681 1398 2065 1462 esses.Quan-

422 1497 481 1548 to
510 1493 663 1547 enim
687 1490 1190 1547 excellentioribus
1205 1491 1455 1562 quisque
1476 1490 1695 1545 ditatur
1717 1491 1883 1545 donis
1908 1491 2065 1543 tanto

426 1582 612 1653 magis
642 1580 911 1653 pulsatur
930 1581 1065 1636 vitio
1096 1580 1381 1636 elationis.
1409 1580 1567 1635 Unde
1596 1584 1651 1634 et
1672 1578 1767 1633 ille
1790 1582 2066 1650 prastan-

426 1670 696 1726 tissimus
727 1671 1089 1742 angelorum,
1124 1688 1237 1725 non
1270 1669 1567 1724 sustinens
1616 1667 1917 1740 dignitatis
1949 1683 2065 1721 suae

428 1760 670 1832 donum,
706 1775 770 1814 eo
802 1759 1034 1831 gravius
1066 1758 1454 1829 superbiendo
1495 1757 1701 1813 cecidit
1731 1772 1844 1827 quo
1878 1755 2067 1810 subli-

430 1849 581 1904 mior
607 1848 825 1905 cwteris
854 1848 1088 1903 exstitit.
1125 1846 1261 1902 Saul
1294 1862 1545 1917 quoque,
1579 1850 1644 1900 ut
1674 1845 1819 1901 liber
1850 1845 2071 1915 Regum

426 1941 645 2007 narrat,
670 1954 803 1992 cum
823 1939 957 1992 ante
974 1940 1303 2007 perceptam
1329 1936 1491 2007 regni
1514 1935 1856 2006 dignitatem
1876 1931 2072 1987 humi-

431 2027 507 2081 lis
541 2026 804 2097 mihique
835 2030 988 2081 esset
1035 2030 1325 2097 acceptus,
1360 2028 1559 2097 postea
1589 2041 1722 2080 vero
1772 2040 1839 2078 ex
1870 2022 2072 2078 eadem

436 2114 716 2187 dignitate
749 2114 1093 2186 superbiens
1123 2131 1156 2168 a
1186 2132 1277 2170 me
1299 2118 1387 2170 est
1417 2114 1706 2186 repulsus.
1746 2114 1876 2184 Ipse
1896 2110 2073 2166 etiam

431 2203 632 2274 David,
658 2203 793 2260 licet
814 2218 1019 2275 regum
1039 2203 1287 2259 eximius
1309 2208 1365 2259 et
1394 2203 1595 2276 pietati
1620 2218 1759 2257 mere
1788 2200 2072 2273 placidus,

428 2295 657 2367 primus
674 2298 871 2349 tamen
890 2309 1067 2364 quam
1082 2293 1152 2347 ad
1167 2292 1329 2365 regni
1349 2291 1667 2363 elevaretur
1691 2290 2074 2362 fastigia,ma-

422 2384 538 2454 jori
571 2401 633 2439 se
660 2382 962 2439 constrixit
1009 2381 1307 2452 religionis
1339 2398 1498 2435 cura.
1532 2381 1677 2435 Nam
1724 2386 1894 2434 antea
1925 2378 2077 2432 bona

429 2490 532 2545 pro
583 2473 774 2542 malis,
818 2475 1018 2542 postea
1059 2487 1191 2526 vero
1243 2470 1399 2539 mala
1448 2469 1701 2524 reddidit
1749 2485 1850 2539 pro
1881 2466 2071 2522 bonis.

430 2560 680 2632 Ideoque
701 2559 1029 2630 iniquitatis
1062 2576 1178 2613 sua:
1205 2576 1319 2613 non
1342 2559 1652 2613 immemor
1675 2559 1731 2611 in
1757 2557 2073 2611 centesimo

437 2651 625 2721 primo
658 2648 884 2721 psalmo
907 2648 1312 2720 gemebundus
1336 2649 1404 2702 ad
1426 2664 1518 2703 me
1549 2648 1631 2701 ait
1658 2664 1668 2702 :
1706 2648 1844 2714 Quia
1861 2646 2075 2701 elevans

436 2737 669 2794 atlisisti
692 2741 895 2793 me.Ac
928 2737 977 2791 si
1008 2740 1203 2807 aperte
1233 2737 1722 2800 diceretzQuanto
1746 2734 2074 2790 sublimiori

429 2844 523 2883 me
537 2826 820 2899 dignitate
834 2825 1070 2881 elevasti
1086 2830 1245 2881 tanto
1266 2825 1584 2895 majoribus
1602 2825 1853 2895 peccatis
1869 2839 1958 2878 me
1972 2824 2077 2878 im-

429 2916 633 2989 plicari
656 2916 995 2988 permisisti.
1020 2915 1297 2970 Praterea
1315 2918 1550 2986 quantas
1563 2914 1742 2968 ruinae
1765 2913 1938 2984 is,qui
1958 2929 2073 2983 prce

432 3007 652 3061 caeteris
693 3006 948 3060 elevatur
978 3008 1171 3075 pateat
1217 3004 1364 3059 liber
1395 3003 1872 3075 Paralipomenon
1921 3002 2073 3056 indi-

432 3098 542 3150 cat.
577 3100 653 3149 De
698 3094 836 3149 Joas
886 3109 1140 3164 namque
1188 3108 1321 3165 rege
1351 3093 1504 3147 Juda
1552 3092 1727 3147 refert
1758 3092 1898 3162 quia
1946 3094 2077 3163 post

432 3188 678 3240 mortem
693 3182 909 3238 Joiadaa
932 3164 1387 3252 sacerdotis,qui
1419 3198 1553 3237 eum
1572 3182 1641 3236 ad
1676 3197 1919 3253 regnum
1945 3197 2076 3252 pro-
2107 3164 2149 3232 C

428 3272 600 3339 vexit,
634 3272 691 3325 in
722 3275 944 3326 tantam
983 3270 1293 3326 elationem
1322 3271 1543 3325 venerit
1572 3275 1638 3325 ut
1668 3270 1883 3326 relictis
1915 3268 2076 3325 cultu

429 3361 532 3417 Dei
566 3379 597 3416 a
626 3360 751 3416 suis
782 3377 843 3417 se
872 3360 1203 3431 permiserit
1233 3360 1481 3415 adorari.
1502 3365 1610 3415 Pro
1645 3377 1758 3432 quo
1789 3359 2074 3431 superbia

433 3450 652 3523 ﬂagitio
684 3450 820 3521 quid
855 3451 975 3521 regi
1008 3450 1197 3504 eidem
1229 3450 1479 3506 evenerit
1522 3451 1806 3520 scriptum
1838 3449 2079 3519 subjun-

436 3542 538 3613 git,
574 3541 820 3595 dicens:
865 3540 1105 3609 Cumque
1152 3540 1364 3593 volutus
1411 3544 1541 3594 esset
1591 3556 1787 3606 annus,
1837 3537 2077 3593 ascendit

433 3638 625 3685 contra
660 3646 783 3684 eum
804 3644 903 3683 rex
923 3628 1121 3697 Syriae,
1140 3629 1388 3698 venitque
1420 3630 1474 3681 in
1505 3627 1707 3682 ludam
1730 3636 1780 3682 et
1815 3629 2078 3682 Hierusa-

434 3720 561 3785 lem,
592 3723 640 3773 et
670 3718 944 3787 interfecit
972 3724 1191 3770 cunctos
1219 3717 1494 3785 principes
1516 3717 1727 3785 populi,
1760 3720 1920 3785 atque
1948 3717 2075 3770 uni-

430 3806 963 3877 niversampraedam
982 3806 1251 3858 miserunt
1272 3805 1727 3873 regiDamaseum
1746 3804 1814 3873 (II
1827 3806 1995 3858 Parat
2002 3806 2073 3874 ip.

434 3911 586 3961 xxxv,
609 3894 719 3965 23).
750 3894 810 3947 In
828 3893 965 3949 Joas
998 3908 1229 3963 quoque
1252 3890 1645 3963 ignominiosa
1660 3908 1962 3947 exercuere
1985 3894 2076 3962 ju-

435 3983 606 4051 dicia,
639 3988 695 4037 et
733 3982 1011 4037 abeuntes
1060 3981 1409 4036 dimiserunt
1438 3997 1571 4036 eum
1606 3980 1664 4035 in
1695 3981 2077 4054 languoribus

434 4071 685 4143 magnis.
702 4072 783 4124 Ex
807 4071 1020 4141 quibus
1043 4070 1316 4125 omnibus
1338 4070 1539 4124 sentiri
1563 4069 1732 4137 valet,
1753 4070 1889 4141 quia
1910 4086 2077 4125 nemo

434 4160 522 4215 vel
553 4159 856 4229 virtutum,
880 4159 966 4213 vel
990 4158 1287 4231 dignitatis
1327 4158 1575 4229 alicujus
1613 4158 1951 4215 excellentia
1974 4178 2077 4214 su-

438 4248 1040 4303 blimatusmortiferze
1063 4247 1348 4317 superbia:
1371 4246 1601 4302 ruinam
1626 4248 1846 4319 absque
1866 4264 2080 4320 magna

437 4337 783 4393 contritione
805 4337 1024 4392 evadet.
1051 4336 1161 4392 Sed
1185 4340 1239 4390 et
1261 4338 1467 4391 beatus
1483 4336 1695 4392 Paulus
1718 4338 1825 4393 hoc
1846 4342 2079 4393 attesta-

440 4431 534 4483 tur
564 4427 665 4499 qui
696 4426 1001 4498 patefactis
1051 4426 1405 4498 quibusdam
1438 4426 1749 4481 virtutibus
1799 4427 1909 4481 sibi
1940 4443 2076 4483 con-

2165 506 2417 561 disceres
2446 505 2800 576 quandoque
2830 502 3104 574 congredi
3135 499 3519 573 gravioribus.
3544 501 3655 556 Sed
3679 518 3810 557 cum

2168 594 2225 649 in
2257 598 2375 649 tam
2411 592 2524 648 leni
2554 598 2611 649 et
2655 595 2977 664 temperata
3007 589 3448 663 impugnatione
3478 589 3814 662 aliquantu-

2165 682 2290 737 lum
2318 682 2627 754 proﬁciens
2649 698 2877 753 ea,quae
2910 682 2967 735 in
2994 686 3049 735 te
3080 679 3267 752 gratia
3293 696 3421 735 mea
3441 680 3810 752 operabatur,

2170 771 2357 842 magis
2383 788 2449 826 ac
2481 771 2669 842 magis
2692 770 2913 825 viribus
2931 769 3272 840 meritisque
3293 769 3411 823 tuis
3440 768 3811 837 attribueres,

2168 860 2227 914 in
2260 860 2431 915 talem
2465 865 2519 915 te
2552 861 2786 914 tandem
2812 859 3051 931 permisi
3082 858 3461 914 tentationem
3493 857 3812 927 incurrere,

2172 950 2340 1020 cujus
2370 949 2833 1021 impugnationis
2864 948 3267 1020 magnitudine
3289 948 3603 1020 depressus
3634 964 3815 1021 agno-

2174 1053 2383 1105 sceres,
2418 1037 2511 1093 cui
2562 1036 2877 1093 instantem
2910 1036 3199 1093 defectum
3245 1041 3302 1092 et
3331 1037 3425 1091 cui
3457 1038 3817 1109 prateritum

2174 1142 2524 1198 omnemque
2554 1126 2769 1183 laboris
2812 1126 2896 1183 tui
2930 1128 3253 1198 protectum
3302 1126 3607 1183 debuisses
3638 1127 3819 1199 depu-

2176 1220 2319 1281 tare,
2351 1233 2415 1270 ac
2447 1233 2547 1287 per
2576 1216 2684 1271 hoc
2716 1220 2877 1271 tanto
2908 1215 3120 1271 certior
3149 1216 3220 1271 de
3249 1214 3447 1287 gratiae
3480 1230 3620 1271 meae
3653 1216 3824 1272 bene-

2177 1305 2322 1359 ﬁciis
2353 1306 2649 1370 existeres,
2684 1309 2900 1376 quanto
2932 1307 3129 1361 minus
3160 1305 3230 1360 de
3270 1304 3497 1360 meritis
3527 1305 3646 1360 tuis
3676 1322 3823 1377 pra:-

2179 1410 2460 1450 sumeres.
2496 1417 2524 1444 »
2556 1395 2684 1449 Haec
2707 1394 2884 1467 igitur
2904 1412 2971 1450 ex
3005 1393 3325 1465 supradicti
3359 1394 3557 1450 fratris
3587 1394 3825 1466 scriptis

2177 1487 2441 1553 excerpta
2461 1483 2555 1538 hic
2585 1483 2856 1552 intuli,ut
2885 1483 3112 1556 his,qui
3145 1483 3205 1538 in
3237 1484 3632 1540 conversionis
3657 1483 3825 1541 initio

2180 1590 2407 1629 sacram
2468 1574 2828 1646 Scripturam
2885 1574 3074 1645 legere
3131 1574 3395 1644 cupiunt,
3453 1575 3822 1631 ostenderem

2180 1663 2431 1734 qualiter
2450 1664 2800 1719 immensam
2831 1662 3125 1720 diabolicae
3148 1663 3371 1719 fraudis
3393 1663 3688 1732 astutiam,
3706 1680 3825 1735 qua

2100 1795 2148 1858 B
2180 1768 2383 1807 omnes
2441 1754 2707 1808 eamdem
2751 1753 3110 1824 Scripturam
3166 1752 3424 1825 legentes
3478 1753 3824 1826 impugnare

2183 1842 2350 1906 solet,
2401 1859 2714 1915 agnoscere
2763 1847 2819 1897 et
2868 1859 3201 1914 praecavere,
3235 1842 3601 1914 qualiterque
3644 1843 3824 1899 etiam

2184 1931 2390 1985 divinae
2423 1931 2822 2002 inspirationis
2853 1932 3098 2004 gratiam
3132 1947 3444 2003 agnoscere
3473 1936 3530 1987 et
3558 1932 3827 1989 invocare

2183 2020 2450 2075 debeant.

2776 2110 3003 2166 CAPUT
3041 2111 3231 2167 XXVI.

2186 2199 2324 2265 Quid
2360 2200 2607 2254 omnibus
2653 2200 2957 2256 universz’m
3002 2202 3318 2257 hominibus
3362 2204 3727 2259 necessarium
3756 2204 3832 2259 sit

2432 2271 2507 2327 ad
2537 2272 2654 2341 hoc,
2688 2281 2750 2327 ut
2782 2281 2919 2328 recte
2947 2273 3028 2329 ad
3051 2275 3301 2345 patriam
3326 2284 3571 2330 currant.

2256 2376 2473 2432 Deinde
2502 2394 2634 2432 vero
2666 2378 2986 2449 cpitulante
3007 2385 3121 2435 Deo
3152 2397 3408 2437 reserare
3430 2380 3567 2437 libet
3598 2382 3729 2454 quis
3753 2383 3833 2438 sit

2185 2481 2393 2520 cursus
2414 2467 2699 2537 generalis
2722 2469 2985 2523 omnium
3005 2474 3125 2525 tam
3144 2469 3423 2526 laicorum
3444 2488 3621 2543 quam
3652 2471 3831 2527 cleri-

2185 2556 2681 2622 corum,virorum
2714 2573 2779 2611 ac
2803 2557 3114 2614 mulierum
3138 2560 3208 2614 ad
3237 2577 3549 2631 supernam
3572 2561 3830 2632 patriam

2185 2644 2483 2714 pervenire
2505 2646 2888 2717 cupientium.
2913 2647 3019 2703 Ubi
3050 2648 3107 2703 in
3131 2649 3337 2721 primis
3359 2650 3607 2705 arbitror
3629 2650 3832 2705 dicen-

2185 2732 2346 2803 dum,
2374 2735 2527 2804 quod
2559 2739 2615 2789 et
2646 2735 2703 2789 in
2726 2736 2933 2807 primis
2951 2742 3039 2792 est
3062 2738 3337 2794 omnibus
3360 2740 3740 2807 studendum,
3765 2743 3835 2794 ut

2184 2820 2454 2877 videlicet
2483 2822 2712 2880 discant
2742 2824 2800 2880 in
2833 2825 3016 2881 Deum
3061 2828 3295 2883 credere
3328 2846 3341 2883 :
3376 2829 3521 2886 fides
3551 2831 3707 2885 enim
3742 2832 3838 2885 est

2184 2910 2363 2966 totius
2394 2912 2529 2967 boni
2552 2914 2743 2985 operis
2765 2914 3237 2985 fundamentum,
3260 2917 3439 2973 totius
3471 2918 3678 2974 divinae
3701 2917 3840 2974 reli-

2186 2999 2377 3071 gionis
2410 3001 2664 3057 initium.
2700 3003 2856 3058 Fidei
2889 3021 3141 3077 quoque,
3163 3006 3211 3062 si
3242 3007 3677 3079 conjungantur
3696 3023 3839 3079 spes

2186 3092 2242 3142 et
2289 3089 2564 3159 charitas,
2620 3096 2709 3147 est
2755 3093 2912 3148 scala
2961 3110 3075 3164 qua
3125 3094 3428 3151 scanditur
3474 3095 3544 3150 ad
3595 3094 3841 3151 caelum.

2189 3176 2372 3239 Quam
2395 3180 2466 3233 ob
2489 3196 2610 3235 rem
2631 3182 2905 3238 omnibus
2924 3183 2997 3238 ad
3024 3183 3278 3239 coelestia
3298 3184 3512 3255 gaudia
3533 3186 3844 3255 pervenire

2186 3268 2557 3339 cupientibus
2576 3271 2802 3341 primus
2833 3276 2889 3328 et
2914 3272 3242 3329 communis
3260 3290 3470 3328 cursus
3493 3290 3623 3330 esse
3640 3274 3841 3345 debet,

2187 3361 2251 3412 ut
2281 3357 2338 3412 in
2368 3357 2459 3414 his
2504 3359 2692 3414 tribus
2743 3362 3181 3431 praanominatis
3208 3362 3525 3418 virtutibus
3577 3379 3640 3417 se
3670 3378 3844 3419 exer-

2187 3452 2374 3517 ceant,
2399 3448 2683 3505 credendo
2716 3449 2959 3517 scilicet,
2979 3456 3036 3506 et
3067 3451 3354 3523 sperando
3386 3451 3446 3506 in
3478 3456 3593 3507 Deo
3619 3469 3686 3507 ac
3708 3452 3843 3507 dili~

2186 3536 2373 3605 gendo
2404 3554 2558 3592 eum.
2576 3537 2753 3593 Aliter
2769 3540 2924 3594 enim
2940 3541 3012 3594 ad
3032 3540 3297 3596 notitiam
3316 3558 3561 3596 summa:
3586 3546 3841 3597 sanctas-

2187 3641 2297 3694 que
2330 3626 2651 3695 Trinitatis,
2676 3645 2801 3699 quae
2833 3629 2987 3685 Deus
3010 3635 3117 3696 est,
3143 3632 3471 3703 pertingere
3494 3631 3845 3702 nequimus,

2187 3713 2297 3768 nisi
2332 3715 2495 3785 prius
2529 3718 2695 3787 quasi
2726 3718 2786 3772 in
2819 3718 3019 3774 schola
3060 3720 3314 3791 quadam
3349 3721 3506 3775 omni
3538 3721 3709 3775 modo
3745 3719 3846 3777 di-

2188 3818 2347 3857 scere
2383 3805 2727 3861 studeamus
2754 3824 2766 3876 ;
2799 3807 3053 3878 qualiter
3081 3808 3292 3864 harum
3323 3809 3500 3864 trium
3549 3808 3847 3864 virtutum

2187 3891 2511 3947 trinitatem
2564 3901 2965 3966 agnoscentes,
3001 3914 3151 3965 eam,
3203 3902 3491 3970 quantum
3548 3896 3849 3969 fragilitas

2189 3978 2448 4036 humana
2481 3984 2783 4055 permittit,
2818 3986 3079 4042 moribus
3122 3987 3430 4059 condignis
3461 3986 3849 4059 impleamus.

2189 4068 2333 4123 Nam
2366 4071 2517 4125 sicut
2548 4072 2607 4126 in
2633 4073 2915 4130 Trinitate
2946 4092 3181 4131 summa
3203 4075 3501 4131 individua
3531 4080 3619 4131 est
3646 4075 3856 4131 omnis

2190 4174 2572 4229 personarum
2594 4162 2773 4217 trium
2799 4164 3054 4235 operatio
3079 4183 3091 4232 ;
3122 4166 3206 4221 sic
3227 4166 3402 4221 etiam
3426 4165 3485 4220 in
3516 4165 3630 4220 fide
3659 4171 3715 4220 et
3738 4180 3857 4237 spe

2190 4252 2244 4303 et
2265 4248 2547 4305 charitate
2579 4250 2880 4308 individua
2900 4254 3157 4326 operatio
3182 4254 3589 4328 agitur.Nemo
3622 4254 3858 4327 quippe

2188 4336 2434 4392 firmiter
2464 4340 2697 4396 credere
2728 4346 2918 4413 potest
2946 4343 3005 4397 in
3036 4349 3240 4415 Deum,
3274 4345 3387 4399 nisi
3420 4345 3491 4400 ab
3522 4343 3620 4400 illo
3641 4346 3857 4415 speret

2187 4425 2420 4497 aliquod
2474 4429 2587 4485 sibi
2635 4436 2911 4502 praestare
2958 4432 3302 4504 praemium;
3360 4450 3465 4489 nec
3512 4434 3853 4505 quisquam

434 4517 616 4573 cessis
638 4515 963 4588 subjungit,
993 4516 1191 4571 dicens
1218 4534 1229 4571 :
1259 4517 1323 4570 Et
1350 4532 1419 4571 ne
1438 4517 1766 4586 magnitudo
1796 4517 2078 4571 revelatio-
2107 4532 2154 4597 D
2187 4519 2339 4571 recte
2370 4522 2563 4588 sperat
2595 4520 2651 4574 in
2705 4520 2971 4590 Domino,
3006 4522 3120 4578 nisi
3170 4521 3338 4578 illum
3370 4523 3570 4578 credat
3619 4520 3858 4595 ubique

432 4624 566 4661 num
582 4605 820 4662 extollat
836 4622 938 4671 me,
962 4605 1116 4661 datus
1137 4610 1217 4661 est
1242 4606 1383 4659 mihi
1400 4606 1657 4659 stimulus
1676 4620 1835 4672 meae,
1851 4606 2078 4673 angelus

438 4697 688 4775 satana},
712 4701 772 4751 ut
797 4713 879 4752 me
897 4697 1197 4766 colaphiset
1216 4697 1290 4763 (II
1315 4696 1434 4751 Cor.
1457 4713 1558 4761 ΧΠ,
1582 4696 1659 4767 7).
1684 4696 1742 4750 Si
1770 4696 1923 4750 enim
1949 4700 2077 4750 tan-

432 4790 528 4841 tus
558 4787 647 4841 vir
668 4784 925 4841 stimulis
956 4785 1081 4840 ideo
1098 4788 1471 4856 premebatur
1491 4783 1845 4851 carnalibus,
1879 4799 1949 4840 ne
1972 4801 2075 4856 pro

437 4874 733 4930 concessis
764 4871 1133 4927 extolleretur
1161 4874 1496 4941 virtutibus,
1522 4878 1768 4944 putasne
1798 4874 1901 4927 tibi
1928 4890 2076 4945 opus

435 4968 524 5017 est
556 4963 752 5032 aliqua
789 4960 1134 5015 adversitate
1168 4960 1420 5031 fatigari,
1454 4978 1525 5016 ne
1556 4962 1625 5017 de
1660 4961 1949 5033 perceptis
1976 4962 2075 5017 be-

433 5051 659 5107 neficiis
692 5064 1012 5120 prazsumas
1044 5046 1331 5119 gloriari?

509 5164 530 5189 ε
568 5139 955 5204 Quamobrem
998 5137 1307 5208 perpende,
1342 5154 1559 5207 quteso,
1591 5139 1930 5195 tentationis
1961 5144 2076 5195 tuas

429 5246 667 5286 causam
700 5232 755 5282 et
799 5226 1084 5297 ordinem,
1118 5226 1418 5281 exordium
1468 5231 1524 5281 et
1553 5228 1751 5294 finem,
1780 5233 1846 5283 ut
1891 5245 2075 5301 agno-

426 5334 585 5374 scere
618 5316 810 5390 possis
839 5333 942 5371 cur
970 5319 1263 5387 postremo
1296 5315 1567 5370 amariori
1600 5333 1775 5388 quam
1798 5317 2073 5389 primitus

427 5410 483 5461 et
512 5405 633 5477 illa,
665 5421 845 5476 quam
875 5409 938 5459 tu
970 5402 1268 5459 insolitam
1299 5405 1542 5471 vocasti,
1567 5407 1881 5462 tentatione
1903 5423 2072 5462 vexa-

426 5498 523 5549 tus
556 5493 783 5549 fueris?
812 5493 875 5548 In
906 5492 1110 5565 primis
1142 5510 1397 5565 namque
1427 5494 1555 5549 ideo
1587 5494 1904 5552 lenioribus
1935 5495 2071 5551 soli-

428 5584 621 5663 tisque
650 5580 978 5660 permissus
1008 5600 1070 5641 es
1094 5584 1327 5663 fatigari
1354 5584 1795 5659 tentationibus,
1820 5590 1883 5644 ut
1905 5585 2074 5669 quasi

2188 4611 2553 4677 regnantem,
2571 4608 2787 4679 ubique
2809 4615 3397 4681 praesentem,cuncta
3418 4611 3856 4680 continentem,

2188 4698 2401 4748 cuncta
2431 4700 2748 4766 regentem.
2785 4697 2895 4752 Sed
2927 4715 3115 4771 neque
3165 4699 3415 4770 perfecte
3444 4702 3635 4769 potest
3664 4696 3855 4754 illum

2188 4780 2447 4854 diligere,
2471 4783 2582 4838 nisi
2617 4784 2749 4841 fidei
2775 4789 2832 4840 et
2861 4787 2986 4856 spei
3006 4786 3402 4858 integritatem
3434 4786 3855 4856 supradicta!!!

2188 4870 2245 4924 in
2278 4871 2449 4925 corde
2479 4889 2583 4927 suo
2607 4874 2832 4945 jugiter
2860 4878 3072 4930 teneat.
3096 4875 3240 4939 Quia
3268 4890 3402 4946 ergo
3435 4874 3581 4929 fides
3616 4879 3673 4930 et
3700 4891 3855 4948 spes

2186 4964 2344 5015 recta
2393 4978 2695 5032 nunquam
2746 4967 2937 5033 potest
2985 4980 3112 5018 esse
3159 4963 3285 5019 sine
3340 4963 3542 5031 altera,
3601 4969 3659 5020 et
3707 4964 3856 5022 sine

2188 5055 2435 5121 utraque
2488 5049 2639 5106 Deus
2671 5052 2873 5123 nequit
2918 5051 3102 5123 diligi,
3136 5053 3343 5108 merito
3392 5054 3539 5110 fides
3571 5058 3628 5110 et
3674 5070 3849 5126 spes,

2187 5139 2354 5210 quasi
2386 5143 2555 5194 Pater
2593 5144 2651 5195 et
2680 5140 2861 5196 Filius
2892 5141 2949 5196 in
3001 5142 3264 5214 personis
3295 5145 3667 5216 praecedunt;
3700 5143 3854 5199 cha-

2185 5228 2326 5284 ritas
2357 5245 2488 5284 vero
2520 5230 2687 5301 quasi
2737 5230 2989 5301 Spiritus
3019 5235 3259 5288 sanctus
3289 5250 3356 5290 ex
3402 5237 3572 5291 Patre
3602 5237 3658 5289 et
3688 5232 3850 5289 Filio

2184 5319 2502 5389 procedens
2533 5323 2589 5373 et
2618 5319 2731 5375 ﬁde
2762 5325 2819 5376 et
2848 5337 2949 5393 spe
2978 5338 3126 5393 pura
3155 5324 3438 5395 procedit.

2254 5408 2363 5463 Sed
2394 5413 2452 5465 et
2480 5409 2589 5465 hoc
2621 5410 2764 5465 satis
2796 5410 3099 5468 convenit:
3126 5411 3264 5483 quia
3286 5412 3439 5468 sicut
3469 5412 3669 5469 omnia
3690 5426 3851 5483 ope-

2181 5501 2345 5552 ratur
2374 5515 2528 5554 unus
2572 5504 2745 5571 atque
2774 5499 2929 5556 idem
2980 5499 3229 5573 Spiritus
3260 5502 3309 5571 (I
3338 5500 3457 5557 Cor.
3490 5519 3596 5570 x11,
3628 5503 3734 5574 11),
3772 5507 3848 5561 et

2184 5601 2355 5644 nemo
2383 5592 2579 5666 potest
2608 5588 2797 5648 dicere
2828 5589 3109 5673 Dominus
3138 5589 3336 5678 Jesus,
3368 5589 3485 5675 nisi
3513 5592 3575 5678 in
3603 5588 3849 5678 Spiritg

3678 5664 3849 5678 γναςκυ-
