4108 6188
266 327 382 387 237

1415 329 1562 390 LIB.
1611 330 1713 391 DE
1757 329 2014 396 CURSU
2059 331 2528 394 SPIRlTUALl.

3558 339 3676 402 238

265 462 466 516 sancto
488 457 680 531 (lbid.,
703 458 790 528 3);
815 458 896 514 ita
926 458 1100 514 etiam
1129 458 1188 514 in
1222 460 1505 517 charitate
1535 464 1736 519 omnia
1765 465 1918 520 bona
1951 471 1998 532 Α
2032 469 2278 520 mortem
2313 481 2416 535 pro
2449 480 2644 520 amore
2674 465 2887 521 Christi
2920 481 3127 539 passos
3163 466 3359 524 fuisse.
3396 468 3672 539 Majorem

267 549 620 616 consistunt,
642 551 957 604 attestante
987 549 1252 620 Domino,
1278 551 1379 621 qui
1407 551 1464 606 in
1489 552 1797 625 Evangelio
1829 555 1917 608 di-

269 639 516 694 cit:Hoc
542 642 622 695 est
669 647 1002 710 praeceptum
1048 655 1248 709 meum,
1279 644 1340 695 ut
1387 639 1632 709 diligatis
1685 645 1918 698 invicem

263 729 442 798 (Joan.
475 744 568 792 xv,
605 728 713 798 12),
738 743 840 799 per
890 743 1072 782 unum
1103 728 1371 784 videlicet
1395 729 1722 786 dilectionis
1767 749 1917 803 prae-

262 821 500 889 ceptum
534 831 741 872 omnes
769 815 1015 871 virtutes
1059 815 1305 890 intelligi
1351 817 1570 874 volens.
1604 820 1915 892 Apostolus

263 922 500 979 quoque
530 905 732 960 eadem
765 908 1034 972 testatur,
1068 905 1268 961 dicens
1302 923 1314 962 :
1352 909 1638 965 Plenitudo
1679 911 1810 981 legis
1839 915 1917 965 est

261 995 483 1051 dilectio
514 996 688 1060 (Rom.
725 1011 850 1062 xm,
885 994 992 1066 10).
1028 995 1090 1050 In
1122 995 1215 1050 his
1254 996 1437 1068 igitur
1466 998 1657 1054 tribus
1684 999 1913 1054 virtuti-

261 1085 391 1150 bus,
423 1083 484 1138 id
519 1087 609 1139 est
636 1083 694 1138 in
727 1083 841 1138 ﬁde
870 1086 929 1138 et
958 1100 1061 1156 spe
1103 1088 1160 1138 et
1207 1084 1508 1152 charitate,
1532 1103 1658 1158 quae
1689 1089 1914 1144 cunctis

263 1171 608 1229 hominibus
638 1188 980 1228 communes
1019 1189 1148 1229 esse
1196 1174 1426 1240 debent,
1458 1180 1514 1232 et
1544 1177 1669 1232 sine
1701 1178 1914 1249 quibus

263 1277 431 1318 nemo
456 1260 692 1332 placere
715 1265 827 1316 Deo
849 1265 1058 1333 potest,
1078 1267 1364 1334 quantum
1391 1265 1643 1338 quisque
1666 1267 1911 1338 proﬁcit,

260 1355 492 1407 tantum
525 1351 576 1405 ei
610 1356 952 1406 ceterarum
983 1351 1266 1408 virtutum
1301 1354 1508 1410 notitia
1538 1355 1713 1410 simul
1744 1360 1800 1410 et
1829 1357 1911 1412 fa-

263 1439 452 1496 cultas
478 1440 630 1496 bene
658 1441 868 1512 agendi
899 1457 932 1495 a
966 1441 1083 1497 Deo
1114 1441 1436 1498 exhibetur.
1469 1445 1711 1500 Credere
1742 1462 1914 1501 nam-

264 1546 380 1600 que
408 1529 577 1585 debet
627 1530 819 1586 omnis
852 1529 1026 1585 homo
1053 1531 1250 1586 omnia
1279 1549 1313 1586 a
1345 1533 1456 1588 Deo
1505 1534 1645 1604 regi,
1679 1539 1736 1590 et
1766 1534 1911 1590 nihil

262 1618 477 1674 frustra
507 1617 596 1673 vel
637 1634 708 1674 ex
757 1635 894 1674 casu
945 1619 1003 1673 in
1055 1621 1274 1674 mundo
1306 1621 1454 1692 ﬁeri,
1486 1624 1587 1678 sed
1637 1628 1738 1678 aut
1785 1624 1912 1696 ipso

190 1727 192 1730 '
260 1706 619 1762 concedente
674 1710 775 1762 aut
822 1707 1194 1778 permittente
1233 1712 1444 1765 cuncta
1497 1711 1698 1766 ordine
1756 1716 1912 1767 certo

2029 569 2282 625 namque
2313 557 2370 608 ct
2390 553 2774 609 efﬁcaciorem
2808 555 3208 627 paenitentiam
3240 573 3410 628 agere
3431 574 3546 613 non
3577 575 3674 614 va-

2028 643 2239 711 lemus,
2273 660 2448 715 quam
2495 644 2542 698 si
2586 643 2862 712 injuriam
2912 646 3238 716 quamlibet
3267 645 3352 702 vel
3404 665 3674 719 persecu-

2027 732 2246 787 tionem
2295 749 2397 804 pro
2446 732 2680 788 nomine
2709 732 2918 788 Christi
2968 734 3313 804 toleremus;
3367 737 3506 808 quia
3552 737 3679 810 ipse

2028 821 2222 876 dixit:
2257 823 2416 876 Beati
2457 823 2556 893 qui
2610 825 3049 888 persecutionem
3104 827 3404 896 patiuntur
3457 831 3680 899 propter

2015 911 2292 982 justitiam
2324 911 2530 982 (Matth.
2566 928 2619 981 v,
2655 912 2761 982 10).

2098 1000 2202 1054 Per
2223 999 2515 1071 quoslibet
2548 1004 2856 1072 peccantes
2877 1004 3192 1058 tentamur.
3221 1005 3284 1058 In
3317 1003 3521 1075 primis
3544 1006 3674 1076 qui-

2025 1089 2177 1159 dem,
2215 1089 2262 1144 si
2296 1089 2680 1156 attendentes,
2716 1089 2850 1160 quia
2882 1107 2988 1146 nos
3027 1095 3223 1146 autem
3247 1092 3373 1163 jam
3405 1091 3678 1149 similiter

2023 1177 2172 1249 lapsi
2197 1194 2261 1233 su
2273 1180 2528 1248 mus,vel
2551 1177 2742 1234 adhuc
2763 1179 2881 1234 labi
2905 1196 3244 1252 possumus,
3261 1180 3678 1238 condoleamus

2024 1265 2161 1322 illis.
2194 1266 2412 1322 Deinde
2443 1284 2574 1322 vero
2605 1267 2653 1322 si
2687 1267 2768 1322 ita
2812 1267 3048 1324 discreti
3090 1269 3148 1324 in
3193 1267 3395 1326 eorum
3450 1286 3674 1328 correc-

2024 1356 2178 1411 tione
2210 1372 2338 1411 esse
2364 1356 2632 1425 velimus,
2668 1361 2733 1411 ut
2778 1373 2966 1428 neque
2998 1357 3154 1414 ultra
3196 1359 3437 1415 modum
3469 1361 3673 1427 severi,

2025 1461 2213 1517 neque
2245 1444 2421 1500 nimis
2444 1445 2675 1501 remissi
2710 1446 2768 1500 in
2800 1445 2932 1503 illos
2956 1448 3164 1517 simus,
3192 1449 3291 1505 sed
3315 1448 3514 1504 vinum
3539 1465 3674 1505 cum

2024 1534 2170 1601 oleo,
2203 1535 2311 1590 hoc
2343 1538 2430 1590 est
2470 1534 2836 1590 severitatem
2889 1552 3024 1590 cum
3076 1536 3289 1608 pietate
3337 1537 3673 1603 miscentes,

2012 1625 2186 1694 juxta
2209 1628 2542 1679 sanctorum
2561 1627 2800 1679 Patrum
2824 1623 3086 1697 regulam
3100 1625 3387 1698 juxtaque
3406 1625 3671 1697 ipsorum

2022 1711 2446 1784 penitentiam,
2472 1716 2529 1767 et
2546 1717 2608 1767 ut
2639 1713 3001 1784 negligentes
3032 1713 3252 1784 quique
3281 1714 3668 1786 corrigantur,

270 1795 586 1900 moderari.
612 1797 746 1897 Quae
776 1796 928 1852 bona
959 1797 1197 1868 quidem
1222 1802 1360 1853 sunt
1387 1803 1444 1854 et
1473 1815 1752 1871 prospera
1782 1801 1909 1856 ideo
1942 1835 1989 1900 Β
2021 1805 2415 1873 temperemus
2449 1801 2666 1858 omnia.
2693 1801 2797 1856 Per
2828 1801 3230 1858 inﬁrmitatem
3257 1806 3314 1858 et
3343 1802 3670 1859 tribulatio-

260 1885 524 1953 concedi,
555 1888 622 1940 ut
652 1885 780 1956 ejus
811 1891 1089 1957 appareat
1118 1887 1336 1959 gratia;
1372 1904 1498 1959 quae
1529 1894 1724 1945 autem
1757 1888 1913 1946 mala
1942 1885 1989 1900 "
2021 1906 2156 1945 nem
2191 1891 2421 1946 duobus
2473 1890 2662 1945 modis
2707 1893 3025 1945 tentamur.
3060 1890 3222 1946 Unus
3273 1890 3512 1962 quidem
3559 1896 3669 1963 est,

261 1979 318 2030 et
342 1975 589 2030 adversa
619 1978 760 2031 sunt
788 1974 920 2030 ideo
951 1975 1232 2047 permitti,
1267 1979 1333 2030 ut
1361 1981 1417 2032 et
1447 1977 1504 2032 in
1539 1977 1692 2046 illos,
1721 1996 1756 2034 a
1785 1979 1911 2051 qui-

260 2065 370 2118 bus
403 2064 757 2134 inferuntur,
789 2065 916 2135 ejus
948 2069 1223 2136 appareat
1254 2065 1562 2136 patientia;
1595 2071 1653 2123 et
1678 2071 1742 2122 ut
1772 2068 1907 2140 ipsi,

259 2153 476 2224 quibus
524 2151 796 2208 eveniunt
842 2154 1045 2209 eadem
1076 2153 1230 2209 mala
1272 2159 1329 2210 et
1375 2156 1635 2223 adversa,
1669 2157 1719 2212 si
1772 2156 1907 2212 boni

259 2240 397 2312 sint,
430 2242 752 2313 probentur
776 2242 862 2298 vel
892 2247 1274 2311 coronentur;
1305 2244 1352 2299 si
1383 2261 1516 2300 vero
1544 2244 1704 2317 mali,
1729 2247 1910 2301 corri-

256 2336 476 2404 gantur
503 2330 589 2386 vel
622 2335 992 2386 damnentur.
1018 2331 1183 2388 Talia
1208 2332 1386 2404 igitur
1406 2334 1477 2388 de
1507 2332 1623 2389 Deo
1654 2335 1905 2403 credere,

255 2424 348 2476 est
377 2420 437 2476 in
467 2420 650 2491 hujus
677 2420 805 2475 vitae
836 2421 1026 2477 stadio
1057 2421 1322 2477 celeriter
1352 2438 1602 2492 currere,
1631 2426 1805 2495 atque
1835 2425 1905 2479 ad

255 2514 534 2565 aeternam
566 2510 817 2582 patriam
850 2509 1145 2566 festinare.

328 2599 436 2654 Sed
457 2603 516 2654 et
535 2599 643 2655 hoc
661 2598 977 2670 unicuique
1000 2601 1353 2656 credendum
1376 2602 1530 2674 quod
1553 2602 1612 2656 in
1631 2602 1906 2658 omnibus

255 2689 435 2744 rebus
467 2693 586 2744 tam
607 2687 781 2744 malis
803 2705 980 2760 quam
1002 2689 1174 2745 bonis
1197 2706 1327 2762 qua;
1356 2690 1468 2745 sibi
1493 2691 1770 2746 eveniunt
1789 2695 1907 2747 ten-

253 2783 436 2844 tatur,
463 2778 603 2849 quid
639 2778 709 2833 de
735 2795 819 2844 se,
841 2777 930 2834 vel
961 2777 1101 2850 quid
1135 2779 1207 2834 de
1236 2779 1351 2835 Deo
1384 2780 1614 2848 sentiat,
1640 2784 1696 2836 et
1716 2780 1906 2852 quali-

252 2872 346 2923 ter
373 2866 542 2922 illum
575 2865 798 2940 diligat.
825 2866 987 2923 Unde
1013 2867 1316 2940 Scriptura
1345 2885 1510 2924 sacra
1540 2868 1719 2924 dicit:
1744 2870 1903 2925 Mili-

247 2959 336 3012 tia
361 2957 445 3012 vel
473 2959 702 3012 tentatio
722 2958 933 3012 estvita
952 2955 1192 3012 hominis
1219 2973 1386 3029 super
1414 2963 1621 3013 terram
1643 2959 1778 3027 (Job.
1804 2975 1902 3026 vn,

250 3048 332 3116 1).
364 3045 716 3118 Hujusmodi
741 3049 936 3102 autem
963 3045 1204 3102 tentatio
1225 3050 1344 3102 tam
1366 3047 1544 3103 variis
1566 3047 1755 3102 modis
1787 3048 1904 3120 agi-

247 3140 352 3191 tur
379 3140 442 3190 ut
478 3136 553 3191 ab
583 3134 821 3190 homine
868 3134 1029 3190 nullo
1079 3134 1326 3207 pleniter
1372 3135 1644 3208 explicari
1695 3136 1898 3193 valeat.

2020 1982 2219 2034 utrum
2265 1996 2363 2034 eas
2416 1995 2519 2050 pro
2577 1978 2830 2050 peccatis
2878 1981 3096 2034 nostris
3127 1996 3160 2033 a
3191 1979 3307 2034 Deo
3368 1979 3672 2036 immissas

2020 2069 2320 2124 credentes
2352 2067 2640 2140 patienter
2680 2066 3101 2140 sustineamus,
3135 2067 3287 2124 sicut
3315 2069 3424 2124 Job
3455 2068 3670 2141 aliique

2019 2156 2257 2229 plurimi
2290 2144 2904 2212 sustinuerunthlter
2931 2173 3065 2212 vero
3097 2158 3309 2226 modus
3330 2161 3440 2226 est,
3465 2163 3664 2213 utrum

2019 2245 2285 2301 videlicet
2329 2249 2632 2318 sperantes
2679 2246 2738 2300 in
2791 2246 3194 2302 misericordia
3239 2246 3340 2302 Dei
3390 2262 3526 2302 eum
3574 2247 3663 2303 in-

2016 2351 2293 2390 vocemus
2337 2339 2401 2390 ut
2451 2352 2558 2390 nos
2607 2334 2817 2406 eripiat
2865 2335 2936 2390 ab
2988 2335 3191 2391 eadem
3239 2335 3578 2392 inﬁrmitate
3609 2340 3667 2392 et

2016 2423 2415 2480 tribulatione.
2480 2424 2588 2478 Per
2651 2423 2984 2491 sanitatem,
3044 2439 3262 2496 perque
3321 2425 3521 2480 omnia
3576 2426 3667 2479 di-

2015 2513 2160 2567 vinae
2220 2512 2454 2584 pietatis
2512 2513 2666 2567 dona
2721 2515 3034 2577 tentamur,
3095 2517 3295 2568 utrum
3353 2528 3422 2568 ea
3477 2513 3668 2585 magis

2015 2603 2203 2657 eidem
2235 2601 2440 2655 divinae
2472 2601 2672 2673 pietati
2706 2617 2884 2672 quam
2915 2601 3135 2656 nostris
3167 2600 3391 2656 meritis
3425 2601 3668 2673 depute-

2017 2708 2170 2746 mus.
2200 2691 2306 2746 Per
2336 2706 2403 2745 ea
2441 2706 2574 2745 vero
2622 2690 2775 2746 dona
2823 2706 2950 2761 quae
2999 2689 3142 2745 alios
3192 2688 3404 2746 habere
3451 2706 3666 2762 cogno-

2013 2780 2206 2836 vimus
2244 2783 2544 2836 tentamur
2601 2783 2797 2834 utrum
2856 2779 3122 2835 eamdem
3181 2779 3452 2851 gratiam,
3487 2796 3665 2851 quam

2015 2869 2184 2924 nobis
2222 2887 2256 2924 a
2297 2873 2408 2923 Deo
2462 2869 2723 2940 praastari
2771 2872 3066 2940 optamus,
3104 2867 3384 2924 fratribus
3433 2884 3666 2940 quoque

2014 2957 2232 3013 nostris
2282 2946 2602 3029 praestitam
2660 2974 2776 3012 non
2854 2957 3245 3013 invideamus.
3300 2957 3447 3015 Nam
3499 2956 3667 3012 facile

2013 3044 2280 3116 subrepit
2311 3044 2548 3110 invidia,
2580 3049 2637 3100 et
2685 3043 2854 3117 quasi
2893 3045 3204 3101 devastans
3253 3046 3349 3101 fur
3395 3045 3576 3118 serpit
3603 3044 3665 3100 in

2012 3132 2222 3188 intima
2262 3137 2480 3200 nostra,
2526 3150 2660 3188 cum
2713 3132 3007 3206 quoslibet
3053 3134 3222 3190 nobis
3281 3133 3666 3207 sapientiores

248 3225 364 3280 Sed
398 3241 504 3280 nos
557 3223 756 3296 aliqua
803 3223 898 3279 hic
943 3225 1328 3296 proferemus.
1362 3229 1470 3280 Per
1499 3225 1698 3281 omnia
1747 3224 1902 3280 enim
1935 3208 1978 3274 Ο
2016 3239 2144 3279 esse
2167 3221 2600 3294 agnoverimus.
2624 3227 2731 3277 Per
2751 3238 2949 3294 preces
2972 3226 3202 3277 nostras
3231 3223 3473 3278 minime
3497 3238 3667 3278 exau-

248 3331 380 3387 quaa
413 3314 683 3369 videmus
721 3317 822 3368 aut
869 3312 1166 3379 audimus,
1199 3313 1446 3368 facimus
1490 3312 1576 3368 vel
1628 3313 1905 3385 patimur,

247 3408 588 3471 tentamur;
623 3406 917 3457 tentamur
963 3401 1137 3457 etiam
1183 3401 1403 3457 laudati
1435 3401 1519 3458 vel
1561 3401 1906 3474 vituperati;

240 3497 562 3549 tentamur
591 3507 693 3562 per
719 3489 1119 3546 inﬁrmitatem
1147 3495 1205 3546 et
1233 3489 1690 3557 tribulationem,
1719 3490 1909 3563 quali-

244 3597 502 3652 cunque
533 3595 711 3635 causa
739 3579 900 3636 nobis
924 3580 1240 3636 evenerint.
1265 3581 1588 3636 Tentamur
1617 3579 1910 3635 nihilomi-

247 3688 366 3727 nus
400 3685 514 3741 per
541 3667 870 3736 sanitatem,
906 3685 1010 3740 per
1049 3668 1363 3741 omniaque
1402 3669 1598 3724 divina
1628 3668 1910 3724 beneﬁcia

252 3759 428 3816 nobis
458 3757 695 3815 collata.
728 3758 1046 3814 Tentamur
1076 3775 1310 3830 quoque
1341 3774 1444 3831 per
1489 3775 1557 3814 ea
1603 3759 1756 3814 dona
1782 3774 1908 3830 quae

253 3849 386 3905 aliis
416 3865 524 3921 per
553 3847 803 3921 gratiam
836 3847 933 3902 Dei
964 3863 1241 3904 concessa
1273 3847 1638 3920 agnovimus.
1665 3847 1912 3919 Moxque

254 3937 513 4010 qualiter
541 3936 814 4009 praefatae,
843 3935 1084 4008 aliaeque
1128 3935 1305 3990 simul
1345 3936 1696 3992 tentationes
1746 3937 1907 4007 ﬁant,

246 4027 420 4097 juxta
451 4023 857 4098 intelligentiae
898 4029 1109 4081 nostrae
1136 4025 1290 4080 vires
1331 4025 1679 4096 aperiemus.
1711 4029 1816 4081 Per
1845 4042 1912 4080 ea

257 4131 517 4186 namque
547 4131 677 4186 quae
705 4114 977 4169 videmus
1015 4117 1116 4169 aut
1154 4113 1450 4184 audimus,
1475 4114 1614 4185 quia
1641 4114 1726 4170 vel
1761 4116 1913 4170 bona

256 4209 402 4259 sunt
431 4202 520 4258 vel
553 4203 729 4272 mala,
755 4203 986 4259 duobus
1017 4202 1207 4258 modis
1239 4206 1552 4258 tentamur.
1579 4203 1723 4258 Cum
1755 4203 1911 4258 enim

255 4292 426 4347 bona
452 4291 773 4348 viderimus
803 4295 906 4347 aut
934 4290 1317 4357 audierimus,
1337 4307 1470 4346 mox
1502 4308 1604 4363 per
1632 4307 1700 4347 ea
1724 4295 1913 4347 tenta-

255 4397 428 4446 mur,
452 4380 659 4452 siquid
689 4384 1033 4447 tractemus,
1056 4379 1306 4452 qualiter
1325 4397 1394 4435 ex
1423 4380 1506 4436 eis
1538 4380 1912 4450 aediﬁcemur,

256 4468 640 4542 qualiterque
662 4487 730 4526 ea
750 4469 1068 4525 imitemur.
1090 4469 1234 4524 Cum
1257 4485 1389 4524 vero
1413 4468 1568 4524 mala
1594 4470 1915 4526 viderimus

2019 3311 2170 3367 ditas
2194 3314 2510 3381 tentamur,
2538 3317 2740 3366 utrum
2768 3310 3192 3380 providentiam
3217 3311 3314 3364 Dei
3338 3309 3514 3365 talem
3543 3326 3664 3366 cre-

2017 3402 2228 3456 damus
2259 3415 2408 3470 quaa,
2436 3400 2634 3454 omnia
2673 3414 3059 3470 praenoscens,
3101 3397 3209 3452 hoc
3241 3414 3473 3470 quoque
3519 3397 3668 3453 sciat

2019 3489 2254 3562 quando
2286 3488 2454 3545 nobis
2487 3487 2673 3557 prosit
2705 3486 2984 3543 exaudiri.
3011 3486 3068 3542 Si
3093 3486 3249 3541 enim
3271 3487 3443 3558 juxta
3470 3484 3667 3541 volun-

2019 3584 2197 3636 tatem
2233 3582 2494 3634 nostram
2518 3577 2739 3651 jugiter
2767 3575 3196 3644 exaudiremur,
3220 3575 3478 3631 maxima
3508 3573 3666 3630 salu-

2018 3669 2095 3724 tis
2128 3672 2337 3724 nostraa
2369 3668 2586 3723 damna
2635 3683 2787 3739 saepe
2836 3669 3186 3737 pateremur.
3221 3665 3328 3740 Per
3358 3664 3669 3720 inhonesta

2019 3757 2293 3829 quaslibet
2312 3761 2632 3824 tentamur,
2650 3756 2698 3811 si
2725 3756 3098 3811 attendamus
3120 3755 3278 3826 quia,
3295 3754 3447 3810 sicut
3471 3753 3670 3809 omnia

2020 3847 2280 3918 corporis
2313 3845 2497 3901 nostri
2527 3844 2839 3900 inhonesta
2867 3843 3229 3916 operimento
3250 3842 3340 3898 vel
3371 3841 3668 3899 secretiori

2018 3936 2144 3991 loco
2176 3937 2586 4005 conteguntur,
2617 3934 2702 3988 ita
2747 3931 2924 3988 etiam
2968 3931 3402 3988 honestioribus
3450 3931 3667 4006 verbis,

2020 4023 2070 4080 si
2103 4040 2220 4095 qua
2249 4022 2566 4078 necessitas
2598 4021 2853 4094 postulat
2882 4022 2954 4076 de
2984 4022 3067 4076 eis
3098 4021 3283 4093 loqui,
3310 4024 3449 4077 sunt
3479 4007 3672 4077 conte-

2022 4112 2230 4185 genda.
2267 4112 2372 4166 Per
2415 4110 2756 4183 qualitatem
2790 4111 3097 4167 hominum
3130 4111 3187 4166 in
3221 4127 3412 4166 errore
3462 4109 3668 4165 inﬁde-

2022 4201 2204 4257 litatis
2253 4201 2443 4256 adhuc
2485 4201 2981 4271 perseverantium
3011 4204 3327 4267 tentamur,
3363 4199 3411 4254 si
3462 4197 3670 4253 divinas

2025 4291 2224 4363 pietati
2255 4306 2357 4362 pro
2379 4289 2487 4344 hoc
2510 4289 2727 4361 gratias
2749 4305 2920 4361 agere
2938 4288 3210 4356 velimus,
3235 4289 3389 4359 quod
3413 4304 3518 4343 nos
3548 4291 3670 4342 tam

2024 4397 2128 4452 per
2157 4377 2359 4434 ﬁdeles
2410 4383 2677 4450 parentes
2709 4395 2886 4449 quam
2948 4393 3049 4449 per
3099 4377 3244 4432 alios
3302 4393 3481 4432 sacrae
3536 4376 3671 4431 ﬁdei

2027 4470 2295 4524 doctores
2327 4467 2396 4522 ab
2430 4468 2632 4522 eadem
2671 4466 3014 4522 inﬁdelitate
3054 4465 3315 4521 retraxit.
3348 4465 3455 4519 Per
3483 4463 3671 4534 quali-

255 4565 374 4614 aut
405 4558 788 4628 audierimus,
813 4575 948 4615 mox
969 4557 1355 4614 nihilominus
1381 4575 1483 4630 per
1503 4575 1571 4614 ea
1597 4563 1914 4628 tentamur,
1950 4581 1993 4646 D
2027 4562 2206 4613 tatem
2241 4560 2552 4628 parentum
2601 4571 2911 4627 pravorum
2956 4559 3271 4618 tentamur,
3297 4553 3345 4608 si
3375 4551 3675 4607 attendere

255 4648 311 4704 si
343 4648 426 4704 ab
455 4647 548 4703 his
576 4665 684 4704 nos
732 4653 928 4704 mente
979 4653 1036 4703 et
1084 4663 1323 4719 corpore
1361 4652 1713 4715 avertamus,
1756 4650 1915 4705 omni
1951 4638 1988 4646 ”
2025 4646 2294 4717 velimus,
2329 4647 2547 4716 quanta
2585 4644 2686 4698 Dei
2737 4643 2927 4715 gratia
2955 4643 3032 4698 sit
3062 4643 3219 4713 quod
3269 4657 3432 4695 sacro
3477 4638 3673 4710 bapti-

255 4736 445 4793 modo
473 4742 745 4793 caventes
787 4753 860 4792 ne
907 4735 1125 4792 similia
1172 4735 1477 4791 faciamus.
1507 4737 1828 4793 Tentamur
1856 4739 1914 4794 in

254 4827 357 4884 his
386 4842 520 4898 qua
546 4827 730 4883 facere
751 4832 807 4884 et
827 4827 945 4899 pati
967 4841 1306 4898 possumus,
1326 4825 1374 4880 si
1396 4826 1652 4898 prompti
1674 4827 1915 4898 scimus,

253 4921 390 4971 tam
421 4931 526 4987 pro
550 4916 793 4973 fratrum
817 4919 1152 4972 nostrorum
1179 4931 1356 4986 quam
1385 4931 1489 4986 pro
1512 4920 1712 4972 nostra
1732 4916 1919 4972 salute

253 5022 332 5061 ea
364 5006 591 5076 operari
625 5010 681 5062 et
728 5005 870 5074 pati,
901 5010 1075 5078 prout
1119 5003 1366 5059 facultas
1414 5008 1471 5058 et
1520 5006 1921 5062 convenientia

253 5094 583 5166 utriusque
604 5095 908 5168 permittit.
925 5094 1049 5150 Non
1067 5092 1222 5149 enim
1243 5092 1518 5148 omnibus
1535 5110 1721 5149 unum
1741 5095 1920 5151 idem-

253 5199 384 5257 que
423 5198 566 5256 Opus
587 5183 873 5241 convenit.
900 5182 1136 5240 Laudati
1167 5185 1223 5236 et
1242 5181 1552 5253 vituperati
1585 5187 1881 5238 tentamur
1905 5202 1918 5240 :

253 5273 501 5329 laudati
520 5273 836 5346 quidem,si
857 5271 1296 5344 nobismetipsis
1316 5269 1450 5341 plus
1474 5271 1542 5326 de
1564 5277 1766 5328 nostra
1787 5289 1924 5344 qua-

248 5361 441 5418 litate
470 5362 700 5418 credere
729 5361 1001 5428 velimus,
1021 5375 1198 5433 quam
1223 5357 1352 5414 aliis
1384 5375 1490 5414 nos
1521 5360 1719 5416 minus
1745 5377 1921 5433 agno-

246 5450 609 5521 scentibus;
639 5451 954 5525 vituperati
984 5448 1266 5520 autem,si
1301 5448 1557 5520 peccatis
1589 5450 1806 5505 nostris
1836 5449 1923 5506 vel

245 5539 457 5598 ullam
488 5540 766 5614 injuriam
819 5541 889 5597 ab
941 5538 1070 5595 aliis
1103 5537 1326 5594 illatam
1379 5536 1625 5593 tolerare
1654 5538 1922 5608 velimus,

247 5645 410 5720 eum
436 5629 726 5708 plurimos
749 5630 1006 5691 sciamus
1025 5631 1319 5687 tormenta
1345 5625 1602 5684 maxima
1621 5627 1926 5704 ipsamque

2029 4738 2217 4790 smate
2240 4733 2423 4789 abluti
2449 4733 2520 4786 ab
2539 4731 2813 4786 omnibus
2835 4730 3174 4786 eorumdem
3193 4732 3503 4801 parentum
3515 4726 3673 4782 vitiis

2028 4824 2250 4879 erimus
2297 4820 2573 4890 absoluti,
2605 4820 2926 4875 dummodo
2959 4818 3345 4888 nosmetipsos
3375 4817 3435 4871 in
3468 4815 3673 4872 eadem

2027 4913 2167 4968 vitia
2203 4910 2447 4966 minime
2491 4908 2885 4982 implicemus.
2918 4909 3024 4964 Per
3053 4905 3544 4963 irremediabilem
3587 4904 3673 4960 la-

2031 5018 2204 5075 psum
2229 4998 2618 5072 quorumdam
2652 4997 2992 5070 angelorum
3024 5001 3340 5063 tentamur,
3365 4998 3563 5050 utrum
3595 4997 3678 5049 at-

2032 5091 2340 5147 tendamus
2371 5093 2592 5160 quanta
2639 5087 2740 5142 Dei
2790 5087 2980 5159 gratia
3029 5086 3106 5142 sit
3145 5085 3370 5140 homini
3417 5082 3677 5155 quotidie

2031 5178 2293 5252 peccanti
2333 5176 2562 5231 veniam
2613 5175 2919 5247 quaesitam
2974 5191 3078 5247 pro
3129 5177 3292 5230 reatu
3340 5170 3673 5235 concedere,

2033 5265 2509 5339 quandoquidem
2564 5253 2741 5319 iidem
2792 5264 3002 5336 angeli,
3055 5267 3241 5318 semet
3289 5259 3678 5332 superbiendo

2034 5356 2207 5428 lapsi,
2242 5371 2357 5410 non
2389 5351 2580 5409 solum
2629 5353 2854 5410 nullam
2885 5353 3113 5408 veniam
3166 5353 3506 5406 meruerunt
3555 5349 3679 5404 adi-

2035 5446 2202 5520 pisci,
2234 5443 2333 5499 sed
2367 5459 2470 5499 nec
2500 5441 2857 5499 voluntatem
2878 5441 3107 5498 veniam
3140 5436 3510 5510 impetrandi.
3537 5437 3679 5494 Item

2037 5551 2138 5609 per
2163 5534 2397 5590 eosdem
2425 5532 2702 5605 reprobos
2724 5531 2961 5606 angelos
2992 5533 3309 5595 tentamur,
3333 5527 3380 5583 si
3413 5525 3682 5583 videlicet

2035 5623 2430 5692 attendamus,
2453 5623 2592 5697 quia
2613 5623 2766 5681 sicut
2795 5621 2908 5698 ipsi
2930 5637 3033 5696 per
3051 5617 3388 5694 superbiam
3419 5615 3502 5676 ita
3529 5614 3678 5694 lapsi

2657 5817 2686 5828 α
