4098 6172
362 320 479 382 239

1373 304 1714 367 0THLONl
1762 303 2119 363 MONACHI
2163 302 2227 359 S.
2274 298 2763 360 EMMERAMMI

3645 296 3766 356 240

364 456 604 519 sunt,ut
629 448 950 507 coramDeo
968 444 1122 500 ultra
1137 446 1291 498 stare
1313 459 1427 496 non
1450 442 1709 512 possent,
1727 436 1808 492 sic
1826 436 2001 491 etiam
2035 440 2085 504 Α
2119 435 2165 490 si
2201 452 2303 505 pro
2334 434 2442 489 hoc
2475 434 2586 488 Deo
2631 433 2848 505 gratias
2879 446 3124 502 agamus
3156 429 3309 501 quod
3359 445 3466 485 nos
3518 427 3763 486 minime

366 561 568 604 omnes
599 539 867 614 homines
899 533 1314 603 contruEDeum
1349 548 1407 586 se
1436 530 1724 601 erigentes
1748 524 2009 598 quandiu

366 637 425 691 in
460 636 566 689 hac
596 629 841 687 elatione
873 624 1215 697 persistunt,
1250 620 1332 674 nil
1369 618 1506 673 boni
1550 633 1739 688 agere,
1773 615 1874 669 sed
1906 630 2009 669 nec

367 727 548 783 ullam
583 720 673 777 sui
725 716 1013 771 malitiam
1060 726 1371 784 agnoscere
1402 713 1668 780 possunt.
1704 705 1879 773 Cujus
1929 702 2009 758 rei

366 822 546 874 testes
577 814 716 868 sunt
746 805 1005 882 plurimi,
1038 802 1159 875 qui,
1194 799 1337 873 proh
1368 796 1563 853 dolorl
1616 792 1892 866 superbia
1921 792 2009 847 in-

368 903 564 962 durati
593 899 754 958 nullo
788 897 959 953 modo
993 894 1065 950 ad
1099 891 1340 947 meliora
1368 886 1565 942 valent
1594 884 1768 939 ﬂecti.

439 996 546 1051 Per
573 988 927 1064 injustitiam
956 983 1041 1041 vel
1084 979 1478 1038 adulationem
1510 974 1831 1030 amicorum
1875 970 2013 1027 alio-

366 1100 618 1158 rumque
660 1078 990 1143 hominum,
1023 1088 1155 1128 cum
1205 1069 1420 1142 quibus
1453 1079 1774 1131 versamur,
1808 1075 2010 1116 omnes

369 1152 682 1240 tenta-mur,
708 1171 758 1227 si
790 1174 970 1224 Deum
993 1162 1183 1234 magis
1210 1175 1387 1231 quam
1420 1154 1551 1210 illos
1579 1152 1886 1223 diligentes
1909 1165 2010 1240 per

366 1282 567 1325 eorum
600 1238 849 1336 gratiam
879 1255 969 1312 vel
1008 1249 1321 1309 consilium
1353 1265 1387 1302 a
1416 1245 1653 1301 veritate
1684 1246 1751 1336 et
1774 1238 2011 1310 justitia

362 1376 479 1417 non
509 1330 891 1411 declinemus.
927 1346 1032 1401 Per
1061 1359 1160 1398 eos
1200 1339 1376 1394 etiam
1408 1334 1509 1407 qui
1544 1330 1809 1402 improbe
1841 1346 1874 1384 a
1904 1345 2006 1382 no-

362 1449 456 1506 bis
482 1446 720 1517 exigunt
751 1439 1006 1509 aliquam
1034 1448 1178 1497 rem,
1212 1443 1388 1501 quam
1420 1429 1521 1481 aut
1563 1438 1677 1477 non
1721 1419 2009 1516 habemus

362 1537 452 1594 vel
481 1516 764 1591 habentes
794 1526 906 1583 sibi
938 1526 1076 1579 dare
1120 1536 1235 1575 non
1270 1518 1571 1579 debemus,
1603 1516 1922 1573 tantamur,
1958 1523 2009 1561 ει

364 1623 800 1698 improbitatem
832 1631 1036 1672 eorum
1067 1610 1333 1666 modesta
1373 1604 1595 1659 ratione
1620 1613 2006 1698 compescen-

362 1686 470 1787 tes,
504 1730 639 1770 cum
672 1710 788 1766 alia
819 1724 932 1762 non
964 1704 1082 1759 sint
1112 1701 1195 1755 eis
1232 1696 1445 1760 danda,
1476 1688 1775 1747 charitatis
1798 1686 2006 1741 saltem

363 1779 573 1862 demus
594 1814 894 1871 responsa,
909 1791 1223 1862 implentes
1242 1784 1386 1840 illud
1407 1782 1559 1876 quod
1579 1779 1863 1876 scriptum
1883 1779 1969 1830 est
1990 1790 2002 1829 :
2039 1812 2087 1876 Β

370 1894 601 1953 Verbum
644 1867 845 1945 bonum
890 1896 1053 1953 super
1093 1879 1285 1933 datum
1328 1874 1598 1944 optimum
1628 1867 1813 1938 (Eeclz’.
1846 1881 2004 1931 xvm,

367 1985 475 2054 17).
508 1982 616 2036 Per
653 1994 747 2033 res
776 1970 1068 2046 quaslibet
1116 1964 1371 2038 perditas
1418 1958 2006 2054 tentamur,.utru'm,

364 2041 668 2142 sperantes
691 2041 829 2135 quia
856 2056 1178 2131 opitulante
1210 2056 1323 2106 Deo
1357 2052 1458 2104 aut
1486 2045 1720 2142 easdem
1751 2041 2007 2142 invenia-

363 2130 499 2216 mus
514 2156 601 2212 vel
622 2130 767 2211 alias
780 2130 901 2207 cito
915 2140 1389 2217 acquiramus,ab
1406 2135 1566 2193 omni
1581 2130 2011 2188 maledictionis

365 2253 423 2305 et
451 2246 664 2303 furoris
704 2240 952 2313 strepitu
985 2234 1380 2307 quiescamus.
1416 2227 1520 2281 Per
1571 2240 1663 2279 res
1712 2222 1888 2277 etiam
1939 2220 2010 2317 ab

366 2337 499 2394 aliis
539 2334 817 2409 perditas,
852 2328 950 2385 sed
1000 2343 1033 2381 a
1078 2321 1247 2379 nobis
1294 2320 1561 2373 inventas
1612 2318 1928 2379 tentamur,
1960 2325 2011 2364 ει

363 2405 594 2483 tantum
625 2418 953 2478 dilectionis
985 2430 1121 2485 erga
1162 2410 1459 2484 proximos
1498 2406 1819 2459 habeamus
1852 2405 1916 2455 ut
1945 2416 2013 2455 ea

366 2533 492 2588 quae
524 2517 664 2569 sunt
688 2526 796 2566 sua
817 2506 928 2563 sibi
950 2505 1284 2561 reddamus.
1307 2503 1416 2588 Per
1437 2497 1733 2565 acceptam
1758 2493 2011 2561 potesta-

363 2586 483 2660 tem
514 2601 1044 2663 tentamur,utrum
1070 2590 1295 2662 judicia
1314 2586 1539 2656 iniqua,
1563 2596 1869 2649 moresque
1891 2594 2013 2649 per-

362 2708 585 2757 versos,
614 2705 719 2761 pro
751 2686 968 2758 quibus
998 2680 1145 2737 alios
1175 2681 1427 2733 rectores
1458 2674 1793 2742 frequenter
1820 2681 2012 2761 repref

366 2758 703 2845 hendimus,
727 2776 787 2830 in
841 2772 1009 2829 nobis
1061 2767 1443 2825 emendemus
1493 2762 1692 2831 sicque
1740 2758 2017 2829 appareat

369 2869 560 2942 qualis
590 2844 836 2922 intentio
886 2860 1076 2917 cordis
1107 2856 1289 2913 nostri
1325 2854 1401 2908 sit
1444 2866 1581 2922 erga
1612 2854 1790 2942 Deum
1827 2844 2014 2942 etnho-l

370 2934 579 3015 mines.
615 2958 721 3011 Per
758 2954 868 3009 hoc
912 2964 1145 3022 quoque
1177 2944 1330 3017 quod
1376 2942 1661 3010 scriptum
1695 2941 1782 2992 est
1817 2952 1828 2991 :
1864 2934 2017 3002 Quod

368 3050 470 3104 tibi
505 3062 616 3101 non
661 3046 743 3099 vis
788 3041 934 3113 ﬁeri,
985 3038 1088 3093 alii
1134 3050 1205 3089 ne
1249 3032 1438 3104 feceris
1469 3027 1613 3098 (Tob.
1648 3043 1720 3094 1v,
1754 3025 1863 3094 16),
1892 3040 2018 3078 om-

375 3151 480 3190 nes
533 3132 748 3205 jugiter
797 3132 1114 3191 tentamur,
1148 3123 1197 3178 si
1228 3122 1374 3176 forte
1433 3116 1696 3173 eamdem
1756 3113 1930 3205 ﬁdem
1962 3114 2019 3166 et

2119 524 2386 597 permisit
2415 521 2641 594 gravari
2669 520 2966 577 debilitate
2994 525 3051 574 et
3091 523 3431 590 paupertate
3460 518 3583 573 tali.
3617 518 3761 574 Item

2119 630 2223 687 per
2251 614 2485 669 eosdem
2526 616 2843 676 tentamur,
2873 614 3070 665 utrum
3112 608 3360 663 miseria:
3390 624 3595 663 eorum
3625 624 3761 663 con-

2120 703 2379 758 dolentes
2410 701 2667 773 aliquam
2692 699 3152 755 misericordiam
3176 696 3291 753 illis
3311 696 3583 752 exhibere
3603 713 3763 754 cure~

2121 809 2273 847 mus.
2291 791 2395 846 Per
2418 789 2766 845 medicinam
2790 787 3079 843 carnalem
3105 790 3422 856 tentamur,
3439 790 3635 842 utrum
3662 803 3764 858 per

2119 881 2271 936 hanc
2304 880 2535 935 credere
2564 877 2813 933 velimus
2835 877 2973 948 quia
3003 876 3156 931 sicut
3183 892 3396 947 corpus
3418 876 3659 941 carnali,
3680 876 3781 943 ita,

2119 974 2175 1024 et
2232 970 2430 1025 anima
2487 966 2778 1040 spirituali
2837 966 3125 1021 medicina
3180 968 3504 1037 reparatur.
3545 966 3765 1021 Eodem

2119 1060 2291 1114 modo
2324 1075 2424 1130 per
2454 1056 2653 1112 omnia
2679 1054 2932 1111 visibilia
2961 1054 3192 1126 negotia
3223 1059 3536 1122 tentamur,
3564 1058 3761 1111 utrum

2118 1148 2177 1201 in
2208 1148 2291 1202 eis
2323 1147 2432 1203 hoc
2454 1146 2803 1217 investigare
2826 1143 3071 1199 velimus
3102 1160 3230 1214 quas
3261 1144 3539 1215 mysteria
3564 1160 3761 1200 rerum

2118 1235 2502 1292 invisibilium
2524 1238 2729 1306 gerant
2750 1239 2808 1289 et
2831 1232 2969 1304 quid
2996 1232 3163 1288 nobis
3186 1232 3256 1288 de
3276 1231 3468 1287 divino
3491 1231 3651 1288 cultu
3673 1233 3760 1288 in-

2118 1330 2322 1391 nuant,
2348 1326 2499 1381 sicut
2522 1324 2789 1379 videlicet
2820 1339 2921 1394 per
2941 1321 3199 1377 scholam
3223 1338 3338 1394 quo
3382 1321 3547 1393 pueri
3576 1322 3766 1393 gratia

2117 1409 3550 1485 discendicongregatinutriunturspiritualisvitte
3564 1410 3777 1466 schola.

2116 1504 2478 1575 designatur,
2511 1519 2640 1574 quas
2669 1503 2727 1556 in
2769 1501 2878 1557 hoc
2908 1500 3119 1556 saeculo
3168 1500 3393 1556 cunctis
3425 1499 3766 1556 hominibus

2117 1593 2411 1649 salvandis
2434 1596 2653 1647 statuta
2675 1595 2784 1658 est,
2808 1595 2873 1646 ut
2898 1589 3035 1654 illis,
3060 1590 3228 1661 quasi
3263 1588 3490 1660 parvuli
3511 1606 3612 1661 pro
3632 1590 3761 1645 vitae

2117 1682 2387 1754 perennis
2413 1681 2616 1737 notitia
2638 1679 2920 1751 capienda
2944 1679 3013 1734 ad
3038 1683 3270 1751 tempus
3293 1679 3535 1734 correcti
3554 1678 3642 1734 vel
3664 1678 3764 1735 fla-

2117 1770 2333 1844 gellati,
2367 1770 2741 1841 postmodum
2774 1769 2845 1824 de
2872 1770 2999 1839 ejus
3025 1768 3469 1840 participatione
3498 1784 3764 1826 merean-

2118 1864 2216 1914 tur
2243 1860 2542 1925 lsetiﬁcari,
2578 1859 2726 1914 sicut
2772 1858 2898 1930 ipse
2928 1857 3214 1913 Dominus
3262 1857 3403 1911 dicit
3435 1873 3447 1913 :
3480 1859 3640 1914 Beati
3667 1859 3767 1931 qui

2116 1966 2264 2003 nunc
2290 1950 2457 2018 ﬂetis,
2484 1950 2619 2018 quia
2648 1946 2897 2003 ridebz'tz's
2927 1947 3076 2017 (Luc.
3105 1963 3182 2016 v1,
3208 1946 3320 2017 21).
3347 1946 3559 2002 Eodem
3590 1948 3787 2003 modo

2120 2056 2222 2110 per
2250 2039 2480 2093 diversa
2511 2038 2708 2093 studia
2737 2040 2795 2092 et
2826 2052 3002 2108 opera
3019 2035 3186 2091 utilia
3213 2039 3529 2102 tentamur,
3563 2040 3764 2091 utrum

2120 2128 2229 2182 hoc
2260 2128 2633 2182 attendamus
2654 2126 2808 2197 quod
2841 2126 2968 2180 ideo
3001 2125 3380 2196 dispositione
3401 2125 3595 2181 divina
3626 2129 3769 2181 sunt

2120 2216 2353 2284 tradita,
2387 2220 2451 2271 ut
2489 2216 2682 2271 omnis
2732 2215 2905 2270 homo
2946 2216 3117 2285 juxta
3143 2214 3294 2270 vires
3342 2214 3768 2287 scientiamque

2121 2306 2233 2362 sibi
2266 2308 2460 2361 datam
2492 2305 2551 2360 in
2584 2305 2666 2360 eis
2697 2308 3015 2376 occupatus
3046 2320 3351 2374 nunquam
3381 2303 3459 2358 sit
3486 2304 3729 2359 otiosus.

2194 2395 2525 2453 Notandum
2550 2400 2743 2449 autem
2771 2394 2923 2465 quod
2949 2392 3177 2447 nullum
3200 2394 3441 2448 daretur
3461 2394 3769 2464 praemium

2122 2484 2214 2538 his
2245 2484 2345 2555 qui
2368 2482 2613 2539 utilibus
2644 2487 2700 2537 et
2726 2481 3129 2553 spiritualibus
3151 2482 3364 2538 studiis
3385 2486 3769 2555 occupantur,

2123 2572 2233 2629 nisi
2266 2573 2442 2628 simul
2477 2577 2674 2627 essent
2704 2570 2935 2627 inutilia
2957 2576 3130 2643 atque
3160 2571 3437 2638 carnalia,
3460 2571 3519 2626 in
3552 2572 3771 2642 quibus

2120 2662 2327 2717 tentati
2375 2661 2601 2732 copiam
2654 2660 2937 2716 haberent
2980 2660 3233 2732 eligendi
3292 2660 3622 2717 necessaria
3671 2664 3776 2716 aut

2123 2752 2441 2822 superﬂua,
2459 2752 2610 2805 bona
2633 2754 2734 2805 aut
2756 2750 2931 2805 mala.
2950 2750 3197 2821 Ideoque
3222 2751 3437 2821 quibus
3461 2751 3663 2805 datum
3687 2755 3802 2805 est.

2124 2840 2374 2896 liberum
2406 2840 2715 2894 arbitrium
2744 2855 2975 2894 currere
3004 2856 3351 2911 quocunque
3372 2839 3572 2909 velint,
3600 2839 3773 2895 datus

2125 2934 2215 2985 est
2244 2929 2419 2985 etiam
2448 2929 2611 2985 locus
2657 2928 2952 3000 spatiosus
2994 2928 3053 2983 in
3086 2945 3199 3000 quo
3242 2945 3477 2984 currere
3521 2928 3776 3001 possint.

2128 3020 2313 3074 Locus
2348 3025 2541 3074 autem
2577 3018 2721 3073 satis
2770 3017 3065 3089 spatiosus
3094 3023 3185 3074 est
3232 3018 3477 3074 facultas
3525 3018 3670 3075 bene
3718 3023 3778 3073 et

2127 3108 2278 3164 male
2309 3108 2537 3180 agendi.
2563 3108 2725 3173 Quod
2749 3109 2903 3163 enim
2935 3107 3209 3163 meritum
3243 3112 3416 3178 esset,
3441 3108 3487 3163 si
3520 3107 3654 3179 quis
3684 3105 3775 3162 vel

376 3185 789 3289 obedienotiam,
823 3232 925 3271 nec
969 3185 1541 3273 non'humilitatem,
1574 3220 1752 3276 quam
1786 3201 1953 3257 nobis
1985 3217 2019 3254 a
2048 3185 2090 3251 C
2128 3197 2278 3289 male
2298 3197 2387 3252 vel
2416 3198 2561 3252 bene
2583 3213 2751 3269 agere
2785 3212 2900 3251 non
2935 3196 3170 3267 posset?
3191 3195 3355 3251 Unde
3376 3200 3442 3251 ut
3465 3196 3793 3267 utriusque.

373 3310 627 3369 subditis
660 3306 875 3363 nostris
904 3301 1163 3362 exhiberi
1207 3299 1499 3362 volumus,
1531 3295 1590 3349 in
1641 3292 1848 3365 primis
1879 3295 2014 3357 Deo,

372 3400 582 3457 deinde
625 3396 872 3462 cunctis,
906 3393 1006 3465 qui
1050 3389 1219 3445 nobis
1268 3388 1544 3460 praesunt,
1576 3382 1844 3439 exhibere
1894 3384 2016 3435 stu-

371 3491 636 3546 deamus.
670 3487 775 3541 Per
814 3489 1068 3539 rectores
1119 3478 1422 3550 religiosos
1468 3478 1785 3536 tentamur,
1818 3469 1864 3524 si
1900 3469 2015 3523 Deo

369 3580 587 3652 gratias
619 3591 787 3647 agere
807 3572 1057 3628 velimus
1088 3585 1191 3639 pro
1213 3568 1321 3621 hoc
1351 3566 1507 3652 quod
1540 3561 1685 3617 tales
1717 3558 2014 3652 nobis-de-

368 3646 455 3722 dit
485 3646 737 3721 rectores
776 3662 874 3733 qui
935 3676 1040 3714 nos
1091 3659 1237 3711 bene
1284 3650 1513 3707 vivendi
1561 3647 1842 3719 exemplis
1892 3646 2012 3701 ins-

368 3759 568 3812 truant
599 3757 656 3808 et
684 3752 836 3807 viam
871 3748 1071 3821 patriae
1104 3742 1355 3799 coalestis
1384 3739 1715 3795 ostendant.
1742 3740 1849 3789 Per
1879 3735 2016 3788 irre-

365 3845 606 3916 ligiosos
654 3858 785 3898 vero
834 3834 1221 3903 tentamur,si
1272 3832 1505 3902 peccata
1554 3829 1771 3892 nostra,
1798 3823 2011 3916 quibus

367 3911 692 3990 meruimus
732 3927 906 3984 subdi
952 3924 1193 3987 talibus,
1227 3918 1593 3974 attendentes
1625 3919 1682 3969 et
1728 3911 2008 3984 poeniten-

364 4022 506 4077 tiam
541 4036 642 4091 pro
673 4018 765 4072 his
797 4030 966 4087 agere
997 4016 1054 4067 et
1082 4025 1285 4081 rogare
1324 4012 1505 4061 Deum
1546 4004 1911 4069 studeamus,
1946 4004 2011 4055 ut

364 4125 479 4165 non
531 4107 852 4164 secundum
895 4105 1129 4174 peccata
1184 4101 1385 4153 nostra
1436 4093 1608 4148 faciat
1668 4108 1774 4147 nos
1818 4106 2009 4146 errore

364 4202 667 4271 pastorum
726 4191 947 4262 seduci,
1001 4190 1100 4245 sed
1163 4186 1486 4242 secundum
1546 4180 2007 4237 misericordiam

364 4270 532 4342 suam
566 4283 776 4355 eripiat
804 4298 837 4335 a
860 4277 1120 4351 potentia
1140 4275 1262 4331 tali.
1287 4278 1395 4329 Per
1417 4270 1802 4328 famulamina
1822 4284 2009 4323 servo-

361 4392 493 4430 rum
511 4372 877 4443 aliorumque
894 4368 1062 4425 nobis
1080 4364 1449 4422 subditorum
1476 4365 1791 4425 tentamur,
1808 4363 2003 4413 utrum

357 4481 462 4537 per
491 4463 599 4519 hoc
631 4463 746 4518 Deo
779 4461 998 4532 gratias
1030 4471 1199 4528 agere
1219 4452 1467 4509 velimus
1491 4450 1645 4522 quod
1677 4448 1776 4503 illo
1807 4447 2004 4518 dispo-

2128 3287 2208 3343 rei
2241 3288 2467 3359 copiam
2490 3287 2730 3342 haberet
2750 3285 2943 3341 omnis
2965 3286 3158 3353 homo,
3182 3286 3337 3341 Deus
3357 3284 3627 3357 permisit
3648 3284 3775 3340 fieri

2127 3377 2411 3447 plurimos
2444 3376 2682 3432 diversas
2715 3374 3017 3447 qualitatis
3057 3374 3346 3440 homines,
3377 3373 3437 3429 id
3466 3378 3560 3430 est
3587 3390 3775 3429 saecu-

2126 3466 2265 3521 laris
2296 3470 2352 3520 et
2383 3464 2704 3536 spiritualis
2754 3463 3052 3535 sapientiae
3104 3467 3415 3530 amatores,
3460 3463 3671 3519 divites
3717 3467 3777 3518 et

2128 3572 2432 3627 pauperes,
2465 3555 2749 3626 superbos
2794 3558 2851 3609 et
2888 3552 3165 3620 humiles,
3194 3570 3367 3609 sanos
3398 3557 3455 3609 et
3482 3551 3774 3621 inﬁrmos,

2125 3650 2189 3698 ut
2220 3661 2424 3699 omnes
2458 3644 2608 3698 inter
2638 3660 2700 3698 se
2742 3647 3029 3698 certantes
3061 3642 3195 3712 quis
3243 3642 3509 3708 celerius,
3544 3641 3653 3696 hoc
3684 3645 3809 3697 est.

2124 3732 2355 3797 melius,
2389 3736 2646 3787 curreret
2688 3731 3097 3803 probarentur,
3152 3731 3375 3802 probati
3420 3746 3772 3785 coronaren-

2122 3825 2236 3875 tur.
2276 3821 2416 3875 Nam
2449 3837 2581 3874 cum
2613 3819 2673 3873 in
2718 3836 2835 3874 una
2865 3823 3029 3890 parte
3081 3819 3259 3891 positi
3305 3818 3425 3875 sint
3471 3817 3797 3890 sapientia}

2122 3908 2444 3980 spiritualis
2466 3914 2776 3985 amatores,
2800 3924 3106 3979 pauperes,
3130 3908 3405 3975 humiles,
3429 3907 3680 3973 inﬁrmi;
3706 3905 3772 3962 in

2121 3999 2236 4054 alia
2266 4014 2396 4054 vero
2443 3997 2680 4053 sibimet
2710 3997 3037 4063 contrariis,
3062 3996 3261 4053 nullus
3311 4000 3382 4052 ad
3429 3995 3769 4068 intelligibi-

2119 4089 2232 4143 lem
2267 4088 2547 4142 duntaxat
2598 4090 2823 4142 aetatem
2887 4086 3228 4157 perveniens
3287 4086 3637 4157 relinquitur
3667 4084 3773 4155 qui

2120 4195 2236 4232 non
2268 4193 2370 4249 per
2400 4175 2735 4246 oppositum
2776 4192 2950 4230 suum
2998 4176 3277 4246 probatus
3309 4179 3410 4230 aut
3438 4178 3768 4241 coronetur,

2119 4272 2219 4322 aut
2248 4267 2580 4321 damnetur.
2613 4264 2844 4321 Electus
2892 4264 3109 4337 quippe
3159 4269 3492 4333 coronatur,
3517 4263 3655 4335 quia
3680 4262 3772 4316 vi-

2118 4357 2261 4410 dens
2292 4360 2348 4409 et
2377 4354 2619 4410 audiens
2651 4354 2911 4426 undique
2942 4354 3098 4410 mala
3129 4371 3163 4409 a
3194 4353 3365 4409 malis
3391 4357 3556 4425 gesta
3584 4351 3774 4407 conti-

2117 4445 2246 4499 nuit
2277 4462 2337 4500 se
2369 4446 2439 4499 ab
2472 4444 2586 4511 eis;
2620 4444 2902 4515 reprobus
2933 4460 3064 4499 vero
3112 4444 3241 4499 ideo
3272 4445 3603 4512 damnatur,
3627 4440 3774 4513 quia

358 4529 530 4610 nente
560 4553 620 4607 hi
651 4529 822 4607 nobis
853 4546 1188 4605 deserviunt
1213 4544 1314 4615 qui
1341 4539 1673 4597 conditione
1707 4541 1763 4593 et
1794 4540 2004 4591 natura
2035 4558 2081 4621 D
2114 4535 2319 4590 videns
2342 4538 2397 4589 et
2428 4533 2672 4589 audiens
2705 4532 2922 4603 ubique
2954 4533 3159 4588 bonaa
3182 4532 3353 4588 bonis
3383 4537 3549 4604 gesta
3579 4529 3773 4586 noluit

359 4642 527 4700 nobis
558 4640 810 4713 aequales
841 4638 1116 4695 existunt.
1142 4636 1248 4690 Per
1277 4630 1589 4703 cujuslibet
1618 4626 1875 4682 hominis
1907 4642 2005 4681 no-

358 4733 583 4789 biscum
616 4727 1012 4786 conversantis
1056 4721 1472 4797 negligentiam
1508 4722 1826 4782 tentamur,
1855 4716 1903 4769 si
1936 4730 2002 4769 ea

357 4838 483 4893 quae
509 4820 608 4874 ille
636 4820 697 4873 in
725 4816 1117 4890 qualicunque
1144 4829 1203 4867 re
1234 4810 1596 4882 negligenter
1617 4806 1736 4877 agit
1759 4818 2001 4893 quaeque

356 4890 463 4962 nos
503 4923 571 4961 ex
617 4905 824 4976 peritia
872 4908 928 4957 et
975 4900 1212 4955 licentia
1258 4898 1561 4953 meliorare
1609 4894 1907 4950 valeamus
1939 4890 1998 4945 in

356 4995 567 5050 melius
599 5008 831 5064 quoque
869 4995 1156 5061 aptemus.

424 5089 532 5139 Per
561 5088 890 5153 temporum
924 5094 1145 5151 pacem,
1174 5075 1325 5131 aeris
1358 5076 1721 5145 temperiem,
1748 5089 1849 5128 nec
1883 5087 1998 5126 non

354 5191 456 5246 per
486 5188 679 5229 rerum
722 5167 1143 5226 abundantiam
1192 5169 1510 5249 tentamur,
1542 5169 1737 5217 utrum
1773 5178 1873 5232 pro
1906 5160 1997 5214 his

352 5265 469 5319 Deo
499 5262 718 5335 gratias
750 5276 917 5332 agere
968 5262 1025 5313 et
1062 5256 1121 5310 in
1152 5255 1278 5324 ejus
1326 5252 1562 5332 servitio
1612 5250 1996 5323 promptiores

353 5368 481 5407 esse
508 5351 778 5406 velimus.
813 5348 996 5403 Aliter
1028 5359 1261 5417 quoque
1300 5342 1357 5395 in
1414 5341 1633 5396 eisdem
1678 5344 1993 5405 tentamur,

354 5446 549 5496 utrum
583 5440 653 5494 ad
682 5438 1012 5494 necessaria
1031 5435 1220 5489 victus
1242 5436 1298 5486 et
1317 5430 1562 5485 vestitus
1586 5428 1851 5485 subsidia
1874 5445 1993 5483 ma-

352 5530 444 5603 gis
474 5545 649 5600 quam
683 5528 755 5582 ad
783 5524 1144 5597 superfluum
1178 5537 1352 5577 usum
1397 5518 1638 5574 luxuria
1670 5518 1757 5573 vel
1790 5533 1996 5589 super-

350 5619 458 5677 biae
492 5618 585 5676 his
617 5619 873 5677 utamur.
898 5614 1003 5671 Per
1030 5612 1253 5671 debiles
1284 5614 1338 5668 et
1371 5623 1655 5683 pauperes
1677 5612 1996 5681 tentamur,

2113 4623 2330 4678 imitari
2364 4622 2484 4691 illa,
2517 4622 2669 4677 sicut
2713 4626 2768 4677 et
2805 4621 2989 4677 Judaei
3023 4638 3056 4676 a
3084 4622 3336 4677 Domino
3389 4625 3588 4676 nostro
3619 4619 3769 4674 refe-

2113 4717 2323 4767 runtur
2352 4713 2481 4767 ideo
2513 4727 2641 4766 esse
2672 4711 2989 4766 damnandi
3022 4712 3160 4781 quia
3192 4711 3443 4765 scientes
3474 4708 3773 4767 Ninivitas
3800 4754 3805 4757 .

2110 4819 2287 4872 parva
2332 4802 2491 4856 Jonze
2544 4799 2950 4871 praedicatione
2979 4816 3307 4867 conversos,
3339 4797 3451 4868 ipsi
3504 4813 3608 4852 nec
3662 4813 3777 4869 per

2110 4890 2366 4945 maxima
2386 4890 2557 4960 signa
2577 4888 2884 4943 voluerunt
2905 4888 3178 4942 converti.
3206 4884 3559 4957 Hujusmodi
3580 4886 3777 4957 igitur

2109 4979 2443 5034 diversitate
2473 4981 2657 5031 tentat
2688 4994 2794 5031 nos
2830 4975 3051 5045 jugiter
3078 4975 3364 5030 Dominus
3413 4975 3768 5043 admonens,

2110 5072 2173 5121 ut
2204 5067 2447 5123 sollicite
2491 5070 2804 5137 pensantes
2835 5068 3055 5133 quanta
3086 5063 3408 5119 subtilitate
3453 5063 3773 5120 diversitas
3794 5110 3803 5117 ,

2109 5158 2311 5212 eadem
2344 5156 2495 5209 facta
2526 5154 2601 5208 sit
2635 5153 2705 5208 ad
2748 5154 3245 5223 eomprobandam
3278 5154 3543 5208 omnium
3576 5151 3783 5223 quali-.

2108 5250 2284 5300 tatem
2320 5243 2615 5315 fugiamus
2643 5259 2677 5297 a
2705 5246 2951 5297 ventura
2982 5241 3086 5313 ira,
3111 5259 3248 5298 cum
3280 5248 3516 5315 tempus
3549 5241 3781 5297 habea-.

2108 5352 2240 5390 mus
2274 5333 2557 5405 fugiendi.

2178 5424 2235 5480 Si
2268 5424 2400 5495 quis
2430 5438 2563 5478 vero
2597 5421 2728 5494 plus
2759 5426 2981 5493 quaerat
3009 5423 3302 5493 quomodo
3333 5438 3439 5477 nos
3469 5420 3767 5477 Dominus
3804 5472 3807 5473 ν

2098 5515 2321 5587 jugiter
2352 5514 2683 5579 admoneat,
2721 5513 2869 5567 sciat
2907 5511 3065 5582 quia,
3099 5512 3567 5583 quotiescunque
3596 5510 3775 5582 cogi-

2106 5608 2303 5665 tamus
2324 5602 2410 5661 vel
2432 5602 2705 5660 audimus
2729 5617 2908 5678 quam
2933 5600 3218 5659 terribilia
3238 5600 3357 5659 sint
3381 5600 3604 5677 judicia
3630 5598 3793 5689 Deir‘
3848 5652 3851 5653 ν
