4108 6188
382 357 500 420 243

1401 352 1741 416 OTHLONI
1787 349 2142 413 MONACHI
2187 348 2250 411 S.
2300 344 2789 413 EMMERAMMI

3673 346 3792 406 244

385 495 549 565 garet
570 508 672 565 per
701 489 939 547 solitum
965 487 1726 561 aquaajudiciumﬂumque
1751 503 1868 542 una
1897 503 2031 541 cum
2062 488 2116 554 Α
2146 488 2353 553 tasque
2382 482 2497 537 Deo
2528 486 2586 536 te
2615 482 2823 536 amodo
2853 478 3013 550 «.talia
3061 478 3470 535 devitaturum.
3528 477 3789 535 Audiens

389 583 589 638 multis
620 581 749 637 aliis
780 580 849 635 ad
883 582 1166 633 statutum
1198 595 1359 649 aquae
1400 578 1691 649 judicium
1753 576 2027 644 venisset,

387 674 621 744 peracta
643 668 1071 724 examinatione
1092 668 1252 722 omni
1272 685 1398 739 qua:
1421 667 1499 723 ibi
1527 667 1674 723 solet
1704 665 2034 739 agi,cecidit

388 762 448 816 in
470 764 695 815 reatum
730 774 831 829 per
851 756 1475 828 idemjudicium.Quo
1497 758 1644 811 facto
1677 756 1763 809 vir
1794 754 2034 811 maestis-

388 849 578 904 simus
604 845 1041 913 efﬁcitur,omni
1074 845 1441 916 querimonia
1471 844 1725 916 repletur
1756 862 1868 900 non
1902 849 2035 899 tan—

388 942 516 994 tum
550 954 653 1009 pro
682 935 817 1008 equi
850 935 1399 1006 recompensatione,
1435 935 1532 989 sed
1557 934 1731 989 etiam
1792 950 1894 1006 pro
1954 932 2037 987 in-

391 1025 680 1082 tolerabili
697 1024 927 1081 comitis
943 1024 1351 1094 timore,quem
1375 1023 1486 1078 sibi
1512 1022 1779 1093 cognovit
1797 1022 2038 1078 minime

388 1132 648 1188 parcere,
682 1116 727 1170 si
762 1133 795 1170 a
826 1113 1098 1186 prmdicto
1150 1130 1262 1167 non
1321 1113 1716 1168 absolveretur
1773 1112 2031 1167 crimine.

389 1211 720 1262 Convocans
735 1220 869 1276 ergo
892 1218 1096 1258 omnes
1128 1201 1371 1257 clericos
1405 1202 1622 1257 ibidem
1656 1206 1956 1256 manentes
1978 1200 2037 1254 in

391 1292 906 1366 unum,quaeritab
950 1291 1033 1347 eis
1091 1291 1403 1347 consilium
1462 1292 1753 1363 quomodo
1812 1295 2039 1347 reatum

392 1384 632 1441 evadere
654 1385 868 1455 posset,
897 1380 957 1436 in
987 1396 1161 1453 quem
1194 1378 1356 1435 nulla
1385 1397 1493 1436 sua
1512 1380 1868 1437 conscientia
1896 1378 2039 1434 inci-

394 1472 595 1529 disset.

392 1561 479 1618 Ad
511 1561 633 1615 haec
663 1576 797 1614 cum
841 1558 1275 1629 unusquisque,
1334 1562 1508 1630 prout
1558 1557 1671 1612 sibi
1714 1556 2040 1625 videbatur,

395 1650 791 1722 responderet,
826 1646 1064 1718 quidam
1096 1663 1163 1702 ex
1194 1646 1277 1701 eis
1305 1647 1477 1717 coepit
1507 1646 1674 1701 illum
1710 1662 1943 1701 monere
1982 1649 2047 1700 ut

396 1737 618 1810 aliquid
642 1736 924 1793 attentius
947 1739 1180 1807 peccata
1193 1751 1301 1789 sua
1321 1734 1581 1790 recolens
1613 1740 1669 1789 et
1684 1734 2047 1790 confessione

398 1826 666 1899 proderet
686 1829 741 1879 et
770 1822 1241 1879 emendationem
1273 1822 1388 1922 Deo
1411 1823 1792 1922 promitteret.
1817 1823 2047 1922 Cui‘ille
2082 1858 2130 1922 Β

397 1914 703 1986 respondit
722 1912 956 1967 dicens:
990 1911 1119 1965 Hac
1152 1910 1583 1981 omniaitajam
1601 1912 1707 1967 feci
1730 1917 1796 1968 ut
1816 1912 2049 1968 nullum

400 2004 461 2059 in
494 2001 777 2057 memoria
806 2016 935 2055 mea
964 2004 1260 2054 remaneat
1289 2004 1615 2072 peccatum,
1668 2002 1822 2073 quod
1881 2001 2046 2057 vobis

400 2108 519 2148 non
551 2088 854 2146 confessus
877 2087 1085 2142 fuerim
1108 2092 1163 2143 et
1183 2104 1283 2159 pro
1310 2105 1422 2160 quo
1445 2089 1913 2146 emendationem
1938 2095 2049 2146 Deo

402 2197 519 2237 non
542 2178 1108 2252 promiserim.Tunc
1139 2175 1235 2232 ille
1262 2177 1505 2234 clericus
1532 2198 1543 2235 :
1584 2179 1902 2247 Quomodo,
1960 2179 2051 2234 in-

404 2269 669 2342 quit,hoc
698 2271 889 2340 potest
918 2283 1117 2321 verum
1159 2283 1309 2335 esse,
1369 2284 1501 2323 cum
1564 2273 1868 2341 peccatum
1928 2286 2053 2325 ma-

404 2376 588 2432 gnum
617 2358 678 2413 in
702 2362 758 2412 te
786 2356 1201 2426 videam,quod
1231 2373 1333 2412 nec
1358 2359 1688 2413 conﬁtendo
1722 2359 1890 2414 nobis
1922 2375 2053 2431 pro-

405 2446 631 2514 didisti,
664 2455 769 2500 nec
800 2448 1105 2516 peccatum
1131 2459 1259 2499 esse
1301 2446 1492 2501 credis
1520 2447 1547 2500 ?
1580 2446 1783 2503 Laicus
1800 2463 2055 2518 namque

409 2552 544 2591 cum
577 2533 659 2589 sis
689 2537 763 2601 et,
790 2534 959 2604 juxta
992 2547 1215 2586 morem
1248 2532 1554 2601 laicorum,
1587 2536 1770 2591 barba
1814 2536 2056 2591 minime

410 2632 543 2679 rasa
571 2621 840 2676 incedere
872 2619 1139 2686 deberes,
1163 2624 1224 2674 tu
1258 2626 1495 2677 econtra
1516 2622 1721 2678 divinae
1751 2623 1896 2696 legis
1926 2641 2058 2679 con-

408 2713 662 2783 temptor
690 2706 858 2780 quasi
890 2706 1136 2762 clericus
1159 2707 1401 2764 barbam
1434 2714 1596 2766 tuam
1630 2712 2057 2767 rasisti.Pecc-a-

340 2796 343 2801 λ
410 2802 538 2854 tum
570 2796 786 2870 quippe
815 2794 947 2862 tale,
985 2792 1125 2848 licet
1174 2799 1238 2850 tu
1296 2812 1399 2868 pro
1432 2796 1612 2852 nihilo
1670 2798 1909 2868 habeas,
1954 2815 2058 2871 ego

412 2887 581 2945 credo
613 2890 843 2942 tantum
875 2898 1003 2939 esse
1019 2886 1082 2938 ut
1104 2882 1440 2941 nullatenus
1463 2902 1498 2941 a
1518 2886 1785 2956 crimine,
1813 2888 1871 2943 in
1905 2888 2059 2959 quod

410 2971 1039 3040 incidisti.absolvaris,
1073 2973 1185 3029 nisi
1216 2973 1618 3045 pmnitentiam
1652 2977 2062 3050 agas,promit-

2144 573 2262 627 haec
2294 572 2382 626 vir
2409 588 2541 625 mox
2563 575 2762 625 votum
2793 568 2945 625 vovit
2983 570 3119 639 Deo,
3180 569 3379 624 dicens
3407 584 3420 623 ε
3471 569 3617 625 Ecce
3673 573 3788 626 Deo

2144 660 2421 733 promitto
2448 660 2585 731 quia
2614 659 2663 715 si
2696 676 2787 715 me
2816 658 3143 715 liberaverit
3168 676 3200 712 a
3232 659 3687 731 reatusjudicio,
3728 659 3789 715 in

2145 751 2299 821 quod
2333 751 2504 805 modo
2533 748 2731 816 incidi,
2792 748 3081 804 rasorium
3121 764 3426 820 nunquam
3484 747 3674 804 veniet
3727 748 3789 803 in

2144 840 2384 896 barbam
2418 828 2629 894 meam.

2218 930 2439 995 Quibus
2470 928 2640 984 dictis
2661 945 2862 984 omnes
2886 928 3131 984 redeunt
3153 928 3225 983 ad
3248 927 3794 1000 aquam,cupientes

2147 1034 2460 1091 agnoscere
2488 1018 2535 1072 si
2586 1017 2725 1088 quid
2785 1018 3086 1089 prodesset
3143 1020 3337 1073 reatus
3393 1017 3681 1073 confessio
3737 1022 3797 1074 et

2149 1108 2422 1180 quaelibet
2452 1107 2621 1162 noxia
2645 1106 2862 1162 vitandi
2893 1105 3236 1179 {promissio
3303 1107 3565 1179 Cumque
3621 1108 3799 1164 itera-

2148 1201 2307 1254 retur
2328 1196 2730 1268 judicium,ita
2753 1212 2994 1251 securus
3019 1197 3209 1252 factus
3238 1199 3328 1252 est
3346 1200 3410 1251 ut
3430 1200 3550 1252 tam
3576 1198 3649 1253 de
3669 1198 3799 1268 ejus

2152 1286 2484 1342 innocentia
2513 1303 2691 1357 quam
2725 1286 2796 1341 de
2818 1285 3054 1357 justitia
3083 1285 3352 1353 revelata,
3375 1286 3531 1357 quod
3576 1285 3802 1343 scilicet

2152 1392 2321 1431 nemo
2357 1373 2639 1430 laicorum
2672 1375 2873 1430 radere
2905 1375 3149 1430 barbam
3182 1376 3410 1444 debeat,
3443 1392 3647 1433 omnes
3679 1375 3801 1432 illic

2152 1468 2457 1520 manentes
2478 1468 2591 1518 Deo
2640 1463 2873 1520 laudem
2922 1464 3198 1520 dicerent.
3251 1464 3461 1536 Sicque
3519 1464 3802 1523 liberatus

2153 1558 2243 1609 est
2269 1553 2443 1608 homo
2474 1556 2530 1608 et
2553 1553 2624 1607 de
2654 1551 2851 1609 infesti
2881 1552 3117 1609 sibimet
3143 1553 3373 1609 comitis
3391 1558 3694 1626 potestate.
3744 1559 3804 1611 et

2155 1644 2225 1698 de
2253 1658 2452 1698 eorum
2482 1641 2756 1697 violentia
2777 1641 2877 1713 qui
2908 1641 3074 1697 illum
3091 1643 3374 1714 cogebant
3389 1658 3609 1716 equum
3641 1644 3801 1700 abla-

2155 1735 2280 1786 tum
2310 1730 2653 1803 persolvere.

2231 1821 2365 1875 Post
2387 1820 2753 1891 aliquantum
2785 1835 2916 1875 vero
2948 1822 3234 1893 temporis
3262 1820 3419 1878 idem
3443 1823 3530 1878 vir
3585 1822 3804 1879 oblitus

2162 1908 2366 1964 divine
2399 1907 2787 1980 pietatis,quw
2819 1924 2954 1963 eum
2987 1909 3333 1982 absolverat,
3351 1911 3806 1985 parvipendens-

2162 2014 2273 2070 que
2330 2014 2451 2053 rem
2485 2014 2663 2068 quam
2694 2002 2807 2053 Deo
2857 1998 3225 2069 promiserat,
3249 2016 3424 2073 super
3451 2001 3633 2058 barba
3690 2018 3808 2058 non

2161 2087 2438 2156 radenda,
2469 2086 2648 2157 jussit
2674 2085 2786 2142 sibi
2817 2103 2951 2142 cum
2986 2088 3268 2144 novacula
3289 2090 3531 2146 barbam
3581 2092 3805 2162 radere,

2162 2176 2363 2231 dicens
2397 2194 2409 2231 :
2443 2191 2548 2247 ego
2582 2175 2819 2247 quidem
2854 2180 2965 2232 Deo
2996 2177 3242 2249 promisi
3273 2179 3411 2250 quia
3432 2178 3723 2235 rasorium
3748 2181 3810 2235 in

2163 2266 2405 2321 barbam
2432 2280 2621 2320 meam
2645 2263 3021 2321 immitterem
3055 2283 3381 2339 nunquam,
3408 2284 3509 2341 pro
3530 2268 3813 2325 novacula

2163 2371 2296 2410 vero
2321 2370 2436 2408 non
2451 2353 2970 2426 promisi,ideoque
2990 2355 3119 2410 volo
3139 2355 3248 2412 hac
3270 2357 3354 2412 uti
3376 2357 3811 2415 sicuthomines

2166 2443 2376 2499 caeteri.
2411 2444 2516 2499 Sec
2548 2442 2688 2498 ultio
2722 2442 2917 2499 divina
2945 2444 3122 2500 talem
3151 2445 3266 2501 ‘cito
3299 2450 3499 2502 secuta
3528 2452 3619 2503 est
3664 2465 3810 2520 prea-

2167 2531 2582 2605 sumptionem.
2613 2533 2759 2589 Nam
2791 2536 2925 2605 post
2952 2534 3122 2590 breve
3150 2538 3384 2607 tempus
3426 2536 3497 2591 ab
3555 2536 3814 2592 inimicis

2168 2621 2292 2677 suis
2322 2624 2528 2693 captus
2557 2622 2784 2678 effossis
2814 2621 2998 2679 oculis
3027 2623 3155 2678 visu
3196 2628 3286 2679 est
3340 2624 3623 2696 privatus.
3682 2625 3815 2680 Hec

2168 2711 2348 2783 igitur
2369 2726 2474 2783 ego
2505 2711 2750 2767 audiens
2783 2729 2816 2767 a
2846 2710 3053 2768 clerico
3096 2714 3350 2784 quodam
3414 2712 3544 2769 aliis
3600 2714 3817 2771 referre

2171 2800 2466 2869 studui,ut
2496 2799 2726 2872 aliquos
2749 2801 2856 2857 hoc
2888 2802 3151 2874 exemplo
3178 2803 3414 2859 territos
3446 2804 3518 2859 ad
3540 2804 3818 2861 emenda-

2170 2890 2388 2945 tionem
2420 2905 2651 2945 morum
2683 2890 2995 2948 traherem.

1293 3364 2085 3469 εσυδοεινι
2171 3366 2951 3470 οτΒιοΝι

1964 3603 2291 3689 LIBER

782 3780 932 3887 DE
1002 3778 1798 3894 ADMONITIONE
1868 3784 2606 3899 CLERICORUM
2674 3788 2815 3897 ET
2876 3788 3463 3902 LAICORUM

490 3965 645 4020 Nunc
667 3967 915 4038 primum
942 3984 1013 4023 ea:
1044 3971 1407 4052 autographa:
1439 3974 1499 4052 ἐξ
1531 3974 1815 4052 imperiali
1844 3976 2888 4052 monasterioﬁanct-Emmerammensi
2923 3984 3223 4048 asservato,
3274 3981 3545 4052 vulgatus,
3602 3998 3638 4035 α
3686 3982 3749 4036 R.

1362 4045 1426 4098 D.
1458 4047 1523 4099 P.
1554 4048 1797 4117 σαθρανο
1828 4046 2157 4118 Altlechner,
2185 4049 2534 4107 Benedictz'no
2564 4052 2880 4109 Milticensi.

670 4205 853 4277 (Apud
883 4207 948 4264 Β.
982 4212 1045 4264 Ρ.
1081 4210 1440 4269 Bernardum
1471 4213 1725 4285 Pezium,
1766 4215 2065 4272 Thesaurus
2094 4217 2259 4274 Anec.
2291 4220 2642 4290 novissimus,
2672 4223 2813 4276 tom.
2840 4222 2943 4291 IlI,
2975 4224 3139 4292 parte
3170 4237 3231 4291 Ii,
3257 4237 3387 4293 pag.
3423 4222 3572 4292 402.)

1598 4483 1867 4541 INCIPIT
1899 4485 2276 4544 PREFATIO
2308 4486 2640 4544 0THLONI.

490 4644 713 4701 Sanctae
744 4644 1011 4703 Ecclesiae
1046 4651 1465 4708 munusculum
1499 4652 1733 4725 aliquod
1756 4655 1959 4711 offerre
1972 4672 2067 4710 cu-
2098 4657 2142 4722 C
2180 4658 2600 4729 conspiciuntur
2628 4657 3159 4730 (Rom.1,20).Cujus
3182 4658 3361 4715 studii
3391 4658 3605 4716 oblatio
3623 4676 3832 4733 precor

417 4733 607 4808 piens,
640 4735 740 4791 sed
786 4735 845 4791 in
904 4754 1081 4793 manu
1143 4755 1272 4795 mea
1331 4740 1475 4797 nihil
1522 4744 1818 4815 reperiens
1866 4748 2074 4816 praeter
2184 4761 2257 4800 ne
2288 4746 2639 4820 cuiindigna
2663 4746 3093 4819 videatur;quia
3122 4752 3186 4803 ut
3206 4747 3421 4822 legitur
3440 4749 3512 4805 ad
3536 4749 3829 4821 templum

418 4839 656 4895 parvam
690 4824 948 4879 dictandi
989 4832 1162 4898 atque
1220 4830 1511 4887 scribendi
1570 4833 1857 4901 notitiam,
1917 4834 2067 4890 hanc

419 4912 611 4982 ipsam
642 4910 701 4964 in
733 4912 863 4982 ejus
921 4915 1221 4972 servitium
1273 4919 1401 4974 volo
1459 4926 1727 4994 coaptare
1778 4927 2066 4995 quantum

421 4997 704 5054 Dominus
722 5000 998 5071 dignatur
1012 5004 1083 5059 ad
1090 5005 1578 5075 iuvare.Scribere
1593 5011 1746 5068 enim
1765 5013 1951 5085 gestio
1965 5029 2067 5085 pro

419 5088 816 5145 admonitione
845 5097 1187 5151 cunctorum
1221 5098 2070 5167 ﬁdelium,admonitionedun-

420 5182 579 5235 taxat
611 5179 1020 5253 indigentium,
1050 5184 1311 5242 dividens
1342 5205 1439 5243 eos
1472 5189 1525 5243 in
1583 5191 1731 5246 duas
1790 5209 2069 5263 personas

422 5268 765 5326 clericorum
796 5275 853 5328 et
874 5271 1153 5331 laicorum
1166 5294 1319 5340 ,assu
1332 5295 1611 5348 mensque
1625 5281 1695 5334 ad
1712 5280 1817 5337 hoc
1840 5282 1988 5353 utriq
2002 5301 2069 5339 ue

424 5374 681 5428 personas
706 5377 963 5434 congrua
991 5366 1343 5438 monita,per
1366 5384 1491 5438 quae
1507 5369 1576 5423 ad
1618 5370 1951 5427 carnalibus
1997 5374 2067 5428 ad

422 5446 1141 5519 spiritualia,avisibilibus
1155 5455 1225 5509 ad
1242 5454 1556 5512 invisibilia
1568 5460 2070 5528 possintanimum

425 5536 749 5607 supendere
779 5545 836 5595 et
851 5556 1104 5612 superna
1135 5544 1715 5617 conspicere,sicutet
1759 5552 2071 5622 Apostolus

424 5624 563 5681 dicit
591 5629 930 5685 :Invz'sz'bilia
952 5631 1048 5686 Dei
1063 5648 1161 5704 per
1189 5649 1251 5690 ea
1273 5650 1391 5707 quae
1419 5638 1565 5706 facta
1615 5642 1743 5695 sunt
1793 5640 2072 5697 inteltecta

2179 4834 2410 4889 Domini
2423 4837 2708 4907 quondam
2726 4836 3146 4909 interinsignia
3157 4842 3214 4893 et
3230 4837 3655 4910 pretiosissima
3672 4838 3834 4895 dona

2178 4924 2570 4980 offerebantur
2587 4926 2764 4981 etiam
2787 4925 2929 4981 viles
2945 4924 3049 4997 pili
3071 4942 3382 4999 caprarum
3396 4928 3577 4984 etduo
3597 4927 3833 4984 minuta

2177 5013 2361 5069 viduae
2395 5014 2761 5087 pauperculae
2783 5015 2977 5070 oblata
3005 5015 3103 5071 Dei
3128 5015 3315 5087 ipsius
3348 5016 3580 5073 Domini
3638 5017 3830 5073 nostri

2177 5104 2313 5157 Jesu
2340 5103 2549 5159 Christi
2573 5104 2908 5160 testimonio
2940 5104 3575 5177 approbantur.Precor
3602 5109 3659 5162 et
3680 5105 3830 5162 illud

2180 5197 2245 5247 ut
2275 5193 2323 5247 si
2355 5192 2668 5264 quisquam
2696 5194 2753 5249 in
2784 5193 2874 5249 his
2893 5211 3020 5266 qua
3042 5194 3345 5262 dicam,vel
3367 5195 3572 5253 melius
3610 5194 3832 5252 sentiat

2181 5281 2265 5336 vel
2297 5281 2492 5353 aptius
2524 5284 2724 5339 eadem
2757 5284 3011 5356 proferat
3042 5301 3154 5339 non
3214 5285 3430 5341 idcirco
3480 5285 3833 5342 rusticitatis

2182 5388 2320 5427 mea:
2355 5371 2591 5428 verbula
2616 5373 2726 5428 cito
2759 5373 3179 5446 reprehendat;
3205 5373 3345 5446 quia
3370 5379 3434 5430 ut
3462 5375 3699 5441 quidam
3730 5392 3831 5431 sa-

2183 5462 2347 5532 piens
2379 5461 2555 5518 dicit:
2592 5463 2709 5519 Non
2737 5464 2927 5518 omnia
2954 5478 3237 5533 possumus
3251 5468 3611 5520 omnes.Nam
3642 5464 3694 5520 si
3728 5464 3830 5522 ille

2182 5551 2447 5607 eamdem
2479 5552 2823 5609 sententiam
2850 5552 3019 5625 juxta
3049 5552 3267 5626 ingenii
3299 5555 3392 5611 sui
3425 5554 3576 5611 vires
3608 5552 3829 5612 melius

2182 5656 2356 5711 quam
2388 5657 2492 5713 ego
2524 5642 2777 5713 proferre
2807 5646 3023 5716 posset,
3058 5642 3301 5702 forsitan
3331 5650 3388 5703 et
3420 5644 3568 5704 alter
3601 5643 3831 5717 aliquis
