4108 6188
255 373 372 438 945

1240 374 1388 446 LIB.
1431 381 1534 448 DE
1575 383 1953 454 ADMONIT.
2000 388 2301 456 CLERIC.
2350 393 2451 458 ET
2494 385 2697 460 LAIC:

3551 402 3670 464 246

253 507 355 608 illo
383 502 714 609 sapientior.
735 505 1110 569 excellentius
1163 517 1416 609 proferre
1459 525 1675 576 nosset.
1713 522 1902 579 Unus-
1935 529 1990 595 Α
2020 525 2134 582 Deo
2166 527 2353 599 magis
2386 528 2616 600 placent
2656 528 2871 588 rustica
2923 530 3238 591 humilium
3289 533 3444 592 dicta
3485 545 3668 609 quam

255 598 500 672 quisque
530 615 670 670 ergo
700 600 761 655 in
794 617 900 657 suo
931 619 1107 659 sensu
1141 605 1417 675 abundet,
1451 613 1614 666 tanto
1647 613 1898 682 majores

252 693 366 744 Deo
394 688 618 761 gratias
665 706 866 763 agens,
921 698 1141 763 quanto
1192 696 1615 756 excellentioris
1645 700 1897 758 scientia

251 776 542 835 talentum
576 778 648 836 ab
676 795 743 836 eo
772 781 1014 855 accepit,
1067 784 1384 860 sumulque
1433 789 1694 845 attendat
1741 793 1898 862 quod

2009 615 2220 672 eximia
2249 619 2422 673 verbo
2454 619 2596 676 sitas
2628 622 3049 693 arrogantium,
3074 629 3130 681 et
3160 626 3218 681 in
3253 625 3660 684 sescularislit-

2011 709 2280 763 teraturas
2311 725 2527 781 pompa
2561 709 2969 782 gloriantium.

1755 949 2168 971 -—h—

1364 1095 1915 1190 LIBELLUS
1969 1101 2215 1195 MAN
2227 1107 2561 1198 UALIS

839 1271 982 1364 De
1049 1273 1709 1374 admonitione
1774 1283 2340 1381 clericorum
2405 1304 2492 1384 et
2559 1292 3059 1390 laicorum.

911 1524 1145 1580 CAPUT
1189 1529 1230 1581 Ι.

253 1611 504 1689 Maxilua
551 1614 843 1689 necessitas
887 1617 939 1689 et
985 1630 1149 1689 causa
1187 1615 1434 1671 homines
1463 1619 1634 1689 ofﬁcii
1665 1637 1897 1678 commo-

318 1683 492 1761 nendi
513 1685 806 1761 neglectus
834 1687 1146 1761 religionis,
1175 1692 1476 1758 persecutio
1494 1683 1780 1761 Ecclesiae,
1807 1693 1898 1750 de-

321 1757 552 1811 vastatio
580 1757 1066 1826 monasteriorum,
1099 1757 1207 1815 etc.

316 1879 993 1955 Substantiaigiturquae
1007 1900 1109 1955 per
1125 1901 1186 1940 se
1198 1885 1324 1940 sine
1346 1885 1522 1942 ullius
1545 1888 1896 1945 adminiculo

255 1968 574 2025 subsistere
597 1969 769 2042 valet,
798 1971 953 2029 Deus
983 1972 1353 2030 solummodo
1405 1981 1513 2031 est.
1551 1976 1652 2032 Illa
1700 1983 1896 2034 autem

253 2031 782 2130 substantia,cujus
812 2065 999 2116 totum
1023 2078 1148 2118 esse
1169 2062 1228 2117 in
1252 2062 1490 2120 alterius
1514 2031 1896 2139 consistitpo:
1928 2031 1976 2096 B

249 2150 475 2216 testate,
511 2153 778 2204 creatura
825 2151 1079 2222 profecto
1109 2169 1237 2208 esse
1267 2153 1565 2224 probatur.
1599 2155 1709 2211 Sed
1744 2157 1897 2212 sicut

250 2236 445 2292 divina
475 2238 815 2294 substantia
837 2239 895 2294 in
916 2240 1106 2298 tribus
1136 2246 1366 2298 constat
1396 2244 1661 2316 personis
1683 2247 1896 2314 Patris,

247 2332 302 2381 et
333 2325 486 2397 Filii,
515 2330 574 2382 et
603 2327 858 2400 Spiritus
887 2330 1098 2401 sancti,
1127 2331 1210 2386 ita
1239 2336 1297 2386 et
1325 2337 1591 2389 creatura
1621 2333 1681 2388 in
1704 2334 1895 2390 tribus

247 2415 426 2472 distat
439 2417 928 2474 ditl'erentiis.Aut
949 2419 1103 2475 enim
1127 2424 1216 2476 est
1231 2419 1626 2489 rationalis,ut
1647 2423 1896 2495 angelici

248 2505 493 2577 spiritus
526 2511 581 2562 et
611 2507 817 2575 homo;
854 2513 955 2564 aut
981 2508 1349 2580 animalis,ut
1371 2511 1568 2566 omnia
1589 2528 1718 2582 qua:
1741 2516 1894 2567 statu

247 2593 406 2650 vitali
419 2595 547 2651 sine
559 2596 782 2652 ratione
806 2597 1127 2668 potiuntur;
1148 2603 1248 2654 aut
1269 2603 1544 2655 neutrum
1557 2600 1896 2667 est,habens

246 2686 658 2741 tantummodo
691 2691 912 2756 esse,ut
941 2687 1178 2743 arbores
1209 2693 1265 2744 et
1294 2688 1518 2760 lapides
1553 2706 1564 2744 :
1600 2690 1755 2746 unde
1777 2707 1897 2745 om-

248 2773 389 2829 nino
423 2779 585 2846 patet
614 2774 752 2846 quia
783 2775 974 2831 omnis
1006 2781 1271 2832 creatura
1313 2779 1450 2849 Deo,
1484 2796 1517 2833 a
1556 2796 1671 2851 quo
1723 2796 1895 2834 omne

247 2863 402 2933 quod
435 2868 525 2918 est
556 2863 756 2932 habet,
805 2881 867 2920 se
916 2882 1150 2938 quoque
1192 2867 1442 2923 subdere
1493 2868 1689 2934 debet;
1725 2870 1895 2939 cujus

249 2951 534 3008 nimirum
559 2953 942 3024 subjectionis
964 2955 1157 3010 omnis
1189 2956 1333 3011 ratio
1356 2960 1413 3011 et
1432 2957 1801 3012 observantia
1822 2958 1894 3012 ad

241 3040 428 3098 solam
459 3042 806 3098 rationalem
837 3048 1164 3100 creaturam
1196 3045 1465 3118 pertinet,
1489 3045 1546 3100 id
1578 3050 1666 3102 est
1697 3047 1768 3100 ad
1792 3064 1894 3102 an-

239 3130 404 3204 gelos
429 3136 487 3186 et
516 3131 809 3188 homines.
829 3133 988 3189 Sicut
1016 3134 1170 3190 enim
1203 3134 1266 3190 hi
1293 3133 1400 3190 soli
1434 3135 1654 3191 caeteris
1676 3139 1897 3190 creatu-

241 3220 331 3276 ris
349 3219 790 3278 excellentiores
805 3225 942 3278 sunt
958 3223 1204 3290 conditi;
1236 3224 1316 3279 ita
1337 3225 1512 3280 etiam
1545 3225 1618 3279 ab
1640 3225 1731 3279 his
1755 3224 1897 3280 solis

241 3309 500 3382 exigitur
529 3310 818 3380 subjectio
847 3316 904 3366 et
933 3310 1162 3368 cultura
1189 3311 1310 3379 Dei,
1345 3317 1401 3369 et
1431 3318 1531 3368 aut
1561 3331 1663 3384 pro
1699 3315 1895 3383 subje-

2007 1521 2166 1591 poris
2198 1523 2468 1592 praeteriti
2511 1525 2778 1582 Patribus
2824 1529 2970 1584 bene
3026 1529 3272 1587 fundata
3314 1537 3370 1589 et
3420 1535 3659 1593 suffulta

2009 1609 2246 1679 penitus
2279 1612 2615 1668 destruatur
2644 1616 2757 1670 sub
2788 1617 3152 1689 temporibus
3184 1621 3423 1691 nostris,
3457 1623 3516 1678 in
3535 1625 3661 1695 qui~

2007 1697 2120 1754 bus
2151 1699 2309 1755 mille
2339 1701 2509 1758 annis
2541 1719 2685 1774 pene
2715 1704 2956 1776 expletis
2977 1708 3149 1778 juxta
3200 1710 3564 1782 prophetiam
3594 1714 3656 1770 in

2008 1788 2357 1861 Apocalypsi
2376 1791 2712 1862 praedictam
2729 1797 2973 1851 Satanas
2995 1795 3221 1853 solutus
3243 1815 3370 1854 esse
3391 1800 3656 1857 videtur:

2008 1893 2124 1932 non
2140 1877 2296 1934 enim
2315 1878 2683 1936 solummodo
2701 1883 2945 1939 occultis
2962 1890 3027 1939 ut
3044 1890 3213 1942 antea
3230 1887 3462 1944 insidiis
3486 1907 3661 1962 quos-

2009 1983 2123 2038 que
2136 1967 2480 2038 decipit,sed
2503 1970 2677 2025 etiam
2703 1976 2899 2043 aperte
2921 1976 3656 2048 prorumpitperitissimos

2008 2057 2350 2113 subvertens
2383 2065 2434 2112 et
2461 2060 2532 2114 ad
2565 2060 2822 2131 pessima
2871 2079 3116 2135 quaeque
3159 2065 3469 2138 instigans.
3503 2068 3655 2132 Quid

2006 2161 2148 2217 rogo
2169 2147 2337 2217 pejus
2369 2163 2496 2203 esse
2527 2151 2736 2220 poterit
2753 2167 2928 2221 quam
2952 2155 3308 2210 monasteria
3325 2157 3394 2211 ad
3419 2155 3656 2214 laudem

2008 2234 2106 2290 Dei
2136 2240 2590 2308 sanctorumque
2619 2255 2862 2294 suorum
2892 2243 3282 2298 venerandam
3307 2245 3654 2302 memoriam

2007 2325 2080 2379 ab
2105 2325 2364 2396 antiquis
2383 2327 2750 2399 principibus
2767 2334 3283 2401 constructa,nunc
3305 2334 3377 2389 ob
3396 2334 3655 2408 inexple-

2006 2413 2184 2468 bilem
2218 2417 2609 2486 quorumdam
2641 2418 2942 2474 avaritiam
2966 2421 3304 2477 destruere?
3332 2423 3470 2486 Quis
3493 2442 3658 2480 nam-

2007 2520 2122 2575 que
2152 2503 2412 2559 fidelium
2446 2505 2850 2578 religiosorum
2882 2511 3191 2565 attendens
3213 2516 3434 2582 quanta
3455 2514 3655 2579 modo,

2007 2609 2141 2647 cum
2164 2594 2361 2648 omnia
2383 2593 2579 2649 divina
2600 2601 2886 2669 praecepta
2907 2603 2962 2653 et
2984 2599 3269 2656 miracula
3289 2606 3655 2659 sanctorum-

2006 2698 2120 2753 que
2151 2687 2392 2738 Patrum
2442 2684 2793 2740 documenta
2841 2687 2961 2741 sint
3009 2687 3278 2758 plurimis
3321 2690 3654 2761 notissima,

2007 2772 2403 2827 ccenobiorum
2420 2773 2737 2830 destructio
2753 2775 2854 2830 fiat
2872 2792 2984 2831 non
3004 2777 3196 2832 solum
3215 2795 3249 2833 a
3264 2777 3658 2853 laicisdepraa-

2006 2861 2284 2916 dantibus
2315 2866 2371 2916 et
2403 2862 2764 2933 rapientibus
2797 2864 3011 2935 praedia
3040 2868 3371 2935 eorum,sed
3405 2869 3581 2924 etiam
3621 2887 3657 2926 a

2006 2950 2230 3005 clericis
2259 2950 2522 3023 ipsisque
2553 2952 2864 3009 abbatibus
2894 2953 3048 3010 ultro
3071 2955 3468 3025 offerentibus,
3487 2959 3658 3030 quasi

2005 3041 2274 3111 quaedam
2309 3041 2532 3096 venalia
2549 3041 2784 3098 sibimet
2797 3043 3116 3100 commissa
3134 3047 3307 3117 bona,
3322 3047 3476 3103 unde
3495 3047 3657 3103 alen-

2008 3130 2065 3183 di
2092 3131 2278 3184 forent
2295 3147 2408 3185 non
2424 3131 2613 3186 solum
2636 3133 3037 3200 monachi,sed
3056 3135 3230 3190 etiam
3253 3135 3478 3192 familia
3498 3154 3657 3193 com-

2007 3219 2211 3286 missa,
2246 3236 2348 3274 nec
2379 3237 2494 3274 non
2528 3237 2813 3292 pauperes
2845 3227 2901 3276 et
2932 3224 3220 3294 peregrini
3263 3226 3658 3294 advenientes,

2009 3325 2123 3363 non
2138 3309 2323 3379 possit
2337 3310 2620 3378 conjicere
2636 3310 3092 3366 destructionem
3117 3317 3329 3367 sanctae
3351 3312 3621 3369 Ecclesiae
3636 3317 3663 3369 7

240 3399 462 3455 ctionis
504 3399 698 3455 studio
745 3406 1214 3468 remunerantur,
1247 3407 1348 3457 aut
1378 3419 1480 3475 pro
1516 3403 1899 3475 repugnantia
1930 3407 1973 3474 α
2011 3397 2135 3452 Non
2187 3397 2387 3452 statim
2436 3398 2630 3452 doleat
2677 3399 2831 3468 quod
2882 3397 3071 3453 hostis
3117 3399 3399 3470 antiquus
3429 3404 3658 3456 tantam

237 3494 425 3561 atque
456 3489 732 3559 superbia
759 3490 1102 3561 puniuntur.
1130 3493 1242 3547 Sed
1274 3493 1412 3563 quia
1440 3493 1894 3563 hujusmodiju-

237 3578 477 3634 dicium
511 3576 572 3631 in
603 3578 868 3650 angelicis
898 3580 1207 3652 spiritibus
1229 3583 1353 3653 jam
1381 3582 1597 3636 factum
1629 3586 1717 3637 est
1736 3583 1894 3653 (nam

237 3666 493 3740 quidam
527 3682 725 3723 eorum
748 3685 849 3740 pro
872 3669 1212 3726 obedientiw
1234 3688 1354 3726 sua:
1376 3671 1598 3726 meritis
1621 3671 1700 3726 ita
1721 3671 1897 3726 beati-

235 3755 434 3812 tudini
451 3756 820 3828 sempiternae
839 3764 981 3815 sunt
997 3761 1354 3832 deputati,ut
1372 3759 1516 3815 nihil
1539 3760 1695 3816 aliud
1717 3778 1892 3832 quam

240 3845 463 3901 bonum
493 3845 641 3902 velle
668 3848 927 3919 possint;
962 3849 1201 3921 quidam
1232 3866 1364 3906 vero
1396 3867 1499 3922 pro
1530 3850 1804 3922 superbia
1834 3850 1892 3905 in

241 3939 492 3992 aeternas
521 3952 727 4008 pcenas
749 3938 990 4009 projecti
1015 3939 1085 3994 ad
1109 3938 1270 3994 nulla
1302 3939 1411 3994 nisi
1446 3941 1516 3995 ad
1553 3939 1707 3994 mala
1728 3940 1896 3994 ratio-

244 4038 382 4078 nem
415 4023 610 4080 datam
639 4025 872 4082 ﬂectere
902 4027 1268 4099 queunt)soli
1299 4027 1568 4084 homines
1599 4027 1790 4083 adhuc
1813 4045 1895 4082 re-

246 4116 413 4167 stant
441 4113 538 4184 qui
571 4130 912 4171 concessam
943 4117 1188 4172 rationis
1218 4122 1274 4172 et
1304 4117 1529 4172 arbitrii
1555 4117 1894 4174 facultatem

242 4201 316 4256 ad
350 4204 671 4274 utrumque
699 4203 980 4261 divertere
1003 4205 1420 4262 valeant.Unde
1449 4211 1506 4262 et
1539 4207 1649 4278 ipsi
1672 4207 1896 4262 solum-

239 4290 428 4345 modo
447 4290 777 4348 instruendi
809 4297 865 4348 et
893 4294 1248 4349 admonendi
1281 4299 1420 4350 sunt
1446 4299 1510 4350 ut
1539 4296 1650 4351 sibi
1673 4297 1896 4368 jugiter

236 4385 636 4451 proponentes
665 4386 945 4454 utrosque
972 4384 1157 4440 bonos
1186 4383 1407 4439 scilicet
1435 4388 1492 4440 et
1521 4383 1708 4440 malos
1730 4385 1897 4456 spiri-

238 4473 376 4534 tus,
410 4468 617 4542 eligant
637 4472 832 4544 potius
849 4473 1136 4529 bonorum
1176 4472 1383 4529 merita
1403 4474 1571 4545 sequi
1595 4475 1895 4544 praeceptis

241 4556 478 4613 divinis
506 4560 840 4629 obediendo,
875 4578 1052 4633 quam
1085 4555 1374 4618 malorum
1407 4561 1593 4634 poenis
1620 4563 1895 4618 associari

237 4648 294 4704 ei
328 4647 678 4714 resistendo,
713 4651 841 4706 sine
873 4668 988 4723 quo
1019 4669 1189 4708 nemo
1216 4656 1409 4725 potest
1439 4651 1671 4708 salvari.

315 4737 446 4792 Hoc
476 4737 650 4810 igitur
679 4741 756 4796 sit
785 4741 1042 4814 primum
1075 4743 1224 4812 quod
1255 4758 1458 4798 omnes
1481 4741 1749 4796 homines
1768 4741 1896 4796 hor-
1927 4777 1974 4843 D

239 4826 784 4885 tamurintentione
796 4831 1052 4886 maxima
1064 4830 1626 4887 considerare.San:e
1646 4847 1898 4903 namque

238 4916 438 4972 menti
462 4917 812 4992 integrisque
825 4919 1035 4976 rationi
1051 4921 1246 4992 ipsum
1270 4921 1460 4976 solum
1485 4921 1751 4976 sufficere
1774 4939 1902 4993 pos-

239 5013 362 5075 set,
401 5007 628 5064 etiamsi
675 5009 838 5064 nulla
885 5008 1001 5064 alia
1043 5009 1330 5065 tremendi
1376 5009 1588 5080 judicii
1638 5011 1903 5082 exempla

237 5100 480 5153 nosset.
512 5098 622 5154 Sed
671 5099 809 5171 quia
855 5099 1222 5156 adversarius
1275 5103 1472 5155 noster
1515 5099 1784 5156 diabolus
1813 5099 1901 5156 leo

237 5186 499 5260 rugiens
532 5188 734 5244 circuit
761 5206 1029 5262 quaerens
1052 5207 1224 5261 quem
1249 5190 1480 5244 devoret
1510 5192 1554 5258 (I
1585 5192 1799 5257 Pelr.v,
1824 5191 1900 5261 8),

239 5278 573 5352 pluresque
610 5277 762 5333 inter
790 5282 875 5334 tot
903 5277 1088 5333 millia
1135 5278 1465 5351 hominum,
1513 5279 1655 5352 proh
1706 5279 1899 5335 dolor!

237 5365 519 5440 fragiles,
551 5383 728 5438 quam
761 5367 940 5423 fortes
971 5373 1172 5423 contra
1201 5368 1474 5424 eumdem
1506 5368 1902 5424 adversarium

237 5456 434 5514 modo
460 5457 862 5528 inveniuntur,
897 5473 1044 5529 opus
1075 5462 1162 5513 est
1194 5458 1419 5513 cunctis
1456 5456 1726 5513 fidelibus
1759 5462 1821 5512 ut
1849 5461 1907 5512 et

231 5547 370 5623 ipsi
439 5545 869 5603 circumeuntes
937 5551 1379 5618 quarentesque
1438 5545 1688 5617 qualiter
1745 5550 1906 5600 tanto

232 5639 533 5696 resistant
567 5637 918 5707 adversario,
954 5636 1200 5692 invicem
1252 5654 1314 5692 se
1363 5635 1539 5690 variis
1589 5634 1776 5689 modis
1824 5634 1907 5688 in-

234 5733 489 5789 sumant
519 5734 574 5786 et
605 5728 960 5786 admoneant
988 5744 1059 5784 ne
1089 5726 1348 5784 Ecclesia
1374 5730 1578 5784 sancta
1626 5725 1735 5782 sub
1759 5729 1902 5781 tem-

2011 3485 2299 3542 malitiam
2354 3490 2410 3540 et
2467 3486 2929 3558 persecutionem
2977 3487 3231 3558 potuerit
3278 3504 3541 3544 exercere
3597 3488 3658 3544 in

2007 3576 2500 3648 Christianos,per
2521 3575 2668 3630 alios
2690 3574 3139 3642 Christianos,et
3161 3593 3264 3647 per
3283 3592 3380 3632 eos
3403 3577 3658 3634 maxime

2007 3664 2107 3735 qui
2139 3665 2439 3720 constituti
2470 3670 2610 3719 sunt
2636 3668 2901 3736 pastores
2921 3664 3226 3720 Ecclesiae?
3259 3666 3404 3721 Nam
3433 3666 3481 3720 si
3520 3666 3657 3722 talis

2006 3755 2322 3810 destructio
2349 3754 2609 3810 locorum
2641 3759 2977 3810 sanctorum
3009 3771 3043 3808 a
3073 3755 3339 3811 barbaris
3361 3760 3654 3828 ageretur,

2007 3844 2472 3900 Christianorum
2523 3842 2671 3900 bello
2720 3848 2917 3899 essent
2966 3842 3338 3915 reprimendi,
3388 3845 3438 3900 si
3486 3845 3656 3901 aliter

2006 3936 2316 4006 nequirent
2342 3933 2582 4006 corrigi;
2629 3934 2751 4003 sed,
2805 3932 2948 4004 proh
2993 3932 3188 3988 dolorl
3241 3936 3404 3988 tanta
3446 3950 3559 4006 pax
3595 3937 3655 3989 et

2005 4023 2312 4081 concordia
2340 4024 2396 4078 in
2429 4023 2768 4093 hujusmodi
2797 4022 3045 4077 habetur
3078 4022 3358 4094 nequitia,
3393 4026 3476 4089 ut,
3509 4040 3654 4094 pau-

2005 4114 2262 4169 cissimis
2311 4113 2585 4185 exceptis,
2620 4129 2733 4167 non
2792 4111 3163 4168 inveniantur
3211 4112 3310 4184 qui
3359 4113 3430 4167 de
3480 4115 3655 4167 tanta

2005 4203 2429 4276 persecutionis
2486 4207 2691 4258 curent
2750 4201 3006 4266 miseria,
3079 4201 3248 4273 quasi
3314 4201 3656 4258 Christianae

2005 4293 2303 4364 religionis
2334 4292 2616 4365 ignari,et
2645 4296 2926 4362 tanquam
2957 4290 3088 4358 hoc,
3121 4290 3274 4361 quod
3303 4291 3660 4346 monasteria

2006 4386 2214 4437 cuncta
2237 4398 2340 4452 pro
2367 4380 2579 4436 Christi
2604 4385 3062 4450 sanctorumque
3084 4379 3303 4435 honore
3325 4383 3663 4436 constructa

2004 4470 2240 4535 fuerint,
2271 4469 2452 4524 obliti.
2511 4469 2671 4534 Quod
2717 4469 2846 4523 dico
2900 4467 3231 4522 miserabile
3279 4467 3517 4538 quidem
3572 4471 3662 4522 est

2007 4559 2188 4627 dictu,
2223 4560 2322 4614 sed
2343 4558 2545 4613 multa
2576 4557 2974 4613 miserabilius
3005 4561 3160 4624 actu,
3193 4572 3327 4610 cum
3358 4555 3418 4610 hi
3451 4554 3553 4627 qui
3587 4555 3659 4610 ad

2006 4648 2115 4704 hoc
2146 4647 2480 4721 specialiter
2508 4663 2713 4702 vacare
2751 4645 3104 4710 desiderant,
3158 4647 3223 4698 ut
3272 4643 3331 4696 in
3381 4642 3659 4698 coenobiis

2006 4738 2116 4792 sub
2146 4736 2423 4808 religione
2456 4734 2882 4806 disciplinaque
2913 4731 3206 4804 spirituali
3235 4731 3496 4786 viventes
3547 4735 3660 4786 Deo

2008 4827 2314 4897 servirent,
2347 4829 2402 4880 et
2432 4841 2535 4897 pro
2567 4840 2769 4879 eorum
2806 4821 3014 4889 salute,
3047 4821 3147 4892 qui
3198 4839 3232 4876 a
3280 4819 3660 4876 saecularibus

2009 4915 2243 4988 pompis
2277 4931 2337 4970 se
2368 4914 2559 4969 adhuc
2585 4913 2881 4969 continere
2913 4910 3662 4984 nequeunt,jugiterinter-

2011 5007 2300 5068 cederent,
2327 5003 2803 5074 substantia,qua
2825 5003 2895 5057 ad
2930 5001 3341 5074 quotidianum
3362 4999 3580 5056 victum
3607 5003 3665 5056 et

2011 5095 2284 5152 vestitum
2318 5093 2671 5166 indigerent,
2699 5093 3022 5164 privantur.
3069 5093 3297 5156 Quanto
3342 5089 3496 5146 enim
3530 5090 3662 5161 quis

2013 5185 2414 5258 possessiones
2448 5182 2711 5256 proprias
2743 5200 2845 5254 pro
2878 5183 2978 5238 Dei
3006 5198 3203 5237 amore
3225 5179 3660 5251 contempserit,

2015 5279 2178 5331 tanto
2197 5275 2382 5347 magis
2406 5291 2472 5329 ex
2497 5273 2794 5328 communi
2818 5276 2971 5327 statu
2997 5269 3240 5326 cmnobii
3257 5285 3371 5341 quo
3388 5267 3660 5339 confuge-

2016 5365 2112 5433 rit,
2149 5363 2477 5419 necessaria
2509 5379 2752 5434 quaeque
2788 5361 3022 5417 sibimet
3066 5359 3191 5414 dari
3241 5358 3492 5430 indiget;
3526 5357 3667 5428 quia

2016 5453 2276 5525 quandiu
2296 5453 2354 5508 in
2378 5452 2645 5524 praesenti
2664 5451 2780 5506 vita
2798 5446 3298 5515 subsistit,nullus
3319 5446 3494 5502 homo
3508 5446 3664 5501 victu

2016 5550 2072 5599 et
2102 5543 2312 5599 vestitu
2345 5559 2536 5597 carere
2569 5539 2968 5612 poterit.Unde
3001 5538 3101 5609 qui
3134 5537 3440 5592 ccenobitis
3481 5534 3670 5592 aufert

2017 5634 2252 5707 praedia,
2279 5631 2492 5704 quibus
2525 5635 2661 5685 sunt
2693 5627 3129 5702 procurandi,et
3149 5626 3329 5682 divini
3359 5625 3577 5682 servitii
3609 5627 3668 5677 et

2016 5724 2202 5780 totius
2235 5721 2567 5778 monasticae
2602 5719 2901 5792 religionis
2931 5719 3261 5774 destructor
3290 5732 3416 5771 esse
3439 5712 3668 5769 convin-
