  <div class='ocr_page' id='page_1' title='image "/cluster/home/n/w/nwhite01/storage/ocr_20150623/146/hvd.32044054760053/129.png"; bbox 0 0 4108 6188; ppageno 0'>
   <div class='ocr_carea' id='block_1_1' title="bbox 406 361 523 448">
    <p class='ocr_par' dir='ltr' id='par_1_1' title="bbox 406 361 523 448">
     <span class='ocr_line' id='line_1_1' title="bbox 406 361 523 448; baseline 0 0"><span class='ocrx_word' id='word_1_1' title='bbox 406 361 523 448; x_wconf 59' lang='grc'>34³</span> 
     </span>
    </p>
   </div>
   <div class='ocr_carea' id='block_1_2' title="bbox 1393 347 2802 432">
    <p class='ocr_par' dir='ltr' id='par_1_2' title="bbox 1393 347 2802 432">
     <span class='ocr_line' id='line_1_2' title="bbox 1393 347 2802 432; baseline -0.004 -15"><span class='ocrx_word' id='word_1_2' title='bbox 1393 353 1746 432; x_wconf 32' lang='grc' dir='ltr'>,ΟΞΗΙΑΟΝΙ</span> <span class='ocrx_word' id='word_1_3' title='bbox 1778 353 2149 424; x_wconf 81' lang='lat' dir='ltr'>.MONACHI</span> <span class='ocrx_word' id='word_1_4' title='bbox 2196 354 2262 415; x_wconf 90' lang='lat' dir='ltr'>S.</span> <span class='ocrx_word' id='word_1_5' title='bbox 2307 347 2802 414; x_wconf 73' lang='lat' dir='ltr'>EMMERAMMI</span> 
     </span>
    </p>
   </div>
   <div class='ocr_carea' id='block_1_3' title="bbox 3697 339 3816 404">
    <p class='ocr_par' dir='ltr' id='par_1_3' title="bbox 3697 339 3816 404">
     <span class='ocr_line' id='line_1_3' title="bbox 3697 339 3816 404; baseline 0.042 -5"><span class='ocrx_word' id='word_1_6' title='bbox 3697 339 3816 404; x_wconf 71' lang='grc'>248</span> 
     </span>
    </p>
   </div>
   <div class='ocr_carea' id='block_1_4' title="bbox 362 474 3823 581">
    <p class='ocr_par' dir='ltr' id='par_1_4' title="bbox 362 474 3823 581">
     <span class='ocr_line' id='line_1_4' title="bbox 362 474 3823 581; baseline -0.005 -32"><span class='ocrx_word' id='word_1_7' title='bbox 362 559 375 569; x_wconf 34' lang='grc' dir='ltr'><em>ι</em></span> <span class='ocrx_word' id='word_1_8' title='bbox 414 497 584 581; x_wconf 62' lang='lat' dir='ltr'>pitur.</span> <span class='ocrx_word' id='word_1_9' title='bbox 631 493 720 576; x_wconf 39' lang='lat' dir='ltr'>{id</span> <span class='ocrx_word' id='word_1_10' title='bbox 761 493 890 569; x_wconf 67' lang='lat' dir='ltr'>haec</span> <span class='ocrx_word' id='word_1_11' title='bbox 927 488 1113 566; x_wconf 79' lang='lat' dir='ltr'>etiam</span> <span class='ocrx_word' id='word_1_12' title='bbox 1162 505 1297 581; x_wconf 82' lang='lat' dir='ltr'>reus</span> <span class='ocrx_word' id='word_1_13' title='bbox 1340 488 1612 581; x_wconf 69' lang='lat' dir='ltr'>eftlcitur,</span> <span class='ocrx_word' id='word_1_14' title='bbox 1641 488 1784 560; x_wconf 81' lang='lat' dir='ltr'>quia</span> <span class='ocrx_word' id='word_1_15' title='bbox 1814 486 2058 581; x_wconf 73' lang='lat' dir='ltr'>abstulit</span> <span class='ocrx_word' id='word_1_16' title='bbox 2087 488 2140 564; x_wconf 66' lang='grc' dir='ltr'>Α</span> <span class='ocrx_word' id='word_1_17' title='bbox 2173 484 2540 581; x_wconf 46' lang='grc' dir='ltr'>ιὀῐεξᾳυὶρρθ</span> <span class='ocrx_word' id='word_1_18' title='bbox 2563 481 2720 581; x_wconf 87' lang='lat' dir='ltr'>illius</span> <span class='ocrx_word' id='word_1_19' title='bbox 2741 497 2920 554; x_wconf 87' lang='lat' dir='ltr'>quam</span> <span class='ocrx_word' id='word_1_20' title='bbox 2948 480 3005 536; x_wconf 92' lang='lat' dir='ltr'>in</span> <span class='ocrx_word' id='word_1_21' title='bbox 3027 478 3396 581; x_wconf 60' lang='lat' dir='ltr'>firmamento</span> <span class='ocrx_word' id='word_1_22' title='bbox 3423 474 3556 577; x_wconf 66' lang='lat' dir='ltr'>coeli</span> <span class='ocrx_word' id='word_1_23' title='bbox 3581 491 3823 581; x_wconf 66' lang='lat' dir='ltr'>semper</span> 
     </span>
    </p>
   </div>
   <div class='ocr_carea' id='block_1_5' title="bbox 419 575 2062 668">
    <p class='ocr_par' dir='ltr' id='par_1_5' title="bbox 419 575 2062 668">
     <span class='ocr_line' id='line_1_5' title="bbox 419 575 2062 668; baseline -0.003 -27"><span class='ocrx_word' id='word_1_24' title='bbox 419 575 576 668; x_wconf 63' lang='lat' dir='ltr'>unde</span> <span class='ocrx_word' id='word_1_25' title='bbox 618 575 930 664; x_wconf 72' lang='lat' dir='ltr'>pauperes,</span> <span class='ocrx_word' id='word_1_26' title='bbox 963 578 1252 655; x_wconf 82' lang='lat' dir='ltr'>peregrini</span> <span class='ocrx_word' id='word_1_27' title='bbox 1300 582 1355 640; x_wconf 81' lang='lat' dir='ltr'>et</span> <span class='ocrx_word' id='word_1_28' title='bbox 1403 578 1664 650; x_wconf 85' lang='lat' dir='ltr'>hospites</span> <span class='ocrx_word' id='word_1_29' title='bbox 1697 575 2062 668; x_wconf 53' lang='lat' dir='ltr'>sanctaaloca</span> 
     </span>
    </p>
   </div>
   <div class='ocr_carea' id='block_1_6' title="bbox 418 663 2060 747">
    <p class='ocr_par' dir='ltr' id='par_1_6' title="bbox 418 663 2060 747">
     <span class='ocr_line' id='line_1_6' title="bbox 418 663 2060 747; baseline -0.007 -18"><span class='ocrx_word' id='word_1_30' title='bbox 418 663 721 729; x_wconf 82' lang='lat' dir='ltr'>visitantes</span> <span class='ocrx_word' id='word_1_31' title='bbox 751 667 1048 725; x_wconf 84' lang='lat' dir='ltr'>recreandi</span> <span class='ocrx_word' id='word_1_32' title='bbox 1085 668 1274 747; x_wconf 72' lang='lat' dir='ltr'>ferent</span> <span class='ocrx_word' id='word_1_33' title='bbox 1315 669 1486 740; x_wconf 74' lang='lat' dir='ltr'>juxta</span> <span class='ocrx_word' id='word_1_34' title='bbox 1533 666 1718 736; x_wconf 63' lang='lat' dir='ltr'>sancti</span> <span class='ocrx_word' id='word_1_35' title='bbox 1757 663 2060 747; x_wconf 75' lang='lat' dir='ltr'>Benedicti</span> 
     </span>
    </p>
   </div>
   <div class='ocr_carea' id='block_1_7' title="bbox 417 745 2062 828">
    <p class='ocr_par' dir='ltr' id='par_1_7' title="bbox 417 745 2062 828">
     <span class='ocr_line' id='line_1_7' title="bbox 417 745 2062 828; baseline -0.007 -10"><span class='ocrx_word' id='word_1_36' title='bbox 417 765 730 823; x_wconf 89' lang='lat' dir='ltr'>statutum,</span> <span class='ocrx_word' id='word_1_37' title='bbox 764 758 882 813; x_wconf 91' lang='lat' dir='ltr'>imo</span> <span class='ocrx_word' id='word_1_38' title='bbox 906 759 1074 828; x_wconf 83' lang='lat' dir='ltr'>juxta</span> <span class='ocrx_word' id='word_1_39' title='bbox 1104 745 1291 828; x_wconf 80' lang='lat' dir='ltr'>ipsius</span> <span class='ocrx_word' id='word_1_40' title='bbox 1325 755 1552 811; x_wconf 85' lang='lat' dir='ltr'>Domini</span> <span class='ocrx_word' id='word_1_41' title='bbox 1582 745 1763 811; x_wconf 89' lang='lat' dir='ltr'>nostri</span> <span class='ocrx_word' id='word_1_42' title='bbox 1806 769 2062 825; x_wconf 79' lang='lat' dir='ltr'>praecep-</span> 
     </span>
    </p>
   </div>
   <div class='ocr_carea' id='block_1_8' title="bbox 414 842 2065 915">
    <p class='ocr_par' dir='ltr' id='par_1_8' title="bbox 414 842 2065 915">
     <span class='ocr_line' id='line_1_8' title="bbox 414 842 2065 915; baseline -0.006 -9"><span class='ocrx_word' id='word_1_43' title='bbox 414 856 540 906; x_wconf 89' lang='lat' dir='ltr'>tum</span> <span class='ocrx_word' id='word_1_44' title='bbox 573 843 823 904; x_wconf 78' lang='lat' dir='ltr'>dicentis</span> <span class='ocrx_word' id='word_1_45' title='bbox 857 864 870 902; x_wconf 89' lang='lat'><strong>:</strong></span> <span class='ocrx_word' id='word_1_46' title='bbox 908 848 1034 902; x_wconf 87' lang='lat' dir='ltr'>Date</span> <span class='ocrx_word' id='word_1_47' title='bbox 1063 847 1477 915; x_wconf 84' lang='lat' dir='ltr'>eleemosynam,</span> <span class='ocrx_word' id='word_1_48' title='bbox 1526 853 1578 900; x_wconf 82' lang='lat' dir='ltr'>et</span> <span class='ocrx_word' id='word_1_49' title='bbox 1622 845 1810 900; x_wconf 82' lang='lat' dir='ltr'>omnia</span> <span class='ocrx_word' id='word_1_50' title='bbox 1857 842 2065 897; x_wconf 85' lang='lat' dir='ltr'>munda</span> 
     </span>
    </p>
   </div>
   <div class='ocr_carea' id='block_1_9' title="bbox 415 931 2064 1008">
    <p class='ocr_par' dir='ltr' id='par_1_9' title="bbox 415 931 2064 1008">
     <span class='ocr_line' id='line_1_9' title="bbox 415 931 2064 1008; baseline -0.006 -13"><span class='ocrx_word' id='word_1_51' title='bbox 415 942 544 995; x_wconf 87' lang='lat' dir='ltr'>sunt</span> <span class='ocrx_word' id='word_1_52' title='bbox 571 933 1078 1008; x_wconf 67' lang='lat' dir='ltr'>vobis(Lue.x1,/it).</span> <span class='ocrx_word' id='word_1_53' title='bbox 1096 939 1223 1006; x_wconf 87' lang='lat' dir='ltr'>Ipse</span> <span class='ocrx_word' id='word_1_54' title='bbox 1244 949 1476 1004; x_wconf 91' lang='lat' dir='ltr'>quoque</span> <span class='ocrx_word' id='word_1_55' title='bbox 1505 932 1598 988; x_wconf 89' lang='lat' dir='ltr'>his</span> <span class='ocrx_word' id='word_1_56' title='bbox 1630 931 1727 1004; x_wconf 91' lang='lat' dir='ltr'>qui</span> <span class='ocrx_word' id='word_1_57' title='bbox 1754 949 1908 987; x_wconf 90' lang='lat' dir='ltr'>nunc</span> <span class='ocrx_word' id='word_1_58' title='bbox 1930 947 2064 986; x_wconf 89' lang='lat' dir='ltr'>eum</span> 
     </span>
    </p>
   </div>
   <div class='ocr_carea' id='block_1_10' title="bbox 416 1021 2065 1100">
    <p class='ocr_par' dir='ltr' id='par_1_10' title="bbox 416 1021 2065 1100">
     <span class='ocr_line' id='line_1_10' title="bbox 416 1021 2065 1100; baseline -0.007 -16"><span class='ocrx_word' id='word_1_59' title='bbox 416 1029 477 1084; x_wconf 90' lang='lat' dir='ltr'>in</span> <span class='ocrx_word' id='word_1_60' title='bbox 510 1024 866 1100; x_wconf 81' lang='lat' dir='ltr'>pauperibus</span> <span class='ocrx_word' id='word_1_61' title='bbox 896 1028 952 1079; x_wconf 90' lang='lat' dir='ltr'>et</span> <span class='ocrx_word' id='word_1_62' title='bbox 983 1022 1312 1094; x_wconf 83' lang='lat' dir='ltr'>hospitibus</span> <span class='ocrx_word' id='word_1_63' title='bbox 1343 1021 1693 1092; x_wconf 82' lang='lat' dir='ltr'>suscipiunt,</span> <span class='ocrx_word' id='word_1_64' title='bbox 1718 1021 1774 1075; x_wconf 90' lang='lat' dir='ltr'>in</span> <span class='ocrx_word' id='word_1_65' title='bbox 1795 1025 2065 1094; x_wconf 57' lang='lat' dir='ltr'>extremo</span> 
     </span>
    </p>
   </div>
   <div class='ocr_carea' id='block_1_11' title="bbox 414 1110 2069 1189">
    <p class='ocr_par' dir='ltr' id='par_1_11' title="bbox 414 1110 2069 1189">
     <span class='ocr_line' id='line_1_11' title="bbox 414 1110 2069 1189; baseline -0.007 -17"><span class='ocrx_word' id='word_1_66' title='bbox 414 1115 642 1189; x_wconf 91' lang='lat' dir='ltr'>judicio</span> <span class='ocrx_word' id='word_1_67' title='bbox 671 1113 938 1170; x_wconf 88' lang='lat' dir='ltr'>dicturus</span> <span class='ocrx_word' id='word_1_68' title='bbox 979 1115 1068 1167; x_wconf 91' lang='lat' dir='ltr'>est</span> <span class='ocrx_word' id='word_1_69' title='bbox 1100 1128 1111 1164; x_wconf 92' lang='lat'><strong>:</strong></span> <span class='ocrx_word' id='word_1_70' title='bbox 1148 1115 1352 1181; x_wconf 80' lang='lat' dir='ltr'>Hospes</span> <span class='ocrx_word' id='word_1_71' title='bbox 1387 1111 1473 1180; x_wconf 79' lang='lat' dir='ltr'>fui</span> <span class='ocrx_word' id='word_1_72' title='bbox 1519 1117 1573 1164; x_wconf 83' lang='lat' dir='ltr'>et</span> <span class='ocrx_word' id='word_1_73' title='bbox 1619 1110 1952 1177; x_wconf 75' lang='lat' dir='ltr'>suscepistis,</span> <span class='ocrx_word' id='word_1_74' title='bbox 1984 1123 2069 1162; x_wconf 86' lang='lat' dir='ltr'>me</span> 
     </span>
    </p>
   </div>
   <div class='ocr_carea' id='block_1_12' title="bbox 423 1196 2065 1278">
    <p class='ocr_par' dir='ltr' id='par_1_12' title="bbox 423 1196 2065 1278">
     <span class='ocr_line' id='line_1_12' title="bbox 423 1196 2065 1278; baseline -0.006 -17"><span class='ocrx_word' id='word_1_75' title='bbox 423 1206 641 1278; x_wconf 78' lang='lat' dir='ltr'>(Matth.</span> <span class='ocrx_word' id='word_1_76' title='bbox 675 1220 805 1268; x_wconf 83' lang='lat' dir='ltr'>xxv,</span> <span class='ocrx_word' id='word_1_77' title='bbox 838 1202 949 1272; x_wconf 76' lang='lat'>3.5).</span> <span class='ocrx_word' id='word_1_78' title='bbox 985 1201 1112 1256; x_wconf 69' lang='lat' dir='ltr'>Haec</span> <span class='ocrx_word' id='word_1_79' title='bbox 1141 1200 1319 1271; x_wconf 80' lang='lat' dir='ltr'>igitur</span> <span class='ocrx_word' id='word_1_80' title='bbox 1369 1199 1439 1278; x_wconf 88' lang='lat' dir='ltr'>de</span> <span class='ocrx_word' id='word_1_81' title='bbox 1489 1197 1586 1253; x_wconf 90' lang='lat' dir='ltr'>illo</span> <span class='ocrx_word' id='word_1_82' title='bbox 1637 1196 1758 1253; x_wconf 89' lang='lat' dir='ltr'>solo</span> <span class='ocrx_word' id='word_1_83' title='bbox 1808 1203 2065 1269; x_wconf 80' lang='lat' dir='ltr'>peccato,</span> 
     </span>
    </p>
   </div>
   <div class='ocr_carea' id='block_1_13' title="bbox 427 1285 2072 1366">
    <p class='ocr_par' dir='ltr' id='par_1_13' title="bbox 427 1285 2072 1366">
     <span class='ocr_line' id='line_1_13' title="bbox 427 1285 2072 1366; baseline -0.005 -16"><span class='ocrx_word' id='word_1_84' title='bbox 427 1295 582 1366; x_wconf 91' lang='lat' dir='ltr'>quod</span> <span class='ocrx_word' id='word_1_85' title='bbox 616 1293 672 1348; x_wconf 91' lang='lat' dir='ltr'>in</span> <span class='ocrx_word' id='word_1_86' title='bbox 703 1289 1098 1366; x_wconf 75' lang='lat' dir='ltr'>destructione</span> <span class='ocrx_word' id='word_1_87' title='bbox 1129 1288 1527 1364; x_wconf 66' lang='lat' dir='ltr'>coenobiorum</span> <span class='ocrx_word' id='word_1_88' title='bbox 1579 1285 2072 1359; x_wconf 61' lang='lat' dir='ltr'>agitur,.breviter</span> 
     </span>
    </p>
   </div>
   <div class='ocr_carea' id='block_1_14' title="bbox 426 1379 897 1440">
    <p class='ocr_par' dir='ltr' id='par_1_14' title="bbox 426 1379 897 1440">
     <span class='ocr_line' id='line_1_14' title="bbox 426 1379 897 1440; baseline -0.015 0"><span class='ocrx_word' id='word_1_89' title='bbox 426 1379 897 1440; x_wconf 83' lang='lat' dir='ltr'>commemoravi.</span> 
     </span>
    </p>
   </div>
   <div class='ocr_carea' id='block_1_15' title="bbox 481 1459 2074 1550">
    <p class='ocr_par' dir='ltr' id='par_1_15' title="bbox 481 1459 2074 1550">
     <span class='ocr_line' id='line_1_15' title="bbox 481 1459 2074 1550; baseline -0.004 -25"><span class='ocrx_word' id='word_1_90' title='bbox 481 1471 553 1550; x_wconf 64' lang='lat' dir='ltr'>Si</span> <span class='ocrx_word' id='word_1_91' title='bbox 578 1469 711 1550; x_wconf 83' lang='lat' dir='ltr'>quis</span> <span class='ocrx_word' id='word_1_92' title='bbox 731 1485 864 1546; x_wconf 65' lang='lat' dir='ltr'>vero</span> <span class='ocrx_word' id='word_1_93' title='bbox 886 1467 1198 1544; x_wconf 80' lang='lat' dir='ltr'>diligenter</span> <span class='ocrx_word' id='word_1_94' title='bbox 1222 1459 1844 1546; x_wconf 44' lang='lat' dir='ltr'>considerarc&#39;voluerit</span> <span class='ocrx_word' id='word_1_95' title='bbox 1868 1467 2074 1538; x_wconf 58' lang='lat' dir='ltr'>caetera</span> 
     </span>
    </p>
   </div>
   <div class='ocr_carea' id='block_1_16' title="bbox 426 1551 2077 1632">
    <p class='ocr_par' dir='ltr' id='par_1_16' title="bbox 426 1551 2077 1632">
     <span class='ocr_line' id='line_1_16' title="bbox 426 1551 2077 1632; baseline -0.003 -17"><span class='ocrx_word' id='word_1_96' title='bbox 426 1559 765 1632; x_wconf 69' lang='lat' dir='ltr'>Christianis</span> <span class='ocrx_word' id='word_1_97' title='bbox 788 1556 1088 1632; x_wconf 81' lang='lat' dir='ltr'>religionis</span> <span class='ocrx_word' id='word_1_98' title='bbox 1110 1553 1608 1628; x_wconf 80' lang='lat' dir='ltr'>statuta,inveniet</span> <span class='ocrx_word' id='word_1_99' title='bbox 1630 1569 1698 1612; x_wconf 76' lang='lat' dir='ltr'>ex</span> <span class='ocrx_word' id='word_1_100' title='bbox 1719 1553 1802 1610; x_wconf 91' lang='lat' dir='ltr'>eis</span> <span class='ocrx_word' id='word_1_101' title='bbox 1823 1551 2077 1626; x_wconf 78' lang='lat' dir='ltr'>plurima</span> 
     </span>
    </p>
   </div>
   <div class='ocr_carea' id='block_1_17' title="bbox 426 1628 2075 1724">
    <p class='ocr_par' dir='ltr' id='par_1_17' title="bbox 426 1628 2075 1724">
     <span class='ocr_line' id='line_1_17' title="bbox 426 1628 2075 1724; baseline -0.005 -19"><span class='ocrx_word' id='word_1_102' title='bbox 426 1632 551 1722; x_wconf 80' lang='lat' dir='ltr'>pari</span> <span class='ocrx_word' id='word_1_103' title='bbox 583 1628 1059 1724; x_wconf 67' lang='lat' dir='ltr'>Christianorum</span> <span class='ocrx_word' id='word_1_104' title='bbox 1108 1644 1510 1716; x_wconf 78' lang='lat' dir='ltr'>persecutione</span> <span class='ocrx_word' id='word_1_105' title='bbox 1563 1643 1880 1698; x_wconf 90' lang='lat' dir='ltr'>destructa.</span> <span class='ocrx_word' id='word_1_106' title='bbox 1933 1642 2075 1720; x_wconf 85' lang='lat' dir='ltr'>Quis</span> 
     </span>
    </p>
   </div>
   <div class='ocr_carea' id='block_1_18' title="bbox 426 1723 2078 1822">
    <p class='ocr_par' dir='ltr' id='par_1_18' title="bbox 426 1723 2078 1822">
     <span class='ocr_line' id='line_1_18' title="bbox 426 1723 2078 1822; baseline -0.004 -31"><span class='ocrx_word' id='word_1_107' title='bbox 426 1723 580 1822; x_wconf 72' lang='lat' dir='ltr'>enim</span> <span class='ocrx_word' id='word_1_108' title='bbox 601 1735 765 1816; x_wconf 83' lang='lat' dir='ltr'>locus</span> <span class='ocrx_word' id='word_1_109' title='bbox 795 1738 884 1813; x_wconf 83' lang='lat' dir='ltr'>est</span> <span class='ocrx_word' id='word_1_110' title='bbox 905 1735 1077 1814; x_wconf 81' lang='lat' dir='ltr'>modo</span> <span class='ocrx_word' id='word_1_111' title='bbox 1101 1733 1225 1802; x_wconf 87' lang='lat' dir='ltr'>sine</span> <span class='ocrx_word' id='word_1_112' title='bbox 1247 1732 1450 1802; x_wconf 82' lang='lat' dir='ltr'>rapina</span> <span class='ocrx_word' id='word_1_113' title='bbox 1473 1736 1574 1788; x_wconf 86' lang='lat' dir='ltr'>aut</span> <span class='ocrx_word' id='word_1_114' title='bbox 1594 1729 1787 1797; x_wconf 82' lang='lat' dir='ltr'>bello?</span> <span class='ocrx_word' id='word_1_115' title='bbox 1811 1731 2078 1800; x_wconf 78' lang='lat' dir='ltr'>Ubisunt</span> 
     </span>
    </p>
   </div>
   <div class='ocr_carea' id='block_1_19' title="bbox 2171 563 3823 648">
    <p class='ocr_par' dir='ltr' id='par_1_19' title="bbox 2171 563 3823 648">
     <span class='ocr_line' id='line_1_19' title="bbox 2171 563 3823 648; baseline -0.006 -15"><span class='ocrx_word' id='word_1_116' title='bbox 2171 574 2424 648; x_wconf 75' lang='lat' dir='ltr'>positam</span> <span class='ocrx_word' id='word_1_117' title='bbox 2467 573 2757 638; x_wconf 83' lang='lat' dir='ltr'>novimus,</span> <span class='ocrx_word' id='word_1_118' title='bbox 2790 586 3118 643; x_wconf 85' lang='lat' dir='ltr'>personam</span> <span class='ocrx_word' id='word_1_119' title='bbox 3169 567 3384 635; x_wconf 82' lang='lat' dir='ltr'>Patris;</span> <span class='ocrx_word' id='word_1_120' title='bbox 3421 566 3478 622; x_wconf 89' lang='lat' dir='ltr'>in</span> <span class='ocrx_word' id='word_1_121' title='bbox 3509 563 3823 642; x_wconf 81' lang='lat' dir='ltr'>splendore</span> 
     </span>
    </p>
   </div>
   <div class='ocr_carea' id='block_1_20' title="bbox 2171 654 3823 734">
    <p class='ocr_par' dir='ltr' id='par_1_20' title="bbox 2171 654 3823 734">
     <span class='ocr_line' id='line_1_20' title="bbox 2171 654 3823 734; baseline -0.006 -13"><span class='ocrx_word' id='word_1_122' title='bbox 2171 681 2301 722; x_wconf 88' lang='lat' dir='ltr'>vero</span> <span class='ocrx_word' id='word_1_123' title='bbox 2333 679 2642 734; x_wconf 81' lang='lat' dir='ltr'>personam</span> <span class='ocrx_word' id='word_1_124' title='bbox 2675 660 2825 728; x_wconf 88' lang='lat' dir='ltr'>Filii,</span> <span class='ocrx_word' id='word_1_125' title='bbox 2850 659 2991 730; x_wconf 87' lang='lat' dir='ltr'>quia</span> <span class='ocrx_word' id='word_1_126' title='bbox 3017 663 3075 714; x_wconf 91' lang='lat' dir='ltr'>et</span> <span class='ocrx_word' id='word_1_127' title='bbox 3102 656 3416 729; x_wconf 84' lang='lat' dir='ltr'>Apostolus</span> <span class='ocrx_word' id='word_1_128' title='bbox 3466 657 3541 711; x_wconf 90' lang='lat' dir='ltr'>de</span> <span class='ocrx_word' id='word_1_129' title='bbox 3585 654 3823 726; x_wconf 81' lang='lat' dir='ltr'>Christo</span> 
     </span>
    </p>
   </div>
   <div class='ocr_carea' id='block_1_21' title="bbox 2173 744 3821 818">
    <p class='ocr_par' dir='ltr' id='par_1_21' title="bbox 2173 744 3821 818">
     <span class='ocr_line' id='line_1_21' title="bbox 2173 744 3821 818; baseline -0.008 -7"><span class='ocrx_word' id='word_1_130' title='bbox 2173 751 2274 812; x_wconf 86' lang='lat' dir='ltr'>Dei</span> <span class='ocrx_word' id='word_1_131' title='bbox 2306 749 2619 808; x_wconf 81' lang='lat' dir='ltr'>Filiodicit</span> <span class='ocrx_word' id='word_1_132' title='bbox 2653 767 2671 805; x_wconf 89' lang='lat'>:-</span> <span class='ocrx_word' id='word_1_133' title='bbox 2702 750 2808 818; x_wconf 75' lang='lat' dir='ltr'>Qui</span> <span class='ocrx_word' id='word_1_134' title='bbox 2847 764 2979 802; x_wconf 83' lang='lat' dir='ltr'>eum</span> <span class='ocrx_word' id='word_1_135' title='bbox 3023 748 3096 802; x_wconf 77' lang='lat' dir='ltr'>sit</span> <span class='ocrx_word' id='word_1_136' title='bbox 3141 744 3402 818; x_wconf 76' lang='lat' dir='ltr'>splendor</span> <span class='ocrx_word' id='word_1_137' title='bbox 3445 744 3659 814; x_wconf 61' lang='lat' dir='ltr'>gloria,</span> <span class='ocrx_word' id='word_1_138' title='bbox 3707 749 3821 801; x_wconf 86' lang='lat' dir='ltr'>etc.</span> 
     </span>
    </p>
   </div>
   <div class='ocr_carea' id='block_1_22' title="bbox 2174 833 3825 911">
    <p class='ocr_par' dir='ltr' id='par_1_22' title="bbox 2174 833 3825 911">
     <span class='ocr_line' id='line_1_22' title="bbox 2174 833 3825 911; baseline -0.003 -16"><span class='ocrx_word' id='word_1_139' title='bbox 2174 840 2360 911; x_wconf 84' lang='lat' dir='ltr'>(Hebr.</span> <span class='ocrx_word' id='word_1_140' title='bbox 2398 857 2435 909; x_wconf 85' lang='grc' dir='ltr'>ι,</span> <span class='ocrx_word' id='word_1_141' title='bbox 2468 840 2552 911; x_wconf 88' lang='grc'>3);</span> <span class='ocrx_word' id='word_1_142' title='bbox 2604 839 2662 892; x_wconf 91' lang='lat' dir='ltr'>in</span> <span class='ocrx_word' id='word_1_143' title='bbox 2714 837 2903 892; x_wconf 87' lang='lat' dir='ltr'>calore</span> <span class='ocrx_word' id='word_1_144' title='bbox 2960 840 3156 892; x_wconf 86' lang='lat' dir='ltr'>autem</span> <span class='ocrx_word' id='word_1_145' title='bbox 3217 849 3527 906; x_wconf 82' lang='lat' dir='ltr'>personam</span> <span class='ocrx_word' id='word_1_146' title='bbox 3568 833 3825 905; x_wconf 84' lang='lat' dir='ltr'>Spiritus</span> 
     </span>
    </p>
   </div>
   <div class='ocr_carea' id='block_1_23' title="bbox 2174 920 3830 1000">
    <p class='ocr_par' dir='ltr' id='par_1_23' title="bbox 2174 920 3830 1000">
     <span class='ocr_line' id='line_1_23' title="bbox 2174 920 3830 1000; baseline -0.005 -14"><span class='ocrx_word' id='word_1_147' title='bbox 2174 929 2359 986; x_wconf 86' lang='lat' dir='ltr'>sancti</span> <span class='ocrx_word' id='word_1_148' title='bbox 2375 927 2691 1000; x_wconf 77' lang='lat' dir='ltr'>significari</span> <span class='ocrx_word' id='word_1_149' title='bbox 2712 927 2903 982; x_wconf 84' lang='lat' dir='ltr'>credo:</span> <span class='ocrx_word' id='word_1_150' title='bbox 2923 939 3171 996; x_wconf 82' lang='lat' dir='ltr'>moxque</span> <span class='ocrx_word' id='word_1_151' title='bbox 3184 920 3517 979; x_wconf 87' lang='lat' dir='ltr'>etiamillud</span> <span class='ocrx_word' id='word_1_152' title='bbox 3531 922 3830 994; x_wconf 88' lang='lat' dir='ltr'>subjungo</span> 
     </span>
    </p>
   </div>
   <div class='ocr_carea' id='block_1_24' title="bbox 2175 1010 3828 1088">
    <p class='ocr_par' dir='ltr' id='par_1_24' title="bbox 2175 1010 3828 1088">
     <span class='ocr_line' id='line_1_24' title="bbox 2175 1010 3828 1088; baseline -0.004 -15"><span class='ocrx_word' id='word_1_153' title='bbox 2175 1018 2331 1088; x_wconf 71' lang='lat' dir='ltr'>unde</span> <span class='ocrx_word' id='word_1_154' title='bbox 2362 1015 2505 1084; x_wconf 83' lang='lat' dir='ltr'>talia</span> <span class='ocrx_word' id='word_1_155' title='bbox 2533 1015 2724 1084; x_wconf 77' lang='lat' dir='ltr'>credo.</span> <span class='ocrx_word' id='word_1_156' title='bbox 2758 1013 2922 1069; x_wconf 90' lang='lat' dir='ltr'>Sicut</span> <span class='ocrx_word' id='word_1_157' title='bbox 2953 1012 3110 1068; x_wconf 91' lang='lat' dir='ltr'>enim</span> <span class='ocrx_word' id='word_1_158' title='bbox 3143 1016 3329 1067; x_wconf 89' lang='lat' dir='ltr'>rotam</span> <span class='ocrx_word' id='word_1_159' title='bbox 3353 1010 3494 1067; x_wconf 89' lang='lat' dir='ltr'>solis</span> <span class='ocrx_word' id='word_1_160' title='bbox 3520 1027 3828 1082; x_wconf 89' lang='lat' dir='ltr'>nunquam</span> 
     </span>
    </p>
   </div>
   <div class='ocr_carea' id='block_1_25' title="bbox 2175 1099 3828 1168">
    <p class='ocr_par' dir='ltr' id='par_1_25' title="bbox 2175 1099 3828 1168">
     <span class='ocr_line' id='line_1_25' title="bbox 2175 1099 3828 1168; baseline -0.003 -8"><span class='ocrx_word' id='word_1_161' title='bbox 2175 1106 2431 1161; x_wconf 82' lang='lat' dir='ltr'>vidimus</span> <span class='ocrx_word' id='word_1_162' title='bbox 2452 1103 2539 1160; x_wconf 88' lang='lat' dir='ltr'>vel</span> <span class='ocrx_word' id='word_1_163' title='bbox 2563 1102 2898 1160; x_wconf 89' lang='lat' dir='ltr'>audivimus</span> <span class='ocrx_word' id='word_1_164' title='bbox 2921 1103 2990 1157; x_wconf 89' lang='lat' dir='ltr'>de</span> <span class='ocrx_word' id='word_1_165' title='bbox 3014 1100 3155 1156; x_wconf 79' lang='lat' dir='ltr'>cmlo</span> <span class='ocrx_word' id='word_1_166' title='bbox 3173 1099 3233 1155; x_wconf 91' lang='lat' dir='ltr'>in</span> <span class='ocrx_word' id='word_1_167' title='bbox 3249 1105 3464 1156; x_wconf 88' lang='lat' dir='ltr'>terram</span> <span class='ocrx_word' id='word_1_168' title='bbox 3489 1100 3828 1168; x_wconf 88' lang='lat' dir='ltr'>dimissam,</span> 
     </span>
    </p>
   </div>
   <div class='ocr_carea' id='block_1_26' title="bbox 2179 1190 3827 1268">
    <p class='ocr_par' dir='ltr' id='par_1_26' title="bbox 2179 1190 3827 1268">
     <span class='ocr_line' id='line_1_26' title="bbox 2179 1190 3827 1268; baseline -0.004 -17"><span class='ocrx_word' id='word_1_169' title='bbox 2179 1196 2278 1268; x_wconf 74' lang='lat' dir='ltr'>sed</span> <span class='ocrx_word' id='word_1_170' title='bbox 2311 1194 2705 1266; x_wconf 81' lang='lat' dir='ltr'>splendorem,</span> <span class='ocrx_word' id='word_1_171' title='bbox 2731 1191 2831 1264; x_wconf 91' lang='lat' dir='ltr'>qui</span> <span class='ocrx_word' id='word_1_172' title='bbox 2863 1192 2922 1246; x_wconf 92' lang='lat' dir='ltr'>in</span> <span class='ocrx_word' id='word_1_173' title='bbox 2956 1191 3082 1268; x_wconf 87' lang='lat' dir='ltr'>ipso</span> <span class='ocrx_word' id='word_1_174' title='bbox 3113 1194 3220 1256; x_wconf 89' lang='lat' dir='ltr'>est,</span> <span class='ocrx_word' id='word_1_175' title='bbox 3253 1193 3310 1244; x_wconf 91' lang='lat' dir='ltr'>et</span> <span class='ocrx_word' id='word_1_176' title='bbox 3337 1190 3409 1245; x_wconf 90' lang='lat' dir='ltr'>ab</span> <span class='ocrx_word' id='word_1_177' title='bbox 3445 1190 3570 1261; x_wconf 89' lang='lat' dir='ltr'>ipso</span> <span class='ocrx_word' id='word_1_178' title='bbox 3591 1205 3827 1261; x_wconf 88' lang='lat' dir='ltr'>semper</span> 
     </span>
    </p>
   </div>
   <div class='ocr_carea' id='block_1_27' title="bbox 2161 1276 3829 1352">
    <p class='ocr_par' dir='ltr' id='par_1_27' title="bbox 2161 1276 3829 1352">
     <span class='ocr_line' id='line_1_27' title="bbox 2161 1276 3829 1352; baseline -0.003 -13"><span class='ocrx_word' id='word_1_179' title='bbox 2161 1287 2342 1340; x_wconf 86' lang='lat' dir='ltr'>.ortus</span> <span class='ocrx_word' id='word_1_180' title='bbox 2363 1283 2838 1352; x_wconf 85' lang='lat' dir='ltr'>emittitursuper</span> <span class='ocrx_word' id='word_1_181' title='bbox 2853 1295 3086 1336; x_wconf 89' lang='lat' dir='ltr'>omnem</span> <span class='ocrx_word' id='word_1_182' title='bbox 3107 1282 3353 1346; x_wconf 89' lang='lat' dir='ltr'>terram;</span> <span class='ocrx_word' id='word_1_183' title='bbox 3377 1276 3628 1335; x_wconf 89' lang='lat' dir='ltr'>calorem</span> <span class='ocrx_word' id='word_1_184' title='bbox 3647 1279 3829 1335; x_wconf 87' lang='lat' dir='ltr'>etiam</span> 
     </span>
    </p>
   </div>
   <div class='ocr_carea' id='block_1_28' title="bbox 2180 1367 3832 1444">
    <p class='ocr_par' dir='ltr' id='par_1_28' title="bbox 2180 1367 3832 1444">
     <span class='ocr_line' id='line_1_28' title="bbox 2180 1367 3832 1444; baseline -0.001 -17"><span class='ocrx_word' id='word_1_185' title='bbox 2180 1372 2279 1444; x_wconf 94' lang='lat' dir='ltr'>qui</span> <span class='ocrx_word' id='word_1_186' title='bbox 2315 1376 2436 1426; x_wconf 87' lang='lat' dir='ltr'>tam</span> <span class='ocrx_word' id='word_1_187' title='bbox 2467 1372 2540 1427; x_wconf 92' lang='lat' dir='ltr'>ab</span> <span class='ocrx_word' id='word_1_188' title='bbox 2571 1371 2700 1444; x_wconf 90' lang='lat' dir='ltr'>ipsa</span> <span class='ocrx_word' id='word_1_189' title='bbox 2729 1369 2869 1425; x_wconf 90' lang='lat' dir='ltr'>solis</span> <span class='ocrx_word' id='word_1_190' title='bbox 2901 1372 3026 1424; x_wconf 90' lang='lat' dir='ltr'>rota</span> <span class='ocrx_word' id='word_1_191' title='bbox 3056 1385 3232 1440; x_wconf 90' lang='lat' dir='ltr'>quam</span> <span class='ocrx_word' id='word_1_192' title='bbox 3285 1385 3320 1423; x_wconf 90' lang='lat' dir='ltr'>a</span> <span class='ocrx_word' id='word_1_193' title='bbox 3360 1367 3670 1440; x_wconf 86' lang='lat' dir='ltr'>splendore</span> <span class='ocrx_word' id='word_1_194' title='bbox 3699 1369 3832 1439; x_wconf 88' lang='lat' dir='ltr'>ejus</span> 
     </span>
    </p>
   </div>
   <div class='ocr_carea' id='block_1_29' title="bbox 2182 1457 3834 1533">
    <p class='ocr_par' dir='ltr' id='par_1_29' title="bbox 2182 1457 3834 1533">
     <span class='ocr_line' id='line_1_29' title="bbox 2182 1457 3834 1533; baseline -0.001 -18"><span class='ocrx_word' id='word_1_195' title='bbox 2182 1458 2605 1533; x_wconf 89' lang='lat' dir='ltr'>procedit,licet</span> <span class='ocrx_word' id='word_1_196' title='bbox 2623 1458 2682 1513; x_wconf 90' lang='lat' dir='ltr'>in</span> <span class='ocrx_word' id='word_1_197' title='bbox 2708 1458 2868 1533; x_wconf 85' lang='lat' dir='ltr'>omni</span> <span class='ocrx_word' id='word_1_198' title='bbox 2887 1457 3090 1529; x_wconf 77' lang='lat' dir='ltr'>locoet</span> <span class='ocrx_word' id='word_1_199' title='bbox 3111 1461 3370 1528; x_wconf 88' lang='lat' dir='ltr'>tempore</span> <span class='ocrx_word' id='word_1_200' title='bbox 3393 1473 3507 1512; x_wconf 90' lang='lat' dir='ltr'>non</span> <span class='ocrx_word' id='word_1_201' title='bbox 3529 1457 3834 1528; x_wconf 69' lang='lat' dir='ltr'>mqualiter</span> 
     </span>
    </p>
   </div>
   <div class='ocr_carea' id='block_1_30' title="bbox 2183 1545 3837 1626">
    <p class='ocr_par' dir='ltr' id='par_1_30' title="bbox 2183 1545 3837 1626">
     <span class='ocr_line' id='line_1_30' title="bbox 2183 1545 3837 1626; baseline -0.01 -2"><span class='ocrx_word' id='word_1_202' title='bbox 2183 1549 2529 1626; x_wconf 62' lang='grc' dir='ltr'>ξθηίίαωυε.</span> <span class='ocrx_word' id='word_1_203' title='bbox 2556 1548 2626 1603; x_wconf 72' lang='lat' dir='ltr'>ab</span> <span class='ocrx_word' id='word_1_204' title='bbox 2662 1551 2906 1619; x_wconf 65' lang='lat' dir='ltr'>utroque</span> <span class='ocrx_word' id='word_1_205' title='bbox 2936 1551 3132 1621; x_wconf 56' lang='lat' dir='ltr'>iamet)</span> <span class='ocrx_word' id='word_1_206' title='bbox 3161 1545 3465 1618; x_wconf 61' lang='lat' dir='ltr'>mastiter</span> <span class='ocrx_word' id='word_1_207' title='bbox 3491 1546 3837 1617; x_wconf 56' lang='lat' dir='ltr'>procedens-</span> 
     </span>
    </p>
   </div>
   <div class='ocr_carea' id='block_1_31' title="bbox 2183 1635 3835 1710">
    <p class='ocr_par' dir='ltr' id='par_1_31' title="bbox 2183 1635 3835 1710">
     <span class='ocr_line' id='line_1_31' title="bbox 2183 1635 3835 1710; baseline -0.002 -14"><span class='ocrx_word' id='word_1_208' title='bbox 2183 1643 2300 1696; x_wconf 90' lang='lat' dir='ltr'>tcm</span> <span class='ocrx_word' id='word_1_209' title='bbox 2332 1638 2391 1694; x_wconf 90' lang='lat' dir='ltr'>in</span> <span class='ocrx_word' id='word_1_210' title='bbox 2423 1636 2777 1710; x_wconf 88' lang='lat' dir='ltr'>quibusdam</span> <span class='ocrx_word' id='word_1_211' title='bbox 2810 1635 3122 1707; x_wconf 81' lang='lat' dir='ltr'>provinciis</span> <span class='ocrx_word' id='word_1_212' title='bbox 3146 1635 3451 1707; x_wconf 81' lang='lat' dir='ltr'>_majus,in</span> <span class='ocrx_word' id='word_1_213' title='bbox 3473 1635 3835 1706; x_wconf 83' lang='lat' dir='ltr'>quibusdam</span> 
     </span>
    </p>
   </div>
   <div class='ocr_carea' id='block_1_32' title="bbox 2185 1711 3840 1796">
    <p class='ocr_par' dir='ltr' id='par_1_32' title="bbox 2185 1711 3840 1796">
     <span class='ocr_line' id='line_1_32' title="bbox 2185 1711 3840 1796; baseline -0.001 -14"><span class='ocrx_word' id='word_1_214' title='bbox 2185 1743 2318 1782; x_wconf 88' lang='lat' dir='ltr'>vero</span> <span class='ocrx_word' id='word_1_215' title='bbox 2346 1727 2544 1781; x_wconf 90' lang='lat' dir='ltr'>minus</span> <span class='ocrx_word' id='word_1_216' title='bbox 2567 1725 2781 1781; x_wconf 80' lang='lat' dir='ltr'>fervere</span> <span class='ocrx_word' id='word_1_217' title='bbox 2807 1729 3044 1796; x_wconf 82' lang='lat' dir='ltr'>propter</span> <span class='ocrx_word' id='word_1_218' title='bbox 3059 1711 3318 1796; x_wconf 86' lang='lat' dir='ltr'>aliquam</span> <span class='ocrx_word' id='word_1_219' title='bbox 3337 1722 3627 1780; x_wconf 85' lang='lat' dir='ltr'>occultam</span> <span class='ocrx_word' id='word_1_220' title='bbox 3653 1721 3840 1780; x_wconf 87' lang='lat' dir='ltr'>divini</span> 
     </span>
    </p>
   </div>
   <div class='ocr_carea' id='block_1_33' title="bbox 420 1813 3842 1920">
    <p class='ocr_par' dir='ltr' id='par_1_33' title="bbox 420 1813 3842 1920">
     <span class='ocr_line' id='line_1_33' title="bbox 420 1813 3842 1920; baseline -0.002 -39"><span class='ocrx_word' id='word_1_221' title='bbox 420 1813 558 1906; x_wconf 75' lang='lat' dir='ltr'>jura</span> <span class='ocrx_word' id='word_1_222' title='bbox 580 1813 928 1904; x_wconf 70' lang='lat' dir='ltr'>_Chris.tianae</span> <span class='ocrx_word' id='word_1_223' title='bbox 959 1822 1108 1900; x_wconf 80' lang='lat' dir='ltr'>legis</span> <span class='ocrx_word' id='word_1_224' title='bbox 1141 1825 1197 1900; x_wconf 86' lang='lat' dir='ltr'>et</span> <span class='ocrx_word' id='word_1_225' title='bbox 1227 1820 1504 1893; x_wconf 90' lang='lat' dir='ltr'>protectio</span> <span class='ocrx_word' id='word_1_226' title='bbox 1539 1819 1835 1882; x_wconf 87' lang='lat' dir='ltr'>metuendi</span> <span class='ocrx_word' id='word_1_227' title='bbox 1870 1819 2030 1896; x_wconf 77' lang='lat' dir='ltr'>regis</span> <span class='ocrx_word' id='word_1_228' title='bbox 2051 1820 2078 1873; x_wconf 79' lang='lat' dir='ltr'>‘I</span> <span class='ocrx_word' id='word_1_229' title='bbox 2110 1855 2158 1920; x_wconf 84' lang='lat' dir='ltr'><strong>B</strong></span> <span class='ocrx_word' id='word_1_230' title='bbox 2179 1815 2388 1890; x_wconf 78' lang='lat' dir='ltr'>judicii</span> <span class='ocrx_word' id='word_1_231' title='bbox 2421 1813 2862 1887; x_wconf 78' lang='lat' dir='ltr'>dispositionem</span> <span class='ocrx_word' id='word_1_232' title='bbox 2887 1814 3120 1890; x_wconf 67' lang='lat' dir='ltr'>scimus</span> <span class='ocrx_word' id='word_1_233' title='bbox 3171 1830 3182 1868; x_wconf 91' lang='lat'>:</span> <span class='ocrx_word' id='word_1_234' title='bbox 3221 1813 3313 1884; x_wconf 69' lang='lat' dir='ltr'>ita</span> <span class='ocrx_word' id='word_1_235' title='bbox 3355 1817 3412 1870; x_wconf 73' lang='lat' dir='ltr'>et</span> <span class='ocrx_word' id='word_1_236' title='bbox 3456 1813 3530 1882; x_wconf 69' lang='grc' dir='ltr'>ἀρ</span> <span class='ocrx_word' id='word_1_237' title='bbox 3567 1813 3842 1885; x_wconf 66' lang='lat' dir='ltr'>personis</span> 
     </span>
    </p>
   </div>
   <div class='ocr_carea' id='block_1_34' title="bbox 427 1907 2079 1986">
    <p class='ocr_par' dir='ltr' id='par_1_34' title="bbox 427 1907 2079 1986">
     <span class='ocr_line' id='line_1_34' title="bbox 427 1907 2079 1986; baseline -0.005 -16"><span class='ocrx_word' id='word_1_238' title='bbox 427 1914 534 1971; x_wconf 92' lang='lat' dir='ltr'>Ubi</span> <span class='ocrx_word' id='word_1_239' title='bbox 568 1918 952 1986; x_wconf 73' lang='lat' dir='ltr'>sunt,qureso,</span> <span class='ocrx_word' id='word_1_240' title='bbox 971 1914 1234 1984; x_wconf 88' lang='lat' dir='ltr'>pastores</span> <span class='ocrx_word' id='word_1_241' title='bbox 1257 1915 1312 1964; x_wconf 90' lang='lat' dir='ltr'>et</span> <span class='ocrx_word' id='word_1_242' title='bbox 1330 1909 1664 1978; x_wconf 80' lang='lat' dir='ltr'>defensores</span> <span class='ocrx_word' id='word_1_243' title='bbox 1687 1907 2079 1968; x_wconf 81' lang='lat' dir='ltr'>Ecclesiarum</span> 
     </span>
    </p>
   </div>
   <div class='ocr_carea' id='block_1_35' title="bbox 429 1989 2080 2076">
    <p class='ocr_par' dir='ltr' id='par_1_35' title="bbox 429 1989 2080 2076">
     <span class='ocr_line' id='line_1_35' title="bbox 429 1989 2080 2076; baseline -0.005 -18"><span class='ocrx_word' id='word_1_244' title='bbox 429 1989 528 2076; x_wconf 85' lang='lat' dir='ltr'>qui</span> <span class='ocrx_word' id='word_1_245' title='bbox 548 1995 1298 2076; x_wconf 81' lang='lat' dir='ltr'>resistantdevastatoribus</span> <span class='ocrx_word' id='word_1_246' title='bbox 1318 2014 1640 2070; x_wconf 87' lang='lat' dir='ltr'>pauperum</span> <span class='ocrx_word' id='word_1_247' title='bbox 1665 2002 1720 2052; x_wconf 87' lang='lat' dir='ltr'>et</span> <span class='ocrx_word' id='word_1_248' title='bbox 1741 1997 2080 2052; x_wconf 87' lang='lat' dir='ltr'>viduarum?</span> 
     </span>
    </p>
   </div>
   <div class='ocr_carea' id='block_1_36' title="bbox 429 2074 2076 2162">
    <p class='ocr_par' dir='ltr' id='par_1_36' title="bbox 429 2074 2076 2162">
     <span class='ocr_line' id='line_1_36' title="bbox 429 2074 2076 2162; baseline -0.004 -16"><span class='ocrx_word' id='word_1_249' title='bbox 429 2074 699 2156; x_wconf 77' lang='lat' dir='ltr'>Quinimo</span> <span class='ocrx_word' id='word_1_250' title='bbox 731 2074 831 2160; x_wconf 88' lang='lat' dir='ltr'>qui</span> <span class='ocrx_word' id='word_1_251' title='bbox 863 2088 1144 2162; x_wconf 87' lang='lat' dir='ltr'>dicuntur</span> <span class='ocrx_word' id='word_1_252' title='bbox 1173 2091 1435 2160; x_wconf 89' lang='lat' dir='ltr'>pastores</span> <span class='ocrx_word' id='word_1_253' title='bbox 1467 2092 1522 2142; x_wconf 89' lang='lat' dir='ltr'>et</span> <span class='ocrx_word' id='word_1_254' title='bbox 1551 2087 1906 2153; x_wconf 83' lang='lat' dir='ltr'>defensores,</span> <span class='ocrx_word' id='word_1_255' title='bbox 1949 2086 2076 2158; x_wconf 80' lang='lat' dir='ltr'>qui-</span> 
     </span>
    </p>
   </div>
   <div class='ocr_carea' id='block_1_37' title="bbox 433 2166 2080 2252">
    <p class='ocr_par' dir='ltr' id='par_1_37' title="bbox 433 2166 2080 2252">
     <span class='ocr_line' id='line_1_37' title="bbox 433 2166 2080 2252; baseline -0.004 -16"><span class='ocrx_word' id='word_1_256' title='bbox 433 2166 556 2252; x_wconf 10' lang='lat' dir='ltr'>que.</span> <span class='ocrx_word' id='word_1_257' title='bbox 598 2178 857 2233; x_wconf 90' lang='lat' dir='ltr'>animam</span> <span class='ocrx_word' id='word_1_258' title='bbox 906 2193 1073 2234; x_wconf 88' lang='lat' dir='ltr'>suam</span> <span class='ocrx_word' id='word_1_259' title='bbox 1105 2177 1242 2231; x_wconf 86' lang='lat' dir='ltr'>dare</span> <span class='ocrx_word' id='word_1_260' title='bbox 1274 2176 1551 2246; x_wconf 89' lang='lat' dir='ltr'>deberent</span> <span class='ocrx_word' id='word_1_261' title='bbox 1593 2192 1699 2248; x_wconf 83' lang='lat' dir='ltr'>pro</span> <span class='ocrx_word' id='word_1_262' title='bbox 1747 2173 2080 2230; x_wconf 87' lang='lat' dir='ltr'>commissis</span> 
     </span>
    </p>
   </div>
   <div class='ocr_carea' id='block_1_38' title="bbox 434 2255 2076 2338">
    <p class='ocr_par' dir='ltr' id='par_1_38' title="bbox 434 2255 2076 2338">
     <span class='ocr_line' id='line_1_38' title="bbox 434 2255 2076 2338; baseline -0.005 -13"><span class='ocrx_word' id='word_1_263' title='bbox 434 2255 662 2338; x_wconf 84' lang='lat' dir='ltr'>ovibus,</span> <span class='ocrx_word' id='word_1_264' title='bbox 720 2266 855 2323; x_wconf 81' lang='lat' dir='ltr'>facti</span> <span class='ocrx_word' id='word_1_265' title='bbox 915 2271 1054 2322; x_wconf 90' lang='lat' dir='ltr'>sunt</span> <span class='ocrx_word' id='word_1_266' title='bbox 1103 2268 1526 2338; x_wconf 85' lang='lat' dir='ltr'>persecutores,</span> <span class='ocrx_word' id='word_1_267' title='bbox 1576 2263 1720 2318; x_wconf 90' lang='lat' dir='ltr'>nulli</span> <span class='ocrx_word' id='word_1_268' title='bbox 1753 2267 2076 2336; x_wconf 84' lang='lat' dir='ltr'>parcentes,</span> 
     </span>
    </p>
   </div>
   <div class='ocr_carea' id='block_1_39' title="bbox 431 2343 2076 2428">
    <p class='ocr_par' dir='ltr' id='par_1_39' title="bbox 431 2343 2076 2428">
     <span class='ocr_line' id='line_1_39' title="bbox 431 2343 2076 2428; baseline -0.005 -15"><span class='ocrx_word' id='word_1_269' title='bbox 431 2343 752 2419; x_wconf 82' lang='lat' dir='ltr'>dummodo</span> <span class='ocrx_word' id='word_1_270' title='bbox 779 2355 890 2428; x_wconf 90' lang='lat' dir='ltr'>ipsi</span> <span class='ocrx_word' id='word_1_271' title='bbox 923 2354 979 2410; x_wconf 91' lang='lat' dir='ltr'>in</span> <span class='ocrx_word' id='word_1_272' title='bbox 1013 2353 1236 2410; x_wconf 89' lang='lat' dir='ltr'>deliciis</span> <span class='ocrx_word' id='word_1_273' title='bbox 1265 2353 1460 2424; x_wconf 85' lang='lat' dir='ltr'>vivant</span> <span class='ocrx_word' id='word_1_274' title='bbox 1491 2351 1825 2422; x_wconf 86' lang='lat' dir='ltr'>divitiisque</span> <span class='ocrx_word' id='word_1_275' title='bbox 1855 2352 2076 2416; x_wconf 76' lang='lat' dir='ltr'>efflant.</span> 
     </span>
    </p>
   </div>
   <div class='ocr_carea' id='block_1_40' title="bbox 430 2441 2080 2520">
    <p class='ocr_par' dir='ltr' id='par_1_40' title="bbox 430 2441 2080 2520">
     <span class='ocr_line' id='line_1_40' title="bbox 430 2441 2080 2520; baseline -0.005 -19"><span class='ocrx_word' id='word_1_276' title='bbox 430 2445 634 2514; x_wconf 79' lang='lat' dir='ltr'>Nonne</span> <span class='ocrx_word' id='word_1_277' title='bbox 664 2443 784 2520; x_wconf 62' lang='lat' dir='ltr'>haec</span> <span class='ocrx_word' id='word_1_278' title='bbox 805 2447 978 2520; x_wconf 84' lang='lat' dir='ltr'>atque</span> <span class='ocrx_word' id='word_1_279' title='bbox 999 2442 1089 2500; x_wconf 90' lang='lat' dir='ltr'>his</span> <span class='ocrx_word' id='word_1_280' title='bbox 1111 2441 1328 2514; x_wconf 84' lang='lat' dir='ltr'>similia</span> <span class='ocrx_word' id='word_1_281' title='bbox 1358 2441 1779 2513; x_wconf 84' lang='lat' dir='ltr'>persecutionis</span> <span class='ocrx_word' id='word_1_282' title='bbox 1801 2444 1942 2495; x_wconf 88' lang='lat' dir='ltr'>sunt</span> <span class='ocrx_word' id='word_1_283' title='bbox 1959 2445 2080 2504; x_wconf 83' lang='lat' dir='ltr'>stu-</span> 
     </span>
    </p>
   </div>
   <div class='ocr_carea' id='block_1_41' title="bbox 433 2513 2078 2602">
    <p class='ocr_par' dir='ltr' id='par_1_41' title="bbox 433 2513 2078 2602">
     <span class='ocr_line' id='line_1_41' title="bbox 433 2513 2078 2602; baseline -0.002 -15"><span class='ocrx_word' id='word_1_284' title='bbox 433 2531 565 2588; x_wconf 87' lang='lat' dir='ltr'>dia?</span> <span class='ocrx_word' id='word_1_285' title='bbox 587 2513 770 2602; x_wconf 86' lang='lat' dir='ltr'>Quam</span> <span class='ocrx_word' id='word_1_286' title='bbox 791 2513 1058 2592; x_wconf 76' lang='lat' dir='ltr'>videlicet</span> <span class='ocrx_word' id='word_1_287' title='bbox 1075 2513 1470 2602; x_wconf 83' lang='lat' dir='ltr'>miserandam</span> <span class='ocrx_word' id='word_1_288' title='bbox 1490 2528 1955 2602; x_wconf 84' lang='lat' dir='ltr'>persecutionem</span> <span class='ocrx_word' id='word_1_289' title='bbox 1974 2544 2078 2601; x_wconf 87' lang='lat' dir='ltr'>ego</span> 
     </span>
    </p>
   </div>
   <div class='ocr_carea' id='block_1_42' title="bbox 432 2613 2078 2696">
    <p class='ocr_par' dir='ltr' id='par_1_42' title="bbox 432 2613 2078 2696">
     <span class='ocr_line' id='line_1_42' title="bbox 432 2613 2078 2696; baseline -0.002 -20"><span class='ocrx_word' id='word_1_290' title='bbox 432 2613 674 2676; x_wconf 84' lang='lat' dir='ltr'>infimus</span> <span class='ocrx_word' id='word_1_291' title='bbox 698 2619 921 2696; x_wconf 83' lang='lat' dir='ltr'>jugiter</span> <span class='ocrx_word' id='word_1_292' title='bbox 952 2619 1198 2696; x_wconf 80' lang='lat' dir='ltr'>audiens</span> <span class='ocrx_word' id='word_1_293' title='bbox 1229 2623 1285 2694; x_wconf 87' lang='lat' dir='ltr'>et</span> <span class='ocrx_word' id='word_1_294' title='bbox 1307 2617 1529 2684; x_wconf 87' lang='lat' dir='ltr'>dolens,</span> <span class='ocrx_word' id='word_1_295' title='bbox 1548 2634 1683 2672; x_wconf 90' lang='lat' dir='ltr'>cum</span> <span class='ocrx_word' id='word_1_296' title='bbox 1709 2635 1822 2684; x_wconf 90' lang='lat' dir='ltr'>non</span> <span class='ocrx_word' id='word_1_297' title='bbox 1847 2633 2078 2690; x_wconf 85' lang='lat' dir='ltr'>possem</span> 
     </span>
    </p>
   </div>
   <div class='ocr_carea' id='block_1_43' title="bbox 432 2693 2079 2784">
    <p class='ocr_par' dir='ltr' id='par_1_43' title="bbox 432 2693 2079 2784">
     <span class='ocr_line' id='line_1_43' title="bbox 432 2693 2079 2784; baseline -0.003 -19"><span class='ocrx_word' id='word_1_298' title='bbox 432 2698 656 2780; x_wconf 86' lang='lat' dir='ltr'>aliquos</span> <span class='ocrx_word' id='word_1_299' title='bbox 689 2693 1302 2784; x_wconf 26' lang='lat' dir='ltr'>sermone&#39;communi</span> <span class='ocrx_word' id='word_1_300' title='bbox 1352 2706 1656 2780; x_wconf 85' lang='lat' dir='ltr'>corrigere,</span> <span class='ocrx_word' id='word_1_301' title='bbox 1700 2705 1943 2770; x_wconf 88' lang='lat' dir='ltr'>tractavi</span> <span class='ocrx_word' id='word_1_302' title='bbox 1991 2704 2079 2770; x_wconf 88' lang='lat' dir='ltr'>vel</span> 
     </span>
    </p>
   </div>
   <div class='ocr_carea' id='block_1_44' title="bbox 434 2794 2077 2872">
    <p class='ocr_par' dir='ltr' id='par_1_44' title="bbox 434 2794 2077 2872">
     <span class='ocr_line' id='line_1_44' title="bbox 434 2794 2077 2872; baseline -0.002 -19"><span class='ocrx_word' id='word_1_303' title='bbox 434 2797 669 2870; x_wconf 87' lang='lat' dir='ltr'>scriptis</span> <span class='ocrx_word' id='word_1_304' title='bbox 700 2813 798 2864; x_wconf 86' lang='lat' dir='ltr'>eos</span> <span class='ocrx_word' id='word_1_305' title='bbox 830 2796 1144 2872; x_wconf 83' lang='lat' dir='ltr'>admonere</span> <span class='ocrx_word' id='word_1_306' title='bbox 1168 2794 1415 2872; x_wconf 76' lang='lat' dir='ltr'>talibus,</span> <span class='ocrx_word' id='word_1_307' title='bbox 1448 2812 1698 2867; x_wconf 92' lang='lat' dir='ltr'>quorum</span> <span class='ocrx_word' id='word_1_308' title='bbox 1729 2796 2077 2852; x_wconf 86' lang='lat' dir='ltr'>sententiam</span> 
     </span>
    </p>
   </div>
   <div class='ocr_carea' id='block_1_45' title="bbox 428 2883 2079 2964">
    <p class='ocr_par' dir='ltr' id='par_1_45' title="bbox 428 2883 2079 2964">
     <span class='ocr_line' id='line_1_45' title="bbox 428 2883 2079 2964; baseline -0.002 -21"><span class='ocrx_word' id='word_1_309' title='bbox 428 2885 551 2958; x_wconf 66' lang='lat' dir='ltr'>tam</span> <span class='ocrx_word' id='word_1_310' title='bbox 585 2885 714 2942; x_wconf 83' lang='lat' dir='ltr'>laici</span> <span class='ocrx_word' id='word_1_311' title='bbox 765 2902 943 2964; x_wconf 86' lang='lat' dir='ltr'>quam</span> <span class='ocrx_word' id='word_1_312' title='bbox 995 2883 1187 2952; x_wconf 77' lang='lat' dir='ltr'>clerici</span> <span class='ocrx_word' id='word_1_313' title='bbox 1236 2884 1466 2956; x_wconf 80' lang='lat' dir='ltr'>possint</span> <span class='ocrx_word' id='word_1_314' title='bbox 1511 2900 1844 2955; x_wconf 88' lang='lat' dir='ltr'>agnoscere.</span> <span class='ocrx_word' id='word_1_315' title='bbox 1878 2884 2079 2946; x_wconf 86' lang='lat' dir='ltr'>Nonne</span> 
     </span>
    </p>
   </div>
   <div class='ocr_carea' id='block_1_46' title="bbox 432 2966 2077 3050">
    <p class='ocr_par' dir='ltr' id='par_1_46' title="bbox 432 2966 2077 3050">
     <span class='ocr_line' id='line_1_46' title="bbox 432 2966 2077 3050; baseline -0.002 -18"><span class='ocrx_word' id='word_1_316' title='bbox 432 2966 615 3032; x_wconf 78' lang='lat' dir='ltr'>s&#39;olem</span> <span class='ocrx_word' id='word_1_317' title='bbox 631 2975 862 3047; x_wconf 88' lang='lat' dir='ltr'>aliaque</span> <span class='ocrx_word' id='word_1_318' title='bbox 874 2973 1369 3050; x_wconf 80' lang='lat' dir='ltr'>elementaaliquo</span> <span class='ocrx_word' id='word_1_319' title='bbox 1391 2989 1567 3038; x_wconf 89' lang='lat' dir='ltr'>sensu</span> <span class='ocrx_word' id='word_1_320' title='bbox 1587 2989 1790 3045; x_wconf 88' lang='lat' dir='ltr'>capere</span> <span class='ocrx_word' id='word_1_321' title='bbox 1807 2978 2077 3044; x_wconf 89' lang='lat' dir='ltr'>possunt,</span> 
     </span>
    </p>
   </div>
   <div class='ocr_carea' id='block_1_47' title="bbox 430 3051 2081 3136">
    <p class='ocr_par' dir='ltr' id='par_1_47' title="bbox 430 3051 2081 3136">
     <span class='ocr_line' id='line_1_47' title="bbox 430 3051 2081 3136; baseline -0.002 -16"><span class='ocrx_word' id='word_1_322' title='bbox 430 3067 485 3120; x_wconf 81' lang='lat' dir='ltr'>et</span> <span class='ocrx_word' id='word_1_323' title='bbox 515 3051 651 3136; x_wconf 83' lang='lat' dir='ltr'>quid</span> <span class='ocrx_word' id='word_1_324' title='bbox 686 3051 874 3132; x_wconf 15' lang='lat' dir='ltr'>officii.</span> <span class='ocrx_word' id='word_1_325' title='bbox 896 3068 1102 3136; x_wconf 84' lang='lat' dir='ltr'>gerant</span> <span class='ocrx_word' id='word_1_326' title='bbox 1131 3078 1333 3118; x_wconf 89' lang='lat' dir='ltr'>omnes</span> <span class='ocrx_word' id='word_1_327' title='bbox 1355 3061 1531 3116; x_wconf 91' lang='lat' dir='ltr'>simul</span> <span class='ocrx_word' id='word_1_328' title='bbox 1562 3059 1926 3134; x_wconf 78' lang='lat' dir='ltr'>agnoscunt?</span> <span class='ocrx_word' id='word_1_329' title='bbox 1955 3061 2081 3134; x_wconf 80' lang='lat' dir='ltr'>Ipse</span> 
     </span>
    </p>
   </div>
   <div class='ocr_carea' id='block_1_48' title="bbox 432 3145 2082 3226">
    <p class='ocr_par' dir='ltr' id='par_1_48' title="bbox 432 3145 2082 3226">
     <span class='ocr_line' id='line_1_48' title="bbox 432 3145 2082 3226; baseline -0.002 -18"><span class='ocrx_word' id='word_1_330' title='bbox 432 3145 687 3226; x_wconf 85' lang='lat' dir='ltr'>profecto</span> <span class='ocrx_word' id='word_1_331' title='bbox 709 3145 994 3224; x_wconf 76' lang='lat' dir='ltr'>corporali</span> <span class='ocrx_word' id='word_1_332' title='bbox 1015 3151 1138 3206; x_wconf 86' lang='lat' dir='ltr'>visu</span> <span class='ocrx_word' id='word_1_333' title='bbox 1160 3149 1422 3226; x_wconf 84' lang='lat' dir='ltr'>privatus</span> <span class='ocrx_word' id='word_1_334' title='bbox 1446 3150 1649 3222; x_wconf 88' lang='lat' dir='ltr'>nequit</span> <span class='ocrx_word' id='word_1_335' title='bbox 1671 3167 1731 3216; x_wconf 86' lang='lat' dir='ltr'>se</span> <span class='ocrx_word' id='word_1_336' title='bbox 1756 3167 2032 3219; x_wconf 84' lang='lat' dir='ltr'>excusare</span> <span class='ocrx_word' id='word_1_337' title='bbox 2047 3168 2082 3218; x_wconf 72' lang='grc' dir='ltr'>ξι</span> 
     </span>
    </p>
   </div>
   <div class='ocr_carea' id='block_1_49' title="bbox 2189 1903 3842 1978">
    <p class='ocr_par' dir='ltr' id='par_1_49' title="bbox 2189 1903 3842 1978">
     <span class='ocr_line' id='line_1_49' title="bbox 2189 1903 3842 1978; baseline 0.002 -18"><span class='ocrx_word' id='word_1_338' title='bbox 2189 1903 2441 1977; x_wconf 84' lang='lat' dir='ltr'>singulis</span> <span class='ocrx_word' id='word_1_339' title='bbox 2498 1908 2710 1978; x_wconf 77' lang='lat' dir='ltr'>sanctae</span> <span class='ocrx_word' id='word_1_340' title='bbox 2768 1903 3074 1974; x_wconf 77' lang='lat' dir='ltr'>Trinitatis</span> <span class='ocrx_word' id='word_1_341' title='bbox 3124 1903 3315 1972; x_wconf 74' lang='lat' dir='ltr'>credo.</span> <span class='ocrx_word' id='word_1_342' title='bbox 3359 1903 3446 1970; x_wconf 79' lang='lat' dir='ltr'>De</span> <span class='ocrx_word' id='word_1_343' title='bbox 3477 1903 3608 1970; x_wconf 59' lang='lat' dir='ltr'>,Dﬁp</span> <span class='ocrx_word' id='word_1_344' title='bbox 3651 1903 3842 1969; x_wconf 55' lang='lat' dir='ltr'>fama</span> 
     </span>
    </p>
   </div>
   <div class='ocr_carea' id='block_1_50' title="bbox 2191 1991 3838 2066">
    <p class='ocr_par' dir='ltr' id='par_1_50' title="bbox 2191 1991 3838 2066">
     <span class='ocr_line' id='line_1_50' title="bbox 2191 1991 3838 2066; baseline 0 -18"><span class='ocrx_word' id='word_1_345' title='bbox 2191 1993 2451 2065; x_wconf 89' lang='lat' dir='ltr'>quidem,</span> <span class='ocrx_word' id='word_1_346' title='bbox 2485 1992 2625 2065; x_wconf 83' lang='lat' dir='ltr'>quia</span> <span class='ocrx_word' id='word_1_347' title='bbox 2657 2009 2957 2066; x_wconf 75' lang='lat' dir='ltr'>nunquam</span> <span class='ocrx_word' id='word_1_348' title='bbox 2991 1992 3212 2066; x_wconf 84' lang='lat' dir='ltr'>missus</span> <span class='ocrx_word' id='word_1_349' title='bbox 3249 1992 3472 2062; x_wconf 69' lang='lat' dir='ltr'>venerit</span> <span class='ocrx_word' id='word_1_350' title='bbox 3501 1991 3560 2058; x_wconf 82' lang='lat' dir='ltr'>in</span> <span class='ocrx_word' id='word_1_351' title='bbox 3582 1995 3838 2062; x_wconf 69' lang='lat' dir='ltr'>terram,</span> 
     </span>
    </p>
   </div>
   <div class='ocr_carea' id='block_1_51' title="bbox 2189 2079 3847 2154">
    <p class='ocr_par' dir='ltr' id='par_1_51' title="bbox 2189 2079 3847 2154">
     <span class='ocr_line' id='line_1_51' title="bbox 2189 2079 3847 2154; baseline -0.001 -16"><span class='ocrx_word' id='word_1_352' title='bbox 2189 2083 2290 2142; x_wconf 86' lang='lat' dir='ltr'>sed</span> <span class='ocrx_word' id='word_1_353' title='bbox 2323 2081 2692 2154; x_wconf 85' lang='lat' dir='ltr'>splendorem</span> <span class='ocrx_word' id='word_1_354' title='bbox 2732 2083 2880 2153; x_wconf 78' lang='lat' dir='ltr'>ejus,</span> <span class='ocrx_word' id='word_1_355' title='bbox 2933 2081 2990 2137; x_wconf 92' lang='lat' dir='ltr'>id</span> <span class='ocrx_word' id='word_1_356' title='bbox 3039 2086 3148 2152; x_wconf 79' lang='lat' dir='ltr'>est,</span> <span class='ocrx_word' id='word_1_357' title='bbox 3194 2081 3409 2151; x_wconf 72' lang='lat' dir='ltr'>Filium</span> <span class='ocrx_word' id='word_1_358' title='bbox 3439 2079 3847 2152; x_wconf 67' lang='lat' dir='ltr'>adguoslibet</span> 
     </span>
    </p>
   </div>
   <div class='ocr_carea' id='block_1_52' title="bbox 2189 2168 3834 2242">
    <p class='ocr_par' dir='ltr' id='par_1_52' title="bbox 2189 2168 3834 2242">
     <span class='ocr_line' id='line_1_52' title="bbox 2189 2168 3834 2242; baseline -0.002 -16"><span class='ocrx_word' id='word_1_359' title='bbox 2189 2170 2608 2226; x_wconf 89' lang='lat' dir='ltr'>illuminandos</span> <span class='ocrx_word' id='word_1_360' title='bbox 2635 2173 2848 2230; x_wconf 83' lang='lat' dir='ltr'>mittat.</span> <span class='ocrx_word' id='word_1_361' title='bbox 2881 2175 2960 2242; x_wconf 80' lang='lat' dir='ltr'>De</span> <span class='ocrx_word' id='word_1_362' title='bbox 2993 2174 3104 2228; x_wconf 83' lang='lat' dir='ltr'>Deo</span> <span class='ocrx_word' id='word_1_363' title='bbox 3133 2174 3333 2242; x_wconf 59' lang='lat' dir='ltr'>autem</span> <span class='ocrx_word' id='word_1_364' title='bbox 3355 2170 3464 2238; x_wconf 77' lang='lat' dir='ltr'>;Dei</span> <span class='ocrx_word' id='word_1_365' title='bbox 3494 2168 3641 2235; x_wconf 81' lang='lat' dir='ltr'>Filio</span> <span class='ocrx_word' id='word_1_366' title='bbox 3669 2169 3834 2240; x_wconf 79' lang='lat' dir='ltr'>quod</span> 
     </span>
    </p>
   </div>
   <div class='ocr_carea' id='block_1_53' title="bbox 2189 2258 3846 2333">
    <p class='ocr_par' dir='ltr' id='par_1_53' title="bbox 2189 2258 3846 2333">
     <span class='ocr_line' id='line_1_53' title="bbox 2189 2258 3846 2333; baseline 0 -17"><span class='ocrx_word' id='word_1_367' title='bbox 2189 2263 2341 2328; x_wconf 81' lang='lat' dir='ltr'>sicut</span> <span class='ocrx_word' id='word_1_368' title='bbox 2361 2260 2646 2333; x_wconf 82' lang='lat' dir='ltr'>splendor</span> <span class='ocrx_word' id='word_1_369' title='bbox 2666 2260 2806 2318; x_wconf 88' lang='lat' dir='ltr'>solis</span> <span class='ocrx_word' id='word_1_370' title='bbox 2830 2259 2888 2327; x_wconf 86' lang='lat' dir='ltr'>in</span> <span class='ocrx_word' id='word_1_371' title='bbox 2916 2277 3280 2332; x_wconf 68' lang='lat' dir='ltr'>quaecunque</span> <span class='ocrx_word' id='word_1_372' title='bbox 3301 2259 3623 2332; x_wconf 74' lang='lat' dir='ltr'>corporalia</span> <span class='ocrx_word' id='word_1_373' title='bbox 3639 2258 3846 2324; x_wconf 80' lang='lat' dir='ltr'>mitta-</span> 
     </span>
    </p>
   </div>
   <div class='ocr_carea' id='block_1_54' title="bbox 2190 2346 3840 2423">
    <p class='ocr_par' dir='ltr' id='par_1_54' title="bbox 2190 2346 3840 2423">
     <span class='ocr_line' id='line_1_54' title="bbox 2190 2346 3840 2423; baseline 0 -18"><span class='ocrx_word' id='word_1_374' title='bbox 2190 2355 2285 2406; x_wconf 88' lang='lat' dir='ltr'>tur</span> <span class='ocrx_word' id='word_1_375' title='bbox 2331 2350 2580 2406; x_wconf 88' lang='lat' dir='ltr'>visibilis</span> <span class='ocrx_word' id='word_1_376' title='bbox 2630 2351 2751 2418; x_wconf 79' lang='lat' dir='ltr'>tiat,</span> <span class='ocrx_word' id='word_1_377' title='bbox 2803 2351 2882 2418; x_wconf 81' lang='lat' dir='ltr'>ita</span> <span class='ocrx_word' id='word_1_378' title='bbox 2931 2354 2987 2406; x_wconf 91' lang='lat' dir='ltr'>et</span> <span class='ocrx_word' id='word_1_379' title='bbox 3039 2349 3167 2423; x_wconf 91' lang='lat' dir='ltr'>ipse</span> <span class='ocrx_word' id='word_1_380' title='bbox 3208 2349 3550 2419; x_wconf 76' lang='lat' dir='ltr'>incarnatus</span> <span class='ocrx_word' id='word_1_381' title='bbox 3587 2346 3840 2415; x_wconf 73' lang='lat' dir='ltr'>visibilis</span> 
     </span>
    </p>
   </div>
   <div class='ocr_carea' id='block_1_55' title="bbox 2189 2437 3841 2512">
    <p class='ocr_par' dir='ltr' id='par_1_55' title="bbox 2189 2437 3841 2512">
     <span class='ocr_line' id='line_1_55' title="bbox 2189 2437 3841 2512; baseline -0.001 -16"><span class='ocrx_word' id='word_1_382' title='bbox 2189 2439 2542 2511; x_wconf 84' lang='lat' dir='ltr'>apparuerit,</span> <span class='ocrx_word' id='word_1_383' title='bbox 2566 2444 2622 2496; x_wconf 91' lang='lat' dir='ltr'>et</span> <span class='ocrx_word' id='word_1_384' title='bbox 2668 2456 2845 2511; x_wconf 83' lang='lat' dir='ltr'>super</span> <span class='ocrx_word' id='word_1_385' title='bbox 2882 2455 3113 2506; x_wconf 84' lang='lat' dir='ltr'>omnem</span> <span class='ocrx_word' id='word_1_386' title='bbox 3145 2443 3364 2512; x_wconf 81' lang='lat' dir='ltr'>terram</span> <span class='ocrx_word' id='word_1_387' title='bbox 3403 2437 3841 2508; x_wconf 65' lang='lat' dir='ltr'>doctrinznejus</span> 
     </span>
    </p>
   </div>
   <div class='ocr_carea' id='block_1_56' title="bbox 2189 2527 3836 2602">
    <p class='ocr_par' dir='ltr' id='par_1_56' title="bbox 2189 2527 3836 2602">
     <span class='ocr_line' id='line_1_56' title="bbox 2189 2527 3836 2602; baseline 0.001 -18"><span class='ocrx_word' id='word_1_388' title='bbox 2189 2527 2422 2595; x_wconf 83' lang='lat' dir='ltr'>claritas</span> <span class='ocrx_word' id='word_1_389' title='bbox 2453 2527 2730 2594; x_wconf 82' lang='lat' dir='ltr'>illuxerit,</span> <span class='ocrx_word' id='word_1_390' title='bbox 2750 2533 2828 2596; x_wconf 87' lang='lat' dir='ltr'>ut</span> <span class='ocrx_word' id='word_1_391' title='bbox 2857 2528 2928 2598; x_wconf 76' lang='lat' dir='ltr'>de</span> <span class='ocrx_word' id='word_1_392' title='bbox 2951 2544 3024 2596; x_wconf 86' lang='lat' dir='ltr'>eo</span> <span class='ocrx_word' id='word_1_393' title='bbox 3053 2527 3269 2602; x_wconf 75' lang='lat' dir='ltr'>legitur</span> <span class='ocrx_word' id='word_1_394' title='bbox 3303 2544 3316 2582; x_wconf 90' lang='lat'><strong>:</strong></span> <span class='ocrx_word' id='word_1_395' title='bbox 3347 2530 3616 2596; x_wconf 62' lang='grc' dir='ltr'>Εεηοπιᾳξῖι</span> <span class='ocrx_word' id='word_1_396' title='bbox 3772 2529 3836 2588; x_wconf 69' lang='grc' dir='ltr'>ἐπι</span> 
     </span>
    </p>
   </div>
   <div class='ocr_carea' id='block_1_57' title="bbox 2186 2616 3834 2691">
    <p class='ocr_par' dir='ltr' id='par_1_57' title="bbox 2186 2616 3834 2691">
     <span class='ocr_line' id='line_1_57' title="bbox 2186 2616 3834 2691; baseline 0 -19"><span class='ocrx_word' id='word_1_397' title='bbox 2186 2618 2423 2690; x_wconf 81' lang='lat' dir='ltr'>tenebris</span> <span class='ocrx_word' id='word_1_398' title='bbox 2453 2617 2640 2682; x_wconf 77' lang='lat' dir='ltr'>lumen</span> <span class='ocrx_word' id='word_1_399' title='bbox 2672 2618 2833 2682; x_wconf 80' lang='lat' dir='ltr'>rectis</span> <span class='ocrx_word' id='word_1_400' title='bbox 2865 2618 3128 2691; x_wconf 78' lang='lat' dir='ltr'>(Psat.m,</span> <span class='ocrx_word' id='word_1_401' title='bbox 3157 2616 3235 2686; x_wconf 55' lang='lat'>,4).</span> <span class='ocrx_word' id='word_1_402' title='bbox 3267 2616 3348 2674; x_wconf 90' lang='lat' dir='ltr'>De</span> <span class='ocrx_word' id='word_1_403' title='bbox 3375 2616 3599 2688; x_wconf 83' lang='lat' dir='ltr'>Spiritu</span> <span class='ocrx_word' id='word_1_404' title='bbox 3628 2624 3834 2683; x_wconf 60' lang='lat' dir='ltr'>annulo</span> 
     </span>
    </p>
   </div>
   <div class='ocr_carea' id='block_1_58' title="bbox 2189 2704 3839 2782">
    <p class='ocr_par' dir='ltr' id='par_1_58' title="bbox 2189 2704 3839 2782">
     <span class='ocr_line' id='line_1_58' title="bbox 2189 2704 3839 2782; baseline 0 -20"><span class='ocrx_word' id='word_1_405' title='bbox 2189 2706 2387 2774; x_wconf 86' lang='lat' dir='ltr'>etiam,</span> <span class='ocrx_word' id='word_1_406' title='bbox 2419 2706 2572 2777; x_wconf 91' lang='lat' dir='ltr'>quod</span> <span class='ocrx_word' id='word_1_407' title='bbox 2598 2705 2756 2776; x_wconf 80' lang='lat' dir='ltr'>sicut</span> <span class='ocrx_word' id='word_1_408' title='bbox 2785 2710 2939 2780; x_wconf 77' lang='lat' dir='ltr'>terra</span> <span class='ocrx_word' id='word_1_409' title='bbox 2968 2723 3002 2764; x_wconf 90' lang='lat' dir='ltr'>a</span> <span class='ocrx_word' id='word_1_410' title='bbox 3029 2705 3344 2782; x_wconf 69' lang='lat' dir='ltr'>splendore</span> <span class='ocrx_word' id='word_1_411' title='bbox 3362 2705 3512 2774; x_wconf 74' lang='lat' dir='ltr'>solis</span> <span class='ocrx_word' id='word_1_412' title='bbox 3539 2704 3839 2773; x_wconf 75' lang='lat' dir='ltr'>illustrata</span> 
     </span>
    </p>
   </div>
   <div class='ocr_carea' id='block_1_59' title="bbox 2187 2793 3836 2870">
    <p class='ocr_par' dir='ltr' id='par_1_59' title="bbox 2187 2793 3836 2870">
     <span class='ocr_line' id='line_1_59' title="bbox 2187 2793 3836 2870; baseline 0.001 -21"><span class='ocrx_word' id='word_1_413' title='bbox 2187 2799 2440 2866; x_wconf 80' lang='lat' dir='ltr'>tantum,</span> <span class='ocrx_word' id='word_1_414' title='bbox 2475 2811 2590 2851; x_wconf 91' lang='lat' dir='ltr'>non</span> <span class='ocrx_word' id='word_1_415' title='bbox 2608 2799 2814 2868; x_wconf 75' lang='lat' dir='ltr'>autem</span> <span class='ocrx_word' id='word_1_416' title='bbox 2843 2795 3032 2870; x_wconf 81' lang='lat' dir='ltr'>calore</span> <span class='ocrx_word' id='word_1_417' title='bbox 3079 2795 3208 2866; x_wconf 82' lang='lat' dir='ltr'>ejus</span> <span class='ocrx_word' id='word_1_418' title='bbox 3261 2799 3562 2867; x_wconf 69' lang='lat' dir='ltr'>penetrata</span> <span class='ocrx_word' id='word_1_419' title='bbox 3591 2793 3836 2860; x_wconf 63' lang='lat' dir='ltr'>nullum</span> 
     </span>
    </p>
   </div>
   <div class='ocr_carea' id='block_1_60' title="bbox 2188 2883 3835 2958">
    <p class='ocr_par' dir='ltr' id='par_1_60' title="bbox 2188 2883 3835 2958">
     <span class='ocr_line' id='line_1_60' title="bbox 2188 2883 3835 2958; baseline 0.001 -20"><span class='ocrx_word' id='word_1_420' title='bbox 2188 2885 2444 2950; x_wconf 84' lang='lat' dir='ltr'>fructum</span> <span class='ocrx_word' id='word_1_421' title='bbox 2466 2884 2604 2940; x_wconf 90' lang='lat' dir='ltr'>dare</span> <span class='ocrx_word' id='word_1_422' title='bbox 2634 2884 2802 2948; x_wconf 86' lang='lat' dir='ltr'>solet,</span> <span class='ocrx_word' id='word_1_423' title='bbox 2823 2884 2907 2942; x_wconf 87' lang='lat' dir='ltr'>ita</span> <span class='ocrx_word' id='word_1_424' title='bbox 2935 2889 2992 2940; x_wconf 91' lang='lat' dir='ltr'>et</span> <span class='ocrx_word' id='word_1_425' title='bbox 3023 2883 3455 2958; x_wconf 75' lang='lat' dir='ltr'>unusquisque,</span> <span class='ocrx_word' id='word_1_426' title='bbox 3481 2884 3615 2952; x_wconf 82' lang='lat' dir='ltr'>licet</span> <span class='ocrx_word' id='word_1_427' title='bbox 3639 2883 3835 2950; x_wconf 60' lang='lat' dir='ltr'>divini</span> 
     </span>
    </p>
   </div>
   <div class='ocr_carea' id='block_1_61' title="bbox 2187 2972 3839 3048">
    <p class='ocr_par' dir='ltr' id='par_1_61' title="bbox 2187 2972 3839 3048">
     <span class='ocr_line' id='line_1_61' title="bbox 2187 2972 3839 3048; baseline 0.002 -23"><span class='ocrx_word' id='word_1_428' title='bbox 2187 2972 2361 3039; x_wconf 72' lang='lat' dir='ltr'>Verbi</span> <span class='ocrx_word' id='word_1_429' title='bbox 2379 2973 2583 3028; x_wconf 89' lang='lat' dir='ltr'>notitia</span> <span class='ocrx_word' id='word_1_430' title='bbox 2604 2972 2971 3040; x_wconf 81' lang='lat' dir='ltr'>illuminatus</span> <span class='ocrx_word' id='word_1_431' title='bbox 2984 2973 3410 3048; x_wconf 67' lang='lat' dir='ltr'>sit,,cunctaq,ue</span> <span class='ocrx_word' id='word_1_432' title='bbox 3429 2973 3532 3042; x_wconf 70' lang='lat' dir='ltr'>Dei</span> <span class='ocrx_word' id='word_1_433' title='bbox 3545 2972 3839 3040; x_wconf 74' lang='lat' dir='ltr'>miracula</span> 
     </span>
    </p>
   </div>
   <div class='ocr_carea' id='block_1_62' title="bbox 2188 3060 3840 3140">
    <p class='ocr_par' dir='ltr' id='par_1_62' title="bbox 2188 3060 3840 3140">
     <span class='ocr_line' id='line_1_62' title="bbox 2188 3060 3840 3140; baseline 0.005 -25"><span class='ocrx_word' id='word_1_434' title='bbox 2188 3060 2273 3136; x_wconf 86' lang='lat' dir='ltr'>vel</span> <span class='ocrx_word' id='word_1_435' title='bbox 2305 3060 2549 3134; x_wconf 87' lang='lat' dir='ltr'>legendo</span> <span class='ocrx_word' id='word_1_436' title='bbox 2579 3061 2664 3117; x_wconf 86' lang='lat' dir='ltr'>vel</span> <span class='ocrx_word' id='word_1_437' title='bbox 2689 3061 2978 3134; x_wconf 85' lang='lat' dir='ltr'>audiendo</span> <span class='ocrx_word' id='word_1_438' title='bbox 2999 3062 3520 3140; x_wconf 47' lang='lat' dir='ltr'>agnoveritﬁamell</span> <span class='ocrx_word' id='word_1_439' title='bbox 3541 3061 3840 3131; x_wconf 57' lang='lat' dir='ltr'>.Heiﬁifélov-</span> 
     </span>
    </p>
   </div>
   <div class='ocr_carea' id='block_1_63' title="bbox 2188 3149 3841 3226">
    <p class='ocr_par' dir='ltr' id='par_1_63' title="bbox 2188 3149 3841 3226">
     <span class='ocr_line' id='line_1_63' title="bbox 2188 3149 3841 3226; baseline 0.005 -22"><span class='ocrx_word' id='word_1_440' title='bbox 2188 3149 2392 3220; x_wconf 89' lang='lat' dir='ltr'>lorem,</span> <span class='ocrx_word' id='word_1_441' title='bbox 2427 3151 2482 3218; x_wconf 85' lang='lat' dir='ltr'>id</span> <span class='ocrx_word' id='word_1_442' title='bbox 2506 3154 2612 3216; x_wconf 85' lang='lat' dir='ltr'>est,</span> <span class='ocrx_word' id='word_1_443' title='bbox 2645 3167 2904 3216; x_wconf 81' lang='lat' dir='ltr'>amorem</span> <span class='ocrx_word' id='word_1_444' title='bbox 2928 3151 3072 3226; x_wconf 81' lang='lat' dir='ltr'>bene</span> <span class='ocrx_word' id='word_1_445' title='bbox 3097 3149 3331 3226; x_wconf 74' lang='lat' dir='ltr'>agendi,</span> <span class='ocrx_word' id='word_1_446' title='bbox 3354 3151 3426 3213; x_wconf 86' lang='lat' dir='ltr'>ab</span> <span class='ocrx_word' id='word_1_447' title='bbox 3466 3150 3657 3223; x_wconf 68' lang='lat' dir='ltr'>ipsius</span> <span class='ocrx_word' id='word_1_448' title='bbox 3679 3151 3841 3217; x_wconf 72' lang='lat' dir='ltr'>dono</span> 
     </span>
    </p>
   </div>
   <div class='ocr_carea' id='block_1_64' title="bbox 432 3222 3841 3320">
    <p class='ocr_par' dir='ltr' id='par_1_64' title="bbox 432 3222 3841 3320">
     <span class='ocr_line' id='line_1_64' title="bbox 432 3222 3841 3320; baseline -0.001 -22"><span class='ocrx_word' id='word_1_449' title='bbox 432 3222 572 3320; x_wconf 68' lang='lat' dir='ltr'>splis</span> <span class='ocrx_word' id='word_1_450' title='bbox 595 3222 908 3320; x_wconf 76' lang='lat' dir='ltr'>agnitione.</span> <span class='ocrx_word' id='word_1_451' title='bbox 925 3241 982 3296; x_wconf 89' lang='lat' dir='ltr'>Si</span> <span class='ocrx_word' id='word_1_452' title='bbox 1011 3222 1179 3295; x_wconf 61' lang='lat' dir='ltr'>enin</span> <span class='ocrx_word' id='word_1_453' title='bbox 1192 3257 1304 3305; x_wconf 88' lang='lat' dir='ltr'>non</span> <span class='ocrx_word' id='word_1_454' title='bbox 1332 3239 1489 3295; x_wconf 89' lang='lat' dir='ltr'>illius</span> <span class='ocrx_word' id='word_1_455' title='bbox 1514 3239 1904 3312; x_wconf 79' lang='lat' dir='ltr'>splendorem,</span> <span class='ocrx_word' id='word_1_456' title='bbox 1929 3243 2081 3308; x_wconf 85' lang='lat' dir='ltr'>certe</span> <span class='ocrx_word' id='word_1_457' title='bbox 2113 3222 2155 3288; x_wconf 87' lang='lat' dir='ltr'>C</span> <span class='ocrx_word' id='word_1_458' title='bbox 2195 3238 2730 3310; x_wconf 25' lang='lat' dir='ltr'>percipi,at,,frus,tra</span> <span class='ocrx_word' id='word_1_459' title='bbox 2759 3239 2938 3314; x_wconf 78' lang='lat' dir='ltr'>totius</span> <span class='ocrx_word' id='word_1_460' title='bbox 2959 3222 3217 3308; x_wconf 68' lang='lat' dir='ltr'>scientiae</span> <span class='ocrx_word' id='word_1_461' title='bbox 3241 3239 3462 3310; x_wconf 75' lang='lat' dir='ltr'>Lumine</span> <span class='ocrx_word' id='word_1_462' title='bbox 3475 3222 3841 3311; x_wconf 50' lang='lat' dir='ltr'>perfruatur.</span> 
     </span>
    </p>
   </div>
   <div class='ocr_carea' id='block_1_65' title="bbox 429 3309 2079 3408">
    <p class='ocr_par' dir='ltr' id='par_1_65' title="bbox 429 3309 2079 3408">
     <span class='ocr_line' id='line_1_65' title="bbox 429 3309 2079 3408; baseline -0.002 -23"><span class='ocrx_word' id='word_1_463' title='bbox 429 3309 517 3386; x_wconf 51' lang='grc' dir='ltr'>ὅθι</span> <span class='ocrx_word' id='word_1_464' title='bbox 537 3309 697 3408; x_wconf 73' lang='lat' dir='ltr'>illius</span> <span class='ocrx_word' id='word_1_465' title='bbox 712 3313 960 3386; x_wconf 82' lang='lat' dir='ltr'>calorem</span> <span class='ocrx_word' id='word_1_466' title='bbox 979 3330 1192 3388; x_wconf 84' lang='lat' dir='ltr'>sentire</span> <span class='ocrx_word' id='word_1_467' title='bbox 1215 3328 1674 3398; x_wconf 71' lang='lat' dir='ltr'>valet.Pra_iterea</span> <span class='ocrx_word' id='word_1_468' title='bbox 1694 3345 1826 3384; x_wconf 92' lang='lat' dir='ltr'>cum</span> <span class='ocrx_word' id='word_1_469' title='bbox 1850 3326 2079 3400; x_wconf 88' lang='lat' dir='ltr'>aliquos</span> 
     </span>
    </p>
   </div>
   <div class='ocr_carea' id='block_1_66' title="bbox 432 3417 2080 3494">
    <p class='ocr_par' dir='ltr' id='par_1_66' title="bbox 432 3417 2080 3494">
     <span class='ocr_line' id='line_1_66' title="bbox 432 3417 2080 3494; baseline 0 -20"><span class='ocrx_word' id='word_1_470' title='bbox 432 3419 688 3488; x_wconf 74' lang='lat' dir='ltr'>exterius</span> <span class='ocrx_word' id='word_1_471' title='bbox 740 3417 904 3474; x_wconf 89' lang='lat' dir='ltr'>audit</span> <span class='ocrx_word' id='word_1_472' title='bbox 941 3419 1010 3494; x_wconf 91' lang='lat' dir='ltr'>de</span> <span class='ocrx_word' id='word_1_473' title='bbox 1046 3417 1373 3490; x_wconf 81' lang='lat' dir='ltr'>splendoris</span> <span class='ocrx_word' id='word_1_474' title='bbox 1423 3417 1630 3474; x_wconf 88' lang='lat' dir='ltr'>solaris</span> <span class='ocrx_word' id='word_1_475' title='bbox 1685 3418 2080 3474; x_wconf 87' lang='lat' dir='ltr'>immensitate</span> 
     </span>
    </p>
   </div>
   <div class='ocr_carea' id='block_1_67' title="bbox 431 3495 2080 3579">
    <p class='ocr_par' dir='ltr' id='par_1_67' title="bbox 431 3495 2080 3579">
     <span class='ocr_line' id='line_1_67' title="bbox 431 3495 2080 3579; baseline -0.001 -17"><span class='ocrx_word' id='word_1_476' title='bbox 431 3495 992 3579; x_wconf 32' lang='lat' dir='ltr'>loqu,entes,&#39;potest</span> <span class='ocrx_word' id='word_1_477' title='bbox 1055 3505 1257 3579; x_wconf 86' lang='lat' dir='ltr'>utique</span> <span class='ocrx_word' id='word_1_478' title='bbox 1301 3506 1597 3562; x_wconf 87' lang='lat' dir='ltr'>advertere</span> <span class='ocrx_word' id='word_1_479' title='bbox 1646 3506 1905 3562; x_wconf 89' lang='lat' dir='ltr'>interiori</span> <span class='ocrx_word' id='word_1_480' title='bbox 1951 3506 2080 3561; x_wconf 90' lang='lat' dir='ltr'>visu</span> 
     </span>
    </p>
   </div>
   <div class='ocr_carea' id='block_1_68' title="bbox 432 3581 2082 3678">
    <p class='ocr_par' dir='ltr' id='par_1_68' title="bbox 432 3581 2082 3678">
     <span class='ocr_line' id='line_1_68' title="bbox 432 3581 2082 3678; baseline -0.001 -28"><span class='ocrx_word' id='word_1_481' title='bbox 432 3595 608 3678; x_wconf 71' lang='lat' dir='ltr'>simul</span> <span class='ocrx_word' id='word_1_482' title='bbox 643 3599 699 3664; x_wconf 84' lang='lat' dir='ltr'>et</span> <span class='ocrx_word' id='word_1_483' title='bbox 730 3594 954 3676; x_wconf 72' lang='lat' dir='ltr'>auditu.</span> <span class='ocrx_word' id='word_1_484' title='bbox 984 3601 1112 3668; x_wconf 76' lang='lat' dir='ltr'>ipse</span> <span class='ocrx_word' id='word_1_485' title='bbox 1144 3581 1298 3650; x_wconf 88' lang='lat' dir='ltr'>enim</span> <span class='ocrx_word' id='word_1_486' title='bbox 1324 3595 1395 3650; x_wconf 91' lang='lat' dir='ltr'>ab</span> <span class='ocrx_word' id='word_1_487' title='bbox 1420 3593 1657 3648; x_wconf 87' lang='lat' dir='ltr'>homine</span> <span class='ocrx_word' id='word_1_488' title='bbox 1689 3594 1846 3652; x_wconf 90' lang='lat' dir='ltr'>nullo</span> <span class='ocrx_word' id='word_1_489' title='bbox 1871 3593 2082 3666; x_wconf 86' lang='lat' dir='ltr'>poterit</span> 
     </span>
    </p>
   </div>
   <div class='ocr_carea' id='block_1_69' title="bbox 432 3673 2083 3760">
    <p class='ocr_par' dir='ltr' id='par_1_69' title="bbox 432 3673 2083 3760">
     <span class='ocr_line' id='line_1_69' title="bbox 432 3673 2083 3760; baseline -0.002 -20"><span class='ocrx_word' id='word_1_490' title='bbox 432 3673 946 3760; x_wconf 81' lang='lat' dir='ltr'>evelli,dummodo</span> <span class='ocrx_word' id='word_1_491' title='bbox 969 3683 1310 3753; x_wconf 87' lang='lat' dir='ltr'>hujusmodi</span> <span class='ocrx_word' id='word_1_492' title='bbox 1341 3681 1523 3737; x_wconf 89' lang='lat' dir='ltr'>aciem</span> <span class='ocrx_word' id='word_1_493' title='bbox 1548 3687 1606 3736; x_wconf 90' lang='lat' dir='ltr'>et</span> <span class='ocrx_word' id='word_1_494' title='bbox 1626 3683 1891 3752; x_wconf 84' lang='lat' dir='ltr'>auditum</span> <span class='ocrx_word' id='word_1_495' title='bbox 1921 3682 2083 3737; x_wconf 88' lang='lat' dir='ltr'>mali-</span> 
     </span>
    </p>
   </div>
   <div class='ocr_carea' id='block_1_70' title="bbox 432 3769 2082 3852">
    <p class='ocr_par' dir='ltr' id='par_1_70' title="bbox 432 3769 2082 3852">
     <span class='ocr_line' id='line_1_70' title="bbox 432 3769 2082 3852; baseline -0.001 -26"><span class='ocrx_word' id='word_1_496' title='bbox 432 3772 515 3827; x_wconf 88' lang='lat' dir='ltr'>tia</span> <span class='ocrx_word' id='word_1_497' title='bbox 542 3769 706 3852; x_wconf 70' lang='lat' dir='ltr'>nulla</span> <span class='ocrx_word' id='word_1_498' title='bbox 737 3771 1038 3846; x_wconf 89' lang='lat' dir='ltr'>impediat.</span> <span class='ocrx_word' id='word_1_499' title='bbox 1061 3770 1221 3826; x_wconf 91' lang='lat' dir='ltr'>Unde</span> <span class='ocrx_word' id='word_1_500' title='bbox 1241 3776 1298 3824; x_wconf 90' lang='lat' dir='ltr'>et</span> <span class='ocrx_word' id='word_1_501' title='bbox 1320 3769 1605 3828; x_wconf 87' lang='lat' dir='ltr'>Dominus</span> <span class='ocrx_word' id='word_1_502' title='bbox 1629 3774 1827 3825; x_wconf 90' lang='lat' dir='ltr'>noster</span> <span class='ocrx_word' id='word_1_503' title='bbox 1848 3771 2082 3825; x_wconf 89' lang='lat' dir='ltr'>audito-</span> 
     </span>
    </p>
   </div>
   <div class='ocr_carea' id='block_1_71' title="bbox 433 3852 2084 3940">
    <p class='ocr_par' dir='ltr' id='par_1_71' title="bbox 433 3852 2084 3940">
     <span class='ocr_line' id='line_1_71' title="bbox 433 3852 2084 3940; baseline -0.001 -24"><span class='ocrx_word' id='word_1_504' title='bbox 433 3857 527 3940; x_wconf 73' lang='lat' dir='ltr'>res</span> <span class='ocrx_word' id='word_1_505' title='bbox 557 3852 695 3917; x_wconf 86' lang='lat' dir='ltr'>suos</span> <span class='ocrx_word' id='word_1_506' title='bbox 728 3859 1242 3940; x_wconf 83' lang='lat' dir='ltr'>admonet,dicens</span> <span class='ocrx_word' id='word_1_507' title='bbox 1279 3876 1290 3913; x_wconf 91' lang='lat'>:</span> <span class='ocrx_word' id='word_1_508' title='bbox 1327 3859 1430 3925; x_wconf 86' lang='lat' dir='ltr'>Qui</span> <span class='ocrx_word' id='word_1_509' title='bbox 1459 3857 1615 3914; x_wconf 82' lang='lat' dir='ltr'>habet</span> <span class='ocrx_word' id='word_1_510' title='bbox 1637 3875 1800 3914; x_wconf 86' lang='lat' dir='ltr'>aures</span> <span class='ocrx_word' id='word_1_511' title='bbox 1821 3859 2084 3930; x_wconf 81' lang='lat' dir='ltr'>audiendi</span> 
     </span>
    </p>
   </div>
   <div class='ocr_carea' id='block_1_72' title="bbox 433 3946 2078 4022">
    <p class='ocr_par' dir='ltr' id='par_1_72' title="bbox 433 3946 2078 4022">
     <span class='ocr_line' id='line_1_72' title="bbox 433 3946 2078 4022; baseline -0.001 -16"><span class='ocrx_word' id='word_1_512' title='bbox 433 3951 625 4006; x_wconf 81' lang='lat' dir='ltr'>audiat</span> <span class='ocrx_word' id='word_1_513' title='bbox 654 3949 842 4018; x_wconf 79' lang='lat' dir='ltr'>(Marc.</span> <span class='ocrx_word' id='word_1_514' title='bbox 893 3965 967 4015; x_wconf 82' lang='lat' dir='ltr'>1v,</span> <span class='ocrx_word' id='word_1_515' title='bbox 1016 3950 1092 4018; x_wconf 79' lang='lat'>9).</span> <span class='ocrx_word' id='word_1_516' title='bbox 1151 3947 1215 4002; x_wconf 87' lang='lat' dir='ltr'>Et</span> <span class='ocrx_word' id='word_1_517' title='bbox 1259 3946 1514 4004; x_wconf 88' lang='lat' dir='ltr'>Joannes</span> <span class='ocrx_word' id='word_1_518' title='bbox 1564 3948 1622 4002; x_wconf 93' lang='lat' dir='ltr'>in</span> <span class='ocrx_word' id='word_1_519' title='bbox 1668 3947 2012 4022; x_wconf 87' lang='lat' dir='ltr'>Apocalypsi</span> <span class='ocrx_word' id='word_1_520' title='bbox 2065 3967 2078 4005; x_wconf 90' lang='lat'>:</span> 
     </span>
    </p>
   </div>
   <div class='ocr_carea' id='block_1_73' title="bbox 431 4037 2084 4110">
    <p class='ocr_par' dir='ltr' id='par_1_73' title="bbox 431 4037 2084 4110">
     <span class='ocr_line' id='line_1_73' title="bbox 431 4037 2084 4110; baseline -0.001 -17"><span class='ocrx_word' id='word_1_521' title='bbox 431 4041 543 4108; x_wconf 84' lang='lat' dir='ltr'>Qui</span> <span class='ocrx_word' id='word_1_522' title='bbox 573 4039 752 4106; x_wconf 86' lang='lat' dir='ltr'>habet,</span> <span class='ocrx_word' id='word_1_523' title='bbox 783 4037 995 4109; x_wconf 83' lang='lat' dir='ltr'>inquit,</span> <span class='ocrx_word' id='word_1_524' title='bbox 1027 4053 1211 4102; x_wconf 87' lang='lat' dir='ltr'>aures,</span> <span class='ocrx_word' id='word_1_525' title='bbox 1243 4037 1432 4093; x_wconf 82' lang='lat' dir='ltr'>audiat</span> <span class='ocrx_word' id='word_1_526' title='bbox 1482 4037 1617 4109; x_wconf 84' lang='lat' dir='ltr'>quid</span> <span class='ocrx_word' id='word_1_527' title='bbox 1661 4039 1887 4110; x_wconf 78' lang='lat' dir='ltr'>spiritus</span> <span class='ocrx_word' id='word_1_528' title='bbox 1932 4039 2084 4108; x_wconf 81' lang='lat' dir='ltr'>dicat</span> 
     </span>
    </p>
   </div>
   <div class='ocr_carea' id='block_1_74' title="bbox 435 4124 2081 4197">
    <p class='ocr_par' dir='ltr' id='par_1_74' title="bbox 435 4124 2081 4197">
     <span class='ocr_line' id='line_1_74' title="bbox 435 4124 2081 4197; baseline 0.001 -15"><span class='ocrx_word' id='word_1_529' title='bbox 435 4128 691 4182; x_wconf 83' lang='lat' dir='ltr'>Ecclesiis</span> <span class='ocrx_word' id='word_1_530' title='bbox 725 4126 909 4197; x_wconf 68' lang='lat' dir='ltr'>(Apoc.</span> <span class='ocrx_word' id='word_1_531' title='bbox 945 4143 1028 4193; x_wconf 81' lang='grc' dir='ltr'>ιιι,</span> <span class='ocrx_word' id='word_1_532' title='bbox 1061 4126 1174 4196; x_wconf 75' lang='grc'>22).</span> <span class='ocrx_word' id='word_1_533' title='bbox 1209 4125 1316 4180; x_wconf 91' lang='lat' dir='ltr'>Sed</span> <span class='ocrx_word' id='word_1_534' title='bbox 1355 4124 1693 4196; x_wconf 82' lang='lat' dir='ltr'>hujusmodi</span> <span class='ocrx_word' id='word_1_535' title='bbox 1747 4127 1923 4183; x_wconf 88' lang='lat' dir='ltr'>verba</span> <span class='ocrx_word' id='word_1_536' title='bbox 1955 4128 2081 4183; x_wconf 91' lang='lat' dir='ltr'>ideo</span> 
     </span>
    </p>
   </div>
   <div class='ocr_carea' id='block_1_75' title="bbox 435 4213 2082 4286">
    <p class='ocr_par' dir='ltr' id='par_1_75' title="bbox 435 4213 2082 4286">
     <span class='ocr_line' id='line_1_75' title="bbox 435 4213 2082 4286; baseline 0.001 -16"><span class='ocrx_word' id='word_1_537' title='bbox 435 4231 595 4286; x_wconf 87' lang='lat' dir='ltr'>more</span> <span class='ocrx_word' id='word_1_538' title='bbox 628 4213 848 4286; x_wconf 83' lang='lat' dir='ltr'>prologi</span> <span class='ocrx_word' id='word_1_539' title='bbox 883 4213 1298 4286; x_wconf 82' lang='lat' dir='ltr'>praemittimus</span> <span class='ocrx_word' id='word_1_540' title='bbox 1333 4231 1345 4268; x_wconf 91' lang='lat'>:</span> <span class='ocrx_word' id='word_1_541' title='bbox 1382 4218 1445 4268; x_wconf 92' lang='lat' dir='ltr'>ut</span> <span class='ocrx_word' id='word_1_542' title='bbox 1475 4215 1612 4284; x_wconf 92' lang='lat' dir='ltr'>quia</span> <span class='ocrx_word' id='word_1_543' title='bbox 1647 4215 1717 4270; x_wconf 90' lang='lat' dir='ltr'>de</span> <span class='ocrx_word' id='word_1_544' title='bbox 1750 4215 2082 4272; x_wconf 88' lang='lat' dir='ltr'>carnalibus</span> 
     </span>
    </p>
   </div>
   <div class='ocr_carea' id='block_1_76' title="bbox 434 4295 2082 4384">
    <p class='ocr_par' dir='ltr' id='par_1_76' title="bbox 434 4295 2082 4384">
     <span class='ocr_line' id='line_1_76' title="bbox 434 4295 2082 4384; baseline 0 -25"><span class='ocrx_word' id='word_1_545' title='bbox 434 4299 786 4384; x_wconf 79' lang='lat' dir='ltr'>spiritualia,</span> <span class='ocrx_word' id='word_1_546' title='bbox 817 4295 890 4358; x_wconf 84' lang='lat' dir='ltr'>de</span> <span class='ocrx_word' id='word_1_547' title='bbox 919 4302 1249 4368; x_wconf 88' lang='lat' dir='ltr'>visibilibus</span> <span class='ocrx_word' id='word_1_548' title='bbox 1281 4300 1599 4358; x_wconf 87' lang='lat' dir='ltr'>invisibilia</span> <span class='ocrx_word' id='word_1_549' title='bbox 1629 4303 1898 4375; x_wconf 86' lang='lat' dir='ltr'>colligere</span> <span class='ocrx_word' id='word_1_550' title='bbox 1943 4305 2082 4361; x_wconf 87' lang='lat' dir='ltr'>scri-</span> 
     </span>
    </p>
   </div>
   <div class='ocr_carea' id='block_1_77' title="bbox 435 4391 2083 4462">
    <p class='ocr_par' dir='ltr' id='par_1_77' title="bbox 435 4391 2083 4462">
     <span class='ocr_line' id='line_1_77' title="bbox 435 4391 2083 4462; baseline 0 -13"><span class='ocrx_word' id='word_1_551' title='bbox 435 4393 625 4449; x_wconf 90' lang='lat' dir='ltr'>bendo</span> <span class='ocrx_word' id='word_1_552' title='bbox 658 4391 1239 4462; x_wconf 85' lang='lat' dir='ltr'>volumus,lectorum</span> <span class='ocrx_word' id='word_1_553' title='bbox 1271 4391 1446 4447; x_wconf 89' lang='lat' dir='ltr'>simul</span> <span class='ocrx_word' id='word_1_554' title='bbox 1471 4397 1529 4446; x_wconf 87' lang='lat' dir='ltr'>et</span> <span class='ocrx_word' id='word_1_555' title='bbox 1557 4392 1890 4448; x_wconf 90' lang='lat' dir='ltr'>auditorum</span> <span class='ocrx_word' id='word_1_556' title='bbox 1914 4411 2083 4450; x_wconf 90' lang='lat' dir='ltr'>aures</span> 
     </span>
    </p>
   </div>
   <div class='ocr_carea' id='block_1_78' title="bbox 434 4467 2087 4562">
    <p class='ocr_par' dir='ltr' id='par_1_78' title="bbox 434 4467 2087 4562">
     <span class='ocr_line' id='line_1_78' title="bbox 434 4467 2087 4562; baseline 0 -24"><span class='ocrx_word' id='word_1_557' title='bbox 434 4467 771 4562; x_wconf 82' lang='lat' dir='ltr'>spirituales</span> <span class='ocrx_word' id='word_1_558' title='bbox 803 4481 873 4535; x_wconf 91' lang='lat' dir='ltr'>ad</span> <span class='ocrx_word' id='word_1_559' title='bbox 907 4481 1262 4550; x_wconf 85' lang='lat' dir='ltr'>attendenda</span> <span class='ocrx_word' id='word_1_560' title='bbox 1292 4480 1496 4538; x_wconf 88' lang='lat' dir='ltr'>eadem</span> <span class='ocrx_word' id='word_1_561' title='bbox 1529 4479 1962 4553; x_wconf 88' lang='lat' dir='ltr'>aliquantulum</span> <span class='ocrx_word' id='word_1_562' title='bbox 1996 4499 2087 4538; x_wconf 84' lang='lat' dir='ltr'>ex-</span> 
     </span>
    </p>
   </div>
   <div class='ocr_carea' id='block_1_79' title="bbox 435 4569 702 4648">
    <p class='ocr_par' dir='ltr' id='par_1_79' title="bbox 435 4569 702 4648">
     <span class='ocr_line' id='line_1_79' title="bbox 435 4569 702 4648; baseline -0.004 -21"><span class='ocrx_word' id='word_1_563' title='bbox 435 4569 702 4648; x_wconf 76' lang='lat' dir='ltr'>citemus.</span> 
     </span>
    </p>
   </div>
   <div class='ocr_carea' id='block_1_80' title="bbox 1104 4658 1445 4716">
    <p class='ocr_par' dir='ltr' id='par_1_80' title="bbox 1104 4658 1445 4716">
     <span class='ocr_line' id='line_1_80' title="bbox 1104 4658 1445 4716; baseline -0.003 -1"><span class='ocrx_word' id='word_1_564' title='bbox 1104 4658 1335 4716; x_wconf 88' lang='lat' dir='ltr'>CAPUT</span> <span class='ocrx_word' id='word_1_565' title='bbox 1376 4658 1445 4714; x_wconf 87' lang='lat' dir='ltr'>Il.</span> 
     </span>
    </p>
   </div>
   <div class='ocr_carea' id='block_1_81' title="bbox 435 4749 2088 4820">
    <p class='ocr_par' dir='ltr' id='par_1_81' title="bbox 435 4749 2088 4820">
     <span class='ocr_line' id='line_1_81' title="bbox 435 4749 2088 4820; baseline -0.001 -14"><span class='ocrx_word' id='word_1_566' title='bbox 435 4750 705 4820; x_wconf 77' lang='lat' dir='ltr'>Quomodo</span> <span class='ocrx_word' id='word_1_567' title='bbox 755 4751 814 4804; x_wconf 80' lang='lat' dir='ltr'>in</span> <span class='ocrx_word' id='word_1_568' title='bbox 864 4750 995 4805; x_wconf 82' lang='lat' dir='ltr'>solis</span> <span class='ocrx_word' id='word_1_569' title='bbox 1050 4749 1294 4818; x_wconf 87' lang='lat' dir='ltr'>imagine</span> <span class='ocrx_word' id='word_1_570' title='bbox 1350 4749 1744 4806; x_wconf 68' lang='lat' dir='ltr'>sacratissima:</span> <span class='ocrx_word' id='word_1_571' title='bbox 1807 4749 2088 4804; x_wconf 79' lang='lat' dir='ltr'>Trinitatis</span> 
     </span>
    </p>
   </div>
   <div class='ocr_carea' id='block_1_82' title="bbox 950 4819 1563 4890">
    <p class='ocr_par' dir='ltr' id='par_1_82' title="bbox 950 4819 1563 4890">
     <span class='ocr_line' id='line_1_82' title="bbox 950 4819 1563 4890; baseline 0 -16"><span class='ocrx_word' id='word_1_572' title='bbox 950 4823 1271 4890; x_wconf 68' lang='lat' dir='ltr'>mysterium</span> <span class='ocrx_word' id='word_1_573' title='bbox 1301 4819 1563 4876; x_wconf 78' lang='lat' dir='ltr'>relucent.</span> 
     </span>
    </p>
   </div>
   <div class='ocr_carea' id='block_1_83' title="bbox 506 4925 2087 5000">
    <p class='ocr_par' dir='ltr' id='par_1_83' title="bbox 506 4925 2087 5000">
     <span class='ocr_line' id='line_1_83' title="bbox 506 4925 2087 5000; baseline 0.001 -20"><span class='ocrx_word' id='word_1_574' title='bbox 506 4927 702 4981; x_wconf 90' lang='lat' dir='ltr'>Primo</span> <span class='ocrx_word' id='word_1_575' title='bbox 733 4925 912 4996; x_wconf 86' lang='lat' dir='ltr'>igitur</span> <span class='ocrx_word' id='word_1_576' title='bbox 941 4925 1439 4998; x_wconf 83' lang='lat' dir='ltr'>dicendum,quod</span> <span class='ocrx_word' id='word_1_577' title='bbox 1471 4926 1611 4981; x_wconf 88' lang='lat' dir='ltr'>etin</span> <span class='ocrx_word' id='word_1_578' title='bbox 1646 4925 1854 5000; x_wconf 79' lang='lat' dir='ltr'>primis</span> <span class='ocrx_word' id='word_1_579' title='bbox 1885 4930 1941 4982; x_wconf 90' lang='lat' dir='ltr'>et</span> <span class='ocrx_word' id='word_1_580' title='bbox 1971 4943 2087 4999; x_wconf 68' lang='lat' dir='ltr'>prae</span> 
     </span>
    </p>
   </div>
   <div class='ocr_carea' id='block_1_84' title="bbox 436 5008 2086 5084">
    <p class='ocr_par' dir='ltr' id='par_1_84' title="bbox 436 5008 2086 5084">
     <span class='ocr_line' id='line_1_84' title="bbox 436 5008 2086 5084; baseline 0.001 -14"><span class='ocrx_word' id='word_1_581' title='bbox 436 5013 711 5070; x_wconf 89' lang='lat' dir='ltr'>omnibus</span> <span class='ocrx_word' id='word_1_582' title='bbox 745 5029 916 5084; x_wconf 87' lang='lat' dir='ltr'>nosse</span> <span class='ocrx_word' id='word_1_583' title='bbox 948 5013 1253 5084; x_wconf 88' lang='lat' dir='ltr'>debemus,</span> <span class='ocrx_word' id='word_1_584' title='bbox 1285 5008 1344 5069; x_wconf 86' lang='lat' dir='ltr'>in</span> <span class='ocrx_word' id='word_1_585' title='bbox 1380 5031 1496 5084; x_wconf 93' lang='lat' dir='ltr'>quo</span> <span class='ocrx_word' id='word_1_586' title='bbox 1529 5015 1749 5072; x_wconf 90' lang='lat' dir='ltr'>scilicet</span> <span class='ocrx_word' id='word_1_587' title='bbox 1797 5014 2086 5072; x_wconf 87' lang='lat' dir='ltr'>elemento</span> 
     </span>
    </p>
   </div>
   <div class='ocr_carea' id='block_1_85' title="bbox 437 5089 2084 5182">
    <p class='ocr_par' dir='ltr' id='par_1_85' title="bbox 437 5089 2084 5182">
     <span class='ocr_line' id='line_1_85' title="bbox 437 5089 2084 5182; baseline 0 -22"><span class='ocrx_word' id='word_1_588' title='bbox 437 5101 624 5182; x_wconf 85' lang='lat' dir='ltr'>ipsius</span> <span class='ocrx_word' id='word_1_589' title='bbox 680 5106 893 5158; x_wconf 67' lang='lat' dir='ltr'>sanctw</span> <span class='ocrx_word' id='word_1_590' title='bbox 950 5101 1256 5157; x_wconf 78' lang='lat' dir='ltr'>Trinitatis</span> <span class='ocrx_word' id='word_1_591' title='bbox 1318 5106 1374 5157; x_wconf 90' lang='lat' dir='ltr'>et</span> <span class='ocrx_word' id='word_1_592' title='bbox 1441 5103 1683 5158; x_wconf 70' lang='lat' dir='ltr'>unitatis</span> <span class='ocrx_word' id='word_1_593' title='bbox 1742 5089 2084 5181; x_wconf 76' lang='lat' dir='ltr'>mysterium</span> 
     </span>
    </p>
   </div>
   <div class='ocr_carea' id='block_1_86' title="bbox 437 5177 2083 5266">
    <p class='ocr_par' dir='ltr' id='par_1_86' title="bbox 437 5177 2083 5266">
     <span class='ocr_line' id='line_1_86' title="bbox 437 5177 2083 5266; baseline -0.001 -16"><span class='ocrx_word' id='word_1_594' title='bbox 437 5177 817 5266; x_wconf 86' lang='lat' dir='ltr'>contemplari</span> <span class='ocrx_word' id='word_1_595' title='bbox 853 5191 1172 5264; x_wconf 82' lang='lat' dir='ltr'>possimus.</span> <span class='ocrx_word' id='word_1_596' title='bbox 1211 5192 1467 5264; x_wconf 83' lang='lat' dir='ltr'>Denique</span> <span class='ocrx_word' id='word_1_597' title='bbox 1493 5196 1556 5246; x_wconf 91' lang='lat' dir='ltr'>ut</span> <span class='ocrx_word' id='word_1_598' title='bbox 1579 5192 1721 5247; x_wconf 90' lang='lat' dir='ltr'>mihi</span> <span class='ocrx_word' id='word_1_599' title='bbox 1745 5177 1993 5261; x_wconf 83' lang='lat' dir='ltr'>videtur,</span> <span class='ocrx_word' id='word_1_600' title='bbox 2027 5194 2083 5249; x_wconf 89' lang='lat' dir='ltr'>in</span> 
     </span>
    </p>
   </div>
   <div class='ocr_carea' id='block_1_87' title="bbox 439 5279 2083 5354">
    <p class='ocr_par' dir='ltr' id='par_1_87' title="bbox 439 5279 2083 5354">
     <span class='ocr_line' id='line_1_87' title="bbox 439 5279 2083 5354; baseline -0.001 -16"><span class='ocrx_word' id='word_1_601' title='bbox 439 5281 602 5340; x_wconf 85' lang='lat' dir='ltr'>nulla</span> <span class='ocrx_word' id='word_1_602' title='bbox 633 5279 925 5354; x_wconf 87' lang='lat' dir='ltr'>scriptura</span> <span class='ocrx_word' id='word_1_603' title='bbox 955 5280 1213 5353; x_wconf 89' lang='lat' dir='ltr'>apertius</span> <span class='ocrx_word' id='word_1_604' title='bbox 1245 5298 1421 5352; x_wconf 89' lang='lat' dir='ltr'>quam</span> <span class='ocrx_word' id='word_1_605' title='bbox 1458 5281 1515 5335; x_wconf 90' lang='lat' dir='ltr'>in</span> <span class='ocrx_word' id='word_1_606' title='bbox 1551 5280 1670 5336; x_wconf 85' lang='lat' dir='ltr'>sole</span> <span class='ocrx_word' id='word_1_607' title='bbox 1701 5282 1924 5337; x_wconf 85' lang='lat' dir='ltr'>edoceri</span> <span class='ocrx_word' id='word_1_608' title='bbox 1953 5301 2083 5354; x_wconf 85' lang='lat' dir='ltr'>pos-</span> 
     </span>
    </p>
   </div>
   <div class='ocr_carea' id='block_1_88' title="bbox 437 5369 2088 5443">
    <p class='ocr_par' dir='ltr' id='par_1_88' title="bbox 437 5369 2088 5443">
     <span class='ocr_line' id='line_1_88' title="bbox 437 5369 2088 5443; baseline 0.001 -17"><span class='ocrx_word' id='word_1_609' title='bbox 437 5389 664 5443; x_wconf 51' lang='lat' dir='ltr'>sumus,</span> <span class='ocrx_word' id='word_1_610' title='bbox 700 5369 953 5441; x_wconf 84' lang='lat' dir='ltr'>qualiter</span> <span class='ocrx_word' id='word_1_611' title='bbox 982 5375 1194 5425; x_wconf 75' lang='lat' dir='ltr'>sancta:</span> <span class='ocrx_word' id='word_1_612' title='bbox 1224 5371 1523 5426; x_wconf 85' lang='lat' dir='ltr'>Trinitatis</span> <span class='ocrx_word' id='word_1_613' title='bbox 1574 5371 1746 5427; x_wconf 75' lang='lat' dir='ltr'>fidem</span> <span class='ocrx_word' id='word_1_614' title='bbox 1791 5374 2088 5428; x_wconf 86' lang='lat' dir='ltr'>attendere</span> 
     </span>
    </p>
   </div>
   <div class='ocr_carea' id='block_1_89' title="bbox 437 5446 2085 5542">
    <p class='ocr_par' dir='ltr' id='par_1_89' title="bbox 437 5446 2085 5542">
     <span class='ocr_line' id='line_1_89' title="bbox 437 5446 2085 5542; baseline 0.004 -30"><span class='ocrx_word' id='word_1_615' title='bbox 437 5446 845 5542; x_wconf 61' lang='lat' dir='ltr'>dUUfztll‘llllSJll</span> <span class='ocrx_word' id='word_1_616' title='bbox 881 5459 1001 5514; x_wconf 86' lang='lat' dir='ltr'>sole</span> <span class='ocrx_word' id='word_1_617' title='bbox 1033 5477 1284 5532; x_wconf 87' lang='lat' dir='ltr'>namque</span> <span class='ocrx_word' id='word_1_618' title='bbox 1319 5461 1427 5515; x_wconf 80' lang='lat' dir='ltr'>tria</span> <span class='ocrx_word' id='word_1_619' title='bbox 1460 5460 1873 5533; x_wconf 85' lang='lat' dir='ltr'>inseparabilia</span> <span class='ocrx_word' id='word_1_620' title='bbox 1896 5462 2085 5518; x_wconf 86' lang='lat' dir='ltr'>inesse</span> 
     </span>
    </p>
   </div>
   <div class='ocr_carea' id='block_1_90' title="bbox 438 5547 2086 5622">
    <p class='ocr_par' dir='ltr' id='par_1_90' title="bbox 438 5547 2086 5622">
     <span class='ocr_line' id='line_1_90' title="bbox 438 5547 2086 5622; baseline 0.001 -17"><span class='ocrx_word' id='word_1_621' title='bbox 438 5547 682 5620; x_wconf 82' lang='lat' dir='ltr'>scimus,</span> <span class='ocrx_word' id='word_1_622' title='bbox 735 5547 844 5602; x_wconf 91' lang='lat' dir='ltr'>hoc</span> <span class='ocrx_word' id='word_1_623' title='bbox 898 5553 988 5603; x_wconf 91' lang='lat' dir='ltr'>est</span> <span class='ocrx_word' id='word_1_624' title='bbox 1038 5549 1232 5620; x_wconf 39' lang='lat' dir='ltr'>ipsum.</span> <span class='ocrx_word' id='word_1_625' title='bbox 1280 5567 1493 5622; x_wconf 91' lang='lat' dir='ltr'>corpus</span> <span class='ocrx_word' id='word_1_626' title='bbox 1545 5549 1604 5604; x_wconf 89' lang='lat' dir='ltr'>in</span> <span class='ocrx_word' id='word_1_627' title='bbox 1659 5551 1898 5606; x_wconf 90' lang='lat' dir='ltr'>modum</span> <span class='ocrx_word' id='word_1_628' title='bbox 1951 5555 2086 5606; x_wconf 68' lang='lat' dir='ltr'>rotae</span> 
     </span>
    </p>
   </div>
   <div class='ocr_carea' id='block_1_91' title="bbox 439 5635 2084 5713">
    <p class='ocr_par' dir='ltr' id='par_1_91' title="bbox 439 5635 2084 5713">
     <span class='ocr_line' id='line_1_91' title="bbox 439 5635 2084 5713; baseline -0.001 -19"><span class='ocrx_word' id='word_1_629' title='bbox 439 5643 736 5708; x_wconf 84' lang='lat' dir='ltr'>constans,</span> <span class='ocrx_word' id='word_1_630' title='bbox 768 5640 825 5692; x_wconf 91' lang='lat' dir='ltr'>et</span> <span class='ocrx_word' id='word_1_631' title='bbox 856 5635 1226 5713; x_wconf 86' lang='lat' dir='ltr'>splendorem</span> <span class='ocrx_word' id='word_1_632' title='bbox 1275 5643 1450 5712; x_wconf 81' lang='lat' dir='ltr'>atque</span> <span class='ocrx_word' id='word_1_633' title='bbox 1499 5638 1750 5694; x_wconf 88' lang='lat' dir='ltr'>calorem</span> <span class='ocrx_word' id='word_1_634' title='bbox 1781 5639 1987 5710; x_wconf 90' lang='lat' dir='ltr'>ipsius.</span> <span class='ocrx_word' id='word_1_635' title='bbox 2023 5640 2084 5694; x_wconf 89' lang='lat' dir='ltr'>In</span> 
     </span>
    </p>
   </div>
   <div class='ocr_carea' id='block_1_92' title="bbox 2113 4592 2160 4658">
    <p class='ocr_par' dir='ltr' id='par_1_92' title="bbox 2113 4592 2160 4658">
     <span class='ocr_line' id='line_1_92' title="bbox 2113 4592 2160 4658; baseline 0 -2"><span class='ocrx_word' id='word_1_636' title='bbox 2113 4592 2160 4658; x_wconf 92' lang='lat' dir='ltr'>D</span> 
     </span>
    </p>
   </div>
   <div class='ocr_carea' id='block_1_93' title="bbox 2191 3328 3844 3404">
    <p class='ocr_par' dir='ltr' id='par_1_93' title="bbox 2191 3328 3844 3404">
     <span class='ocr_line' id='line_1_93' title="bbox 2191 3328 3844 3404; baseline 0.005 -20"><span class='ocrx_word' id='word_1_637' title='bbox 2191 3329 2351 3397; x_wconf 89' lang='lat' dir='ltr'>Quod</span> <span class='ocrx_word' id='word_1_638' title='bbox 2384 3329 2640 3400; x_wconf 79' lang='lat' dir='ltr'>profecto</span> <span class='ocrx_word' id='word_1_639' title='bbox 2671 3329 2750 3396; x_wconf 79' lang='lat' dir='ltr'>ita</span> <span class='ocrx_word' id='word_1_640' title='bbox 2778 3346 2906 3404; x_wconf 76' lang='lat' dir='ltr'>esse</span> <span class='ocrx_word' id='word_1_641' title='bbox 2938 3345 3054 3402; x_wconf 86' lang='lat' dir='ltr'>non</span> <span class='ocrx_word' id='word_1_642' title='bbox 3086 3328 3278 3402; x_wconf 80' lang='lat' dir='ltr'>solum</span> <span class='ocrx_word' id='word_1_643' title='bbox 3311 3329 3426 3400; x_wconf 82' lang='lat' dir='ltr'>fide</span> <span class='ocrx_word' id='word_1_644' title='bbox 3463 3328 3705 3401; x_wconf 62' lang='lat' dir='ltr'>nemini,</span> <span class='ocrx_word' id='word_1_645' title='bbox 3733 3329 3844 3394; x_wconf 67' lang='lat' dir='ltr'>sed</span> 
     </span>
    </p>
   </div>
   <div class='ocr_carea' id='block_1_94' title="bbox 2189 3416 3844 3496">
    <p class='ocr_par' dir='ltr' id='par_1_94' title="bbox 2189 3416 3844 3496">
     <span class='ocr_line' id='line_1_94' title="bbox 2189 3416 3844 3496; baseline 0.002 -24"><span class='ocrx_word' id='word_1_646' title='bbox 2189 3416 2364 3496; x_wconf 86' lang='lat' dir='ltr'>etiam</span> <span class='ocrx_word' id='word_1_647' title='bbox 2393 3418 2787 3489; x_wconf 83' lang='lat' dir='ltr'>experimento</span> <span class='ocrx_word' id='word_1_648' title='bbox 2810 3417 2933 3496; x_wconf 80' lang='lat' dir='ltr'>ipse</span> <span class='ocrx_word' id='word_1_649' title='bbox 2957 3422 3145 3489; x_wconf 81' lang='lat' dir='ltr'>potest</span> <span class='ocrx_word' id='word_1_650' title='bbox 3159 3417 3570 3492; x_wconf 53' lang='lat' dir='ltr'>probarilﬁsm</span> <span class='ocrx_word' id='word_1_651' title='bbox 3594 3416 3844 3486; x_wconf 72' lang='lat' dir='ltr'>nonnul-</span> 
     </span>
    </p>
   </div>
   <div class='ocr_carea' id='block_1_95' title="bbox 2191 3504 3841 3582">
    <p class='ocr_par' dir='ltr' id='par_1_95' title="bbox 2191 3504 3841 3582">
     <span class='ocr_line' id='line_1_95' title="bbox 2191 3504 3841 3582; baseline 0.001 -22"><span class='ocrx_word' id='word_1_652' title='bbox 2191 3504 2277 3576; x_wconf 88' lang='lat' dir='ltr'>los</span> <span class='ocrx_word' id='word_1_653' title='bbox 2308 3505 2600 3578; x_wconf 87' lang='lat' dir='ltr'>sapientes</span> <span class='ocrx_word' id='word_1_654' title='bbox 2622 3510 2678 3562; x_wconf 83' lang='lat' dir='ltr'>et</span> <span class='ocrx_word' id='word_1_655' title='bbox 2699 3505 2757 3564; x_wconf 90' lang='lat' dir='ltr'>in</span> <span class='ocrx_word' id='word_1_656' title='bbox 2783 3505 2908 3582; x_wconf 74' lang='lat' dir='ltr'>lege</span> <span class='ocrx_word' id='word_1_657' title='bbox 2933 3506 3129 3564; x_wconf 84' lang='lat' dir='ltr'>divina</span> <span class='ocrx_word' id='word_1_658' title='bbox 3153 3506 3495 3580; x_wconf 68' lang='lat' dir='ltr'>omnimodo</span> <span class='ocrx_word' id='word_1_659' title='bbox 3514 3506 3841 3576; x_wconf 71' lang='lat' dir='ltr'>instructos</span> 
     </span>
    </p>
   </div>
   <div class='ocr_carea' id='block_1_96' title="bbox 2192 3593 3841 3668">
    <p class='ocr_par' dir='ltr' id='par_1_96' title="bbox 2192 3593 3841 3668">
     <span class='ocr_line' id='line_1_96' title="bbox 2192 3593 3841 3668; baseline 0.004 -20"><span class='ocrx_word' id='word_1_660' title='bbox 2192 3593 2524 3666; x_wconf 83' lang='lat' dir='ltr'>frequenter</span> <span class='ocrx_word' id='word_1_661' title='bbox 2550 3595 2839 3664; x_wconf 81' lang='lat' dir='ltr'>videmus,</span> <span class='ocrx_word' id='word_1_662' title='bbox 2874 3595 2931 3660; x_wconf 90' lang='lat' dir='ltr'>in</span> <span class='ocrx_word' id='word_1_663' title='bbox 2963 3612 3212 3668; x_wconf 80' lang='lat' dir='ltr'>quorum</span> <span class='ocrx_word' id='word_1_664' title='bbox 3259 3595 3505 3664; x_wconf 78' lang='lat' dir='ltr'>actique,</span> <span class='ocrx_word' id='word_1_665' title='bbox 3553 3594 3601 3662; x_wconf 71' lang='lat' dir='ltr'>si</span> 
     </span>
    </p>
   </div>
   <div class='ocr_carea' id='block_1_97' title="bbox 2189 3682 3846 3758">
    <p class='ocr_par' dir='ltr' id='par_1_97' title="bbox 2189 3682 3846 3758">
     <span class='ocr_line' id='line_1_97' title="bbox 2189 3682 3846 3758; baseline 0.001 -20"><span class='ocrx_word' id='word_1_666' title='bbox 2189 3682 2395 3756; x_wconf 79' lang='lat' dir='ltr'>divinae</span> <span class='ocrx_word' id='word_1_667' title='bbox 2429 3683 2682 3740; x_wconf 72' lang='lat' dir='ltr'>scientia:</span> <span class='ocrx_word' id='word_1_668' title='bbox 2715 3684 2984 3756; x_wconf 71' lang='lat' dir='ltr'>notitiam</span> <span class='ocrx_word' id='word_1_669' title='bbox 3036 3684 3309 3758; x_wconf 76' lang='lat' dir='ltr'>habeant,</span> <span class='ocrx_word' id='word_1_670' title='bbox 3341 3683 3429 3754; x_wconf 77' lang='lat' dir='ltr'>vel</span> <span class='ocrx_word' id='word_1_671' title='bbox 3479 3683 3529 3757; x_wconf 71' lang='lat' dir='ltr'>si</span> <span class='ocrx_word' id='word_1_672' title='bbox 3574 3683 3714 3756; x_wconf 73' lang='lat' dir='ltr'>quid</span> <span class='ocrx_word' id='word_1_673' title='bbox 3765 3683 3846 3751; x_wconf 74' lang='lat' dir='ltr'>de</span> 
     </span>
    </p>
   </div>
   <div class='ocr_carea' id='block_1_98' title="bbox 2190 3772 3844 3848">
    <p class='ocr_par' dir='ltr' id='par_1_98' title="bbox 2190 3772 3844 3848">
     <span class='ocr_line' id='line_1_98' title="bbox 2190 3772 3844 3848; baseline 0.002 -22"><span class='ocrx_word' id='word_1_674' title='bbox 2190 3772 2420 3842; x_wconf 81' lang='lat' dir='ltr'>aeternis</span> <span class='ocrx_word' id='word_1_675' title='bbox 2469 3772 2700 3847; x_wconf 75' lang='lat' dir='ltr'>gaudiis</span> <span class='ocrx_word' id='word_1_676' title='bbox 2748 3778 2804 3830; x_wconf 89' lang='lat' dir='ltr'>et</span> <span class='ocrx_word' id='word_1_677' title='bbox 2844 3772 3156 3848; x_wconf 75' lang='lat' dir='ltr'>suppliciis</span> <span class='ocrx_word' id='word_1_678' title='bbox 3215 3774 3477 3842; x_wconf 80' lang='lat' dir='ltr'>credant,</span> <span class='ocrx_word' id='word_1_679' title='bbox 3522 3788 3844 3845; x_wconf 62' lang='lat' dir='ltr'>parumper</span> 
     </span>
    </p>
   </div>
   <div class='ocr_carea' id='block_1_99' title="bbox 2191 3847 3844 3934">
    <p class='ocr_par' dir='ltr' id='par_1_99' title="bbox 2191 3847 3844 3934">
     <span class='ocr_line' id='line_1_99' title="bbox 2191 3847 3844 3934; baseline 0.003 -19"><span class='ocrx_word' id='word_1_680' title='bbox 2191 3877 2504 3932; x_wconf 88' lang='lat' dir='ltr'>agnoscere</span> <span class='ocrx_word' id='word_1_681' title='bbox 2537 3860 2817 3918; x_wconf 90' lang='lat' dir='ltr'>valemus.</span> <span class='ocrx_word' id='word_1_682' title='bbox 3031 3860 3210 3934; x_wconf 83' lang='lat' dir='ltr'>igitur</span> <span class='ocrx_word' id='word_1_683' title='bbox 3257 3862 3329 3932; x_wconf 78' lang='lat' dir='ltr'>de</span> <span class='ocrx_word' id='word_1_684' title='bbox 3376 3861 3592 3932; x_wconf 74' lang='lat' dir='ltr'>talibus</span> <span class='ocrx_word' id='word_1_685' title='bbox 3632 3861 3844 3933; x_wconf 48' lang='lat' dir='ltr'>egisti-</span> 
     </span>
    </p>
   </div>
   <div class='ocr_carea' id='block_1_100' title="bbox 2193 3937 3846 4024">
    <p class='ocr_par' dir='ltr' id='par_1_100' title="bbox 2193 3937 3846 4024">
     <span class='ocr_line' id='line_1_100' title="bbox 2193 3937 3846 4024; baseline 0 -21"><span class='ocrx_word' id='word_1_686' title='bbox 2193 3939 2474 4004; x_wconf 87' lang='lat' dir='ltr'>mandum</span> <span class='ocrx_word' id='word_1_687' title='bbox 2505 3953 2614 4015; x_wconf 92' lang='lat' dir='ltr'>est,</span> <span class='ocrx_word' id='word_1_688' title='bbox 2647 3949 2759 4004; x_wconf 89' lang='lat' dir='ltr'>nisi</span> <span class='ocrx_word' id='word_1_689' title='bbox 2794 3949 2933 4024; x_wconf 82' lang='lat' dir='ltr'>quia</span> <span class='ocrx_word' id='word_1_690' title='bbox 2955 3937 3290 4022; x_wconf 75' lang='lat' dir='ltr'>splendore,</span> <span class='ocrx_word' id='word_1_691' title='bbox 3310 3950 3367 4008; x_wconf 89' lang='lat' dir='ltr'>id</span> <span class='ocrx_word' id='word_1_692' title='bbox 3391 3949 3702 4022; x_wconf 49' lang='lat' dir='ltr'>estmagni;</span> <span class='ocrx_word' id='word_1_693' title='bbox 3724 3953 3846 4019; x_wconf 39' lang='lat'>1,19.-</span> 
     </span>
    </p>
   </div>
   <div class='ocr_carea' id='block_1_101' title="bbox 2192 4037 3848 4112">
    <p class='ocr_par' dir='ltr' id='par_1_101' title="bbox 2192 4037 3848 4112">
     <span class='ocr_line' id='line_1_101' title="bbox 2192 4037 3848 4112; baseline 0.002 -21"><span class='ocrx_word' id='word_1_694' title='bbox 2192 4038 2336 4092; x_wconf 89' lang='lat' dir='ltr'>mini</span> <span class='ocrx_word' id='word_1_695' title='bbox 2370 4039 2554 4093; x_wconf 89' lang='lat' dir='ltr'>nostri</span> <span class='ocrx_word' id='word_1_696' title='bbox 2581 4037 2724 4106; x_wconf 83' lang='lat' dir='ltr'>satis</span> <span class='ocrx_word' id='word_1_697' title='bbox 2747 4037 2985 4110; x_wconf 90' lang='lat' dir='ltr'>quidem</span> <span class='ocrx_word' id='word_1_698' title='bbox 3009 4037 3327 4112; x_wconf 77' lang='lat' dir='ltr'>illuminati</span> <span class='ocrx_word' id='word_1_699' title='bbox 3349 4038 3490 4112; x_wconf 89' lang='lat' dir='ltr'>sint,</span> <span class='ocrx_word' id='word_1_700' title='bbox 3522 4039 3623 4111; x_wconf 72' lang='lat' dir='ltr'>sed</span> <span class='ocrx_word' id='word_1_701' title='bbox 3653 4037 3848 4110; x_wconf 73' lang='lat' dir='ltr'>Spiri-</span> 
     </span>
    </p>
   </div>
   <div class='ocr_carea' id='block_1_102' title="bbox 2191 4126 3847 4200">
    <p class='ocr_par' dir='ltr' id='par_1_102' title="bbox 2191 4126 3847 4200">
     <span class='ocr_line' id='line_1_102' title="bbox 2191 4126 3847 4200; baseline 0.002 -19"><span class='ocrx_word' id='word_1_702' title='bbox 2191 4132 2287 4182; x_wconf 90' lang='lat' dir='ltr'>tus</span> <span class='ocrx_word' id='word_1_703' title='bbox 2304 4127 2490 4198; x_wconf 85' lang='lat' dir='ltr'>sancti</span> <span class='ocrx_word' id='word_1_704' title='bbox 2514 4126 2762 4198; x_wconf 81' lang='lat' dir='ltr'>calorem</span> <span class='ocrx_word' id='word_1_705' title='bbox 2799 4127 3042 4196; x_wconf 89' lang='lat' dir='ltr'>minime</span> <span class='ocrx_word' id='word_1_706' title='bbox 3067 4128 3417 4190; x_wconf 85' lang='lat' dir='ltr'>senserunt?</span> <span class='ocrx_word' id='word_1_707' title='bbox 3447 4126 3847 4200; x_wconf 65' lang='lat' dir='ltr'>Sienimcpm</span> 
     </span>
    </p>
   </div>
   <div class='ocr_carea' id='block_1_103' title="bbox 2192 4214 3849 4292">
    <p class='ocr_par' dir='ltr' id='par_1_103' title="bbox 2192 4214 3849 4292">
     <span class='ocr_line' id='line_1_103' title="bbox 2192 4214 3849 4292; baseline 0.002 -22"><span class='ocrx_word' id='word_1_708' title='bbox 2192 4214 2500 4289; x_wconf 88' lang='lat' dir='ltr'>splendore</span> <span class='ocrx_word' id='word_1_709' title='bbox 2530 4214 2689 4272; x_wconf 89' lang='lat' dir='ltr'>calor</span> <span class='ocrx_word' id='word_1_710' title='bbox 2719 4217 2935 4288; x_wconf 82' lang='lat' dir='ltr'>pariter</span> <span class='ocrx_word' id='word_1_711' title='bbox 2964 4215 3290 4289; x_wconf 84' lang='lat' dir='ltr'>spiritualis</span> <span class='ocrx_word' id='word_1_712' title='bbox 3339 4216 3691 4292; x_wconf 57' lang='lat' dir='ltr'>advenisset,</span> <span class='ocrx_word' id='word_1_713' title='bbox 3737 4233 3849 4276; x_wconf 84' lang='lat' dir='ltr'>ne-</span> 
     </span>
    </p>
   </div>
   <div class='ocr_carea' id='block_1_104' title="bbox 2193 4299 3843 4382">
    <p class='ocr_par' dir='ltr' id='par_1_104' title="bbox 2193 4299 3843 4382">
     <span class='ocr_line' id='line_1_104' title="bbox 2193 4299 3843 4382; baseline 0.002 -22"><span class='ocrx_word' id='word_1_714' title='bbox 2193 4321 2489 4376; x_wconf 83' lang='lat' dir='ltr'>quaquam</span> <span class='ocrx_word' id='word_1_715' title='bbox 2515 4303 2594 4372; x_wconf 86' lang='lat' dir='ltr'>ita</span> <span class='ocrx_word' id='word_1_716' title='bbox 2619 4299 2847 4378; x_wconf 81' lang='lat' dir='ltr'>tepidos</span> <span class='ocrx_word' id='word_1_717' title='bbox 2866 4309 2923 4360; x_wconf 90' lang='lat' dir='ltr'>et</span> <span class='ocrx_word' id='word_1_718' title='bbox 2946 4305 3305 4382; x_wconf 77' lang='lat' dir='ltr'>negligentes</span> <span class='ocrx_word' id='word_1_719' title='bbox 3328 4305 3461 4378; x_wconf 80' lang='lat' dir='ltr'>illos</span> <span class='ocrx_word' id='word_1_720' title='bbox 3485 4305 3843 4379; x_wconf 66' lang='lat' dir='ltr'>reliquisset.</span> 
     </span>
    </p>
   </div>
   <div class='ocr_carea' id='block_1_105' title="bbox 2266 4391 3852 4468">
    <p class='ocr_par' dir='ltr' id='par_1_105' title="bbox 2266 4391 3852 4468">
     <span class='ocr_line' id='line_1_105' title="bbox 2266 4391 3852 4468; baseline 0.004 -21"><span class='ocrx_word' id='word_1_721' title='bbox 2266 4391 2337 4448; x_wconf 88' lang='lat' dir='ltr'>Ut</span> <span class='ocrx_word' id='word_1_722' title='bbox 2368 4398 2564 4449; x_wconf 90' lang='lat' dir='ltr'>autem</span> <span class='ocrx_word' id='word_1_723' title='bbox 2596 4393 2804 4449; x_wconf 90' lang='lat' dir='ltr'>caloris</span> <span class='ocrx_word' id='word_1_724' title='bbox 2835 4394 2980 4450; x_wconf 91' lang='lat' dir='ltr'>tanti</span> <span class='ocrx_word' id='word_1_725' title='bbox 3012 4394 3357 4468; x_wconf 74' lang='lat' dir='ltr'>mysterium</span> <span class='ocrx_word' id='word_1_726' title='bbox 3390 4411 3505 4460; x_wconf 86' lang='lat' dir='ltr'>non</span> <span class='ocrx_word' id='word_1_727' title='bbox 3539 4394 3734 4467; x_wconf 67' lang='lat' dir='ltr'>solum</span> <span class='ocrx_word' id='word_1_728' title='bbox 3767 4412 3852 4465; x_wconf 55' lang='lat' dir='ltr'>ex</span> 
     </span>
    </p>
   </div>
   <div class='ocr_carea' id='block_1_106' title="bbox 2193 4482 3847 4558">
    <p class='ocr_par' dir='ltr' id='par_1_106' title="bbox 2193 4482 3847 4558">
     <span class='ocr_line' id='line_1_106' title="bbox 2193 4482 3847 4558; baseline 0.002 -21"><span class='ocrx_word' id='word_1_729' title='bbox 2193 4482 2528 4554; x_wconf 81' lang='lat' dir='ltr'>conjectura</span> <span class='ocrx_word' id='word_1_730' title='bbox 2557 4484 2811 4554; x_wconf 86' lang='lat' dir='ltr'>propria,</span> <span class='ocrx_word' id='word_1_731' title='bbox 2843 4500 3044 4558; x_wconf 71' lang='lat' dir='ltr'>verum</span> <span class='ocrx_word' id='word_1_732' title='bbox 3077 4483 3253 4550; x_wconf 84' lang='lat' dir='ltr'>etiam</span> <span class='ocrx_word' id='word_1_733' title='bbox 3298 4501 3477 4552; x_wconf 67' lang='lat' dir='ltr'>sacrae</span> <span class='ocrx_word' id='word_1_734' title='bbox 3527 4483 3847 4558; x_wconf 52' lang='lat' dir='ltr'>Scriptura</span> 
     </span>
    </p>
   </div>
   <div class='ocr_carea' id='block_1_107' title="bbox 2194 4570 3850 4652">
    <p class='ocr_par' dir='ltr' id='par_1_107' title="bbox 2194 4570 3850 4652">
     <span class='ocr_line' id='line_1_107' title="bbox 2194 4570 3850 4652; baseline 0.004 -28"><span class='ocrx_word' id='word_1_735' title='bbox 2194 4570 2527 4626; x_wconf 89' lang='lat' dir='ltr'>testimonio</span> <span class='ocrx_word' id='word_1_736' title='bbox 2550 4572 3090 4648; x_wconf 80' lang='lat' dir='ltr'>approbem,n9nne</span> <span class='ocrx_word' id='word_1_737' title='bbox 3110 4573 3361 4652; x_wconf 76' lang='lat' dir='ltr'>Spiritus</span> <span class='ocrx_word' id='word_1_738' title='bbox 3376 4576 3616 4649; x_wconf 67' lang='lat' dir='ltr'>sanctus</span> <span class='ocrx_word' id='word_1_739' title='bbox 3631 4571 3690 4644; x_wconf 76' lang='lat' dir='ltr'>in</span> <span class='ocrx_word' id='word_1_740' title='bbox 3707 4573 3850 4648; x_wconf 65' lang='lat' dir='ltr'>igne</span> 
     </span>
    </p>
   </div>
   <div class='ocr_carea' id='block_1_108' title="bbox 2195 4659 3847 4740">
    <p class='ocr_par' dir='ltr' id='par_1_108' title="bbox 2195 4659 3847 4740">
     <span class='ocr_line' id='line_1_108' title="bbox 2195 4659 3847 4740; baseline 0.004 -27"><span class='ocrx_word' id='word_1_741' title='bbox 2195 4675 2373 4733; x_wconf 91' lang='lat' dir='ltr'>super</span> <span class='ocrx_word' id='word_1_742' title='bbox 2394 4659 2690 4732; x_wconf 84' lang='lat' dir='ltr'>apostolos</span> <span class='ocrx_word' id='word_1_743' title='bbox 2713 4659 3187 4740; x_wconf 73' lang='lat' dir='ltr'>venisse,eosque</span> <span class='ocrx_word' id='word_1_744' title='bbox 3209 4665 3370 4734; x_wconf 62' lang='lat' dir='ltr'>tanto</span> <span class='ocrx_word' id='word_1_745' title='bbox 3389 4663 3614 4734; x_wconf 71' lang='lat' dir='ltr'>fervere</span> <span class='ocrx_word' id='word_1_746' title='bbox 3631 4677 3847 4734; x_wconf 55' lang='lat' dir='ltr'>accep-</span> 
     </span>
    </p>
   </div>
   <div class='ocr_carea' id='block_1_109' title="bbox 2197 4746 3846 4823">
    <p class='ocr_par' dir='ltr' id='par_1_109' title="bbox 2197 4746 3846 4823">
     <span class='ocr_line' id='line_1_109' title="bbox 2197 4746 3846 4823; baseline 0.002 -21"><span class='ocrx_word' id='word_1_747' title='bbox 2197 4746 2356 4823; x_wconf 77' lang='lat' dir='ltr'>disse</span> <span class='ocrx_word' id='word_1_748' title='bbox 2386 4748 2599 4822; x_wconf 86' lang='lat' dir='ltr'>legitur</span> <span class='ocrx_word' id='word_1_749' title='bbox 2628 4755 2692 4805; x_wconf 90' lang='lat' dir='ltr'>ut</span> <span class='ocrx_word' id='word_1_750' title='bbox 2722 4748 2945 4822; x_wconf 86' lang='lat' dir='ltr'>nullam</span> <span class='ocrx_word' id='word_1_751' title='bbox 2975 4749 3171 4822; x_wconf 66' lang='lat' dir='ltr'>saeculi</span> <span class='ocrx_word' id='word_1_752' title='bbox 3198 4748 3713 4821; x_wconf 58' lang='lat' dir='ltr'>potentiammulla</span> <span class='ocrx_word' id='word_1_753' title='bbox 3729 4750 3846 4816; x_wconf 46' lang='lat' dir='ltr'>hu:</span> 
     </span>
    </p>
   </div>
   <div class='ocr_carea' id='block_1_110' title="bbox 2201 4838 3848 4912">
    <p class='ocr_par' dir='ltr' id='par_1_110' title="bbox 2201 4838 3848 4912">
     <span class='ocr_line' id='line_1_110' title="bbox 2201 4838 3848 4912; baseline 0.004 -20"><span class='ocrx_word' id='word_1_754' title='bbox 2201 4853 2384 4892; x_wconf 64' lang='lat' dir='ltr'>mante</span> <span class='ocrx_word' id='word_1_755' title='bbox 2433 4838 2666 4893; x_wconf 69' lang='lat' dir='ltr'>saevitiae</span> <span class='ocrx_word' id='word_1_756' title='bbox 2716 4843 3006 4894; x_wconf 83' lang='lat' dir='ltr'>tormenta</span> <span class='ocrx_word' id='word_1_757' title='bbox 3055 4839 3474 4910; x_wconf 75' lang='lat' dir='ltr'>formidarent?</span> <span class='ocrx_word' id='word_1_758' title='bbox 3512 4839 3593 4902; x_wconf 83' lang='lat' dir='ltr'>De</span> <span class='ocrx_word' id='word_1_759' title='bbox 3635 4840 3848 4912; x_wconf 65' lang='lat' dir='ltr'>epde</span> 
     </span>
    </p>
   </div>
   <div class='ocr_carea' id='block_1_111' title="bbox 2197 4926 3850 5009">
    <p class='ocr_par' dir='ltr' id='par_1_111' title="bbox 2197 4926 3850 5009">
     <span class='ocr_line' id='line_1_111' title="bbox 2197 4926 3850 5009; baseline 0.004 -30"><span class='ocrx_word' id='word_1_760' title='bbox 2197 4926 2385 4982; x_wconf 88' lang='lat' dir='ltr'>calore</span> <span class='ocrx_word' id='word_1_761' title='bbox 2413 4931 2470 4980; x_wconf 88' lang='lat' dir='ltr'>et</span> <span class='ocrx_word' id='word_1_762' title='bbox 2501 4926 2632 4998; x_wconf 83' lang='lat' dir='ltr'>igne</span> <span class='ocrx_word' id='word_1_763' title='bbox 2665 4928 2835 4982; x_wconf 88' lang='lat' dir='ltr'>credo</span> <span class='ocrx_word' id='word_1_764' title='bbox 2869 4927 3182 4998; x_wconf 83' lang='lat' dir='ltr'>Dominum</span> <span class='ocrx_word' id='word_1_765' title='bbox 3210 4928 3428 4992; x_wconf 81' lang='lat' dir='ltr'>dixisse</span> <span class='ocrx_word' id='word_1_766' title='bbox 3461 4946 3474 4983; x_wconf 86' lang='lat'>:</span> <span class='ocrx_word' id='word_1_767' title='bbox 3503 4930 3689 5009; x_wconf 66' lang='lat' dir='ltr'>ignem</span> <span class='ocrx_word' id='word_1_768' title='bbox 3718 4945 3850 4986; x_wconf 72' lang='lat' dir='ltr'>rem</span> 
     </span>
    </p>
   </div>
   <div class='ocr_carea' id='block_1_112' title="bbox 2195 5016 3838 5096">
    <p class='ocr_par' dir='ltr' id='par_1_112' title="bbox 2195 5016 3838 5096">
     <span class='ocr_line' id='line_1_112' title="bbox 2195 5016 3838 5096; baseline 0.002 -26"><span class='ocrx_word' id='word_1_769' title='bbox 2195 5017 2413 5070; x_wconf 84' lang='lat' dir='ltr'>mittere</span> <span class='ocrx_word' id='word_1_770' title='bbox 2442 5017 2502 5071; x_wconf 89' lang='lat' dir='ltr'>in</span> <span class='ocrx_word' id='word_1_771' title='bbox 2529 5021 2755 5086; x_wconf 81' lang='lat' dir='ltr'>terram,</span> <span class='ocrx_word' id='word_1_772' title='bbox 2795 5021 2846 5071; x_wconf 83' lang='lat' dir='ltr'>et</span> <span class='ocrx_word' id='word_1_773' title='bbox 2886 5016 3015 5086; x_wconf 84' lang='lat' dir='ltr'>quid</span> <span class='ocrx_word' id='word_1_774' title='bbox 3044 5018 3162 5076; x_wconf 85' lang='lat' dir='ltr'>volo</span> <span class='ocrx_word' id='word_1_775' title='bbox 3190 5019 3305 5074; x_wconf 75' lang='lat' dir='ltr'>nisi</span> <span class='ocrx_word' id='word_1_776' title='bbox 3335 5026 3393 5096; x_wconf 72' lang='lat' dir='ltr'>ut</span> <span class='ocrx_word' id='word_1_777' title='bbox 3419 5018 3645 5096; x_wconf 64' lang='lat' dir='ltr'>ardeat?</span> <span class='ocrx_word' id='word_1_778' title='bbox 3667 5020 3838 5096; x_wconf 62' lang='lat' dir='ltr'>(Luc,</span> 
     </span>
    </p>
   </div>
   <div class='ocr_carea' id='block_1_113' title="bbox 2195 5095 3848 5184">
    <p class='ocr_par' dir='ltr' id='par_1_113' title="bbox 2195 5095 3848 5184">
     <span class='ocr_line' id='line_1_113' title="bbox 2195 5095 3848 5184; baseline 0.002 -26"><span class='ocrx_word' id='word_1_779' title='bbox 2195 5121 2296 5169; x_wconf 74' lang='grc' dir='ltr'>χιι,</span> <span class='ocrx_word' id='word_1_780' title='bbox 2326 5104 2432 5173; x_wconf 71' lang='grc'>49).</span> <span class='ocrx_word' id='word_1_781' title='bbox 2467 5103 2576 5160; x_wconf 81' lang='lat' dir='ltr'>Sed</span> <span class='ocrx_word' id='word_1_782' title='bbox 2607 5107 2664 5170; x_wconf 85' lang='lat' dir='ltr'>et</span> <span class='ocrx_word' id='word_1_783' title='bbox 2694 5103 2822 5170; x_wconf 92' lang='lat' dir='ltr'>hoc,</span> <span class='ocrx_word' id='word_1_784' title='bbox 2857 5105 3010 5184; x_wconf 88' lang='lat' dir='ltr'>quod</span> <span class='ocrx_word' id='word_1_785' title='bbox 3046 5103 3327 5176; x_wconf 80' lang='lat' dir='ltr'>Dominus</span> <span class='ocrx_word' id='word_1_786' title='bbox 3370 5095 3848 5176; x_wconf 9' lang='lat' dir='ltr'>dicitfziEcce-sta</span> 
     </span>
    </p>
   </div>
   <div class='ocr_carea' id='block_1_114' title="bbox 2194 5193 3851 5272">
    <p class='ocr_par' dir='ltr' id='par_1_114' title="bbox 2194 5193 3851 5272">
     <span class='ocr_line' id='line_1_114' title="bbox 2194 5193 3851 5272; baseline 0.004 -25"><span class='ocrx_word' id='word_1_787' title='bbox 2194 5193 2274 5254; x_wconf 83' lang='lat' dir='ltr'>ad</span> <span class='ocrx_word' id='word_1_788' title='bbox 2303 5195 2522 5263; x_wconf 80' lang='lat' dir='ltr'>ostium,</span> <span class='ocrx_word' id='word_1_789' title='bbox 2553 5201 2602 5248; x_wconf 87' lang='lat' dir='ltr'>et</span> <span class='ocrx_word' id='word_1_790' title='bbox 2630 5195 2807 5264; x_wconf 82' lang='lat' dir='ltr'>pulso,</span> <span class='ocrx_word' id='word_1_791' title='bbox 2839 5197 2953 5248; x_wconf 87' lang='lat' dir='ltr'>etc.</span> <span class='ocrx_word' id='word_1_792' title='bbox 2997 5193 3179 5268; x_wconf 80' lang='lat' dir='ltr'>(Apoc.</span> <span class='ocrx_word' id='word_1_793' title='bbox 3233 5211 3316 5265; x_wconf 67' lang='lat' dir='ltr'>ut,</span> <span class='ocrx_word' id='word_1_794' title='bbox 3369 5195 3461 5266; x_wconf 76' lang='lat'>20)</span> <span class='ocrx_word' id='word_1_795' title='bbox 3493 5195 3552 5268; x_wconf 80' lang='lat' dir='ltr'>in</span> <span class='ocrx_word' id='word_1_796' title='bbox 3583 5195 3851 5272; x_wconf 68' lang='lat' dir='ltr'>qualibet</span> 
     </span>
    </p>
   </div>
   <div class='ocr_carea' id='block_1_115' title="bbox 2196 5279 3851 5362">
    <p class='ocr_par' dir='ltr' id='par_1_115' title="bbox 2196 5279 3851 5362">
     <span class='ocr_line' id='line_1_115' title="bbox 2196 5279 3851 5362; baseline 0.003 -26"><span class='ocrx_word' id='word_1_797' title='bbox 2196 5281 2431 5336; x_wconf 87' lang='lat' dir='ltr'>homine</span> <span class='ocrx_word' id='word_1_798' title='bbox 2462 5281 2602 5336; x_wconf 89' lang='lat' dir='ltr'>solis</span> <span class='ocrx_word' id='word_1_799' title='bbox 2633 5279 2940 5360; x_wconf 88' lang='lat' dir='ltr'>splendore</span> <span class='ocrx_word' id='word_1_800' title='bbox 2971 5281 3330 5350; x_wconf 85' lang='lat' dir='ltr'>circumdato</span> <span class='ocrx_word' id='word_1_801' title='bbox 3362 5284 3604 5362; x_wconf 70' lang='lat' dir='ltr'>mystice</span> <span class='ocrx_word' id='word_1_802' title='bbox 3627 5283 3851 5362; x_wconf 71' lang='lat' dir='ltr'>intueri</span> 
     </span>
    </p>
   </div>
   <div class='ocr_carea' id='block_1_116' title="bbox 2196 5359 3853 5450">
    <p class='ocr_par' dir='ltr' id='par_1_116' title="bbox 2196 5359 3853 5450">
     <span class='ocr_line' id='line_1_116' title="bbox 2196 5359 3853 5450; baseline 0.004 -26"><span class='ocrx_word' id='word_1_803' title='bbox 2196 5371 2650 5436; x_wconf 82' lang='lat' dir='ltr'>valemus.Sicut</span> <span class='ocrx_word' id='word_1_804' title='bbox 2680 5370 2834 5444; x_wconf 89' lang='lat' dir='ltr'>enim</span> <span class='ocrx_word' id='word_1_805' title='bbox 2867 5371 3144 5444; x_wconf 87' lang='lat' dir='ltr'>splendor</span> <span class='ocrx_word' id='word_1_806' title='bbox 3173 5371 3314 5444; x_wconf 84' lang='lat' dir='ltr'>solis</span> <span class='ocrx_word' id='word_1_807' title='bbox 3343 5359 3674 5450; x_wconf 68' lang='lat' dir='ltr'>omnemad</span> <span class='ocrx_word' id='word_1_808' title='bbox 3695 5359 3853 5448; x_wconf 69' lang='lat' dir='ltr'>lucis</span> 
     </span>
    </p>
   </div>
   <div class='ocr_carea' id='block_1_117' title="bbox 2197 5453 3849 5538">
    <p class='ocr_par' dir='ltr' id='par_1_117' title="bbox 2197 5453 3849 5538">
     <span class='ocr_line' id='line_1_117' title="bbox 2197 5453 3849 5538; baseline 0 -22"><span class='ocrx_word' id='word_1_809' title='bbox 2197 5478 2312 5516; x_wconf 66' lang='lat' dir='ltr'>sua:</span> <span class='ocrx_word' id='word_1_810' title='bbox 2348 5460 2540 5526; x_wconf 81' lang='lat' dir='ltr'>radios</span> <span class='ocrx_word' id='word_1_811' title='bbox 2564 5455 3032 5535; x_wconf 33' lang='lat' dir='ltr'>venientem&#39;non</span> <span class='ocrx_word' id='word_1_812' title='bbox 3065 5460 3292 5538; x_wconf 75' lang='lat' dir='ltr'>repellit</span> <span class='ocrx_word' id='word_1_813' title='bbox 3317 5461 3418 5520; x_wconf 80' lang='lat' dir='ltr'>sed</span> <span class='ocrx_word' id='word_1_814' title='bbox 3452 5453 3849 5538; x_wconf 71' lang='lat' dir='ltr'>illustrat:</span> 
     </span>
    </p>
   </div>
   <div class='ocr_carea' id='block_1_118' title="bbox 2196 5537 3849 5634">
    <p class='ocr_par' dir='ltr' id='par_1_118' title="bbox 2196 5537 3849 5634">
     <span class='ocr_line' id='line_1_118' title="bbox 2196 5537 3849 5634; baseline 0.002 -30"><span class='ocrx_word' id='word_1_815' title='bbox 2196 5553 2254 5604; x_wconf 90' lang='lat' dir='ltr'>et</span> <span class='ocrx_word' id='word_1_816' title='bbox 2282 5549 2545 5606; x_wconf 84' lang='lat' dir='ltr'>Salvator</span> <span class='ocrx_word' id='word_1_817' title='bbox 2566 5552 2763 5605; x_wconf 90' lang='lat' dir='ltr'>noster</span> <span class='ocrx_word' id='word_1_818' title='bbox 2786 5565 2988 5622; x_wconf 85' lang='lat' dir='ltr'>omnes</span> <span class='ocrx_word' id='word_1_819' title='bbox 3012 5549 3085 5606; x_wconf 88' lang='lat' dir='ltr'>ad</span> <span class='ocrx_word' id='word_1_820' title='bbox 3115 5537 3176 5620; x_wconf 76' lang='lat' dir='ltr'>se</span> <span class='ocrx_word' id='word_1_821' title='bbox 3205 5549 3504 5634; x_wconf 70' lang='lat' dir='ltr'>venientes</span> <span class='ocrx_word' id='word_1_822' title='bbox 3519 5537 3849 5634; x_wconf 55' lang='lat' dir='ltr'>clementer</span> 
     </span>
    </p>
   </div>
   <div class='ocr_carea' id='block_1_119' title="bbox 2197 5631 3848 5722">
    <p class='ocr_par' dir='ltr' id='par_1_119' title="bbox 2197 5631 3848 5722">
     <span class='ocr_line' id='line_1_119' title="bbox 2197 5631 3848 5722; baseline 0.005 -28"><span class='ocrx_word' id='word_1_823' title='bbox 2197 5638 2459 5711; x_wconf 84' lang='lat' dir='ltr'>suscipit.</span> <span class='ocrx_word' id='word_1_824' title='bbox 2499 5638 2656 5694; x_wconf 89' lang='lat' dir='ltr'>Unde</span> <span class='ocrx_word' id='word_1_825' title='bbox 2680 5641 2739 5694; x_wconf 90' lang='lat' dir='ltr'>et</span> <span class='ocrx_word' id='word_1_826' title='bbox 2768 5655 2866 5712; x_wconf 83' lang='lat' dir='ltr'>eos</span> <span class='ocrx_word' id='word_1_827' title='bbox 2898 5638 2971 5710; x_wconf 77' lang='lat' dir='ltr'>ad</span> <span class='ocrx_word' id='word_1_828' title='bbox 3000 5655 3062 5714; x_wconf 66' lang='lat' dir='ltr'>se</span> <span class='ocrx_word' id='word_1_829' title='bbox 3085 5637 3278 5714; x_wconf 66' lang='lat' dir='ltr'>venire,</span> <span class='ocrx_word' id='word_1_830' title='bbox 3304 5631 3804 5722; x_wconf 48' lang='lat' dir='ltr'>hortaturﬂicﬁpﬁ</span> <span class='ocrx_word' id='word_1_831' title='bbox 3828 5657 3848 5702; x_wconf 85' lang='lat'><strong>:</strong></span> 
     </span>
    </p>
   </div>
  </div>
