4098 6172
263 377 383 441 ιω

1236 378 1386 443 LlB.
1432 376 1536 442 DE
1579 379 2299 447 ΑΒΜὺΝΙτΓνΟΙλΕΗΙΒ.
2343 383 2445 447 ET
2493 386 2689 448 LAIC.

3548 387 3675 457 250

272 513 458 570 Venite
482 508 555 568 ad
585 528 690 579 me,
723 529 905 571 mes
934 515 1034 587 qui
1063 516 1323 575 laboratis
1350 526 1402 574 et
1441 520 1657 574 onerati
1684 521 1831 588 estis,
1862 528 1913 577 et
1940 521 1995 588 Α
2027 525 2266 593 apparet
2295 526 2523 577 tantum
2555 522 2807 579 calorem
2830 523 2910 579 ab
2941 528 3189 597 utroque
3242 523 3661 587 procedentom

274 618 371 674 ego
398 604 654 673 reﬁciam
683 621 773 661 vos
801 606 1020 676 (Matth.
1053 624 1129 675 x1,
1162 608 1424 677 28).Item
1456 608 1607 664 sicut
1638 609 1914 681 splendor

264 691 407 748 solis
440 692 756 749 exteriores
784 693 1103 765 cujuslibet
1131 696 1343 751 domus
1367 697 1617 767 parietes
1650 699 1912 771 undique

266 780 532 837 lustrans
560 782 953 853 nequitineos
966 784 1329 856 quiinterius
1354 791 1496 842 sunt
1516 787 1700 843 clausi
1723 788 1911 843 lucem

265 870 809 940 suamimmittere,
833 872 981 928 ostio
1024 878 1222 929 autem
1274 880 1479 947 aperto
1539 894 1671 933 mox
1723 879 1782 931 in
1814 894 1912 933 eos

262 960 534 1027 ﬂandit,
566 961 850 1017 itaetiam
884 962 1169 1019 Dominus
1206 970 1409 1020 noster
1448 983 1566 1038 per
1593 966 1911 1022 divinitatis

264 1050 741 1122 sumpotentiam
757 1051 982 1123 jugiter
1004 1054 1331 1125 respiciens
1349 1072 1526 1127 super
1552 1055 1910 1111 filioshomi-

263 1155 403 1199 nam
435 1142 507 1194 ut
529 1139 796 1203 uideatsi
812 1141 1704 1216 uestintslligensmntrequirens
1727 1146 1909 1201 Deum

268 1226 444 1295 (Emi.
478 1245 580 1296 ιιι,
611 1230 688 1298 3),
722 1230 1127 1301 queritquasi
1145 1230 1411 1302 pulsans,
1446 1234 1545 1305 qui
1579 1234 1630 1287 ei
1669 1235 1910 1303 januam

269 1317 463 1373 surdis
488 1318 721 1389 aperiat
752 1319 978 1388 :jauua
1006 1324 1203 1375 autem
1236 1321 1425 1377 cordis
1464 1327 1553 1378 est
1582 1338 1769 1380 mens.
1794 1324 1911 1379 Ubi

266 1421 408 1477 ergo
436 1406 721 1463 Dominus
738 1408 986 1477 .januam
1018 1409 1363 1479 clausam,id
1386 1415 1763 1479 est,mentem
1787 1413 1912 1467 inﬁ-

270 1494 454 1550 delem
486 1500 544 1549 et
571 1496 902 1552 indevotam
928 1498 1005 1553 ad
1021 1498 1204 1554 totius
1224 1499 1521 1571 religionis
1543 1502 1805 1556 studium
1827 1502 1911 1556 in-

269 1584 440 1649 venit,
476 1583 853 1641 dolensinde
884 1587 1116 1642 recedit.
1139 1588 1349 1644 Dolens
1378 1588 1645 1645 videlicet
1670 1608 1773 1662 per
1802 1590 1911 1645 hu-

267 1673 613 1729 manitatem
644 1679 985 1747 susceptam
1007 1676 1237 1733 sicutet
1266 1677 1325 1732 in
1348 1678 1656 1751 Evangelio
1676 1678 1907 1751 legitur,

263 1762 401 1834 quia
428 1778 565 1829 cum
585 1763 1085 1836 appropinquaret
1142 1766 1500 1822 Hierusalem
1533 1768 1710 1823 ﬂlevit
1728 1785 1913 1841 super

2023 612 2315 667 sentimus
2339 617 2401 667 ut
2430 612 2521 665 vix
2544 613 3117 669 eumsustineamus.
3143 614 3507 685 Quapropter
3527 613 3669 685 quia

2021 704 2223 755 tantus
2266 700 2442 768 calor,
2475 699 2644 773 longe
2674 700 2837 772 prius
2868 718 3044 773 quam
3078 703 3201 774 ipsc
3246 702 3331 757 sol
3361 702 3664 773 splendor-

2023 806 2135 860 que
2164 790 2293 859 ejus
2324 790 2895 861 appareat,sentitur,
2926 791 3247 861 praecedere
3276 806 3411 845 eum
3436 790 3666 861 dicipo-

2021 882 2157 946 test,
2190 877 2324 933 licet
2353 879 2424 933 ab
2458 878 2555 934 illo
2589 895 2891 949 nunquam
2925 879 3173 933 recedat.
3207 879 3423 933 Eadem
3450 880 3521 933 de
3540 896 3663 935 aro-

2024 972 2249 1023 metum
2282 968 2679 1039 quorumlibet
2708 969 2995 1023 odorifera
3026 967 3308 1023 suavitate
3337 967 3540 1021 sentiri
3561 983 3663 1022 va-

2021 1056 2161 1111 lent.
2196 1057 2537 1129 Ubicunque
2568 1058 2725 1113 enim
2754 1057 3087 1113 incenditur
3114 1057 3274 1127 thus,
3306 1056 3393 1110 vel
3427 1055 3663 1127 myrrha

2020 1144 2109 1200 vel
2140 1145 3056 1217 aliahujusmodispecieseorum
3077 1161 3202 1217 quae
3228 1142 3425 1215 procul
3448 1143 3666 1198 absunt

2023 1250 2192 1289 nares
2225 1234 2571 1306 priusquam
2601 1234 2789 1289 visum
2819 1234 2976 1290 dulci
3006 1235 3180 1290 odore
3212 1231 3516 1305 contingit,
3559 1246 3663 1286 nec

2022 1326 2216 1377 tamen
2249 1324 2320 1377 ab
2352 1322 2628 1379 incensus
2661 1324 2750 1379 sui
2782 1324 3117 1380 substantia
3168 1322 3406 1379 recedit.
3436 1321 3493 1379 Si
3527 1336 3662 1391 ergo

2022 1413 2184 1465 tanta
2213 1411 2299 1465 vis
2331 1414 2418 1467 est
2449 1411 2755 1483 utriusque
2769 1412 2979 1467 caloris
3006 1412 3273 1468 videlicet
3301 1416 3357 1466 et
3377 1410 3665 1482 odoris,ut

2022 1500 2411 1570 praecedentes
2438 1501 2751 1555 adventum
2785 1517 2985 1556 eorum
3012 1518 3044 1556 a
3076 1501 3296 1571 quibus
3319 1500 3663 1571 procedunt,

2021 1588 2535 1660 demulcentesque
2566 1607 2804 1645 sensum
2830 1606 3031 1645 eorum
3055 1589 3269 1660 quibus
3292 1589 3661 1660 ingeruntur,

2022 1678 2412 1732 substantiam
2431 1677 2721 1749 propriam
2738 1695 2851 1733 non
2866 1678 3335 1749 relinquunt,cur
3348 1694 3462 1733 non
3477 1676 3661 1733 multo

2024 1765 2212 1837 magis
2242 1767 2531 1821 credenda
2563 1772 2651 1822 est
2674 1768 2857 1822 virtus
2871 1766 3124 1838 Spiritus
3161 1767 3345 1822 sancti
3370 1765 3666 1837 quoslibet

475 1850 624 1907 Nam
655 1851 946 1907 divinitati
977 1852 1177 1913 nullus
1199 1852 1367 1909 dolor
1394 1854 1622 1957 accidit.
1663 1855 1767 1911 Ubi
1805 1872 1909 1910 au-
1942 1894 1990 1957 Β
2018 1853 2314 1910 illustrare
2345 1859 2402 1910 et
2432 1856 2805 1926 praecedendo
2819 1871 3020 1909 eorum
3035 1856 3209 1910 corda
3224 1854 3495 1953 adventui
3518 1852 3661 1907 divi-

260 1943 377 1995 tem
402 1940 654 2010 januam
686 1945 972 2012 apertam,
1031 1947 1289 1998 mentem
1326 1942 1566 2009 scilicet,
1602 1943 1830 2000 ﬁdelem
1852 1950 1911 2000 et

262 2027 527 2093 devotam
559 2030 634 2084 ad
654 2029 959 2102 implenda
986 2030 1193 2087 divinis
1219 2032 1605 2088 institutionis
1631 2038 1915 2104 praecepta

263 2114 649 2182 inuenit,mox
677 2117 941 2185 intrat,et
956 2135 1089 2175 cum
1116 2120 1357 2191 hospitii
1379 2121 1566 2192 ipsius
1586 2121 1915 2178 habitatore

268 2210 478 2271 cenat,
499 2206 820 2263 infundens
851 2209 1019 2280 eiper
1038 2209 1483 2281 inspirationem
1502 2210 1757 2281 Spiritus
1778 2228 1912 2266 san-

263 2294 339 2348 cti
368 2296 887 2366 compunctionem
919 2302 1092 2368 atque
1109 2298 1514 2370 pcsnitentiam
1547 2304 1913 2370 peccatorum

268 2398 538 2449 suorum,
566 2400 678 2443 seu
704 2385 759 2439 ei
790 2401 1057 2440 reserans
1094 2403 1276 2447 sacris
1335 2387 1647 2458 Scriptura;
1681 2405 1913 2455 arcana,

268 2470 357 2528 vel
386 2472 739 2544 etiamquis
769 2474 898 2544 ejus
920 2475 1097 2531 cibus
1120 2480 1229 2543 est,
1264 2480 1329 2530 ut
1354 2476 1529 2532 faciat
1555 2477 1914 2533 voluntatem

268 2560 460 2616 Patris
492 2561 609 2629 sui,
628 2567 818 2621 cmest
849 2579 1072 2620 cumeo
1102 2565 1319 2621 faciens
1348 2565 1517 2620 illum
1548 2570 1919 2621 contemnere

267 2655 483 2705 minuta
511 2651 735 2707 caduca
754 2656 820 2707 .et
837 2652 967 2707 sola
978 2654 1252 2725 perennis
1268 2654 1393 2709 vita:
1417 2654 1747 2710 desiderare
1768 2672 1915 2727 gau-

267 2737 385 2795 tﬁa.
418 2737 943 2813 Hnjusmodiergo
975 2741 1305 2798 convivium
1349 2742 1470 2815 agit
1496 2743 1778 2799 Dominus
1810 2762 1914 2799 no-

266 2825 519 2896 biscum,
566 2830 801 2899 quando
830 2845 967 2889 cum
1016 2830 1412 2902 permittimus
1468 2832 1685 2887 intrare
1714 2832 1782 2887 ad
1817 2848 1916 2888 cor

265 2920 559 2973 nostrum.

337 3008 539 3061 Potest
560 3007 744 3075 etiam
780 3024 883 3079 per
908 3008 1067 3064 idem
1094 3008 1249 3071 solis
1261 3009 1606 3082 mysterium
1628 3010 1773 3066 illud
1806 3009 1913 3066 ali-

270 3100 564 3165 quatenus
587 3097 820 3169 inspici,
842 3099 996 3169 quod
1007 3098 1295 3154 Dominus
1316 3099 1486 3155 dicit:
1510 3100 1573 3153 Si
1589 3101 1712 3169 quis
1727 3100 1915 3169 diligit

267 3198 687 3253 m,semonem
709 3203 894 3243 meum
942 3188 1181 3243 servabit
1206 3192 1258 3242 et
1286 3194 1455 3243 Pater
1506 3205 1663 3243 meus
1709 3190 1913 3261 diliget

2023 1960 2097 1998 no
2129 1960 2451 2014 praeparare
2472 1960 2775 2014 nunquam
2805 1948 2999 1998 tamen
3033 1943 3106 1997 ab
3136 1941 3391 1997 essentia
3429 1941 3665 2013 propria

2024 2032 2299 2087 recedens
2331 2032 2359 2087 ?
2390 2032 2497 2096 Qui
2522 2032 2678 2087 enim
2710 2035 2869 2087 totus
2916 2035 3004 2087 est
3061 2031 3298 2102 ubique,
3330 2029 3493 2085 locus
3537 2045 3664 2085 esse

2022 2121 2249 2191 nequit,
2269 2121 2367 2176 ubi
2399 2120 2691 2191 desit,nisi
2724 2138 2838 2193 quo
2869 2119 3123 2176 tenebris
3157 2118 3393 2174 malitias
3418 2123 3475 2175 et
3506 2118 3666 2173 insa-

2023 2208 2251 2278 pientia':
2283 2210 2539 2281 fugatur,
2572 2210 2725 2265 sicut
2754 2210 3037 2280 scriptum
3092 2213 3179 2264 est
3211 2226 3227 2263 :
3260 2208 3488 2263 Sanctus
3515 2208 3666 2262 enim

2021 2298 2253 2368 spiritus
2273 2299 2590 2368 disciplina:
2610 2298 2975 2369 fugiet/ictum
2993 2296 3310 2371 etauferret
3324 2312 3383 2353 se
3405 2313 3439 2352 a
3458 2297 3663 2364 cogitas

2022 2387 2265 2443 tionibus
2295 2404 2413 2458 quas
2451 2394 2581 2442 sunt
2627 2389 2748 2442 sine
2797 2388 3097 2453 intellectu,
3158 2391 3267 2441 etc.
3329 2385 3478 2457 (Sap,
3513 2402 3553 2453 1,
3585 2383 3664 2453 5.)

2022 2474 2130 2531 Ubi
2164 2481 2359 2531 autem
2390 2478 2543 2531 idem
2577 2476 2831 2549 Spiritus
2860 2475 3209 2545 requiescat,
3261 2473 3542 2542 Dominus
3564 2488 3667 2544 per

2024 2565 2367 2637 prophetam
2399 2565 2639 2633 indicat,
2673 2566 2874 2620 dicens
2908 2581 2920 2618 :
2953 2564 3132 2636 Super
3170 2579 3331 2635 quem
3374 2562 3669 2633 requiescit

2026 2654 2265 2724 Spiritus
2289 2671 2442 2710 meus
2468 2656 2585 2709 nisi
2612 2670 2780 2725 super
2806 2654 3073 2709 humilem
3102 2656 3154 2708 et
3179 2654 3447 2724 quietum,
3480 2656 3532 2707 et
3559 2658 3666 2705 tre-

2021 2752 2259 2800 mentem
2277 2759 2549 2799 sermones
2577 2760 2724 2799 meos
2748 2744 2777 2799 ‘?
2808 2743 2933 2814 (Isa.
2968 2759 3109 2809 1.xv1,
3140 2743 3220 2810 2.)

2095 2832 2257 2888 Libet
2310 2834 2499 2888 adhuc
2558 2850 2658 2904 per
2712 2833 3077 2905 propositum
3134 2831 3275 2888 solis
3324 2828 3665 2902 mysterium

2021 2922 2352 2987 ascendere,
2385 2926 2443 2977 et
2486 2922 2586 2976 illa
2628 2921 2959 2995 evangelica
3014 2921 3189 2976 verba
3242 2919 3662 2975 considerare:

2022 3013 2085 3065 In
2103 3012 2380 3081 principio
2410 3014 2528 3067 erat
2557 3012 2861 3075 Verbum,et
2886 3010 3116 3067 Verbum
3144 3013 3263 3065 erat
3319 3007 3464 3081 apud
3493 3008 3664 3063 Deum

2021 3107 2072 3154 et
2104 3101 2239 3155 Deus
2268 3104 2385 3155 erat
2439 3101 2665 3156 Verbum
2713 3102 2889 3169 (Joan.
2925 3117 2964 3163 ι,
3000 3101 3075 3169 1).
3134 3099 3350 3155 Omnes
3407 3112 3663 3170 namque

2023 3204 2287 3244 serenam
2310 3189 2493 3244 aciem
2526 3189 2806 3243 habentes
2828 3188 3041 3242 intueri
3067 3187 3460 3259 aliquomodo,
3476 3204 3662 3259 quan-

267 3287 413 3337 eum,
442 3279 495 3328 et
524 3274 596 3329 ad
619 3291 753 3330 cum
796 3278 1081 3339 ueniamus
1114 3280 1173 3337 set
1210 3278 1552 3333 mansionem
1594 3278 1746 3348 apud
1790 3259 1986 3333 eum‘C
2010 3281 2148 3332 tum
2181 3277 2583 3332 reverberatus
2610 3277 2739 3331 visu
2771 3274 3074 3346 permittit,
3123 3279 3343 3346 posunt
3371 3276 3509 3344 quia
3540 3274 3666 3346 ipse

274 3362 547 3433 [amemus
574 3362 1345 3437 (Joan.xrv.22).Ubicunque
1373 3366 1529 3421 enim
1565 3365 1706 3420 solis
1728 3365 1915 3437 splen-

266 3448 375 3507 dor
406 3456 670 3522 apparet,
702 3452 789 3508 sol
824 3453 1039 3525 pariter
1068 3471 1203 3509 cum
1224 3470 1293 3510 eo
1322 3452 1526 3510 lucens
1558 3455 1917 3525 manet,quia

264 3536 585 3601 individua
608 3545 694 3595 est
720 3541 1032 3613 utriusque
1061 3542 1338 3614 operatio.
1372 3542 1459 3596 Ad
1506 3542 1627 3596 haec
1648 3542 1832 3597 etiam
1866 3542 1915 3597 si

264 3626 437 3686 calor
464 3645 532 3685 ex
564 3632 804 3703 utroque
824 3632 1145 3703 procedens
1162 3631 1474 3702 sinecujus
1506 3632 1757 3687 adventu
1789 3631 1916 3686 fru-

267 3723 393 3773 ctu
418 3716 673 3789 quilibet
698 3718 1915 3790 illuminatur,simuladessesentitur,tunc

269 3804 348 3860 ibi
372 3804 742 3878 triapnriter
766 3808 829 3863 in
864 3826 979 3863 una
1015 3808 1351 3880 operatione
1390 3810 1724 3865 habentur:
1760 3811 1915 3881 quod

269 3894 555 3953 nimirum
583 3896 645 3953 in
678 3897 970 3968 praedictis
992 3898 1226 3953 Domini
1254 3897 1449 3953 verbis
1474 3914 1589 3953 non
1606 3896 1913 3953 dissimili-

269 3987 353 4039 ter
383 3984 836 4058 posseinteliigi
862 3986 1133 4043 cnedo.Si
1160 3986 1321 4041 enim
1379 3986 1508 4042 dum
1540 4002 1801 4058 personaa
1824 3988 1915 4041 in-

266 4071 619 4145 tdiiguntur
650 4073 710 4131 in
741 4074 912 4130 Patre
940 4080 999 4130 et
1046 4073 1189 4130 Filio
1248 4074 1351 4145 qui
1400 4073 1717 4130 adveniunt
1746 4075 1916 4130 tertia

267 4175 539 4232 pauens,
559 4166 628 4221 ut
646 4163 795 4219 mihi
822 4163 1055 4219 videtur
1085 4162 1145 4218 in
1176 4162 1464 4234 illius,qui
1494 4162 1690 4234 diligit
1706 4180 1915 4234 coope-

269 4256 540 4319 rante,“
569 4252 644 4309 nd
676 4252 785 4308 hoc
816 4257 883 4308 ut
909 4251 1179 4325 diligeret
1198 4251 1365 4322 quasi
1399 4252 1917 4323 praavioincentore

270 4344 465 4413 pelagi.
488 4339 1038 4413 riuteliigiﬂsnique
1069 4341 1127 4396 in
1160 4339 1367 4397 multis
1392 4357 1575 4396 sacrm
1604 4341 1916 4411 Scriptura

266 4427 411 4487 locis
440 4429 1046 4501 hocinnniturquqd
1062 4431 1220 4486 bona
1245 4428 1445 4500 aliqua
1465 4446 1576 4485 non
1596 4427 1788 4484 solum
1800 4446 1917 4484 non

269 4516 485 4589 facem,
514 4520 618 4577 sed
646 4535 757 4591 nec
787 4519 1030 4579 verbum
1061 4520 1283 4585 bonum
1315 4519 1573 4589 proferre
1620 4517 1918 4588 possimus

2025 3365 2165 3420 solis
2196 3364 2473 3436 splendor
2493 3364 2788 3435 quitotam
2800 3366 3016 3417 terram
3033 3362 3217 3416 ambit
3244 3377 3545 3431 nunquam
3571 3377 3663 3415 so-

2022 3452 2137 3509 lem
2168 3452 2465 3523 relinquit,
2499 3452 2598 3506 sed
2632 3451 2691 3505 in
2721 3450 2821 3506 illo
2862 3466 3097 3520 semper
3125 3454 3213 3504 est
3242 3449 3441 3503 lumen
3473 3449 3542 3503 de
3571 3447 3662 3501 lu-

2025 3541 2183 3596 mine
2216 3539 2461 3595 micans.
2494 3540 2549 3594 Si
2578 3542 2743 3594 tanta
2771 3537 3020 3593 facultas
3060 3538 3119 3592 in
3174 3542 3441 3592 creatura
3478 3534 3666 3592 oculis

2024 3629 2425 3702 corporalibus
2444 3627 2624 3684 videri
2657 3627 3059 3699 potest,multo
3092 3626 3283 3699 magis
3314 3626 3375 3679 in
3407 3629 3667 3681 creatore

2025 3724 2081 3775 et
2109 3718 2508 3791 omnipotente
2533 3719 2644 3773 Deo
2675 3717 2867 3773 inesse
2899 3716 3186 3772 credenda
3216 3714 3493 3771 est.Sicut
3508 3714 3664 3770 enim

2026 3808 2167 3864 solis
2198 3807 2475 3879 splendor
2497 3823 2613 3862 sem
2624 3805 2797 3877 perin
2826 3807 3031 3861 eodem
3046 3804 3166 3861 sole
3178 3808 3285 3874 est,
3304 3808 3361 3860 et
3383 3819 3666 3874 quorsum

2027 3897 2295 3952 micando
2326 3896 2546 3959 tendat,
2571 3911 2803 3966 semper
2826 3894 2982 3966 apud
3014 3909 3146 3948 eum
3184 3896 3518 3963 perseverat
3552 3891 3669 3961 ;ita

2026 4002 2257 4057 semper
2286 3986 2347 4038 in
2360 3985 2657 4055 principio,
2690 3983 2747 4037 id
2779 3987 2889 4048 est,
2920 3982 2979 4037 in
3024 3987 3191 4037 Patre
3220 3985 3344 4037 erat
3388 3980 3665 4050 Verbum,

2024 4078 2083 4129 et
2093 4073 2349 4129 Verbum
2363 4078 2487 4127 erat
2500 4072 2653 4143 apud
2669 4072 3113 4143 Deum,semper
3127 4069 3465 4126 scilicetDei
3491 4068 3670 4125 Filius

2025 4164 2085 4217 in
2116 4163 2279 4219 Patre
2312 4177 2580 4226 manens,
2611 4176 2846 4233 semper
2874 4165 3026 4217 Deus
3058 4161 3129 4215 de
3156 4161 3292 4229 Deo,
3326 4174 3559 4231 semper
3586 4157 3669 4212 lu-

2028 4268 2161 4307 men
2191 4252 2262 4306 de
2294 4250 2515 4305 lumine
2548 4250 2887 4321 splendens.
2928 4250 3032 4305 Sed
3070 4264 3174 4305 nec
3232 4248 3363 4320 ipsa
3417 4247 3671 4303 rotunda

2027 4338 2250 4411 species
2281 4337 2420 4393 solis
2452 4356 2484 4393 υ,
2506 4339 2781 4409 mysterio
2805 4353 3007 4392 vacare
3028 4337 3274 4394 videtur:
3308 4351 3481 4390 omne
3512 4334 3668 4390 enim

2026 4428 2345 4483 rotundum
2372 4441 2479 4481 nec
2510 4426 2685 4480 ﬁnem
2707 4426 2883 4481 habet
2904 4441 3008 4479 nec
3039 4424 3447 4479 initium.ltem
3470 4424 3541 4477 de
3557 4424 3668 4476 Deo

2028 4515 2425 4587 omnipotente
2455 4514 2688 4569 credere
2716 4512 3202 4576 edocemur.Quia
3224 4512 3365 4565 dum
3391 4510 3491 4565 illo
3523 4509 3669 4563 nihil

270 4605 495 4677 absque
520 4606 987 4679 Spiritnssaucti
1019 4608 1373 4679 dono,utest
1402 4606 1546 4661 illud
1582 4623 1594 4660 :
1628 4608 1797 4662 Nemo
1818 4622 1917 4678 ρος
1951 4624 1995 4689 D
2029 4602 2479 4677 superius,nihil
2509 4600 2936 4689 inferius,nihil
2968 4600 3145 4689 latius
3174 4596 3668 4689 invenitur,nullo

933 4699 1109 4763 Iesus,
1156 4699 1293 4752 misi
1336 4698 1397 4751 in
1462 4696 1677 4766 Spiritu
1731 4704 1920 4751 sancto

272 4785 317 4853 (ι
346 4785 477 4840 Cor.
511 4786 700 4857 111,3).
726 4787 793 4842 Et
834 4802 845 4840 :
884 4787 1082 4843 Omnia
1108 4790 1370 4858 operatur
1396 4800 1540 4839 unus
1568 4786 1729 4855 atque
1768 4785 1913 4840 idem

266 4875 513 4945 Spiritu,
544 4874 793 4934 dictum
812 4873 1065 4947 singulis
1089 4883 1251 4946 prout
1279 4875 1399 4931 uult
1426 4872 1589 4945 (Ibid.
1625 4874 1732 4943 11).

906 4981 1139 5038 CAPUT
1167 4981 1264 5037 IIl.

267 5068 416 5129 Idem
442 5078 834 5153 argumentum
870 5069 1096 5153 uberius
1134 5077 1514 5153 pertractngtur
1540 5144 1550 5153 _
1568 5069 1858 5139 pluresque
1886 5084 1917 5121 ε

546 5143 747 5215 creuit
777 5142 977 5213 ﬁgura:
1004 5142 1291 5199 Trinitatis
1310 5142 1623 5211 afferuntur

338 5232 411 5294 Ut
436 5234 638 5294 autem
669 5231 817 5293 tanti
848 5229 1111 5305 mysterii
1162 5230 1531 5302 profunditas
1562 5227 1795 5285 facilius
1826 5226 1913 5282 in-

262 5320 584 5394 telligetur.
618 5320 761 5382 libet
790 5320 985 5380 adhuc
1018 5320 1077 5379 in
1108 5318 1232 5378 sole
1262 5318 1420 5376 illius
1464 5317 1911 5375 similitudinem

259 5394 794 5481 queres-c.80imus
812 5424 1070 5484 namque
1093 5424 1317 5475 omnes,
1334 5406 1613 5478 quoniam
1629 5407 1687 5461 in
1715 5410 1915 5462 testate

255 5499 498 5570 quando
528 5498 689 5555 calor
717 5497 861 5559 solis
877 5496 1171 5556 maximus
1189 5500 1404 5555 terram
1427 5511 1708 5567 occupare
1744 5493 1911 5561 solet,

254 5588 594 5665 saepissime
623 5604 741 5651 aen
769 5586 963 5665 solum
980 5587 1040 5644 in
1052 5586 1293 5661 die,qua
1321 5585 1409 5645 sol
1430 5584 1762 5659 pariterque
1784 5582 1913 5654 ejus

250 5676 541 5754 suam:
570 5677 825 5745 videtur.
856 5676 962 5740 sed
996 5676 1174 5738 etiam
1204 5677 1264 5737 in
1321 5680 1509 5747 nocte,
1541 5690 1676 5734 cum
1707 5676 1913 5734 neuter

2027 4692 2277 4748 termino
2309 4689 2701 4746 concluditur.
2742 4688 2968 4742 Prolato
3000 4686 3196 4757 itaque
3249 4683 3370 4751 illo,
3421 4685 3576 4755 quod
3608 4685 3668 4739 in

2025 4780 2146 4837 sole
2164 4777 2531 4835 tantummod
2544 4793 2574 4831 o
2589 4776 2838 4847 reperitu
2847 4779 3113 4846 r,sanctre
3137 4773 3439 4829 Trinitatis
3452 4777 3667 4845 myste-

2026 4871 2132 4937 rio,
2166 4869 2307 4924 libet
2362 4866 2554 4921 adhuc
2603 4866 2718 4920 duo
2752 4864 3025 4936 proferre,
3068 4869 3133 4919 ut
3164 4864 3221 4919 hi
3271 4862 3372 4935 qui
3428 4861 3669 4918 subtilia

2024 4974 2268 5031 quisque
2297 4957 2370 5012 de
2399 4958 2613 5011 sanctae
2644 4954 2947 5009 Trinitatis
2980 4953 3093 5009 ﬁde
3117 4954 3273 5009 dicta
3303 4952 3392 5008 vel
3452 4952 3669 5027 scripta

2025 5050 2327 5119 nequeunt
2356 5043 2701 5116 intelligam,
2734 5043 3127 5099 doceanturin
3161 5042 3517 5115 quibusdam
3549 5040 3664 5095 ele-

2034 5136 2249 5192 mentis
2280 5133 2546 5189 eamdem
2580 5132 2755 5187 ﬁdem
2778 5132 3145 5204 investigare.

2099 5228 2159 5280 In
2194 5240 2349 5295 aqua
2370 5222 2551 5294 igitur
2580 5237 2758 5291 quam
2806 5220 2995 5275 tribus
3053 5220 3317 5291 personis
3374 5218 3668 5291 appellare

2024 5313 2305 5382 solemus,
2340 5310 2602 5366 dicentes
2637 5326 2649 5365 :
2688 5307 2787 5364 Ille
2810 5308 2961 5376 fons,
2998 5295 3090 5363 ille
3131 5308 3310 5376 rivus,
3368 5306 3514 5363 illud
3546 5310 3665 5363 sta-

2023 5420 2206 5477 gnum
2238 5399 2625 5465 Trinitas,sed
2640 5398 2816 5454 unius
2831 5397 3103 5454 elementi
3118 5397 3451 5454 substantia
3474 5396 3670 5453 inesse

2023 5488 2662 5563 comprobantur.Licet
2688 5488 2846 5542 enim
2880 5488 2935 5541 in
2972 5488 3238 5558 personis
3269 5488 3399 5543 fons
3429 5491 3485 5542 et
3507 5487 3666 5543 rivus

2023 5587 2200 5653 atque
2230 5584 2505 5652 stagnum
2528 5577 2799 5634 differant
2831 5594 2843 5645 ;
2878 5576 2934 5630 in
2956 5593 3074 5632 una
3105 5582 3301 5632 tamen
3333 5576 3666 5634 substantia

2022 5668 2415 5738 conveniunt;
2449 5666 2549 5725 ubi
2578 5666 2870 5739 quoddam
2902 5666 3058 5739 quod
3087 5671 3144 5728 et
3170 5667 3243 5725 de
3273 5666 3398 5726 sole
3426 5666 3545 5724 dixi
3562 5681 3665 5739 po-
