4098 6172
1401 146 1466 208 θ

382 336 497 407 851

1394 329 1737 406 OTHLONI
1780 337 2135 407 MONAGHI
2179 341 2243 404 S.
2291 336 2779 404 EMMERAMMI

3672 334 3791 396 252

387 481 504 535 test
532 474 803 534 inveniri.
837 474 1044 532 Nullus
1077 473 1329 549 denique
1388 476 1547 533 rivus
1576 477 1799 549 absque
1846 477 2027 535 fontis
2056 478 2114 546 Α
2142 472 2761 549 quioribusspiritibus
2778 468 3003 545 judicio
3018 464 3211 527 divino
3230 463 3783 543 permittunturim-

390 567 482 623 sui
515 565 846 623 substantia
878 565 1106 634 deﬂuit,
1164 583 1471 639 quousque
1527 567 1657 623 fons
1698 566 2031 624 ebulliendo

390 654 974 712 subsistit.Caaterum
1007 656 1054 710 si
1090 656 1219 712 fons
1250 655 1627 727 exsisccatur,
1653 660 1710 711 et
1737 657 1912 712 fontis
1934 672 2031 729 pe-

392 761 536 800 sona
571 744 972 815 privatur.Sed
998 749 1053 800 et
1076 748 1350 818 stagnum
1382 745 1524 801 satis
1542 746 1807 802 convenit
1832 763 2035 818 perso-

392 850 478 888 nae
508 831 762 904 Spiritus
794 834 981 889 sancti
1015 850 1027 888 :
1060 834 1340 906 quoniam
1389 835 1543 891 sicut
1598 836 1728 891 fons
1791 840 1847 891 et
1879 836 2036 892 rivus

393 922 752 977 conﬂuentes
783 922 842 977 in
862 927 1137 995 stagnum
1157 924 1333 980 unius
1349 924 1622 980 elementi
1644 924 2037 981 substantiam

393 1009 633 1078 habent,
665 1010 744 1066 ita
775 1016 833 1066 et
863 1012 1031 1067 Pater
1061 1016 1118 1089 et
1148 1012 1328 1069 Filius
1380 1014 1439 1068 in
1501 1014 1728 1070 unitate
1784 1014 2037 1087 Spiritus

395 1099 584 1155 sancti
614 1101 1025 1159 convenientes
1056 1118 1239 1157 unum
1273 1105 1433 1169 sunt,
1466 1105 1523 1158 et
1553 1119 1731 1159 unam
1763 1104 2038 1159 substan-

395 1188 541 1244 tiam
573 1188 856 1245 efﬁciunt.

468 1278 530 1333 In
556 1294 799 1334 accensa
854 1295 1086 1350 quoque
1133 1278 1375 1335 candela
1433 1280 1677 1336 inveniri
1736 1284 1945 1353 potest,
1978 1284 2043 1336 ut

396 1383 546 1434 reor,
578 1367 735 1423 idem
769 1372 979 1423 sanctae
1012 1367 1315 1423 Trinitatis
1338 1369 1703 1440 mysterium.
1736 1370 1882 1425 Nam
1905 1386 2038 1425 cum

396 1456 609 1513 ardens
630 1455 936 1511 elementis
968 1460 1193 1512 constet
1221 1457 1431 1525 tribus,
1465 1458 1523 1512 id
1555 1462 1644 1514 est
1672 1462 2043 1531 stuppa,cera

394 1545 545 1617 igne.
581 1561 962 1616 personarum
995 1544 1175 1600 trium
1217 1546 1469 1618 ﬁguram
1517 1550 1694 1613 tenet,
1728 1547 1829 1603 sed
1860 1564 2041 1609 unam

398 1632 789 1690 substantiam
820 1651 840 1695 ;
873 1638 929 1689 et
961 1634 1115 1689 sicut
1172 1634 1335 1690 nulla
1391 1635 1644 1690 candelae
1702 1635 1926 1690 utilitas
1980 1636 2039 1691 in

399 1727 625 1794 stuppae
656 1726 711 1778 et
741 1740 882 1779 cerae
914 1723 1271 1779 confectione
1295 1725 1514 1795 absque
1544 1723 1882 1779 incensione
1910 1723 2038 1792 erit,

401 1811 485 1866 ita
514 1810 690 1867 etiam
722 1810 807 1866 illi
840 1811 939 1882 qui
971 1810 1032 1867 in
1064 1812 1292 1867 Patrem
1323 1820 1378 1867 et
1405 1812 1618 1867 Filium
1650 1812 1891 1868 credens
1920 1813 2043 1884 Spi-

397 1900 558 1972 pitus
585 1900 771 1955 sancti
804 1900 999 1972 ignem
1024 1901 1096 1955 ab
1126 1901 1211 1956 eis
1241 1906 1491 1972 separat,
1535 1900 1615 1957 nil
1645 1901 1902 1973 proderit
1928 1901 2039 1957 hu-

389 1989 655 2059 jusmodi
686 1989 851 2044 ﬁdes.

473 2076 575 2133 His
599 2078 779 2149 igitur
809 2078 1088 2150 exemplis
1120 2080 1191 2135 de
1224 2083 1428 2135 sancta
1458 2080 1746 2137 Trinitate
1801 2080 2043 2152 prolatis

401 2184 550 2238 qua,
583 2171 649 2222 ut
677 2167 946 2239 arbitror,
980 2168 1255 2225 omnibus
1308 2168 1482 2240 plana
1534 2173 1692 2239 sunt,
1715 2171 1841 2241 jam
1872 2169 2042 2241 cupio

401 2254 515 2311 alia
545 2255 810 2328 exempla
840 2257 911 2312 ad
944 2255 1223 2313 moralem
1250 2274 1489 2313 sensum
1511 2258 1863 2331 pertinentia
1879 2274 2042 2330 spar-

399 2344 511 2402 sim
530 2344 1021 2418 colligere.Primo
1036 2346 1273 2417 quidem
1292 2348 1363 2402 de
1376 2347 1670 2419 parabolis
1686 2348 2043 2419 quibusdam

399 2434 602 2505 quaein
633 2434 943 2505 Evangelio
973 2435 1161 2506 ipsius
1184 2435 1412 2491 Domini
1436 2437 1616 2493 nostri
1644 2453 1741 2493 ore
1771 2436 2047 2509 leguntur

399 2522 656 2594 prolatas;
691 2538 795 2595 per
822 2523 927 2578 has
960 2523 1184 2579 scilicet
1215 2524 1456 2581 clericos
1487 2526 1813 2598 specialiter
1845 2526 2045 2582 admo-

400 2626 548 2665 nens
578 2614 645 2665 ut
670 2614 844 2665 tantae
876 2611 1152 2667 doctrinas
1173 2612 1729 2688 verbalegentes,vel
1744 2615 2046 2670 audientes

402 2702 656 2754 mentem
675 2698 1050 2770 aliquatenus
1064 2701 1136 2756 ab
1159 2699 1448 2756 illecebris
1478 2706 1536 2758 et
1552 2703 1785 2775 pompis
1807 2703 2045 2760 saacula-

402 2786 566 2842 ribus
598 2786 1150 2845 retrahant.Deinde
1174 2806 1307 2845 vero
1339 2806 1406 2846 ex
1431 2791 1609 2847 variis
1639 2792 1813 2848 rebus
1839 2808 1964 2864 quae
1987 2793 2046 2847 in

403 2875 513 2931 hoc
527 2876 735 2932 saeculo
750 2894 852 2949 per
866 2878 1058 2934 visum
1081 2878 1168 2934 vel
1184 2880 1453 2944 auditum
1484 2884 1604 2937 tam
1624 2898 1658 2936 a
1674 2880 2046 2953 laicis,quam

405 2962 633 3020 clericis
665 2966 868 3021 sentiri
899 2971 1166 3039 possunt,
1197 2974 1261 3024 ut
1291 2969 1490 3041 apium
1530 2970 1831 3026 deﬂoratio
1864 2971 1922 3026 in
1954 2989 2049 3028 va-

406 3053 510 3109 riis
540 3053 783 3122 locis;ut
811 3055 1142 3113 immensus
1175 3057 1314 3114 solis
1335 3057 1702 3131 splendor;ut
1732 3064 1972 3117 ornatus
1994 3065 2051 3117 et

2144 566 2413 639 pugnari.
2446 566 2578 621 Esca
2609 578 2864 635 namque
2896 561 3206 627 diaboli,ut
3255 559 3485 632 legitur,
3521 559 3691 615 electa
3711 561 3791 615 est
3841 589 3845 594 ~

2146 655 2367 727 (Habac,
2402 656 2464 726 1).
2495 655 2617 719 Quo
2649 652 3015 725 signiﬁcatur
3064 650 3204 722 quia
3258 648 3476 721 peritos
3533 652 3589 703 et
3646 665 3789 703 san-

2147 748 2269 801 ctos
2299 759 2565 817 quosque
2590 741 2841 799 maxime
2871 742 3229 814 impugnans
3258 754 3357 794 eos
3388 741 3587 794 ventre
3619 736 3788 793 mali-

2146 836 2238 891 tia:
2264 851 2382 891 suae
2409 834 2615 890 nititur
2644 833 2935 888 devorare.
2969 827 3318 902 Hujusmodi
3361 831 3556 884 autem
3587 828 3789 898 impu-

2148 924 2344 996 gnatio
2365 922 2591 995 jugiter
2619 919 3077 994 praeoccupanda
3108 921 3197 975 est
3220 916 3470 974 lectione
3499 915 3788 972 librorum

2146 1012 2382 1070 illorum
2406 1013 2465 1066 in
2498 1010 2714 1083 quibus
2744 1010 3091 1081 detegantur
3120 1007 3354 1063 fraudes
3409 1005 3629 1061 inimici
3662 1021 3790 1062 ma-

2147 1102 2417 1173 ximeque
2448 1099 2761 1173 Evangeiii,
2789 1098 2889 1154 ubi
2943 1116 2977 1153 a
3026 1096 3271 1154 Domino
3326 1094 3795 1167 unumquodque

2147 1191 2354 1247 vitium
2384 1191 2472 1247 vel
2502 1190 2689 1246 virtus
2720 1186 3149 1262 prenuntiatur
3176 1202 3277 1259 per
3308 1182 3797 1258 parabolas.Qua-

2150 1284 2385 1353 propter
2439 1297 2509 1335 ex
2564 1278 2895 1351 evangelica
2968 1276 3213 1333 lectione
3280 1272 3795 1330 commonitorium

2149 1370 2321 1425 breve
2341 1369 2436 1424 hic
2466 1369 2651 1424 facere
2680 1367 2808 1423 volo
2840 1370 2904 1421 ut
2931 1366 2991 1421 in
3013 1368 3287 1438 promptu
3312 1363 3644 1419 habeantur
3665 1379 3793 1435 quas

2153 1457 2467 1527 cujuslibet
2493 1456 2631 1512 vitio
2662 1456 3009 1528 opponenda
3040 1454 3117 1510 sit
3145 1454 3336 1510 lectio.

2222 1548 2365 1603 Cum
2397 1546 2577 1618 igitur
2605 1546 2664 1600 in
2697 1545 2891 1600 animo
2922 1543 3177 1599 doctoris
3209 1542 3448 1599 assidua
3468 1541 3674 1596 divinis
3704 1541 3795 1595 in-

2153 1635 2477 1691 stitutionis
2510 1633 2861 1707 negligentia
2874 1630 3342 1704 sentiatur,legat
3370 1630 3793 1703 parabolamil-

2154 1723 2270 1780 lam
2307 1742 2317 1780 :
2347 1724 2499 1781 Exiit
2525 1728 2621 1797 qui
2647 1726 2885 1779 seminat
2904 1724 3179 1779 seminare
3197 1737 3381 1777 semen
3395 1736 3559 1776 suum
3589 1720 3797 1791 (Matth.

2151 1829 2275 1882 x111,
2308 1814 2382 1885 3).
2417 1813 2563 1877 Quia
2586 1813 2645 1867 in
2677 1813 2879 1868 eodem
2910 1814 3037 1883 ipso
3067 1809 3310 1866 Domino
3368 1809 3709 1876 disserente,
3742 1813 3801 1864 et

2152 1919 2253 1974 per
2282 1902 2391 1958 hoc
2421 1902 2597 1958 etiam
2628 1918 2831 1957 omnes
2861 1902 3123 1957 doctores
3181 1903 3519 1955 caeterarum
3548 1898 3799 1971 parabo-

2150 1992 2341 2048 larum
2364 1991 2715 2047 solutionem
2747 1992 3074 2047 instruente
3118 1992 3517 2046 memorantur
3571 1986 3790 2056 omnia,

2154 2097 2405 2153 quorum
2464 2081 2669 2136 eﬂ‘ectu
2720 2080 2899 2136 divini
2956 2079 3116 2135 verbi
3176 2076 3530 2151 negligentia
3585 2076 3793 2133 oritur.

2154 2172 2315 2237 Quod
2349 2170 2505 2226 enim
2552 2169 2791 2241 plurimi
2846 2169 3113 2225 homines
3165 2169 3236 2224 ad
3285 2171 3492 2239 tempus
3549 2165 3798 2232 credunt,

2153 2268 2205 2315 et
2233 2260 2294 2314 in
2321 2264 2560 2331 tempore
2591 2259 2913 2315 tentatiom's
2944 2258 3223 2324 recedunt,
3256 2258 3554 2329 quodquea
3585 2256 3804 2310 sollici-

2164 2347 2446 2404 tudinibus
2475 2350 2528 2403 et
2556 2347 2763 2403 divitiis
2791 2356 2841 2403 et
2868 2346 3240 2417 voluptatibus
3278 2345 3411 2401 vitae
3439 2342 3604 2411 huius
3624 2343 3802 2413 suffo-

2154 2444 2350 2493 cantur
2378 2437 2528 2508 (Luc.
2552 2454 2677 2503 xm,
2711 2436 2820 2506 14),
2846 2452 2949 2491 seu
2982 2434 3242 2506 quolibet
3271 2432 3443 2489 modo
3474 2430 3806 2503 impediun-

2156 2530 2273 2593 tur,
2306 2542 2378 2581 ne
2408 2524 2587 2581 divini
2617 2524 2777 2579 verbi
2811 2525 3066 2579 referant
3094 2523 3371 2589 fructum,
3404 2521 3512 2577 hoc
3545 2520 3805 2575 maxime

2157 2631 2225 2670 ex
2252 2614 2355 2669 illa
2384 2612 2739 2686 negligentia
2767 2613 2925 2668 venit
2954 2629 3071 2684 qua
3097 2612 3368 2667 timorem
3423 2623 3805 2678 amoremque

2155 2702 2256 2759 Dei
2278 2706 2619 2773 spernentes
2642 2702 2886 2757 credunt
2908 2717 2969 2756 se
2988 2699 3331 2772 temporalia
3347 2704 3402 2755 et
3413 2703 3618 2755 caetera
3638 2698 3798 2753 bona

2163 2808 2281 2847 uno
2312 2790 2645 2846 dilectionis
2665 2807 2874 2862 genere
2896 2806 3067 2862 posse
3089 2789 3329 2861 adipisci
3365 2805 3468 2845 seu
3495 2787 3807 2860 quia,cum

2159 2896 2263 2952 pro
2294 2883 2448 2935 certo
2476 2878 2665 2934 sciant
2693 2877 3079 2934 discernenda
3099 2893 3226 2933 esse
3256 2876 3316 2931 in
3338 2875 3809 2943 dilectione,pro-

2159 2973 2388 3041 ponunt
2418 2966 2531 3023 sibi
2564 2966 2807 3040 longum
2839 2967 2965 3022 vitae
2997 2964 3299 3039 praesentis
3329 2963 3583 3038 spatium
3640 2961 3808 3017 divi-

2161 3073 2415 3129 namque
2448 3057 2876 3129 pietatem,quzs
2907 3055 3135 3113 cunctis
3165 3056 3237 3111 ad
3267 3055 3488 3126 se,licet
3517 3067 3644 3109 sero
3662 3068 3810 3107 con-

408 3140 785 3214 pulchritudo
817 3144 1569 3218 facturaeipsaqueutilitas,
1591 3165 1717 3219 quae
1747 3149 1807 3203 in
1840 3153 2050 3205 natura
2157 3148 2364 3212 versis,
2396 3145 2623 3201 veniam
2654 3146 2943 3217 promittit
2982 3150 3039 3201 et
3085 3146 3193 3201 hac
3249 3142 3636 3216 promissione
3693 3141 3811 3196 ab-

406 3231 667 3287 humana
697 3233 985 3302 consistit;
1022 3239 1088 3289 ut
1110 3235 1356 3292 facultas
1370 3237 1750 3294 etdifﬁcultas
1771 3239 2049 3310 operandi
2082 3222 2126 3289 C
2166 3236 2711 3304 utentes,credendo
2725 3235 2948 3291 scilicet
2965 3234 3103 3307 quia
3120 3234 3587 3306 quandocumque
3608 3229 3812 3285 volue-

404 3318 466 3376 in
490 3319 845 3390 quibusdam
876 3324 1260 3395 temporibus,
1294 3329 1360 3380 ut
1374 3327 1695 3383 necessitas
1721 3327 2053 3399 quntidiani

406 3425 542 3465 esus
567 3427 580 3476 ;
616 3414 680 3465 ut
700 3411 1064 3469 abundantia
1085 3418 1143 3469 et
1157 3416 1403 3486 penuria
1419 3416 1763 3471 substantiae
1784 3416 2054 3473 victualis

406 3499 490 3553 Ex
518 3497 612 3553 his
643 3514 779 3572 ergo
813 3502 1089 3558 omnibus
1110 3502 1288 3559 laicos
1303 3503 1633 3575 specialiter
1655 3505 2054 3561 admonendos

409 3602 537 3642 esse
558 3587 834 3656 decerno;
868 3591 1006 3661 quia
1036 3594 1091 3646 st
1120 3592 1300 3647 semel
1330 3591 1413 3647 eis
1444 3592 1582 3662 quid
1616 3591 1949 3663 signiﬁcent
1972 3609 2055 3649 re-

412 3680 661 3743 seratur,
695 3681 896 3748 postea
927 3694 1121 3734 coram
1153 3680 1268 3735 Deo
1301 3679 1525 3735 nullam
1567 3680 1785 3736 habent
1814 3698 2053 3738 excusa-

411 3762 632 3820 tionem
662 3781 765 3836 pro
806 3766 1142 3839 ignorantta
1187 3768 1517 3824 litterarum
1556 3786 1568 3835 ;
1601 3770 1743 3824 dum
1794 3771 2055 3841 quotidie

414 3852 486 3907 ab
518 3851 611 3908 his
642 3870 770 3924 quae
798 3855 1102 3925 possident
1129 3860 1185 3912 et
1214 3872 1350 3913 cum
1380 3858 1596 3930 quibus
1644 3864 1953 3916 versantur
1982 3861 2053 3915 ad

416 3942 704 3998 Creatoris
734 3944 1002 4001 notitiam
1020 3946 1422 4002 instruantur.

1057 4052 1286 4109 CAPUT
1316 4053 1407 4109 IV.

2163 3327 2282 3382 rint
2297 3326 2411 3382 cito
2423 3324 2679 3381 converti
2702 3323 3127 3397 possint,quasi
3150 3321 3545 3380 conversionis
3567 3324 3812 3391 tempus

2164 3416 2225 3471 in
2257 3418 2539 3487 potestate
2569 3414 3084 3481 habeant,interim
3116 3417 3238 3469 toto
3267 3412 3402 3467 nisu
3432 3409 3680 3467 terrenis
3712 3425 3812 3464 so-

2165 3504 2465 3560 lummodo
2497 3504 2654 3559 curis
2695 3508 2750 3560 et
2780 3503 3178 3575 voluptatibus
3226 3504 3591 3573 occupantur
3624 3541 3637 3567 ,
3670 3513 3812 3553 cum

2167 3610 2278 3666 que
2308 3593 2378 3649 de
2407 3593 2499 3649 die
2533 3593 2593 3648 in
2624 3592 2801 3660 diem,
2835 3594 2906 3648 de
2936 3608 3137 3648 mense
3167 3591 3229 3647 in
3262 3589 3624 3660 mensem,de
3654 3603 3815 3643 anno

2168 3684 2227 3739 in
2259 3700 2481 3740 annum
2513 3682 3157 3753 conversionistempus
3185 3677 3687 3745 diﬁerunt,autvix
3705 3676 3814 3731 de-

2168 3789 2332 3828 mum
2364 3776 2799 3840 convertuntur,
2824 3776 2926 3827 aut
2955 3769 3123 3843 quasi
3153 3768 3400 3825 catenati
3433 3785 3467 3823 a
3492 3769 3816 3822 consuetu-

2169 3861 2305 3916 dine
2336 3860 2595 3932 pessima
2624 3860 2749 3916 sine
2779 3860 3152 3916 conversione
3175 3858 3526 3915 moriuntur.
3557 3856 3703 3911 Nam
3738 3869 3815 3909 ex

2168 3949 2390 4024 peccati
2421 3966 2611 4022 poena,
2645 3966 2822 4022 quam
2853 3949 2913 4004 in
2944 3949 3120 4022 longa
3149 3945 3542 4004 conversionis
3575 3942 3816 3999 dilatio-

2165 4056 2238 4095 ne
2271 4042 2613 4094 meruerunt
2640 4038 2933 4095 videbitur
2963 4037 3047 4093 eis
3074 4031 3817 4109 quandoqueimpossibile

416 4139 804 4209 Proponuntur
840 4140 1054 4217 cterieis
1110 4141 1343 4217 diversae
1397 4146 1726 4215 evangelica;
1774 4147 2061 4217 ραναθοιεε
2170 4128 2323 4201 quod
2356 4127 2865 4217 quondamvisum
2897 4126 3086 4182 fuerat
3113 4124 3383 4217 facile.Ad
3406 4120 3821 4217 expellendum

489 4225 725 4280 quorum
754 4211 1103 4271 meditatione
1131 4214 1358 4271 diversis
1386 4209 1574 4271 eorum
1605 4218 1756 4272 vitiis
1774 4209 2060 4274 medicina
2170 4233 2302 4287 ergo
2320 4220 2439 4272 tam
2455 4215 2843 4288 periculosam
2862 4219 3102 4287 tamque
3120 4214 3486 4270 tremendam
3510 4209 3821 4283 negligen-

485 4289 736 4353 Ρανειανο
2170 4306 2313 4363 tiam
2337 4306 2478 4362 satis
2488 4306 2512 4377 j
2522 4305 2734 4373 uvat,si
2758 4303 3033 4377 parabola
3045 4305 3173 4375 jam
3194 4304 3649 4359 commemorata
3660 4298 3709 4369 ej
3720 4315 3828 4355 us-

491 4387 602 4443 Sed
636 4387 728 4445 his
760 4391 994 4447 interim
1008 4392 1245 4449 omissis
1265 4393 1337 4449 ad
1356 4391 1593 4450 clericos
1616 4411 1764 4467 quos
1785 4411 1888 4467 per
1908 4396 2059 4451 Scri-
2116 4422 2119 4423 ν
2173 4412 2287 4467 que
2316 4394 2597 4467 expositio
2630 4394 2843 4466 saepius
2873 4394 3210 4463 intentaque
3258 4392 3504 4464 legatur,
3539 4389 3588 4446 si
3616 4392 3826 4444 tamen

420 4481 655 4549 pturam
675 4480 1107 4538 sanctissimam
1131 4482 1475 4555 evangelicae
1495 4482 2063 4543 lectionisinstruere
2173 4486 2324 4541 adsit
2356 4484 2532 4541 simul
2563 4500 2703 4540 cura
2719 4482 3021 4554 oratioque
3057 4481 3314 4553 jugis,ut
3334 4478 3657 4552 expellatur
3691 4502 3705 4546 ;
3733 4478 3829 4550 ip-

423 4567 794 4639 statui,qrius
813 4570 1873 4645 admonendosaggredior.Apostolus
1901 4591 2064 4630 nam-
2093 4593 2141 4660 D
2177 4590 2305 4632 sam
2336 4574 2491 4631 enim
2523 4574 2851 4630 divinorum
2882 4570 3515 4627 verborumlectionem
3547 4573 3603 4625 et
3627 4567 3828 4623 inten-

424 4672 538 4727 que
594 4656 734 4713 dicit
767 4678 778 4727 ;
809 4662 1155 4734 Quaecunque
1210 4664 1419 4733 scripta
1483 4665 1628 4733 sunt,
1689 4663 1758 4717 ad
1817 4670 2065 4720 nostram

422 4744 734 4802 doctrinam
761 4753 971 4822 scripta
999 4767 1123 4806 sum
1152 4752 1323 4822 (Rom.
1356 4768 1447 4818 xv,
1480 4752 1554 4823 4).
1592 4753 1729 4818 Quae
1783 4752 2063 4809 nimirum

420 4834 598 4889 verba
618 4836 690 4890 ad
722 4853 820 4892 eos
850 4837 1179 4909 specialiter
1208 4838 1522 4912 pertinent,
1582 4841 1682 4913 qui
1736 4841 2061 4899 litterarum

423 4923 690 4979 notitiam
728 4925 1004 4981 habentes
1035 4927 1095 4982 in
1152 4927 1235 4983 eis
1287 4929 1509 5002 jugiter
1564 4946 1877 5003 agnoscere
1929 4948 2061 5003 pos-

425 5016 565 5068 sunt
596 5012 849 5083 qualiter
900 5032 961 5070 se
1020 5020 1076 5071 et
1134 5017 1482 5074 commissos
1538 5036 1734 5093 regere
1794 5022 2061 5078 debeant.

424 5100 588 5157 Unde
621 5102 795 5157 etiam
827 5103 1051 5160 clericis
1080 5122 1227 5177 opus
1252 5111 1443 5174 est,ut
1472 5124 1844 5183 summopere
1875 5114 2063 5167 atten-

424 5191 630 5247 dentes
666 5192 820 5263 quod
871 5193 1156 5265 scriptum
1209 5200 1299 5251 est
1332 5198 1474 5254 :Cui
1497 5201 1621 5271 plus
1680 5202 2063 5273 committitur,

420 5280 546 5353 plus
575 5281 642 5336 ab
672 5296 733 5336 eo
757 5282 1021 5351 exigitur,
1056 5285 1336 5342 studeant
1370 5294 1653 5361 perceptas
1686 5289 1942 5346 scientias
1976 5294 2062 5347 ta-

424 5368 650 5423 lentum
684 5370 879 5426 nonin
912 5375 1406 5445 terrafodere,boc
1437 5378 1609 5445 est,in
1642 5380 1887 5436 terrenis
1911 5380 2066 5437 curis

425 5458 768 5529 expendere,
804 5462 901 5516 sed
936 5463 993 5517 in
1047 5464 1174 5535 ejus
1206 5467 1511 5522 servitium
1571 5484 1604 5522 a
1657 5484 1772 5540 quo
1831 5468 2068 5526 sibimet

425 5550 655 5601 constat
683 5548 990 5607 tributum.
1028 5553 1303 5610 Recolant
1359 5554 1742 5613 nihilominus
1767 5561 1823 5613 et
1872 5557 2016 5614 illud
2048 5582 2062 5627 ,

424 5635 562 5709 quia
592 5643 811 5712 quanto
840 5642 1044 5714 majori
1076 5643 1319 5702 scientia
1349 5647 1487 5703 sunt
1522 5645 1711 5718 ditati,
1769 5650 1931 5705 tanto
1960 5664 2065 5705 ne-

2172 4665 2392 4720 tionem
2425 4664 2673 4720 nimium
2704 4661 3028 4719 formidans
3074 4657 3342 4715 diabolus
3373 4658 3524 4730 fugit
3554 4674 3589 4713 a
3617 4656 3828 4729 legen-

2174 4753 2331 4810 tibus
2359 4757 2414 4809 et
2444 4751 2864 4809 meditantibus
2889 4750 3103 4807 divina.

2246 4844 2391 4899 Item
2414 4843 2462 4898 si
2488 4843 2620 4914 quis
2634 4858 2701 4898 ex
2721 4840 3019 4911 superﬂua
3039 4837 3351 4896 tenacitate
3372 4834 3673 4907 nimioque
3693 4851 3832 4907 pre-

2174 4932 2460 4989 tiosarum
2492 4930 2744 4987 vestium
2766 4930 2854 4985 vel
2878 4930 3141 4986 ciborum
3174 4927 3435 5001 appetitu
3465 4924 3733 4982 laborare
3760 4942 3830 4983 se

2175 5022 2421 5079 senserit
2450 5021 2713 5078 attendat
2733 5019 2957 5091 jugiter
2995 5017 3333 5089 parabolam
3388 5017 3459 5072 de
3489 5014 3683 5082 divite,
3717 5016 3829 5085 qui

2175 5128 2277 5184 pro
2308 5127 2373 5167 eo
2404 5112 2559 5181 quod
2589 5110 2833 5165 indutus
2854 5112 2943 5163 est
2967 5123 3231 5179 purpura
3259 5111 3316 5162 et
3336 5107 3594 5180 bysso,et
3621 5104 3831 5177 epula-

2174 5202 2345 5258 batur
2376 5199 2635 5272 quotidie
2656 5197 2960 5271 splendide
2972 5196 3247 5269 quodque
3274 5197 3345 5253 de
3362 5195 3690 5253 substantia
3709 5211 3828 5250 sua

2176 5308 2281 5348 nec
2311 5288 2667 5346 mendicanti
2690 5288 2903 5346 Lazaro
2936 5287 3074 5343 dare
3091 5284 3274 5342 voluit
3293 5285 3352 5341 in
3376 5286 3600 5341 inferno
3622 5283 3825 5358 sepul-

2174 5385 2271 5437 tus
2301 5384 2389 5436 est
2407 5381 2555 5451 (Luc.
2599 5396 2718 5450 xvr,
2778 5375 2968 5449 19-22)
3004 5393 3017 5443 ;
3050 5379 3107 5432 et
3137 5372 3339 5448 procul
3391 5371 3569 5428 dubio
3602 5372 3673 5427 ab
3705 5370 3825 5427 hoc

2178 5470 2316 5526 vitio
2341 5468 2708 5542 aliquantum
2740 5466 3041 5523 abstinens
3073 5464 3343 5521 efﬁcitur.

2247 5561 2321 5613 Ut
2351 5564 2544 5615 autem
2568 5557 2931 5629 quibuslibet
2952 5554 3136 5627 lapsis
3168 5550 3533 5625 compatiens
3555 5555 3613 5607 et
3641 5564 3831 5620 super

2176 5664 2379 5708 eorum
2408 5648 2815 5708 emendatione
2842 5646 3044 5706 doctor
3100 5642 3393 5704 discretus
3447 5657 3577 5701 esse
3628 5638 3831 5716 possit
