4108 6188
230 375 346 440 253

1209 377 1351 444 LIB.
1400 377 1501 444 DE
1545 377 1921 444 ADMONIT.
1969 377 2268 445 CLERIC.
2311 381 2413 444 ΕΤ
2454 381 2656 446 LAlC.

3520 385 3636 450 254

229 509 494 568 attendat
514 505 855 584 parabolam
877 506 949 569 de
970 507 1069 570 illo
1091 511 1398 588 prolatam,
1432 513 1532 588 qui
1565 513 1637 573 ab
1667 513 1871 574 Hieru-
1907 515 1964 588 Α
2064 513 2350 590 Superbia
2380 534 2634 591 quoque,
2668 535 2794 592 quae
2824 535 3028 578 omnes
3055 518 3301 578 virtutes
3330 521 3633 580 destruere

229 606 411 658 salem
436 601 495 655 in
509 600 742 658 Jericho
762 602 1120 659 descendens
1141 604 1344 661 incidit
1366 605 1424 660 in
1448 605 1702 663 latrones
1726 612 1783 662 et
1805 608 1875 663 ab

229 689 310 746 eis
359 689 706 746 vulneratus
752 690 1104 764 relinquitur
1159 695 1509 763 semivivus;
1545 712 1796 768 cumque
1845 714 1880 752 a

226 780 721 852 praetereuntibus
743 781 1096 852 quibusdam
1132 784 1373 841 minime
1403 785 1758 853 visitaretur,
1782 789 1878 842 Sa-

229 869 562 926 maritanus
584 870 824 942 quidam
856 870 965 926 iter
986 872 1205 930 faciens
1227 875 1485 948 suscepit
1508 891 1641 931 eum
1665 892 1878 931 sanan-

227 958 368 1014 dum
401 959 837 1032 infundeusque
859 961 1051 1017 oleum
1074 966 1131 1019 et
1158 963 1361 1020 vinum
1390 964 1643 1021 reddidit
1667 981 1876 1020 sanum

227 1049 377 1120 (Luc.
411 1067 469 1116 x,
505 1049 718 1120 30-35).
752 1051 974 1106 Infusio
1004 1051 1159 1107 enim
1202 1052 1313 1109 olei
1361 1057 1417 1108 et
1462 1053 1581 1109 vini
1613 1069 1876 1110 necessa-

227 1137 373 1193 riam
397 1138 632 1209 pietatis
655 1143 712 1194 et
732 1139 1062 1197 severitatis
1077 1141 1370 1215 signiﬁcat
1384 1142 1874 1199 commistionem.

227 1227 371 1282 Hinc
418 1243 556 1299 ergo
604 1229 870 1286 doctores
900 1229 1153 1286 universi
1196 1236 1443 1303 possunt
1472 1232 1617 1288 satis
1641 1232 1874 1301 instrui,

228 1315 366 1387 quia
397 1333 502 1372 nec
531 1316 721 1390 pietas
761 1317 888 1374 sine
933 1320 1255 1389 severitate,
1290 1337 1395 1376 nec
1445 1321 1722 1378 severitas
1750 1321 1878 1378 sine

227 1404 441 1476 pietate
471 1405 532 1460 in
563 1398 972 1478 peccatoribus
1005 1409 1281 1466 curandis
1309 1411 1562 1466 tenenda
1588 1415 1695 1466 est.

299 1495 463 1560 Quod
497 1511 630 1551 vero
653 1496 1048 1553 necessarium
1081 1497 1160 1554 sit
1184 1499 1410 1555 cunctis
1433 1498 1706 1555 ﬁdelibus
1735 1500 1874 1555 sub-

230 1583 507 1639 stantiam
563 1588 855 1641 terrenam
903 1585 1339 1658 possidentibus
1395 1591 1611 1644 aeterna
1663 1588 1878 1661 gaudia

229 1672 474 1729 mercari
497 1678 554 1728 et
574 1673 876 1746 exquirere
899 1691 1032 1730 cum
1054 1675 1476 1748 temporalibus
1508 1676 1697 1747 bonis,
1730 1677 1876 1733 satis

227 1761 526 1818 indicatur
584 1779 686 1835 per
741 1763 1077 1836 parabolam
1134 1765 1298 1821 illam
1347 1782 1359 1820 :
1424 1772 1596 1822 Homo
1651 1767 1876 1838 quidam

227 1855 341 1906 erat
398 1853 552 1906 dives
621 1854 718 1922 qui
784 1853 1015 1909 habebat
1074 1853 1332 1910 villicum
1397 1857 1548 1926 (Luc.
1606 1872 1727 1923 xvr,
1789 1855 1871 1927 1),

231 1941 325 2012 qui
381 1940 442 1996 in
505 1940 619 1996 ﬁne
674 1940 944 1998 lectionis
999 1943 1126 2013 ejus
1187 1959 1292 1998 cur
1345 1942 1507 1999 illam
1569 1942 1877 2016 protulerit

228 2029 517 2085 Dominus
566 2030 920 2102 manifestat,
971 2031 1172 2088 dicens
1215 2049 1227 2086 :
1287 2033 1470 2090 Facite
1531 2035 1676 2089 vobis
1732 2035 1874 2088 ami-

229 2134 311 2174 cos
365 2118 428 2174 de
486 2135 808 2175 mammona
867 2123 1202 2192 iniquitatis,
1261 2126 1370 2177 etc.
1431 2123 1612 2192 (Ibid.,
1670 2123 1746 2190 9).
1810 2123 1873 2177 In

225 2224 341 2279 qua
367 2207 547 2262 etiam
583 2208 864 2280 parabola
893 2209 1176 2266 Dominus
1206 2214 1618 2283 argumentum
1661 2227 1695 2265 a
1737 2227 1873 2266 con-

222 2297 398 2368 trario
421 2313 671 2353 sumens
693 2299 764 2353 de
785 2296 976 2354 villico
994 2299 1258 2355 fraudem
1283 2300 1548 2366 faciente,
1565 2299 1756 2355 innuit
1777 2316 1875 2355 no-

224 2385 314 2442 bis
342 2385 484 2458 quia
515 2390 634 2442 tam
667 2403 702 2441 a
744 2387 1050 2443 contrariis
1081 2405 1259 2459 quam
1303 2405 1337 2442 a
1377 2388 1873 2458 consequentibus

224 2473 399 2530 rebus
431 2475 945 2548 possintexempla
965 2476 1368 2534 aediﬁcationis
1400 2475 1676 2549 proponi;
1713 2478 1873 2532 fraus

226 2563 379 2619 enim
409 2563 606 2620 omnis
636 2565 929 2620 contraria
957 2570 1048 2622 est
1075 2565 1417 2622 Christianas
1458 2565 1592 2620 ﬁdei
1640 2570 1698 2621 et
1744 2566 1873 2622 ideo

223 2650 370 2708 hanc
395 2653 584 2708 facere
616 2652 752 2710 licet
782 2653 948 2710 nulli.
973 2655 1081 2710 Sed
1108 2658 1302 2710 tamen
1326 2654 1522 2726 aliquo
1545 2655 1718 2710 modo
1740 2671 1873 2727 pos-

224 2757 430 2798 sumus
458 2741 668 2798 exinde
691 2741 986 2814 aediﬁcari,
1013 2745 1382 2800 attendentes
1411 2743 1634 2801 scilicet
1656 2744 1796 2816 quia
1823 2745 1873 2800 si

224 2831 438 2903 aliquis
469 2831 842 2888 sacularium
873 2849 977 2905 per
1023 2833 1287 2889 fraudem
1319 2851 1437 2890 suae
1468 2833 1707 2889 utilitati
1739 2851 1872 2906 pro-

226 2920 396 2993 spicit
446 2921 507 2975 in
554 2921 840 2988 futurum,
876 2921 1061 2978 multo
1102 2923 1291 2996 magis
1321 2941 1428 2979 nos
1458 2924 1740 2980 debemus
1771 2941 1876 2996 per

226 3007 656 3082 eleemosynam
670 3011 833 3081 juste
854 3011 1201 3081 acquisitam
1225 3012 1544 3084 providere,
1560 3029 1686 3084 quae
1705 3013 1873 3070 nobis

227 3098 288 3154 in
316 3098 517 3154 futura
542 3098 665 3154 vita
695 3099 1028 3172 expediunt.
1053 3100 1157 3156 Cui
1188 3101 1470 3156 nimirum
1501 3101 1765 3174 exemplo
1795 3102 1874 3158 si-

227 3185 362 3242 mile
389 3191 482 3242 est
513 3202 527 3240 :
580 3186 631 3242 si
681 3186 898 3259 aliquis
936 3188 1247 3261 religiosus
1274 3189 1478 3245 videns
1508 3181 1871 3246 meretricem

1989 606 2216 674 nititur,
2243 623 2314 662 ne
2345 607 2404 662 in
2437 608 2696 680 quolibet
2719 609 3074 678 dominetur,
3097 611 3461 668 attendendaa
3493 615 3632 668 sunt

1988 695 2100 750 illae
2129 696 2256 751 duas
2289 695 2730 765 similitudines,
2763 715 3013 771 quarum
3046 700 3282 771 quidem
3327 718 3445 756 una
3491 704 3581 757 est
3616 717 3630 757 :

1989 789 2106 841 Duo
2128 785 2370 842 homines
2390 787 2751 844 ascenderunt
2770 790 2831 842 in.
2858 789 3122 859 templum
3141 795 3205 844 ut
3227 799 3448 846 orarent
3473 791 3626 861 (Luc.

1987 891 2147 942 xvm,
2182 876 2290 945 10).
2322 875 2512 931 Altera
2541 892 2673 932 vero
2707 892 2720 930 :
2773 877 2906 932 Cum
2935 878 3201 932 invitatus
3222 879 3394 946 fueris
3423 878 3494 934 ad
3523 896 3630 934 nu-

1982 963 2151 1032 ptias,
2184 963 2429 1018 recumbe
2476 965 2536 1017 in
2581 965 2877 1020 novissimo
2921 965 3033 1020 loco
3077 965 3227 1036 (Luc.
3259 981 3374 1034 xw,
3409 967 3516 1036 10).
3550 967 3629 1022 Ex

1987 1055 2234 1123 utraque
2265 1068 2402 1123 ergo
2431 1057 2678 1124 possunt
2706 1069 2909 1108 omnes
2932 1053 3158 1108 edoceri
3189 1057 3408 1124 quanta
3428 1054 3629 1109 confu-

1987 1136 2072 1193 sio
2094 1137 2181 1192 vel
2205 1139 2374 1194 ruina
2393 1139 2726 1211 superbiam
2750 1140 2933 1196 soleat
2954 1140 3140 1213 sequi.
3165 1143 3422 1212 Utraque
3452 1141 3630 1196 etiam

1987 1243 2106 1283 una
2153 1228 2472 1300 eademque
2513 1228 2804 1285 sententia
2838 1229 3207 1296 terminatur,
3241 1229 3381 1300 quia
3411 1227 3634 1285 scilicet

1987 1316 2179 1371 omnis
2211 1317 2309 1388 qui
2340 1333 2402 1372 se
2431 1318 2640 1375 exaltat
2668 1317 3096 1386 humiliabitur,
3116 1323 3173 1376 et
3201 1319 3300 1391 qui
3332 1333 3394 1375 se
3424 1317 3630 1374 humi-

1984 1404 2089 1460 liat
2124 1405 2491 1462 exaltabitur.

2058 1495 2202 1550 Item
2234 1512 2305 1550 ne
2335 1496 2630 1553 concessis
2657 1501 2715 1552 et
2756 1495 2930 1552 licitis
2964 1499 3138 1554 rebus
3171 1497 3630 1570 intemperanter

1986 1587 2243 1655 utamur,
2266 1601 2368 1640 seu
2399 1586 2459 1640 in
2489 1585 2573 1642 eis
2604 1585 2737 1660 plus
2768 1603 2946 1658 quam
2976 1586 3148 1643 liceat
3177 1587 3522 1652 innitamur,
3546 1590 3628 1642 at-

1985 1673 2397 1735 tendendaest
2417 1675 2640 1748 jugiter
2677 1676 2778 1732 illa
2821 1675 3141 1749 parabola:
3193 1679 3361 1732 Homo
3402 1677 3630 1748 quidam

1982 1764 2113 1832 fecit
2139 1779 2349 1818 cwnam
2373 1781 2634 1836 magnam
2653 1769 2706 1821 et
2731 1769 2942 1822 vocavit
2961 1767 3161 1822 multos
3183 1768 3330 1838 (Luc.
3353 1784 3469 1834 xw,
3496 1768 3584 1837 16)
3610 1785 3622 1834 ;

1986 1851 2124 1922 quid
2154 1853 2311 1908 enim
2360 1853 2440 1909 ibi
2485 1855 2703 1910 dicitur
2741 1871 2905 1912 cmna
2932 1871 3147 1928 magna
3177 1856 3330 1911 facta
3357 1861 3416 1911 et
3441 1855 3629 1912 vocati

1985 1941 2176 2012 multi,
2210 1943 2310 1997 sed
2361 1942 2603 2014 quidam
2652 1948 2888 2016 propter
2933 1944 3080 2000 villae
3128 1949 3356 2016 emptae,
3389 1944 3628 2017 quidam

1983 2035 2219 2103 prepter
2248 2046 2523 2102 agrorum
2557 2037 2889 2106 emptorum
2923 2032 3349 2106 probationem,
3383 2033 3628 2105 quidam

1983 2135 2118 2174 vero
2152 2124 2387 2192 prOpter
2409 2138 2646 2178 uxorem
2680 2122 2902 2179 noviter
2923 2123 3159 2178 ductam
3192 2139 3253 2178 se
3283 2125 3629 2178 excusantes

1982 2208 2178 2264 venire
2209 2209 2524 2266 noluerunt
2550 2212 2736 2283 (Ibid.,
2763 2213 2972 2284 18-20),
2997 2212 3288 2284 signiﬁcat
3309 2210 3627 2267 maximam

1983 2297 2222 2368 quidem
2248 2299 2684 2356 multitudinem
2707 2300 2969 2356 ﬁdelium
2987 2301 3058 2356 ad
3083 2316 3338 2372 superna
3360 2297 3574 2372 gaudia
3595 2315 3629 2353 a

1982 2387 2227 2443 Domino
2251 2387 2576 2457 invitatam,
2600 2390 2701 2445 sed
2723 2390 2866 2444 dum
2899 2389 3138 2461 plurimi
3170 2389 3363 2444 nimia:
3390 2404 3626 2460 posses-

1983 2475 2214 2532 sionum
2245 2476 2697 2533 obtinendarum
2725 2478 3051 2548 ambitioni,
3079 2477 3249 2534 multi
3269 2481 3466 2534 autem
3489 2493 3626 2532 con-

1975 2565 2142 2639 jugio
2165 2565 2324 2622 licito
2347 2566 2803 2639 intemperanter
2832 2566 3012 2622 dediti
3034 2566 3431 2631 inveniuntur,
3457 2567 3626 2638 pauci

1983 2659 2122 2711 sunt
2151 2655 2252 2727 qui
2281 2655 2570 2712 vocationi
2603 2656 2808 2711 divinas
2836 2655 3170 2712 obedientes
3203 2656 3273 2711 ad
3306 2671 3487 2728 regna
3514 2672 3626 2712 caa-

1982 2743 2173 2800 lorum
2204 2743 2568 2816 perveniunt.
2600 2744 3018 2801 Verumtamen
3049 2762 3115 2801 eo
3146 2744 3278 2817 plus
3310 2745 3626 2800 metuenda
3707 2740 3722 2756 '

1981 2839 2072 2890 est
2097 2833 2276 2905 hujus
2307 2835 2594 2906 parabolm
2625 2835 2914 2891 sententia
2946 2851 3061 2907 quo
3101 2833 3298 2890 minus
3347 2851 3381 2890 a
3423 2833 3629 2890 multis

1981 2922 2242 2993 timetur,
2259 2923 2361 2995 qui
2378 2923 2640 2996 quotidie
2657 2941 2771 2980 non
2790 2923 2983 2980 solum
3001 2924 3075 2979 ob
3093 2923 3339 2979 nimiam
3355 2921 3627 2978 villarum

1982 3017 2040 3069 et
2067 3028 2340 3085 agrorum
2373 3013 2556 3086 pretio
2587 3013 2875 3086 condigne
2907 3013 3400 3084 acquirendorum
3440 3011 3626 3068 ambi-

1980 3101 2224 3168 tionem,
2257 3107 2314 3157 et
2362 3108 2599 3174 propter
2627 3102 3081 3174 intemperatum
3113 3101 3310 3158 uxoris
3345 3117 3626 3171 amorem,

1983 3191 2084 3247 sed
2115 3190 2313 3256 etiam,
2347 3192 2502 3261 quod
2535 3191 2718 3246 multo
2750 3191 3001 3261 nequius
3045 3195 3153 3260 est,
3186 3192 3258 3247 ob
3307 3208 3406 3246 eos
3456 3207 3628 3262 agros

227 3275 565 3331 omnimodo
591 3281 859 3333 ornatam
881 3278 1243 3334 amatoribus
1275 3279 1399 3334 suis
1431 3294 1565 3335 mox
1586 3282 1764 3350 optet,
1788 3278 1874 3334 di-
1904 3266 1948 3334 C
1986 3294 2134 3350 quos
2164 3279 2367 3335 fraude
2399 3279 2596 3351 aliqua
2626 3279 2926 3350 acquirere
2953 3283 3011 3334 et
3039 3279 3265 3335 auferre
3296 3278 3535 3333 student
3558 3279 3630 3333 de

224 3381 359 3420 cens
379 3380 392 3419 :
412 3363 652 3421 Utinam
675 3381 779 3437 ego
800 3365 886 3422 ita
909 3367 1206 3423 studerem
1230 3367 1458 3439 placere
1473 3366 1703 3424 Christo
1724 3368 1878 3424 sicut

222 3453 334 3510 ista
359 3452 646 3509 meretrix
664 3455 857 3510 studet
874 3454 1104 3527 placere
1129 3457 1384 3524 mundo;
1416 3455 1505 3511 vel
1533 3457 1585 3512 si
1607 3455 1740 3529 quis
1764 3456 1878 3528 spi-

223 3541 463 3598 ritualis
493 3542 692 3598 doctor
718 3543 1036 3616 discipulos
1081 3562 1221 3602 suos
1263 3545 1593 3613 admoneat,
1626 3545 1826 3601 dicens
1861 3562 1874 3601 :

224 3632 389 3688 Sicut
407 3629 587 3686 multi
603 3631 841 3689 studiosi
859 3637 1000 3689 sunt
1019 3634 1090 3690 ad
1107 3635 1486 3691 obtinendam
1504 3634 1876 3707 prudentiam

226 3719 439 3789 carnis,
466 3719 552 3775 ita
574 3724 631 3775 et
650 3737 749 3777 vos
773 3723 1000 3782 studete
1021 3727 1088 3779 ut
1107 3723 1476 3796 spiritualem
1503 3723 1876 3796 prudentiam

235 3809 564 3877 obtineatis,
580 3825 714 3864 cum
736 3827 1006 3882 perversa
1025 3813 1102 3868 sit
1117 3816 1176 3868 et
1196 3812 1467 3869 meretrix
1487 3816 1543 3868 et
1567 3812 1879 3884 prudentia

235 3897 545 3955 saecularis.
560 3898 645 3954 Ex
661 3899 878 3969 quibus
895 3900 1188 3974 colligitur
1204 3901 1342 3973 quia
1360 3901 1617 3973 pessima
1633 3917 1878 3974 quisque

237 3987 304 4042 ad
331 3987 779 4044 adiﬁcatiouem
809 3989 1034 4046 assumi
1075 3993 1342 4062 possunt.

875 4185 1108 4242 CAPUT
1146 4185 1214 4239 V.

238 4311 376 4365 Alia
419 4311 721 4381 parabolae,
751 4317 807 4366 et
855 4310 1181 4366 documenta
1221 4311 1584 4382 proferuntur
1637 4309 1880 4382 exiNovi

313 4381 613 4452 Veterisque
642 4383 967 4438 Testamenti
1004 4383 1182 4447 libris,
1214 4381 1409 4453 quibus
1440 4381 1629 4437 clerici
1656 4381 1727 4435 ad
1754 4396 1876 4452 per-

297 4453 546 4508 sananda
573 4455 712 4510 vitia
741 4462 858 4509 tum
888 4455 953 4510 in
980 4469 1055 4524 se,
1090 4462 1207 4509 tum
1237 4455 1296 4508 in
1326 4453 1456 4508 aliis
1484 4459 1733 4508 utantur.

305 4613 557 4669 Rursum
606 4629 678 4669 ne
724 4617 962 4686 propter
997 4613 1195 4686 aliqua
1221 4614 1375 4670 bona
1404 4630 1579 4686 opera
1608 4611 1878 4668 humanae
1909 4633 1956 4698 D

238 4696 422 4756 laudis
451 4702 718 4774 appetitu
747 4702 1042 4776 impulsus
1073 4707 1398 4776 superetur,
1427 4703 1689 4758 attendat
1718 4700 1880 4758 illam

241 4783 570 4857 parabolam
601 4807 615 4844 :
650 4791 847 4848 Simile
867 4799 942 4848 est
961 4808 1193 4863 regnum
1211 4793 1470 4848 caelorum
1492 4792 1744 4847 thesauro
1765 4791 1883 4845 abs-

239 4877 444 4935 condito
492 4882 554 4934 in
609 4896 769 4952 agro,
827 4884 934 4936 etc.
990 4880 1197 4946 (Matth.
1239 4899 1360 4951 xm,
1409 4881 1517 4953 44).
1550 4879 1673 4936 Nisi
1720 4879 1876 4935 enim

240 4966 375 5022 actio
396 4969 556 5024 bona
578 4968 877 5026 interdum
896 4970 1292 5027 abscondatur
1312 4988 1346 5027 a
1366 4969 1642 5042 malignis
1664 4969 1878 5040 spiriti-

236 5053 358 5126 bus,
387 5057 550 5113 velut
596 5074 631 5113 a
672 5057 999 5115 latronibus
1030 5059 1279 5131 pecunia
1307 5064 1562 5127 ostensa,
1594 5059 1872 5114 aufertur.

301 5143 441 5203 Item
469 5164 542 5203 ne
567 5147 754 5204 durus
785 5151 842 5204 et
869 5147 1114 5204 immitis
1139 5149 1218 5204 sit
1235 5164 1372 5222 erga
1391 5165 1490 5204 eos
1521 5147 1622 5220 qui
1653 5147 1711 5202 in
1740 5163 1875 5202 eum

243 5231 424 5306 aliquo
448 5237 627 5294 modo
648 5240 893 5309 peccant
913 5239 1172 5294 attendat
1197 5237 1359 5294 illam
1387 5237 1723 5311 parabolam
1751 5254 1762 5292 :
1787 5237 1874 5291 Si-

239 5324 361 5378 mile
378 5331 456 5381 est
475 5343 711 5400 regnum
731 5327 990 5384 caelorum
1010 5329 1224 5384 homini
1239 5329 1379 5398 regi,
1400 5330 1496 5400 qui
1515 5329 1690 5382 voluit
1710 5328 1876 5381 ratio-

238 5426 351 5466 nem
376 5433 580 5486 ponere
609 5419 933 5472 cum‘servis
961 5420 1077 5473 suis
1107 5418 1312 5491 (Matth.
1339 5434 1499 5488 xvm,
1523 5417 1637 5486 23).
1665 5417 1726 5470 In
1759 5432 1877 5486 qua

235 5502 372 5559 satis
393 5509 596 5579 aperte
622 5510 986 5563 monstratur
1011 5507 1263 5579 qualiter
1281 5507 1601 5562 debeamus
1622 5520 1750 5559 esse
1772 5503 1877 5558 cle-

233 5598 449 5652 mentes
479 5611 622 5669 erga
652 5596 945 5652 debitores
977 5601 1228 5664 nostros,
1255 5596 1304 5652 si
1335 5593 1607 5651 volumus
1640 5592 1809 5648 nobis
1841 5609 1874 5648 a

233 5677 342 5737 Deo
370 5684 620 5745 relaxari
650 5685 846 5743 debita
889 5689 1108 5742 nostra.

1985 3366 2128 3423 locis
2158 3367 2378 3423 sanctis
2409 3383 2511 3423 seu
2544 3367 2902 3438 pauperibus
2941 3371 2998 3421 et
3043 3371 3279 3438 propter
3307 3363 3628 3420 meretricis

1984 3456 2401 3523 inductionem,
2456 3472 2534 3511 se
2574 3459 2864 3510 conantur
2919 3469 3197 3510 excusare
3245 3470 3278 3508 a
3327 3453 3629 3508 vocatione

1986 3545 2199 3601 divina.
2234 3545 2293 3600 Si
2325 3544 2480 3600 enim
2511 3543 2571 3599 hi
2603 3543 2704 3615 qui
2737 3543 2911 3598 rebus
2933 3543 3096 3614 juste
3135 3540 3438 3614 acquisitis
3490 3545 3548 3596 et
3595 3557 3630 3596 a

1984 3633 2101 3689 Deo
2131 3632 2424 3689 concessis
2453 3633 2913 3704 intemperanter
2941 3634 3190 3686 utuntur
3231 3647 3266 3686 a
3307 3645 3484 3703 regno
3513 3645 3631 3684 cce-

1987 3722 2119 3778 lesti
2149 3722 2558 3788 excluduntur,
2593 3720 2736 3793 quid
2768 3720 3126 3776 credendum
3163 3724 3254 3776 est
3283 3720 3354 3775 de
3375 3718 3491 3775 illis
3522 3719 3624 3790 qui

1985 3828 2088 3884 per
2139 3811 2256 3867 vim
2305 3815 2362 3867 et
2413 3811 2677 3866 fraudem
2729 3809 2988 3882 aliquam
3029 3809 3218 3865 aliena
3256 3809 3546 3881 rapientes
3577 3811 3634 3864 et

1988 3899 2394 3955 meretricibus
2444 3914 2506 3955 se
2546 3901 2822 3970 jugentes
2870 3899 2930 3953 in
2980 3897 3073 3953 his
3122 3914 3308 3970 usque
3350 3899 3421 3952 ad
3452 3897 3629 3953 ﬁnem

1987 3989 2115 4044 vitae
2146 3989 2562 4061 perseverant?
2589 3989 2737 4044 Hinc
2768 3988 2969 4044 credat
2998 3987 3248 4060 quisque
3276 3987 3431 4060 quod
3459 3985 3628 4054 velit;

1988 4094 2092 4150 ego
2123 4078 2293 4134 credo
2334 4077 2472 4150 quia
2514 4077 2728 4133 caelum
2775 4080 2832 4132 et
2875 4080 3031 4133 terra
3068 4075 3423 4144 transibunt,
3456 4075 3634 4132 verba

1989 4170 2183 4224 autem
2225 4165 2421 4222 divina
2473 4183 2588 4223 non
2634 4166 2972 4222 transibunt
3002 4167 3187 4237 (Marc.
3221 4181 3344 4235 xm,
3375 4166 3488 4236 31),
3517 4163 3632 4220 nisi

1988 4262 2055 4312 ut
2075 4255 2434 4328 impleantur
2455 4255 2605 4312 sicut
2625 4255 2902 4328 praedicta
2924 4259 3082 4312 sunt.
3102 4256 3232 4311 Haec
3254 4255 3432 4327 igitur
3450 4271 3637 4326 pauca

1988 4344 2408 4401 exhortationis
2444 4345 2621 4401 verba
2669 4345 2741 4400 ad
2793 4345 3016 4401 clerum
3059 4344 3214 4400 dicta
3244 4343 3372 4399 ideo
3401 4360 3470 4399 ex
3499 4359 3633 4398 san-

1988 4432 2250 4490 ctissimo
2282 4434 2722 4508 Evangeliorum
2755 4433 2901 4489 libro
2949 4433 3202 4505 proferre
3249 4432 3466 4499 curavi,
3500 4431 3638 4502 quia

1992 4519 2128 4578 talis
2169 4521 2318 4578 liber
2370 4522 2598 4579 clericis
2651 4538 2795 4595 pene
2839 4521 3117 4577 omnibus
3148 4520 3493 4576 notissimus
3523 4523 3636 4586 est,

1989 4615 2189 4681 utpote
2237 4613 2338 4684 qui
2369 4612 2584 4684 saepius
2616 4610 2830 4683 legitur
2858 4613 2914 4665 et
2943 4609 3180 4664 auditur
3209 4609 3281 4663 ab
3315 4607 3417 4664 eis.

2064 4700 2313 4757 Possunt
2358 4702 2533 4758 etiam
2581 4698 2833 4755 studiosi
2882 4697 3128 4770 quilibet
3180 4695 3520 4751 clericorum
3567 4711 3633 4750 ex

1990 4789 2148 4845 varia
2179 4789 2467 4863 scriptura
2496 4793 2615 4845 tam
2641 4786 2868 4842 Veteris
2898 4801 3076 4858 quam
3108 4785 3247 4841 Novi
3275 4784 3632 4840 Testamenti

1991 4877 2134 4934 satis
2165 4879 2396 4945 instrui,
2430 4883 2487 4933 et
2517 4893 2632 4932 non
2663 4875 2855 4932 solum
2887 4892 2954 4930 ex
2987 4874 3156 4930 bonis
3187 4874 3288 4929 sed
3337 4874 3511 4929 etiam
3562 4890 3630 4929 ex

1987 4967 2161 5024 malis
2193 4967 2486 5024 aediﬁcari.
2521 4965 2581 5022 Si
2612 4965 2768 5022 enim
2801 4965 3092 5020 attendere
3123 4963 3456 5020 studuerint
3483 4962 3628 5018 Abel

1977 5057 2296 5128 justitiam,
2340 5057 2449 5113 Job
2509 5054 2871 5128 patientiam,
2920 5053 3310 5109 venerandam
3357 5051 3623 5119 Abrahae,

1986 5150 2148 5202 Isaac
2197 5151 2254 5203 et
2302 5146 2482 5202 Jacob
2532 5142 2996 5200 benedictionem
3037 5159 3071 5198 a
3101 5143 3217 5198 Deo
3248 5140 3358 5197 sibi
3389 5141 3623 5207 factam,

1987 5236 2160 5291 David
2210 5233 2628 5303 humilitatem,
2673 5231 2932 5288 Danielis
2978 5234 3035 5287 et
3077 5230 3259 5286 trium
3309 5245 3624 5300 puerorum

1985 5325 2398 5392 constantiam,
2445 5326 2724 5379 Susannae
2773 5320 3118 5387 castitatem,
3162 5318 3468 5389 utriusque
3513 5317 3624 5373 To-

1983 5414 2112 5484 biae,
2146 5412 2328 5485 patris
2359 5411 2580 5468 scilicet
2633 5414 2689 5466 et
2739 5409 2840 5465 ﬁlii
2893 5408 3231 5481 religionem
3259 5405 3627 5479 aliorumque

1984 5504 2219 5559 Patrum
2283 5501 2341 5556 in
2399 5500 2588 5556 Veteri
2648 5501 3023 5555 Testamento
3081 5496 3514 5568 perfectionem,
3577 5495 3628 5550 si

1983 5593 2247 5664 inquam,
2273 5590 2570 5646 attendere
2598 5587 2886 5644 voluerint
2911 5586 3117 5642 talium
3149 5587 3408 5642 virorum
3430 5600 3622 5640 exem-

1982 5680 2098 5753 pla,
2113 5679 2383 5739 aediﬁcari
2395 5678 2752 5739 omnimodis
2771 5679 3036 5752 possunt.
3053 5676 3309 5736 Rursum
3328 5675 3622 5734 siecontra
