4098 6172
448 362 582 427 .255

1458 362 1815 428 'OTHLONI
1842 360 2214 426 ’ΜΟΝΑοΗῖ
2258 360 2324 422 S.
2370 357 2860 423 EMMEBAMMI

3750 350 3858 415 236

456 497 750 569 creplicare
779 494 1088 564 voluerint,
1112 500 1396 569 quantam
1428 497 1713 553 malitiam
1738 496 1877 553 Cain
1908 497 1968 552 in
1988 497 2112 553 ‘fra-
2141 494 2197 561 Ἀ
2225 496 2361 551 dere
2392 497 2677 568 quantum
2710 492 3071 566 permittitur
3099 484 3398 547 obstaculo
3428 492 3593 545 terrae
3620 488 3714 543 vet
3758 484 3856 543 ali-

458 592 616 644 ‘trem
651 603 825 643 suum
857 586 1059 657 egerit,
1091 603 1195 659 pro
1243 587 1459 660 quibus
1511 587 1763 659 peccatis
1800 586 2110 643 Sodomitas

458 675 734 733 :subversi
784 674 921 741 sint,
967 675 1217 746 qualiter
1263 677 1819 743 Nabuchodonosor,
1854 676 2110 732 Holofer-

462 764 677 836 nisque
727 764 1000 835 superbia
1054 766 1303 820 contrita
1354 765 1450 833 sit,
1484 782 1659 836 quam
1703 764 1880 821 variis
1922 764 2112 820 modis

458 858 909 910 murmurantes
938 853 1040 908 ﬁlii
1077 854 1253 910 Israel
1284 854 1485 909 afﬂicti
1517 855 1658 921 sint,
1690 855 1830 926 quid
1862 854 1985 910 Heli
2017 871 2111 909 sa-

465 942 718 998 cerdotis
750 941 854 997 lilii
888 948 1191 1013 peccantes
1223 942 1587 1015 pertulerint,
1622 944 1913 1015 quomodo
1950 942 2109 999 Salo-

460 1046 607 1085 mon
636 1032 1111 1102 sapientissimus
1142 1032 1431 1101 ceciderit,
1456 1036 1855 1105 quantamque
1879 1033 2111 1087 ruinam

466 1119 721 1176 Absalon
752 1126 810 1175 et
830 1121 942 1176 duo
967 1122 1199 1192 judices
1230 1126 1431 1177 contra
1449 1128 1781 1178 Susannam
1802 1122 2109 1177 insanien-

466 1214 555 1265 tes
588 1210 923 1277 meruerint,
959 1227 1136 1282 quam
1168 1213 1386 1267 frustra
1416 1211 1660 1267 Herodis
1693 1216 1750 1266 et
1777 1212 2112 1267 Judaaomm

466 1298 643 1354 dolus
674 1300 733 1353 in
754 1299 1050 1355 Christum
1072 1299 1396 1367 insanierit,
1426 1306 1643 1372 quanta
1669 1300 1892 1355 malitia
1911 1300 2111 1355 Simon

470 1387 674 1458 Magus
728 1388 1049 1443 obcaecatus
1100 1389 1350 1460 perierit.
1399 1390 1545 1455 Quid
1593 1389 1753 1444 aliud
1802 1405 1904 1459 per
1951 1392 2115 1443 tanta

462 1476 627 1531 mala
649 1476 929 1542 innuitur,
951 1477 1062 1533 nisi
1089 1482 1149 1531 ut
1174 1478 1479 1534 audientes
1500 1479 1745 1534 timeant
1765 1482 1820 1533 et
1840 1478 2113 1533 timentes

464 1568 714 1620 caveant
737 1581 808 1620 ne
829 1564 886 1620 in
911 1565 1125 1621 similia
1152 1567 1408 1622 cadant?
1455 1566 1702 1621 Plurimi
1726 1582 1979 1636 namque
1999 1564 2114 1620 nisi

468 1651 678 1708 timore
702 1653 1208 1724 compellerentur,
1240 1654 1399 1710 nullo
1423 1656 1594 1710 modo
1622 1655 1693 1710 ad
1726 1653 1975 1711 salutem
2004 1660 2115 1708 tra-

470 1740 768 1798 herentur.
802 1746 964 1798 Patet
989 1743 1173 1814 igitur
1193 1743 1331 1815 quia
1352 1747 1472 1799 tam
1497 1760 1600 1815 per
1621 1742 1776 1799 male.
1804 1759 1981 1815 quam
2012 1758 2116 1814 per

468 1829 621 1888 bona
653 1830 925 1886 aediﬁcari
957 1848 1294 1903 possumus,
1327 1832 1376 1888 si
1424 1847 1491 1887 ea
1536 1833 1619 1887 ita
1673 1838 1737 1887 ut
1784 1848 1817 1887 a
1867 1832 2113 1886 Domino
2144 1865 2191 1930 Β

471 1918 819 1973 ordinantur
847 1935 1183 1990 pensamus.
1210 1921 1352 1975 Nam
1385 1924 1450 1975 ut
1480 1921 1662 1975 Deum
1696 1936 1985 1985 amemus,
2012 1934 2117 1991 per

469 2007 621 2062 bona
647 2006 972 2074 trahimur;
1008 2009 1108 2064 sed
1158 2014 1223 2063 ut
1267 2026 1403 2065 eum
1450 2010 1785 2076 timeamus,
1819 2024 1922 2081 per
1962 2008 2117 2065 mala

470 2093 670 2166 aliqua
698 2096 1125 2167 compellimur.
1161 2098 1344 2167 Unde,
1377 2115 1595 2169 quasso,
1628 2102 1692 2154 ut
1739 2115 1808 2154 ea
1837 2113 1963 2170 quae
1995 2100 2114 2169 iam

473 2184 712 2255 protuli,
744 2189 801 2240 et
847 2184 963 2241 alia
1008 2186 1101 2243 his
1145 2186 1363 2242 similia
1392 2188 1453 2242 in
1485 2187 1653 2243 libris
1684 2187 1867 2244 sacris
1896 2186 2117 2259 scripta

472 2272 792 2331 intentione
841 2291 1077 2331 summa
1129 2274 1400 2349 legantur
1454 2281 1511 2331 et
1566 2292 1693 2348 quas
1751 2276 1920 2331 nobis
1977 2281 2117 2331 sunt

472 2361 739 2417 facienda
792 2379 864 2418 ex
916 2380 1119 2419 eorum
1179 2364 1421 2421 lectione
1473 2365 1869 2438 aliquatemus
1926 2364 2115 2437 inspi-

472 2449 723 2506 cientur.

1100 2541 1339 2597 CAPUT
1387 2543 1478 2598 VI.

471 2628 739 2683 Ducentur
768 2629 960 2683 clerici
985 2645 1103 2700 quae
1134 2630 1292 2685 laicis
1325 2632 1644 2703 praedicent,
1676 2640 1735 2688 ut
1775 2634 1929 2704 frugi
1971 2634 2110 2687 sint.

543 2715 760 2772 Deinde
806 2716 1120 2773 exhortans
1172 2724 1229 2774 et
1276 2718 1476 2790 laicos,
1522 2737 1638 2775 non
1688 2737 1785 2778 eos
1834 2722 1907 2777 ad
1954 2720 2115 2775 illius

472 2804 783 2877 Scriptura;
814 2804 1143 2878 lectionem,
1176 2807 1315 2879 quia
1347 2808 1464 2864 illis
1495 2809 1694 2881 ignota
1722 2814 1830 2877 est,
1863 2811 2113 2878 adduco,

475 2895 576 2950 sed
617 2900 682 2949 ut
728 2912 761 2950 a
807 2894 1033 2951 clericis
1066 2897 1332 2968 quaedam
1366 2915 1469 2969 pro
1501 2898 1859 2970 quotidianis
1889 2901 2114 2971 experi-

474 2983 688 3040 mentis
720 2984 963 3056 cognitie
994 2984 1411 3042 similitudines
1464 2988 1804 3060 aperiantur
1850 2988 2112 3045 obsecro.

474 3073 711 3131 Dicatur
742 3073 939 3144 itaque
968 3072 1052 3129 eis
1091 3090 1164 3130 ne
1204 3092 1309 3147 pro
1340 3091 1406 3131 eo
1437 3077 1594 3147 quod
1624 3076 1847 3134 litteras
1879 3079 2116 3135 nescitis

474 3162 908 3218 excusationem
940 3161 1198 3234 aliquam
1239 3180 1433 3220 coram
1464 3165 1580 3221 Deo
1610 3183 1715 3224 vos
1744 3167 1957 3224 habere
1982 3183 2114 3224 cre-

473 3249 647 3319 datis,
671 3249 1014 3306 intimamus
1044 3252 1208 3308 vobis
1228 3254 1519 3324 quaedam,
1543 3254 1601 3309 in
1634 3255 1852 3327 quibus
1876 3256 2035 3314 velut
2054 3258 2115 3313 in

473 3337 639 3394 libris
690 3338 954 3410 quotidie
1005 3339 1250 3412 legendo
1299 3359 1613 3415 agnoscere
1660 3346 1924 3416 potestis,
1973 3346 2114 3418 quid

474 3443 645 3500 agere
686 3429 967 3484 debeatis.
1002 3429 1167 3485 Sicut
1216 3431 1395 3503 igitur
1424 3449 1562 3504 apes
1594 3433 1651 3489 in
1684 3424 1857 3490 variis
1886 3434 2031 3491 locis
2062 3439 2117 3491 et

472 3516 531 3573 in
572 3516 750 3573 variis
794 3518 1037 3575 ﬂoribus
1068 3518 1260 3575 mellis
1288 3519 1577 3593 liquorem
1609 3522 1878 3595 colligere
1908 3523 2115 3595 solent,

473 3606 555 3661 ita
583 3610 640 3662 et
664 3622 762 3662 vos
783 3606 1054 3678 colligere
1079 3608 1301 3665 debetis
1322 3609 1637 3679 cujuslibet
1666 3611 1899 3667 virtutis
1918 3612 2118 3668 dulce-

476 3694 692 3750 dinem.
726 3695 815 3750 Ab
864 3692 976 3750 alio
1025 3695 1181 3752 enim
1213 3695 1540 3769 colligenda
1568 3701 1658 3753 est
1688 3698 2013 3770 humilitas,
2044 3700 2116 3755 ab

476 3782 588 3841 alio
617 3783 896 3851 charitas,
919 3784 991 3840 ab
1016 3783 1129 3841 alio
1148 3786 1316 3851 ﬁdes,
1340 3786 1412 3841 ab
1438 3785 1550 3841 alio
1582 3786 1881 3857 patientia,
1906 3788 1978 3843 ab
2004 3789 2118 3845 alio

477 3870 739 3944 largitas,
773 3872 845 3928 ab
894 3872 1006 3927 alio
1039 3872 1298 3943 castitas,
1332 3874 1404 3928 ab
1435 3874 1548 3929 alio
1577 3874 1867 3945 discretio,
1901 3877 1975 3933 ab
2006 3876 2119 3933 alio

476 3958 980 4033 eleemosynarum
1011 3960 1209 4016 studia
1239 3977 1682 4034 pauperumque
1712 3980 1870 4033 cura,
1904 3965 1976 4021 ab
2006 3965 2119 4021 alio

478 4048 592 4105 alia
622 4048 897 4119 quaelibet
922 4049 1126 4105 virtus.
1156 4051 1294 4114 Quae
1322 4050 1541 4107 scilicet
1571 4052 1835 4124 virtutes,
1862 4054 2003 4110 dum
2037 4056 2121 4111 sic

478 4136 729 4192 collecta;
775 4137 833 4193 in
873 4138 1050 4194 unius
1081 4137 1340 4195 hominis
1370 4144 1627 4197 mentem
1659 4141 1919 4211 veniunt,
1950 4144 2121 4215 quasi

476 4224 537 4282 in
560 4242 743 4282 unum
766 4225 1083 4283 alvearium
1104 4243 1175 4284 ex
1190 4228 1366 4285 variis
1389 4229 1633 4287 ﬂoribus
1653 4235 1925 4303 excerpta
1943 4232 2123 4289 mella

478 4319 891 4387 congeruntur.

552 4404 678 4460 Non
717 4404 909 4462 solum
954 4410 1149 4463 autem
1203 4424 1272 4463 ex
1312 4406 1674 4477 hominibus,
1707 4409 1811 4464 sed
1858 4411 2036 4466 etiam
2090 4428 2124 4467 a

482 4495 843 4567 quibuslibet
871 4498 1175 4565 creaturis,
1207 4513 1356 4568 quas
1387 4496 1647 4568 quotidie
1676 4496 1765 4553 vel
1794 4498 2003 4556 videtis
2033 4498 2121 4555 vel

2212 585 2391 655 cujus
2441 585 2519 639 rei
2552 602 2564 651 ;
2618 584 2906 639 Creatoris
2953 598 3086 638 vero
3119 581 3392 653 splendor
3421 584 3512 635 est
3539 579 3859 649 incompre-

2220 672 2529 729 hensibilis
2576 678 2633 729 et
2684 672 2994 727 invisibilis
3041 673 3169 742 ejus
3217 669 3486 735 intuitus,
3521 684 3636 739 quo
3668 668 3862 724 omnia

2210 763 2535 835 praeterita,
2568 762 2874 833 prasentia
2923 766 2979 817 et
3027 760 3223 815 futura
3254 773 3604 829 omnemque
3635 761 3855 813 creatu-

2212 869 2346 908 ram
2379 852 2552 908 simul
2586 851 2752 922 quasi
2788 867 2905 905 uno
2938 850 3053 905 ictu
3088 849 3238 904 oculi
3266 846 3723 918 comprehendit,
3748 862 3858 918 quo

2216 942 2397 997 etiam
2429 942 2653 1007 respicit
2680 956 2842 1011 super
2870 940 3020 1010 ﬁlios
3062 940 3346 994 hominum
3395 945 3455 991 ut
3492 935 3679 992 videat
3706 938 3757 991 si
3784 941 3862 993 est

2212 1029 2547 1099 intelligens
2594 1038 2691 1085 aut
2738 1032 3018 1101 requirens
3062 1034 3234 1084 Deum
3282 1025 3461 1097 (Psal.
3492 1042 3615 1095 xm,
3647 1026 3723 1092 2).
3756 1025 3861 1089 Qui

2222 1120 2444 1176 scilicet
2473 1119 2748 1191 splendor
2780 1137 2892 1175 non
2926 1118 3039 1173 nisi
3068 1120 3187 1173 toto
3218 1116 3410 1172 cordis
3453 1116 3663 1171 affectu
3710 1116 3864 1171 credi

2222 1210 2311 1267 vel
2341 1210 2579 1281 agnosci
2612 1212 2821 1279 potest,
2855 1210 3101 1279 ejusque
3151 1222 3331 1277 capax
3378 1204 3487 1260 erit
3533 1209 3752 1275 quanto
3804 1205 3860 1260 in

2216 1298 2337 1354 ‘fide
2366 1303 2423 1353 et
2453 1298 2765 1353 dilectione
2794 1297 2890 1352 Dei
2928 1295 3249 1367 profecerit,
3282 1295 3589 1366 ipsiusque
3616 1293 3858 1363 justitie

2222 1386 2439 1442 esuriet
2478 1391 2652 1458 atque
2697 1386 2828 1442 sitis
2875 1402 3008 1441 eum
3060 1383 3407 1440 accenderit.
3439 1382 3604 1439 Unde
3657 1383 3727 1437 de
3776 1381 3862 1437 bis

2218 1476 2413 1532 tribus
2436 1476 2497 1531 in
2518 1476 2829 1549 Evangelio
2856 1475 3137 1532 Dominus
3158 1475 3335 1541 dicit;
3360 1475 3431 1529 de
3453 1473 3566 1529 ﬁde
3589 1473 3861 1544 quidem:

2222 1567 2441 1635 Omnia,
2465 1565 2675 1636 inquit,
2697 1566 2983 1636 possibilia
3002 1568 3130 1620 sunt
3151 1564 3393 1619 credenti
3422 1562 3606 1634 (Marc.
3634 1580 3708 1628 Ix,
3735 1562 3861 1631 22);

2223 1655 2297 1709 de
2315 1654 2621 1711 dilectione
2644 1660 2837 1710 autem
2864 1672 2876 1709 :
2910 1656 3016 1722 Qui
3034 1654 3225 1724 diligit
3251 1669 3337 1709 me
3357 1652 3626 1725 diligetur
3649 1668 3683 1705 a
3703 1652 3866 1706 Patre

2221 1760 2361 1809 meo,
2393 1748 2446 1799 et
2474 1759 2570 1815 ego
2599 1745 2833 1815 diligam
2872 1758 2996 1798 eam
3040 1748 3091 1798 et
3138 1742 3497 1812 manifestato
3546 1743 3599 1796 ei
3648 1756 3735 1794 me
3782 1740 3863 1810 ip-

2222 1849 2347 1890 sum
2393 1835 2570 1901 (Joan.
2603 1850 2720 1898 xxv,
2751 1834 2880 1901 21);
2933 1833 3006 1887 de
3035 1832 3228 1887 esurie
3256 1846 3392 1886 vero
3420 1846 3485 1885 ac
3516 1829 3614 1885 siti
3647 1846 3660 1885 :
3712 1829 3868 1884 Beati

2220 1924 2319 1993 qui
2337 1924 2588 1977 esuriant
2614 1926 2668 1977 et
2694 1924 2891 1977 sitiunt
2912 1922 3212 1993 justitiam.
3234 1921 3499 1992 quoniam
3527 1921 3634 1991 ipsi
3650 1927 3868 1974 satura-

2224 2013 2430 2067 buntur
2472 2010 2680 2082 (Matth.
2712 2028 2766 2077 v,
2794 2012 2874 2081 6).

2294 2100 2441 2155 Huic
2472 2099 2646 2155 etiam
2678 2098 2870 2155 simile
2901 2096 3041 2169 quid
3073 2097 3427 2169 quotidianis
3456 2094 3868 2168 experimentis

2224 2188 2494 2261 colligere
2520 2189 2783 2259 potestis.
2808 2187 2947 2251 Quis
2977 2187 3133 2243 enim
3164 2186 3418 2258 agricola
3449 2184 3866 2258 agriculturam

2224 2281 2502 2346 exerceat,
2537 2276 2648 2333 nisi
2697 2276 3070 2347 aliquatenus
3099 2275 3535 2347 profectuosum
3584 2273 3697 2328 sibi
3748 2272 3867 2327 fore

2223 2370 2419 2438 speret
2468 2369 2527 2421 et
2570 2365 2812 2421 credat?
2853 2368 2953 2420 aut
2999 2365 3290 2435 quomodo
3336 2362 3570 2435 aliquod
3603 2361 3865 2417 studium

2224 2459 2418 2527 potest
2444 2454 2716 2519 exerceri,
2750 2452 2862 2509 nisi
2894 2453 3131 2525 coeperit
3160 2452 3393 2509 amari?
3445 2456 3547 2508 aut
3574 2451 3708 2522 quis
3739 2451 3869 2506 sine

2223 2542 2394 2600 (ιωάίο
2427 2544 2622 2614 ipsum
2650 2543 2869 2598 victum
2895 2541 3253 2613 corporalem
3281 2541 3509 2597 cunctis
3536 2539 3867 2596 viventibus

2224 2630 2618 2687 necessarium
2651 2631 2946 2702 percipere
2975 2630 3144 2699 valet,
3176 2631 3291 2685 nisi
3323 2628 3521 2702 aliqua
3558 2628 3750 2685 esurie
3804 2642 3868 2683 ac

2224 2720 2319 2777 siti
2352 2721 2423 2775 ad
2455 2719 2563 2774 hoc
2592 2719 2884 2774 incitetur.
2909 2720 3016 2775 Sed
3041 2735 3147 2774 nec
3170 2714 3296 2789 ipse
3322 2730 3565 2774 somnus
3598 2717 3705 2772 nisi
3730 2734 3869 2772 cum

2223 2809 2645 2866 delectamento
2676 2807 2873 2878 aliquo
2904 2808 3242 2880 percipitur.
3264 2809 3411 2865 Cum
3432 2823 3567 2880 ergo
3600 2807 3719 2862 haec
3751 2821 3875 2863 om-

2224 2898 2323 2953 nia
2342 2898 2426 2953 ita
2452 2896 2829 2969 corporaliter
2853 2912 2982 2953 esse
3013 2896 3232 2966 sciatis,
3258 2896 3433 2968 petite
3453 2897 3662 2951 intima
3682 2896 3876 2951 inten-

2224 2988 2381 3042 tione
2417 3000 2454 3041 a
2484 2985 2729 3041 Domino
2758 2989 2826 3040 ut
2853 2998 2920 3043 ea
2948 2983 3335 3057 spiritualit‘er
3364 2984 3577 3040 imitari
3607 2984 3877 3040 valeatis.

2224 3075 2418 3131 Primo
2446 3074 2687 3147 quidem
2717 3080 2779 3129 ut
2811 3074 2871 3130 in
2900 3086 3035 3131 eum
3067 3080 3221 3131 recte
3248 3074 3497 3131 credatis
3523 3091 3535 3140 ;
3567 3073 3785 3128 deinde
3818 3074 3882 3128 ut

2227 3180 2362 3221 eum
2394 3168 2515 3219 tota
2542 3163 2755 3219 virtute
2779 3168 2901 3219 tota
2930 3167 3124 3220 mente
3152 3163 3406 3236 diligatis
3433 3181 3447 3231 ;
3476 3166 3781 3234 postremo
3816 3160 3882 3217 ut

2146 3229 2191 3297 θ
2222 3254 2445 3327 jugiter
2469 3254 2720 3308 teneatis
2749 3253 3003 3309 esuriem
3032 3252 3091 3308 et
3118 3229 3290 3308 sitim
3310 3229 3499 3307 divini
3513 3250 3711 3318 Verbi,
3742 3252 3880 3306 sine

2226 3354 2342 3414 qua
2362 3356 2533 3397 nemo
2557 3340 2736 3396 ullam
2751 3341 3048 3413 justitiam
3068 3340 3261 3414 potest
3280 3346 3478 3396 amare
3503 3357 3516 3407 ;
3550 3339 3649 3410 qui
3672 3342 3877 3395 autem

2226 3447 2341 3487 non
2374 3434 2533 3485 amat
2555 3431 2852 3501 justitiam
2882 3429 3091 3486 animm
3122 3430 3284 3486 illius
3314 3429 3477 3485 salus
3504 3430 3875 3501 desperatur,

2227 3520 2381 3576 sicut
2412 3519 2587 3575 etiam
2618 3520 2877 3591 corporis
2917 3520 3046 3591 ejus
3093 3518 3256 3575 salus
3306 3519 3405 3591 qui
3455 3518 3569 3575 cibi
3614 3517 3879 3573 carnalis

2225 3608 2528 3665 fastidium
2559 3608 2797 3680 patitur.
2833 3609 2979 3664 Nam
3012 3609 3083 3664 de
3113 3612 3362 3679 utroque
3391 3606 3683 3679 spirituali
3713 3607 3878 3663 vide-

2227 3696 2362 3752 licet
2405 3700 2461 3751 et
2490 3694 2775 3768 corporali
2809 3696 2937 3752 cibo
2964 3696 3250 3752 Dominus
3281 3695 3421 3751 dicit
3453 3713 3466 3751 :
3516 3695 3634 3750 Non
3664 3697 3725 3749 in
3758 3696 3881 3751 seio

2221 3802 2369 3859 pane
2396 3787 2531 3841 vivit
2559 3785 2737 3853 homo,
2769 3786 2863 3841 sed
2890 3788 2953 3841 in
2981 3787 3137 3840 armi
3162 3785 3342 3856 verba,
3373 3784 3511 3857 quod
3538 3784 3785 3856 procedit
3816 3783 3883 3839 de

2228 3890 2319 3931 ore
2366 3876 2463 3931 Dei
2509 3875 2722 3943 (Matth.
2758 3891 2832 3943 ιν,
2867 3875 2942 3946 4).
2994 3873 3053 3930 Si
3085 3874 3264 3947 igitur
3290 3873 3588 3929 imitantes
3616 3873 3882 3928 esuriem

2228 3964 2506 4035 sitimque
2537 3962 2915 4034 corporalem,
2948 3962 3312 4034 spiritualem
3340 3970 3577 4033 quoque
3602 3960 3882 4018 obtinue-

2229 4052 2378 4122 ritis,
2412 4067 2715 4123 nunquam
2764 4068 2799 4105 a
2844 4051 2997 4107 bona
3043 4050 3340 4108 voluntate
3367 4050 3671 4116 vocabitis,
3703 4050 3879 4106 colli-

2229 4144 2430 4213 gentes
2480 4140 2666 4194 instar
2715 4139 2914 4211 apium
2964 4140 3223 4211 undique
3275 4137 3524 4211 alicujus
3552 4139 3794 4196 virtutis
3824 4143 3885 4196 et

2230 4229 2527 4304 sapientiai
2548 4228 2663 4285 mel
2689 4229 2841 4285 sicut
2866 4234 2923 4285 et
2948 4229 3021 4286 de
3050 4229 3337 4286 immenso
3368 4229 3510 4286 solis
3540 4228 3881 4301 splendore,

2229 4320 2300 4375 de
2349 4336 2463 4391 quo
2512 4318 2748 4375 interim
2781 4318 3149 4392 disputantes
3179 4318 3386 4375 divinae
3416 4317 3734 4393 praesentia
3770 4318 3887 4375 im-

2231 4408 2604 4467 mensitatem
2637 4407 3025 4481 colligendam
3054 4424 3184 4465 esse
3222 4407 3500 4465 diximus.
3532 4408 3679 4481 Ergo
3725 4424 3890 4482 quo-

2229 4496 2575 4569 tiescunque
2596 4497 2869 4552 eumdem
2899 4495 3039 4553 solis
3070 4496 3441 4569 splendorem
3472 4501 3593 4554 tam
3624 4496 3890 4554 immen-

483 4584 721 4653 auditis,
740 4588 799 4640 et
820 4586 892 4641 de
912 4585 1088 4642 rebus
1108 4601 1255 4658 quas
1278 4584 1473 4657 aliquo
1500 4586 1673 4642 modo
1693 4587 1925 4644 sentitis
1951 4586 2129 4647 mella
2154 4597 2202 4664 1)
2234 4600 2366 4643 sum
2398 4585 2791 4658 inspexeritis,
2824 4598 2959 4641 mox
2987 4585 3432 4643 reminiscentes
3471 4585 3676 4642 divinae
3723 4590 3894 4657 prin-

480 4674 765 4730 virtutum
799 4675 1067 4747 colligere
1097 4675 1339 4731 debetis.
1364 4676 1510 4731 Nam
1543 4675 1739 4746 ﬁdem,
1764 4691 1893 4747 quae
1922 4677 2125 4733 funda-

480 4768 745 4820 mentum
794 4770 882 4821 est
909 4766 1193 4820 virtutum
1227 4764 1513 4832 omnium,
1546 4764 1735 4837 primo
1767 4765 2038 4838 colligere
2067 4772 2125 4823 et

478 4869 694 4925 ponere
714 4853 940 4910 debetis
966 4854 1022 4908 in
1046 4854 1364 4911 alvearium
1391 4854 1582 4911 cordis
1603 4854 1801 4923 vestri,
1824 4854 2127 4913 credentes

480 4942 701 4997 scilicet
715 4947 896 4997 Deum
913 4942 1371 5013 omnipotentem
1394 4944 1611 5015 ubique
1629 4959 1756 5000 esse
1778 4948 2124 5016 praesentem

480 5034 539 5086 et
568 5030 855 5101 omnium,
888 5048 1015 5102 quae
1061 5047 1095 5084 a
1133 5032 1303 5086 nobis
1333 5036 1617 5103 geruntur
1643 5032 1732 5088 vel
1764 5034 1939 5089 etiam
1970 5034 2124 5107 cogi-

479 5124 702 5187 tantur,
731 5119 1140 5191 inspectorem.
1173 5119 1334 5175 Hanc
1366 5125 1562 5176 autem
1596 5122 1769 5177 fidem
1810 5121 1921 5178 hoc
1951 5123 2124 5180 modo

479 5208 752 5282 colligere
800 5208 1069 5265 debetis:
1123 5209 1402 5264 attendite
1448 5208 1629 5280 igitur
1676 5210 1733 5263 in
1785 5212 1989 5277 solem,
2023 5212 2125 5284 qui

481 5315 613 5353 cum
639 5297 974 5354 universum
994 5296 1281 5352 mundum
1304 5296 1610 5369 splendore
1627 5314 1734 5353 suo
1753 5298 2123 5357 circumdans

480 5385 754 5453 illustret,
779 5392 975 5443 tamen
996 5386 1137 5459 quia
1158 5392 1427 5445 creatura
1450 5390 1540 5443 est
1559 5390 1615 5443 et
1640 5387 1831 5443 omnis
1858 5393 2125 5446 creatura

484 5473 662 5530 nimis
693 5474 931 5531 inferior
978 5480 1065 5532 est
1106 5482 1382 5544 creatore,
1414 5476 1621 5534 exinde
1651 5476 1925 5534 instructi
1955 5477 2124 5534 facile

484 5563 728 5637 potestis
746 5566 977 5620 credere
1003 5565 1187 5622 solem
1211 5566 1381 5640 longe
1407 5566 1605 5623 minus
1623 5565 1929 5639 splendere
1944 5582 2120 5639 quam

483 5657 823 5713 creatorem.
847 5654 994 5712 Nam
1016 5655 1102 5713 sol
1131 5654 1417 5714 duntaxat
1440 5660 1673 5715 tantum
1703 5659 1896 5730 potest
1924 5656 2122 5730 splen-

2236 4676 2433 4732 sentiae
2485 4681 2543 4730 et
2596 4674 2847 4730 scientiis
2898 4677 3019 4730 toto
3077 4674 3293 4730 mentis
3348 4674 3555 4729 aﬂ‘ectu
3614 4675 3893 4731 invocata

2233 4764 2569 4830 Dominum,
2594 4768 2657 4819 ut
2677 4763 2912 4835 aliquod
2932 4763 3131 4820 lumen
3153 4758 3426 4819 cordibus
3452 4762 3662 4818 vestris
3683 4762 3896 4820 infun-

2234 4853 2369 4909 dere
2401 4852 2692 4925 dignetur.
2725 4852 2827 4908 His
2866 4852 3048 4925 igitur
3091 4851 3261 4908 dictis
3310 4852 3381 4907 de
3430 4848 3572 4918 sole,
3607 4851 3711 4924 qui
3744 4850 3895 4909 licet

2234 4957 2389 4998 unus
2411 4943 2517 4998 ﬂos
2544 4942 2828 5010 videatur,
2851 4942 3145 4999 variarum
3168 4945 3365 4997 tamen
3385 4940 3667 4997 virtutum
3701 4939 3895 4999 mella

2233 5030 2368 5086 inde
2402 5030 2728 5103 colligenda
2775 5047 2902 5087 esse
2949 5032 3067 5102 iam
3116 5030 3386 5087 audistis.
3419 5031 3628 5087 Audite
3672 5030 3891 5099 etiam,

2234 5119 2482 5191 qualiter
2527 5120 2762 5176 aliunde
2810 5122 3013 5177 eadem
3054 5120 3231 5177 mella
3260 5121 3542 5178 deﬂorare
3572 5120 3845 5177 debeatis
3876 5139 3891 5189 ;

2233 5224 2423 5279 neque
2451 5209 2604 5264 enim
2636 5225 2899 5281 unquam
2944 5210 3158 5266 desunt
3203 5210 3304 5267 illa
3353 5215 3537 5284 prata,
3570 5209 3655 5265 illi
3685 5209 3897 5277 ﬂores,

2232 5299 2388 5355 unde
2417 5298 2647 5371 possint
2676 5298 2868 5373 colligi
2898 5299 3242 5373 hujusmodi
3291 5301 3487 5370 mella,
3518 5300 3569 5356 si
3617 5302 3897 5357 tantum-

2233 5389 2407 5446 modo
2438 5388 2559 5445 sint
2587 5388 2688 5462 qui
2725 5390 3021 5464 colligant.
3364 5380 3375 5390 ’
