4108 6188
98 281 108 292 ’
205 322 326 384 257
1188 313 1336 380 LIB.
1385 321 1496 381 DE.
1530 321 1910 390 ADMONIT.
1955 325 2248 390 CLEaic.
2296 327 2396 389 ET
2437 321 2641 390 LAIC.

841 451 1077 508 CAPUT
1116 452 1236 509 VII.

207 546 329 614 Qua
358 544 571 616 ratione
598 542 733 598 laici
759 557 794 616 ᾳ
825 543 1039 597 clericis
1065 559 1134 598 ea:
1179 545 1427 600 universi
1470 545 1632 616 hujus
1663 551 1864 602 ornatu

435 614 504 669 ad
535 614 816 669 creatoris
849 630 1088 670 amorem
1124 617 1459 687 provocandi
1483 614 1628 672 sunt.

3499 336 3648 407 268:

1889 464 1946 532 Α
1974 464 2151 530 ptura
2166 459 2386 516 indicat
2405 464 2627 532 quanta
2641 477 2854 521 corona
2874 481 2978 537 per
2995 469 3331 528 tentationis
3352 491 3616 546 pugnam

1969 548 2268 619 proveniat
2296 547 2495 604 dicens
2514 567 2532 602 :
2563 551 2760 608 Beatus
2789 554 2874 608 vir
2902 558 2998 626 qui
3025 559 3218 630 su’ﬂert
3238 565 3612 631 tentationem,

1969 639 2227 708 quoniam
2252 654 2376 693 cum
2403 641 2661 709 probatus
2697 643 2876 710 fuerit
2923 649 3153 717 accipiet
3195 666 3457 710 coronam
3485 656 3638 712 vitaet

275 722 572 780 Attendite
601 737 738 793 ergo
767 738 922 776 nunc
951 721 1298 794 generaliter
1341 723 1402 778 in
1442 724 1621 780 totius
1653 726 1858 782 mundi

205 818 485 870 ornatum
541 811 836 883 quomodo
885 810 1084 866 omnia
1131 811 1378 868 invicem
1429 814 1776 870 conveniant
1805 819 1862 869 et

203 905 625 975 temperentur,
659 898 849 956 calida
879 899 1102 956 scilicet
1123 900 1376 972 frigidis,
1399 901 1611 974 frigida
1631 901 1857 969 calidis,

202 997 474 1064 tempora
497 989 712 1045 diurna
741 989 1066 1054 nocturnis,
1094 989 1294 1046 aestiva
1341 990 1716 1047 hiemalibus.
1753 997 1860 1048 De-

205 1082 342 1137 hinc
373 1078 715 1153 specialiter
735 1077 795 1133 in
818 1077 1055 1151 singula
1081 1095 1345 1151 quaeque,
1371 1079 1478 1136 hoc
1500 1084 1588 1136 est
1610 1081 1668 1135 in
1691 1098 1861 1138 orna-

203 1176 332 1226 tum
363 1169 491 1226 coeli
512 1173 570 1224 et
591 1173 775 1224 terra.
800 1167 938 1224 Caeli
959 1168 1198 1239 quidem
1222 1186 1325 1240 per
1346 1169 1549 1236 solem,
1578 1173 1634 1224 et
1657 1169 1860 1226 lunam

204 1265 260 1315 et
289 1259 536 1327 stellas;
567 1263 735 1314 terrae
765 1273 899 1313 vero
945 1273 1050 1328 per
1096 1257 1288 1314 varios
1319 1258 1490 1315 ﬂores
1522 1275 1783 1314 amoenos
1804 1262 1888 1314 et.

200 1348 434 1418 herbas,
459 1352 635 1420 atque
655 1346 893 1402 arbores
917 1349 974 1401 et
995 1345 1244 1414 fructus,
1269 1347 1425 1402 unde
1444 1363 1633 1419 genus
1654 1347 1857 1419 buma_

197 1455 342 1493 num
365 1437 646 1494 alimenta
666 1435 935 1508 suscipit,
955 1434 1460 1506 pulchritudinem
1479 1452 1714 1508 quoque
1730 1453 1859 1509 pre.

199 1528 485 1584 tiosorum
514 1526 798 1598 lapidum,
846 1524 1106 1596 picturas
1157 1525 1350 1582 varias
1401 1531 1524 1581 tam
1574 1527 1632 1580 in
1667 1526 1860 1598 palliis

202 1634 377 1689 quam
412 1617 469 1672 in
500 1616 725 1672 caeteris
755 1615 1027 1687 pretiosis
1059 1616 1271 1687 pannis
1303 1614 1728 1672 delectabiliter
1767 1615 1857 1670 in-

201 1711 389 1762 textas
416 1706 730 1777 variosque
753 1704 994 1773 colores,
1031 1704 1246 1775 quibus
1279 1705 1693 1772 conﬁciuntur,
1727 1703 1860 1759 dul-

1972 727 2106 797 (Jac.
2136 743 2174 795 1,
2208 727 2316 798 12).
2349 726 2405 781 Si
2437 727 2617 799 igitur
2649 728 2772 786 haec
2819 733 2956 797 duo,
3007 751 3135 805 quae
3174 738 3300 809 jam
3331 742 3610 812 diXimus,

1971 817 2043 869 de
2073 814 2507 886 pulchritudine
2528 817 2940 888 temporalium
2961 821 3398 900 visibiliumque
3419 848 3612 890 rerum

1969 902 2369 976 intelligenda,
2403 905 2656 976 qualiter
2685 906 2908 964 scilicet
2935 926 3038 980 per
3085 928 3212 969 eam
3246 918 3626 977 considerare.

1970 991 2292 1048 debeamus
2305 999 2654 1050 aeternorum
2675 995 2960 1052 bonorum
2979 1001 3323 1071 qualitatem
3343 1009 3642 1081 quodque.

1971 1096 2073 1152 per
2126 1082 2391 1137 eamdem
2448 1084 2713 1138 tentandi
2769 1085 2957 1143 simus
3013 1094 3235 1146 utrum.
3269 1097 3451 1150 Deum
3483 1096 3616 1168 plus

1971 1186 2146 1240 quam
2189 1170 2452 1241 speciosa
2481 1188 2729 1244 quaeque
2768 1176 3026 1233 carnalia
3073 1179 3410 1252 diligamus,
3443 1185 3492 1239 si
3525 1187 3613 1242 in-

1971 1274 2170 1330 quam,
2195 1259 2316 1315 hac
2337 1263 2584 1333 utraque
2605 1261 2808 1318 sedulo
2833 1265 3088 1322 recolitis
3110 1273 3166 1323 et
3186 1272 3471 1344 tractatis,
3497 1291 3618 1332 ma-

1971 1362 2145 1419 gnam
2168 1347 2462 1404 variarum
2491 1349 2772 1406 virtutum
2812 1352 3182 1412 dulcedinem
3219 1359 3378 1414 omni
3409 1377 3614 1434 corpo-

1971 1435 2075 1491 rali
2109 1435 2281 1492 melle
2311 1437 2638 1496 suaviorem
2668 1438 2940 1512 colligere
2967 1444 3255 1513 poteritis.

2589 1544 2813 1602 CAPUT
2850 1546 2992 1603 VIII.

1968 1631 2202 1686 Docendi
2229 1649 2265 1714 ii
2285 1632 2498 1714 clericis
2528 1633 2677 1714 laici,
2718 1637 2871 1714 unde
2917 1639 3068 1708 origo
3114 1640 3534 1714 adversitatum,
3561 1657 3630 1704 et.

2039 1702 2298 1781 quomodo
2356 1705 2493 1781 [leas
2549 1705 2646 1759 has
2701 1708 2945 1765 accidere
2992 1702 3280 1781 permittat
3327 1718 3389 1771 in
3431 1702 3608 1776 mhi;

203 1808 322 1852 cem
383 1793 736 1851 cantilenam
797 1793 1151 1850 chordarum
1227 1799 1402 1866 atque
1471 1810 1850 1866 organorum,

2035 1776 2126 1829 nis
2153 1774 2512 1842 commodum,
2543 1782 2651 1832 etc.

2044 1881 2062 1901 Δ
2086 1880 2111 1901 .‘I
2149 1879 2265 1901 ιι--
2305 1880 2466 1901 ,ΔΞ-..-
2511 1882 2638 1901 _-!_,

205 1885 454 1942 nitorem
486 1884 612 1939 auri
643 1887 701 1939 et
729 1882 978 1955 argenti,
1004 1883 1311 1955 caeterique
1333 1883 1575 1951 metalli,
1595 1900 1870 1940 amoenos

205 1974 485 2030 decursus
511 1986 824 2043 aquarum,
864 1969 966 2042 qui
988 1970 1301 2028 necessarii
1343 1973 1483 2025 sunt
1500 1974 1619 2024 tam
1643 1970 1715 2025 ad
1749 1987 1850 2026 na-

204 2078 301 2117 ves
323 2061 665 2117 deferendas
687 2075 866 2131 quam
888 2060 960 2116 ad
983 2059 1169 2115 molas
1187 2059 1619 2131 praeparandas,
1639 2059 1850 2116 miram

205 2155 538 2206 aromatum
581 2147 984 2221 fragrantiam,
1038 2152 1334 2221 postremo
1387 2148 1562 2204 etiam
1610 2149 1852 2203 decoros

205 2239 515 2296 hominum
547 2238 938 2309 quorumdam
970 2235 1188 2293 vultus.
1222 2236 1486 2308 Cumque
1508 2237 1629 2292 haec
1653 2237 1880 2298 omnia,

205 2329 352 2385 miro
384 2328 644 2399 quodam
685 2333 742 2382 et
770 2325 1052 2382 ineffabili
1084 2330 1295 2382 ornatu
1345 2325 1669 2398 composita
1696 2329 1850 2380 exte-

205 2420 323 2474 rius
337 2416 774 2490 perspexeritis,
789 2414 1073 2472 attendite
1087 2414 1263 2472 etiam
1278 2418 1566 2487 quantum
1580 2419 1852 2471 ornatum

206 2506 474 2572 interius,
511 2505 567 2560 id
617 2508 706 2560 est
751 2504 1135 2576 spiritualiter
1181 2509 1485 2576 perspecta
1515 2504 1880 2566 habeantet

209 2597 342 2668 quid
363 2611 472 2652 nos
490 2610 595 2666 per
609 2593 1096 2665 significationem
1118 2593 1491 2648 admoneant.
1511 2592 1856 2665 Significant

211 2684 360 2739 enim
394 2683 694 2755 precipua
721 2682 1010 2754 quaedam,
1039 2682 1193 2736 unde
1219 2698 1321 2737 vos
1367 2697 1590 2753 magnae
1618 2681 1854 2736 virtutis

209 2777 262 2827 et
288 2771 594 2844 sapientia:
625 2769 803 2826 mella
827 2769 1097 2843 colligere
1124 2769 1350 2826 valetis.
1379 2771 1640 2842 Denique
1660 2771 1857 2826 omnis

211 2866 452 2916 ornatus
482 2866 540 2915 et
570 2859 944 2932 pulchritudo
975 2863 1272 2925 creatura),
1324 2877 1450 2930 quae
1495 2859 1553 2914 in
1585 2859 1855 2931 presenti

210 2950 326 3005 vita
345 2950 519 3005 nobis
556 2946 899 3015 famulatur,
929 2947 1038 3002 hoc
1065 2964 1171 3003 nos
1201 2948 1459 3018 instruit,
1493 2949 1586 3004 hic
1617 2966 1723 3004 nos
1754 2949 1854 3004 ad-

212 3042 406 3094 monet
433 3043 501 3093 ut
531 3037 931 3106 attendamus,
964 3037 1102 3109 quia
1122 3037 1171 3092 si
1196 3037 1543 3109 temporalia
1562 3039 1713 3094 bona
1734 3043 1856 3092 tam

210 3127 577 3183 delectabilis.
601 3127 733 3186 visu
763 3125 852 3181 vel
881 3127 1084 3182 auditu
1111 3127 1465 3190 consistunt,
1500 3126 1686 3182 multo
1708 3127 1855 3183 dele-

2030 1880 2114 1935 Ad
2148 1879 2270 1935 haec
2297 1880 2474 1936 etiam
2507 1882 2812 1940 sciendum
2856 1890 2914 1941 et
2963 1904 3066 1959 pro
3116 1891 3407 1962 spirituali
3441 1897 3610 1954 melle

1960 1968 2019 2023 in
2049 1969 2293 2026 vascula
2327 1970 2590 2026 cordium
2631 1978 2956 2031 vestrorum
3008 1981 3439 2038 recondendum
3473 1986 3620 2057 quia-

1961 2073 2326 2130 quiecunque
2355 2059 2414 2113 in
2445 2063 2726 2118 creaturis
2758 2064 3081 2122 adversitas
3111 2068 3196 2123 vel
3250 2070 3308 2126 in
3343 2072 3470 2144 ipsa
3498 2074 3608 2130 huc

1962 2163 2136 2204 mana
2167 2154 2377 2205 natura
2423 2150 2672 2205 habetur
2714 2152 2926 2223 vilitas,
2957 2171 3027 2209 ex
3055 2155 3360 2214 hominum
3393 2162 3610 2233 primo-

1960 2253 2090 2290 rum
2139 2237 2607 2308 praevaricatione
2655 2241 2886 2296 accidit.
2943 2243 3252 2316 Postquam
3304 2248 3461 2304 enim
3521 2251 3606 2306 illi

1961 2331 2313 2396 praeceptum
2346 2327 2611 2383 divinum
2643 2335 3140 2402 contempserunt,
3176 2350 3310 2391 mox
3339 2341 3396 2392 et
3424 2338 3481 2393 in
3516 2356 3607 2396 se-

1961 2414 2229 2486 metipsis
2257 2421 2313 2470 et
2340 2415 2398 2469 in
2429 2418 2588 2472 omni
2619 2423 2888 2474 creatura
2923 2420 3160 2477 sibimet
3189 2426 3480 2482 contraria
3504 2428 3607 2484 ha-~

1962 2504 2096 2559 bere
2128 2511 2499 2571 meruerunt;
2536 2506 2593 2560 in
2633 2507 2965 2579 semetipsis
3019 2511 3278 2581 quidem,
3339 2515 3477 2585 quia
3505 2515 3625 2573 illa:

1961 2592 2377 2649 honestissima
2405 2594 2586 2649 beatae
2616 2594 3076 2654 immortalitatis
3105 2599 3310 2671 gloria,
3341 2603 3400 2657 in
3420 2620 3536 2675 qua
3549 2612 3614 2660 et.

1961 2681 2072 2753 ipsi
2104 2682 2320 2737 conditi
2355 2688 2494 2738 sunt
2525 2687 2582 2738 et
2601 2701 2780 2755 quam
2807 2701 3012 2742 omnes
3051 2687 3218 2744 electi
3259 2692 3609 2765 quandoque

1964 2773 2247 2843 recepturi
2270 2776 2430 2838 sunt,
2455 2772 2631 2840 exuti,
2659 2773 2970 2831 inhonesta
2988 2778 3252 2848 quadam
3270 2782 3630 2838 verecundae

1964 2860 2156 2916 carnis
2174 2860 2390 2916 indicia
2411 2862 2467 2915 in
2491 2878 2554 2917 se
2575 2869 2906 2932 senserunt,
2937 2866 3092 2921 unde
3114 2871 3172 2923 et
3191 2869 3380 2925 nudos
3398 2887 3462 2926 se
3481 2887 3610 2927 esse
3638 2899 3640 2908 ι

1965 2950 2323 3004 erubuerunt
2344 2949 2494 3020 (Gen.
2530 2951 2637 3022 ιιι),
2669 2950 2729 3007 in
2762 2953 3044 3009 creaturis
3089 2971 3222 3012 vero
3252 2961 3337 3012 tot
3364 2959 3608 3016 adversa
3635 2997 3638 3000 η

1965 3042 2107 3108 quot
2136 3038 2273 3109 ipsa;
2305 3043 2444 3094 sunt
2483 3044 2782 3098 creaturae.
2834 3042 3008 3098 Nulla
3054 3044 3270 3117 quippe
3317 3047 3610 3104 invenitur

1965 3131 2232 3182 creatura
2259 3144 2388 3198 quas
2419 3130 2680 3200 peccanti
2713 3130 2933 3186 homini
2964 3148 3086 3204 per
3131 3133 3329 3206 aliqua
3358 3143 3610 3208 nequeat

210 3216 511 3273 ctabiliora
537 3221 600 3272 et
624 3215 958 3288 pulchriora
986 3220 1044 3271 et
1085 3221 1300 3271 aeterna
1347 3232 1476 3272 esse
1508 3216 1849 3288 probantur.
1883 3205 1927 3272 C
1965 3215 2248 3272 obsistere
2277 3216 2540 3272 adversa.
2583 3219 2692 3273 Sed
2743 3219 2864 3273 haec
2913 3221 3111 3276 omnia
3158 3205 3311 3280 Deus
3341 3205 3607 3297 omnipo-

207 3307 308 3363 Est
337 3312 396 3362 et
423 3305 592 3362 aliud
622 3306 777 3377 quod
831 3305 890 3360 in
939 3306 1350 3377 temporalium
1406 3306 1690 3360 bonorum
1720 3305 1854 3377 pul-

207 3395 544 3451 chritudine
563 3396 846 3450 debemus
859 3395 1184 3462 advertere;
1202 3395 1478 3465 quoniam
1493 3395 1648 3450 enim
1663 3394 1856 3450 omnis

206 3484 380 3541 homo
405 3483 748 3555 probandus
769 3486 858 3540 est
876 3482 934 3538 in
959 3483 1065 3539 hac
1087 3484 1205 3539 vita
1231 3488 1428 3538 utrum
1459 3483 1644 3552 Deum
1667 3484 1856 3556 magis

209 3574 421 3646 diligat
440 3587 624 3643 quam
645 3578 962 3629 creaturam
987 3573 1277 3643 decoram,
1305 3571 1393 3629 vel
1419 3577 1635 3629 aeterna
1663 3572 1856 3643 potius

208 3679 379 3734 quam
418 3660 764 3732 temporalia
793 3663 969 3731 bona,
999 3661 1314 3734 opponitur
1333 3666 1390 3718 et
1410 3661 1633 3734 jugiter
1659 3661 1858 3734 aliqua

209 3752 429 3824 species
462 3751 679 3806 decora
725 3755 781 3807 et
829 3749 1191 3806 delectabilis
1247 3751 1335 3806 vel
1402 3751 1737 3817 mulierum,
1769 3751 1856 3806 vel

211 3841 479 3911 vestium,
514 3839 604 3895 vel
635 3840 1027 3909 metallorum,
1057 3858 1159 3897 seu
1193 3839 1439 3896 aliarum
1474 3858 1688 3907 rerum,
1713 3841 1855 3896 utin

211 3929 292 3986 eis
311 3935 573 3985 tentatus
595 3929 1056 4001 experimentum
1093 3930 1182 3985 sui
1205 3930 1399 4002 capiat
1432 3930 1684 4002 qualiter
1701 3930 1857 3986 scili-

214 4023 297 4075 cet
342 4021 526 4075 Deum
577 4018 784 4074 timeat
831 4025 887 4074 et
927 4018 1152 4090 diligat.
1187 4019 1367 4076 Nemo
1417 4020 1633 4092 quippe
1665 4024 1858 4075 certus

214 4125 333 4164 esse
360 4107 521 4164 valet
553 4107 749 4180 qualis
781 4109 877 4176 sit,
913 4108 1026 4163 nisi
1059 4108 1117 4164 in
1166 4108 1508 4179 hujusmodi
1539 4109 1858 4165 tentatione

214 4200 489 4269 probatus
513 4197 707 4253 fuerit.
731 4199 909 4269 Cujus
933 4197 1212 4253 nimirum
1234 4197 1314 4253 rei
1333 4197 1664 4270 exemplum
1685 4199 1858 4254 notis-

214 4286 426 4342 simum
477 4286 537 4342 in
601 4303 955 4358 unoquoque
1012 4286 1196 4342 milite
1247 4287 1492 4358 potestis
1523 4303 1856 4360 agnoscere.

209 4373 413 4432 Militis
443 4392 703 4447 namque
731 4375 1047 4447 cujuslibet
1077 4376 1285 4448 peritia
1332 4381 1388 4431 et
1436 4376 1714 4432 fortitudo
1743 4395 1856 4433 non

211 4466 551 4536 agnoscitur
577 4465 694 4520 nisi
723 4465 785 4520 in
824 4464 994 4521 bello.
1030 4465 1112 4520 Ibi
1161 4464 1318 4520 enim
1367 4464 1416 4520 si
1467 4467 1664 4522 omnia
1693 4471 1861 4522 caute
1896 4515 1899 4519 .

1966 3311 2096 3361 tens
2152 3304 2208 3358 in
2269 3303 2526 3376 aliquam
2577 3305 2890 3362 utilitatem
2926 3311 3244 3376 convertit;
3305 3318 3406 3366 aut
3450 3313 3614 3368 enim.

1966 3393 2213 3466 castigat
2239 3409 2341 3464 per
2373 3393 2490 3448 haec
2519 3393 2810 3462 homines,
2866 3399 2930 3448 ut
2986 3412 3020 3449 a
3071 3397 3449 3466 pravitatibus
3479 3402 3608 3456 suis
3639 3441 3641 3444 ‹

1966 3486 2396 3549 convertantur,
2431 3480 2581 3537 sicut
2613 3497 2764 3553 saepe
2815 3481 3008 3554 agitur
3065 3500 3166 3554 per
3216 3486 3365 3541 aeris
3394 3486 3607 3543 intem-

1965 3572 2210 3644 periem,
2243 3588 2366 3642 per:
2393 3570 2787 3643 pestilentiam
2845 3577 2903 3626 et
2959 3573 3196 3641 famem,
3228 3589 3333 3629 nec
3363 3591 3475 3630 non
3507 3593 3612 3648 per

1966 3661 2080 3718 alia
2111 3660 2374 3733 ﬂagella;
2408 3663 2509 3714 aut
2539 3660 2596 3714 in
2629 3660 2722 3715 his
2753 3662 3119 3717 occasionem
3165 3663 3266 3718 dat
3291 3664 3611 3737 unicuique
3647 3701 3649 3703 ι

1966 3755 2032 3805 ut
2060 3750 2272 3806 habeat
2300 3750 2456 3804 unde
2481 3747 2736 3821 qualitas
2767 3749 2894 3818 ejus
2945 3750 3243 3821 probatur,
3277 3751 3430 3807 sicut
3453 3768 3610 3825 saepe

1969 3839 2254 3911 contingit
2280 3855 2382 3908 per
2411 3837 2538 3903 hos,
2572 3835 2672 3908 qui
2703 3836 2923 3892 divitiis
2954 3841 3012 3893 et
3063 3840 3322 3909 potentia
3353 3841 3611 3897 abutun~

1967 3933 2084 3994 tur,
2112 3944 2214 3984 seu
2264 3927 2324 3981 in
2373 3927 2764 3998 quarumdam
2815 3926 3136 3982 bestiarum
3187 3927 3482 3985 ferocitate
3513 3931 3611 3985 de-

1969 4020 2257 4074 monstrat
2284 4014 2499 4071 diaboli
2555 4013 2861 4082 malitiam,
2922 4020 2986 4070 ut
3041 4015 3102 4070 in
3158 4015 3321 4074 leone
3352 4023 3410 4074 et
3453 4019 3612 4091 lupo.

1965 4106 2168 4162 Nonne
2200 4106 2258 4160 in
2291 4105 2516 4160 cunctis
2547 4105 2998 4160 adversitatibus
3023 4106 3151 4176 jam
3182 4123 3616 4164 commemora-

1966 4195 2044 4252 tis
2077 4196 2298 4250 utilitas
2329 4209 2544 4266 magna
2574 4193 2868 4249 habetur?
2895 4193 3172 4266 Nunquid
3204 4195 3346 4252 utile
3368 4213 3480 4253 non
3506 4196 3618 4253 erit

1970 4285 2122 4356 quod
2173 4283 2420 4339 latentes
2461 4282 2728 4338 Ecclesiae
2776 4282 2974 4339 hostes
3017 4284 3146 4340 ideo
3188 4290 3424 4358 accepta
3454 4292 3618 4358 pote-

1971 4378 2119 4429 state
2159 4371 2579 4444 permittuntur
2625 4370 2914 4427 dominari
2969 4377 3032 4427 ut
3087 4378 3145 4428 et
3203 4373 3312 4430 hoc
3342 4379 3646 4447 appareat-~

1970 4461 2173 4533 quales
2208 4460 2318 4531 ipsi
2377 4459 2496 4515 sint
2539 4464 2594 4514 et
2646 4458 2791 4514 alios
2846 4461 3250 4530 persecutione
3301 4478 3426 4530 sua,
3461 4461 3652 4517 velut'.

211 4553 414 4624 egerit,
439 4571 501 4609 se
519 4557 715 4626 ipsum
743 4554 1036 4624 muniens,
1069 4554 1434 4612 adversarios
1455 4571 1586 4611 vero
1608 4557 1856 4625 caedens,
1892 4572 1937 4637 ι)
1971 4565 2180 4606 aurum
2231 4549 2290 4602 in
2349 4548 2602 4614 fornace,
2665 4547 2940 4619 probatos
2995 4548 3298 4605 efﬁciant?
3339 4549 3646 4620 Nunquid)

214 4644 351 4698 tunc
369 4643 611 4700 demum
635 4643 844 4700 merito
866 4641 1141 4699 laudatur
1157 4644 1438 4715 fortisque
1465 4643 1633 4699 miles
1655 4644 1858 4716 przedi-

212 4735 396 4788 catur.
428 4732 660 4789 Bellum
687 4749 921 4805 quoque
966 4749 1080 4790 non
1131 4734 1452 4805 incongrue
1497 4738 1736 4789 vocatur
1765 4733 1862 4790 ille

214 4820 517 4876 conﬂictus
547 4837 722 4892 quem
747 4819 970 4892 jugiter
999 4836 1169 4892 agere
1199 4821 1484 4875 debemus
1511 4824 1713 4876 contra
1743 4820 1862 4875 dia~

211 4907 411 4964 bolum
442 4909 656 4965 salutis
688 4914 898 4965 nostrae
930 4908 1214 4966 invidum.
1251 4909 1381 4980 Ipse
1411 4909 1568 4965 enim
1602 4926 1716 4964 non
1749 4925 1863 4965 ces-

213 5002 299 5052 sat
329 5013 436 5054 nos
464 4999 540 5054 ad
573 5000 684 5054 hoc
713 4998 930 5056 illicere
959 4999 1238 5055 tentando
1262 5003 1325 5052 ut
1346 4997 1690 5070 temporalia
1709 4999 1862 5054 bona
1890 5055 1892 5057 ,

212 5089 401 5159 magis
429 5104 610 5160 quam
640 5093 859 5147 aeterna
888 5087 1225 5161 diligamus,
1249 5092 1306 5143 et
1326 5093 1390 5143 ut
1411 5104 1573 5159 spem
1598 5092 1859 5143 nostram

211 5175 265 5230 in
303 5177 544 5234 caducis
590 5176 962 5233 solummodo
1013 5179 1186 5233 rebus
1246 5193 1556 5249 ponamus.
1615 5177 1721 5233 Sed
1754 5192 1902 5232 nos.

209 5281 498 5326 memores
527 5272 762 5323 aeternis
793 5267 945 5337 vitae,
987 5267 1056 5322 ad
1089 5283 1266 5338 quam
1301 5266 1540 5333 conditi,
1574 5265 1860 5337 redempti

203 5356 518 5412 etinvitati
563 5373 798 5423 sumus,
851 5357 1134 5412 debemus
1181 5355 1450 5412 resistere
1498 5353 1785 5410 illecebris
1805 5359 1895 5409 et-

197 5445 718 5516 concnpiscentiis,
754 5462 912 5517 quas
934 5445 992 5500 in
1025 5445 1203 5501 corda
1233 5449 1432 5500 nostra
1456 5443 1869 5511 mittit,~atten-

193 5533 408 5591 dentes
461 5536 620 5608 quod
678 5535 966 5608 scriptum
1031 5539 1157 5591 est:
1212 5537 1343 5592 Post
1398 5533 1863 5604 concupiscentiae

183 5631 318 5686 tua:
347 5641 468 5686 non
493 5641 588 5684 eas
617 5625 806 5702 (Eecli.
833 5641 996 5701 xxxii,
1027 5624 1144 5705 30).
1179 5623 1250 5682 Et
1297 5623 1530 5684 iterum
1555 5620 1671 5681 alia
1701 5620 1867 5682 Scri-.

1971 4637 2111 4693 utile
2142 4653 2255 4692 non
2283 4637 2393 4691 erit
2408 4637 2563 4707 quod
2583 4635 2770 4691 hostis
2790 4634 3104 4691 invisibilis
3128 4635 3396 4691 ferocitas
3416 4641 3472 4691 et
3492 4653 3621 4692 ma-

1969 4726 2095 4782 litia
2152 4742 2254 4797 per
2305 4723 2531 4795 aliquas
2589 4724 2808 4780 bestias
2868 4724 3086 4780 feroces
3144 4725 3621 4780 demonstratur?

1972 4817 2122 4873 sicut
2151 4815 2308 4871 enim
2340 4813 2429 4869 leo
2461 4819 2516 4870 et
2547 4812 2720 4884 lupus
2770 4811 3078 4867 visibiliter
3106 4813 3463 4871 insidiantur
3489 4814 3619 4869 ani-

1971 4905 2216 4968 malium
2247 4903 2544 4976 gregibus,
2574 4902 2656 4956 ita
2683 4905 2740 4956 et
2780 4901 3031 4958 diabolus
3057 4917 3312 4973 quaerens
3337 4919 3497 4974 quem
3525 4902 3619 4959 dera

1973 4998 2117 5051 voret
2147 4996 2197 5065 (Ι
2224 4994 2373 5048 Pelr.
2406 5009 2460 5062 v,
2494 4990 2549 5062 8)
2597 4995 2656 5046 et
2688 4991 2783 5045 ad
2842 4990 3227 5062 perditionem
3284 4992 3498 5058 trahat,
3528 4992 3666 5048 ιιι-η

1970 5083 2278 5139 visibiliter
2306 5080 2618 5136 insidiatur
2641 5080 2872 5135 cunctis
2903 5079 3196 5136 fidelibus.
3234 5081 3302 5136 Et
3329 5081 3622 5152 quomodo
3645 5111 3668 5124 -.

1968 5190 2093 5244 vos,
2123 5170 2222 5244 qui
2251 5169 2433 5226 libros
2463 5167 2725 5236 nescitis,
2755 5167 2926 5225 aliter
2957 5169 3246 5225 malitiam
3280 5168 3498 5225 diaboli
3530 5168 3628 5224 ἱιιφν

1967 5260 2217 5318 visibilis
2242 5275 2558 5331 agnoscere
2590 5258 2860 5330 possetis,
2894 5258 3097 5314 nisi-in
3129 5258 3326 5330 aliqua
3355 5262 3662 5315 creaturam

1967 5349 2203 5407 visibilii
2235 5349 2517 5419 vobisque
2549 5347 2788 5420 cognita
2813 5346 3166 5404 doceremini
3187 5347 3215 5401 ?

2039 5439 2201 5497 Talia
2226 5455 2362 5510 ergo
2396 5438 2466 5494 de
2497 5436 2918 5492 elementorum
2970 5441 3314 5492 cunctorum
3363 5435 3625 5494 adversi-
3661 5479 3664 5482 .

1969 5535 2089 5586 tate
2119 5529 2441 5596 credentes,
2469 5529 2670 5582 sentite
2695 5525 2760 5581 de
2788 5525 3035 5596 Domino,
3084 5529 3149 5584 ut
3190 5524 3484 5597 scriptum
3510 5531 3630 5593 est-,1
3657 5575 3666 5584 λ

1968 5622 2033 5680 in
2065 5619 2306 5680 bonitate
2334 5618 2485 5694 (Sept
2519 5633 2559 5690 1,
2592 5616 2665 5692 1),
2699 5613 2808 5690 qui,
2828 5618 2970 5678 tam.
2990 5613 3239 5676 adversa
3269 5631 3646 5693 quamapro...
